2461 4137
343 238 90 42 434

1052 242 58 28 LE
1153 240 243 31 MERCURE
1432 241 220 30 MUSICAL

349 445 50 52 la
433 446 211 70 syllabe
677 445 234 69 tonique
936 445 68 51 de
1038 444 216 70 chaque
1278 458 140 39 mot.
1447 445 76 51 Le
1547 444 224 70 rythme
1802 445 266 70 poétique
2088 464 255 43 conserve

351 521 142 52 ainsi
544 521 242 70 quelque
828 520 168 51 chose
1045 521 68 50 de
1160 519 302 53 lui-même
1501 538 134 35 sous
1679 539 60 33 sa
1767 538 207 52 parure
2008 523 333 72 mélodique.

351 600 161 53 Nous
559 603 188 45 ferons
783 614 329 53 remarquer
1133 599 169 68 qu'au
1326 598 163 69 point
1514 599 66 51 de
1613 617 111 34 vue
1748 600 213 62 modal,
1992 599 49 52 la
2067 600 160 53 finale
2260 623 85 36 sur

353 675 85 52 sol
471 692 69 34 ne
592 678 119 47 crée
764 690 76 35 un
885 673 271 71 septième
1207 676 167 51 mode
1434 676 172 69 qu'en
1668 692 336 53 apparence.

351 768 240 52 presque
620 764 333 56 permanent

353 1094 82 38 est
457 1098 69 34 en
549 1082 192 52 réalité
769 1099 77 35 un
869 1082 245 71 premier
1145 1082 167 52 mode
1340 1082 426 69 ecclésiastique
1807 1100 135 36 avec
1965 1084 49 52 si
2045 1083 202 56 bémol.

424 1527 164 52 Voilà
607 1528 145 52 donc
777 1542 287 38 comment
1092 1547 67 35 au
1195 1543 183 56 temps
1398 1532 67 51 de
1515 1529 151 54 saint
1693 1531 176 52 Louis
1897 1547 73 35 on
1989 1531 359 54 chansonnait

355 1604 78 50 les
488 1608 360 48 événements
900 1607 488 68 contemporains.
1449 1606 151 54 C'est
1653 1609 66 51 de
1775 1608 51 51 la
1881 1608 252 52 chanson
2173 1626 171 52 grave,

354 1682 211 51 morale
602 1695 51 38 et
687 1682 216 68 pieuse,
941 1683 325 51 émanation
1309 1683 216 53 sincère
1549 1684 165 54 d'une
1750 1688 220 66 époque
1996 1686 73 50 où
2103 1703 88 33 ces
2224 1705 94 50 qua-

354 1757 123 52 lités
533 1757 209 53 étaient
782 1758 257 70 requises
1079 1761 192 66 quand
1304 1777 74 34 on
1426 1762 201 68 parlait
1684 1763 96 50 des
1826 1762 196 51 choses
2065 1763 65 51 de
2151 1763 48 51 la
2231 1763 93 52 reli-

357 1833 151 70 gion.

424 1912 163 51 Nous
627 1928 174 35 avons
846 1912 82 52 dit
965 1929 108 51 que
1121 1909 221 73 jusqu'à
1375 1913 51 51 la
1462 1914 345 52 Révolution
1845 1914 47 52 le
1932 1914 147 52 saint
2111 1916 124 52 clou
2268 1916 75 52 fut

354 1990 267 47 conservé
663 1988 139 51 dans
851 1988 48 51 le
955 1989 212 50 Trésor
1222 1990 66 50 de
1321 1989 251 71 l'abbaye
1605 1992 193 68 royale
1853 1992 66 52 de
1956 1990 386 72 Saint-Denys.

355 2062 94 53 On
500 2062 106 52 sait
654 2081 108 52 que
818 2065 48 51 le
908 2065 349 52 vandalisme
1304 2067 66 52 de
1425 2068 134 68 1793
1627 2070 306 68 n'épargna
1995 2086 108 52 que
2150 2087 104 51 peu
2282 2069 65 52 du

355 2144 163 65 passé
550 2154 10 37 :
597 2139 378 72 Saint-Denys
998 2142 84 52 fut
1105 2144 245 51 dévasté.
1375 2145 254 69 Apporté
1670 2149 29 48 à
1724 2144 164 53 Paris
1910 2163 131 34 avec
2064 2147 76 50 les
2174 2159 172 38 autres

357 2217 246 68 reliques
628 2219 73 51 du
730 2219 232 66 Trésor,
999 2220 49 51 le
1070 2220 126 52 clou
1222 2222 135 50 delà
1388 2222 241 52 Passion
1652 2223 86 52 fut
1764 2225 259 66 présenté
2057 2227 29 48 à
2119 2223 50 52 la

364 2293 225 52 mission
872 2297 339 67 temporaire
1613 2295 91 52 des
1859 2298 156 51 Arts.
1294 2298 95 53 Un
1417 2298 257 53 membre
1703 2300 67 51 de
1805 2312 142 39 cette
1970 2299 376 65 commission,

358 2370 47 51 le
441 2385 219 55 citoyen
688 2371 274 66 Lelièvre,
992 2373 99 68 qui
1125 2373 132 52 était
1291 2392 99 52 par
1418 2375 226 54 ailleurs
1670 2377 322 69 inspecteur
2025 2377 219 69 général
2263 2378 85 51 des

358 2445 206 66 mines,
611 2448 282 52 demanda
931 2467 108 50 que
1081 2449 47 51 le
1157 2450 123 52 clou
1308 2451 79 53 lui
1413 2451 84 53 fût
1530 2451 175 54 remis
1732 2471 149 52 pour
1907 2453 47 52 le
1989 2465 301 41 soumettre
2320 2457 26 47 à

355 2540 80 36 un
471 2540 232 35 examen
757 2525 372 70 scientifique.
1177 2528 43 50 Il
1262 2528 47 50 le
1360 2545 295 51 conserva,
1699 2544 53 38 et
1787 2549 70 33 en
1898 2533 140 65 1824
2070 2531 47 51 le
2136 2530 159 54 remit
2324 2533 24 48 à

364 2600 60 51 M
427 2608 39 28 gr
498 2601 66 50 de
598 2600 243 67 Quélen,
875 2601 119 70 qui,
1023 2604 49 49 le
1115 2605 60 51 18
1210 2605 230 52 octobre
1468 2608 66 49 de
1564 2606 49 52 la
1637 2610 185 48 même
1859 2611 196 63 année,
2078 2625 67 35 en
2170 2623 150 37 recon-

358 2690 103 38 nut
493 2678 473 53 solennellement
998 2680 433 55 l'authenticité.

429 2754 215 68 Depuis
692 2754 113 52 lors
858 2756 47 50 le
951 2770 147 38 saint
1133 2758 125 53 clou
1307 2759 99 52 fait
1455 2761 178 68 partie
1686 2763 97 50 des
1821 2763 238 69 grandes
2095 2761 253 70 Reliques

359 2830 66 51 de
463 2830 50 49 la
548 2830 242 52 Passion
818 2849 106 51 que
961 2832 112 51 Ton
1115 2850 270 37 conserve
1410 2840 27 48 à
1465 2838 393 52 Notre-Dame
1882 2840 66 51 de
1977 2839 174 52 Paris,
2179 2836 89 55 On
2290 2853 60 34 en

359 2924 27 33 a
449 2905 99 52 lait
607 2921 239 38 souvent
914 2909 295 56 l'histoire,
1270 2911 142 52 mais
1465 2914 135 52 c'est
1662 2914 69 52 ici
1787 2916 51 51 la
1906 2914 277 71 première
2234 2912 115 60 fois,

357 2999 442 53 croyons-nous,
834 2986 135 70 qu'il
1009 3004 68 35 en
1106 3001 83 38 est
1223 2990 265 69 question
1538 2992 140 53 dans
1713 3010 109 35 une
1871 2994 165 52 étude
2075 2994 33 49 d
2133 2989 217 56 histoire

359 3059 289 52 musicale.

1745 3197 203 51 Pierre
1982 3197 202 51 Aubry.
