2461 4137
485 651 175 81 LES
726 651 292 81 SONS
1084 633 658 102 INFÉRIEURS

371 839 86 46 ET
492 839 87 46 LA
614 826 308 59 THÉORIE
955 837 89 48 DE
1077 837 73 45 M.
1191 837 190 48 HUGO
1422 837 312 50 RIEMANN

1774 837 71 61 (0
1871 874 9 9 •

199 1274 47 50 A
278 1272 48 51 la
352 1269 194 66 vérité,
576 1269 33 52 il
637 1282 83 39 est
741 1270 131 51 bien
900 1269 221 52 difficile
1149 1272 66 49 de
1242 1270 246 61 deviner,
1519 1287 128 36 avec
1682 1270 243 69 quelque
1959 1272 136 52 certi-

139 1349 140 64 tude,
308 1364 56 33 ce
400 1364 106 51 que
534 1347 77 50 M.
653 1347 283 50 Riemann
964 1347 205 50 entend
1195 1363 99 52 par
1336 1368 21 24 «
1467 1363 100 34 son
1591 1347 340 52 résultant...
1966 1368 44 31 ».
2044 1348 77 49 La

138 1423 269 73 propriété
437 1422 129 69 qu'il
600 1423 79 51 lui
703 1423 231 51 accorde
961 1423 67 51 de
1056 1442 25 28 «
1110 1423 305 51 descendre
1449 1439 123 35 vers
1600 1422 48 52 le
1676 1439 184 52 grave,
1891 1439 114 35 non
2024 1439 98 52 pas

139 1518 89 55 par
277 1500 181 51 bonds
519 1498 343 71 irréguliers,
918 1498 142 52 mais
1115 1517 105 51 peu
1271 1504 28 47 à
1341 1518 107 51 peu
1483 1512 53 38 et
1589 1499 448 69 graduellement
2072 1521 49 43 »,

139 1575 305 71 appartient
466 1575 382 52 évidemment
871 1593 69 34 au
965 1575 118 52 seul
1111 1593 103 34 son
1234 1577 274 50 résultant

139 1651 299 55 déterminé
471 1668 99 53 par
609 1651 51 51 la
1252 1651 293 69 différence
1021 1653 95 49 des
1149 1651 314 53 vibrations
1488 1650 339 70 respectives
1855 1653 98 51 des
1983 1653 145 51 deux

139 1747 120 35 sons
282 1730 64 50 de
402 1728 325 52 l'intervalle
773 1728 187 52 altéré.
1009 1729 144 49 Mais
1178 1729 211 68 quand,
1427 1728 374 69 poursuivant
1827 1744 102 34 son
1956 1726 140 54 éluci-

139 1805 199 61 dation,
367 1805 77 51 M.
484 1804 284 52 Riemann
802 1803 186 67 ajoute
1041 1822 107 50 que
1186 1827 20 24 «
1247 1806 44 50 le
1336 1804 80 52 dit
1439 1820 103 36 son
1568 1804 342 52 résultant...
1948 1822 136 50 appa-

138 1883 95 50 raît
284 1880 173 66 aussi,
482 1880 592 66 occasionnellement,
1097 1897 69 34 en
1206 1893 122 38 tant
1355 1897 107 50 que
1497 1895 103 35 son
1624 1879 205 51 double

141 1966 77 45 ton
225 1959 12 67 )
284 1979 45 42 »,
378 1974 74 34 on
501 1975 70 33 ne
619 1956 106 52 sait
757 1956 279 52 vraiment
1079 1958 126 68 plus
1253 1975 108 50 que
1403 1971 217 54 penser.
1662 1954 93 54 On
1797 1956 327 68 comprend,

139 2039 26 47 à
195 2050 136 52 coup
368 2036 114 57 sûr,
520 2045 54 38 et
595 2049 74 34 on
692 2045 228 56 partage
964 2044 123 39 tout
1120 2032 405 51 l'étonnement
1548 2032 65 50 de
1652 2031 75 52 M.
1755 2030 279 52 Riemann
2061 2046 69 35 en

141 2111 104 51 face
277 2110 130 51 d'un
429 2109 235 69 gaillard
692 2109 71 50 tel
799 2126 109 51 que
1729 2125 56 34 ce
1011 2125 103 34 son
1140 2109 297 63 résultant,
1474 2106 235 70 capable
1737 2110 29 47 à
1801 2106 49 51 la
1876 2106 105 51 fois
2011 2129 21 23 «
2063 2107 67 50 de

142 2186 293 52 descendre
462 2184 516 71 progressivement
1003 2201 122 35 vers
1153 2184 48 50 le
1224 2201 163 51 grave
1412 2203 48 44 »,
1489 2200 69 33 en
1583 2194 214 40 restant
1823 2201 22 27 «
1872 2182 258 66 toujours

141 2265 42 49 le
217 2280 99 34 son
341 2262 270 52 inférieur
642 2261 144 66 juste
834 2261 123 52 d'au
1018 2260 186 52 moins
1249 2261 112 51 l'un
1398 2261 97 50 des
1529 2276 132 35 sons
1700 2260 65 51 de
1799 2258 332 51 l'intervalle

142 2340 157 49 altéré
329 2360 23 25 »
382 2350 53 39 et
467 2337 121 69 qui,
642 2339 332 67 par-dessus
1016 2337 47 51 le
1111 2336 245 62 marché,
1388 2352 56 33 se
1477 2333 302 52 manifeste
1817 2333 258 65 soudain,
2104 2337 28 47 à

141 2416 70 52 lui
339 2422 114 45 tout
555 2415 109 66 seul,
665 2431 83 35 sous
749 2413 20 53 la
797 2413 179 53 forme
1032 2413 131 51 d'un
1187 2430 102 34 son
1539 2429 75 34 ou
1655 2431 24 28 «
1716 2411 339 51 double-son
2083 2430 47 43 »,

143 2493 64 50 où
228 2492 73 51 M.
340 2491 282 51 Riemann
646 2507 144 33 nous
811 2488 240 54 assurait
1077 2502 123 38 tout
1227 2492 27 47 à
1289 2488 206 51 l'heure
1524 2487 161 51 avoir
1722 2487 251 51 entendu
2004 2505 24 30 «
2057 2502 76 36 un

146 2568 275 51 intervalle
457 2590 43 29 ».

208 2646 293 63 Pourtant,
537 2643 38 52 il
625 2656 81 38 est
739 2660 199 34 encore
966 2642 128 51 bien
1152 2642 125 67 plus
1323 2639 232 53 malaisé
1590 2638 329 70 d'imaginer
1952 2638 184 70 quelle

146 2720 325 69 conception
503 2721 80 49 M.
631 2718 286 52 Riemann
951 2736 56 33 se
1034 2717 185 51 faisait
1248 2717 145 52 alors
1426 2717 95 49 des
1550 2737 23 26 «
1606 2731 132 35 sons
1765 2714 306 52 résultants
2107 2735 21 25 »

145 2813 60 34 en
228 2796 240 70 général,
498 2797 189 67 quand
734 2812 72 33 on
842 2793 63 52 lit
952 2811 57 34 ce
1051 2792 98 70 qui
1177 2792 112 52 suit
1315 2792 242 52 aussitôt
1586 2806 10 37 :
1629 2812 23 27 «
1680 2789 161 64 Mais,
1879 2792 97 49 dès
2004 2789 129 69 qu'il

147 2872 264 68 (toujours
758 2872 46 52 le
518 2890 103 34 son
654 2871 297 68 résultant)
981 2869 200 52 atteint
1206 2887 111 33 une
1343 2869 242 51 hauteur
1604 2867 366 65 déterminée,
1991 2868 71 50 où
2098 2866 37 52 il

146 2949 307 69 apparaisse
479 2966 68 34 en
600 2960 121 39 tant
787 2965 107 52 que
936 2946 179 69 partie
1164 2946 317 68 intégrante
1506 2958 52 37 et
1581 2942 361 53 constitutive
1970 2942 165 52 d'une

145 3031 171 47 même
349 3029 305 47 résonance
689 3041 129 34 avec
858 3023 78 51 les
970 3023 145 51 deux
1148 3038 131 35 sons
1307 3022 66 49 de
1415 3019 349 64 l'intervalle,
1832 3019 168 65 alors,
2052 3018 84 51 s'il

147 3102 128 52 n'est
299 3120 98 50 pas
430 3101 296 53 lui-même
768 3101 48 49 le
852 3116 104 34 son
990 3099 47 51 le
1063 3098 127 69 plus
1223 3114 164 53 grave
1416 3097 65 50 de
1517 3095 50 52 la
1601 3095 163 65 série,
1794 3095 49 51 le
1878 3112 104 34 son
2013 3094 93 51 fon-

147 3178 272 52 damental
465 3181 64 49 de
578 3178 50 51 la
658 3181 306 47 résonance
1012 3174 182 70 surgit
1254 3172 489 53 immédiatement
1806 3172 330 52 au-dessous

150 3255 58 50 de
232 3255 94 53 lui.
355 3278 23 26 »

212 3332 284 67 Qu'est-ce
526 3348 106 52 que
656 3348 60 50 ça
744 3342 133 57 peut
903 3328 132 52 bien
1061 3327 225 52 vouloir
1313 3327 151 52 dire?
1482 3325 153 52 Pour
1680 3323 302 70 n'importe
2009 3321 128 70 quel

150 3404 301 69 intervalle,
481 3407 165 68 juste,
686 3407 149 64 faux,
882 3405 171 51 altéré
1094 3407 67 49 de
1195 3403 161 67 façon
1390 3401 376 69 quelconque,
1804 3415 220 54 pourvu
2060 3414 75 36 ou

150 3497 105 37 non
306 3483 479 68 d'harmoniques,
1497 3489 118 45 tous
967 3482 77 50 les
1079 3497 134 34 sons
1253 3479 305 51 résultants
1923 3487 128 38 tous
2085 3485 53 40 et

152 3559 205 52 chacun
402 3579 127 33 sans
569 3558 310 68 exception,
910 3570 126 39 sont
1088 3578 23 25 «
1155 3554 206 71 parties
1395 3554 345 67 intégrantes
1783 3564 52 37 et
1869 3549 269 52 constitu-

208 3713 58 54 (:)
293 3715 116 42 Voir
433 3715 68 42 les
536 3716 223 40 numéros
793 3728 36 34 i,
867 3711 38 54 3,
945 3711 36 47 5,
1011 3710 63 42 du
1106 3709 221 42 Mercure
1351 3706 223 43 Musical,
