2461 4137
816 250 211 30 MIETTES
1064 251 335 37 HISTORIQUES

2006 251 83 40 441

125 461 97 53 sait
252 462 28 48 à
313 471 267 57 apporter
611 459 96 51 des
745 459 282 51 variantes
1059 461 137 51 dans
1223 473 127 40 tous
1384 461 79 52 les
1492 478 98 53 pas
1616 459 240 63 fameux,
1893 476 68 34 au
1994 458 71 51 mi-

124 537 103 53 lieu
259 536 165 50 d'une
457 534 148 52 foule
635 536 452 66 d'admirateurs,
1122 536 266 69 applaudi
1422 555 98 52 par
1552 537 76 52 les
1661 533 439 67 Merveilleuses,

124 613 233 53 acclamé
385 628 99 51 par
515 612 78 51 les
618 612 349 51 Muscadins.

188 691 86 48 Au
301 699 486 39 commencement
814 688 73 51 du
914 687 297 67 Consulat,
1230 689 37 51 il
1295 707 56 33 se
1378 689 72 51 lia
1469 689 246 54 d'amitié
1736 707 127 34 avec
1893 687 209 66 Julien,

125 768 44 50 le
200 763 127 51 chef
346 762 345 52 d'orchestre
716 766 29 46 à
783 764 50 50 la
856 763 166 51 mode
1050 763 97 69 qui
1180 764 184 51 devait
1397 767 115 48 être
1539 767 66 49 de
1638 778 184 40 toutes
1856 764 78 51 les
1969 763 139 52 fêtes

125 839 279 55 officielles
428 840 73 51 du
518 839 244 70 premier
774 839 234 69 Empire
1028 857 12 46 ;
1067 852 52 38 et
1144 857 220 36 comme
1384 842 51 51 la
1459 843 368 51 contredanse
1844 840 77 54 lui
1943 839 167 55 valait

127 934 81 35 ses
233 915 126 69 plus
404 915 259 52 brillants
696 917 212 64 succès,
943 915 36 52 il
1016 917 213 52 résolut
1267 917 305 52 d'attacher
1604 936 101 35 son
1735 934 137 36 nom
1903 922 30 47 à
1962 918 148 51 l'une

127 995 91 50 des
259 990 129 70 cinq
416 993 205 68 figures
663 992 307 69 importées
1003 993 389 70 d'Angleterre
1426 1012 68 33 en
1530 995 232 68 France,
1795 999 30 47 à
1856 995 258 68 l'époque

128 1070 61 51 de
223 1068 51 52 la
302 1068 279 68 Régence,

193 1145 43 50 Il
277 1144 229 52 inventa
528 1145 146 51 donc
713 1145 244 68 quelque
997 1145 169 52 chose
1192 1147 139 50 dans
1379 1147 48 50 le
1472 1147 100 52 but
1613 1148 66 49 de
1713 1148 310 68 remplacer
2065 1145 51 52 la

129 1220 367 52 Pastourelle.
537 1221 79 50 La
656 1220 259 52 nouvelle
964 1220 194 69 figure,
1205 1220 98 69 qui
1345 1234 161 56 porta
1539 1221 323 69 longtemps
1900 1221 47 51 le
1980 1237 137 35 nom

128 1299 62 51 de
209 1314 102 33 son
332 1296 319 66 inventeur,
682 1315 56 33 se
762 1298 315 67 composait
1100 1298 66 50 de
1186 1296 156 70 vingt
1369 1314 252 34 mesures
1642 1318 13 39 ;
1690 1314 69 33 en
1783 1310 164 38 avant
1969 1310 54 37 et
2048 1314 69 33 en

131 1371 200 54 arrière
377 1373 220 69 (quatre
630 1373 304 68 mesures);
964 1373 50 49 la
1047 1374 163 49 dame
1243 1371 315 66 traversait,
1590 1371 47 51 le
1665 1370 237 52 cavalier
1933 1371 185 51 faisait

131 1465 64 35 en
223 1460 165 40 avant
420 1461 52 39 et
519 1465 69 35 en
619 1447 206 53 arrière
872 1450 217 66 (quatre
1129 1447 310 69 mesures);
1482 1464 75 36 on
1587 1447 297 53 traversait
1917 1450 30 48 à
1981 1446 138 52 trois

131 1525 213 69 (quatre
400 1526 272 64 mesures)
713 1538 13 53 ;
782 1543 72 34 on
906 1525 357 51 retraversait
1327 1541 145 53 pour
1520 1540 269 54 regagner
1842 1541 59 33 sa
1966 1525 153 67 place

131 1602 210 66 (quatre
388 1601 306 69 mesures);
750 1601 149 51 enfin
948 1618 73 34 on
1064 1600 184 52 faisait
1300 1618 79 34 un
1422 1600 229 52 balancé
1685 1613 53 39 et
1785 1616 77 36 un
1893 1613 130 39 tour
2053 1600 68 51 de

132 1675 148 52 main
311 1676 221 69 (quatre
557 1677 297 68 mesures).

200 1754 78 49 La
299 1770 179 52 vogue
513 1754 66 50 de
607 1755 51 49 la
683 1752 171 52 trénis
886 1752 84 52 fut
995 1756 252 62 énorme,
1284 1765 52 39 et
1370 1754 208 49 l'alerte
1620 1754 264 63 danseur,
1915 1752 96 69 qui
2044 1769 70 33 ne

134 1828 215 68 prenait
398 1832 168 65 guère
614 1830 68 51 de
715 1828 164 69 répit,
908 1827 169 70 glissa
1110 1828 308 51 lentement
1449 1845 124 34 vers
1615 1828 51 50 la
1708 1830 287 49 démence.
2036 1828 82 50 De

134 1903 188 69 prince
346 1905 66 50 de
440 1905 51 50 la
529 1906 173 51 danse
736 1905 135 68 qu'il
900 1922 55 33 se
979 1903 195 66 savait,
1218 1903 36 51 il
1280 1905 197 50 voulut
1503 1910 113 45 être
1649 1903 103 52 roi.
1788 1906 51 48 A
1869 1903 147 51 force
2051 1905 66 49 de

134 1996 243 36 caresser
410 1997 60 33 sa
495 1981 267 65 chimère,
792 1981 37 51 il
865 1980 77 52 lui
964 1980 59 50 fit
1063 1981 240 67 prendre
1328 1981 48 51 le
1403 1981 197 68 galop;
1623 1980 101 52 elle
1757 1980 47 50 le
1839 1978 284 54 conduisit

137 2069 122 38 tout
291 2056 149 52 droit
465 2060 29 48 à
534 2056 348 54 Charenton.

203 2133 80 50 La
307 2133 252 51 fameuse
603 2133 221 51 maison
879 2133 264 51 d'aliénés
1177 2132 133 51 était
1350 2133 148 51 alors
1530 2132 211 69 dirigée
1789 2149 99 52 par
1914 2133 208 69 Royer-

137 2208 250 65 Collard,
416 2208 47 51 le
486 2208 142 51 frère
655 2211 72 49 du
754 2207 361 69 philosophe,
1141 2208 260 50 médecin
1426 2208 66 51 de
1524 2207 193 52 valeur
1738 2207 97 69 qui
1855 2207 144 52 avait
2024 2207 100 51 fait

137 2302 84 33 ses
255 2286 203 49 classes
482 2288 30 47 à
537 2283 303 53 l'Oratoire
868 2284 65 51 de
970 2286 159 67 Lyon
1155 2297 52 38 et
1237 2284 95 68 qui
1365 2283 188 52 venait
1578 2284 66 51 de
1670 2288 152 47 créer
1846 2284 52 51 la

158 2361 181 68 thèque
581 2361 125 66 médicale,
707 2361 69 50 le
777 2361 237 50 meilleur
1055 2361 98 50 des
1192 2357 277 68 journaux
1501 2361 66 50 de
1600 2359 288 52 médecine
1921 2361 68 49 de
2022 2377 101 33 son

138 2450 205 55 temps.

204 2513 78 51 M.
310 2510 68 54 G.
409 2512 218 65 Desrat,
669 2513 47 50 le
762 2510 322 70 professeur
1110 2510 66 51 de
1215 2510 426 70 chorégraphie,
1682 2512 139 52 dans
1869 2528 103 33 son

162 2588 268 53 tionnaire
431 2587 182 70 publié
639 2606 67 33 en
736 2588 159 69 18g5,
933 2606 28 33 a
989 2585 140 54 émis
1152 2603 77 34 un
1252 2588 170 51 doute
1453 2604 96 35 sur
1571 2589 48 48 la
1642 2587 132 50 folie
1804 2588 66 49 de
1896 2588 223 61 Trénis,

142 2664 132 69 qu'il
308 2677 121 38 taxe
463 2665 66 51 de
575 2686 23 25 «
642 2664 231 69 légende
914 2681 155 33 assez
1101 2663 216 51 bizarre
1347 2684 43 30 ».
1422 2662 104 66 Or,
1563 2663 48 51 le
1651 2663 222 62 hasard,
1905 2663 96 68 qui
2034 2679 88 33 me

138 2739 238 52 favorise
410 2757 154 33 assez
597 2752 256 52 souvent,
882 2739 104 51 m'a
1028 2738 108 52 mis
1185 2752 153 38 entre
1373 2738 78 51 les
1484 2738 183 52 mains
1695 2756 78 34 un
1820 2739 303 51 document

141 2815 247 70 typique,
416 2832 111 35 une
552 2832 139 52 page
719 2814 167 52 écrite
912 2832 100 52 par
1032 2815 236 51 l'ancien
1296 2815 261 66 danseur,
1590 2814 112 51 lors
1732 2815 66 51 de
1825 2832 101 34 son
1949 2814 145 51 inter-

141 2905 245 37 nement.

205 2970 50 48 A
280 2968 129 50 titre
429 2968 65 50 de
517 2966 265 54 curiosité
805 2966 442 70 psychologique
1275 2966 48 68 je
1347 2968 47 49 le
1428 2966 296 69 reproduis
1747 2984 69 33 en
1841 2966 179 51 entier
2039 2983 10 34 :

209 3065 23 27 «
261 3043 400 67 Aujourd'hui,
703 3043 78 53 Ce
826 3043 310 50 Dimanche
1312 3040 125 67 jour
1469 3045 67 50 de
1585 3043 322 53 Novembre
1942 3044 66 51 de
2041 3055 83 38 cet

139 3121 87 50 An
256 3120 68 51 de
345 3137 137 34 mon
509 3120 192 69 Règne
727 3120 65 51 de
823 3119 156 61 Paix,
1007 3135 68 35 an
1097 3118 188 64 [lBo6]
1312 3121 29 47 à
1366 3118 257 52 Environ
1649 3119 157 53 Neuf
1823 3120 202 52 heures
2048 3120 74 50 du

142 3195 196 61 matin,
364 3199 29 47 à
418 3212 135 34 mon
588 3194 170 52 sortir
788 3195 134 52 d'un
946 3194 141 51 Bain
1111 3192 146 53 froid
1285 3212 69 34 au
1380 3191 111 54 lieu
1520 3195 66 50 de
1618 3194 194 61 Tiède,
1836 3212 127 34 sans
1987 3195 141 51 palet

143 3271 56 51 ni
341 3271 144 51 Pair
711 3271 65 51 de
806 3271 166 65 France,
973 3284 119 38 autour
1093 3271 57 51 de
1151 3269 126 62 moi,
1327 3269 192 52 Laissé
1713 3286 127 35 sans
1891 3270 235 52 lumière

142 3349 237 67 (comme
401 3349 67 50 de
506 3349 244 52 Barbare
782 3347 283 54 Coutume
1094 3346 199 69 depuis
1317 3346 47 51 le
1390 3346 113 65 [i2^
1507 3358 52 20 me
1585 3347 87 64 de]
1693 3346 136 66 Mai,
1850 3349 182 49 même
2057 3363 70 33 an

144 3443 106 50 que
288 3424 48 67 je
378 3424 116 52 suis
529 3424 338 52 abandonné
915 3424 139 50 dans
1088 3440 57 33 ce
1174 3422 105 51 lieu
1310 3422 65 52 de
1399 3424 104 49 Ma
1534 3422 190 52 Gloire
1755 3427 28 46 à
1816 3424 95 50 des
1952 3424 141 49 Bour-

144 3516 186 49 reaux,
367 3504 29 47 à
428 3500 96 51 des
550 3500 280 68 supplices
858 3500 197 68 dignes
1079 3499 198 64 d'Eux)
1304 3515 58 33 ce
1381 3497 201 65 Matin,
1608 3497 186 66 dis-je,
1823 3497 47 50 le
1897 3501 229 46 nommé

143 3577 216 61 Aymon
385 3577 294 66 cy-devant
711 3576 80 51 dit
821 3575 258 52 Rochette
1086 3613 12 24 ,
1129 3573 247 50 assassin
1421 3575 96 48 des
1544 3572 241 69 prisons,
1813 3572 313 51 condamné

147 3667 98 53 par
268 3653 197 50 Arrêts
509 3652 66 51 de
612 3651 372 53 Haute-Cour
1016 3653 28 47 à
1083 3650 51 49 la
1167 3648 162 69 peine
1371 3650 66 49 de
1469 3648 175 61 Mort,
1680 3664 218 34 comme
1948 3648 144 50 Anar-

147 3727 173 52 chiste
346 3741 52 38 et
429 3727 286 70 Régicide,
749 3728 103 51 Est
873 3727 177 51 Entré
1086 3726 138 51 dans
1252 3741 93 34 ma
1373 3723 266 52 chambre
1666 3741 69 34 au
1757 3731 59 43 n°
1839 3725 90 63 [23
1935 3725 71 30 ème
2009 3728 19 61 ]
2063 3726 66 51 de

150 3820 134 34 mon
325 3802 272 56 Corridor
627 3803 198 69 Royal,
854 3803 66 51 de
948 3819 91 34 ma
1072 3800 223 53 Maison
1347 3801 65 51 de
1460 3797 330 56 Charanton
1835 3797 297 72 (Corridor

271 3921 43 23 LE
344 3921 182 25 MERCURE
554 3921 167 24 MUSICAL

1939 3920 48 35 30
