2461 4137
330 211 90 52 426

1039 226 57 28 LE
1132 225 241 29 MERCURE
1410 226 220 31 MUSICAL

328 432 165 52 estoit
527 432 120 52 d'or
667 449 70 34 ou
773 432 268 69 d'argent,
1079 432 47 51 le
1152 433 113 69 prit
1291 446 52 38 et
1373 435 47 51 le
1455 435 167 52 cacha
1648 436 139 51 dans
1816 454 103 34 son
1952 437 140 54 sein.
2124 440 122 52 Elle
2272 463 50 34 se

326 510 167 69 glissa
515 507 372 62 incontinent,
911 521 53 38 et
997 508 162 52 sortit
1195 511 67 51 de
1300 511 228 70 l'église.
1559 511 241 53 S'estant
1824 519 278 64 apperçûë
2139 535 105 50 que
2270 538 52 35 ce

326 585 227 52 n'estoit
593 585 177 68 qu'un
802 585 125 52 clou
967 586 66 51 de
1067 586 102 66 fer,
1206 587 102 51 elle
1336 605 174 52 pensa
1560 590 46 49 le
1645 588 163 68 jetter
1841 591 139 51 dans
2008 591 51 51 la
2079 591 196 56 riviere
2311 614 8 35 :

329 661 143 51 Dieu
500 659 207 70 permit
732 661 270 52 toutefois
1043 662 199 69 qu'elle
1281 663 47 51 le
1353 666 190 67 garda.
1584 666 76 49 Le
1691 665 294 71 Religieux
2018 671 304 65 cependant

326 736 336 67 continuoit,
717 755 128 33 sans
891 738 111 51 s'en
1035 741 383 67 appercevoir,
1455 746 27 46 à
1527 742 135 51 faire
1698 743 261 66 toucher,
1997 761 68 36 au
2104 745 109 53 lieu
2255 751 67 52 du

329 813 146 51 saint
497 813 145 65 clou,
672 813 48 51 le
747 813 302 70 reliquaire
1075 816 253 70 d'argent
1353 817 216 69 jusqu'à
1597 836 58 33 ce
1677 817 134 70 qu'il
1836 836 68 34 en
1926 820 85 52 fut
2037 822 171 52 averti
2231 842 91 50 par

329 907 110 36 une
466 907 279 52 personne
779 892 67 49 de
881 892 364 53 l'assemblée.
1281 894 290 53 Aussitost
1613 896 47 51 le
1697 896 153 52 bruit
1894 913 56 35 se
1984 900 211 66 répand
2220 919 101 49 que

329 968 49 50 le
413 968 145 50 saint
593 968 125 52 clou
754 968 149 52 avoit
957 973 115 47 esté
1108 971 211 50 enlevé.
1361 972 138 49 L'on
1550 971 174 53 ferme
1763 972 78 52 les
1888 986 186 56 portes
2110 976 63 51 de
2228 978 71 51 l'é-

329 1043 136 70 glise
492 1057 10 37 :
533 1043 107 51 l'on
673 1043 235 52 cherche
936 1062 99 51 par
1061 1058 123 41 tout
1206 1068 12 40 ;
1245 1060 51 38 et
1344 1063 128 35 sans
1513 1047 112 52 s'en
1665 1062 299 56 rapporter
1996 1053 29 47 à
2059 1049 48 52 la
2140 1051 178 56 bonne

327 1121 92 68 foy
460 1121 277 69 d'autruy,
794 1138 75 35 011
901 1122 193 53 fouille
1138 1136 124 40 tout
1307 1124 47 52 le
1389 1126 226 50 monde.
1654 1127 49 49 A
1738 1126 249 52 l'instant
2020 1128 50 50 la
2110 1128 126 52 ville
2269 1150 50 33 se

327 1211 114 38 met
464 1216 132 34 sous
630 1198 78 51 les
734 1214 183 36 armes
949 1214 10 37 :
997 1217 73 34 on
1098 1201 115 52 leve
1242 1201 77 50 les
1342 1201 227 52 chaînes
1597 1203 96 51 des
1728 1220 125 34 rues
1875 1225 11 38 ;
1918 1216 52 38 et
1997 1203 108 52 l'on
2139 1223 55 32 se
2220 1207 75 52 sai-

327 1274 71 51 sit
423 1274 96 52 des
552 1287 191 56 portes
779 1293 145 51 pour
945 1293 69 35 ne
1039 1294 96 51 pas
1162 1277 197 52 laisser
1386 1278 278 70 échapper
1691 1279 48 51 le
1766 1279 213 54 voleur.

402 1373 23 26 «
458 1350 204 52 L'abbé
705 1352 212 66 Eudes,
969 1352 97 68 qui
1099 1353 168 52 estoit
1306 1357 29 48 à
1392 1353 435 68 Gennevilliers,
1872 1355 201 72 village
2107 1357 210 71 éloigné

328 1428 161 52 d'une
513 1427 327 53 demi-lieuc
868 1429 66 51 de
962 1428 399 71 Saint-Denys,
1381 1449 57 33 se
1465 1430 186 52 rendit
1668 1435 29 47 à
1733 1449 103 35 son
1863 1433 213 70 abbaye
2110 1452 67 34 au
2211 1452 72 36 mo-

327 1518 156 38 ment
508 1504 132 70 qu'il
675 1505 186 69 apprit
884 1519 140 38 cette
1058 1505 158 52 triste
1245 1508 282 52 nouvelle.
1556 1508 241 53 Comme
1824 1509 38 51 il
1888 1509 80 52 vit
2002 1528 107 51 que
2142 1524 176 41 toutes

329 1582 79 52 les
431 1580 359 70 précautions
820 1583 171 67 qu'on
1013 1583 148 52 avoit
1180 1583 178 68 prises
1386 1584 223 52 avoient
1629 1590 114 46 esté
1758 1585 253 68 inutiles,
2027 1587 35 53 il
2081 1588 236 70 dépêcha

331 1658 407 70 quelques-uns
773 1658 66 51 de
864 1675 86 34 ses
976 1658 273 70 religieux
1272 1678 143 51 pour
1437 1660 48 51 le
1507 1660 137 52 faire
1672 1662 185 52 savoir
1884 1681 68 34 au
1979 1664 127 69 Roy
2137 1677 52 39 et
2206 1668 27 48 à
2272 1665 46 52 la

333 1735 197 52 Reine.
571 1735 73 50 Ils
668 1734 242 51 estoient
936 1735 124 66 déjà
1094 1739 27 47 à
1165 1736 192 51 cheval
1386 1738 293 68 lorsqu'on
1707 1740 193 68 publia
1927 1758 108 51 que
2081 1740 45 52 le
2181 1742 137 52 saint

327 1811 123 51 clou
478 1810 192 52 venoit
693 1810 200 52 d'estre
921 1815 196 48 trouvé
1137 1813 138 50 dans
1297 1813 206 70 l'église
1528 1815 66 50 de
1625 1814 412 55 Saint-Marcel.
2072 1816 75 55 Ce
2175 1818 142 52 bruit

327 1889 77 49 les
427 1899 213 38 arresta
670 1903 10 35 :
712 1886 143 52 mais
883 1891 226 49 assûrez
1136 1905 101 52 par
1255 1895 353 46 eux-mêmes
1637 1891 173 69 qu'on
1837 1893 150 50 avoit
2011 1894 171 51 voulu
2206 1895 111 51 leur

326 1965 217 51 donner
566 1980 110 35 une
710 1961 187 55 fausse
926 1964 142 68 joye,
1107 1964 66 52 ils
1208 1965 399 53 continuèrent
1640 1969 122 52 leur
1789 1969 224 52 chemin
2041 1982 52 39 et
2121 1970 168 52 arrivè-

326 2053 121 38 rent
474 2044 28 47 à
530 2040 50 50 la
606 2039 173 53 Cour.
813 2041 76 50 Le
926 2040 125 70 Roy
1084 2054 52 38 et
1162 2041 50 51 la
1258 2040 177 53 Reine
1477 2060 59 33 sa
1568 2059 153 34 mere
1749 2056 271 56 parurent
2058 2045 110 51 fort
2200 2058 86 39 tou-

323 2117 132 51 chez
496 2116 64 51 de
591 2115 51 51 la
675 2128 155 55 perte
867 2117 129 51 d'un
1038 2129 180 39 trésor
1265 2117 163 69 qu'ils
1471 2119 357 68 regardoient
1875 2120 117 53 l'un
2045 2134 52 38 et
2135 2121 179 52 l'autre

323 2210 221 36 comme
592 2191 379 53 inestimable.
1011 2195 77 51 Le
1143 2192 163 68 jeune
1343 2196 126 69 Roy
1503 2213 236 52 marqua
1771 2196 352 55 s'intéresser
2154 2205 135 46 extrê-

323 2281 246 40 mement
593 2272 28 47 à
649 2269 306 53 l'affliction
988 2271 73 51 où
1103 2270 241 53 estoient
1377 2271 180 52 l'abbé
1587 2286 49 37 et
1670 2285 130 39 tous
1834 2274 79 50 les
1943 2275 270 70 religieux
2255 2276 58 51 de

326 2346 405 67 Saint-Denys,
762 2359 52 38 et
839 2364 214 52 envoya
1088 2346 270 53 aussitost
1400 2350 276 67 quelques
1698 2368 313 50 personnes
2037 2351 277 69 qualifiées

324 2439 146 53 pour
496 2425 76 47 les
607 2422 260 51 consoler
891 2424 66 49 de
995 2441 58 33 sa
1089 2436 142 56 part.
1270 2425 91 51 En
1389 2431 184 46 même
1597 2439 207 56 temps,
1842 2427 35 51 il
1919 2429 59 49 fit
2032 2429 218 68 publier
2288 2432 25 47 à

324 2500 169 51 haute
534 2497 127 51 voix
701 2498 140 51 dans
872 2498 180 68 Paris,
1089 2518 109 50 que
1231 2500 324 70 quiconque
1583 2504 316 52 trouveroit
1927 2505 47 51 le
2002 2505 147 51 saint
2176 2506 133 64 clou,

319 2594 67 34 au
397 2575 78 52 roi
486 2589 16 36 t
550 2575 50 50 la
635 2573 87 52 vie
769 2591 166 36 sauve
981 2589 52 38 et
1079 2590 127 38 cent
1240 2576 165 52 livres
1455 2578 256 70 d'argent
1752 2598 145 52 pour
1930 2586 379 65 récompense.

323 2651 207 52 L'abbé
559 2651 192 51 Eudes
775 2651 66 51 de
863 2669 101 33 son
988 2656 150 47 costé
1173 2670 292 52 prononça
1488 2655 438 71 publiquement
1959 2658 318 51 l'excommu-

323 2726 249 52 nication
606 2738 191 40 contre
840 2727 240 52 l'auteur
1118 2730 74 50 du
1228 2730 174 52 larcin
1439 2744 52 38 et
1532 2749 136 34 ceux
1696 2733 98 69 qui
1822 2751 68 33 en
1935 2735 224 50 avoient
2190 2750 92 35 con-

322 2805 315 50 noissance.
686 2803 43 51 Il
759 2803 127 51 n'en
919 2806 268 52 demeura
1221 2824 98 52 pas
1363 2808 51 51 là
1443 2822 10 37 :
1486 2808 36 51 il
1565 2822 123 40 crut
1721 2829 109 49 que
1872 2827 144 54 pour
2046 2810 191 53 fléchir
2269 2811 45 49 la

323 2879 364 53 miséricorde
713 2879 75 53 du
818 2879 292 70 Seigneur,
1147 2881 36 52 il
1218 2883 188 52 devoit
1429 2883 156 54 avoir
1612 2902 227 36 recours
1872 2905 106 34 aux
2004 2905 215 34 œuvres
2252 2886 60 51 de

326 2957 313 70 pénitence.
680 2958 75 50 Le
779 2957 178 70 lundy
977 2959 175 51 matin
1179 2961 98 68 qui
1305 2961 167 52 estoit
1498 2963 48 50 le
1574 2962 324 53 lendemain
1926 2967 64 50 de
2015 2965 294 61 l'accident,

320 3033 40 51 il
393 3032 120 52 vint
546 3051 69 33 au
643 3033 249 69 chapitre
927 3036 158 50 selon
1109 3036 51 50 la
1199 3041 267 48 coùtume
1493 3039 71 50 où
1589 3037 33 52 il
1663 3039 258 53 ordonna
1954 3042 95 50 des
2077 3041 231 67 jeusnes,

324 3112 97 49 des
456 3108 356 70 processions
846 3111 158 68 pieds
1035 3114 148 51 nuds
1226 3127 52 38 et
1303 3131 110 35 une
1462 3114 297 69 discipline
1794 3118 254 69 générale
2096 3117 129 70 qu'il
2260 3116 53 49 fit

324 3186 135 52 faire
501 3202 96 36 sur
643 3186 230 67 l'heure,
911 3206 67 33 en
1014 3203 394 54 commençant
1458 3207 101 52 par
1606 3191 312 69 luy-même
1968 3194 45 50 le
2064 3191 247 71 premier.

328 3262 295 53 Plusieurs
657 3278 434 40 communautez
1114 3267 65 51 de
1213 3267 308 52 chanoines
1549 3281 52 38 et
1630 3269 65 51 de
1720 3269 272 70 religieux
2029 3271 251 68 s'impose-

326 3353 123 37 rent
484 3339 151 52 aussi
660 3339 245 54 diverses
933 3343 355 67 pénitences:
1321 3344 148 51 enfin
1503 3344 35 51 il
1574 3346 91 68 n'y
1692 3361 94 37 eut
1813 3365 277 52 personne
2116 3346 93 68 qui
2248 3361 61 34 ne

324 3415 343 70 témoignast
720 3418 243 67 prendre
1018 3432 125 55 part
1175 3423 29 47 à
1248 3419 284 52 l'extrême
1575 3420 267 54 affliction
1881 3423 65 51 de
1994 3423 203 69 l'église
2250 3420 58 50 de

331 3492 401 69 Saint-Denys.

397 3589 22 26 «
453 3569 255 52 Environ
733 3569 202 70 quinze
964 3570 154 68 jours
1136 3577 160 63 après
1315 3589 77 35 un
1419 3573 230 52 homme
1686 3575 165 52 dévot
1884 3594 68 33 en
1987 3589 318 56 apparence,

323 3644 141 50 mais
498 3645 291 69 hypocrite
809 3661 52 36 et
888 3648 230 51 scélérat
1145 3666 67 33 en
1246 3649 145 66 effet,
1422 3649 198 70 feignit
1646 3652 209 50 d'avoir
1881 3657 196 47 trouvé
2107 3652 49 50 la
2196 3648 90 53 reli-

324 3735 107 51 que
466 3723 172 66 qu'on
679 3723 287 52 cherchoit
992 3727 66 50 de
1095 3739 126 38 tous
1254 3741 202 38 costez.
1503 3729 44 50 Il
1584 3730 215 68 surprit
1832 3748 100 51 par
1965 3749 85 35 ses
2084 3729 223 52 artifices

323 3794 143 52 deux
505 3796 268 69 religieux
813 3800 65 50 de
934 3798 52 54 S.
1033 3801 269 68 François
1347 3801 97 69 qui
1484 3801 226 55 vinrent
1758 3819 232 40 trouver
2044 3804 173 53 l'abbé
2262 3812 45 38 et
