3383 4165
2730 3833 107 61 87

251 272 320 60 TEK
655 272 61 60 H
800 275 61 57 N
945 272 48 60 E

328 429 49 48 3°
404 421 68 42 De
497 421 119 42 deux
642 421 222 42 membres
891 421 22 42 à
940 421 203 54 désigner
1165 435 82 39 par
1272 421 56 43 les
1353 433 81 28 con-

256 496 201 31 currents
489 486 90 41 lors
609 484 52 47 de
692 486 40 42 la
765 483 155 44 remise
950 485 51 41 de
1031 484 117 43 leurs
1177 483 189 55 projets.

327 548 42 42 A
396 559 131 31 noter
553 547 116 56 qu'il
694 549 115 43 n'est
831 563 79 39 pas
935 547 232 45 désirable,
1194 545 267 56 cependant,

257 613 51 41 de
343 612 249 42 constituer
627 627 62 26 un
722 611 108 54 jury
865 625 105 40 trop
1005 610 263 43 nombreux
1303 623 40 31 et
1377 623 86 42 que

257 675 59 43 les
346 675 104 42 huit
480 674 331 54 personnalités
843 673 225 56 désignées
1099 672 204 45 ci-avant
1333 687 105 29 cons-

258 738 170 42 tituent
469 754 61 26 un
573 738 274 43 maximum.
891 737 107 43 Une
1037 736 301 44 commission
1377 750 86 42 peu

259 802 272 46 nombreuse
570 800 207 44 travaille
816 801 155 42 mieux
1009 814 41 31 et
1090 816 101 27 avec
1230 816 88 31 une
1354 815 83 27 con-

258 865 163 44 science
457 865 103 53 plus
598 875 119 32 nette
755 865 51 42 de
842 879 62 28 ses
941 863 383 55 responsabilités.

327 929 86 42 Par
464 928 317 54 l'acceptation
833 927 52 42 de
935 928 115 41 leurs
1098 926 254 46 fonctions,
1407 926 57 42 les

260 991 222 43 membres
522 991 59 41 du
622 990 107 54 jury
769 1002 247 31 renoncent
1054 990 21 42 à
1116 1001 128 32 toute
1280 989 161 56 partici-

259 1055 162 53 pation
459 1055 161 47 directe
656 1069 60 27 ou
752 1054 214 43 indirecte
1001 1069 55 27 au
1092 1068 234 28 concours.

258 1193 59 43 II.
352 1192 426 44 OPERATIONS
809 1192 97 44 DU
939 1192 189 44 JURY.

331 1283 36 42 Il
404 1295 61 31 est
499 1281 218 45 désirable
750 1297 86 41 que
872 1283 57 42 les
962 1281 265 55 opérations
1262 1280 60 43 du
1359 1280 107 55 jury

259 1361 316 30 commencent
612 1345 395 44 immédiatement
1044 1345 21 42 à
1105 1346 40 43 la
1183 1344 115 43 suite
1336 1344 51 43 de
1425 1344 42 42 la

260 1410 155 42 remise
459 1409 72 42 des
572 1408 174 55 projets
790 1419 41 31 et
874 1407 187 57 qu'elles
1103 1407 148 45 soient
1294 1406 173 44 menées

260 1473 117 41 aussi
413 1472 285 54 rapidement
732 1487 87 39 que
851 1471 214 55 possible.
1103 1471 38 43 Il
1177 1483 64 31 est
1274 1470 52 42 de
1361 1469 85 43 l'in-

261 1535 108 42 térêt
404 1535 50 42 de
488 1547 104 30 tous
626 1551 86 39 que
746 1548 104 31 tous
885 1536 58 42 les
978 1533 209 44 résultats
1221 1533 148 44 soient
1402 1547 44 28 ac-

261 1599 101 55 quis
403 1614 51 26 en
498 1614 61 26 un
603 1598 250 43 minimum
898 1598 51 42 de
992 1611 161 41 temps.
1196 1595 269 47 Toutefois,

260 1674 109 30 cette
401 1661 342 43 considération
779 1677 53 30 ne
866 1662 100 44 doit
999 1676 79 40 pas
1113 1660 87 44 être
1234 1659 204 55 prédomi-

263 1737 136 31 nante
446 1741 9 26 :
501 1725 30 45 il
571 1725 102 42 faut
714 1740 86 40 que
842 1724 166 43 l'étude
1051 1725 73 41 des
1164 1723 174 56 projets
1379 1723 88 43 soit

260 1789 223 54 complète
518 1802 40 31 et
593 1788 109 43 faite
737 1803 101 28 avec
876 1800 104 33 tout
1018 1789 36 44 le
1089 1787 154 46 calme,
1283 1787 161 44 l'atten-

262 1852 99 42 tion
391 1863 41 31 et
460 1854 36 45 le
527 1852 100 42 soin
658 1851 255 44 désirables.

261 1990 82 43 III.
381 1990 288 43 DEFENSE
705 1990 118 43 DES
858 1989 301 45 PROJETS.

334 2079 80 42 S'il
459 2079 37 41 le
538 2078 104 55 juge
686 2078 124 46 utile,
858 2077 36 42 le
939 2077 107 55 jury
1091 2091 169 41 pourra
1302 2076 166 44 inviter

262 2142 58 43 les
354 2153 292 32 concurrents
679 2141 22 43 à
736 2141 127 43 venir
897 2141 215 43 défendre
1147 2140 115 44 leurs
1295 2140 173 54 projets

261 2205 323 43 verbalement.
616 2205 63 43 Ce
708 2221 91 27 sera
828 2205 36 42 le
891 2220 69 27 cas
987 2215 295 34 notamment
1310 2202 158 58 quand

262 2270 30 44 il
316 2269 132 55 s'agit
473 2269 51 42 de
547 2283 221 28 concours
792 2269 281 53 importants
1097 2283 62 27 ou
1186 2279 141 43 ayant
1350 2281 119 41 pour

261 2332 129 53 objet
418 2348 61 26 un
507 2331 229 44 bâtiment
762 2331 86 43 très
875 2330 161 55 spécial
1063 2346 60 28 ou
1152 2346 62 27 un
1243 2328 226 46 ensemble

263 2396 50 42 de
339 2395 249 43 bâtiments
614 2410 59 27 ou
700 2410 62 26 un
788 2394 235 54 problème
1049 2394 51 42 de
1126 2393 115 44 tracé
1268 2394 52 42 de
1345 2392 122 44 ville.

262 2459 129 47 Cette
430 2458 212 44 audition
682 2458 72 42 des
792 2469 293 31 concurrents
1120 2474 41 29 se
1197 2456 93 45 fera
1326 2456 119 55 prati-

262 2534 218 43 quement
508 2523 21 42 à
560 2522 41 42 la
631 2521 236 42 deuxième
896 2521 200 53 épreuve,
1128 2535 119 40 pour
1277 2518 192 57 laquelle

264 2585 296 54 l'anonymat
595 2598 63 30 est
694 2584 106 44 levé.
840 2583 98 43 Elle
974 2595 173 43 permet
1183 2598 55 29 au
1274 2582 107 56 jury
1418 2581 51 43 de

263 2647 215 44 s'éclairer
506 2647 105 55 plus
639 2647 354 54 complètement
1022 2662 74 28 sur
1126 2647 59 42 les
1214 2645 255 43 intentions

264 2711 209 54 exposées
506 2711 112 42 dans
653 2711 59 42 les
743 2709 188 56 projets.

266 2849 83 45 IV.
385 2848 542 43 MODIFICATIONS
961 2849 94 41 AU
1089 2847 113 45 PRO-

264 2911 310 45 GRAMME.

334 3001 69 42 En
457 3001 192 55 général,
706 3003 35 41 le
793 3015 292 40 programme
1137 3000 60 41 du
1249 3014 220 28 concours

266 3080 90 27 sera
404 3064 154 42 donné
605 3065 28 41 d
657 3080 86 27 une
790 3063 136 54 façon
977 3063 223 54 complète
1247 3078 117 39 pour
1412 3061 58 43 les

266 3129 118 41 deux
414 3128 209 54 épreuves
652 3128 21 42 à
705 3128 40 42 la
774 3127 105 42 fois.

337 3191 35 43 Il
412 3191 136 44 suffit
584 3191 118 42 alors
737 3206 85 40 que
858 3190 36 43 le
927 3190 107 54 jury
1042 3222 8 14 t
1089 3189 123 54 après
1250 3189 221 54 l'épreuve

268 3254 342 43 d'élimination
657 3254 60 42 du
761 3253 191 55 premier
997 3252 144 56 degré,
1190 3252 180 56 désigne
1414 3251 57 42 les

266 3330 181 31 auteurs
481 3318 73 42 des
584 3317 174 55 projets
791 3316 154 43 classés
978 3328 40 31 et
1051 3318 94 42 leur
1178 3316 154 44 donne
1363 3329 81 29 con-

267 3382 229 45 naissance
542 3381 60 41 du
648 3380 237 55 jugement
929 3395 52 27 en
1029 3378 240 57 rappelant
1311 3395 61 26 ou
1417 3393 53 28 en

265 3444 156 48 fixant
456 3446 40 42 la
530 3444 101 43 date
666 3444 186 41 d'envoi
887 3443 73 44 des
995 3443 174 54 projets
1203 3442 51 43 de
1289 3442 39 45 la
1362 3442 81 43 deu-

266 3508 145 43 xième
447 3507 200 55 épreuve.

336 3571 38 43 Il
402 3570 229 46 convient,
661 3570 22 42 à
711 3586 42 27 ce
781 3580 222 35 moment,
1035 3568 52 44 de
1113 3577 241 48 permettre
1381 3581 89 30 aux

266 3645 292 31 concurrents
598 3649 95 27 non
733 3632 155 44 classés
927 3633 51 43 de
1019 3633 151 43 retirer
1210 3633 116 43 leurs
1364 3646 80 41 pro-

268 3697 97 53 jets,
401 3698 82 42 ceci
513 3713 118 37 pour
663 3713 85 26 une
781 3695 150 44 raison
964 3697 50 42 de
1046 3695 257 44 discrétion.

1688 421 36 45 Il
1757 437 91 28 sera
1882 420 224 56 peut-être
2138 418 110 45 utile
2282 420 50 42 de
2365 418 191 48 donner,
2592 435 90 27 aux
2716 433 81 29 con-

1619 496 199 32 currents
1867 486 52 41 de
1969 486 40 41 la
2061 483 236 43 deuxième
2349 484 201 53 épreuve,
2606 483 51 42 de
2707 497 88 28 nou-

1618 548 132 42 velles
1778 549 305 54 explications
2110 563 59 26 ou
2199 547 74 42 des
2301 547 270 42 documents
2599 546 103 55 plus
2729 545 72 42 for-

1621 613 122 43 mels,
1793 611 290 54 susceptibles
2131 610 51 42 de
2229 611 58 42 les
2333 625 178 28 amener
2555 610 104 54 plus
2704 610 96 42 sûre-

1619 689 124 30 ment
1774 676 21 41 à
1826 691 87 26 une
1945 674 131 43 étude
2106 672 194 56 parfaite
2331 674 51 41 de
2417 673 93 43 leur
2542 686 163 30 œuvre.
2741 673 84 43 Ces

1619 738 330 54 compléments
1994 737 362 43 d'information
2401 752 52 26 ne
2497 750 199 41 peuvent
2738 735 88 42 être

1620 802 174 41 donnés
1825 818 86 40 que
1943 801 113 42 dans
2088 800 73 42 des
2192 799 265 43 conditions
2488 811 41 31 et
2559 799 73 42 des
2664 813 135 40 garan-

1621 865 78 41 ties
1737 866 51 45 de
1823 864 195 55 parfaite
2054 862 160 56 égalité
2250 878 118 39 pour
2405 874 104 31 tous
2548 864 58 41 les
2641 862 161 43 intéres-

1621 929 75 41 sés.
1735 928 36 43 Il
1808 928 102 45 faut
1944 927 138 43 éviter
2119 926 103 42 d'en
2258 928 166 42 arriver
2459 926 22 42 à
2516 924 217 45 modifier
2768 926 58 42 les

1620 992 164 42 clauses
1809 991 274 55 principales
2109 991 60 41 du
2195 1005 221 27 concours
2442 1004 60 28 ou
2528 991 59 41 les
2613 987 213 44 éléments

1621 1055 180 43 d'étude
1838 1053 213 58 indiqués
2086 1069 82 39 par
2210 1055 35 42 le
2283 1067 307 40 programme.
2631 1051 195 44 Celui-ci

1622 1118 98 45 doit
1750 1133 233 28 conserver
2015 1117 218 55 jusqu'au
2268 1116 117 42 bout
2416 1131 82 27 son
2530 1115 213 43 caractère
2777 1115 49 43 de

1621 1193 179 31 contrat
1834 1194 253 42 engageant
2122 1180 119 42 deux
2275 1178 180 56 parties.

1623 1320 58 42 V.
1725 1319 312 45 RAPPORT
2079 1318 97 43 DU
2218 1318 187 44 JURY.

1693 1422 35 45 Il
1755 1423 198 53 importe
1981 1436 86 40 que
2094 1423 36 39 le
2155 1430 190 43 rapport
2371 1419 59 41 du
2455 1418 108 55 jury
2589 1419 89 42 soit
2703 1432 94 28 com-

1621 1485 106 53 plet,
1771 1483 172 45 motivé
1981 1497 40 30 et
2062 1483 144 41 même
2245 1482 86 42 très
2371 1481 223 54 explicite.
2636 1481 193 55 Chaque

1621 1559 268 31 concurrent
1918 1563 91 26 sera
2040 1547 114 43 ainsi
2185 1545 202 42 informé
2416 1546 74 41 des
2519 1559 166 28 erreurs
2715 1543 112 43 dans

1625 1612 229 55 lesquelles
1887 1611 32 44 il
1952 1626 107 27 aura
2093 1625 61 38 pu
2188 1623 144 28 verser
2364 1622 40 30 et
2437 1610 73 41 des
2543 1608 174 43 raisons
2750 1606 79 56 qui

1624 1674 302 42 déterminent
1962 1689 83 27 son
2079 1672 282 44 classement.

1693 1750 60 42 Le
1788 1761 190 43 rapport
2014 1749 114 41 d'un
2164 1749 106 53 jury
2305 1747 214 54 composé
2555 1747 51 42 de
2642 1761 161 40 person-

1624 1813 159 43 nalités
1803 1812 191 43 choisies
2018 1827 118 40 pour
2161 1812 94 42 leur
2277 1810 301 55 compétence,
2604 1809 225 44 constitue

1622 1877 112 42 ainsi
1769 1892 60 27 un
1868 1877 251 41 document
2155 1874 388 55 d'enseignement
2579 1872 250 56 profitable

1621 1940 21 41 à
1671 1952 117 31 tous.

1689 2015 60 44 Le
1787 2027 189 42 rapport
2013 2013 134 43 devra
2185 2013 87 43 être
2309 2011 221 44 distribué
2566 2012 21 42 à
2627 2024 103 31 tous
2769 2011 57 41 les

1621 2089 304 33 concurrents,
1972 2091 91 28 aux
2108 2076 181 43 sociétés
2333 2075 357 44 d'architecture,
2738 2088 89 28 aux

1622 2142 250 52 journaux,
1920 2152 78 30 etc.
2048 2140 45 42 Si
2136 2139 213 55 possible,
2395 2154 63 26 on
2505 2154 51 27 en
2604 2138 92 44 fera
2742 2152 86 28 une

1625 2203 286 54 publication
1943 2218 101 27 avec
2072 2201 245 44 fac-similé
2346 2202 73 43 des
2447 2201 173 56 projets
2648 2199 180 56 primés.

1627 2342 81 42 VI.
1746 2341 358 43 ADOPTION
2136 2340 165 42 D'UN
2331 2338 268 45 PROJET.

1695 2443 82 45 Les
1809 2441 337 56 organisateurs
2179 2441 262 54 s'engagent
2473 2441 22 41 à
2530 2452 211 42 respecter
2775 2439 55 43 les

1626 2506 219 42 décisions
1872 2506 60 41 du
1961 2504 122 54 jury.
2118 2504 81 43 Les
2228 2516 179 32 auteurs
2433 2516 267 31 conservent
2729 2516 101 31 tous

1625 2568 57 43 les
1717 2569 144 42 droits
1894 2569 80 54 qui
2008 2569 95 41 leur
2136 2578 107 32 sont
2276 2566 167 44 assurés
2476 2582 80 39 par
2589 2566 38 44 la
2664 2567 59 41 loi
2756 2579 74 29 sur

1625 2633 57 41 les
1705 2632 145 42 droits
1875 2632 246 42 d'auteurs.

1627 2770 108 42 VII.
1779 2769 423 43 EXPOSITION.

1693 2870 325 54 L'exposition
2047 2871 74 42 des
2147 2870 173 55 projets
2347 2886 40 27 se
2413 2870 92 43 fera
2533 2871 112 41 dans
2674 2885 59 28 un
2764 2869 44 42 lo-

1624 2935 63 42 cal
1716 2934 262 43 facilement
2006 2934 243 43 accessible,
2281 2933 78 56 qui
2386 2949 90 28 sera
2505 2932 188 56 indiqué
2721 2932 110 42 dans

1623 2998 35 44 le
1679 3012 307 40 programme,
2014 2998 113 43 ainsi
2154 3012 86 40 que
2263 2996 40 44 la
2329 2996 131 43 durée
2483 2997 51 41 de
2557 3008 108 31 cette
2689 3010 113 40 expo-

1625 3061 154 41 sition,
1817 3060 188 43 Celle-ci
2039 3060 226 44 constitue
2301 3062 36 41 le
2370 3071 365 31 couronnement
2771 3059 59 41 du

1624 3139 221 27 concours
1882 3137 40 31 et
1962 3123 119 44 revêt
2119 3124 50 42 de
2206 3139 42 26 ce
2282 3123 104 42 chef
2423 3138 86 32 une
2548 3123 283 54 importance

1623 3186 325 44 considérable.

1696 3263 75 42 On
1802 3278 108 38 peut
1936 3262 181 55 prévoir
2148 3263 35 42 le
2212 3261 216 44 transfert
2454 3262 51 42 de
2533 3261 297 53 l'exposition

1626 3327 113 40 dans
1775 3327 199 40 d'autres
2009 3325 143 42 villes.

1628 3464 134 42 VIII.
1799 3464 361 44 CONCOURS
2195 3463 472 45 D'URBANISME.

1698 3565 125 43 Pour
1869 3566 57 42 les
1972 3580 220 28 concours
2237 3563 386 46 d'urbanisation,
2671 3565 28 43 il
2745 3577 89 28 sera

1630 3629 189 54 procédé
1856 3630 52 43 de
1945 3629 144 42 même
2127 3628 196 43 manière
2360 3644 86 39 que
2481 3643 119 39 pour
2638 3628 57 43 les
2730 3642 78 27 con-

1629 3708 130 27 cours
1794 3692 358 45 d'architecture.
