<?xml version="1.0" encoding="UTF-8"?>
<alto xmlns:xsi="http://www.w3.org/2001/XMLSchema-instance" xmlns="http://www.loc.gov/standards/alto/ns-v2#" xsi:schemaLocation="http://www.loc.gov/standards/alto/ns-v2# http://www.loc.gov/standards/alto/v2/alto-2-0.xsd" xmlns:xlink="http://www.w3.org/1999/xlink">
	<Description>
		<MeasurementUnit>mm10</MeasurementUnit>
		<sourceImageInformation>
			<fileName>./bmtnabs_1921-10-10_01_0054.jp2</fileName>
		</sourceImageInformation>
		<OCRProcessing ID="OCRPROCESSING_1">
			<preProcessingStep>
				<processingSoftware>
					<softwareCreator>CCS Content Conversion Specialists GmbH, Germany</softwareCreator>
					<softwareName>CCS docWorks</softwareName>
					<softwareVersion>6.8-1.27</softwareVersion>
				</processingSoftware>
			</preProcessingStep>
			<ocrProcessingStep>
				<processingSoftware>
					<softwareCreator>ABBYY (BIT Software), Russia</softwareCreator>
					<softwareName>FineReader</softwareName>
					<softwareVersion>11.0</softwareVersion>
				</processingSoftware>
			</ocrProcessingStep>
			<postProcessingStep>
				<processingSoftware>
					<softwareCreator>CCS Content Conversion Specialists GmbH, Germany</softwareCreator>
					<softwareName>CCS docWorks</softwareName>
					<softwareVersion>6.8-1.27</softwareVersion>
					<applicationDescription>docWorks: Text modified manually, or automatically replaced</applicationDescription>
				</processingSoftware>
			</postProcessingStep>
		</OCRProcessing>
	</Description>
	<Styles>
		<TextStyle ID="TXT_0" FONTSIZE="12" FONTFAMILY="Arial"/>
		<TextStyle ID="TXT_1" FONTSIZE="12" FONTFAMILY="Times New Roman"/>
		<TextStyle ID="TXT_2" FONTSIZE="11" FONTFAMILY="Times New Roman" FONTSTYLE="bold"/>
		<TextStyle ID="TXT_3" FONTSIZE="11" FONTFAMILY="Times New Roman"/>
		<TextStyle ID="TXT_4" FONTSIZE="14" FONTFAMILY="Arial" FONTSTYLE="bold"/>
		<TextStyle ID="TXT_5" FONTSIZE="24" FONTFAMILY="Arial" FONTSTYLE="bold"/>
		<ParagraphStyle ID="PAR_LEFT" ALIGN="Left"/>
		<ParagraphStyle ID="PAR_RIGHT" ALIGN="Right"/>
	</Styles>
	<Layout>
		<Page ID="P54" PHYSICAL_IMG_NR="54" HEIGHT="2540" WIDTH="1564" PRINTED_IMG_NR="460" PC="0.969">
			<TopMargin ID="P54_TM00001" HPOS="0" VPOS="0" WIDTH="1564" HEIGHT="225"/>
			<LeftMargin ID="P54_LM00001" HPOS="0" VPOS="225" WIDTH="303" HEIGHT="1968"/>
			<RightMargin ID="P54_RM00001" HPOS="1511" VPOS="225" WIDTH="53" HEIGHT="1968"/>
			<BottomMargin ID="P54_BM00001" HPOS="0" VPOS="2193" WIDTH="1564" HEIGHT="347">
				<TextBlock ID="P54_TB00001" HPOS="332" VPOS="2196" WIDTH="65" HEIGHT="35" STYLEREFS="TXT_0 PAR_LEFT">
					<TextLine ID="P54_TL00001" HPOS="332" VPOS="2196" WIDTH="65" HEIGHT="35">
						<String ID="P54_ST00001" HPOS="332" VPOS="2196" WIDTH="65" HEIGHT="35" CONTENT="460" WC="1.00" CC="000"/>
					</TextLine>
				</TextBlock>
			</BottomMargin>
			<PrintSpace ID="P54_PS00001" HPOS="303" VPOS="225" WIDTH="1208" HEIGHT="1968">
				<TextBlock ID="P54_TB00002" HPOS="1167" VPOS="1204" WIDTH="307" HEIGHT="37" STYLEREFS="TXT_1 PAR_RIGHT">
					<TextLine ID="P54_TL00002" HPOS="1171" VPOS="1204" WIDTH="303" HEIGHT="37">
						<String ID="P54_ST00002" HPOS="1171" VPOS="1204" WIDTH="151" HEIGHT="37" CONTENT="Georg" WC="0.96" CC="61777"/>
						<SP ID="P54_SP00001" HPOS="1322" VPOS="1241" WIDTH="30"/>
						<String ID="P54_ST00003" HPOS="1352" VPOS="1204" WIDTH="122" HEIGHT="37" CONTENT="Heym" WC="0.98" CC="0000"/>
					</TextLine>
				</TextBlock>
				<TextBlock ID="P54_TB00003" HPOS="304" VPOS="225" WIDTH="1207" HEIGHT="982" STYLEREFS="TXT_2 PAR_LEFT">
					<Shape>
						<Polygon POINTS="1511,1207 1485,1207 1485,1193 1156,1193 1156,1207 304,1207 304,225 1511,225"/>
					</Shape>
					<TextLine ID="P54_TL00003" HPOS="387" VPOS="226" WIDTH="1109" HEIGHT="49">
						<String ID="P54_ST00004" HPOS="387" VPOS="242" WIDTH="49" HEIGHT="31" CONTENT="Sie" WC="0.98" CC="005"/>
						<SP ID="P54_SP00002" HPOS="436" VPOS="273" WIDTH="21"/>
						<String ID="P54_ST00005" HPOS="457" VPOS="247" WIDTH="103" HEIGHT="25" CONTENT="waren" WC="0.96" CC="34767"/>
						<SP ID="P54_SP00003" HPOS="560" VPOS="273" WIDTH="24"/>
						<String ID="P54_ST00006" HPOS="584" VPOS="237" WIDTH="174" HEIGHT="38" CONTENT="waffenlos," WC="0.98" CC="0577666554"/>
						<SP ID="P54_SP00004" HPOS="758" VPOS="275" WIDTH="23"/>
						<String ID="P54_ST00007" HPOS="781" VPOS="244" WIDTH="67" HEIGHT="22" CONTENT="was" WC="1.00" CC="000"/>
						<SP ID="P54_SP00005" HPOS="848" VPOS="275" WIDTH="22"/>
						<String ID="P54_ST00008" HPOS="870" VPOS="232" WIDTH="127" HEIGHT="33" CONTENT="schadet" WC="0.98" CC="0452655"/>
						<SP ID="P54_SP00006" HPOS="997" VPOS="275" WIDTH="23"/>
						<String ID="P54_ST00009" HPOS="1020" VPOS="231" WIDTH="66" HEIGHT="39" CONTENT="das," WC="0.97" CC="6014"/>
						<SP ID="P54_SP00007" HPOS="1086" VPOS="275" WIDTH="21"/>
						<String ID="P54_ST00010" HPOS="1107" VPOS="232" WIDTH="44" HEIGHT="29" CONTENT="sie" WC="0.99" CC="020"/>
						<SP ID="P54_SP00008" HPOS="1151" VPOS="275" WIDTH="22"/>
						<String ID="P54_ST00011" HPOS="1173" VPOS="237" WIDTH="105" HEIGHT="23" CONTENT="waren" WC="0.97" CC="09560"/>
						<SP ID="P54_SP00009" HPOS="1278" VPOS="275" WIDTH="25"/>
						<String ID="P54_ST00012" HPOS="1303" VPOS="227" WIDTH="82" HEIGHT="31" CONTENT="ohne" WC="0.96" CC="6705"/>
						<SP ID="P54_SP00010" HPOS="1385" VPOS="275" WIDTH="22"/>
						<String ID="P54_ST00013" HPOS="1407" VPOS="226" WIDTH="67" HEIGHT="32" CONTENT="Kom" SUBS_TYPE="HypPart1" SUBS_CONTENT="Kommandanten," WC="0.96" CC="506"/>
						<HYP HPOS="1474" VPOS="226" WIDTH="22" CONTENT="-"/>
					</TextLine>
					<TextLine ID="P54_TL00004" HPOS="304" VPOS="273" WIDTH="1192" HEIGHT="53">
						<String ID="P54_ST00014" HPOS="304" VPOS="288" WIDTH="196" HEIGHT="38" CONTENT="mandanten," SUBS_TYPE="HypPart2" SUBS_CONTENT="Kommandanten," WC="0.99" CC="6070004164"/>
						<SP ID="P54_SP00011" HPOS="500" VPOS="326" WIDTH="20"/>
						<String ID="P54_ST00015" HPOS="520" VPOS="294" WIDTH="68" HEIGHT="22" CONTENT="was" WC="1.00" CC="001"/>
						<SP ID="P54_SP00012" HPOS="588" VPOS="326" WIDTH="18"/>
						<String ID="P54_ST00016" HPOS="606" VPOS="286" WIDTH="43" HEIGHT="29" CONTENT="tat" WC="0.98" CC="400"/>
						<SP ID="P54_SP00013" HPOS="649" VPOS="326" WIDTH="16"/>
						<String ID="P54_ST00017" HPOS="665" VPOS="283" WIDTH="79" HEIGHT="31" CONTENT="das?" WC="1.00" CC="0100"/>
						<SP ID="P54_SP00014" HPOS="744" VPOS="326" WIDTH="34"/>
						<String ID="P54_ST00018" HPOS="778" VPOS="282" WIDTH="61" HEIGHT="30" CONTENT="Wo" WC="0.44" CC="55"/>
						<SP ID="P54_SP00015" HPOS="839" VPOS="326" WIDTH="18"/>
						<String ID="P54_ST00019" HPOS="857" VPOS="288" WIDTH="68" HEIGHT="24" CONTENT="war" WC="1.00" CC="000"/>
						<SP ID="P54_SP00016" HPOS="925" VPOS="326" WIDTH="17"/>
						<String ID="P54_ST00020" HPOS="942" VPOS="288" WIDTH="64" HEIGHT="22" CONTENT="nun" WC="0.95" CC="660"/>
						<SP ID="P54_SP00017" HPOS="1006" VPOS="326" WIDTH="21"/>
						<String ID="P54_ST00021" HPOS="1027" VPOS="277" WIDTH="55" HEIGHT="31" CONTENT="der" WC="0.97" CC="007"/>
						<SP ID="P54_SP00018" HPOS="1082" VPOS="326" WIDTH="17"/>
						<String ID="P54_ST00022" HPOS="1099" VPOS="277" WIDTH="141" HEIGHT="37" CONTENT="Hunger," WC="0.97" CC="6667063"/>
						<SP ID="P54_SP00019" HPOS="1240" VPOS="326" WIDTH="17"/>
						<String ID="P54_ST00023" HPOS="1257" VPOS="284" WIDTH="54" HEIGHT="21" CONTENT="wo" WC="0.75" CC="04"/>
						<SP ID="P54_SP00020" HPOS="1311" VPOS="326" WIDTH="17"/>
						<String ID="P54_ST00024" HPOS="1328" VPOS="281" WIDTH="106" HEIGHT="23" CONTENT="waren" WC="0.98" CC="04607"/>
						<SP ID="P54_SP00021" HPOS="1434" VPOS="326" WIDTH="17"/>
						<String ID="P54_ST00025" HPOS="1451" VPOS="273" WIDTH="45" HEIGHT="31" CONTENT="die" WC="0.96" CC="063"/>
					</TextLine>
					<TextLine ID="P54_TL00005" HPOS="305" VPOS="333" WIDTH="143" HEIGHT="38">
						<String ID="P54_ST00026" HPOS="305" VPOS="333" WIDTH="143" HEIGHT="38" CONTENT="Qualen?" WC="0.98" CC="0730073"/>
					</TextLine>
					<TextLine ID="P54_TL00006" HPOS="387" VPOS="366" WIDTH="1111" HEIGHT="45">
						<String ID="P54_ST00027" HPOS="387" VPOS="380" WIDTH="76" HEIGHT="31" CONTENT="Und" WC="1.00" CC="000"/>
						<SP ID="P54_SP00022" HPOS="463" VPOS="411" WIDTH="21"/>
						<String ID="P54_ST00028" HPOS="484" VPOS="379" WIDTH="57" HEIGHT="30" CONTENT="das" WC="0.99" CC="003"/>
						<SP ID="P54_SP00023" HPOS="541" VPOS="411" WIDTH="20"/>
						<String ID="P54_ST00029" HPOS="561" VPOS="376" WIDTH="164" HEIGHT="32" CONTENT="Abendrot" WC="0.98" CC="05570460"/>
						<SP ID="P54_SP00024" HPOS="725" VPOS="411" WIDTH="20"/>
						<String ID="P54_ST00030" HPOS="745" VPOS="375" WIDTH="50" HEIGHT="31" CONTENT="lief" WC="0.97" CC="0047"/>
						<SP ID="P54_SP00025" HPOS="795" VPOS="411" WIDTH="23"/>
						<String ID="P54_ST00031" HPOS="818" VPOS="374" WIDTH="76" HEIGHT="30" CONTENT="über" WC="0.97" CC="0545"/>
						<SP ID="P54_SP00026" HPOS="894" VPOS="411" WIDTH="23"/>
						<String ID="P54_ST00032" HPOS="917" VPOS="374" WIDTH="43" HEIGHT="28" CONTENT="sie" WC="0.99" CC="020"/>
						<SP ID="P54_SP00027" HPOS="960" VPOS="411" WIDTH="22"/>
						<String ID="P54_ST00033" HPOS="982" VPOS="371" WIDTH="64" HEIGHT="40" CONTENT="hin," WC="0.98" CC="5004"/>
						<SP ID="P54_SP00028" HPOS="1046" VPOS="411" WIDTH="23"/>
						<String ID="P54_ST00034" HPOS="1069" VPOS="370" WIDTH="77" HEIGHT="30" CONTENT="über" WC="0.97" CC="0714"/>
						<SP ID="P54_SP00029" HPOS="1146" VPOS="411" WIDTH="21"/>
						<String ID="P54_ST00035" HPOS="1167" VPOS="368" WIDTH="67" HEIGHT="31" CONTENT="ihre" WC="0.96" CC="0764"/>
						<SP ID="P54_SP00030" HPOS="1234" VPOS="411" WIDTH="21"/>
						<String ID="P54_ST00036" HPOS="1255" VPOS="366" WIDTH="162" HEIGHT="32" CONTENT="Gesichter" WC="0.98" CC="569470646"/>
						<SP ID="P54_SP00031" HPOS="1417" VPOS="411" WIDTH="19"/>
						<String ID="P54_ST00037" HPOS="1436" VPOS="367" WIDTH="62" HEIGHT="30" CONTENT="und" WC="0.92" CC="776"/>
					</TextLine>
					<TextLine ID="P54_TL00007" HPOS="306" VPOS="411" WIDTH="1194" HEIGHT="48">
						<String ID="P54_ST00038" HPOS="306" VPOS="428" WIDTH="130" HEIGHT="31" CONTENT="brannte" WC="0.98" CC="7737700"/>
						<SP ID="P54_SP00032" HPOS="436" VPOS="459" WIDTH="26"/>
						<String ID="P54_ST00039" HPOS="462" VPOS="425" WIDTH="51" HEIGHT="31" CONTENT="auf" WC="0.95" CC="057"/>
						<SP ID="P54_SP00033" HPOS="513" VPOS="459" WIDTH="27"/>
						<String ID="P54_ST00040" HPOS="540" VPOS="425" WIDTH="66" HEIGHT="30" CONTENT="ihre" WC="0.97" CC="0750"/>
						<SP ID="P54_SP00034" HPOS="606" VPOS="459" WIDTH="26"/>
						<String ID="P54_ST00041" HPOS="632" VPOS="423" WIDTH="121" HEIGHT="30" CONTENT="Stirnen" WC="0.98" CC="0017617"/>
						<SP ID="P54_SP00035" HPOS="753" VPOS="459" WIDTH="28"/>
						<String ID="P54_ST00042" HPOS="781" VPOS="421" WIDTH="88" HEIGHT="30" CONTENT="einen" WC="0.98" CC="01036"/>
						<SP ID="P54_SP00036" HPOS="869" VPOS="459" WIDTH="28"/>
						<String ID="P54_ST00043" HPOS="897" VPOS="419" WIDTH="120" HEIGHT="38" CONTENT="ewigen" WC="0.98" CC="003507"/>
						<SP ID="P54_SP00037" HPOS="1017" VPOS="459" WIDTH="27"/>
						<String ID="P54_ST00044" HPOS="1044" VPOS="417" WIDTH="115" HEIGHT="30" CONTENT="Traum" WC="0.98" CC="04060"/>
						<SP ID="P54_SP00038" HPOS="1159" VPOS="459" WIDTH="26"/>
						<String ID="P54_ST00045" HPOS="1185" VPOS="424" WIDTH="63" HEIGHT="22" CONTENT="von" WC="0.95" CC="427"/>
						<SP ID="P54_SP00039" HPOS="1248" VPOS="459" WIDTH="25"/>
						<String ID="P54_ST00046" HPOS="1273" VPOS="413" WIDTH="119" HEIGHT="31" CONTENT="Größe." WC="0.98" CC="550043"/>
						<SP ID="P54_SP00040" HPOS="1392" VPOS="459" WIDTH="52"/>
						<String ID="P54_ST00047" HPOS="1444" VPOS="411" WIDTH="56" HEIGHT="30" CONTENT="Die" WC="0.98" CC="130"/>
					</TextLine>
					<TextLine ID="P54_TL00008" HPOS="305" VPOS="456" WIDTH="1195" HEIGHT="57">
						<String ID="P54_ST00048" HPOS="305" VPOS="483" WIDTH="100" HEIGHT="30" CONTENT="ganze" WC="0.99" CC="00600"/>
						<SP ID="P54_SP00041" HPOS="405" VPOS="513" WIDTH="18"/>
						<String ID="P54_ST00049" HPOS="423" VPOS="470" WIDTH="201" HEIGHT="33" CONTENT="meilenweite" WC="0.99" CC="03054005300"/>
						<SP ID="P54_SP00042" HPOS="624" VPOS="513" WIDTH="19"/>
						<String ID="P54_ST00050" HPOS="643" VPOS="468" WIDTH="109" HEIGHT="32" CONTENT="Straße" WC="0.99" CC="006000"/>
						<SP ID="P54_SP00043" HPOS="752" VPOS="513" WIDTH="20"/>
						<String ID="P54_ST00051" HPOS="772" VPOS="467" WIDTH="152" HEIGHT="30" CONTENT="brannten" WC="0.99" CC="06000006"/>
						<SP ID="P54_SP00044" HPOS="924" VPOS="513" WIDTH="19"/>
						<String ID="P54_ST00052" HPOS="943" VPOS="463" WIDTH="132" HEIGHT="31" CONTENT="tausend" WC="0.99" CC="0057700"/>
						<SP ID="P54_SP00045" HPOS="1075" VPOS="513" WIDTH="19"/>
						<String ID="P54_ST00053" HPOS="1094" VPOS="461" WIDTH="101" HEIGHT="39" CONTENT="Köpfe" WC="0.98" CC="20670"/>
						<SP ID="P54_SP00046" HPOS="1195" VPOS="513" WIDTH="20"/>
						<String ID="P54_ST00054" HPOS="1215" VPOS="461" WIDTH="32" HEIGHT="30" CONTENT="in" WC="0.81" CC="30"/>
						<SP ID="P54_SP00047" HPOS="1247" VPOS="513" WIDTH="21"/>
						<String ID="P54_ST00055" HPOS="1268" VPOS="460" WIDTH="113" HEIGHT="29" CONTENT="seinem" WC="1.00" CC="050000"/>
						<SP ID="P54_SP00048" HPOS="1381" VPOS="513" WIDTH="20"/>
						<String ID="P54_ST00056" HPOS="1401" VPOS="456" WIDTH="99" HEIGHT="32" CONTENT="Lichte" WC="0.99" CC="240052"/>
					</TextLine>
					<TextLine ID="P54_TL00009" HPOS="305" VPOS="513" WIDTH="590" HEIGHT="44">
						<String ID="P54_ST00057" HPOS="305" VPOS="521" WIDTH="61" HEIGHT="30" CONTENT="wie" WC="0.96" CC="342"/>
						<SP ID="P54_SP00049" HPOS="366" VPOS="551" WIDTH="15"/>
						<String ID="P54_ST00058" HPOS="381" VPOS="521" WIDTH="49" HEIGHT="29" CONTENT="ein" WC="0.99" CC="020"/>
						<SP ID="P54_SP00050" HPOS="430" VPOS="551" WIDTH="17"/>
						<String ID="P54_ST00059" HPOS="447" VPOS="519" WIDTH="96" HEIGHT="38" CONTENT="Meer," WC="0.99" CC="00051"/>
						<SP ID="P54_SP00051" HPOS="543" VPOS="557" WIDTH="19"/>
						<String ID="P54_ST00060" HPOS="562" VPOS="517" WIDTH="48" HEIGHT="30" CONTENT="ein" WC="0.99" CC="100"/>
						<SP ID="P54_SP00052" HPOS="610" VPOS="557" WIDTH="18"/>
						<String ID="P54_ST00061" HPOS="628" VPOS="516" WIDTH="155" HEIGHT="37" CONTENT="urewiges" WC="0.76" CC="65500001"/>
						<SP ID="P54_SP00053" HPOS="783" VPOS="557" WIDTH="16"/>
						<String ID="P54_ST00062" HPOS="799" VPOS="513" WIDTH="96" HEIGHT="30" CONTENT="Meer." WC="0.98" CC="04054"/>
					</TextLine>
					<TextLine ID="P54_TL00010" HPOS="392" VPOS="549" WIDTH="1110" HEIGHT="53">
						<String ID="P54_ST00063" HPOS="392" VPOS="565" WIDTH="69" HEIGHT="31" CONTENT="Ihre" WC="0.97" CC="7050"/>
						<SP ID="P54_SP00054" HPOS="461" VPOS="596" WIDTH="23"/>
						<String ID="P54_ST00064" HPOS="484" VPOS="564" WIDTH="133" HEIGHT="38" CONTENT="Herzen," WC="0.99" CC="7041204"/>
						<SP ID="P54_SP00055" HPOS="617" VPOS="602" WIDTH="24"/>
						<String ID="P54_ST00065" HPOS="641" VPOS="561" WIDTH="49" HEIGHT="31" CONTENT="die" WC="0.96" CC="910"/>
						<SP ID="P54_SP00056" HPOS="690" VPOS="602" WIDTH="22"/>
						<String ID="P54_ST00066" HPOS="712" VPOS="562" WIDTH="32" HEIGHT="30" CONTENT="in" WC="1.00" CC="00"/>
						<SP ID="P54_SP00057" HPOS="744" VPOS="602" WIDTH="24"/>
						<String ID="P54_ST00067" HPOS="768" VPOS="559" WIDTH="55" HEIGHT="31" CONTENT="der" WC="0.98" CC="005"/>
						<SP ID="P54_SP00058" HPOS="823" VPOS="602" WIDTH="23"/>
						<String ID="P54_ST00068" HPOS="846" VPOS="558" WIDTH="111" HEIGHT="30" CONTENT="trüben" WC="0.98" CC="120507"/>
						<SP ID="P54_SP00059" HPOS="957" VPOS="602" WIDTH="24"/>
						<String ID="P54_ST00069" HPOS="981" VPOS="556" WIDTH="68" HEIGHT="31" CONTENT="Flut" WC="0.96" CC="3660"/>
						<SP ID="P54_SP00060" HPOS="1049" VPOS="602" WIDTH="23"/>
						<String ID="P54_ST00070" HPOS="1072" VPOS="555" WIDTH="54" HEIGHT="30" CONTENT="der" WC="0.96" CC="063"/>
						<SP ID="P54_SP00061" HPOS="1126" VPOS="602" WIDTH="22"/>
						<String ID="P54_ST00071" HPOS="1148" VPOS="554" WIDTH="104" HEIGHT="38" CONTENT="Jahre," WC="0.98" CC="306303"/>
						<SP ID="P54_SP00062" HPOS="1252" VPOS="602" WIDTH="22"/>
						<String ID="P54_ST00072" HPOS="1274" VPOS="553" WIDTH="31" HEIGHT="30" CONTENT="in" WC="0.62" CC="06"/>
						<SP ID="P54_SP00063" HPOS="1305" VPOS="602" WIDTH="23"/>
						<String ID="P54_ST00073" HPOS="1328" VPOS="552" WIDTH="55" HEIGHT="30" CONTENT="der" WC="0.98" CC="006"/>
						<SP ID="P54_SP00064" HPOS="1383" VPOS="602" WIDTH="21"/>
						<String ID="P54_ST00074" HPOS="1404" VPOS="549" WIDTH="98" HEIGHT="31" CONTENT="Asche" WC="1.00" CC="00004"/>
					</TextLine>
					<TextLine ID="P54_TL00011" HPOS="307" VPOS="597" WIDTH="1195" HEIGHT="47">
						<String ID="P54_ST00075" HPOS="307" VPOS="613" WIDTH="55" HEIGHT="29" CONTENT="der" WC="1.00" CC="000"/>
						<SP ID="P54_SP00065" HPOS="362" VPOS="642" WIDTH="21"/>
						<String ID="P54_ST00076" HPOS="383" VPOS="610" WIDTH="127" HEIGHT="31" CONTENT="Mühsal" WC="0.99" CC="000065"/>
						<SP ID="P54_SP00066" HPOS="510" VPOS="642" WIDTH="22"/>
						<String ID="P54_ST00077" HPOS="532" VPOS="608" WIDTH="121" HEIGHT="31" CONTENT="erstickt" WC="0.99" CC="06900000"/>
						<SP ID="P54_SP00067" HPOS="653" VPOS="642" WIDTH="20"/>
						<String ID="P54_ST00078" HPOS="673" VPOS="614" WIDTH="117" HEIGHT="30" CONTENT="waren," WC="0.99" CC="007102"/>
						<SP ID="P54_SP00068" HPOS="790" VPOS="644" WIDTH="21"/>
						<String ID="P54_ST00079" HPOS="811" VPOS="605" WIDTH="105" HEIGHT="37" CONTENT="fingen" WC="0.99" CC="520000"/>
						<SP ID="P54_SP00069" HPOS="916" VPOS="644" WIDTH="21"/>
						<String ID="P54_ST00080" HPOS="937" VPOS="602" WIDTH="117" HEIGHT="32" CONTENT="wieder" WC="0.98" CC="007026"/>
						<SP ID="P54_SP00070" HPOS="1054" VPOS="644" WIDTH="21"/>
						<String ID="P54_ST00081" HPOS="1075" VPOS="610" WIDTH="50" HEIGHT="29" CONTENT="an," WC="0.96" CC="073"/>
						<SP ID="P54_SP00071" HPOS="1125" VPOS="644" WIDTH="21"/>
						<String ID="P54_ST00082" HPOS="1146" VPOS="609" WIDTH="41" HEIGHT="21" CONTENT="zu" WC="0.66" CC="06"/>
						<SP ID="P54_SP00072" HPOS="1187" VPOS="644" WIDTH="20"/>
						<String ID="P54_ST00083" HPOS="1207" VPOS="599" WIDTH="148" HEIGHT="36" CONTENT="brennen," WC="0.98" CC="60455171"/>
						<SP ID="P54_SP00073" HPOS="1355" VPOS="644" WIDTH="22"/>
						<String ID="P54_ST00084" HPOS="1377" VPOS="597" WIDTH="45" HEIGHT="30" CONTENT="sie" WC="0.97" CC="502"/>
						<SP ID="P54_SP00074" HPOS="1422" VPOS="644" WIDTH="22"/>
						<String ID="P54_ST00085" HPOS="1444" VPOS="599" WIDTH="44" HEIGHT="28" CONTENT="ent" SUBS_TYPE="HypPart1" SUBS_CONTENT="entzündeten" WC="0.99" CC="004"/>
						<HYP HPOS="1488" VPOS="599" WIDTH="14" CONTENT="-"/>
					</TextLine>
					<TextLine ID="P54_TL00012" HPOS="308" VPOS="651" WIDTH="581" HEIGHT="38">
						<String ID="P54_ST00086" HPOS="308" VPOS="658" WIDTH="153" HEIGHT="31" CONTENT="zündeten" SUBS_TYPE="HypPart2" SUBS_CONTENT="entzündeten" WC="0.99" CC="10003607"/>
						<SP ID="P54_SP00075" HPOS="461" VPOS="689" WIDTH="21"/>
						<String ID="P54_ST00087" HPOS="482" VPOS="656" WIDTH="66" HEIGHT="30" CONTENT="sich" WC="0.98" CC="0107"/>
						<SP ID="P54_SP00076" HPOS="548" VPOS="689" WIDTH="22"/>
						<String ID="P54_ST00088" HPOS="570" VPOS="665" WIDTH="39" HEIGHT="20" CONTENT="an" WC="0.97" CC="00"/>
						<SP ID="P54_SP00077" HPOS="609" VPOS="689" WIDTH="23"/>
						<String ID="P54_ST00089" HPOS="632" VPOS="654" WIDTH="114" HEIGHT="30" CONTENT="diesem" WC="0.99" CC="001660"/>
						<SP ID="P54_SP00078" HPOS="746" VPOS="689" WIDTH="21"/>
						<String ID="P54_ST00090" HPOS="767" VPOS="651" WIDTH="122" HEIGHT="32" CONTENT="Abend." WC="0.99" CC="060003"/>
					</TextLine>
					<TextLine ID="P54_TL00013" HPOS="393" VPOS="688" WIDTH="1110" HEIGHT="54">
						<String ID="P54_ST00091" HPOS="393" VPOS="704" WIDTH="50" HEIGHT="31" CONTENT="Sie" WC="0.98" CC="032"/>
						<SP ID="P54_SP00079" HPOS="443" VPOS="735" WIDTH="24"/>
						<String ID="P54_ST00092" HPOS="467" VPOS="702" WIDTH="103" HEIGHT="40" CONTENT="gaben" WC="0.99" CC="00005"/>
						<SP ID="P54_SP00080" HPOS="570" VPOS="742" WIDTH="26"/>
						<String ID="P54_ST00093" HPOS="596" VPOS="700" WIDTH="66" HEIGHT="31" CONTENT="sich" WC="0.98" CC="0407"/>
						<SP ID="P54_SP00081" HPOS="662" VPOS="742" WIDTH="29"/>
						<String ID="P54_ST00094" HPOS="691" VPOS="699" WIDTH="49" HEIGHT="30" CONTENT="die" WC="1.00" CC="000"/>
						<SP ID="P54_SP00082" HPOS="740" VPOS="742" WIDTH="26"/>
						<String ID="P54_ST00095" HPOS="766" VPOS="698" WIDTH="111" HEIGHT="31" CONTENT="Hände" WC="0.99" CC="60000"/>
						<SP ID="P54_SP00083" HPOS="877" VPOS="742" WIDTH="27"/>
						<String ID="P54_ST00096" HPOS="904" VPOS="696" WIDTH="51" HEIGHT="31" CONTENT="auf" WC="0.94" CC="077"/>
						<SP ID="P54_SP00084" HPOS="955" VPOS="742" WIDTH="28"/>
						<String ID="P54_ST00097" HPOS="983" VPOS="695" WIDTH="70" HEIGHT="30" CONTENT="dem" WC="0.99" CC="030"/>
						<SP ID="P54_SP00085" HPOS="1053" VPOS="742" WIDTH="26"/>
						<String ID="P54_ST00098" HPOS="1079" VPOS="692" WIDTH="155" HEIGHT="38" CONTENT="Marsche," WC="0.99" CC="00144023"/>
						<SP ID="P54_SP00086" HPOS="1234" VPOS="742" WIDTH="27"/>
						<String ID="P54_ST00099" HPOS="1261" VPOS="691" WIDTH="46" HEIGHT="30" CONTENT="sie" WC="0.96" CC="063"/>
						<SP ID="P54_SP00087" HPOS="1307" VPOS="742" WIDTH="27"/>
						<String ID="P54_ST00100" HPOS="1334" VPOS="688" WIDTH="169" HEIGHT="31" CONTENT="umarmten" WC="0.98" CC="77070336"/>
					</TextLine>
					<TextLine ID="P54_TL00014" HPOS="308" VPOS="736" WIDTH="1197" HEIGHT="46">
						<String ID="P54_ST00101" HPOS="308" VPOS="752" WIDTH="77" HEIGHT="30" CONTENT="sich." WC="0.99" CC="00504"/>
						<SP ID="P54_SP00088" HPOS="385" VPOS="782" WIDTH="43"/>
						<String ID="P54_ST00102" HPOS="428" VPOS="750" WIDTH="49" HEIGHT="30" CONTENT="Sie" WC="0.98" CC="042"/>
						<SP ID="P54_SP00089" HPOS="477" VPOS="782" WIDTH="19"/>
						<String ID="P54_ST00103" HPOS="496" VPOS="748" WIDTH="104" HEIGHT="31" CONTENT="hatten" WC="0.99" CC="020057"/>
						<SP ID="P54_SP00090" HPOS="600" VPOS="782" WIDTH="21"/>
						<String ID="P54_ST00104" HPOS="621" VPOS="746" WIDTH="85" HEIGHT="32" CONTENT="nicht" WC="0.99" CC="00260"/>
						<SP ID="P54_SP00091" HPOS="706" VPOS="782" WIDTH="21"/>
						<String ID="P54_ST00105" HPOS="727" VPOS="746" WIDTH="143" HEIGHT="29" CONTENT="umsonst" WC="1.00" CC="7000000"/>
						<SP ID="P54_SP00092" HPOS="870" VPOS="782" WIDTH="20"/>
						<String ID="P54_ST00106" HPOS="890" VPOS="742" WIDTH="135" HEIGHT="40" CONTENT="gelitten." WC="0.99" CC="005005003"/>
						<SP ID="P54_SP00093" HPOS="1025" VPOS="782" WIDTH="42"/>
						<String ID="P54_ST00107" HPOS="1067" VPOS="740" WIDTH="50" HEIGHT="31" CONTENT="Sie" WC="0.98" CC="050"/>
						<SP ID="P54_SP00094" HPOS="1117" VPOS="782" WIDTH="19"/>
						<String ID="P54_ST00108" HPOS="1136" VPOS="738" WIDTH="129" HEIGHT="31" CONTENT="wußten" WC="0.98" CC="050655"/>
						<SP ID="P54_SP00095" HPOS="1265" VPOS="782" WIDTH="21"/>
						<String ID="P54_ST00109" HPOS="1286" VPOS="736" WIDTH="67" HEIGHT="40" CONTENT="alle," WC="0.97" CC="84503"/>
						<SP ID="P54_SP00096" HPOS="1353" VPOS="782" WIDTH="22"/>
						<String ID="P54_ST00110" HPOS="1375" VPOS="736" WIDTH="60" HEIGHT="30" CONTENT="daß" WC="1.00" CC="000"/>
						<SP ID="P54_SP00097" HPOS="1435" VPOS="782" WIDTH="26"/>
						<String ID="P54_ST00111" HPOS="1461" VPOS="736" WIDTH="44" HEIGHT="30" CONTENT="die" WC="0.93" CC="665"/>
					</TextLine>
					<TextLine ID="P54_TL00015" HPOS="311" VPOS="780" WIDTH="1193" HEIGHT="55">
						<String ID="P54_ST00112" HPOS="311" VPOS="797" WIDTH="95" HEIGHT="38" CONTENT="Jahre" WC="0.98" CC="31043"/>
						<SP ID="P54_SP00098" HPOS="406" VPOS="835" WIDTH="28"/>
						<String ID="P54_ST00113" HPOS="434" VPOS="796" WIDTH="54" HEIGHT="30" CONTENT="der" WC="0.96" CC="900"/>
						<SP ID="P54_SP00099" HPOS="488" VPOS="835" WIDTH="25"/>
						<String ID="P54_ST00114" HPOS="513" VPOS="794" WIDTH="114" HEIGHT="31" CONTENT="Leiden" WC="1.00" CC="004000"/>
						<SP ID="P54_SP00100" HPOS="627" VPOS="835" WIDTH="26"/>
						<String ID="P54_ST00115" HPOS="653" VPOS="792" WIDTH="108" HEIGHT="31" CONTENT="vorbei" WC="0.99" CC="005510"/>
						<SP ID="P54_SP00101" HPOS="761" VPOS="835" WIDTH="25"/>
						<String ID="P54_ST00116" HPOS="786" VPOS="798" WIDTH="116" HEIGHT="30" CONTENT="waren," WC="0.99" CC="006001"/>
						<SP ID="P54_SP00102" HPOS="902" VPOS="835" WIDTH="27"/>
						<String ID="P54_ST00117" HPOS="929" VPOS="787" WIDTH="66" HEIGHT="32" CONTENT="und" WC="0.97" CC="700"/>
						<SP ID="P54_SP00103" HPOS="995" VPOS="835" WIDTH="25"/>
						<String ID="P54_ST00118" HPOS="1020" VPOS="787" WIDTH="66" HEIGHT="30" CONTENT="ihre" WC="0.96" CC="0765"/>
						<SP ID="P54_SP00104" HPOS="1086" VPOS="835" WIDTH="25"/>
						<String ID="P54_ST00119" HPOS="1111" VPOS="785" WIDTH="123" HEIGHT="31" CONTENT="Herzen" WC="0.99" CC="707000"/>
						<SP ID="P54_SP00105" HPOS="1234" VPOS="835" WIDTH="25"/>
						<String ID="P54_ST00120" HPOS="1259" VPOS="784" WIDTH="140" HEIGHT="30" CONTENT="zitterten" WC="0.99" CC="030836100"/>
						<SP ID="P54_SP00106" HPOS="1399" VPOS="835" WIDTH="27"/>
						<String ID="P54_ST00121" HPOS="1426" VPOS="780" WIDTH="78" HEIGHT="32" CONTENT="leise." WC="0.97" CC="553642"/>
					</TextLine>
					<TextLine ID="P54_TL00016" HPOS="396" VPOS="834" WIDTH="1109" HEIGHT="49">
						<String ID="P54_ST00122" HPOS="396" VPOS="846" WIDTH="76" HEIGHT="31" CONTENT="Eine" WC="0.99" CC="2000"/>
						<SP ID="P54_SP00107" HPOS="472" VPOS="877" WIDTH="22"/>
						<String ID="P54_ST00123" HPOS="494" VPOS="846" WIDTH="100" HEIGHT="37" CONTENT="ewige" WC="1.00" CC="00004"/>
						<SP ID="P54_SP00108" HPOS="594" VPOS="883" WIDTH="22"/>
						<String ID="P54_ST00124" HPOS="616" VPOS="841" WIDTH="137" HEIGHT="32" CONTENT="Melodie" WC="0.99" CC="0637000"/>
						<SP ID="P54_SP00109" HPOS="753" VPOS="883" WIDTH="23"/>
						<String ID="P54_ST00125" HPOS="776" VPOS="839" WIDTH="118" HEIGHT="32" CONTENT="erfüllte" WC="0.99" CC="46703500"/>
						<SP ID="P54_SP00110" HPOS="894" VPOS="883" WIDTH="23"/>
						<String ID="P54_ST00126" HPOS="917" VPOS="839" WIDTH="59" HEIGHT="30" CONTENT="den" WC="1.00" CC="000"/>
						<SP ID="P54_SP00111" HPOS="976" VPOS="883" WIDTH="23"/>
						<String ID="P54_ST00127" HPOS="999" VPOS="836" WIDTH="135" HEIGHT="32" CONTENT="Himmel" WC="0.98" CC="600045"/>
						<SP ID="P54_SP00112" HPOS="1134" VPOS="883" WIDTH="23"/>
						<String ID="P54_ST00128" HPOS="1157" VPOS="834" WIDTH="66" HEIGHT="31" CONTENT="und" WC="0.95" CC="560"/>
						<SP ID="P54_SP00113" HPOS="1223" VPOS="883" WIDTH="22"/>
						<String ID="P54_ST00129" HPOS="1245" VPOS="834" WIDTH="83" HEIGHT="30" CONTENT="seine" WC="0.99" CC="00400"/>
						<SP ID="P54_SP00114" HPOS="1328" VPOS="883" WIDTH="22"/>
						<String ID="P54_ST00130" HPOS="1350" VPOS="839" WIDTH="155" HEIGHT="32" CONTENT="purpurne" WC="0.98" CC="57746770"/>
					</TextLine>
					<TextLine ID="P54_TL00017" HPOS="312" VPOS="879" WIDTH="1195" HEIGHT="52">
						<String ID="P54_ST00131" HPOS="312" VPOS="893" WIDTH="105" HEIGHT="38" CONTENT="Bläue," WC="0.98" CC="360602"/>
						<SP ID="P54_SP00115" HPOS="417" VPOS="931" WIDTH="15"/>
						<String ID="P54_ST00132" HPOS="432" VPOS="892" WIDTH="66" HEIGHT="30" CONTENT="eine" WC="0.98" CC="4050"/>
						<SP ID="P54_SP00116" HPOS="498" VPOS="931" WIDTH="15"/>
						<String ID="P54_ST00133" HPOS="513" VPOS="890" WIDTH="100" HEIGHT="38" CONTENT="ewige" WC="0.98" CC="19401"/>
						<SP ID="P54_SP00117" HPOS="613" VPOS="931" WIDTH="13"/>
						<String ID="P54_ST00134" HPOS="626" VPOS="888" WIDTH="108" HEIGHT="31" CONTENT="Fackel" WC="0.98" CC="441151"/>
						<SP ID="P54_SP00118" HPOS="734" VPOS="931" WIDTH="14"/>
						<String ID="P54_ST00135" HPOS="748" VPOS="886" WIDTH="139" HEIGHT="31" CONTENT="brannte." WC="0.99" CC="74007003"/>
						<SP ID="P54_SP00119" HPOS="887" VPOS="931" WIDTH="39"/>
						<String ID="P54_ST00136" HPOS="926" VPOS="883" WIDTH="74" HEIGHT="32" CONTENT="Und" WC="0.99" CC="200"/>
						<SP ID="P54_SP00120" HPOS="1000" VPOS="931" WIDTH="16"/>
						<String ID="P54_ST00137" HPOS="1016" VPOS="882" WIDTH="48" HEIGHT="31" CONTENT="die" WC="0.98" CC="050"/>
						<SP ID="P54_SP00121" HPOS="1064" VPOS="931" WIDTH="15"/>
						<String ID="P54_ST00138" HPOS="1079" VPOS="882" WIDTH="105" HEIGHT="30" CONTENT="Sonne" WC="0.97" CC="07704"/>
						<SP ID="P54_SP00122" HPOS="1184" VPOS="931" WIDTH="13"/>
						<String ID="P54_ST00139" HPOS="1197" VPOS="889" WIDTH="64" HEIGHT="29" CONTENT="zog" WC="0.99" CC="010"/>
						<SP ID="P54_SP00123" HPOS="1261" VPOS="931" WIDTH="14"/>
						<String ID="P54_ST00140" HPOS="1275" VPOS="879" WIDTH="94" HEIGHT="30" CONTENT="ihnen" WC="0.98" CC="47000"/>
						<SP ID="P54_SP00124" HPOS="1369" VPOS="931" WIDTH="14"/>
						<String ID="P54_ST00141" HPOS="1383" VPOS="886" WIDTH="124" HEIGHT="30" CONTENT="voraus," WC="0.98" CC="0752704"/>
					</TextLine>
					<TextLine ID="P54_TL00018" HPOS="313" VPOS="922" WIDTH="1194" HEIGHT="52">
						<String ID="P54_ST00142" HPOS="313" VPOS="940" WIDTH="60" HEIGHT="30" CONTENT="den" WC="0.96" CC="046"/>
						<SP ID="P54_SP00125" HPOS="373" VPOS="970" WIDTH="26"/>
						<String ID="P54_ST00143" HPOS="399" VPOS="936" WIDTH="113" HEIGHT="33" CONTENT="Abend" WC="0.98" CC="07160"/>
						<SP ID="P54_SP00126" HPOS="512" VPOS="970" WIDTH="23"/>
						<String ID="P54_ST00144" HPOS="535" VPOS="935" WIDTH="105" HEIGHT="39" CONTENT="herab," WC="0.99" CC="504003"/>
						<SP ID="P54_SP00127" HPOS="640" VPOS="974" WIDTH="23"/>
						<String ID="P54_ST00145" HPOS="663" VPOS="935" WIDTH="45" HEIGHT="30" CONTENT="sie" WC="0.96" CC="900"/>
						<SP ID="P54_SP00128" HPOS="708" VPOS="974" WIDTH="24"/>
						<String ID="P54_ST00146" HPOS="732" VPOS="931" WIDTH="183" HEIGHT="32" CONTENT="entzündete" WC="1.00" CC="3000060200"/>
						<SP ID="P54_SP00129" HPOS="915" VPOS="974" WIDTH="25"/>
						<String ID="P54_ST00147" HPOS="940" VPOS="930" WIDTH="49" HEIGHT="31" CONTENT="die" WC="0.98" CC="050"/>
						<SP ID="P54_SP00130" HPOS="989" VPOS="974" WIDTH="22"/>
						<String ID="P54_ST00148" HPOS="1011" VPOS="928" WIDTH="136" HEIGHT="40" CONTENT="Wälder," WC="0.98" CC="5530070"/>
						<SP ID="P54_SP00131" HPOS="1147" VPOS="974" WIDTH="24"/>
						<String ID="P54_ST00149" HPOS="1171" VPOS="928" WIDTH="46" HEIGHT="29" CONTENT="sie" WC="0.96" CC="063"/>
						<SP ID="P54_SP00132" HPOS="1217" VPOS="974" WIDTH="22"/>
						<String ID="P54_ST00150" HPOS="1239" VPOS="925" WIDTH="188" HEIGHT="31" CONTENT="verbrannte" WC="1.00" CC="0330400040"/>
						<SP ID="P54_SP00133" HPOS="1427" VPOS="974" WIDTH="24"/>
						<String ID="P54_ST00151" HPOS="1451" VPOS="922" WIDTH="56" HEIGHT="31" CONTENT="den" WC="0.93" CC="908"/>
					</TextLine>
					<TextLine ID="P54_TL00019" HPOS="314" VPOS="969" WIDTH="1194" HEIGHT="51">
						<String ID="P54_ST00152" HPOS="314" VPOS="984" WIDTH="144" HEIGHT="32" CONTENT="Himmel." WC="0.99" CC="6400062"/>
						<SP ID="P54_SP00134" HPOS="458" VPOS="1016" WIDTH="21"/>
						<String ID="P54_ST00153" HPOS="479" VPOS="983" WIDTH="76" HEIGHT="31" CONTENT="Und" WC="0.97" CC="060"/>
						<SP ID="P54_SP00135" HPOS="555" VPOS="1016" WIDTH="20"/>
						<String ID="P54_ST00154" HPOS="575" VPOS="983" WIDTH="61" HEIGHT="30" CONTENT="wie" WC="1.00" CC="000"/>
						<SP ID="P54_SP00136" HPOS="636" VPOS="1016" WIDTH="20"/>
						<String ID="P54_ST00155" HPOS="656" VPOS="978" WIDTH="149" HEIGHT="42" CONTENT="göttliche" WC="0.99" CC="000273061"/>
						<SP ID="P54_SP00137" HPOS="805" VPOS="1020" WIDTH="21"/>
						<String ID="P54_ST00156" HPOS="826" VPOS="977" WIDTH="121" HEIGHT="39" CONTENT="Schiffe," WC="0.99" CC="05007604"/>
						<SP ID="P54_SP00138" HPOS="947" VPOS="1020" WIDTH="22"/>
						<String ID="P54_ST00157" HPOS="969" VPOS="976" WIDTH="146" HEIGHT="30" CONTENT="bemannt" WC="0.99" CC="5000053"/>
						<SP ID="P54_SP00139" HPOS="1115" VPOS="1020" WIDTH="20"/>
						<String ID="P54_ST00158" HPOS="1135" VPOS="974" WIDTH="55" HEIGHT="30" CONTENT="mit" WC="1.00" CC="000"/>
						<SP ID="P54_SP00140" HPOS="1190" VPOS="1020" WIDTH="20"/>
						<String ID="P54_ST00159" HPOS="1210" VPOS="973" WIDTH="58" HEIGHT="30" CONTENT="den" WC="0.99" CC="010"/>
						<SP ID="P54_SP00141" HPOS="1268" VPOS="1020" WIDTH="24"/>
						<String ID="P54_ST00160" HPOS="1292" VPOS="971" WIDTH="143" HEIGHT="31" CONTENT="Geistern" WC="0.99" CC="04200057"/>
						<SP ID="P54_SP00142" HPOS="1435" VPOS="1020" WIDTH="23"/>
						<String ID="P54_ST00161" HPOS="1458" VPOS="969" WIDTH="50" HEIGHT="31" CONTENT="der" WC="0.95" CC="075"/>
					</TextLine>
					<TextLine ID="P54_TL00020" HPOS="315" VPOS="1014" WIDTH="1193" HEIGHT="56">
						<String ID="P54_ST00162" HPOS="315" VPOS="1030" WIDTH="142" HEIGHT="40" CONTENT="Freiheit," WC="0.99" CC="565076004"/>
						<SP ID="P54_SP00143" HPOS="457" VPOS="1070" WIDTH="18"/>
						<String ID="P54_ST00163" HPOS="475" VPOS="1028" WIDTH="136" HEIGHT="40" CONTENT="segelten" WC="0.99" CC="00007400"/>
						<SP ID="P54_SP00144" HPOS="611" VPOS="1070" WIDTH="19"/>
						<String ID="P54_ST00164" HPOS="630" VPOS="1027" WIDTH="102" HEIGHT="39" CONTENT="große" WC="0.98" CC="05700"/>
						<SP ID="P54_SP00145" HPOS="732" VPOS="1070" WIDTH="16"/>
						<String ID="P54_ST00165" HPOS="748" VPOS="1025" WIDTH="131" HEIGHT="31" CONTENT="Wolken" WC="1.00" CC="003020"/>
						<SP ID="P54_SP00146" HPOS="879" VPOS="1070" WIDTH="22"/>
						<String ID="P54_ST00166" HPOS="901" VPOS="1024" WIDTH="32" HEIGHT="29" CONTENT="in" WC="0.88" CC="20"/>
						<SP ID="P54_SP00147" HPOS="933" VPOS="1070" WIDTH="16"/>
						<String ID="P54_ST00167" HPOS="949" VPOS="1022" WIDTH="166" HEIGHT="31" CONTENT="schnellem" WC="0.99" CC="000054520"/>
						<SP ID="P54_SP00148" HPOS="1115" VPOS="1070" WIDTH="17"/>
						<String ID="P54_ST00168" HPOS="1132" VPOS="1019" WIDTH="113" HEIGHT="31" CONTENT="Winde" WC="0.99" CC="00600"/>
						<SP ID="P54_SP00149" HPOS="1245" VPOS="1070" WIDTH="18"/>
						<String ID="P54_ST00169" HPOS="1263" VPOS="1027" WIDTH="58" HEIGHT="22" CONTENT="vor" WC="0.97" CC="070"/>
						<SP ID="P54_SP00150" HPOS="1321" VPOS="1070" WIDTH="17"/>
						<String ID="P54_ST00170" HPOS="1338" VPOS="1017" WIDTH="92" HEIGHT="31" CONTENT="ihnen" WC="1.00" CC="00030"/>
						<SP ID="P54_SP00151" HPOS="1430" VPOS="1070" WIDTH="19"/>
						<String ID="P54_ST00171" HPOS="1449" VPOS="1014" WIDTH="59" HEIGHT="30" CONTENT="her." WC="0.97" CC="0364"/>
					</TextLine>
					<TextLine ID="P54_TL00021" HPOS="397" VPOS="1062" WIDTH="1112" HEIGHT="51">
						<String ID="P54_ST00172" HPOS="397" VPOS="1077" WIDTH="85" HEIGHT="31" CONTENT="Aber" WC="0.97" CC="0705"/>
						<SP ID="P54_SP00152" HPOS="482" VPOS="1108" WIDTH="20"/>
						<String ID="P54_ST00173" HPOS="502" VPOS="1076" WIDTH="49" HEIGHT="30" CONTENT="die" WC="1.00" CC="000"/>
						<SP ID="P54_SP00153" HPOS="551" VPOS="1108" WIDTH="18"/>
						<String ID="P54_ST00174" HPOS="569" VPOS="1073" WIDTH="188" HEIGHT="40" CONTENT="gewaltigen" WC="0.99" CC="0000454040"/>
						<SP ID="P54_SP00154" HPOS="757" VPOS="1113" WIDTH="21"/>
						<String ID="P54_ST00175" HPOS="778" VPOS="1070" WIDTH="139" HEIGHT="39" CONTENT="Pappeln" WC="0.99" CC="6200350"/>
						<SP ID="P54_SP00155" HPOS="917" VPOS="1113" WIDTH="22"/>
						<String ID="P54_ST00176" HPOS="939" VPOS="1069" WIDTH="55" HEIGHT="30" CONTENT="der" WC="0.97" CC="007"/>
						<SP ID="P54_SP00156" HPOS="994" VPOS="1113" WIDTH="20"/>
						<String ID="P54_ST00177" HPOS="1014" VPOS="1067" WIDTH="110" HEIGHT="31" CONTENT="Straße" WC="1.00" CC="002100"/>
						<SP ID="P54_SP00157" HPOS="1124" VPOS="1113" WIDTH="19"/>
						<String ID="P54_ST00178" HPOS="1143" VPOS="1065" WIDTH="169" HEIGHT="31" CONTENT="leuchteten" WC="0.99" CC="5475600000"/>
						<SP ID="P54_SP00158" HPOS="1312" VPOS="1113" WIDTH="20"/>
						<String ID="P54_ST00179" HPOS="1332" VPOS="1064" WIDTH="60" HEIGHT="30" CONTENT="wie" WC="0.98" CC="012"/>
						<SP ID="P54_SP00159" HPOS="1392" VPOS="1113" WIDTH="19"/>
						<String ID="P54_ST00180" HPOS="1411" VPOS="1062" WIDTH="98" HEIGHT="38" CONTENT="große" WC="0.98" CC="06401"/>
					</TextLine>
					<TextLine ID="P54_TL00022" HPOS="317" VPOS="1108" WIDTH="1194" HEIGHT="53">
						<String ID="P54_ST00181" HPOS="317" VPOS="1123" WIDTH="206" HEIGHT="38" CONTENT="Kandelaber," WC="0.99" CC="00000535543"/>
						<SP ID="P54_SP00160" HPOS="523" VPOS="1161" WIDTH="27"/>
						<String ID="P54_ST00182" HPOS="550" VPOS="1120" WIDTH="85" HEIGHT="41" CONTENT="jeder" WC="0.99" CC="00017"/>
						<SP ID="P54_SP00161" HPOS="635" VPOS="1161" WIDTH="26"/>
						<String ID="P54_ST00183" HPOS="661" VPOS="1119" WIDTH="99" HEIGHT="30" CONTENT="Baum" WC="0.97" CC="5060"/>
						<SP ID="P54_SP00162" HPOS="760" VPOS="1161" WIDTH="26"/>
						<String ID="P54_ST00184" HPOS="786" VPOS="1117" WIDTH="67" HEIGHT="30" CONTENT="eine" WC="0.98" CC="0070"/>
						<SP ID="P54_SP00163" HPOS="853" VPOS="1161" WIDTH="25"/>
						<String ID="P54_ST00185" HPOS="878" VPOS="1114" WIDTH="135" HEIGHT="41" CONTENT="goldene" WC="1.00" CC="0420000"/>
						<SP ID="P54_SP00164" HPOS="1013" VPOS="1161" WIDTH="28"/>
						<String ID="P54_ST00186" HPOS="1041" VPOS="1114" WIDTH="146" HEIGHT="37" CONTENT="Flamme," WC="0.99" CC="5311304"/>
						<SP ID="P54_SP00165" HPOS="1187" VPOS="1161" WIDTH="28"/>
						<String ID="P54_ST00187" HPOS="1215" VPOS="1112" WIDTH="48" HEIGHT="30" CONTENT="die" WC="0.97" CC="007"/>
						<SP ID="P54_SP00166" HPOS="1263" VPOS="1161" WIDTH="26"/>
						<String ID="P54_ST00188" HPOS="1289" VPOS="1110" WIDTH="90" HEIGHT="31" CONTENT="weite" WC="0.97" CC="03454"/>
						<SP ID="P54_SP00167" HPOS="1379" VPOS="1161" WIDTH="26"/>
						<String ID="P54_ST00189" HPOS="1405" VPOS="1108" WIDTH="106" HEIGHT="30" CONTENT="Straße" WC="0.97" CC="077950"/>
					</TextLine>
					<TextLine ID="P54_TL00023" HPOS="315" VPOS="1165" WIDTH="369" HEIGHT="37">
						<String ID="P54_ST00190" HPOS="315" VPOS="1171" WIDTH="85" HEIGHT="31" CONTENT="ihres" WC="0.98" CC="04530"/>
						<SP ID="P54_SP00168" HPOS="400" VPOS="1202" WIDTH="20"/>
						<String ID="P54_ST00191" HPOS="420" VPOS="1169" WIDTH="136" HEIGHT="32" CONTENT="Ruhmes" WC="0.99" CC="660010"/>
						<SP ID="P54_SP00169" HPOS="556" VPOS="1202" WIDTH="22"/>
						<String ID="P54_ST00192" HPOS="578" VPOS="1165" WIDTH="106" HEIGHT="32" CONTENT="hinab." WC="0.98" CC="026052"/>
					</TextLine>
				</TextBlock>
				<ComposedBlock ID="P54_CB00001" HPOS="370" VPOS="1347" WIDTH="1106" HEIGHT="781" TYPE="Advertisement">
					<TextBlock ID="P54_TB00004" HPOS="370" VPOS="1347" WIDTH="1106" HEIGHT="781" STYLEREFS="TXT_3 PAR_LEFT">
						<TextLine ID="P54_TL00024" HPOS="371" VPOS="1348" WIDTH="1097" HEIGHT="56">
							<String ID="P54_ST00193" HPOS="371" VPOS="1364" WIDTH="132" HEIGHT="40" CONTENT="ZUM" WC="0.96" CC="125" STYLEREFS="TXT_4"/>
							<SP ID="P54_SP00170" HPOS="503" VPOS="1404" WIDTH="36"/>
							<String ID="P54_ST00194" HPOS="539" VPOS="1359" WIDTH="256" HEIGHT="41" CONTENT="BESTEN" WC="0.98" CC="030454" STYLEREFS="TXT_4"/>
							<SP ID="P54_SP00171" HPOS="795" VPOS="1404" WIDTH="30"/>
							<String ID="P54_ST00195" HPOS="825" VPOS="1357" WIDTH="127" HEIGHT="38" CONTENT="DER" WC="0.97" CC="060" STYLEREFS="TXT_4"/>
							<SP ID="P54_SP00172" HPOS="952" VPOS="1404" WIDTH="29"/>
							<String ID="P54_ST00196" HPOS="981" VPOS="1348" WIDTH="487" HEIGHT="43" CONTENT="HUNGERNDEN:" WC="0.99" CC="62226060310" STYLEREFS="TXT_4"/>
						</TextLine>
						<TextLine ID="P54_TL00025" HPOS="515" VPOS="1427" WIDTH="815" HEIGHT="74">
							<String ID="P54_ST00197" HPOS="515" VPOS="1437" WIDTH="287" HEIGHT="64" CONTENT="HELFT!" WC="0.98" CC="062306" STYLEREFS="TXT_5"/>
							<SP ID="P54_SP00173" HPOS="802" VPOS="1501" WIDTH="66"/>
							<String ID="P54_ST00198" HPOS="868" VPOS="1427" WIDTH="462" HEIGHT="66" CONTENT="RUSSLAND" WC="0.99" CC="52000202" STYLEREFS="TXT_5"/>
						</TextLine>
						<TextLine ID="P54_TL00026" HPOS="753" VPOS="1516" WIDTH="343" HEIGHT="64">
							<String ID="P54_ST00199" HPOS="753" VPOS="1519" WIDTH="77" HEIGHT="61" CONTENT="IN" WC="0.58" CC="61" STYLEREFS="TXT_5"/>
							<SP ID="P54_SP00174" HPOS="830" VPOS="1580" WIDTH="71"/>
							<String ID="P54_ST00200" HPOS="901" VPOS="1516" WIDTH="195" HEIGHT="61" CONTENT="NOT!" WC="0.96" CC="9433" STYLEREFS="TXT_5"/>
						</TextLine>
						<TextLine ID="P54_TL00027" HPOS="574" VPOS="1598" WIDTH="898" HEIGHT="46">
							<String ID="P54_ST00201" HPOS="574" VPOS="1613" WIDTH="53" HEIGHT="28" CONTENT="Mit" WC="0.96" CC="540"/>
							<SP ID="P54_SP00175" HPOS="627" VPOS="1641" WIDTH="15"/>
							<String ID="P54_ST00202" HPOS="642" VPOS="1610" WIDTH="207" HEIGHT="34" CONTENT="Zeichnungen" WC="0.99" CC="07006716577"/>
							<SP ID="P54_SP00176" HPOS="849" VPOS="1644" WIDTH="18"/>
							<String ID="P54_ST00203" HPOS="867" VPOS="1614" WIDTH="57" HEIGHT="20" CONTENT="von" WC="0.98" CC="040"/>
							<SP ID="P54_SP00177" HPOS="924" VPOS="1644" WIDTH="15"/>
							<String ID="P54_ST00204" HPOS="939" VPOS="1605" WIDTH="72" HEIGHT="27" CONTENT="Käte" WC="0.80" CC="0007"/>
							<SP ID="P54_SP00178" HPOS="1011" VPOS="1644" WIDTH="14"/>
							<String ID="P54_ST00205" HPOS="1025" VPOS="1602" WIDTH="131" HEIGHT="29" CONTENT="Kollwitz" WC="0.91" CC="00330000"/>
							<SP ID="P54_SP00179" HPOS="1156" VPOS="1644" WIDTH="21"/>
							<String ID="P54_ST00206" HPOS="1177" VPOS="1600" WIDTH="58" HEIGHT="28" CONTENT="und" WC="1.00" CC="000"/>
							<SP ID="P54_SP00180" HPOS="1235" VPOS="1644" WIDTH="16"/>
							<String ID="P54_ST00207" HPOS="1251" VPOS="1599" WIDTH="115" HEIGHT="35" CONTENT="George" WC="0.97" CC="370696"/>
							<SP ID="P54_SP00181" HPOS="1366" VPOS="1644" WIDTH="15"/>
							<String ID="P54_ST00208" HPOS="1381" VPOS="1598" WIDTH="91" HEIGHT="28" CONTENT="Grosz" WC="0.98" CC="26002"/>
						</TextLine>
						<TextLine ID="P54_TL00028" HPOS="575" VPOS="1635" WIDTH="899" HEIGHT="45">
							<String ID="P54_ST00209" HPOS="575" VPOS="1649" WIDTH="58" HEIGHT="29" CONTENT="und" WC="0.99" CC="030"/>
							<SP ID="P54_SP00182" HPOS="633" VPOS="1678" WIDTH="20"/>
							<String ID="P54_ST00210" HPOS="653" VPOS="1649" WIDTH="93" HEIGHT="27" CONTENT="vielen" WC="0.99" CC="044400"/>
							<SP ID="P54_SP00183" HPOS="746" VPOS="1678" WIDTH="22"/>
							<String ID="P54_ST00211" HPOS="768" VPOS="1644" WIDTH="241" HEIGHT="36" CONTENT="Photographien," WC="1.00" CC="06001770070002"/>
							<SP ID="P54_SP00184" HPOS="1009" VPOS="1680" WIDTH="21"/>
							<String ID="P54_ST00212" HPOS="1030" VPOS="1642" WIDTH="88" HEIGHT="26" CONTENT="sowie" WC="1.00" CC="00000"/>
							<SP ID="P54_SP00185" HPOS="1118" VPOS="1680" WIDTH="22"/>
							<String ID="P54_ST00213" HPOS="1140" VPOS="1639" WIDTH="149" HEIGHT="33" CONTENT="Beiträgen" WC="0.99" CC="300360100"/>
							<SP ID="P54_SP00186" HPOS="1289" VPOS="1680" WIDTH="27"/>
							<String ID="P54_ST00214" HPOS="1316" VPOS="1635" WIDTH="158" HEIGHT="28" CONTENT="namhafter" WC="0.99" CC="050056006"/>
						</TextLine>
						<TextLine ID="P54_TL00029" HPOS="575" VPOS="1672" WIDTH="897" HEIGHT="43">
							<String ID="P54_ST00215" HPOS="575" VPOS="1686" WIDTH="197" HEIGHT="29" CONTENT="Schriftsteller" WC="1.00" CC="00050700002205"/>
							<SP ID="P54_SP00187" HPOS="772" VPOS="1715" WIDTH="11"/>
							<String ID="P54_ST00216" HPOS="783" VPOS="1691" WIDTH="51" HEIGHT="20" CONTENT="aus" WC="0.97" CC="510"/>
							<SP ID="P54_SP00188" HPOS="834" VPOS="1715" WIDTH="10"/>
							<String ID="P54_ST00217" HPOS="844" VPOS="1683" WIDTH="184" HEIGHT="32" CONTENT="Westeuropa" WC="0.99" CC="0000065135"/>
							<SP ID="P54_SP00189" HPOS="1028" VPOS="1715" WIDTH="12"/>
							<String ID="P54_ST00218" HPOS="1040" VPOS="1678" WIDTH="58" HEIGHT="28" CONTENT="und" WC="1.00" CC="000"/>
							<SP ID="P54_SP00190" HPOS="1098" VPOS="1715" WIDTH="10"/>
							<String ID="P54_ST00219" HPOS="1108" VPOS="1675" WIDTH="139" HEIGHT="30" CONTENT="Rußland." WC="0.99" CC="33051001"/>
							<SP ID="P54_SP00191" HPOS="1247" VPOS="1715" WIDTH="23"/>
							<String ID="P54_ST00220" HPOS="1270" VPOS="1675" WIDTH="77" HEIGHT="26" CONTENT="Preis" WC="0.99" CC="36000"/>
							<SP ID="P54_SP00192" HPOS="1347" VPOS="1715" WIDTH="10"/>
							<String ID="P54_ST00221" HPOS="1357" VPOS="1673" WIDTH="59" HEIGHT="29" CONTENT="3.-" WC="0.70" CC="143"/>
							<SP ID="P54_SP00193" HPOS="1416" VPOS="1715" WIDTH="16"/>
							<String ID="P54_ST00222" HPOS="1432" VPOS="1672" WIDTH="40" HEIGHT="28" CONTENT="M." WC="0.78" CC="04"/>
						</TextLine>
						<TextLine ID="P54_TL00030" HPOS="504" VPOS="1741" WIDTH="844" HEIGHT="73">
							<String ID="P54_ST00223" HPOS="504" VPOS="1741" WIDTH="844" HEIGHT="73" CONTENT="SOWJETRUSSLAND" WC="1.00" CC="00044000000090" STYLEREFS="TXT_5"/>
						</TextLine>
						<TextLine ID="P54_TL00031" HPOS="506" VPOS="1824" WIDTH="844" HEIGHT="74">
							<String ID="P54_ST00224" HPOS="506" VPOS="1838" WIDTH="177" HEIGHT="60" CONTENT="UND" WC="0.97" CC="025" STYLEREFS="TXT_5"/>
							<SP ID="P54_SP00194" HPOS="683" VPOS="1898" WIDTH="51"/>
							<String ID="P54_ST00225" HPOS="734" VPOS="1830" WIDTH="250" HEIGHT="64" CONTENT="SEINE" WC="0.98" CC="04104" STYLEREFS="TXT_5"/>
							<SP ID="P54_SP00195" HPOS="984" VPOS="1898" WIDTH="49"/>
							<String ID="P54_ST00226" HPOS="1033" VPOS="1824" WIDTH="317" HEIGHT="62" CONTENT="KINDER" WC="1.00" CC="040000" STYLEREFS="TXT_5"/>
						</TextLine>
						<TextLine ID="P54_TL00032" HPOS="578" VPOS="1903" WIDTH="898" HEIGHT="45">
							<String ID="P54_ST00227" HPOS="578" VPOS="1918" WIDTH="53" HEIGHT="27" CONTENT="Mit" WC="1.00" CC="000"/>
							<SP ID="P54_SP00196" HPOS="631" VPOS="1945" WIDTH="28"/>
							<String ID="P54_ST00228" HPOS="659" VPOS="1916" WIDTH="94" HEIGHT="27" CONTENT="vielen" WC="0.99" CC="000305"/>
							<SP ID="P54_SP00197" HPOS="753" VPOS="1945" WIDTH="31"/>
							<String ID="P54_ST00229" HPOS="784" VPOS="1910" WIDTH="234" HEIGHT="38" CONTENT="Photographien" WC="1.00" CC="0020296500000"/>
							<SP ID="P54_SP00198" HPOS="1018" VPOS="1948" WIDTH="30"/>
							<String ID="P54_ST00230" HPOS="1048" VPOS="1907" WIDTH="58" HEIGHT="29" CONTENT="und" WC="1.00" CC="000"/>
							<SP ID="P54_SP00199" HPOS="1106" VPOS="1948" WIDTH="30"/>
							<String ID="P54_ST00231" HPOS="1136" VPOS="1907" WIDTH="151" HEIGHT="33" CONTENT="Beiträgen" WC="1.00" CC="000070000"/>
							<SP ID="P54_SP00200" HPOS="1287" VPOS="1948" WIDTH="33"/>
							<String ID="P54_ST00232" HPOS="1320" VPOS="1903" WIDTH="156" HEIGHT="28" CONTENT="bekannter" WC="0.99" CC="400320006"/>
						</TextLine>
						<TextLine ID="P54_TL00033" HPOS="578" VPOS="1940" WIDTH="897" HEIGHT="43">
							<String ID="P54_ST00233" HPOS="578" VPOS="1954" WIDTH="206" HEIGHT="29" CONTENT="Schriftsteller," WC="1.00" CC="000506000034002"/>
							<SP ID="P54_SP00201" HPOS="784" VPOS="1983" WIDTH="421"/>
							<String ID="P54_ST00234" HPOS="1205" VPOS="1943" WIDTH="77" HEIGHT="28" CONTENT="Preis" WC="0.99" CC="04010"/>
							<SP ID="P54_SP00202" HPOS="1282" VPOS="1983" WIDTH="20"/>
							<String ID="P54_ST00235" HPOS="1302" VPOS="1941" WIDTH="27" HEIGHT="27" CONTENT="2." WC="0.85" CC="02"/>
							<SP ID="P54_SP00203" HPOS="1329" VPOS="1983" WIDTH="58"/>
							<String ID="P54_ST00236" HPOS="1387" VPOS="1940" WIDTH="88" HEIGHT="28" CONTENT="Mark." WC="0.99" CC="00604"/>
						</TextLine>
						<TextLine ID="P54_TL00034" HPOS="381" VPOS="2004" WIDTH="1095" HEIGHT="51">
							<String ID="P54_ST00237" HPOS="381" VPOS="2021" WIDTH="338" HEIGHT="34" CONTENT="Reinertrag:" WC="1.00" CC="00200560003" STYLEREFS="TXT_1"/>
							<SP ID="P54_SP00204" HPOS="719" VPOS="2055" WIDTH="44"/>
							<String ID="P54_ST00238" HPOS="763" VPOS="2015" WIDTH="91" HEIGHT="30" CONTENT="fließt" WC="0.99" CC="360001" STYLEREFS="TXT_1"/>
							<SP ID="P54_SP00205" HPOS="854" VPOS="2055" WIDTH="29"/>
							<String ID="P54_ST00239" HPOS="883" VPOS="2013" WIDTH="74" HEIGHT="30" CONTENT="dem" WC="0.99" CC="100" STYLEREFS="TXT_1"/>
							<SP ID="P54_SP00206" HPOS="957" VPOS="2055" WIDTH="32"/>
							<String ID="P54_ST00240" HPOS="989" VPOS="2009" WIDTH="194" HEIGHT="32" CONTENT="russischen" WC="0.99" CC="0200006620" STYLEREFS="TXT_1"/>
							<SP ID="P54_SP00207" HPOS="1183" VPOS="2055" WIDTH="31"/>
							<String ID="P54_ST00241" HPOS="1214" VPOS="2004" WIDTH="183" HEIGHT="32" CONTENT="Hilfsfonds" WC="0.99" CC="6061005050" STYLEREFS="TXT_1"/>
							<SP ID="P54_SP00208" HPOS="1397" VPOS="2055" WIDTH="30"/>
							<String ID="P54_ST00242" HPOS="1427" VPOS="2011" WIDTH="49" HEIGHT="22" CONTENT="zu." WC="0.95" CC="254" STYLEREFS="TXT_1"/>
						</TextLine>
						<TextLine ID="P54_TL00035" HPOS="382" VPOS="2078" WIDTH="1094" HEIGHT="50">
							<String ID="P54_ST00243" HPOS="382" VPOS="2092" WIDTH="378" HEIGHT="36" CONTENT="AUSLIEFERUNG:" WC="1.00" CC="0010600000932" STYLEREFS="TXT_1"/>
							<SP ID="P54_SP00209" HPOS="760" VPOS="2128" WIDTH="46"/>
							<String ID="P54_ST00244" HPOS="806" VPOS="2089" WIDTH="92" HEIGHT="30" CONTENT="DER" WC="0.99" CC="300" STYLEREFS="TXT_1"/>
							<SP ID="P54_SP00210" HPOS="898" VPOS="2128" WIDTH="40"/>
							<String ID="P54_ST00245" HPOS="938" VPOS="2082" WIDTH="341" HEIGHT="35" CONTENT="MALIK-VERLAG," WC="0.82" CC="5006310000033" STYLEREFS="TXT_1"/>
							<SP ID="P54_SP00211" HPOS="1279" VPOS="2128" WIDTH="36"/>
							<String ID="P54_ST00246" HPOS="1315" VPOS="2078" WIDTH="161" HEIGHT="32" CONTENT="BERLIN" WC="0.99" CC="000066" STYLEREFS="TXT_1"/>
						</TextLine>
					</TextBlock>
				</ComposedBlock>
			</PrintSpace>
		</Page>
	</Layout>
</alto>
