1564 2540
247 2184 64 33 456

351 241 92 30 Hoch
467 242 77 30 über
566 242 93 32 ihnen
691 246 31 29 in
767 246 69 30 dem
859 247 100 31 kalten
983 249 265 33 Oktoberhimmel
1290 254 78 37 ging
1411 254 53 31 der

268 288 117 30 eiserne
402 288 89 39 Pflug
512 289 54 31 der
583 290 76 40 Zeit,
679 291 53 31 der
750 293 83 31 seine
854 294 108 32 Felder
980 296 118 32 ackerte
1115 299 55 30 mit
1186 298 155 43 Kummer,
1362 300 102 33 besäte

268 335 54 29 mit
345 334 74 39 Not,
443 335 51 30 auf
518 336 61 31 daß
603 337 115 32 daraus
739 340 84 30 eines
847 341 101 38 Tages
971 342 49 31 die
1044 343 136 32 Flamme
1200 346 56 30 der
1277 347 101 31 Rache
1401 350 46 29 auf-

266 381 105 39 ginge,
387 382 52 30 auf
454 383 62 30 daß
533 385 82 30 eines
632 385 101 39 Tages
750 387 49 31 die
816 387 94 32 Arme
925 388 100 32 dieser
1040 391 163 32 Tausende
1218 393 91 32 leicht
1322 396 141 40 würden,

264 427 195 40 beschwingt
483 430 63 30 und
570 431 132 31 fröhlich
724 434 59 29 wie
807 434 108 32 leichte
938 436 127 32 Tauben
1089 438 80 30 beim
1193 439 269 34 Schnitterdienste

264 472 54 31 der
336 473 322 45 Guillotinenmesser,
679 479 52 29 auf
750 480 62 31 daß
833 481 82 31 eines
936 482 100 39 Tages
1055 484 45 32 sie
1119 486 59 30 wie
1197 486 111 32 Götter
1329 488 54 33 der
1403 489 40 32 Zu-

264 519 86 30 kunft
369 523 89 28 unter
475 522 57 30 den
552 523 135 31 Himmel
706 526 94 30 treten
821 527 145 41 könnten,
985 529 198 42 barhäuptig,
1204 533 31 31 in
1254 533 68 31 dem
1343 535 119 38 ewigen

265 566 158 38 Pfingsten
449 568 83 31 einer
557 569 202 33 unendlichen
786 573 215 39 Morgenröte.

345 616 67 32 Aus
435 618 69 31 dem
525 620 182 32 weißlichen
729 623 135 32 Himmel
886 634 48 22 am
954 625 105 33 fernen
1084 629 87 31 Ende
1192 629 54 32 der
1268 631 192 31 Landstraße

264 662 79 31 löste
365 664 64 30 sich
456 665 46 30 ein
527 667 176 31 schwarzer
727 669 108 32 Punkt.

345 710 59 30 Die
426 712 182 31 vordersten
633 715 95 30 sahen
754 716 64 40 ihn,
842 719 44 29 sie
911 719 140 31 machten
1075 722 146 30 einander
1247 723 211 33 aufmerksam.

261 755 58 30 Die
340 756 136 31 Schläfer
496 759 174 31 erwachten
693 762 65 30 und
778 771 157 32 sprangen
959 766 59 30 auf.
1057 766 68 31 Alle
1145 769 94 30 sahen
1261 770 48 30 die
1329 769 131 32 Straßen

262 801 104 31 hinab.
418 803 75 31 War
519 806 100 30 dieser
644 806 161 33 schwarze
829 809 100 32 Punkt
957 811 57 31 das
1039 813 110 31 Mekka
1176 815 84 31 ihrer
1285 816 173 41 Hoffnung,

257 856 68 21 war
346 848 56 31 das
422 850 67 31 ihre
509 851 183 40 Erlösung?

345 895 61 30 Für
430 898 99 37 einige
552 898 211 39 Augenblicke
785 901 148 39 glaubten
957 905 44 31 sie
1026 905 59 31 alle
1108 905 106 42 daran,
1239 910 43 30 sie
1305 919 153 30 zwangen

258 940 76 40 sich,
358 941 97 31 daran
478 953 39 20 zu
539 944 145 38 glauben.

345 987 85 31 Aber
445 989 54 29 der
516 990 100 32 Punkt
630 993 110 30 wuchs
755 1003 40 21 zu
813 994 127 33 schnell.
974 997 82 37 Jetzt
1072 999 95 31 sahen
1186 1011 32 21 es
1235 1003 66 38 alle,
1320 1004 56 30 das
1392 1013 66 22 war

259 1034 84 29 nicht
369 1034 55 31 der
447 1035 160 39 langsame
632 1037 71 40 Zug
729 1039 92 32 vieler
847 1041 128 42 Karren,
1002 1044 56 31 das
1082 1055 69 21 war
1174 1048 87 31 keine
1286 1048 152 32 Mehlkara-

259 1088 98 22 wane.
402 1081 74 30 Und
499 1081 49 32 die
569 1082 167 41 Hoffnung
758 1087 103 30 verlor
881 1089 65 30 sich
971 1091 42 29 im
1034 1091 113 32 Winde
1168 1093 66 31 und
1254 1095 114 31 verließ
1390 1095 66 32 ihre

259 1124 131 35 Stirnen.

341 1171 85 32 Aber
442 1183 68 22 was
526 1184 69 21 war
611 1177 80 30 das?
727 1178 75 32 Wer
821 1181 52 30 ritt
891 1190 36 21 so
947 1183 79 30 toll?
1044 1184 74 31 Wer
1134 1185 54 31 hat
1204 1188 31 29 in
1254 1188 100 31 dieser
1370 1190 84 31 toten

258 1218 67 30 Zeit
350 1220 86 30 einen
462 1220 123 40 Grund,
609 1231 39 22 so
670 1233 40 22 zu
734 1225 119 32 reiten?

343 1265 53 30 Ein
416 1276 78 28 paar
511 1267 133 32 Männer
663 1270 155 33 kletterten
837 1274 52 29 auf
908 1274 49 31 die
973 1275 106 32 dicken
1096 1277 128 33 Weiden
1242 1281 66 31 und
1324 1281 130 38 spähten

256 1311 77 29 über
353 1311 49 31 die
420 1312 102 39 Köpfe
542 1314 54 31 der
614 1315 138 33 Massen.

338 1363 82 36 Jetzt
436 1364 96 31 sahen
552 1367 45 29 sie
615 1366 64 39 ihn,
699 1368 65 30 und
782 1368 122 31 schrien
922 1370 104 31 seinen
1047 1371 120 32 Namen
1184 1372 105 31 herab.
1329 1375 41 31 Es
1388 1382 66 22 war

257 1408 147 33 Maillard
426 1419 65 22 von
515 1411 55 31 der
592 1412 134 32 Bastille.
773 1414 147 31 Maillard
941 1425 73 21 vom
1039 1418 47 29 14.
1108 1418 74 37 Juli.

338 1458 75 32 Und
434 1460 39 31 da
494 1462 68 29 kam
583 1472 31 21 er
635 1463 106 40 heran,
760 1465 106 31 mitten
886 1469 89 28 unter
994 1467 50 31 die
1062 1469 219 33 Volkshaufen.
1321 1471 42 31 Er
1380 1472 73 31 hielt

254 1514 49 29 an,
325 1506 65 30 und
411 1506 83 31 dann
516 1507 107 31 bekam
645 1519 32 21 er
698 1519 59 21 nur
779 1512 47 29 ein
847 1512 91 30 Wort
959 1513 121 31 heraus.
1103 1515 164 38 „Verrat!“
1288 1518 100 31 schrie
1410 1526 38 23 er.

338 1554 49 31 Da
407 1554 94 32 brach
523 1556 54 33 der
594 1558 107 31 Orkan
719 1559 59 33 los.
815 1561 130 38 „Verrat
962 1563 143 31 Verrat!“
1127 1565 109 39 Einige
1254 1567 79 31 zehn
1353 1566 100 32 Mann

253 1600 104 31 faßten
380 1601 53 31 ihn
457 1611 39 21 an
520 1604 65 29 und
607 1604 104 31 hoben
732 1605 54 31 ihn
809 1607 52 29 auf
882 1608 66 30 ihre
968 1608 170 33 Schultern.
1181 1611 42 30 Er
1244 1613 91 30 stand
1359 1613 92 40 oben,

252 1647 56 30 mit
330 1646 55 30 der
404 1648 86 30 einen
516 1649 92 30 Hand
626 1650 65 31 sich
712 1660 40 22 an
771 1654 88 29 einen
880 1654 98 31 Baum
999 1656 153 39 stützend,
1174 1657 200 41 ohnmächtig
1394 1668 57 22 vor

252 1692 236 41 Anstrengung,
507 1695 60 30 fast
585 1695 88 31 blind
689 1707 73 21 vom
781 1698 153 41 Schweiß,
955 1701 55 31 der
1027 1700 63 32 ihm
1110 1712 56 22 aus
1185 1705 114 30 seinem
1319 1706 114 31 schwar-

251 1748 56 21 zen
327 1739 86 31 Haar
432 1750 50 21 um
503 1740 49 32 die
571 1741 112 40 Augen
702 1744 58 31 lief.

338 1788 147 31 Maillard
509 1790 65 30 will
599 1791 104 40 reden,
729 1792 71 30 hieß
826 1802 40 22 es.
915 1794 50 31 Da
988 1796 59 29 trat
1071 1797 66 30 eine
1160 1796 178 33 furchtbare
1363 1799 86 32 Ruhe

252 1832 58 32 ein.
355 1833 70 32 Alle
444 1837 159 40 warteten,
645 1838 148 32 warteten
835 1841 56 30 mit
933 1839 69 32 dem
1025 1841 198 33 furchtbaren
1245 1844 128 32 Warten
1395 1845 55 31 der

252 1879 127 32 Massen
404 1890 59 22 vor
485 1882 68 31 dem
575 1883 148 40 Aufruhr,
745 1886 31 30 in
799 1885 60 31 den
880 1886 198 33 furchtbaren
1101 1888 171 42 Sekunden,
1295 1892 32 29 in
1350 1891 98 31 denen

252 1925 49 32 die
318 1926 136 32 Zukunft
472 1928 200 32 Frankreichs
689 1940 155 30 gewogen
862 1933 99 39 ward,
980 1933 48 31 bis
1045 1935 49 30 die
1111 1934 108 33 Schale
1233 1937 63 30 voll
1313 1937 134 40 Fesseln,

251 1972 145 40 Kerkern,
419 1974 151 41 Kreuzen,
595 1976 118 40 Bibeln,
736 1978 248 40 Rosenkränzen,
1005 1980 137 41 Kronen,
1164 1982 142 41 Zeptern,
1327 1985 104 31 Reichs-

251 2019 111 39 äpfeln,
383 2020 135 38 gebettet
539 2022 33 30 in
595 2022 49 31 die
666 2022 115 33 falsche
807 2024 153 33 Sanftmut
980 2026 252 34 bourbonischer
1253 2029 106 42 Lilien,
1382 2031 64 31 voll

253 2063 108 32 hohler
382 2066 117 41 Worte,
521 2068 287 42 Versprechungen,
832 2071 106 31 Tafeln
960 2073 63 31 voll
1045 2073 193 40 königlicher
1260 2076 186 40 Eidbrüche,

254 2112 200 36 ungerechter
476 2114 125 41 Urteile,
625 2115 172 32 harmloser
821 2117 193 41 Privilegien,
1039 2119 99 33 dieser
1160 2123 180 38 ungeheure
1364 2124 82 38 Berg
