1533 2540
271 2210 62 40 410

308 256 51 25 Um
385 256 47 24 das
458 253 167 27 entsetzliche
652 251 119 33 Unglück
798 249 188 30 abzuwenden,
1013 248 109 26 braucht
1149 256 28 19 es
1204 246 70 26 nicht
1300 247 73 26 mehr
1398 251 35 25 als

241 302 43 25 die
312 300 200 32 Bereitstellung
541 299 72 25 einer
641 297 91 26 relativ
761 296 127 33 geringen
916 296 105 31 Bumme
1050 293 152 27 staatlichen
1231 292 106 26 Geldes.
1380 294 54 26 Wir

242 346 79 27 bitten
343 346 26 33 ja
391 353 42 18 um
456 345 75 25 keine
552 341 274 35 Ungeheuerlichkeit;
848 341 52 26 wir
921 341 80 25 bitten
1023 348 51 17 nur
1095 347 43 17 um
1159 338 37 26 im
1217 346 101 25 ganzen
1341 340 15 23 5
1378 339 42 27 Mil-

241 392 90 26 lionen
350 391 94 25 Pfund.
482 390 122 26 Könnten
624 388 50 26 wir
693 389 47 24 das
761 387 162 29 bekommen,
942 394 31 17 so
994 385 61 26 sind
1073 384 51 26 wir
1145 384 152 32 überzeugt,
1317 383 52 25 daß
1389 385 46 26 wir

242 439 42 26 bis
305 437 188 26 Weihnachten
515 435 145 33 Wichtiges
682 433 91 27 leisten
797 433 54 25 und
872 432 43 25 die
937 432 70 31 Lage
1030 430 29 25 in
1080 430 112 32 großem
1217 428 117 26 Ausmaß
1359 432 75 24 retten

245 486 122 25 könnten.
402 484 51 25 Die
468 482 184 33 Regierungen
667 481 86 25 haben
769 479 105 29 erklärt,
892 477 52 26 daß
962 477 39 25 sie
1014 484 51 19 uns
1082 476 86 25 dieses
1185 475 68 25 Geld
1272 473 70 27 nicht
1359 475 77 32 geben

243 531 112 25 können.
392 529 98 25 Lassen
510 527 44 27 Sie
572 526 70 27 mich
661 527 43 25 die
722 526 202 31 Versammlung
943 523 132 29 erinnern,
1095 522 52 26 daß
1167 529 52 18 von
1239 521 76 26 allem
1338 520 98 35 Anfang

245 584 33 18 an
294 576 42 26 die
350 572 383 34 Wohlfahrtsorganisationen
747 571 81 26 selbst
841 571 90 24 betont
945 569 94 29 haben,
1054 569 51 25 daß
1121 567 39 27 sie
1174 566 161 33 vollständig
1350 567 73 26 außer-

244 623 92 24 stande
357 621 80 28 seien,
458 620 98 25 diesem
578 618 120 33 Unglück
720 623 170 26 angemessen
912 624 32 18 zu
966 615 143 32 begegnen.
1147 613 51 25 Die
1220 612 158 30 Konferenz,
1399 613 38 25 die

244 675 51 18 vor
312 667 84 26 einem
417 667 95 24 Monat
531 665 27 25 in
578 664 72 26 diese
669 663 73 26 Stadt
762 662 106 25 berufen
889 661 92 25 wurde
1000 660 55 25 und
1074 660 26 24 in
1121 659 80 25 deren
1221 658 102 24 Namen
1342 657 41 25 ich
1403 658 33 26 als

246 713 92 25 Hoher
360 711 169 27 Kommissär
551 710 128 32 fungiere,
701 710 98 24 vertrat
819 708 32 24 67
873 706 174 25 Wohlfahrts-
1070 705 67 25 oder
1158 702 266 33 Freiwilligenorgani-

244 758 122 26 sationen
387 757 54 25 und
464 757 30 24 13
515 755 192 33 Regierungen,
729 754 53 24 und
803 752 71 26 diese
897 751 149 27 Konferenz
1068 751 44 24 hat
1133 749 122 25 dasselbe
1275 748 100 33 gesagt.

314 803 50 25 Die
391 804 68 24 erste
484 801 163 29 Resolution,
672 799 42 26 die
740 806 49 19 uns
814 797 99 26 damals
939 797 135 32 vorgelegt
1099 795 100 29 wurde,
1224 794 65 26 wies
1315 794 43 25 die
1381 794 44 25 Not-

246 848 161 34 wendigkeit
425 849 47 25 der
490 846 184 32 Hilfeleistung
693 853 52 18 von
764 844 81 26 seiten
863 844 47 25 der
929 841 183 34 Regierungen
1130 841 74 29 nach,
1225 847 77 18 wenn
1319 847 61 18 man
1397 839 42 26 das

250 895 121 33 Unglück
393 894 149 32 überhaupt
563 891 126 26 wirksam
712 890 153 32 bekämpfen
887 888 87 26 wolle.

315 940 52 26 Die
392 939 184 33 Regierungen
601 938 86 25 lassen
712 936 61 33 jetzt
797 935 44 25 die
865 935 115 31 gesamte
1004 933 223 31 Verantwortung
1252 931 45 25 auf
1321 929 43 26 die
1387 930 44 25 frei-

250 985 116 33 willigen
386 983 225 34 Organisationen
632 981 185 27 zurückfalien.
853 980 45 25 Ich
918 979 69 25 kann
1006 978 71 25 nicht
1096 976 122 35 glauben,
1237 976 51 25 daß
1309 976 48 25 das
1376 975 65 26 recht

251 1032 41 26 ist.
323 1030 141 26 Trotzdem
479 1029 107 26 werden
601 1027 52 26 wir
668 1025 138 27 weiterhin
822 1033 48 17 zur
884 1024 120 33 privaten
1020 1021 197 33 Wohltätigkeit
1232 1021 42 25 auf
1276 1021 83 24 rufen.
1391 1020 52 24 Wir

251 1077 61 26 sind
338 1077 83 25 schon
445 1075 42 26 ein
510 1075 77 32 gutes
611 1073 78 26 Stück
712 1071 255 32 weitergekommen.
1008 1068 43 26 Sie
1077 1067 98 26 wissen
1199 1067 58 29 alle,
1281 1067 52 24 daß
1363 1065 78 25 Herrn

256 1124 121 25 Hoovers
395 1121 193 33 Organisation
608 1126 51 18 nur
675 1119 27 24 in
719 1119 48 24 der
787 1118 68 32 Lage
874 1117 42 31 ist,
933 1115 57 26 drei
1008 1115 140 25 Millionen
1168 1113 101 27 Kinder
1286 1112 27 25 in
1332 1110 112 28 Rußland

256 1178 32 17 zu
312 1169 137 25 ernähren.
489 1168 101 24 Unsere
613 1164 194 33 Organisation
825 1164 44 25 hat
891 1163 82 25 schon
997 1162 65 25 viele
1084 1161 119 33 Spenden
1223 1159 124 25 erhalten.
1385 1158 61 25 Vom

253 1216 82 32 Papst
355 1215 84 25 haben
462 1213 52 26 wir
533 1212 57 26 eine
611 1211 108 26 Million
740 1210 60 26 Lire
820 1210 162 29 bekommen,
1001 1215 62 18 vom
1083 1208 66 24 Save
1167 1207 44 25 the
1230 1206 126 26 Children
1377 1204 66 26 Fund

254 1262 28 25 in
302 1261 121 32 England
441 1259 44 26 die
503 1258 193 31 Zusicherung,
715 1265 29 17 er
762 1256 40 26 sei
822 1255 26 26 in
869 1256 47 24 der
937 1255 76 32 Lage,
1032 1253 108 26 250000
1160 1251 102 28 Kinder
1282 1250 27 26 in
1330 1249 114 28 Rußland

254 1315 34 18 zu
305 1306 112 34 speisen.
452 1304 50 25 Die
519 1303 99 26 Zweite
636 1301 203 27 Internationale
855 1301 45 24 hat
918 1301 31 23 10
965 1298 141 26 Millionen
1123 1297 81 25 Mark
1220 1296 125 33 gegeben.
1380 1295 66 25 Viele

255 1352 162 27 Gemeinden
444 1349 173 27 Frankreichs
641 1349 85 24 haben
751 1346 174 33 beigesteuert
949 1345 55 26 und
1028 1343 141 32 unzählige
1193 1342 114 26 kleinere
1332 1342 114 25 Summen

256 1399 62 25 sind
341 1398 180 32 eingegangen
545 1396 55 25 und
623 1394 84 33 gehen
731 1393 68 25 noch
825 1391 49 27 ein.
917 1390 51 26 Die
994 1388 179 28 schwedische
1197 1387 151 33 Regierung
1372 1387 76 25 rüstet

256 1443 97 26 bereits
373 1443 84 25 durch
477 1443 48 24 das
545 1441 64 27 Rote
629 1440 89 26 Kreuz
737 1439 28 24 in
786 1436 275 31 Uebereinstimmung
1080 1434 48 26 mit
1147 1441 113 18 unseren
1279 1432 99 25 Plänen
1397 1430 51 26 eine

258 1488 158 34 Expedition
437 1488 66 25 nach
524 1486 131 28 Rußland,
677 1484 43 26 die
741 1484 60 25 dort
822 1483 66 24 nach
911 1488 119 19 unserem
1051 1481 159 31 Programm
1230 1479 54 24 und
1304 1477 83 26 durch
1409 1483 26 17 un-

259 1543 58 18 sere
335 1532 193 34 Organisation
547 1530 118 27 arbeiten
685 1529 58 26 soll.

326 1582 57 26 Wir
406 1580 108 27 werden
537 1579 92 26 weiter
655 1578 64 26 alles
743 1578 82 25 daran
849 1578 96 26 setzen,
971 1574 93 26 mittels
1090 1574 47 25 der
1161 1572 104 33 großen
1290 1570 159 31 freiwilligen

260 1627 236 35 Organisationen,
514 1626 43 25 die
576 1625 28 25 in
623 1625 49 25 den
693 1624 92 25 letzten
804 1622 98 33 Jahren
921 1621 36 25 im
976 1620 109 25 Dienste
1104 1619 48 25 der
1171 1616 166 27 Menschheit
1356 1623 33 18 so
1406 1613 43 27 viel

261 1674 117 33 geleistet
403 1673 93 29 haben,
522 1671 63 26 alles
609 1670 95 33 irgend
730 1667 139 34 Mögliche
895 1675 32 17 zu
952 1667 55 28 tun,
1033 1673 44 17 um
1102 1663 75 26 einen
1203 1663 101 25 kleinen
1329 1661 57 25 Teil
1410 1660 39 24 des

263 1719 96 26 Elends
385 1726 32 17 zu
442 1716 112 31 lindern,
578 1716 58 25 dem
662 1714 123 28 Rußland
809 1714 61 31 jetzt
895 1710 226 34 gegenübersteht.
1163 1709 59 25 Wir
1244 1710 56 27 tun,
1325 1714 56 19 was
1406 1711 45 19 wir

262 1766 113 28 können,
393 1764 64 25 aber
474 1763 82 26 selbst
575 1768 95 19 unsere
689 1759 101 33 private
810 1757 197 33 Wohltätigkeit
1028 1757 34 26 ist
1081 1755 125 27 ernstlich
1226 1754 129 33 gehemmt
1375 1749 75 29 durch

263 1810 44 26 die
327 1811 155 31 Kampagne
502 1808 47 25 der
569 1806 171 32 Entstellung,
761 1805 43 25 die
824 1812 84 25 gegen
930 1811 48 18 uns
1000 1803 36 25 im
1057 1802 93 32 Gange
1170 1801 41 25 ist.
1252 1800 34 25 Es
1307 1799 58 33 gibt
1385 1798 68 25 keine

265 1857 80 32 Lüge,
367 1855 42 26 die
433 1853 72 27 nicht
527 1852 139 26 verbreitet
688 1850 101 27 würde.

332 1905 44 25 Ich
393 1903 58 26 darf
467 1902 42 26 Sie
527 1910 33 17 an
577 1901 43 25 die
635 1900 158 26 Geschichte
809 1898 131 30 erinnern,
957 1897 43 26 die
1016 1897 83 26 durch
1117 1896 49 25 alle
1183 1893 145 34 Zeitungen
1345 1893 65 32 ging

266 1949 122 30 nämlich,
409 1949 52 24 daß
484 1948 47 25 der
553 1949 68 23 erste
643 1947 67 31 Zug,
733 1945 49 25 den
807 1944 70 25 Herr
900 1944 108 24 Hoover
1030 1942 66 24 nach
1121 1940 121 27 Rußland
1265 1938 121 29 schickte,
1408 1940 45 21 von

267 1997 48 24 der
334 1994 186 33 Sowjetarmee
540 1992 155 33 geplündert
715 1991 111 25 worden
846 1989 46 26 sei.
931 1988 35 26 Es
989 1995 57 18 war
1067 1986 57 25 eine
1146 1985 80 32 Lüge,
1248 1984 63 26 aber
1333 1982 39 26 sie
1392 1977 62 29 wird

268 2043 93 24 darum
385 2040 68 26 doch
477 2038 139 33 beständig
642 2037 27 25 in
695 2037 47 25 der
766 2034 190 34 europäischen
983 2034 94 24 Presse
1101 2030 163 27 wiederholt.
1305 2029 65 25 Man
1394 2022 61 28 warf

268 2086 51 25 mir
336 2093 58 23 vor,
411 2086 51 26 daß
482 2084 41 26 ich
542 2084 57 25 eine
616 2082 159 33 Expedition
792 2081 66 25 nach
876 2078 115 28 Sibirien
1008 2077 134 34 geschickt
1159 2076 77 29 hätte,
1255 2076 53 24 und
1324 2083 28 16 es
1370 2069 85 28 wurde

270 2140 81 24 sogar
370 2132 147 31 behauptet,
538 2130 41 26 ich
602 2129 105 26 brächte
729 2128 100 25 Waffen
851 2126 42 26 für
913 2125 57 26 eine
992 2122 156 29 Revolution
1168 2121 42 26 ins
1232 2121 80 25 Land.
1350 2119 34 25 Es
1406 2119 49 21 war
