1511 2540
227 2181 63 49 422

233 247 108 31 Hotel:
365 256 33 21 er
421 246 124 31 drückte
571 246 51 31 auf
646 248 87 29 einen
759 247 116 40 Knopf,
903 247 64 31 und
991 248 48 31 ein
1065 247 107 32 Sklave
1197 248 138 31 erschien
1361 252 62 29 und

232 294 125 30 brachte
381 293 84 39 alles,
489 301 67 22 was
581 302 33 22 er
639 293 176 31 wünschte:
840 293 137 40 Speisen,
1000 294 155 32 Getränke
1183 317 38 8 ..
1245 319 7 7 .
1279 294 88 31 Auch
1392 296 30 30 in

232 340 59 30 den
310 339 100 31 Läden
427 340 107 29 bekam
552 348 71 21 man
640 340 89 30 alles:
747 340 48 30 die
809 340 202 31 herrlichsten
1030 340 131 40 Schuhe,
1177 341 123 30 seidene
1314 341 91 32 Unter-

233 386 131 40 wäsche,
381 385 325 40 Havanna-Zigarren,
722 395 72 21 man
810 386 149 31 brauchte
976 395 69 31 nur,
1062 388 60 30 wie
1140 386 114 32 Aladin
1272 397 40 21 an
1326 388 98 32 seiner

233 432 113 38 Lampe
369 432 76 39 rieb,
470 432 78 30 nach
574 432 68 30 dem
668 432 184 31 Geldbeutel
875 442 40 21 zu
939 433 126 37 greifen.
1114 433 84 31 Iwan
1222 434 202 33 Petrowitsch

232 479 100 31 zahlte
352 478 64 30 und
437 478 105 38 genoß
564 479 57 29 das
643 478 110 31 Leben.
793 479 42 30 Er
858 479 146 31 besuchte
1023 479 132 31 Theater
1178 480 64 30 und
1261 480 163 40 Konzerte,

232 526 79 29 raste
329 525 39 29 im
389 524 83 31 Auto
491 524 118 39 herum,
626 524 168 39 schwelgte
813 526 32 30 in
863 526 289 38 Zungengenüssen
1170 526 65 31 und
1253 526 83 31 hatte
1353 526 71 31 bald

230 570 111 30 wieder
355 570 78 29 zehn
451 570 71 30 Kilo
539 580 39 20 an
594 570 143 30 Gewicht
752 580 237 29 zugenommen.

312 623 41 31 So
378 624 79 30 lebte
482 625 47 29 ein
556 625 129 40 Bürger,
710 625 55 31 der
790 625 68 31 dem
882 625 306 33 bolschewistischen
1213 628 125 38 Regime
1363 630 45 28 ent-

233 679 116 21 ronnen
371 679 76 30 war,
470 672 154 37 vergnügt
645 672 65 29 und
731 673 99 39 üppig
854 673 31 29 in
907 672 214 40 Westeuropa,
1143 679 41 23 —I
1207 682 37 21 an
1268 673 66 31 sich
1357 674 67 30 also

232 717 66 31 eine
320 726 82 29 ganz
425 717 217 38 gewöhnliche
665 717 193 33 Geschichte.
903 718 82 31 Aber
1007 719 67 31 hier
1095 719 130 39 beginnt
1248 720 55 31 das
1329 721 76 29 Merk-

234 764 140 37 würdige
397 772 125 22 unserer
544 763 193 32 Geschichte.

312 817 215 39 Merkwürdig
548 827 78 30 war,
649 819 62 30 daß
736 819 84 30 Iwan
844 820 203 31 Petrowitsch
1072 820 148 38 plötzlich
1242 821 67 31 sich
1333 821 73 31 unbe-

231 863 121 38 haglich
378 863 105 31 fühlte.
533 864 42 31 Er
600 874 68 22 war
693 864 66 40 frei,
785 874 32 21 er
843 865 83 31 hatte
950 865 84 40 alles,
1059 875 67 22 was
1152 876 33 21 er
1211 866 157 42 brauchte,
1394 875 30 22 er

228 918 67 21 war
311 909 116 31 wieder
445 911 40 29 im
503 910 103 30 Besitz
624 912 100 29 seines
740 911 125 39 Geldes,
884 912 49 30 die
950 912 165 39 „Diktatur
1131 913 54 31 des
1205 914 219 29 Proletariats“

230 956 53 31 mit
305 955 67 31 dem
395 965 122 29 ganzen
538 957 123 30 Zauber
682 957 52 38 lag
755 958 74 30 weit
850 958 102 30 hinter
973 958 73 40 ihm,
1131 959 64 31 und
1216 959 82 31 doch
1319 959 90 31 befrie-

230 1001 83 39 digte
331 1002 54 30 ihn
402 1002 78 30 auch
498 1004 83 30 seine
598 1003 191 39 Umgebung
804 1004 83 31 noch
904 1003 94 32 nicht.
1031 1005 43 31 Er
1089 1005 75 30 fand
1181 1006 52 30 auf
1250 1006 110 31 einmal
1375 1013 33 23 so-

228 1049 56 29 viel
308 1048 249 40 Ueberflüssiges
581 1049 99 31 dabei.
725 1049 100 32 Wozu
851 1051 148 30 brauchte
1022 1061 34 21 er
1078 1052 78 30 zehn
1183 1052 126 39 Mäntel,
1332 1062 91 22 wenn

227 1103 32 21 er
292 1094 119 31 drüben
442 1096 54 30 mit
526 1096 96 30 einem
654 1096 141 37 einzigen
825 1096 240 39 ausgekommen
1097 1098 90 30 war?
1239 1096 104 33 Wozu
1375 1100 48 29 die

226 1141 99 30 vielen
367 1141 144 39 Zimmer,
553 1142 49 29 die
641 1143 97 30 vielen
780 1142 142 31 Sachen?
981 1143 66 32 Das
1090 1145 100 38 ewige
1231 1144 191 39 Umkleiden,

229 1187 49 29 die
322 1187 259 38 nichtssagenden
629 1188 189 39 Gespräche,
865 1190 49 30 die
959 1190 149 39 Besuche,
1154 1190 39 31 all
1241 1191 50 31 die
1336 1192 70 30 Zere-

229 1234 123 29 monien
375 1257 8 6 .
406 1257 8 6 .
437 1258 7 7 .
468 1234 85 31 Iwan
575 1234 206 32 Petrowitsch
802 1235 97 32 fühlte
920 1236 67 31 sich
1010 1237 52 30 auf
1086 1237 111 31 einmal
1220 1239 203 38 eingespannt

229 1281 31 28 in
288 1279 65 31 eine
384 1280 274 39 Riesenmaschine,
709 1281 93 31 deren
832 1282 100 32 Räder
957 1283 55 31 ihn
1040 1284 149 39 erfaßten,
1238 1285 66 30 und
1331 1285 91 31 deren

230 1326 188 38 Drehungen
440 1336 32 21 er
490 1327 183 31 mitmachen
693 1328 115 31 mußte.
847 1328 42 31 Er
908 1330 139 38 ertappte
1067 1330 66 31 sich
1154 1331 147 38 plötzlich
1323 1331 99 38 dabei,

228 1371 61 31 daß
310 1382 33 22 er
359 1381 56 21 aus
433 1373 100 31 seiner
552 1374 189 30 vornehmen
759 1373 174 41 Wohnung
950 1378 33 28 in
1002 1375 49 31 die
1067 1376 248 32 Arbeiterviertel
1334 1378 86 38 ging.

229 1418 58 30 Die
313 1418 185 40 gepflegten,
527 1422 56 35 gut
609 1419 170 39 genährten
807 1422 65 29 und
900 1422 149 38 müßigen
1079 1422 159 32 Gestalten
1264 1425 31 29 in
1323 1423 100 30 seiner

228 1463 191 40 Umgebung
446 1465 186 31 bedrückten
658 1467 64 38 ihn,
748 1476 32 21 er
806 1467 95 31 fühlte
928 1467 67 31 sich
1018 1468 60 32 fast
1102 1469 121 31 wohler
1249 1472 89 29 unter
1364 1469 59 32 den

230 1510 114 31 rauhen
372 1510 303 40 Arbeitergestalten,
701 1512 50 30 die
775 1521 98 30 gegen
902 1513 113 31 Abend
1040 1515 66 30 sich
1132 1524 50 22 am
1211 1516 146 39 Eingang
1383 1524 39 22 zu

228 1557 96 30 einem
348 1557 82 32 Kino
452 1557 163 39 drängten,
639 1559 32 29 in
693 1559 66 30 eine
781 1559 237 39 Versammlung
1038 1562 150 30 strömten
1211 1562 78 31 oder
1308 1564 32 30 in
1363 1563 57 29 den

228 1602 130 32 Straßen
383 1603 223 32 schlenderten.
652 1604 41 31 Er
716 1605 124 38 begann
864 1606 67 30 sich
956 1606 58 31 alle
1035 1607 177 39 möglichen
1236 1608 121 40 Fragen
1381 1617 41 22 zu

224 1649 118 39 stellen,
365 1649 49 31 die
439 1649 62 32 ihm
526 1650 119 31 drüben
668 1651 31 30 in
724 1651 146 32 Rußland
891 1652 47 31 als
959 1652 308 40 „bolschewistisch“
1291 1655 132 31 verhaßt

226 1704 121 22 waren:
367 1696 127 30 Warum
517 1697 71 29 sind
607 1697 49 30 die
677 1697 250 32 Arbeiterkinder
946 1707 39 23 so
1004 1699 177 41 abgezehrt,
1201 1700 151 32 während
1373 1700 49 31 die

229 1742 114 31 Kinder
362 1742 55 30 der
435 1742 131 31 Reichen
585 1743 189 39 pausbäckig
789 1744 95 31 sind?
903 1745 80 30 Muß
1002 1755 32 22 es
1051 1754 38 22 so
1106 1747 89 30 sein?
1230 1747 42 31 Ist
1289 1757 33 21 es
1340 1747 79 31 denn

228 1788 84 30 nicht
340 1788 175 31 entsetzlich
547 1789 177 40 ungerecht,
754 1790 62 30 daß
847 1790 48 31 die
923 1792 88 30 einen
1039 1792 65 31 sich
1133 1794 117 30 mästen
1280 1794 65 31 und
1374 1793 48 31 die

226 1834 133 30 anderen
379 1834 141 31 darben?

308 1886 59 31 Die
381 1886 255 38 Vergnügungen
657 1886 149 31 erfreuten
823 1887 53 29 ihn
894 1886 78 31 auch
989 1886 85 31 nicht
1087 1886 98 32 mehr.
1216 1886 42 31 Er
1275 1886 144 32 besuchte

225 1934 50 29 ein
292 1932 139 39 Theater,
449 1941 54 22 wo
519 1933 55 30 mit
591 1933 82 30 Hilfe
689 1942 63 22 von
773 1933 78 30 1000
870 1933 144 31 Statisten
1031 1933 66 31 und
1115 1933 56 31 mit
1186 1933 60 31 viel
1263 1930 158 33 Aufwand

228 1978 47 30 ein
298 1978 235 32 Arbeiterstreik
556 1978 177 40 dargestellt
757 1979 119 32 wurde.
920 1979 60 31 Die
1002 1979 120 31 Herren
1155 1980 32 30 in
1232 1978 57 32 den
1313 1980 105 38 Logen

228 2024 165 31 klatschten
416 2025 117 40 Beifall,
555 2025 75 31 aber
649 2034 94 22 unser
765 2025 82 30 Held
866 2025 107 31 mußte
994 2025 66 31 sich
1079 2025 125 39 fragen:
1224 2025 132 32 würden
1375 2026 44 31 sie

228 2069 115 32 ebenso
369 2071 106 31 Beifall
505 2071 165 40 klatschen,
723 2080 92 22 wenn
842 2072 32 30 in
903 2072 87 30 ihren
1021 2071 149 31 Fabriken
1201 2071 49 32 die
1278 2071 141 33 Arbeiter

228 2116 129 31 streiken
378 2118 149 30 wollten?
550 2118 33 31 ln
608 2118 98 31 einem
726 2118 147 31 Kabarett
896 2118 59 31 trat
976 2118 68 31 eine
1063 2118 94 31 ältere
1178 2118 80 31 Frau
1280 2119 53 30 auf
1355 2116 62 33 und
