1564 2540
296 2219 60 35 450

491 276 150 65 Der
685 275 237 67 fünfte
967 279 334 63 Oktober

377 373 59 29 Am
458 374 29 32 5.
508 373 141 31 Oktober
669 374 113 30 sollten
803 375 49 31 die
874 376 185 30 Brotkarren
1082 385 55 21 ans
1160 376 54 31 der
1236 376 156 32 Provence
1414 379 77 30 nach

297 420 87 30 Paris
410 420 151 31 kommen.
614 421 65 30 Der
706 421 134 32 Stadfrat
867 421 82 32 hatte
976 432 31 21 es
1034 432 39 21 an
1103 422 79 31 allen
1210 423 223 31 Straßenecken
1462 426 30 29 in

293 467 106 30 seinen
415 467 122 38 großen
554 470 89 28 roten
662 468 120 31 Lettern
801 468 188 39 anschlagen
1006 469 112 32 lassen.
1151 470 75 31 Und
1244 470 57 31 das
1318 471 79 30 Volk
1415 470 75 32 trieb

292 513 68 31 «ich
386 513 58 30 den
469 523 121 29 ganzen
614 514 67 39 Tag
706 524 57 21 vor
786 514 93 32 ihnen
901 515 118 40 herum,
1041 517 61 30 wie
1123 526 58 21 vor
1205 515 58 32 den
1285 517 103 31 Toren
1410 517 82 31 einer

295 569 99 21 neuen
425 560 65 31 und
519 562 199 38 ungeheuren
748 562 228 40 Offenbarung.
1032 562 244 40 Ausgehungert
1304 563 49 31 bis
1381 565 33 30 in
1444 564 48 30 die

293 606 161 41 Knochen,
474 609 131 29 träumte
624 618 32 21 es
676 608 40 31 da
733 618 63 21 von
818 609 185 31 Paradiesen
1024 609 54 31 der
1099 610 174 40 Sättigung,
1293 609 198 40 ungeheuren

293 653 242 40 Weizenfladen,
564 654 122 32 weißen
719 655 236 40 Mehlpasteten,
1013 656 49 32 die
1115 656 31 31 in
1198 656 78 31 allen
1307 657 183 30 Garküchen

293 700 141 38 prasseln
452 700 141 31 würden.

379 750 68 30 Alle
472 750 123 31 Schlote
621 752 112 30 sollten
758 751 143 33 rauchen.
952 752 75 31 Man
1053 752 82 31 wird
1162 753 49 30 die
1238 753 113 30 Bäcker
1379 763 38 21 an
1445 753 47 30 die

295 795 150 32 Laternen
467 796 134 39 hängen,
626 807 71 21 man
720 799 82 29 wird
824 799 101 30 selber
946 799 118 39 braten,
1088 808 72 22 man
1183 799 83 31 wird
1287 801 106 29 seinen
1416 799 75 30 Arm

294 842 48 30 bis
364 842 77 31 über
462 844 49 29 die
534 844 192 38 Ellenbogen
750 846 31 29 in
805 844 86 31 Mehl
914 845 140 30 tauchen.
1096 846 66 29 Das
1181 846 101 31 weiße
1301 846 89 38 Zeug
1410 846 82 31 wird

294 888 50 30 die
362 888 130 32 Straßen
512 890 60 30 wie
591 891 49 30 ein
660 890 194 31 fruchtbarer
873 891 117 31 Schnee
1009 891 195 40 überziehen,
1224 892 54 31 der
1296 892 95 31 Wind
1411 892 81 31 wird

294 944 33 20 es
348 945 57 21 vor
429 935 54 31 der
504 936 104 31 Sonne
630 936 173 31 hintreiben
824 939 59 29 wie
906 938 65 30 eine
995 938 85 31 dicke
1103 938 118 32 Wolke.

377 983 62 31 Auf
467 983 79 32 allen
575 984 129 31 Straßen
735 985 126 31 werden
889 987 101 36 große
1018 986 110 31 Tische
1155 987 172 38 aufgestellt
1355 986 136 39 werden,

294 1030 88 30 Paris
405 1030 82 31 wird
510 1032 48 30 ein
581 1032 127 38 großes,
731 1034 224 35 gemeinsames
979 1032 87 31 Mahl
1091 1032 154 40 abhalten,
1270 1034 88 31 einen
1381 1034 92 38 gewal-

295 1077 84 37 tigen
401 1076 124 31 Sabbat.

377 1123 59 31 Die
462 1123 171 31 Menschen
657 1124 151 38 drängten
833 1125 65 30 sich
923 1133 59 22 vor
1007 1126 59 30 den
1090 1125 254 32 verschlossenen
1368 1125 123 33 Kellern

294 1168 55 32 der
374 1169 178 30 Bäckereien
581 1170 64 30 und
669 1170 146 31 schielten
842 1171 95 30 herab
962 1171 52 30 auf
1038 1171 49 31 die
1109 1172 100 30 leeren
1236 1173 181 40 Backtröge,
1443 1173 49 31 die

291 1215 102 31 hinter
412 1216 59 30 den
492 1216 236 31 Gitterfenstern
748 1217 142 39 standen,
930 1218 45 30 sie
1014 1218 95 30 sahen
1151 1220 156 37 vergnügt
1349 1219 51 30 auf
1442 1220 48 29 die

289 1261 182 30 schwarzen
494 1262 123 31 Mäuler
640 1262 54 31 der
716 1263 134 38 riesigen
875 1263 164 40 Backöfen,
1062 1263 50 32 die
1136 1264 82 31 ohne
1240 1265 98 32 Feuer
1359 1265 131 31 standen

294 1308 64 29 und
379 1310 60 28 wie
462 1309 43 29 sie
528 1308 77 30 nach
631 1309 77 30 Brot
728 1309 183 38 hungerten.

374 1356 50 31 An
445 1357 83 30 einer
549 1357 109 30 Straße
679 1358 82 29 eines
782 1358 128 31 Viertels
934 1367 48 21 am
1004 1359 94 31 Mont
1120 1359 152 31 Pamasse
1293 1359 110 32 wurde
1424 1361 66 29 eine

291 1402 141 31 Bäckerei
452 1402 182 40 erbrochen,
654 1404 85 30 mehr
760 1413 55 21 aus
833 1403 204 40 Langeweile,
1057 1414 52 21 um
1127 1405 67 31 sich
1214 1405 49 31 die
1282 1406 68 30 Zeit
1367 1414 40 22 zu
1426 1414 48 22 ver-

293 1449 126 39 treiben,
440 1449 45 30 als
505 1458 56 21 aus
580 1449 174 40 Hoffnung,
773 1451 32 30 in
828 1451 58 30 den
906 1450 114 32 Kästen
1041 1450 82 31 noch
1143 1451 76 31 Brot
1237 1461 41 21 zu
1297 1451 114 32 finden.

376 1498 74 31 Drei
478 1498 109 40 Mann,
636 1498 228 39 Kohlenträger
892 1508 56 21 aus
974 1500 41 30 St.
1042 1500 146 39 Antoine,
1236 1500 147 31 brachten
1432 1499 59 30 den

292 1543 116 31 Bäcker
429 1544 122 32 heraus.
592 1545 49 30 Sie
661 1545 116 30 warfen
798 1545 63 30 ihm
882 1545 83 31 seine
984 1546 101 30 weiße
1107 1546 134 30 Perücke
1261 1546 144 31 hinunter
1426 1546 64 30 und

292 1590 120 30 stellten
433 1590 55 31 ihn
511 1592 89 29 unter
623 1590 49 31 die
692 1591 176 38 verbogene
891 1591 114 39 Lampe
1026 1592 103 31 seiner
1149 1592 74 31 Tür.
1268 1594 63 29 Der
1354 1594 66 29 eine
1442 1592 48 30 riß

290 1636 106 31 seinen
428 1636 198 31 Hosenbund
657 1636 49 40 ab,
739 1636 106 32 drehte
874 1638 66 30 eine
970 1636 145 40 Schlinge
1145 1639 65 30 und
1240 1639 78 30 warf
1347 1637 45 33 sie
1423 1637 69 30 dem

293 1683 116 30 Bäcker
437 1692 50 22 um
514 1683 60 30 den
600 1683 87 31 Hals.
739 1684 92 30 Dann
857 1684 74 30 hielt
956 1693 33 21 er
1015 1684 62 30 ihm
1102 1685 84 30 seine
1211 1685 159 31 schwarze
1397 1686 94 29 Faust

292 1731 90 29 unter
403 1730 55 30 das
481 1729 129 31 Gesicht
631 1730 64 31 und
716 1730 99 31 schrie
838 1730 52 31 ihn
913 1740 55 21 an:
990 1731 72 39 „Du
1086 1731 184 31 verfluchter
1292 1732 198 38 Mehlwurm,

292 1776 71 36 jetzt
383 1775 125 31 werden
528 1777 60 29 wir
608 1776 69 30 dich
697 1776 207 39 aufhängen.“

375 1822 65 31 Der
461 1822 114 31 Bäcker
594 1822 68 39 fing
685 1832 38 21 an
744 1832 40 21 zu
807 1824 148 38 jammern
977 1823 65 30 und
1061 1824 56 30 sah
1138 1824 67 30 sich
1227 1825 89 30 unter
1336 1825 59 30 den
1416 1825 50 30 Um-

293 1868 168 31 stehenden
486 1869 78 30 nach
591 1869 147 31 Beistand
763 1879 60 21 um.
871 1869 84 30 Aber
980 1879 33 21 er
1035 1869 57 31 sah
1117 1879 60 21 nur
1201 1870 98 31 lauter
1323 1872 167 37 grinsende

292 1914 170 31 Gesichter.

375 1961 64 30 Der
459 1961 144 31 Schuster
624 1961 140 37 Jacobus
784 1963 59 29 trat
863 1970 59 22 vor
943 1963 64 29 und
1026 1964 87 37 sagte
1133 1972 40 22 zu
1193 1963 58 30 den
1271 1963 219 31 Vorstädtem:

294 2007 124 39 „Meine
447 2008 127 38 Herren,
601 2008 61 30 wir
688 2008 114 31 wollen
832 2008 55 31 das
916 2008 141 31 Schwein
1086 2009 102 30 laufen
1217 2009 111 40 lassen,
1357 2010 74 31 aber
1459 2018 33 21 er

294 2054 75 30 muß
391 2055 60 29 mir
472 2056 62 29 erst
555 2054 50 31 ein
627 2053 100 31 Gebet
747 2054 260 39 nachsprechen.“

375 2100 67 38 „Ja,
462 2100 48 30 ein
530 2098 99 32 Gebet
647 2100 261 38 nachsprechen,“
927 2100 169 31 wimmerte
1116 2101 55 32 der
1190 2102 123 31 Bäcker,
1354 2102 135 40 „Lassen

297 2144 47 31 Sie
368 2146 79 30 mich
471 2147 47 30 ein
541 2145 99 32 Gebet
663 2145 262 39 nachsprechen.“
