1589 2540
1296 2209 66 41 463

1323 260 56 19 Seite

181 285 155 39 JUNG,
369 285 153 33 FRANZ:
545 287 68 31 Wie
633 288 92 39 lange
744 289 82 31 noch
835 290 16 30 ?
883 290 206 41 (Schauspiel)
1112 315 8 8 *
1165 318 6 6 .
1218 319 5 5 .
1268 316 7 7 .
1319 294 60 30 203

271 340 7 22 :
302 332 117 38 Dialog
438 333 157 32 zwischen
616 334 95 31 Lenin
731 336 65 31 und
816 336 96 32 Wells
929 347 58 22 aus
1008 338 67 32 dem
1096 339 179 40 Schauspiel

260 378 81 39 „Die
362 378 161 32 Kanaker“
1317 388 60 30 265

181 426 123 38 Kampf
321 426 58 30 der
399 427 217 39 Hungersnot,
639 430 110 29 Aufruf
796 455 319 9 .......
1267 437 112 30 .414

179 468 110 33 KAU
301 469 29 39 S,
362 470 121 31 GINA:
517 471 104 32 Ueber
646 472 58 32 den
727 473 132 33 Kritiker
903 497 368 12 ........
1338 479 34 30 71

178 515 435 33 KERSCHENZEW:
650 520 66 31 Das
737 521 227 32 sozialistische
986 522 131 33 Theater
1162 550 5 5 .
1214 550 5 5 .
1265 548 7 7 .
1316 525 61 30 397

176 560 193 40 LANGE,
395 562 132 33 FRITZ;
562 564 164 32 Völkische
750 566 203 32 Karikaturen
979 569 31 38 (3
1036 570 234 40 Zeichnungen)
1315 573 61 30 430

178 607 313 41 LEONHARD,
527 610 184 33 RUDOLF:
745 613 226 32 Proletarische
994 616 226 38 Körperkultur
1265 641 7 6 .
1316 617 60 31 253

179 652 238 42 MÄRTEN,
444 656 69 31 LU:
544 657 59 31 Die
617 658 229 33 revolutionäre
864 661 109 30 Presse
990 662 65 30 und
1073 663 56 31 das
1146 664 110 30 Feuille-

257 701 56 30 ton
1317 711 58 30 186

177 746 302 41 MARTINET,
510 749 185 33 MARCEL:
730 752 65 31 Das
814 753 101 31 Leben
935 754 31 30 in
987 755 182 31 Frankreich
1211 779 7 7 .
1264 783 5 4 .
1313 758 62 29 258

177 793 254 40 MICHELS,
466 795 96 31 POL:
597 797 186 32 Revolution
807 800 56 30 mit
886 800 147 33 Vorsicht
1058 824 212 9 .....
1334 804 40 29 43

176 839 158 40 MOST,
372 840 191 38 JOHANN:
604 843 59 31 Die
690 844 181 40 Gottespest
1312 851 61 29 284

174 885 232 41 MÜLLER,
438 887 273 34 ALEXANDRA:
753 892 64 31 Der
847 892 124 32 Betrieb
1000 894 44 31 als
1074 894 195 34 Grundform

256 932 60 32 der
344 934 296 33 kommunistischen
672 937 205 33 Gesellschaft
950 962 7 7 .
1354 943 17 29 7

173 978 234 41 NANSEN,
447 981 53 31 Dr.
529 981 182 39 FRITJOF:
759 984 83 31 Rede
875 995 59 21 vor
971 986 71 32 dem
1068 988 201 32 Völkerbund

256 1025 61 38 (30.
344 1026 46 32 11.
415 1027 53 38 21)
1311 1037 60 29 40Q

173 1070 38 31 N.
232 1070 55 31 N.:
320 1072 162 31 Rußlands
503 1073 77 40 Tag,
601 1073 157 33 Aktuelles
778 1076 83 39 Spiel
880 1078 33 30 in
933 1079 99 31 einem
1053 1078 60 32 Akt
1157 1106 6 6 .
1209 1106 5 6 .
1331 1083 40 30 94

172 1114 140 34 ÜBER
336 1117 149 31 LAND
508 1118 115 32 UND
646 1120 149 33 MEER
819 1122 32 39 (2
875 1124 235 40 Zeichnungen)
1158 1152 5 5 .
1209 1153 5 4 .
1261 1153 5 5 .
1310 1129 61 29 418

192 1163 41 42 —i
260 1172 6 20 :
290 1163 153 32 Rrrradek
468 1165 33 30 in
530 1165 102 32 Berlin
1309 1174 61 31 396

176 1209 190 41 Opposition
390 1212 57 30 der
468 1214 180 30 November
648 1223 134 31 gruppe:

250 1256 131 33 Offener
400 1258 83 32 Brief
502 1268 39 22 an
561 1259 49 32 die
627 1259 301 43 Novembergruppe
1258 1289 7 7 .
1309 1266 60 32 297

172 1302 219 42 PASCAL,
419 1305 160 33 PIERRE:
618 1308 59 30 Die
703 1308 155 31 ethischen
886 1310 190 38 Ergebnisse
1097 1312 57 31 der
1179 1312 65 32 Sow-

251 1350 146 39 jetmacht
1311 1360 56 30 169

170 1395 149 40 PERU,
344 1397 60 30 M.:
430 1398 76 30 Eine
529 1399 305 41 Engelsbiographie
858 1402 248 42 (Besprechung)
1152 1432 109 5 ...
1327 1408 40 30 49

172 1443 258 40 Photographien
437 1457 6 18 :
478 1446 59 30 Die
553 1446 124 31 Ruinen
701 1449 54 30 der
771 1449 201 32 Kasematten
990 1451 55 31 des
1061 1453 202 31 zaristischen

245 1487 230 39 Gefängnisses
499 1491 283 41 „Schlüsselburg“
1327 1499 40 31 89

260 1543 5 21 :
289 1534 66 33 Aus
377 1534 55 32 der
453 1537 257 33 Demonstration
729 1539 155 33 anläßlich
902 1539 57 34 des
978 1541 131 33 Mordes
1130 1552 38 22 an
1188 1543 75 33 Karl

252 1581 185 33 Liebknecht
461 1583 66 31 und
550 1585 83 31 Rosa
656 1585 206 41 Luxemburg,
887 1587 135 32 Moskau
1049 1590 87 29 1919.

295 1629 25 29 1.
344 1628 213 39 Symbolische
582 1631 229 41 Verbrennung
834 1633 241 33 Scheidemanns
1100 1658 161 8 ....
1308 1637 57 30 104

294 1675 29 29 2.
346 1675 228 32 Racheschwur
615 1677 163 33 deutscher
819 1680 66 31 und
924 1682 172 30 russischer
1134 1682 110 39 Rotgar-

346 1720 99 32 disten
1307 1729 59 31 104

189 1766 40 47 —■■
257 1791 5 5 •
286 1766 98 32 Szene
408 1777 56 22 aus
499 1769 68 30 dem
602 1771 251 31 revolutionären
880 1773 245 40 Mysterienspiel
1153 1776 105 37 „Zwei

250 1812 142 34 Welten“
471 1839 12 15 ,
1305 1823 59 30 108

169 1855 128 32 Plakat.
328 1858 115 32 Kinder
466 1860 31 29 in
522 1863 61 27 Not
1252 1870 112 30 .127

168 1898 284 43 PISKATOR,
482 1903 153 33 ERWIN:
666 1905 105 31 Ueber
787 1906 204 40 Grundlagen
1010 1908 65 31 und
1093 1908 165 40 Aufgaben

250 1947 54 31 des
333 1949 243 38 proletarischen
607 1950 147 33 Theaters
784 1975 474 10 ..........
1322 1957 40 30 90

169 1994 525 43 PREOBRASHENSKY,
736 2001 52 31 K.:
838 2001 66 31 Das
943 2001 221 31 Finanzwesen
1204 2011 57 22 zur

248 2043 67 31 Zeit
338 2044 54 31 der
417 2045 143 31 Diktatur
583 2046 57 30 des
662 2046 201 32 Proletariats
889 2047 77 39 (Teil
991 2047 25 39 I)
1301 2051 55 30 371

252 2095 6 22 :
283 2088 65 38 (Tei
351 2089 8 12 1
393 2089 122 39 11-IV)
1299 2098 60 30 433

168 2134 60 32 Die
250 2138 114 31 Presse
387 2140 41 29 im
452 2141 111 30 Dienst
586 2142 54 29 der
663 2142 111 31 Kultur
1322 2147 38 32 81
