1480 2540
215 2226 61 37 464

1302 251 58 19 Seite

160 313 235 42 QUÄKER,
424 310 110 34 MAX:
565 308 60 32 Die
644 302 146 36 deutsche
806 301 84 33 Ehre
910 294 210 45 (Zeichnung)
1144 317 5 5 .
1195 313 6 7 ■
1248 311 7 6 •
1298 285 61 32 325

164 362 274 39 Redaktionelles-.
462 351 382 39 Deutsch-Holländische
867 344 220 33 Kulturaktion
1144 365 5 6 •
1197 344 4 57 •
1248 363 7 5 •

251 420 7 22 :
280 410 59 32 Ein
357 406 100 41 Opfer
472 404 59 31 des
550 400 219 37 Auswärtigen
792 395 106 31 Amtes

253 466 5 21 :
283 457 66 30 Das
374 449 215 45 „unsaubere“
617 447 117 30 Inserat

165 513 63 32 RU
244 510 90 32 BIN
348 508 71 38 ER,
468 501 190 35 LUDWIG;
710 499 58 30 Die
796 494 182 34 kulturellen
1009 489 166 39 Aufgaben
1205 485 55 30 des

244 552 233 41 Schauspielers

165 609 65 33 RU
244 605 90 33 BIN
348 604 72 38 ER,
448 598 152 34 FRIEDA
630 594 82 42 (ICH
717 593 85 38 AK);
842 584 226 35 Proletarische
1095 581 110 31 Bühne
1232 579 30 30 in

242 652 61 31 ider
326 646 219 41 bürgerlichen
569 638 204 36 Gesellschaft

167 707 129 33 EINE
319 693 447 43 UNGLAUBLICHE
790 682 355 40 GESCHICHTE
1206 705 7 5 .
1260 677 3 63 .
1308 677 56 30 421

171 755 342 40 SCHACHTEL,
555 746 236 37 FRIEDRICH;
829 745 57 29 Die
927 738 235 35 Kommunisten
1202 731 65 32 und

249 807 61 32 (das
338 798 323 45 Lumpenproletariat
691 821 5 5 •
740 817 8 6 *
793 815 8 6 *
846 813 7 6 *
898 812 6 6 *
950 812 5 5 •
1002 811 5 5 •

173 856 361 38 SCHLICHTER,
574 849 185 35 RUDOLF;
799 845 131 32 Lakaien
957 841 58 31 der
1054 840 215 35 Bourgeoisie,

255 908 19 30 4
298 905 222 36 Zeichnungen
591 924 5 5 .
643 922 5 5 •
695 921 5 5 •
1110 909 5 5 *
1215 905 4 36 ’

266 964 7 21 ;
297 955 66 30 Das
390 943 274 38 Oberschlesische
692 939 145 34 Problem
886 937 90 30 heute
1026 931 66 31 und
1140 934 131 31 morgen

260 994 250 46 (Zeichnungen)
898 1004 16 41 ;
955 1006 5 5 '
1001 1004 12 26 ;
1058 1000 9 8 '
1111 1002 5 5 '
1317 992 61 43 oJ

179 1042 381 42 SCHISCHKOW,
585 1041 65 31 W.:
675 1039 64 30 Der
764 1036 99 30 Bauer
886 1028 201 41 Wawylitsch
1112 1051 7 7 .
1163 1047 6 7 .
1216 1047 6 6 •
1267 1044 7 6 •
1317 1025 63 25 3»

179 1103 145 35 SCHN
338 1101 86 33 ITT
437 1098 75 38 KE,
536 1093 131 33 THEA:
710 1087 258 37 Kommunismus
992 1082 66 31 und
1079 1078 164 33 Tradition
1271 1101 5 5 .
1341 1075 41 27 b>

202 1169 40 7 _
272 1160 5 22 ;
299 1149 122 32 Tolstoi
448 1146 55 31 der
529 1141 121 33 Denker

183 1202 226 38 SCHOLZ,
425 1197 164 35 GEORG:
612 1192 155 33 Deutsche
785 1188 193 32 Dokumente
1013 1178 371 36 ••••••*

301 1249 17 37 :
335 1249 241 37 Federzeichnung
962 1258 6 7 *

186 1299 225 37 SCHULZ,
437 1293 153 34 FRANZ;
616 1291 58 31 Ein
700 1284 233 35 Märchenbuch
957 1282 51 30 für
1032 1273 250 37 Arbeiterkinder
1328 1273 11 27 i

188 1352 297 38 SCHÜLLER,
518 1343 230 37 HERMANN;
790 1337 170 36 Proletkult
1042 1328 244 36 Proletarisches

269 1401 131 31 Theater

191 1450 185 38 SERGE,
400 1444 169 35 VICTOR:
595 1442 59 31 Die
677 1437 207 34 Anarchisten
907 1432 65 32 und
994 1430 52 31 die
1065 1426 221 37 Erfahrungen

275 1498 54 31 der
352 1493 177 33 russischen
552 1487 186 34 Revolution
1373 1515 19 23 Q

193 1543 272 38 SINCLAIR,
488 1538 164 33 UPTON;
673 1536 94 30 Prinz
787 1533 122 37 Hagen,
933 1528 48 31 111.
1005 1526 60 31 Akt
1126 1546 8 7 ♦
1179 1547 5 5 •
1230 1543 7 6 ♦
1282 1544 6 5 •

534 1590 163 34 GEORG:
715 1588 40 31 N.
774 1587 105 36 Lenin,
898 1583 71 31 Sein
987 1580 102 31 Leben
1108 1576 65 32 und
1190 1577 85 30 seine

275 1644 156 42 Tätigkeit
506 1663 9 9 *
560 1665 7 5 -
610 1662 10 7 -
663 1661 7 6 •
714 1657 9 8 ♦

199 1691 282 47 Spartakusbriefe
488 1701 6 19 :
522 1684 315 35 Parlamentarismus

197 1750 174 38 TONN,
397 1743 221 35 GÜNTHER;
644 1740 91 39 Auge
760 1747 51 21 um
837 1735 91 38 Auge
978 1750 317 38 •••••;•
1340 1726 18 26 5

290 1810 7 22 :
320 1799 118 32 Arthur
461 1792 193 33 Höllischer:
678 1790 20 30 3
723 1787 130 32 Monate
874 1785 33 30 in
931 1775 275 45 Sowjet-Rußland
1230 1775 50 38 (Be-

282 1842 193 42 sprechung)

203 1896 103 33 TRO
320 1895 25 31 T
359 1895 24 29 Z
396 1893 62 38 KI,
480 1890 49 31 L.;
555 1889 59 30 Die
635 1882 191 41 Hauptlehre
848 1879 58 31 des
928 1877 52 31 lII*
999 1876 196 36 Kongresses
1241 1895 5 5 .
1293 1892 5 5 •
1342 1870 60 25 34d

225 1961 40 11 _
293 1954 6 21 :
324 1944 58 29 Die
406 1937 188 34 materiellen
618 1932 296 35 Voraussetzungen
937 1925 57 31 der
1019 1921 185 34 Revolution
1242 1943 5 5 .
1295 1915 4 60 .
1343 1915 35 28 41
1385 1915 19 27 ö

206 1996 195 39 VARGA,
420 1995 52 30 E.:
491 1991 114 32 Erholt
622 1989 66 31 sich
708 1987 54 30 der
780 1980 206 42 europäische
1003 1975 224 41 Kapitalismus
1246 1972 56 29 seit

291 2040 216 42 Kriegsende?
1296 2039 7 5 *

209 2089 334 37 WALDEMAR;
573 2088 58 31 Die
658 2084 64 31 drei
750 2080 114 41 Pajoks

211 2150 62 30 WI
286 2150 31 30 D
327 2149 22 30 S
388 2147 65 30 W.;
476 2145 133 37 „Jimmy
630 2136 157 42 Hdggins“
811 2129 248 45 (Besprechung)
1145 2147 160 9 ....
