3525 4457
338 159 1433 198 Niederrheinisriie
1918 159 1153 259 Musik-Zeitung

983 464 117 114 für
1186 459 559 122 Eimattreunk
1799 459 144 119 raiit
1999 461 399 122 Mtstler.

159 704 390 67 Herausgegeben
597 722 88 33 von
738 704 238 50 Professor
1905 699 69 57 L.
2134 696 267 80 Bischoff.
1608 703 174 67 Verlag
1837 705 82 47 der
2909 701 377 68 Buchhandlung.

227 855 83 53 Nr.
353 854 83 54 32.

1407 854 174 67 KÖLN,
1624 856 47 52 0.
1713 854 196 70 August
1951 855 136 53 1864.

2804 854 98 53 XII.
2945 854 270 71 Jahrgang.

251 1033 204 37 Inhalt.

538 1035 80 33 Das
646 1033 183 35 deutsche
860 1033 192 47 Singspiel
1081 1034 64 35 der
1173 1032 257 37 Hiller'schen
1457 1034 173 36 Periode.
1737 1031 152 36 Aeltere
1918 1032 309 35 Kirchenmusik.
2271 1030 158 37 Selectio
2463 1030 200 38 Modorum
2700 1030 45 35 ab
2781 1030 172 37 Orlando
2981 1030 41 36 di
3050 1030 121 36 Lasso
3200 1043 95 24 com-

147 1094 214 49 jpositorum
389 1098 66 31 etc.
488 1093 157 48 Collegit
673 1099 34 29 et
736 1093 61 36 edi
824 1094 152 35 curavit
1006 1095 234 34 Franciscus
1273 1093 180 36 Commer.
1490 1093 103 36 Tom.
1634 1093 41 35 V.
1784 1091 137 37 Stabat
1949 1098 120 30 mater
2109 1095 59 33 für
2208 1095 82 33 vier
2318 1095 270 45 Singstimmen
2625 1105 74 23 von
2732 1093 187 35 Emanuel
2949 1094 174 45 Astorga.
3169 1094 41 33 In
3241 1105 37 23 er-

155 1157 190 35 weiterter
371 1155 344 35 Instrumentation
744 1155 81 34 und
851 1157 70 32 mit
949 1155 332 46 Clavier-Auszug
1307 1155 183 35 versehen
1521 1166 75 23 von
1624 1154 141 34 Robert
1792 1153 134 35 Franz.
2035 1155 175 44 Tages-
2255 1154 94 33 und
2397 1154 65 34 Un
2475 1160 69 27 ter
2557 1154 57 33 ha
2626 1153 12 34 1
2648 1153 176 46 tungsb
2837 1153 11 33 1
2860 1158 72 29 all
2960 1153 247 47 (Mannheim,
3237 1153 59 35 die

155 1218 100 46 Oper
578 1215 369 47 Opern-Repertoire
976 1215 65 34 des
1070 1214 293 45 Theaterjahres
1391 1215 38 33 in
1460 1214 186 46 Stuttgart
1752 1214 126 44 Wien,
1905 1215 101 33 Frau
2036 1215 213 33 Dustmann
2356 1214 241 45 Antwerpen,
2626 1213 205 35 Musikfest
2935 1215 106 33 Paris
3069 1225 36 24 u.
3136 1225 27 23 s.
3194 1213 75 44 w.).

147 1388 99 55 Das
290 1386 248 55 deutsche
582 1385 257 73 Singspiel
880 1386 94 55 der
1015 1386 338 56 Hiller’schen
1401 1386 217 55 Periode

1631 1391 56 63 *).

272 1525 241 49 Während
546 1525 82 48 der
667 1526 166 63 langen
864 1526 113 54 Zeit,
1021 1525 42 48 in
1108 1526 198 48 welcher
1349 1526 79 49 das
1471 1527 216 48 deutsche

150 1603 224 65 Singspiel
417 1620 114 47 ganz
574 1620 84 30 von
690 1602 81 48 der
804 1603 162 47 Bühne
1000 1603 362 48 verschwunden
1404 1621 113 37 war,
1562 1604 122 49 hatte

150 1682 90 49 sich
271 1682 71 47 die
365 1681 223 64 Operette
620 1681 41 47 in
695 1681 279 48 Frankreich
1007 1681 268 66 vollständig
1305 1683 260 47 entwickelt
1595 1682 91 48 und

153 1761 161 48 formal
344 1758 303 65 ausgebildet.
701 1759 286 64 Anmutbige
1016 1759 168 64 Sujets,
1223 1762 99 46 eine
1353 1761 178 56 leichte,
1575 1761 90 48 lieb-

151 1838 131 52 liche,
314 1837 154 48 weder
496 1855 52 29 zu
579 1836 105 48 tiefe
714 1836 91 48 und
835 1837 406 56 schwerfassliche,
1272 1838 115 48 noch
1419 1856 51 29 zu
1501 1838 187 55 seichte,

153 1914 353 51 oberflächliche
560 1913 169 56 Musik,
774 1914 70 49 ein
889 1914 193 49 ländlich
1126 1916 248 58 einfacher,
1432 1916 257 66 idyllischer

154 1992 270 65 Grundzug,
455 1991 81 49 der
564 1991 73 48 die
667 1991 312 64 Handlungen
1011 1991 85 49 fast
1126 1992 251 65 durchweg
1407 1992 256 48 charakteri-

153 2072 96 54 sirt,
281 2071 155 48 hatten
466 2086 46 32 es
544 2068 104 50 bald
680 2086 101 30 zum
807 2069 239 65 Lieblinge
1068 2069 79 49 des
1169 2069 265 49 Publicums
1465 2071 226 63 gemacht.

153 2149 109 49 Man
292 2163 188 48 vermag
511 2154 142 41 etwas
684 2147 377 64 Anmuthigeres,
1091 2147 308 49 Lieblicheres
1427 2148 91 47 sich
1552 2147 137 48 kaum

153 2243 53 31 zu
237 2225 196 55 denken,
464 2225 63 47 als
558 2224 122 48 diese
709 2224 81 48 seit
818 2225 41 47 J.
887 2225 40 47 J.
953 2225 345 49 Rousseau's

154 2302 99 67 lage
284 2300 92 65 (um
414 2299 165 67 1750)
611 2302 66 47 bis
706 2318 79 31 zur
816 2302 270 48 Revolution
1119 2303 329 48 entstandenen
1480 2303 190 48 französi-

157 2380 135 47 schen
318 2379 277 64 Singspiele;
625 2378 146 48 nichts
795 2378 171 48 konnte
990 2380 264 63 geeigneter
1284 2380 283 54 erscheinen,
1599 2380 70 47 hei-

158 2467 96 38 tere
286 2455 90 49 und
413 2460 254 61 vergnügte
696 2457 207 48 Stunden
946 2474 53 31 zu
1039 2458 301 54 verschaffen,
1388 2458 306 48 freundlicher

160 2534 90 48 und
282 2533 280 49 belebender
602 2534 83 48 auf
722 2534 78 47 das
831 2534 199 48 Gemüth
1062 2553 52 29 zu
1147 2535 192 55 wirken,
1377 2537 63 47 als
1474 2537 77 47 sie.
1609 2537 87 48 Die

160 2610 239 50 reizenden
430 2613 144 47 Texte
604 2628 83 32 von
732 2612 273 54 Sedaine,
1048 2613 230 53 Favart,
1324 2614 370 55 Marmontel,

160 2690 301 49 Poinsinet
492 2689 90 47 und
615 2692 320 45 Anseaume
966 2689 90 48 und
1087 2689 72 50 die
1184 2690 382 65 liebenswürdige
1593 2693 67 46 Mu-

162 2768 63 47 sik
261 2768 113 47 dazu
405 2783 83 30 von
522 2766 304 55 Desaides,
1145 2768 326 63 Monsignv,
1518 2768 146 48 Phili-

165 2845 66 48 do
249 2863 47 37 r,
331 2846 120 46 Dun
468 2845 33 56 i,
532 2845 108 47 d'AI
654 2860 191 50 ayrac,
877 2845 292 56 Gaveaux,
1200 2846 173 47 Bruni
1418 2846 90 49 und
1541 2846 123 49 Ande-

163 2939 77 32 ren
273 2923 309 48 bezauberten
612 2923 42 47 in
685 2921 202 63 gleicher
920 2923 173 48 Weise.

278 3001 162 49 Neben
473 3000 146 48 dieser
649 3000 332 48 französischen
1012 3000 224 65 Operette
1274 3001 130 49 stand
1435 3001 113 49 aber
1578 3001 115 49 auch

162 3079 283 62 gleichzeitig
468 3079 42 47 in
534 3078 157 48 Italien
717 3078 69 48 die
813 3078 231 48 komische
1066 3079 128 63 Oper
1217 3080 41 46 in
1286 3079 210 48 höchster
1518 3080 178 47 Blüthe.

163 3155 295 50 Goldoni's
508 3154 395 67 phantasiereiche
946 3155 218 48 Märchen
1217 3156 90 47 und
1353 3155 72 48 die
1468 3156 228 47 wahrhaft

159 3233 295 64 sprudelnde,
498 3234 163 47 frische
712 3233 147 48 Musik
903 3231 80 49 der
1026 3233 308 48 italiänischen
1372 3234 187 48 Meister
1601 3234 69 47 die-

162 3327 67 31 ses
270 3313 303 54 Zeitraumes,
616 3311 122 47 eines
781 3311 327 63 Pergolesi,
1157 3311 300 54 Paisiello,
1504 3311 151 49 Cima-

160 3405 157 40 rosa,
361 3389 251 56 Anfossi,
656 3389 368 63 Giuglielmo,
1062 3389 207 48 Salieri
1312 3407 41 30 u.
1383 3405 33 32 s.
1448 3389 43 54 f.,
1537 3407 155 30 waren

159 3465 79 50 das
266 3468 266 48 Entzücken
573 3468 112 48 aller
714 3465 358 50 Musikfreunde.
1131 3468 323 47 Französische
1487 3466 88 49 und
1608 3468 63 47 ita-

160 3544 211 49 liänische
403 3546 192 49 Weisen
631 3545 241 63 begannen
913 3544 282 48 wetteifernd
1228 3561 75 30 um
1336 3545 70 47 die
1439 3545 146 47 Gunst
1614 3545 78 47 des

160 3621 264 50 Publicums
468 3640 50 31 zu
565 3624 174 61 ringen.
795 3622 141 49 Sollte
979 3621 145 48 daher
1166 3622 71 47 die
1280 3622 218 47 deutsche
1542 3622 146 46 Musik

158 3700 123 48 nicht
310 3718 114 48 ganz
454 3701 219 47 erdrückt
701 3700 91 48 und
821 3699 260 63 unmöglich
1108 3699 213 63 gemacht
1353 3700 87 47 und
1475 3700 95 47 ihre
1603 3700 64 47 fer-

158 3793 109 33 nere
299 3779 211 48 Existenz
540 3779 226 63 gesichert
795 3776 202 55 werden,
1038 3793 49 31 so
1131 3785 167 39 musste
1340 3777 177 47 endlich
1551 3785 140 39 etwas

258 3927 41 46 *)
325 3929 125 36 Probe
493 3941 89 24 aus:
628 3930 122 46 „Das
795 3926 242 38 deutsche
1416 3927 84 35 Von
1545 3926 47 36 H.
1635 3925 52 35 M.

155 3986 311 40 Schletterer.
510 3992 219 47 Augsburg,
769 3991 39 35 J.
837 3991 46 35 A.
913 3987 209 37 Schlosser.
1169 3986 109 39 1863.
1386 3988 96 35 Eine
1512 3987 151 36 ausführ-

151 4045 145 41 lichere
324 4052 172 45 Anzeige
525 4052 65 35 des
618 4052 152 35 Buches
804 4049 122 48 geben
957 4049 68 33 wir
1052 4047 218 38 nächstens.

1170 4108 88 34 Die
1294 4106 285 37 Redaction.

1780 1371 274 65 geschehen,
2084 1369 218 49 wodurch
2332 1369 71 49 die
2434 1369 216 49 deutsche
2676 1369 159 47 Bühne
2867 1369 40 46 in
2939 1369 85 47 den
3050 1369 139 49 Stand
3222 1387 53 47 ge-

1780 1457 109 39 setzt
1918 1448 175 55 wurde,
2124 1448 78 47 mit
2232 1447 80 49 der
2341 1448 81 47 der
2451 1447 256 49 Ausländer
2745 1447 40 47 in
2817 1446 70 48 die
2917 1447 265 48 Schranken
3213 1456 69 39 tre-

1780 1535 73 39 ten
1881 1543 52 30 zu
1968 1526 194 48 können.

1899 1603 194 47 Wieder
2114 1620 95 30 war
2228 1620 46 30 es
2294 1602 80 48 der
2397 1602 251 47 strebsame
2672 1601 91 48 und
2790 1601 346 48 unermüdliche
3154 1602 122 47 Thea-

1780 1681 308 47 ter-Director
2120 1681 154 47 Koch
2313 1681 42 45 in
2387 1679 198 64 Leipzig,
2628 1678 100 47 dem
2763 1678 81 46 wir
2874 1678 70 47 die
2975 1679 255 63 Anregung
3253 1696 53 30 zu

1781 1758 85 48 den
1898 1773 146 32 neuen
2075 1757 266 48 Versuchen
2371 1757 58 46 im
2462 1756 243 48 deutschen
2736 1756 251 64 Singspiele
3031 1756 275 48 verdanken.

1782 1836 98 49 Auf
1901 1836 122 47 seine
2053 1834 341 65 Veranlassung
2432 1834 124 47 hatte
2590 1832 336 56 Standfuss,
2971 1833 338 65 Ballet-Geiger

1783 1914 70 49 bei
1884 1914 146 47 seiner
2054 1914 203 63 Truppe,
2286 1913 70 47 ein
2385 1928 79 31 zur
2487 1910 309 65 Composition
2822 1910 254 47 komischer
3100 1910 209 65 Gesänge

1782 1992 107 47 sehr
1918 1989 224 65 begabter
2171 1991 218 53 Musiker,
2435 1992 100 44 eine
2564 1988 149 47 Musik
2755 2004 52 31 zu
2844 1987 101 48 dem
2987 1988 138 47 schon
3161 1987 144 50 1743

1785 2069 81 47 mit
1894 2084 48 31 so
1974 2067 364 64 unglücklichem
2373 2067 186 62 Erfolge
2587 2082 84 30 von
2695 2065 319 49 Schönemann
3046 2064 264 65 gegebenen

1797 2147 139 54 „Der
1983 2144 199 48 Teufel
2233 2144 67 47 ist
2516 2142 323 64 geschrieben;
2896 2142 141 47 dieses
3084 2140 222 65 Singspiel

1785 2223 161 48 wurde
1974 2223 118 48 denn
2124 2238 71 32 am
2229 2220 47 50 8.
2308 2220 206 50 October
2549 2219 141 50 1752
2722 2228 112 39 trotz
2864 2219 78 48 des
2973 2219 196 65 heftigen
3206 2220 68 47 Wi-

1786 2300 320 64 derspruches,
2135 2298 87 48 den
2253 2297 248 49 Gottsched
2530 2297 207 63 dagegen
2768 2297 161 52 erhob,
2973 2297 80 45 mit
3084 2297 152 47 Beifall
3268 2297 42 45 in

1786 2377 184 64 Leipzig
2015 2377 283 63 aufgeführt.
2356 2375 126 49 Koch
2529 2375 122 47 hatte
2697 2374 67 48 bei
2808 2374 167 48 diesem
3020 2374 163 47 Streite
3226 2374 85 47 alle

1786 2457 222 47 Stimmen
2042 2455 77 46 für
2145 2454 111 55 sich,
2296 2469 136 47 sogar
2463 2453 70 47 die
2564 2453 80 47 der
2681 2452 405 48 einflussreichsten
3122 2452 162 48 Persön-

1787 2533 238 47 lichkeiten
2070 2532 78 47 des
2194 2530 170 54 Hofes;
2421 2529 284 48 Gottsched's
2751 2529 210 48 Ansehen
3006 2544 97 31 war
3147 2529 165 47 bereits

1786 2610 140 47 schon
1955 2626 47 30 so
2034 2609 251 63 gesunken,
2316 2606 100 49 dass
2446 2624 65 37 er,
2542 2606 221 49 verhöhnt
2793 2606 89 47 und
2912 2613 259 56 verspottet,
3202 2604 81 48 end-

1788 2688 84 48 lich
1904 2688 79 47 das
2016 2686 105 49 Feld
2154 2690 187 43 räumen
2382 2693 181 39 musste.
2619 2684 236 48 Standfuss
2897 2684 280 62 componirte
3220 2699 91 31 nun

1788 2765 116 48 noch
1937 2765 69 47 ein
2039 2764 189 48 anderes
2258 2763 248 64 Singspiel:
2548 2763 122 54 „Der
2712 2761 136 47 stolze
2893 2761 150 47 Bauer
3080 2760 229 47 Jochem

1790 2843 179 48 Tröbs
1998 2843 109 47 oder
2131 2841 79 47 der
2234 2845 253 60 vergnügte
2906 2838 80 48 das
3010 2855 55 31 an
3089 2838 194 48 verschie-

1788 2920 147 48 denen
1966 2920 163 53 Orlen,
2172 2919 273 47 namentlich
2479 2918 116 48 auch
2627 2919 40 46 in
2702 2918 166 53 Berlin,
2911 2915 202 64 beifällig
3152 2915 132 64 aufge-

1790 3014 213 32 nommen
2042 2995 172 50 wurde.
2274 2996 163 46 Leider
2478 2995 127 47 sollte
2648 2994 80 47 der
2770 3010 125 32 arme
2939 2994 243 47 Tonsetzer
3225 2991 85 49 den

1790 3075 129 48 Lohn
1950 3076 146 46 seiner
2129 3074 330 62 Bemühungen
2492 3073 121 47 nicht
2641 3076 176 50 ärnten,
2848 3071 115 47 denn
2994 3087 43 30 sc
3044 3070 86 46 hon
3169 3067 140 50 1756

1787 3151 127 50 starb
1945 3169 48 31 er
2023 3153 41 47 in
2095 3151 85 47 den
2213 3150 288 47 ärmlichsten
2545 3149 91 47 und
2667 3149 272 63 traurigsten
2971 3147 336 47 Verhältnissen

1790 3231 40 46 in
1879 3230 144 47 einem
2072 3229 283 62 hamburger
2390 3227 183 64 Spitale.
2633 3226 126 48 Koch
2806 3225 153 47 führte
3009 3224 138 48 1759
3193 3224 117 47 noch

1788 3309 130 47 einen
1942 3307 187 47 zweiten
2155 3306 129 47 Theil
2316 3321 82 32 von
2430 3305 101 47 dem
2566 3305 117 46 oben
2714 3311 257 56 genannten
3001 3310 149 39 ersten
3175 3301 106 64 Sing-

1786 3380 137 70 s'piele
1954 3385 102 47 auf:
2101 3384 103 48 den
2249 3384 251 61 lustigen
2545 3382 305 52 Schuster,
2895 3379 101 49 fand
3042 3379 110 48 aber
3191 3379 121 47 nicht

1786 3464 70 47 die
1886 3462 296 64 gewünschte
2205 3461 300 47 Theilnahme
2535 3460 167 55 dafür;
2731 3457 80 49 der
2834 3459 117 47 Text
2981 3457 202 49 erschien
3213 3473 74 31 ver-

1786 3541 124 52 altet,
1940 3539 71 48 die
2035 3540 145 46 Musik
2213 3537 138 49 selbst
2380 3537 121 47 nicht
2525 3536 128 47 mehr
2685 3535 321 63 wirkungsvoll
3037 3550 164 47 genug.
3240 3534 70 45 Da

1786 3617 182 49 wandte
1997 3617 91 46 sich
2121 3616 79 47 der
2232 3615 252 63 bedrängte
2509 3614 436 48 Theater-Director
2971 3612 76 46 mit
3071 3610 79 47 der
3177 3610 133 56 Bitte,

1785 3695 71 48 die
1885 3694 296 49 Textbücher
2210 3692 363 54 umzuarbeiten,
2605 3708 53 31 an
2691 3691 84 47 den
2808 3691 41 46 in
2874 3688 179 65 Leipzig
3086 3686 221 48 lebenden

1785 3774 226 47 beliebten
2037 3772 188 47 Dichter
2252 3770 121 48 Chr.
2394 3771 49 46 F.
2467 3770 219 47 Weisse
2710 3766 167 65 (1726
2970 3765 188 63 1804);
3187 3766 39 47 J.
3252 3765 55 48 A.

1785 3850 261 63 Hiller*),
2088 3850 70 47 ein
2190 3849 119 47 nicht
2341 3847 178 47 minder
2556 3846 311 63 angesehener
2896 3843 88 49 und
3017 3847 195 43 äusserst
3240 3850 67 40 ta-

1885 3986 37 47 *)
1950 3986 190 37 Johann
2169 3983 150 36 Adam
2359 3982 181 44 Hiller,
2570 3981 163 48 geboren
2764 3979 70 35 den
2867 3977 58 37 15.
2957 3977 209 37 December
3197 3973 112 53 1728,

1778 4048 26 42 f
1833 4047 71 35 den
1936 4044 59 38 16.
2023 4045 97 35 Juni
2150 4040 113 40 1804.
2370 4043 52 34 Es
2463 4042 136 47 gehört
2642 4052 48 23 zu
2731 4039 71 34 den
2843 4038 356 47 Nachlässigkeiten
3243 4034 66 37 des

1777 4106 231 44 Verfassers,
2050 4105 88 34 dass
2164 4114 75 24 von
2269 4114 40 24 so
2345 4101 311 37 einflussreichen
2685 4099 187 35 Männern
2914 4100 72 32 wie
3015 4096 178 34 Weisse
3230 4094 79 36 und

3003 4155 72 49 32
