3573 4414
1804 218 0 0 109

200 304 172 47 wiener
397 304 198 47 Blattern
628 320 79 31 aus
731 303 135 65 jenen
889 307 185 48 Jahren.
1105 307 106 47 Erst
1234 303 140 48 durch
1399 304 182 66 völliges
1605 307 72 50 Um-

199 379 203 49 studiren
431 382 110 46 aller
570 379 143 49 dieser
745 383 338 48 Meisterwerke
1115 383 100 46 kam
1248 381 70 47 die
1348 382 190 49 lebende
1568 384 117 47 Gene-

203 454 146 50 ralion
379 456 80 47 der
491 457 167 47 wiener
679 458 342 48 Musikfreunde
1049 475 100 30 zum
1182 456 151 48 reinen
1361 458 217 56 Genüsse,
1606 459 110 49 aber

200 532 117 48 auch
346 548 78 31 zur
453 532 217 65 richtigen
702 536 295 47 Erkenntniss
1027 534 76 47 des
1134 533 195 47 Inhaltes
1359 533 144 48 dieser
1540 536 174 63 ewigen

202 611 296 45 Monumente
527 611 80 46 der
636 613 249 47 Tonkunst.
941 613 105 46 Man
1087 612 141 45 lernte
1266 611 228 54 einsehen,
1533 613 100 47 dass
1671 628 45 32 es

200 685 173 47 hierbei
405 687 79 45 mit
511 696 182 40 exacter
720 689 264 62 Beachtung
1008 688 80 46 der
1112 687 433 63 vorgeschriebenen
1571 691 115 45 Aeus-

198 762 333 57 serlichkeitcn,
560 765 63 46 als
641 763 161 67 piano,
821 764 130 62 forte
980 781 42 29 u.
1045 779 32 31 s.
1103 779 71 37 w.,
1200 763 112 47 noch
1340 763 129 61 lange
1494 765 121 46 nicht
1637 765 52 47 ab-

199 839 169 62 gethan
397 839 69 57 ist,
505 840 100 47 dass
635 858 45 31 es
711 840 213 47 vielmehr
955 840 113 46 noch
1099 840 68 46 ein
1200 839 176 47 oftmals
1406 840 310 63 tiefliegendes

199 917 155 47 Etwas
383 917 57 47 im
476 918 302 46 Kunstwerke
807 915 113 63 gibt,
952 917 78 47 das
1059 933 77 29 vor
1166 918 129 44 allem
1328 917 212 47 Anderen
1573 918 41 47 in
1646 918 69 48 die

200 992 317 64 Erscheinung
544 1000 144 40 treten
720 993 87 45 will
840 993 88 47 und
1036 993 95 47 soll.
1182 993 154 45 Dieses
1374 994 155 47 Etwas
1557 994 53 47 ist
1638 995 77 47 das

202 1069 847 63 Charakteristisch-Eigenthümliche,
1088 1069 79 48 das
1196 1070 90 46 sich
1319 1069 229 50 bisweilen
1577 1072 137 48 schon

199 1146 41 46 in
265 1145 85 48 den
374 1144 351 48 verschiedenen
749 1145 222 48 Perioden
997 1148 118 47 eines
1131 1146 153 47 Satzes
1308 1146 286 49 verschieden
1619 1165 64 30 mo-

197 1223 165 45 dificirt
405 1221 87 47 und
536 1220 142 48 durch
721 1238 323 47 angemessene
1074 1224 266 63 Bewegung
1370 1221 210 68 (Tempo)
1613 1224 100 48 dem

197 1299 209 47 Zuhörer
434 1298 90 47 sich
558 1298 276 49 bemerkbar
865 1300 162 48 macht.

315 1376 91 46 Das
457 1376 272 65 Ergründen
779 1376 141 49 dieses
967 1378 232 64 specifisch
1251 1376 463 49 Charakteristischen

193 1458 108 40 setzt
330 1451 211 49 Studium
575 1453 86 47 und
694 1454 228 63 poetische
946 1455 254 64 Begabung
1230 1454 68 47 bei
1324 1454 101 46 dem
1453 1454 261 61 Dirigenten

198 1545 185 40 voraus;
414 1546 50 30 zu
499 1531 228 47 Ersterem
762 1531 146 47 haben
939 1531 120 49 diese
1088 1534 182 44 Herren
1300 1533 41 45 in
1374 1531 79 47 der
1483 1531 230 49 Mehrzahl

202 1605 153 48 weder
377 1607 98 47 Zeit
504 1607 112 47 noch
642 1609 167 54 Müsse,
842 1609 87 47 und
961 1609 79 48 das
1061 1609 202 54 Andere,
1294 1607 70 47 die
1388 1609 174 54 Poesie,
1590 1609 54 47 ist
1671 1609 42 47 in

202 1684 142 63 Folge
367 1682 77 49 des
468 1684 162 63 täglich
659 1701 52 30 zu
738 1685 360 63 prakticirenden
1130 1684 288 48 Handwerks
1442 1685 138 46 schon
1613 1685 99 47 früh

198 1775 84 33 von
311 1761 136 48 ihnen
478 1762 248 64 gewichen.
758 1764 86 47 Um
876 1764 70 47 die
975 1764 189 63 richtige
1195 1762 277 63 Auffassung
1502 1762 121 47 eines
1646 1762 45 64 je-

195 1836 88 48 den
313 1839 178 47 Theiles
533 1839 76 47 des
642 1840 325 47 Kunstwerkes
1007 1840 113 47 nach
1167 1839 170 47 bestem
1371 1839 261 62 Vermögen
1670 1839 43 48 in

195 1914 144 48 Scene
367 1933 50 29 zu
449 1922 165 49 setzen,
654 1915 110 48 dazu
797 1916 193 48 braucht
1019 1917 79 47 der
1127 1916 242 64 tüchtigste
1400 1915 91 47 und
1522 1931 82 33 von
1634 1915 80 49 der

198 1992 312 49 himmlischen
541 1994 128 45 Muse
711 1994 115 47 noch
872 1994 81 47 fest
994 1994 358 62 umschlungene
1384 1994 207 62 Dirigent
1618 1995 97 46 Zeit

197 2067 91 48 und
320 2071 162 46 Raum.
532 2070 105 45 Sein
668 2070 249 47 Orchester
945 2071 78 46 soll
1058 2071 175 47 keinem
1265 2070 309 48 Räderwerke
1604 2071 88 64 glei-

195 2146 131 56 chen,
364 2146 95 55 das,
504 2146 42 47 in
578 2147 266 64 Bewegung
875 2155 181 56 gesetzt,
1099 2147 117 48 nach
1248 2147 344 48 mechanischen
1625 2148 59 47 Ge-

194 2230 149 40 setzen
386 2223 71 49 die
492 2240 52 30 zu
575 2222 183 50 lösende
786 2225 213 63 Aufgabe
1028 2225 195 64 abspult.
1276 2225 114 47 Was
1420 2225 82 47 wir
1531 2223 112 49 aber
1671 2226 42 46 in

195 2316 193 32 unseren
415 2302 156 62 Tagen
595 2317 84 31 von
703 2301 551 63 Orchester-Leistungen
1282 2319 52 29 zu
1360 2302 141 47 hören
1526 2301 156 48 bekom-

195 2394 121 39 men,
345 2376 116 56 darf,
492 2378 79 46 mit
600 2377 149 64 wenig
781 2378 313 56 Ausnahmen,
1124 2378 122 47 nicht
1275 2378 145 47 höher
1449 2378 238 64 angeschla-

194 2471 88 47 gen
312 2455 202 55 werden,
544 2452 119 50 denn
692 2456 63 46 als
785 2455 428 48 Maschinenarbeit.
1226 2456 149 47 —Als
1403 2472 79 31 zur
1510 2455 96 49 Zeit
1635 2455 80 49 der

205 2532 211 50 Concerts
675 2529 76 70 spirituels
752 2533 82 46 im
835 2533 141 47 wiener
1012 2535 249 47 Orchester
1303 2532 80 48 der
1426 2533 148 49 Geist
1614 2551 75 31 vor-

197 2609 247 56 herrschte,
487 2611 168 47 konnte
684 2609 71 49 die
790 2611 231 65 Wirkung
1051 2611 212 48 manches
1293 2612 152 47 Satzes
1473 2626 80 32 aus
1585 2612 103 47 Beet-

191 2687 185 47 lioven's
423 2687 259 47 Sinfonieen
727 2687 79 47 mit
847 2687 103 47 dem
1000 2687 82 48 auf
1121 2687 144 47 Musik
1308 2695 122 40 sonst
1473 2687 121 48 nicht
1632 2705 52 30 an-

194 2763 277 48 wendbaren
531 2764 532 50 Beschaffenheitsworte
1455 2763 260 51 bezeichnet

191 2841 202 56 werden,
424 2842 147 47 indem
603 2842 197 48 einzelne
826 2842 220 48 Perioden
1078 2842 221 57 wirklich,
1329 2860 131 29 wenn
1491 2843 58 47 im
1576 2843 137 47 Sinne

191 2918 78 48 des
293 2919 244 65 Schöpfers
558 2919 290 64 ausgeführt,
879 2921 99 47 eine
1007 2921 245 63 gleichsam
1279 2921 235 63 plastische
1539 2921 150 47 Gestal-

191 3003 113 57 tung
335 2997 203 47 erhalten
572 2996 180 55 halten;
782 2996 116 48 denn
922 2997 62 48 sie
1007 3003 208 41 trennten
1239 2997 92 47 sich
1356 3013 83 31 von
1464 2997 102 47 dem
1592 2997 91 48 Gan-

193 3090 77 30 zen
302 3074 42 47 in
373 3073 80 47 der
487 3074 157 46 Weise
671 3072 77 57 ab,
778 3074 84 47 wie
892 3073 79 48 der
994 3074 240 65 gehobene
1256 3076 111 45 Arm
1394 3091 100 30 vom
1519 3074 195 64 Körper.

191 3151 129 46 Noch
353 3149 207 65 häufiger
584 3149 103 48 fand
713 3151 143 48 dieses
880 3151 505 49 Beschaffenheitswort
1407 3151 70 48 bei
1502 3151 78 48 des
1604 3152 84 47 Mei-

189 3234 113 41 sters
331 3229 198 47 Sonaten
564 3228 76 47 für
668 3228 261 48 Pianoforte
967 3231 132 47 allein
1144 3228 221 66 passende
1394 3229 320 65 Anwendung.

191 3305 93 49 Das
315 3307 108 45 alles
452 3304 76 48 hat
557 3304 80 47 der
666 3305 337 49 Mechanismus
1033 3323 188 31 unserer
1249 3307 98 47 Zeit
1375 3307 339 48 verschwinden

194 3383 230 62 gemacht,
448 3380 90 49 und
564 3380 163 49 dauert
749 3382 71 48 die
848 3383 269 48 Herrschaft
1139 3383 81 48 der
1243 3384 471 48 Instrumentalmusik

193 3460 43 46 in
260 3459 80 47 der
364 3477 90 30 nun
480 3458 209 48 üblichen
711 3459 451 65 Verfahrungsweise
1186 3462 114 47 noch
1326 3462 146 63 einige
1493 3462 98 47 Zeit
1615 3462 100 53 fort,

193 3553 48 32 so
284 3537 112 47 wird
445 3535 293 65 vollständige
781 3537 278 66 Abnutzung
1108 3538 82 47 der
1230 3539 344 48 Meisterwerke
1623 3539 91 47 und

194 3614 401 65 Gleichgültigkeit
623 3614 76 47 des
726 3614 259 48 Publicums
1014 3632 146 47 gegen
1187 3614 227 50 dieselben
1446 3615 71 49 die
1548 3632 139 32 unaus-

193 3692 237 48 bleibliche
457 3692 140 64 Folge
618 3692 108 48 sein.
754 3692 173 48 Jedoch
953 3692 169 57 vorbei,
1154 3693 151 48 vorbei
1338 3709 56 32 an
1420 3693 151 48 diesen
1588 3693 127 64 jedes

322 3853 131 45 Tagen
482 3864 61 23 am
572 3853 139 43 Leben,
741 3853 60 35 die
830 3853 71 34 auf
919 3853 241 46 Aufführung
1189 3854 123 36 seiner
1333 3854 130 35 Musik
1493 3855 223 48 bezügliche

321 3913 147 45 Fragen
496 3917 153 43 prompt
678 3925 46 23 zu
755 3914 254 34 beantworten
1039 3915 48 33 im
1117 3915 138 35 Stande
1284 3927 136 24 waren.
1448 3917 165 46 Heuling
1640 3918 57 34 ins-

317 3973 217 42 besondere,
563 3985 70 24 aus
650 3974 205 46 Seyfried's
877 3976 137 34 Schule
1034 3976 347 47 hervorgegangen,
1410 3976 65 35 hat
1492 3977 95 36 noch
1609 3978 106 34 einen

317 4044 160 34 grossen
520 4033 110 35 Theil
673 4034 64 35 der
768 4061 16 15 „
797 4035 177 35 Concerts
1001 4035 192 45 spirituels
1209 4047 5 6 '
1248 4040 110 32 unter
1390 4037 204 47 Seyfried's
1631 4038 63 35 Lei-

318 4096 97 44 tung
441 4104 47 24 zu
518 4092 117 37 hören
664 4094 250 47 Gelegenheit
941 4096 152 46 gehabt.

1789 310 404 63 Künstlergemüth
2217 312 80 47 tief
2315 312 311 50 betrübenden
2655 315 386 69 Erscheinungen!
3073 320 212 49 Erheben

1789 387 81 44 wir
1900 386 139 47 lieber
2070 403 190 32 unseren
2287 391 121 47 Blick
2436 392 43 46 in
2508 391 165 47 schöne
2692 395 283 55 Aussichten,
3004 397 169 47 welche
3196 397 92 47 sich

1789 461 83 48 den
1905 462 275 49 frankfurter
2208 466 367 49 Musikfreunden
2607 468 137 49 schon
2773 471 41 46 in
2846 471 77 48 der
2952 473 211 49 nächsten
3194 475 95 47 Zeit

1789 538 203 47 eröffnen
2023 541 175 47 wollen.

1906 616 93 45 Der
2029 632 113 31 neue
2173 617 285 49 Coricertsaal
2500 621 130 62 steigt
2669 638 81 30 von
2792 622 97 63 Tag
2930 640 49 29 zu
3011 626 96 61 Tag
3149 626 144 47 höher

1790 706 170 47 empor.
2011 692 85 46 Die
2138 697 205 58 grössere
2372 696 329 48 Räumlichkeit
2740 698 110 46 wird
2892 699 126 47 einen
3059 704 234 59 grösseren

1787 767 328 47 Zuhörerkreis
2152 769 159 56 fassen,
2342 772 143 46 dieser
2519 773 110 46 wird
2667 774 119 48 nicht
2820 793 85 28 nur
2943 776 69 47 die
3041 777 230 47 erforderli-

1789 842 111 47 chen
1933 844 257 48 Geldmittel
2228 847 219 54 erhöhen,
2486 849 308 48 zweifelsohne
2825 853 112 45 auch
2970 852 69 47 die
3071 852 221 54 bisherige

3135 900 16 26 f
3239 896 26 20 o

1790 920 168 46 Anzahl
1985 920 77 47 der
2088 922 219 48 Concerte
2333 941 71 29 um
2432 923 104 48 fünf
2551 924 111 48 oder
2684 942 73 30 um
2787 928 111 46 noch
2931 929 128 47 mehr
3087 929 171 47 vermeh-

1790 1011 99 38 ren;
1931 1013 52 29 zu
2020 995 151 64 jedem
2215 998 146 48 dieser
2390 1000 221 47 Concerte
2643 1002 177 47 werden
2852 1004 269 48 mindestens
3162 1005 133 49 zwei

1790 1072 179 47 Proben
2013 1074 271 62 abgehalten
2330 1078 206 52 werden;
2580 1078 70 47 die
2679 1079 254 47 Sinfonieen
2963 1096 82 33 von
3072 1082 196 48 Mendels-

1788 1149 112 46 sohn
1928 1149 86 47 und
2041 1150 261 49 Schumann
2329 1154 180 46 werden
2538 1171 87 30 nur
2651 1155 139 46 selten
2819 1173 50 29 zu
2895 1157 153 47 Gehör
3068 1158 227 54 kommen,

1789 1224 70 48 die
1888 1225 112 48 aber
2029 1242 79 31 von
2142 1228 173 48 Mozart
2343 1230 89 46 und
2465 1230 254 49 Beethoven
2756 1239 163 40 sammt
2955 1232 84 48 den
3069 1234 196 48 Ouvertü-

1790 1318 78 30 ren
1898 1303 83 45 auf
2005 1301 269 51 mindestens
2305 1305 110 47 drei
2444 1306 139 47 Jahre
2615 1306 142 47 ruhen
2787 1309 221 62 gelassen,
3036 1326 75 30 um
3135 1310 61 47 sie
3218 1327 76 30 vor

1787 1379 252 61 gänzlicher
2070 1380 273 65 Abnutzung
2371 1400 51 30 zu
2462 1392 164 47 reiten;
2674 1388 149 61 später
2862 1385 137 47 sollen
3040 1385 118 47 dann
3199 1386 96 47 ihre

1788 1455 359 65 Aufführungen
2175 1459 79 46 wie
2278 1459 118 48 hohe
2422 1461 207 61 Festtage
2655 1461 249 49 betrachtet
2936 1463 89 47 und
3057 1464 76 46 für
3161 1464 133 63 heilig

1787 1531 210 64 gehalten
2029 1533 207 57 werden;
2270 1535 131 64 jeder
2428 1536 298 64 Aufführung
2764 1538 141 48 davon
2945 1539 181 47 werden
3163 1540 127 47 sechs

1788 1609 65 47 bis
1889 1609 154 49 sieben
2085 1610 179 48 Proben
2306 1610 130 66 (nach
2477 1613 101 47 dem
2621 1613 117 48 oben
2787 1616 303 63 angeführten
3128 1618 167 47 wiener

1788 1685 270 66 Verfahren)
2089 1689 329 63 vorausgehen,
2460 1707 73 30 um
2565 1689 70 48 die
2665 1690 155 47 früher
2853 1691 42 47 in
2930 1691 85 47 den
3043 1694 249 47 Museums-

1788 1762 250 49 Concerten
2063 1764 113 47 allen
2203 1765 367 48 Meisterwerken
2597 1766 293 65 aufgeprägte
2909 1767 360 67 Charakterlosig-

1788 1839 89 48 keit
1903 1858 52 28 zu
1987 1840 269 65 beseitigen;
2288 1842 70 47 die
2387 1842 347 49 verschiedenen
2764 1845 214 47 Stilarten
3006 1845 137 47 sollen
3175 1846 120 47 nicht

1787 1916 129 47 mehr
1940 1925 131 39 unter
2094 1919 215 47 einander
2331 1920 220 62 gemischt
2574 1920 206 56 werden;
2804 1920 142 48 daher
2969 1921 182 47 werden
3171 1922 127 49 Solo-

1789 1994 222 63 Vorträge
2033 2011 82 30 von
2140 1995 325 49 Salonstücken
2496 1995 91 48 und
2617 1997 117 47 alten
2758 1999 193 55 Tänzen,
2977 1999 161 63 Gigue,
3161 2000 108 47 Sara-

1788 2070 148 48 bande
1961 2089 40 30 u.
2027 2071 106 65 dgl.,
2164 2074 279 63 wenngleich
2472 2075 397 65 contrapunktisch
2893 2075 265 65 gearbeitet,
3186 2076 81 48 den-

1788 2148 114 47 noch
1934 2148 85 49 den
2047 2148 119 65 Zopf
2190 2150 152 48 hinten
2373 2151 89 48 und
2507 2168 106 31 vorn
2653 2151 204 65 tragend,
2900 2152 186 49 niemals
3128 2152 167 50 wieder

1784 2226 254 63 Zulassung
2067 2226 174 56 finden;
2283 2227 415 65 Lieder-Vorträge
2728 2228 242 65 hingegen,
2999 2230 108 62 jetzt
3134 2245 48 30 so
3211 2246 56 31 un-

1787 2301 266 63 gebührlich
2077 2302 372 56 vorherrschend,
2472 2306 138 46 sollen
2640 2305 42 45 in
2705 2305 199 47 Zukunft
2926 2321 85 31 nur
3034 2306 234 47 ausnahms-

1788 2376 134 49 weise
1964 2378 91 47 und
2096 2378 92 49 sich
2232 2380 127 48 darin
2409 2380 383 48 auszeichnenden
2838 2382 203 64 Sängern
3090 2389 208 57 gestattet

1789 2455 198 48 werden.
2042 2457 65 46 Im
2141 2456 211 48 Verlaufe
2382 2457 79 48 der
2489 2457 93 48 drei
2611 2457 157 56 Jahre,
2810 2457 70 48 die
2911 2458 100 49 dem
3041 2466 257 56 genannten

1788 2532 157 47 Theile
1975 2532 76 48 des
2081 2535 288 63 Repertoires
2397 2552 78 30 zur
2499 2535 132 47 Ruhe
2660 2538 200 60 gegönnt
2883 2535 198 57 werden,
3109 2537 80 46 soll
3211 2536 87 48 den

1788 2609 367 65 Compositionen
2185 2611 215 48 lebender
2430 2613 240 47 Tonsetzer
2696 2612 70 47 die
2795 2616 171 60 grösste
2996 2612 196 65 Sorgfalt
3220 2630 52 48 ge-

1788 2686 184 48 widmet
2001 2687 198 56 werden,
2231 2706 72 29 um
2335 2688 79 48 das
2443 2706 55 32 an
2522 2689 135 49 ihnen
2682 2688 264 65 begangene
2970 2689 198 49 Unrecht
3192 2691 78 47 wie-

1787 2763 80 48 der
1888 2772 81 56 gut
1991 2782 52 31 zu
2070 2766 203 48 machen.
2305 2768 120 46 Alles
2448 2783 80 31 aus
2552 2767 80 47 der
2654 2783 197 31 neueren
2875 2768 96 46 Zeit
2992 2767 77 48 soll
3101 2768 194 64 geprüft,

1788 2841 77 47 das
1897 2842 130 47 Beste
2056 2841 143 49 davon
2231 2842 100 47 dem
2364 2844 267 63 Repertoire
2662 2843 259 47 einverleibt
2950 2843 193 48 werden.
3173 2843 94 47 End-

1788 2918 84 47 lich
1903 2918 134 56 noch,
2081 2936 75 30 um
2197 2921 105 47 alles
2331 2921 275 63 Zukünftige
2641 2921 235 47 verrathen
2916 2937 52 29 zu
3010 2919 166 59 haben,
3218 2921 80 48 soll

1788 2996 115 48 auch
1935 2996 70 48 die
2035 2997 347 48 Classicomanie
2427 2998 77 48 mit
2532 2998 185 64 Stumpf
2753 2997 89 48 und
2871 2998 108 47 Stiel
3022 3006 279 56 ausgerottet

1789 3070 213 67 (versteht
2029 3073 109 55 sich,
2169 3091 85 29 nur
2282 3074 42 47 in
2354 3074 85 47 den
2474 3077 200 44 Bäumen
2703 3073 78 48 des
2810 3073 250 65 Museums)
3102 3074 92 47 und
3229 3077 70 44 ein

1787 3151 177 46 zweites
1995 3151 263 57 Orchester,
2289 3168 124 31 wozu
2443 3152 158 48 Kräfte
2641 3168 153 47 genug
2830 3151 279 57 vorhanden,
3139 3152 134 48 heran-

1789 3228 199 63 gebildet
2011 3228 200 53 werden,
2237 3246 73 30 um
2336 3228 69 48 bei
2432 3229 114 47 allen
2566 3229 436 64 Unternehmungen
3031 3228 102 50 dem
3165 3229 132 49 kaum

1788 3323 51 29 zu
1870 3304 346 48 vermeidenden
2250 3305 111 47 Veto
2392 3305 80 47 der
2502 3305 455 49 Theater-Direction
2988 3322 156 48 wegen
3175 3307 98 47 Frei-

1789 3382 186 66 gebung
2002 3383 119 46 ihres
2151 3383 269 47 Orchesters
2451 3383 357 48 auszuweichen.

1903 3460 132 47 Diese
2056 3460 213 56 schönen,
2295 3459 281 50 wahrhafter
2601 3459 268 50 Musikliebe
2893 3459 89 48 und
3003 3458 292 66 Würdigung

1789 3535 384 66 entsprechenden
2206 3537 269 48 Aussichten
2516 3538 142 47 lassen
2703 3538 78 46 für
2822 3537 118 47 diese
2982 3535 144 49 reiche
3167 3535 130 49 Stadl

1789 3614 98 47 eine
1911 3629 112 32 neue
2049 3613 88 47 und
2164 3614 268 55 ruhmvolle,
2456 3614 81 47 der
2561 3614 169 47 hehren
2757 3614 234 47 Tonkunst
3013 3612 108 48 aber
3143 3629 155 45 grosse

1792 3692 227 47 Vortheile
2052 3690 250 65 bringende
2329 3693 185 63 Epoche
2543 3693 246 54 erkennen,
2819 3690 69 47 die
2917 3690 137 46 durch
3087 3689 212 50 keinerlei

1789 3768 326 49 Wechselfälle
2138 3768 47 64 je
2215 3769 99 47 eine
2336 3770 219 47 Reaction
2579 3787 99 29 zum
2702 3768 328 48 Absolutismus
3055 3766 88 47 und
3170 3768 104 64 Opti-

1789 3845 183 48 mismus
2002 3844 199 48 erleiden
2230 3846 106 55 soll;
2381 3846 118 47 denn
2537 3845 70 48 die
2636 3843 288 54 Localkritik,
2969 3843 123 48 ihrer
3120 3843 181 50 Würde

1789 3923 86 47 und
1906 3923 288 64 Amtspflicht
2223 3940 148 47 gegen
2397 3925 214 46 Künstler
2635 3921 86 49 und
2749 3921 234 47 Publicum
3016 3929 105 39 stets
3151 3923 125 64 einge-

1785 3999 135 57 denk,
1950 4000 112 47 wird
2094 4000 85 48 den
2204 4001 248 64 allseitigen
2479 4000 339 62 Bestrebungen
2843 3999 80 47 mit
2945 3999 193 47 offenem
3166 3999 131 53 Visir,

1785 4076 80 50 mit
1887 4076 152 50 Schild
2070 4078 89 48 und
2185 4079 146 48 Lanze
2362 4095 79 31 zur
2471 4075 150 59 Hand,
2650 4075 244 48 schützend
2926 4075 89 48 und
3043 4075 254 50 schirmend
