3081 4117
147 4001 31 22 48

2074 1910 36 26 Es
2141 1911 113 25 werden
2288 1917 48 18 nur
2369 1910 138 27 Anzeigen
2538 1907 200 26 tatsächlichen
2767 1905 101 25 Inhalts
2901 1903 54 26 fort-

2075 1952 107 26 laufend
2202 1954 106 27 gesetzt
2329 1950 215 30 aufgenommen.
2576 1948 219 28 Hervorhebung
2813 1953 56 19 von
2888 1945 61 26 Wor-

2073 1997 46 23 ten
2145 1995 35 25 ist
2204 2002 49 18 nur
2280 1994 84 25 durch
2392 1991 181 30 Sperrdruck,
2598 1997 56 19 von
2679 1989 104 25 Namen
2808 1995 50 19 nur
2885 1987 85 26 durch

2073 2036 131 26 halbfette
2235 2035 109 28 Schrift,
2378 2035 139 28 gestattet.
2563 2032 51 26 Die
2646 2030 219 30 dreigespaltene
2896 2029 73 26 Zeile

2074 2079 31 24 60
2119 2077 123 29 Pfennig.
2274 2076 140 26 Annahme
2432 2082 55 19 von
2503 2075 138 28 Anzeigen
2657 2074 84 25 durch
2759 2074 51 25 den
2827 2072 142 29 Verlag

2076 2120 64 25 der
2160 2119 126 26 Sturm
2304 2118 136 25 Berlin
2459 2116 35 25 W
2514 2117 14 24 9

2074 2169 50 30 Die
2144 2169 232 28 Zurückweisung
2398 2175 55 19 von
2475 2166 139 30 Anzeigen
2638 2166 91 26 behält
2754 2166 58 26 sich
2832 2165 49 25 der
2902 2164 51 26 Ver-

2074 2213 45 28 lag
2138 2211 56 25 Der
2214 2211 91 25 Sturm
2326 2210 68 25 ohne
2414 2209 113 28 Angabe
2547 2209 48 26 der
2616 2208 111 26 Gründe
2747 2214 52 20 vor

2076 3852 228 25 Verantwortlich
2325 3852 41 24 für
2385 3852 52 24 den
2458 3853 142 27 gesamten
2621 3851 84 25 Inhalt
2724 3851 52 24 und
2798 3850 111 29 Verlag:

2077 3892 27 28 F.
2124 3893 133 26 Harnisch
2279 3891 8 37 /
2307 3893 90 25 Berlin
2419 3892 33 24 W
2476 3893 31 25 35

2075 3934 90 25 Druck
2186 3935 64 26 Carl
2268 3934 91 27 liause
2378 3931 9 37 /
2406 3933 90 26 Berlin
2515 3934 45 25 SO
2581 3935 31 24 26

136 140 142 58 Der
322 134 227 60 Sturm

137 225 309 72 St&ndige
475 217 511 70 Ausstellungen

137 321 55 45 in
224 316 171 48 Berlin
427 314 108 48 und
569 310 139 49 Genf

143 397 142 38 Berlin
310 396 55 37 W
381 401 14 34 /
422 395 184 33 Potsdwner
628 388 113 35 StrO*
761 385 84 34 iMi

139 461 477 56 Sechsundzwanzigste
647 454 280 58 Ausstelluiig

140 559 194 58 Marc
381 551 281 74 Chagall

137 641 86 29 Neue
249 638 147 30 Gemalde
421 635 61 30 und
512 634 136 33 Graphik

139 714 144 29 Geoffnet
307 710 110 34 taglich
445 717 61 21 von
536 708 90 30 10—6
653 707 64 30 Uhr
744 703 10 41 /
781 707 155 31 Sonntags
965 711 61 22 von

141 763 89 29 11—2
257 761 63 29 Uhr

140 819 119 30 Eintritt
284 820 12 27 1
320 817 90 30 Mark
441 813 10 40 /
482 816 200 30 Jahreskarte
706 815 17 29 6
746 813 91 30 Mark

141 867 198 31 Monatlicher
360 865 145 31 Wechsel

137 943 167 32 Eroffnung
327 942 30 29 in
382 941 92 30 Geni:
514 942 41 28 15.
581 940 118 32 August

136 1041 333 33 Sturmausstellungen
496 1040 29 29 in
553 1037 207 31 Deutschland
789 1036 60 29 und
878 1035 41 30 im
948 1034 77 30 Aus-

139 1093 70 29 land
240 1089 10 39 I
281 1091 70 35 Juni
375 1091 70 29 1914

137 1157 166 33 Stuttgart:
322 1156 178 32 Kandinsky

137 1206 158 33 Goteborg
328 1203 10 38 /
371 1204 187 30 Schweden:
595 1203 61 30 Der
683 1203 95 29 Blaue
804 1201 104 34 Reiter

138 1255 168 33 Hamburg:
344 1254 119 30 Jacoba
488 1262 61 20 van
577 1253 209 29 Heemskerck

136 1304 91 35 Jena:
245 1304 118 32 August
381 1303 112 30 Macke

136 1354 190 33 Naumburg:
350 1353 265 33 Expressionisten

136 1403 121 33 Tokyo:
287 1403 134 33 Graphik

138 1592 243 74 Verlag
422 1593 138 58 Der
603 1593 225 60 Sturm

137 1691 103 31 Berlin
266 1692 40 29 W
329 1694 18 28 9
371 1692 183 31 Potsdamer
581 1692 109 32 Straße
720 1694 50 29 134
782 1701 18 22 a

137 1749 129 30 Fernruf
299 1750 71 29 Amt
388 1750 128 30 Lutzow
534 1752 72 28 4443

139 1813 441 38 Halbmonatsschrift
607 1814 84 36 Der
715 1815 150 36 Sturm

136 1881 161 32 Erscheint
315 1891 50 21 am
383 1886 104 27 ersten
506 1884 61 29 und
584 1882 197 32 fiinfzehnten
798 1884 85 33 iedes
904 1884 122 31 Monats

139 1952 278 47 Dauerbezug

137 2022 219 32 Gewohnliche
400 2022 144 36 Ausgabe
600 2025 78 30 Fiir
726 2025 301 32 Deutschland

141 2074 79 29 und
257 2073 509 35 Oesterreich-Ungarn:
811 2075 55 30 Ein
901 2075 74 32 Jahr
1012 2077 18 29 6

140 2122 90 31 Mark
268 2121 11 39 /
316 2124 54 30 Ein
389 2124 145 33 Halbjahr
555 2127 17 28 3
592 2125 91 30 Mark
722 2123 10 39 /
772 2126 54 30 Ein
847 2126 181 33 Vierteljahr

141 2174 12 28 1
179 2173 89 31 Mark
292 2176 36 28 50
351 2171 10 40 /
385 2174 168 31 Einzelheft
577 2177 36 28 40
636 2176 129 33 Pfennig
797 2173 13 34 ./
843 2177 53 29 Fii
908 2186 13 20 r
956 2176 72 30 das

141 2223 189 31 Ausland
386 2225 69 29 bei
513 2226 198 30 direkter
770 2226 258 33 Zustellung

139 2274 132 29 durch
295 2275 66 30 die
386 2274 115 31 Post:
529 2275 54 30 Ein
596 2275 75 31 Jahr
686 2277 17 28 9
718 2276 103 31 francs
840 2280 8 25 /
865 2276 54 29 Ein
936 2277 92 30 Halb-

139 2324 65 33 jahr
222 2326 18 27 4
255 2324 104 31 francs
376 2326 36 28 50
429 2326 147 30 centimes
591 2323 11 39 /
618 2326 55 29 Ein
690 2326 181 33 Vierteljahr
889 2329 17 27 3
924 2327 104 30 francs

139 2373 167 32 Einzelheft
330 2376 36 28 50
392 2377 147 29 centimes
573 2373 13 35 /
620 2376 242 31 Probenummer
890 2380 139 28 umsonst

139 2440 271 35 Sonderausgabe:
483 2442 345 33 Ungebrochene
881 2442 148 31 Exem-

139 2490 123 33 plare
299 2491 70 30 auf
408 2491 259 31 holzfreiem
708 2493 177 36 Papier,
923 2493 105 29 Ver-

139 2541 196 34 sendung
363 2543 40 28 in
433 2542 153 34 Rollen
619 2543 146 30 direkt
797 2543 132 30 durch
962 2544 66 29 die

140 2590 104 33 Post
281 2592 66 29 fiir
387 2592 301 31 Deutschland
725 2594 79 29 und
846 2594 183 29 Oester-

139 2642 340 33 reich-Ungarn:
549 2643 55 29 Ein
657 2643 73 30 Jahr
786 2645 32 28 12
872 2644 90 30 Mark
1020 2641 9 39 /

140 2691 54 32 Ein
224 2692 144 32 Halbjahr
400 2692 17 29 6
446 2693 90 29 Mark
564 2689 13 36 J
605 2693 78 29 Fiir
713 2694 74 29 das
818 2693 205 30 Ausland:

140 2742 54 30 Ein
215 2742 74 30 Jahr
315 2744 32 28 18
368 2742 103 31 francs
494 2740 10 40 /
526 2743 53 31 Ein
602 2743 144 33 Halbjahr
769 2745 17 28 9
807 2743 102 31 francs
930 2740 13 36 J
962 2743 68 30 Von

140 2792 100 31 dieser
261 2793 143 33 Ausgabe
422 2794 127 29 werden
565 2793 327 36 Vierteljahrsbeziige,
912 2794 118 29 Einzel-

139 2851 160 21 nummern
320 2844 60 28 und
402 2842 263 31 Probenummern
697 2844 66 30 nic
774 2844 19 29 h
805 2846 12 28 t
849 2844 181 33 abgegeben

140 2909 62 29 Der
232 2909 117 30 Sturm:
389 2909 105 29 Erster
532 2909 165 35 Jahrgang,
739 2909 146 30 Nummer
927 2909 101 29 1—56:

140 2961 35 28 25
201 2959 90 30 Mark
318 2957 10 39 /
356 2959 131 30 Zweiter
518 2959 166 35 Jahrgang,
712 2959 145 30 Nummer
886 2960 142 29 57—104:

143 3011 32 28 10
191 3009 90 30 Mark
297 3006 14 34 ./
323 3009 114 30 Dritter
454 3009 166 35 Jahrgang,
638 3008 144 31 Nummer
804 3005 223 39 105—152/153:

141 3060 34 29 20
193 3058 90 30 Mark
301 3056 10 40 /
324 3058 119 31 Vierter
462 3059 158 33 Jahrgang
640 3060 142 29 154—203
789 3069 7 20 :
815 3059 17 29 6
849 3058 91 30 Mark

141 3109 57 31 Die
215 3109 172 31 Zeitschrift
403 3110 63 30 Der
485 3110 104 30 Sturm
605 3112 40 28 ist
661 3110 96 29 durch
776 3109 56 31 alle
850 3109 102 30 Buch-
969 3109 62 29 und

134 3155 307 40 Kunsthandlungen,
474 3161 95 29 durch
603 3160 49 29 die
685 3159 85 35 Post,
803 3161 96 29 sowie
931 3159 99 30 direkt

143 3207 95 32 clurch
259 3210 59 29 den
339 3210 112 33 Verlag
471 3210 63 29 Der
557 3210 113 34 Sturm,
692 3210 103 29 Berlin
817 3210 76 34 W9,
915 3219 38 20 zu
976 3210 54 29 be-

142 3259 107 30 ziehen
265 3256 9 39 /
290 3259 73 29 Zum
375 3260 235 30 Einzelverkauf
623 3260 73 33 liegt
710 3260 62 30 Der
788 3260 103 30 Sturm
907 3261 29 28 in
952 3260 78 29 alien

141 3307 359 38 Bahnhofshandlungen,
514 3309 133 33 Kiosken
662 3319 27 21 u.
705 3309 263 31 Straßenstanden
980 3308 51 30 auf

144 3358 79 30 Falls
273 3359 116 30 direkte
439 3359 175 33 Zustellung
662 3360 94 30 durch
808 3360 59 29 den
916 3359 114 33 Verlag

142 3407 63 30 Der
230 3408 103 29 Sturm
360 3411 86 27 unter
472 3408 175 31 Streifband
683 3410 74 29 oder
791 3411 31 28 in
856 3410 86 33 Rolle
977 3417 53 25 ge-

143 3458 142 29 wiinscht
306 3458 88 35 wird,
414 3458 95 30 bitten
532 3460 57 28 wir
615 3460 58 28 den
704 3459 78 30 Bet
793 3468 14 20 r
819 3468 17 20 a
847 3468 20 25 g
899 3459 47 29 fiir
971 3459 60 29 den

143 3506 205 35 Dauerbezug
381 3507 66 30 bei
482 3509 71 29 der
587 3509 261 33 Bestellung
882 3509 74 30 oder
981 3509 50 29 bei

143 3556 163 34 Beginn
339 3557 73 29 des
443 3566 134 21 neuen
607 3558 327 33 Vierteljahres
965 3559 65 29 bis

143 3615 88 21 zum
248 3606 171 30 fiinften
437 3607 72 30 des
529 3610 147 27 ersten
694 3608 169 31 Monats
881 3610 150 28 einzu-

145 3664 14 21 s
172 3664 45 21 en
229 3657 19 29 d
260 3665 46 21 en
326 3654 9 39 /
351 3657 192 29 Andernfalls
565 3658 129 29 nehmen
713 3660 57 28 wir
789 3667 47 26 an,
856 3659 57 29 daß
934 3658 24 30 E
968 3658 9 28 i
988 3667 19 20 n
1019 3675 12 6 -

145 3705 95 30 zieh
250 3715 19 20 u
280 3715 17 20 h
310 3716 20 23 g
362 3707 54 30 des
450 3706 152 33 Betrages
633 3707 94 30 durch
760 3707 271 31 Nachnahme

146 3758 86 27 unter
277 3756 203 34 Berechnung
527 3757 55 29 des
629 3756 303 35 Nachnahmeportos
979 3766 52 25 ge-

146 3805 141 30 wiinscht
305 3806 79 30 wird

146 3869 311 36 Generalvertretung
480 3874 55 28 des
558 3872 129 33 Verlags
711 3872 124 33 Eugene
858 3874 141 33 Figuiere
1023 3871 8 38 /

145 3918 88 31 Paris

1101 120 187 44 Mappen
1315 118 87 35 und
1428 117 133 35 Alben

1103 178 102 31 Oskar
1230 178 197 33 Kokoschka:
1465 177 146 35 Zwanzlf
1637 176 83 32 Blatt
1743 176 214 36 Zelchnuncea
1983 181 9 36 /

1103 230 216 31 Strichatzung
1355 226 9 38 /
1401 226 59 31 Auf
1494 226 168 33 Kalserlich
1699 226 58 34 Jap
1759 226 166 35 an-Papier
1962 229 30 30 in

1104 278 232 32 Luxus-Mappe
1355 278 36 28 25
1411 277 90 29 Mark
1522 277 10 40 /
1552 276 60 31 Aul
1629 275 229 33 Costa-Karton
1879 278 29 29 la
1929 278 64 30 eln-

1103 328 140 29 facherer
1264 327 113 31 Mappe
1400 327 32 28 12
1452 325 92 32 Mark

1100 386 178 31 Kandinsky
1302 385 180 28 1901—1913
1510 383 11 40 /
1549 384 224 33 Monographic
1792 384 55 30 mit
1866 385 125 29 sech-

1101 435 35 30 zi
1148 443 19 25 g
1208 434 311 33 ganzseitigen
1562 433 306 35 Abbildungen
1912 435 78 30 und

1101 484 103 29 Text
1228 492 80 21 von
1332 483 254 34 Kandinsky
1620 480 10 40 /
1667 484 33 28 10
1724 482 91 31 Mark

1101 588 171 36 Bucher

1100 648 123 30 Soeben
1256 649 193 30 erschienen:
1491 649 77 31 Paul
1602 649 200 31 Scheerbart:
1869 651 125 29 Glas-

1102 699 279 29 architektur
1432 696 10 31 /
1488 699 32 29 In
1571 699 284 31 einhundertundelf
1902 699 92 34 Kapi-

1101 748 59 31 teln
1176 745 9 39 I
1200 748 84 30 Zwei
1298 748 90 30 Mark
1402 746 11 39 /
1426 749 245 34 Luxusausgabe
1684 750 32 29 in
1732 750 141 34 zwanzig
1888 758 106 22 nume-

1100 799 113 28 rierten
1231 799 60 28 und
1312 799 166 33 signierten
1497 798 204 34 Exemplaren
1722 798 51 30 auf
1790 798 68 31 Van
1880 799 112 31 Gelder

1100 846 121 36 Biitten,
1235 847 105 33 Decke
1355 849 59 28 und
1428 848 239 34 Vorsatzpapier
1682 856 63 22 von
1759 848 88 31 Anna
1862 848 130 31 Scheer-

1100 896 70 31 bart
1189 894 10 40 I
1220 897 145 34 Zwanzig
1385 898 90 29 Mark
1496 898 50 29 bei
1565 897 238 34 Vorbestellung
1822 895 10 40 /
1851 898 143 30 funfund-

1100 947 142 32 zwanzig
1256 946 90 30 Mark
1362 948 78 29 nach
1454 947 186 31 Erscheinen
1655 946 12 41 /
1680 946 114 35 Verlag
1811 947 62 31 Der
1889 947 105 31 Sturm

1100 993 10 39 I
1126 995 102 31 Berlin
1246 996 40 29 W
1302 997 18 29 9

1101 1054 244 30 Sturm-Biicher
1359 1055 26 29 I:
1404 1054 119 33 August
1541 1054 150 31 Stramm:
1729 1054 163 32 Sancta
1919 1054 77 30 Su-

1102 1101 163 35 sanna./
1284 1105 36 29 50
1341 1104 129 34 Pfennig
1491 1102 9 39 /
1522 1104 114 34 Verlag
1653 1105 63 30 Der
1738 1104 104 31 Sturm
1862 1102 10 40 /
1892 1104 103 30 Berlin

1101 1209 144 36 Musik

1103 1272 164 29 Herwarth
1296 1272 143 30 Walden:
1480 1272 303 31 Dafnlslieder
1820 1268 9 40 /
1867 1272 42 31 Zu
1938 1273 59 30 Qe-

1105 1322 118 30 dichten
1242 1331 62 21 von
1324 1322 108 30 Arno
1452 1322 105 30 Holz
1586 1317 9 41 /
1625 1322 59 32 Ffir
1705 1323 125 35 Gesang
1849 1326 61 28 und
1928 1323 69 32 Kla-

1100 1372 66 28 vier
1202 1367 10 39 I
1246 1372 17 27 3
1291 1369 90 30 Mark
1417 1367 10 40 /
1463 1372 35 28 50
1526 1370 105 32 Seiten
1666 1367 11 41 /
1712 1370 146 31 Nummer
1888 1373 28 28 1:
1954 1371 40 29 Er

1102 1420 70 29 hort
1200 1421 54 28 mit
1279 1421 45 28 ihr
1352 1421 59 29 den
1437 1420 132 34 Gukguk
1595 1421 136 33 schreyn
1764 1418 14 36 /
1815 1421 115 30 einzeln
1959 1423 35 28 50

1105 1468 129 35 Pfennig

1103 1573 465 46 Kftnstlerpostkarten

1105 1634 64 31 Das
1188 1635 162 33 Exemplar
1371 1636 35 29 20
1427 1635 130 35 Pfennig

1102 1693 187 31 Futuristen:
1362 1694 206 31 Umberto
1633 1694 225 32 Boccioni:
1934 1695 64 31 Das

1105 1745 120 31 Lachen
1261 1741 10 40 /
1308 1746 123 34 Luigi
1458 1747 203 33 Russolo:
1700 1747 188 36 Erinnerung
1917 1749 84 29 einer

1105 1795 97 30 Nacht
1236 1791 11 33 !
1284 1795 63 36 Zug
1374 1797 27 29 in
1428 1797 98 30 voller
1553 1796 92 32 Fahrt
1681 1792 10 42 /
1729 1797 107 30 Qiao
1865 1797 134 30 Seve-

1105 1847 97 28 ring
1232 1845 55 30 Die
1306 1845 147 31 Modistin
1484 1841 9 39 /
1525 1846 153 33 Ruhelose
1697 1846 151 32 TSnzerin
1881 1842 9 41 /
1919 1847 80 30 Pan-

1105 1892 64 30 Pan
1189 1892 85 30 Tanz
1294 1893 11 41 /
1324 1893 204 31 Umberto
1559 1893 238 33 Boccioni?
1824 1892 174 41 Abschied/

1103 1950 193 35 Kandinsky:
1318 1951 211 34 Komposition
1548 1953 18 30 6

1105 2009 100 30 Franz
1228 2009 102 32 Marc:
1375 2010 165 32 Affenfries
1564 2008 11 41 /
1599 2010 244 32 Tierschicksale

1106 2068 103 31 Oskar
1236 2069 198 31 Kokoschka:
1473 2069 123 31 Utinam
1626 2070 132 32 delectet

1106 2127 117 33 Robert
1241 2129 175 34 Delaunay:
1435 2129 46 30 La
1497 2129 83 31 Tour

1106 2187 161 32 Karten
1289 2196 80 21 von
1390 2187 111 31 Macke
1522 2188 11 39 /
1555 2188 122 31 Munter
1700 2185 10 40 /
1731 2188 88 31 Marc
1840 2187 129 35 Chagall
1991 2184 10 40 /

1108 2237 73 33 Klee
1197 2234 12 36 /
1222 2238 100 34 Leger
1340 2236 10 40 /
1365 2238 182 33 Jawlensky
1562 2237 11 40 /
1588 2238 159 31 Werefkin
1764 2236 10 40 /
1789 2238 122 31 Gleizes
1922 2247 69 22 usw

1106 2345 253 38 Illustrierte
1385 2347 506 44 Ausstellungskataloge

1106 2405 62 31 Der
1185 2406 96 31 Blaue
1296 2407 104 34 Reiter
1415 2407 12 41 /
1441 2408 142 31 Severini
1598 2406 11 41 /
1624 2406 194 37 Archipenko
1835 2406 11 40 /
1861 2409 137 34 Skupina

1104 2454 9 40 /
1132 2457 37 30 Je
1189 2459 35 29 50
1242 2458 130 33 Pfennig
1390 2455 10 40 /
1420 2459 56 30 Die
1496 2459 176 32 Futuristen
1690 2460 36 30 60
1745 2460 130 33 Pfennig
1894 2457 10 41 /
1921 2460 76 30 Ota-

1105 2508 54 29 kar
1180 2507 99 33 Kubin
1299 2510 36 28 30
1356 2508 130 35 Pfennig
1514 2509 12 40 /
1554 2509 88 31 Marc
1663 2509 128 34 Chagall
1811 2511 36 29 30
1868 2510 130 33 Pfennig

1106 2566 105 31 Erster
1237 2567 172 30 Deutscher
1435 2568 202 31 Herbstsalon
1672 2565 10 41 /
1716 2568 57 31 Mit
1797 2568 115 35 funfzig
1938 2568 59 30 Ab-

1107 2617 163 33 bildungen
1294 2619 31 29 in
1351 2617 268 34 Kupfertiefdruck
1655 2615 10 40 /
1698 2620 18 28 2
1742 2618 90 30 Mark

1107 2723 304 37 Kunstdrucke

1108 2785 102 31 Oskar
1242 2786 199 32 Kokoschka:
1483 2787 44 30 PI
1540 2789 47 29 ak
1600 2793 38 25 at
1670 2789 47 29 fflr
1751 2789 46 29 die
1829 2787 169 30 Zeitschrift

1108 2835 61 30 Der
1197 2836 102 30 Sturm
1336 2834 9 37 /
1382 2837 336 35 Originallithographie
1757 2833 9 34 /
1803 2838 63 31 Das
1893 2837 107 30 Exem-

1108 2887 65 32 plar
1190 2889 17 29 3
1226 2885 90 31 Mark

1103 2941 103 31 Oskar
1251 2943 197 32 Kokoschka:
1497 2944 238 31 Sonderdrucke
1780 2944 54 30 der
1882 2944 115 30 Men-

1105 2993 273 34 schenkopfe
1418 2994 51 30 auf
1508 2995 113 33 Japan-
1661 2995 61 29 und
1761 2994 233 34 Biittenpapier:

1107 3045 11 26 1
1137 3040 10 39 I
1162 3043 90 31 Adolf
1267 3045 82 29 Loos
1365 3042 9 39 I
1390 3046 17 28 2
1423 3045 166 30 Herwarth
1605 3045 131 30 Walden
1752 3045 10 38 /
1776 3046 18 28 3
1811 3044 72 32 Karl
1898 3045 99 33 Kraus

1103 3092 11 40 I
1129 3095 17 27 4
1165 3093 132 34 Richard
1315 3095 129 30 Dehmel
1461 3093 9 39 /
1488 3098 17 27 5
1524 3095 77 30 Paul
1618 3095 187 30 Scheerbart
1823 3093 10 39 /
1851 3095 17 30 6
1886 3095 112 30 Yvette

1107 3144 137 31 Guilbert
1263 3142 9 38 /
1292 3145 63 30 Das
1374 3145 164 33 Exemplar
1557 3147 16 28 5
1594 3145 89 30 Mark

1108 3251 207 36 Gemalde
1341 3253 13 39 /
1380 3252 225 44 Aquarelle
1626 3253 14 36 /
1665 3252 304 45 Zeichnungen
1987 3255 13 36 /

1109 3309 290 37 Handdrucke
1425 3311 14 36 /
1465 3310 224 36 Plastiken

1107 3370 67 28 sind
1201 3379 62 20 von
1289 3370 163 33 folgenden
1481 3370 164 33 Kiinstlern
1672 3371 40 28 im
1743 3370 104 30 Sturm
1877 3372 120 33 standig

1108 3420 193 30 vorhanden:

1105 3477 179 34 Kandinsky
1312 3478 10 40 /
1350 3479 99 30 Franz
1477 3479 89 30 Marc
1594 3476 9 39 /
1630 3479 194 34 Archipenko
1853 3475 14 36 J
1895 3479 102 30 Oskar

1106 3526 183 33 Kokoschka
1319 3525 10 31 /
1355 3529 119 33 August
1502 3528 113 31 Macke
1643 3526 9 38 /
1678 3528 77 30 Paul
1783 3529 75 30 Klee
1886 3540 9 28 /
1924 3529 73 30 Carl

1107 3576 109 30 Mense
1239 3577 10 38 /
1275 3578 221 35 Campendonk
1521 3575 13 35 ,/
1559 3578 143 30 Gabriele
1727 3578 122 31 Munter
1878 3577 9 38 /
1912 3580 85 33 Jaw-

1106 3627 108 32 lensky
1236 3625 9 38 I
1266 3627 161 31 Marianne
1449 3637 61 20 von
1533 3627 157 30 Werefkin
1711 3627 10 39 /
1743 3629 105 30 Albert
1870 3629 95 30 Bloch
1985 3625 12 35 J

1107 3675 84 31 Hans
1208 3677 63 33 Arp
1290 3673 10 30 I
1314 3677 128 30 Picasso
1459 3676 11 40 /
1484 3678 106 29 Albert
1608 3677 121 30 Gleizes
1746 3675 9 39 /
1772 3678 77 33 Jean
1867 3678 129 31 Metzin-

1107 3733 53 24 ger
1180 3723 10 38 I
1207 3726 88 30 Marc
1314 3726 127 34 Chagall
1461 3724 10 33 /
1489 3728 141 29 Fernand
1649 3727 99 33 Leger
1767 3727 11 38 /
1797 3727 119 34 Jacoba
1936 3737 61 21 van

1107 3773 208 32 Heemskerck
1336 3773 10 30 I
1365 3775 119 31 Otakar
1501 3777 98 31 Kubin
1618 3775 11 40 /
1646 3777 76 29 Emil
1740 3777 75 30 Filla
1833 3775 9 39 /
1862 3778 135 30 Vincenc

1107 3824 101 30 Benes
1235 3822 10 38 /
1273 3824 73 30 Otto
1374 3826 169 30 Gutfreund
1571 3826 10 38 /
1608 3826 144 30 Boccioni
1782 3824 10 30 /
1818 3828 142 31 Severini
1989 3824 8 29 I

1108 3873 98 29 Carra
1237 3872 9 38 /
1279 3874 130 32 Russolo
1441 3875 11 39 /
1482 3876 127 30 Francis
1641 3876 127 30 Picabia
1801 3874 9 30 /
1844 3878 154 30 Schmidt-

1110 3922 127 31 Rottluff
1255 3921 10 38 I
1283 3924 118 30 Walter
1419 3925 109 34 Helbig
1548 3923 10 31 I
1576 3925 73 29 Max
1669 3926 163 31 Pechstein

2063 106 153 40 Verein
2241 106 69 39 filr
2337 111 140 35 Kunst

2063 170 129 34 Leitung
2530 172 175 30 \Valden
2756 171 9 37 /
2813 172 146 31 Elftes.

2063 221 102 30 Jahr
2198 219 11 40 I
2243 220 233 33 Jahresbeitrag
2509 223 34 27 20
2579 222 90 29 Mark
2705 218 10 31 I
2749 221 116 33 Rechte
2900 222 54 30 der

2063 271 187 33 Mitglieder:
2293 270 104 29 Freier
2441 270 105 33 Bezug
2590 273 52 28 der
2686 271 172 30 Zeitschrift
2901 271 63 31 der

2062 320 104 30 Sturm
2189 318 10 39 I
2221 320 104 30 Freier
2350 319 123 30 Besuch
2495 321 72 29 aller
2591 320 335 33 Sturmausstellungen
2947 319 10 38 /

2063 370 93 30 Jedes
2185 370 73 30 Jahr
2288 369 57 30 frei
2373 370 66 29 eine
2476 368 306 35 Sturmpublikation:
2825 366 136 39 1913/146.

2062 419 297 34 Kokoschkamappe
2380 418 11 41 /
2412 419 153 33 Prospekt
2588 423 139 28 umsonst

2065 479 42 28 Im
2137 480 148 29 nachsten
2314 479 120 29 Winter
2462 478 102 28 finden
2594 480 77 27 zehn
2700 479 258 30 Autorenabeode

2069 533 73 26 statt
2172 531 60 28 und
2264 538 86 21 zwar
2383 537 37 20 an
2451 528 99 32 jedem
2582 531 130 27 zweiten
2744 529 60 29 und
2834 531 122 27 vierten

2067 578 196 34 Donnerstag
2290 580 53 28 der
2368 578 127 29 Monate
2523 578 147 33 Oktober,
2696 578 184 35 November,
2906 578 53 29 Ja-

2068 637 85 25 nuar,
2177 628 136 30 Februar
2338 628 61 29 und
2423 627 89 30 Marz
2538 628 29 28 in
2594 628 54 28 der
2673 626 287 35 Kunstausstellung

2068 677 61 30 Der
2156 677 104 31 Sturm

2070 803 442 58 Zeitschriften

2069 894 44 30 La
2142 892 103 32 Cerba
2282 890 10 39 /
2328 892 312 32 Halbmonatsschrift
2669 889 9 38 /
2707 891 129 30 Florenz
2864 888 11 34 /
2904 889 58 32 Via

2069 941 167 32 Nazionale
2255 943 36 29 25

2069 991 43 31 La
2132 991 101 32 Route
2252 991 9 37 /
2281 991 107 34 Revue
2409 993 38 30 de
2465 992 118 31 I'Effort
2604 991 102 30 Social
2726 987 11 36 ./
2757 990 87 30 Paris
2865 986 10 40 /
2898 989 67 34 Rue

2070 1042 38 31 de
2130 1041 173 34 Vaugirard
2328 1042 51 28 120

2071 1094 132 30 L'Effort
2222 1094 90 30 Libre
2342 1090 8 38 /
2380 1094 101 30 frfiher
2500 1093 133 30 L'Effort
2659 1087 9 40 /
2694 1092 235 30 Monatsschrift
2955 1084 9 36 I

2069 1142 43 30 La
2128 1141 210 32 Renaissance
2355 1140 260 36 Contemporaine
2629 1138 8 39 /
2653 1136 310 34 Halbmonatsschrift

2070 1192 89 30 Paris
2179 1190 10 34 I
2208 1193 32 27 41
2263 1191 66 33 Rue
2347 1190 115 33 Monge

2072 1245 40 30 La
2138 1244 149 29 Nouvelle
2312 1242 109 32 Revue
2445 1242 164 33 FranQalse
2644 1237 11 36 /
2690 1239 233 32 Monatsschfift
2956 1233 14 42 112

2070 1294 90 30 Paris
2180 1293 59 30 Vie
2260 1291 83 38 35/37
2363 1292 67 32 Rue
2449 1290 147 31 Madame
2618 1286 8 40 /
2646 1290 145 30 Nummer
2815 1292 13 28 1
2850 1289 118 30 Franc®

2072 1345 35 29 50
2130 1344 147 30 centimes

2072 1395 59 30 Les
2156 1393 126 31 Cahiers
2307 1395 40 28 du
2370 1392 114 31 Centre
2516 1386 12 35 I
2558 1390 133 30 Moulins
2716 1383 116 39 [Allier]

2072 1442 61 31 Les
2154 1442 125 30 Soirees
2302 1443 39 29 de
2363 1441 90 29 Paris
2474 1439 10 40 /
2504 1439 125 33 Recueil
2653 1437 141 31 Mensuel
2816 1435 116 32 illustrS
2954 1432 11 36 /

2075 1493 193 30 Directeurs:
2309 1491 170 31 Guillaume
2510 1489 187 34 Apollinaire
2735 1490 31 28 et
2796 1486 79 31 Jean
2904 1485 60 31 C€-

2074 1552 89 21 russe
2192 1543 11 38 I
2231 1541 89 31 Paris
2350 1543 54 28 278
2434 1540 177 30 Boulevard
2642 1538 125 34 Raspail
2796 1534 12 35 /
2839 1536 126 31 Jahres-

2074 1595 99 33 bezug
2197 1595 32 28 12
2250 1593 105 30 francs

2070 1644 170 33 Umelecky
2265 1643 149 30 Mesicnik
2437 1639 9 40 /
2470 1639 234 31 Monatsschrift
2729 1639 46 30 fflr
2801 1646 78 22 neue
2905 1637 60 30 und

2072 1694 61 30 alte
2149 1693 99 32 Kunst
2265 1690 9 37 /
2291 1693 251 29 Administration
2560 1690 84 33 Prag
2662 1689 11 30 I
2690 1691 17 28 5
2726 1687 240 31 Veleslavinova

2074 1820 342 70 Anzeigen

2072 2295 174 31 Poet-Lore
2300 2294 179 34 Begriindet
2515 2295 69 28 1890
2606 2290 12 36 /
2640 2293 73 30 Eine
2746 2292 222 30 Zweimonats-

2072 2345 115 35 schrift,
2213 2345 168 33 gewidmet
2407 2345 53 30 der
2485 2344 154 34 Dichtung
2666 2344 60 29 und
2754 2344 70 29 dem
2852 2343 115 29 Drama

2074 2396 54 30 der
2159 2396 192 33 Gegenwart
2380 2396 29 28 in
2441 2396 77 29 alien
2546 2394 144 30 Landern
2720 2390 8 40 /
2758 2392 208 31 Literarische

2071 2446 146 33 Beitrage
2245 2455 62 21 von
2332 2445 203 31 Maeterlinck
2561 2441 12 36 /
2601 2444 127 30 Claudel
2756 2443 10 41 /
2793 2443 137 30 Jammes
2958 2439 9 38 /

2074 2497 150 30 Duhamel
2259 2493 9 40 /
2305 2495 196 30 D'Annunzio
2539 2493 10 39 /
2584 2495 106 33 Synge
2730 2491 9 30 /
2775 2493 158 30 Whitman
2961 2491 9 37 /

2078 2547 182 33 Echegaray
2290 2544 10 39 /
2327 2547 152 32 Bjornson
2509 2544 9 38 /
2547 2545 136 30 Hervieu
2714 2542 9 39 /
2752 2544 178 30 Tchechow
2959 2554 8 26 /

2074 2598 243 32 Pszybiszevski
2342 2594 9 39 /
2378 2597 94 29 Gorki
2497 2593 9 39 /
2532 2595 139 34 Noguchi
2696 2592 10 40 /
2733 2594 103 30 Ghose
2860 2592 12 40 /
2897 2592 75 31 Mac-

2076 2646 190 31 Gathmhacil
2305 2646 11 37 /
2354 2645 167 31 Probeheft
2551 2653 99 25 gegen
2681 2643 196 33 Einsendung
2906 2651 62 20 von

2074 2698 17 28 6
2110 2697 89 30 Mark
2222 2698 35 28 50
2279 2697 128 32 Pfennig
2428 2694 10 38 /
2458 2695 213 33 Jahresbezug
2692 2696 29 27 21
2749 2694 91 29 Mark
2861 2693 9 38 /
2892 2692 75 30 Ver-

2073 2749 50 33 lag
2146 2747 187 34 Richard
2356 2747 35 29 G.
2412 2746 170 32 Badger
2606 2742 9 30 /
2638 2744 162 30 Boston
2824 2743 9 37 /
2856 2743 112 29 Mass

2074 2796 9 39 /
2104 2798 76 30 USA
2208 2799 49 28 194
2279 2797 149 33 Boylston
2452 2796 103 30 Street

2073 2857 147 29 Umberto
2250 2857 158 28 Boccioni:
2450 2855 118 30 Pittura
2608 2853 143 30 Scultura
2789 2852 141 29 futuriste
2960 2848 9 37 /

2076 2908 188 29 Dinamismo
2283 2907 127 32 plastico
2427 2903 9 39 /
2451 2906 53 29 500
2522 2906 109 32 pagine
2648 2902 9 38 /
2674 2903 206 34 riproduzioni
2897 2911 73 24 qua-

2077 2958 45 29 dri
2138 2966 16 21 e
2171 2958 134 29 sculture
2320 2956 10 39 /
2345 2956 136 29 Edizioni
2498 2955 141 30 futuriste
2658 2955 28 29 di
2702 2954 113 29 Poesia
2829 2950 9 39 /
2855 2952 113 30 Milano

2074 3006 9 39 I
2105 3008 67 30 Con
2194 3010 118 27 ritratto
2338 3006 177 30 dell'autore
2538 3003 8 38 /
2568 3005 87 30 Preis
2681 3003 30 30 M
2733 3004 64 34 3,50
2819 2999 10 40 /
2851 3002 42 30 Zu
2915 3001 53 30 be-

2072 3059 107 29 ziehen
2201 3058 95 28 durch
2317 3057 59 29 den
2396 3056 112 32 Verlag
2530 3056 61 29 Der
2613 3055 103 30 Sturm
2737 3055 10 35 /
2766 3053 103 29 Berlin
2890 3052 37 29 W
2951 3053 17 28 9

2072 3116 137 31 L'Arene
2227 3114 8 38 /
2255 3116 124 33 Organe
2397 3115 162 29 Litteraire
2579 3114 29 28 &
2627 3113 166 31 Artistique
2810 3107 13 36 ./
2843 3111 123 29 Parais-

2076 3170 67 26 sant
2166 3166 138 30 tousles
2330 3166 76 28 mois
2430 3164 10 39 /
2464 3164 88 29 Paris
2576 3161 10 39 /
2610 3172 54 20 rue
2689 3161 182 35 Pestalozzi,
2900 3162 32 27 18
2959 3156 9 30 /

2074 3217 226 29 Abonnement:
2327 3217 17 26 4
2368 3215 103 28 francs
2499 3222 53 24 par
2579 3213 45 28 An
2650 3221 75 24 pour
2752 3214 69 27 tous
2846 3210 86 34 Pays
2958 3207 9 38 /

2075 3266 133 29 Numero
2229 3267 156 31 specimen
2405 3265 112 32 gratuit
2538 3272 51 20 sur
2611 3262 150 30 demande

2072 3325 88 28 Anna
2178 3323 187 30 Scheerbart
2382 3321 10 39 /'
2410 3321 253 33 Handgefertigte
2679 3319 120 33 farbige
2819 3318 146 30 Vorsatz-

2074 3374 59 29 und
2163 3373 242 32 Deckelpapiere
2432 3371 46 29 fiir
2506 3369 274 31 Biichereinbande
2808 3366 10 39 /
2846 3368 119 30 Muster

2075 3425 42 27 im
2147 3422 103 30 Sturm
2284 3416 341 38 (Ausstellungskasse),
2655 3427 51 21 wo
2740 3419 78 29 auch
2848 3418 119 30 Bestel-

2074 3473 112 32 lungen
2210 3474 334 31 entgegengenommen
2568 3469 129 30 werden
2718 3468 10 39 j
2751 3469 131 30 Deckel-
2906 3468 61 29 und

2074 3521 238 33 Vorsatzpapier
2336 3521 124 29 Format
2483 3521 35 27 42
2542 3517 35 35 X
2601 3521 37 27 35
2661 3518 92 30 Mark
2777 3521 17 27 3

2075 3580 195 32 Ausstellung
2287 3579 185 33 Impression
2488 3576 10 39 /
2514 3577 201 34 Expression:
2735 3577 36 29 H.
2791 3576 154 32 Deierling
2957 3572 10 31 /

2075 3628 32 31 E.
2126 3629 118 29 Fritsch
2265 3627 9 38 /
2293 3628 34 30 B.
2347 3627 172 32 Krauskopf
2539 3624 9 38 /
2566 3626 49 29 W.
2634 3626 142 32 Kohlhoff
2793 3622 13 35 ./
2825 3624 140 30 Charlot-

2073 3679 130 32 tenburg
2217 3677 10 39 /
2239 3678 166 29 Schloßstr.
2421 3673 80 38 30/31
2519 3673 9 31 /
2540 3676 278 33 Untergrundbahn
2835 3675 128 32 Sophie-

2076 3727 261 29 Charlotte-Platz
