<?xml version="1.0" encoding="UTF-8"?>
<alto xmlns:xsi="http://www.w3.org/2001/XMLSchema-instance" xmlns="http://www.loc.gov/standards/alto/ns-v2#" xsi:schemaLocation="http://www.loc.gov/standards/alto/ns-v2# http://www.loc.gov/standards/alto/alto-v2.0.xsd" xmlns:xlink="http://www.w3.org/1999/xlink">
	<Description>
		<MeasurementUnit>mm10</MeasurementUnit>
		<sourceImageInformation>
			<fileName>//fileserver7/IN2/Princeton/jp2/pudl0097/2980652/005/19140615_01/00000099.jp2</fileName>
		</sourceImageInformation>
		<OCRProcessing ID="OCRPROCESSING_1">
			<preProcessingStep>
				<processingSoftware>
					<softwareCreator>CCS Content Conversion Specialists GmbH, Germany</softwareCreator>
					<softwareName>CCS docWORKS</softwareName>
					<softwareVersion>6.6-0.29</softwareVersion>
				</processingSoftware>
			</preProcessingStep>
			<ocrProcessingStep>
				<processingSoftware>
					<softwareCreator>ABBYY (BIT Software), Russia</softwareCreator>
					<softwareName>FineReader</softwareName>
					<softwareVersion>10.0</softwareVersion>
				</processingSoftware>
			</ocrProcessingStep>
		</OCRProcessing>
	</Description>
	<Styles>
		<TextStyle ID="TXT_0" FONTSIZE="10" FONTFAMILY="Times New Roman"/>
		<ParagraphStyle ID="PAR_RIGHT" ALIGN="Right"/>
		<ParagraphStyle ID="PAR_BLOCK" ALIGN="Block"/>
	</Styles>
	<Layout>
		<Page ID="P7" PHYSICAL_IMG_NR="7" HEIGHT="4117" WIDTH="3081" PRINTED_IMG_NR="47" PC="0.962">
			<TopMargin ID="P7_TM00001" HPOS="0" VPOS="0" WIDTH="3081" HEIGHT="6"/>
			<LeftMargin ID="P7_LM00001" HPOS="0" VPOS="6" WIDTH="6" HEIGHT="3988"/>
			<RightMargin ID="P7_RM00001" HPOS="3074" VPOS="6" WIDTH="7" HEIGHT="3988"/>
			<BottomMargin ID="P7_BM00001" HPOS="0" VPOS="3994" WIDTH="3081" HEIGHT="123">
				<TextBlock ID="P7_TB00001" HPOS="2932" VPOS="3997" WIDTH="32" HEIGHT="22" STYLEREFS="TXT_0 PAR_RIGHT">
					<TextLine ID="P7_TL00001" HPOS="2933" VPOS="3998" WIDTH="31" HEIGHT="21">
						<String ID="P7_ST00001" HPOS="2933" VPOS="3998" WIDTH="31" HEIGHT="21" CONTENT="47" WC="0.73" CC="05"/>
					</TextLine>
				</TextBlock>
			</BottomMargin>
			<PrintSpace ID="P7_PS00001" HPOS="6" VPOS="6" WIDTH="3068" HEIGHT="3988">
				<TextBlock ID="P7_TB00002" HPOS="119" VPOS="135" WIDTH="913" HEIGHT="3829" STYLEREFS="TXT_0 PAR_BLOCK">
					<TextLine ID="P7_TL00002" HPOS="129" VPOS="135" WIDTH="896" HEIGHT="35">
						<String ID="P7_ST00002" HPOS="129" VPOS="136" WIDTH="52" HEIGHT="29" CONTENT="die" WC="0.95" CC="920"/>
						<SP ID="P7_SP00001" HPOS="181" VPOS="165" WIDTH="24"/>
						<String ID="P7_ST00003" HPOS="205" VPOS="135" WIDTH="249" HEIGHT="33" CONTENT="Erschütterung," WC="0.99" CC="50009000306704"/>
						<SP ID="P7_SP00002" HPOS="454" VPOS="168" WIDTH="25"/>
						<String ID="P7_ST00004" HPOS="479" VPOS="135" WIDTH="47" HEIGHT="30" CONTENT="die" WC="0.99" CC="030"/>
						<SP ID="P7_SP00003" HPOS="526" VPOS="168" WIDTH="24"/>
						<String ID="P7_ST00005" HPOS="550" VPOS="144" WIDTH="31" HEIGHT="21" CONTENT="er" WC="0.81" CC="12"/>
						<SP ID="P7_SP00004" HPOS="581" VPOS="168" WIDTH="26"/>
						<String ID="P7_ST00006" HPOS="607" VPOS="135" WIDTH="89" HEIGHT="30" CONTENT="dabei" WC="0.99" CC="05010"/>
						<SP ID="P7_SP00005" HPOS="696" VPOS="168" WIDTH="25"/>
						<String ID="P7_ST00007" HPOS="721" VPOS="136" WIDTH="124" HEIGHT="34" CONTENT="erlebte," WC="1.00" CC="00400023"/>
						<SP ID="P7_SP00006" HPOS="845" VPOS="170" WIDTH="23"/>
						<String ID="P7_ST00008" HPOS="868" VPOS="144" WIDTH="67" HEIGHT="20" CONTENT="war" WC="0.97" CC="403"/>
						<SP ID="P7_SP00007" HPOS="935" VPOS="170" WIDTH="24"/>
						<String ID="P7_ST00009" HPOS="959" VPOS="135" WIDTH="66" HEIGHT="29" CONTENT="eine" WC="0.98" CC="0520"/>
					</TextLine>
					<TextLine ID="P7_TL00003" HPOS="133" VPOS="184" WIDTH="892" HEIGHT="34">
						<String ID="P7_ST00010" HPOS="133" VPOS="186" WIDTH="236" HEIGHT="29" CONTENT="sexual-soziale" WC="0.99" CC="13063620404030"/>
						<SP ID="P7_SP00008" HPOS="369" VPOS="215" WIDTH="24"/>
						<String ID="P7_ST00011" HPOS="393" VPOS="184" WIDTH="223" HEIGHT="34" CONTENT="Bedürftigkeit" WC="1.00" CC="4000066400070"/>
						<SP ID="P7_SP00009" HPOS="616" VPOS="218" WIDTH="25"/>
						<String ID="P7_ST00012" HPOS="641" VPOS="186" WIDTH="55" HEIGHT="29" CONTENT="des" WC="0.97" CC="105"/>
						<SP ID="P7_SP00010" HPOS="696" VPOS="218" WIDTH="23"/>
						<String ID="P7_ST00013" HPOS="719" VPOS="186" WIDTH="177" HEIGHT="31" CONTENT="Menschen," WC="0.99" CC="004066013"/>
						<SP ID="P7_SP00011" HPOS="896" VPOS="218" WIDTH="25"/>
						<String ID="P7_ST00014" HPOS="921" VPOS="184" WIDTH="48" HEIGHT="29" CONTENT="die" WC="1.00" CC="000"/>
						<SP ID="P7_SP00012" HPOS="969" VPOS="218" WIDTH="24"/>
						<String ID="P7_ST00015" HPOS="993" VPOS="192" WIDTH="32" HEIGHT="21" CONTENT="er" WC="0.62" CC="52"/>
					</TextLine>
					<TextLine ID="P7_TL00004" HPOS="136" VPOS="233" WIDTH="892" HEIGHT="34">
						<String ID="P7_ST00016" HPOS="136" VPOS="237" WIDTH="80" HEIGHT="29" CONTENT="nicht" WC="0.98" CC="80300"/>
						<SP ID="P7_SP00013" HPOS="216" VPOS="266" WIDTH="24"/>
						<String ID="P7_ST00017" HPOS="240" VPOS="236" WIDTH="52" HEIGHT="28" CONTENT="hat" WC="0.99" CC="010"/>
						<SP ID="P7_SP00014" HPOS="292" VPOS="266" WIDTH="21"/>
						<String ID="P7_ST00018" HPOS="313" VPOS="234" WIDTH="188" HEIGHT="33" CONTENT="befriedigen" WC="0.99" CC="10724000045"/>
						<SP ID="P7_SP00015" HPOS="501" VPOS="267" WIDTH="24"/>
						<String ID="P7_ST00019" HPOS="525" VPOS="236" WIDTH="131" HEIGHT="30" CONTENT="können." WC="0.98" CC="1064244"/>
						<SP ID="P7_SP00016" HPOS="656" VPOS="267" WIDTH="42"/>
						<String ID="P7_ST00020" HPOS="698" VPOS="236" WIDTH="85" HEIGHT="29" CONTENT="Auch" WC="0.97" CC="0506"/>
						<SP ID="P7_SP00017" HPOS="783" VPOS="267" WIDTH="24"/>
						<String ID="P7_ST00021" HPOS="807" VPOS="237" WIDTH="28" HEIGHT="27" CONTENT="in" WC="0.65" CC="07"/>
						<SP ID="P7_SP00018" HPOS="835" VPOS="267" WIDTH="25"/>
						<String ID="P7_ST00022" HPOS="860" VPOS="234" WIDTH="69" HEIGHT="28" CONTENT="dem" WC="1.00" CC="000"/>
						<SP ID="P7_SP00019" HPOS="929" VPOS="267" WIDTH="23"/>
						<String ID="P7_ST00023" HPOS="952" VPOS="233" WIDTH="57" HEIGHT="29" CONTENT="Ver" SUBS_TYPE="HypPart1" SUBS_CONTENT="Verhältnis," WC="0.98" CC="003"/>
						<HYP HPOS="1009" VPOS="233" WIDTH="19" CONTENT="-"/>
					</TextLine>
					<TextLine ID="P7_TL00005" HPOS="136" VPOS="283" WIDTH="891" HEIGHT="36">
						<String ID="P7_ST00024" HPOS="136" VPOS="286" WIDTH="117" HEIGHT="33" CONTENT="hältnis," SUBS_TYPE="HypPart2" SUBS_CONTENT="Verhältnis," WC="0.99" CC="51633403"/>
						<SP ID="P7_SP00020" HPOS="253" VPOS="319" WIDTH="34"/>
						<String ID="P7_ST00025" HPOS="287" VPOS="285" WIDTH="55" HEIGHT="29" CONTENT="das" WC="0.98" CC="050"/>
						<SP ID="P7_SP00021" HPOS="342" VPOS="319" WIDTH="34"/>
						<String ID="P7_ST00026" HPOS="376" VPOS="285" WIDTH="131" HEIGHT="32" CONTENT="größere" WC="1.00" CC="0000000"/>
						<SP ID="P7_SP00022" HPOS="507" VPOS="319" WIDTH="36"/>
						<String ID="P7_ST00027" HPOS="543" VPOS="286" WIDTH="121" HEIGHT="30" CONTENT="Geister" WC="0.99" CC="6040000"/>
						<SP ID="P7_SP00023" HPOS="664" VPOS="319" WIDTH="36"/>
						<String ID="P7_ST00028" HPOS="700" VPOS="294" WIDTH="69" HEIGHT="20" CONTENT="zum" WC="0.97" CC="070"/>
						<SP ID="P7_SP00024" HPOS="769" VPOS="319" WIDTH="34"/>
						<String ID="P7_ST00029" HPOS="803" VPOS="283" WIDTH="135" HEIGHT="33" CONTENT="Begriffe" WC="0.99" CC="00005680"/>
						<SP ID="P7_SP00025" HPOS="938" VPOS="319" WIDTH="35"/>
						<String ID="P7_ST00030" HPOS="973" VPOS="283" WIDTH="54" HEIGHT="28" CONTENT="der" WC="1.00" CC="000"/>
					</TextLine>
					<TextLine ID="P7_TL00006" HPOS="135" VPOS="334" WIDTH="893" HEIGHT="36">
						<String ID="P7_ST00031" HPOS="135" VPOS="334" WIDTH="229" HEIGHT="36" CONTENT='„Menschheit"' WC="1.00" CC="001501700502"/>
						<SP ID="P7_SP00026" HPOS="364" VPOS="370" WIDTH="16"/>
						<String ID="P7_ST00032" HPOS="380" VPOS="335" WIDTH="60" HEIGHT="30" CONTENT="wie" WC="1.00" CC="000"/>
						<SP ID="P7_SP00027" HPOS="440" VPOS="370" WIDTH="14"/>
						<String ID="P7_ST00033" HPOS="454" VPOS="344" WIDTH="38" HEIGHT="20" CONTENT="zu" WC="0.67" CC="06"/>
						<SP ID="P7_SP00028" HPOS="492" VPOS="370" WIDTH="18"/>
						<String ID="P7_ST00034" HPOS="510" VPOS="336" WIDTH="100" HEIGHT="29" CONTENT="dieser" WC="1.00" CC="050000"/>
						<SP ID="P7_SP00029" HPOS="610" VPOS="370" WIDTH="17"/>
						<String ID="P7_ST00035" HPOS="627" VPOS="336" WIDTH="95" HEIGHT="29" CONTENT="selbst" WC="0.99" CC="715000"/>
						<SP ID="P7_SP00030" HPOS="722" VPOS="370" WIDTH="16"/>
						<String ID="P7_ST00036" HPOS="738" VPOS="334" WIDTH="108" HEIGHT="33" CONTENT="haben," WC="0.98" CC="740070"/>
						<SP ID="P7_SP00031" HPOS="846" VPOS="370" WIDTH="15"/>
						<String ID="P7_ST00037" HPOS="861" VPOS="334" WIDTH="80" HEIGHT="27" CONTENT="kann" WC="0.95" CC="7174"/>
						<SP ID="P7_SP00032" HPOS="941" VPOS="370" WIDTH="16"/>
						<String ID="P7_ST00038" HPOS="957" VPOS="340" WIDTH="71" HEIGHT="20" CONTENT="man" WC="0.98" CC="041"/>
					</TextLine>
					<TextLine ID="P7_TL00007" HPOS="133" VPOS="382" WIDTH="892" HEIGHT="35">
						<String ID="P7_ST00039" HPOS="133" VPOS="384" WIDTH="169" HEIGHT="33" CONTENT="'Analogien" WC="0.99" CC="4044250207"/>
						<SP ID="P7_SP00033" HPOS="302" VPOS="417" WIDTH="25"/>
						<String ID="P7_ST00040" HPOS="327" VPOS="393" WIDTH="38" HEIGHT="21" CONTENT="zu" WC="0.65" CC="06"/>
						<SP ID="P7_SP00034" HPOS="365" VPOS="417" WIDTH="27"/>
						<String ID="P7_ST00041" HPOS="392" VPOS="385" WIDTH="54" HEIGHT="29" CONTENT="der" WC="1.00" CC="000"/>
						<SP ID="P7_SP00035" HPOS="446" VPOS="417" WIDTH="24"/>
						<String ID="P7_ST00042" HPOS="470" VPOS="385" WIDTH="198" HEIGHT="30" CONTENT="Verliebtheit" WC="0.99" CC="004650032030"/>
						<SP ID="P7_SP00036" HPOS="668" VPOS="417" WIDTH="26"/>
						<String ID="P7_ST00043" HPOS="694" VPOS="386" WIDTH="28" HEIGHT="27" CONTENT="in" WC="0.56" CC="34"/>
						<SP ID="P7_SP00037" HPOS="722" VPOS="417" WIDTH="26"/>
						<String ID="P7_ST00044" HPOS="748" VPOS="382" WIDTH="135" HEIGHT="30" CONTENT="einzelne" WC="0.99" CC="06500560"/>
						<SP ID="P7_SP00038" HPOS="883" VPOS="417" WIDTH="25"/>
						<String ID="P7_ST00045" HPOS="908" VPOS="382" WIDTH="117" HEIGHT="28" CONTENT="finden:" WC="0.99" CC="6170020"/>
					</TextLine>
					<TextLine ID="P7_TL00008" HPOS="135" VPOS="431" WIDTH="893" HEIGHT="38">
						<String ID="P7_ST00046" HPOS="135" VPOS="438" WIDTH="44" HEIGHT="28" CONTENT="sie" WC="0.96" CC="460"/>
						<SP ID="P7_SP00039" HPOS="179" VPOS="466" WIDTH="22"/>
						<String ID="P7_ST00047" HPOS="201" VPOS="435" WIDTH="165" HEIGHT="29" CONTENT="schmollen" WC="1.00" CC="000001125"/>
						<SP ID="P7_SP00040" HPOS="366" VPOS="466" WIDTH="22"/>
						<String ID="P7_ST00048" HPOS="388" VPOS="435" WIDTH="61" HEIGHT="29" CONTENT="und" WC="0.96" CC="360"/>
						<SP ID="P7_SP00041" HPOS="449" VPOS="466" WIDTH="23"/>
						<String ID="P7_ST00049" HPOS="472" VPOS="438" WIDTH="115" HEIGHT="27" CONTENT="zürnen" WC="0.98" CC="402903"/>
						<SP ID="P7_SP00042" HPOS="587" VPOS="466" WIDTH="22"/>
						<String ID="P7_ST00050" HPOS="609" VPOS="438" WIDTH="52" HEIGHT="26" CONTENT="mit" WC="0.98" CC="060"/>
						<SP ID="P7_SP00043" HPOS="661" VPOS="466" WIDTH="22"/>
						<String ID="P7_ST00051" HPOS="683" VPOS="435" WIDTH="55" HEIGHT="34" CONTENT="ihr," WC="0.99" CC="0030"/>
						<SP ID="P7_SP00044" HPOS="738" VPOS="469" WIDTH="21"/>
						<String ID="P7_ST00052" HPOS="759" VPOS="434" WIDTH="111" HEIGHT="28" CONTENT="hassen" WC="0.99" CC="030505"/>
						<SP ID="P7_SP00045" HPOS="870" VPOS="469" WIDTH="21"/>
						<String ID="P7_ST00053" HPOS="891" VPOS="433" WIDTH="53" HEIGHT="33" CONTENT="sie," WC="0.99" CC="0203"/>
						<SP ID="P7_SP00046" HPOS="944" VPOS="469" WIDTH="23"/>
						<String ID="P7_ST00054" HPOS="967" VPOS="431" WIDTH="61" HEIGHT="30" CONTENT="und" WC="0.95" CC="760"/>
					</TextLine>
					<TextLine ID="P7_TL00009" HPOS="136" VPOS="482" WIDTH="892" HEIGHT="36">
						<String ID="P7_ST00055" HPOS="136" VPOS="485" WIDTH="66" HEIGHT="30" CONTENT="sind" WC="0.96" CC="5640"/>
						<SP ID="P7_SP00047" HPOS="202" VPOS="515" WIDTH="24"/>
						<String ID="P7_ST00056" HPOS="226" VPOS="486" WIDTH="39" HEIGHT="27" CONTENT="im" WC="0.49" CC="09"/>
						<SP ID="P7_SP00048" HPOS="265" VPOS="515" WIDTH="24"/>
						<String ID="P7_ST00057" HPOS="289" VPOS="485" WIDTH="149" HEIGHT="29" CONTENT="nächsten" WC="1.00" CC="60000003"/>
						<SP ID="P7_SP00049" HPOS="438" VPOS="515" WIDTH="25"/>
						<String ID="P7_ST00058" HPOS="463" VPOS="485" WIDTH="206" HEIGHT="33" CONTENT="Augenblicke" WC="1.00" CC="05003031300"/>
						<SP ID="P7_SP00050" HPOS="669" VPOS="518" WIDTH="24"/>
						<String ID="P7_ST00059" HPOS="693" VPOS="483" WIDTH="142" HEIGHT="30" CONTENT="entzückt" WC="1.00" CC="02000000"/>
						<SP ID="P7_SP00051" HPOS="835" VPOS="518" WIDTH="25"/>
						<String ID="P7_ST00060" HPOS="860" VPOS="482" WIDTH="60" HEIGHT="28" CONTENT="und" WC="0.95" CC="650"/>
						<SP ID="P7_SP00052" HPOS="920" VPOS="518" WIDTH="27"/>
						<String ID="P7_ST00061" HPOS="947" VPOS="483" WIDTH="65" HEIGHT="28" CONTENT="zärt" SUBS_TYPE="HypPart1" SUBS_CONTENT="zärtlich," WC="0.98" CC="3050"/>
						<HYP HPOS="1012" VPOS="483" WIDTH="16" CONTENT="-"/>
					</TextLine>
					<TextLine ID="P7_TL00010" HPOS="134" VPOS="532" WIDTH="894" HEIGHT="36">
						<String ID="P7_ST00062" HPOS="134" VPOS="535" WIDTH="68" HEIGHT="33" CONTENT="lich," SUBS_TYPE="HypPart2" SUBS_CONTENT="zärtlich," WC="0.99" CC="50400"/>
						<SP ID="P7_SP00053" HPOS="202" VPOS="568" WIDTH="23"/>
						<String ID="P7_ST00063" HPOS="225" VPOS="535" WIDTH="80" HEIGHT="28" CONTENT="dann" WC="0.97" CC="0067"/>
						<SP ID="P7_SP00054" HPOS="305" VPOS="568" WIDTH="22"/>
						<String ID="P7_ST00064" HPOS="327" VPOS="535" WIDTH="118" HEIGHT="29" CONTENT="wieder" WC="0.99" CC="042000"/>
						<SP ID="P7_SP00055" HPOS="445" VPOS="568" WIDTH="23"/>
						<String ID="P7_ST00065" HPOS="468" VPOS="535" WIDTH="53" HEIGHT="30" CONTENT="tief" WC="0.98" CC="0407"/>
						<SP ID="P7_SP00056" HPOS="521" VPOS="568" WIDTH="23"/>
						<String ID="P7_ST00066" HPOS="544" VPOS="534" WIDTH="152" HEIGHT="33" CONTENT="ergriffen." WC="0.99" CC="0400767064"/>
						<SP ID="P7_SP00057" HPOS="696" VPOS="568" WIDTH="42"/>
						<String ID="P7_ST00067" HPOS="738" VPOS="532" WIDTH="85" HEIGHT="29" CONTENT="Auch" WC="0.98" CC="0605"/>
						<SP ID="P7_SP00058" HPOS="823" VPOS="568" WIDTH="23"/>
						<String ID="P7_ST00068" HPOS="846" VPOS="532" WIDTH="47" HEIGHT="28" CONTENT="die" WC="0.98" CC="050"/>
						<SP ID="P7_SP00059" HPOS="893" VPOS="568" WIDTH="24"/>
						<String ID="P7_ST00069" HPOS="917" VPOS="532" WIDTH="93" HEIGHT="28" CONTENT="krank" SUBS_TYPE="HypPart1" SUBS_CONTENT="kranksozial-sexuelles" WC="0.98" CC="06270"/>
						<HYP HPOS="1010" VPOS="532" WIDTH="18" CONTENT="-"/>
					</TextLine>
					<TextLine ID="P7_TL00011" HPOS="132" VPOS="580" WIDTH="897" HEIGHT="37">
						<String ID="P7_ST00070" HPOS="132" VPOS="585" WIDTH="265" HEIGHT="32" CONTENT="sozial-sexuelles" SUBS_TYPE="HypPart2" SUBS_CONTENT="kranksozial-sexuelles" WC="1.00" CC="0212064000603500"/>
						<SP ID="P7_SP00060" HPOS="397" VPOS="617" WIDTH="30"/>
						<String ID="P7_ST00071" HPOS="427" VPOS="585" WIDTH="138" HEIGHT="32" CONTENT="Ereignis" WC="0.99" CC="40050360"/>
						<SP ID="P7_SP00061" HPOS="565" VPOS="617" WIDTH="28"/>
						<String ID="P7_ST00072" HPOS="593" VPOS="582" WIDTH="174" HEIGHT="34" CONTENT="verstehen," WC="1.00" CC="2000005022"/>
						<SP ID="P7_SP00062" HPOS="767" VPOS="617" WIDTH="28"/>
						<String ID="P7_ST00073" HPOS="795" VPOS="581" WIDTH="55" HEIGHT="30" CONTENT="das" WC="0.96" CC="053"/>
						<SP ID="P7_SP00063" HPOS="850" VPOS="617" WIDTH="31"/>
						<String ID="P7_ST00074" HPOS="881" VPOS="580" WIDTH="148" HEIGHT="30" CONTENT="natürlich" WC="0.99" CC="060034225"/>
					</TextLine>
					<TextLine ID="P7_TL00012" HPOS="127" VPOS="630" WIDTH="896" HEIGHT="38">
						<String ID="P7_ST00075" HPOS="127" VPOS="634" WIDTH="66" HEIGHT="30" CONTENT="liaft" WC="0.50" CC="88080"/>
						<SP ID="P7_SP00064" HPOS="193" VPOS="664" WIDTH="20"/>
						<String ID="P7_ST00076" HPOS="213" VPOS="635" WIDTH="190" HEIGHT="33" CONTENT="gewordene" WC="1.00" CC="020020000"/>
						<SP ID="P7_SP00065" HPOS="403" VPOS="668" WIDTH="22"/>
						<String ID="P7_ST00077" HPOS="425" VPOS="633" WIDTH="264" HEIGHT="31" CONTENT="Menschenscheu" WC="0.99" CC="0055026105001"/>
						<SP ID="P7_SP00066" HPOS="689" VPOS="668" WIDTH="23"/>
						<String ID="P7_ST00078" HPOS="712" VPOS="633" WIDTH="78" HEIGHT="28" CONTENT="kann" WC="0.98" CC="0460"/>
						<SP ID="P7_SP00067" HPOS="790" VPOS="668" WIDTH="24"/>
						<String ID="P7_ST00079" HPOS="814" VPOS="639" WIDTH="72" HEIGHT="21" CONTENT="man" WC="0.98" CC="006"/>
						<SP ID="P7_SP00068" HPOS="886" VPOS="668" WIDTH="22"/>
						<String ID="P7_ST00080" HPOS="908" VPOS="630" WIDTH="44" HEIGHT="30" CONTENT="als" WC="0.96" CC="620"/>
						<SP ID="P7_SP00069" HPOS="952" VPOS="668" WIDTH="24"/>
						<String ID="P7_ST00081" HPOS="976" VPOS="631" WIDTH="47" HEIGHT="28" CONTENT="ein" WC="0.97" CC="025"/>
					</TextLine>
					<TextLine ID="P7_TL00013" HPOS="130" VPOS="682" WIDTH="895" HEIGHT="35">
						<String ID="P7_ST00082" HPOS="130" VPOS="685" WIDTH="109" HEIGHT="28" CONTENT="immer" WC="0.98" CC="29000"/>
						<SP ID="P7_SP00070" HPOS="239" VPOS="713" WIDTH="22"/>
						<String ID="P7_ST00083" HPOS="261" VPOS="685" WIDTH="247" HEIGHT="32" CONTENT="spezial-sexuell" WC="0.82" CC="000005630003132"/>
						<SP ID="P7_SP00071" HPOS="508" VPOS="717" WIDTH="22"/>
						<String ID="P7_ST00084" HPOS="530" VPOS="683" WIDTH="124" HEIGHT="32" CONTENT="bedingt" WC="1.00" CC="0100600"/>
						<SP ID="P7_SP00072" HPOS="654" VPOS="717" WIDTH="23"/>
						<String ID="P7_ST00085" HPOS="677" VPOS="684" WIDTH="47" HEIGHT="32" CONTENT="ist," WC="0.98" CC="5004"/>
						<SP ID="P7_SP00073" HPOS="724" VPOS="717" WIDTH="21"/>
						<String ID="P7_ST00086" HPOS="745" VPOS="690" WIDTH="55" HEIGHT="21" CONTENT="nur" WC="0.94" CC="295"/>
						<SP ID="P7_SP00074" HPOS="800" VPOS="717" WIDTH="24"/>
						<String ID="P7_ST00087" HPOS="824" VPOS="682" WIDTH="125" HEIGHT="33" CONTENT="negativ" WC="0.99" CC="4004060"/>
						<SP ID="P7_SP00075" HPOS="949" VPOS="717" WIDTH="24"/>
						<String ID="P7_ST00088" HPOS="973" VPOS="689" WIDTH="35" HEIGHT="24" CONTENT="ge" SUBS_TYPE="HypPart1" SUBS_CONTENT="gewendet," WC="0.99" CC="00"/>
						<HYP HPOS="1008" VPOS="689" WIDTH="17" CONTENT="-"/>
					</TextLine>
					<TextLine ID="P7_TL00014" HPOS="131" VPOS="730" WIDTH="894" HEIGHT="39">
						<String ID="P7_ST00089" HPOS="131" VPOS="735" WIDTH="134" HEIGHT="34" CONTENT="wendet," SUBS_TYPE="HypPart2" SUBS_CONTENT="gewendet," WC="1.00" CC="0060000"/>
						<SP ID="P7_SP00076" HPOS="265" VPOS="769" WIDTH="26"/>
						<String ID="P7_ST00090" HPOS="291" VPOS="737" WIDTH="82" HEIGHT="28" CONTENT="etwa" WC="1.00" CC="0002"/>
						<SP ID="P7_SP00077" HPOS="373" VPOS="769" WIDTH="24"/>
						<String ID="P7_ST00091" HPOS="397" VPOS="737" WIDTH="60" HEIGHT="26" CONTENT="wie" WC="0.99" CC="030"/>
						<SP ID="P7_SP00078" HPOS="457" VPOS="769" WIDTH="25"/>
						<String ID="P7_ST00092" HPOS="482" VPOS="742" WIDTH="70" HEIGHT="20" CONTENT="man" WC="0.96" CC="054"/>
						<SP ID="P7_SP00079" HPOS="552" VPOS="769" WIDTH="24"/>
						<String ID="P7_ST00093" HPOS="576" VPOS="733" WIDTH="48" HEIGHT="29" CONTENT="die" WC="0.98" CC="021"/>
						<SP ID="P7_SP00080" HPOS="624" VPOS="769" WIDTH="24"/>
						<String ID="P7_ST00094" HPOS="648" VPOS="732" WIDTH="113" HEIGHT="28" CONTENT="Zahlen" WC="0.98" CC="056608"/>
						<SP ID="P7_SP00081" HPOS="761" VPOS="769" WIDTH="27"/>
						<String ID="P7_ST00095" HPOS="788" VPOS="732" WIDTH="24" HEIGHT="34" CONTENT="1," WC="0.83" CC="11"/>
						<SP ID="P7_SP00082" HPOS="812" VPOS="769" WIDTH="25"/>
						<String ID="P7_ST00096" HPOS="837" VPOS="733" WIDTH="16" HEIGHT="27" CONTENT="2" WC="0.49" CC="5"/>
						<SP ID="P7_SP00083" HPOS="853" VPOS="769" WIDTH="24"/>
						<String ID="P7_ST00097" HPOS="877" VPOS="739" WIDTH="78" HEIGHT="21" CONTENT="usw." WC="0.98" CC="7003"/>
						<SP ID="P7_SP00084" HPOS="955" VPOS="769" WIDTH="25"/>
						<String ID="P7_ST00098" HPOS="980" VPOS="730" WIDTH="45" HEIGHT="30" CONTENT="als" WC="0.96" CC="550"/>
					</TextLine>
					<TextLine ID="P7_TL00015" HPOS="130" VPOS="781" WIDTH="895" HEIGHT="36">
						<String ID="P7_ST00099" HPOS="130" VPOS="784" WIDTH="163" HEIGHT="33" CONTENT='„Größen"' WC="0.99" CC="36100271"/>
						<SP ID="P7_SP00085" HPOS="293" VPOS="817" WIDTH="23"/>
						<String ID="P7_ST00100" HPOS="316" VPOS="784" WIDTH="148" HEIGHT="30" CONTENT="definiert." WC="0.99" CC="0061430404"/>
						<SP ID="P7_SP00086" HPOS="464" VPOS="817" WIDTH="39"/>
						<String ID="P7_ST00101" HPOS="503" VPOS="782" WIDTH="161" HEIGHT="30" CONTENT="Verstreut" WC="1.00" CC="000000260"/>
						<SP ID="P7_SP00087" HPOS="664" VPOS="817" WIDTH="23"/>
						<String ID="P7_ST00102" HPOS="687" VPOS="781" WIDTH="173" HEIGHT="30" CONTENT="wohnende" WC="0.99" CC="04070400"/>
						<SP ID="P7_SP00088" HPOS="860" VPOS="817" WIDTH="24"/>
						<String ID="P7_ST00103" HPOS="884" VPOS="781" WIDTH="121" HEIGHT="29" CONTENT="Farmer" SUBS_TYPE="HypPart1" SUBS_CONTENT="Farmerfamilien" WC="0.99" CC="503501"/>
						<HYP HPOS="1005" VPOS="781" WIDTH="20" CONTENT="-"/>
					</TextLine>
					<TextLine ID="P7_TL00016" HPOS="130" VPOS="831" WIDTH="894" HEIGHT="33">
						<String ID="P7_ST00104" HPOS="130" VPOS="834" WIDTH="133" HEIGHT="30" CONTENT="familien" SUBS_TYPE="HypPart2" SUBS_CONTENT="Farmerfamilien" WC="0.99" CC="60023506"/>
						<SP ID="P7_SP00089" HPOS="263" VPOS="864" WIDTH="26"/>
						<String ID="P7_ST00105" HPOS="289" VPOS="835" WIDTH="95" HEIGHT="29" CONTENT="sollen" WC="0.98" CC="032325"/>
						<SP ID="P7_SP00090" HPOS="384" VPOS="864" WIDTH="25"/>
						<String ID="P7_ST00106" HPOS="409" VPOS="834" WIDTH="89" HEIGHT="28" CONTENT="leicht" WC="0.98" CC="503431"/>
						<SP ID="P7_SP00091" HPOS="498" VPOS="864" WIDTH="23"/>
						<String ID="P7_ST00107" HPOS="521" VPOS="832" WIDTH="150" HEIGHT="30" CONTENT="mürrisch" WC="0.99" CC="30005040"/>
						<SP ID="P7_SP00092" HPOS="671" VPOS="864" WIDTH="24"/>
						<String ID="P7_ST00108" HPOS="695" VPOS="832" WIDTH="143" HEIGHT="32" CONTENT="werden;" WC="1.00" CC="0000133"/>
						<SP ID="P7_SP00093" HPOS="838" VPOS="864" WIDTH="27"/>
						<String ID="P7_ST00109" HPOS="865" VPOS="832" WIDTH="61" HEIGHT="28" CONTENT="und" WC="0.94" CC="680"/>
						<SP ID="P7_SP00094" HPOS="926" VPOS="864" WIDTH="25"/>
						<String ID="P7_ST00110" HPOS="951" VPOS="831" WIDTH="55" HEIGHT="29" CONTENT="ähn" SUBS_TYPE="HypPart1" SUBS_CONTENT="ähnliche" WC="0.98" CC="006"/>
						<HYP HPOS="1006" VPOS="831" WIDTH="18" CONTENT="-"/>
					</TextLine>
					<TextLine ID="P7_TL00017" HPOS="129" VPOS="880" WIDTH="895" HEIGHT="37">
						<String ID="P7_ST00111" HPOS="129" VPOS="884" WIDTH="78" HEIGHT="30" CONTENT="liche" SUBS_TYPE="HypPart2" SUBS_CONTENT="ähnliche" WC="0.98" CC="53150"/>
						<SP ID="P7_SP00095" HPOS="207" VPOS="914" WIDTH="16"/>
						<String ID="P7_ST00112" HPOS="223" VPOS="884" WIDTH="114" HEIGHT="33" CONTENT="Belege" WC="1.00" CC="102000"/>
						<SP ID="P7_SP00096" HPOS="337" VPOS="917" WIDTH="17"/>
						<String ID="P7_ST00113" HPOS="354" VPOS="885" WIDTH="102" HEIGHT="28" CONTENT="lassen" WC="0.98" CC="423006"/>
						<SP ID="P7_SP00097" HPOS="456" VPOS="917" WIDTH="16"/>
						<String ID="P7_ST00114" HPOS="472" VPOS="883" WIDTH="64" HEIGHT="30" CONTENT="sich" WC="0.97" CC="0526"/>
						<SP ID="P7_SP00098" HPOS="536" VPOS="917" WIDTH="18"/>
						<String ID="P7_ST00115" HPOS="554" VPOS="883" WIDTH="46" HEIGHT="28" CONTENT="für" WC="0.96" CC="605"/>
						<SP ID="P7_SP00099" HPOS="600" VPOS="917" WIDTH="18"/>
						<String ID="P7_ST00116" HPOS="618" VPOS="883" WIDTH="48" HEIGHT="28" CONTENT="die" WC="0.97" CC="034"/>
						<SP ID="P7_SP00100" HPOS="666" VPOS="917" WIDTH="18"/>
						<String ID="P7_ST00117" HPOS="684" VPOS="881" WIDTH="247" HEIGHT="30" CONTENT="sozial-sexuelle" WC="1.00" CC="000502104062340"/>
						<SP ID="P7_SP00101" HPOS="931" VPOS="917" WIDTH="17"/>
						<String ID="P7_ST00118" HPOS="948" VPOS="880" WIDTH="57" HEIGHT="30" CONTENT="Ver" SUBS_TYPE="HypPart1" SUBS_CONTENT="Veranlagung" WC="0.99" CC="001"/>
						<HYP HPOS="1005" VPOS="880" WIDTH="19" CONTENT="-"/>
					</TextLine>
					<TextLine ID="P7_TL00018" HPOS="131" VPOS="932" WIDTH="605" HEIGHT="35">
						<String ID="P7_ST00119" HPOS="131" VPOS="935" WIDTH="153" HEIGHT="32" CONTENT="anlagung" SUBS_TYPE="HypPart2" SUBS_CONTENT="Veranlagung" WC="0.99" CC="23540070"/>
						<SP ID="P7_SP00102" HPOS="284" VPOS="967" WIDTH="24"/>
						<String ID="P7_ST00120" HPOS="308" VPOS="935" WIDTH="54" HEIGHT="28" CONTENT="des" WC="1.00" CC="000"/>
						<SP ID="P7_SP00103" HPOS="362" VPOS="967" WIDTH="23"/>
						<String ID="P7_ST00121" HPOS="385" VPOS="933" WIDTH="168" HEIGHT="29" CONTENT="Menschen" WC="0.99" CC="00310506"/>
						<SP ID="P7_SP00104" HPOS="553" VPOS="967" WIDTH="26"/>
						<String ID="P7_ST00122" HPOS="579" VPOS="932" WIDTH="157" HEIGHT="30" CONTENT="anführen." WC="0.98" CC="686157074"/>
					</TextLine>
					<TextLine ID="P7_TL00019" HPOS="182" VPOS="982" WIDTH="839" HEIGHT="32">
						<String ID="P7_ST00123" HPOS="182" VPOS="984" WIDTH="244" HEIGHT="30" CONTENT="Unverkennbar" WC="1.00" CC="150100057000"/>
						<SP ID="P7_SP00105" HPOS="426" VPOS="1014" WIDTH="46"/>
						<String ID="P7_ST00124" HPOS="472" VPOS="983" WIDTH="60" HEIGHT="28" CONTENT="und" WC="0.96" CC="720"/>
						<SP ID="P7_SP00106" HPOS="532" VPOS="1014" WIDTH="45"/>
						<String ID="P7_ST00125" HPOS="577" VPOS="984" WIDTH="107" HEIGHT="28" CONTENT="immer" WC="0.99" CC="30020"/>
						<SP ID="P7_SP00107" HPOS="684" VPOS="1014" WIDTH="45"/>
						<String ID="P7_ST00126" HPOS="729" VPOS="982" WIDTH="292" HEIGHT="32" CONTENT="bedeutungsvoller" WC="1.00" CC="2000700409055002"/>
					</TextLine>
					<TextLine ID="P7_TL00020" HPOS="126" VPOS="1033" WIDTH="893" HEIGHT="33">
						<String ID="P7_ST00127" HPOS="126" VPOS="1035" WIDTH="78" HEIGHT="28" CONTENT="wird" WC="0.98" CC="0017"/>
						<SP ID="P7_SP00108" HPOS="204" VPOS="1063" WIDTH="27"/>
						<String ID="P7_ST00128" HPOS="231" VPOS="1035" WIDTH="46" HEIGHT="28" CONTENT="die" WC="0.98" CC="050"/>
						<SP ID="P7_SP00109" HPOS="277" VPOS="1063" WIDTH="26"/>
						<String ID="P7_ST00129" HPOS="303" VPOS="1033" WIDTH="135" HEIGHT="30" CONTENT="sexuelle" WC="1.00" CC="00000540"/>
						<SP ID="P7_SP00110" HPOS="438" VPOS="1063" WIDTH="25"/>
						<String ID="P7_ST00130" HPOS="463" VPOS="1033" WIDTH="209" HEIGHT="33" CONTENT="Motivierung" WC="0.99" CC="04000402480"/>
						<SP ID="P7_SP00111" HPOS="672" VPOS="1066" WIDTH="24"/>
						<String ID="P7_ST00131" HPOS="696" VPOS="1033" WIDTH="49" HEIGHT="29" CONTENT="bei" WC="0.99" CC="003"/>
						<SP ID="P7_SP00112" HPOS="745" VPOS="1066" WIDTH="26"/>
						<String ID="P7_ST00132" HPOS="771" VPOS="1033" WIDTH="58" HEIGHT="29" CONTENT="den" WC="0.98" CC="006"/>
						<SP ID="P7_SP00113" HPOS="829" VPOS="1066" WIDTH="27"/>
						<String ID="P7_ST00133" HPOS="856" VPOS="1033" WIDTH="163" HEIGHT="28" CONTENT="Gefühlen:" WC="0.99" CC="506042024"/>
					</TextLine>
					<TextLine ID="P7_TL00021" HPOS="126" VPOS="1082" WIDTH="894" HEIGHT="35">
						<String ID="P7_ST00134" HPOS="126" VPOS="1083" WIDTH="253" HEIGHT="33" CONTENT="Sympathie" WC="0.99" CC="200564000"/>
						<SP ID="P7_SP00114" HPOS="379" VPOS="1116" WIDTH="40"/>
						<String ID="P7_ST00135" HPOS="419" VPOS="1083" WIDTH="59" HEIGHT="28" CONTENT="und" WC="0.97" CC="520"/>
						<SP ID="P7_SP00115" HPOS="478" VPOS="1116" WIDTH="38"/>
						<String ID="P7_ST00136" HPOS="516" VPOS="1083" WIDTH="151" HEIGHT="34" CONTENT="Liebe," WC="0.99" CC="205000"/>
						<SP ID="P7_SP00116" HPOS="667" VPOS="1117" WIDTH="37"/>
						<String ID="P7_ST00137" HPOS="704" VPOS="1083" WIDTH="46" HEIGHT="30" CONTENT="bis" WC="0.98" CC="040"/>
						<SP ID="P7_SP00117" HPOS="750" VPOS="1117" WIDTH="30"/>
						<String ID="P7_ST00138" HPOS="780" VPOS="1085" WIDTH="43" HEIGHT="28" CONTENT="sie" WC="0.99" CC="030"/>
						<SP ID="P7_SP00118" HPOS="823" VPOS="1117" WIDTH="30"/>
						<String ID="P7_ST00139" HPOS="853" VPOS="1082" WIDTH="81" HEIGHT="29" CONTENT="beim" WC="0.99" CC="0050"/>
						<SP ID="P7_SP00119" HPOS="934" VPOS="1117" WIDTH="28"/>
						<String ID="P7_ST00140" HPOS="962" VPOS="1082" WIDTH="39" HEIGHT="29" CONTENT="Be" SUBS_TYPE="HypPart1" SUBS_CONTENT="Begehren" WC="0.97" CC="40"/>
						<HYP HPOS="1001" VPOS="1082" WIDTH="19" CONTENT="-"/>
					</TextLine>
					<TextLine ID="P7_TL00022" HPOS="125" VPOS="1133" WIDTH="896" HEIGHT="34">
						<String ID="P7_ST00141" HPOS="125" VPOS="1135" WIDTH="115" HEIGHT="32" CONTENT="gehren" SUBS_TYPE="HypPart2" SUBS_CONTENT="Begehren" WC="0.98" CC="705007"/>
						<SP ID="P7_SP00120" HPOS="240" VPOS="1167" WIDTH="20"/>
						<String ID="P7_ST00142" HPOS="260" VPOS="1135" WIDTH="47" HEIGHT="28" CONTENT="die" WC="0.99" CC="030"/>
						<SP ID="P7_SP00121" HPOS="307" VPOS="1167" WIDTH="20"/>
						<String ID="P7_ST00143" HPOS="327" VPOS="1134" WIDTH="181" HEIGHT="29" CONTENT="Herrschaft" WC="0.99" CC="6500036676"/>
						<SP ID="P7_SP00122" HPOS="508" VPOS="1167" WIDTH="18"/>
						<String ID="P7_ST00144" HPOS="526" VPOS="1134" WIDTH="75" HEIGHT="28" CONTENT="über" WC="0.99" CC="0400"/>
						<SP ID="P7_SP00123" HPOS="601" VPOS="1167" WIDTH="20"/>
						<String ID="P7_ST00145" HPOS="621" VPOS="1133" WIDTH="56" HEIGHT="30" CONTENT="alle" WC="0.98" CC="0512"/>
						<SP ID="P7_SP00124" HPOS="677" VPOS="1167" WIDTH="18"/>
						<String ID="P7_ST00146" HPOS="695" VPOS="1133" WIDTH="135" HEIGHT="29" CONTENT="anderen" WC="0.99" CC="0800007"/>
						<SP ID="P7_SP00125" HPOS="830" VPOS="1167" WIDTH="18"/>
						<String ID="P7_ST00147" HPOS="848" VPOS="1141" WIDTH="173" HEIGHT="24" CONTENT="gewonnen" WC="0.99" CC="00056602"/>
					</TextLine>
					<TextLine ID="P7_TL00023" HPOS="126" VPOS="1182" WIDTH="895" HEIGHT="35">
						<String ID="P7_ST00148" HPOS="126" VPOS="1184" WIDTH="65" HEIGHT="33" CONTENT="hat;" WC="0.96" CC="7605"/>
						<SP ID="P7_SP00126" HPOS="191" VPOS="1217" WIDTH="31"/>
						<String ID="P7_ST00149" HPOS="222" VPOS="1193" WIDTH="32" HEIGHT="21" CONTENT="es" WC="1.00" CC="00"/>
						<SP ID="P7_SP00127" HPOS="254" VPOS="1217" WIDTH="28"/>
						<String ID="P7_ST00150" HPOS="282" VPOS="1184" WIDTH="72" HEIGHT="32" CONTENT="liegt" WC="1.00" CC="20000"/>
						<SP ID="P7_SP00128" HPOS="354" VPOS="1217" WIDTH="27"/>
						<String ID="P7_ST00151" HPOS="381" VPOS="1184" WIDTH="64" HEIGHT="28" CONTENT="hier" WC="0.97" CC="6500"/>
						<SP ID="P7_SP00129" HPOS="445" VPOS="1217" WIDTH="30"/>
						<String ID="P7_ST00152" HPOS="475" VPOS="1185" WIDTH="66" HEIGHT="28" CONTENT="eine" WC="0.97" CC="0850"/>
						<SP ID="P7_SP00130" HPOS="541" VPOS="1217" WIDTH="30"/>
						<String ID="P7_ST00153" HPOS="571" VPOS="1183" WIDTH="250" HEIGHT="33" CONTENT="Stufenordnung" WC="1.00" CC="0056000007620"/>
						<SP ID="P7_SP00131" HPOS="821" VPOS="1217" WIDTH="30"/>
						<String ID="P7_ST00154" HPOS="851" VPOS="1191" WIDTH="66" HEIGHT="21" CONTENT="vor." WC="0.99" CC="0204"/>
						<SP ID="P7_SP00132" HPOS="917" VPOS="1217" WIDTH="49"/>
						<String ID="P7_ST00155" HPOS="966" VPOS="1182" WIDTH="55" HEIGHT="28" CONTENT="Bei" WC="0.98" CC="103"/>
					</TextLine>
					<TextLine ID="P7_TL00024" HPOS="126" VPOS="1233" WIDTH="894" HEIGHT="33">
						<String ID="P7_ST00156" HPOS="126" VPOS="1234" WIDTH="69" HEIGHT="29" CONTENT="dem" WC="0.99" CC="300"/>
						<SP ID="P7_SP00133" HPOS="195" VPOS="1263" WIDTH="33"/>
						<String ID="P7_ST00157" HPOS="228" VPOS="1234" WIDTH="78" HEIGHT="29" CONTENT="noch" WC="0.97" CC="5026"/>
						<SP ID="P7_SP00134" HPOS="306" VPOS="1263" WIDTH="37"/>
						<String ID="P7_ST00158" HPOS="343" VPOS="1234" WIDTH="70" HEIGHT="29" CONTENT="sehr" WC="0.99" CC="0050"/>
						<SP ID="P7_SP00135" HPOS="413" VPOS="1263" WIDTH="36"/>
						<String ID="P7_ST00159" HPOS="449" VPOS="1233" WIDTH="162" HEIGHT="33" CONTENT="allgemein" WC="0.99" CC="586010026"/>
						<SP ID="P7_SP00136" HPOS="611" VPOS="1266" WIDTH="35"/>
						<String ID="P7_ST00160" HPOS="646" VPOS="1233" WIDTH="143" HEIGHT="33" CONTENT="gefaßten" WC="0.99" CC="00530604"/>
						<SP ID="P7_SP00137" HPOS="789" VPOS="1266" WIDTH="36"/>
						<String ID="P7_ST00161" HPOS="825" VPOS="1233" WIDTH="176" HEIGHT="32" CONTENT="Sympathie" SUBS_TYPE="HypPart1" SUBS_CONTENT="Sympathiegefühle" WC="1.00" CC="000000102"/>
						<HYP HPOS="1001" VPOS="1233" WIDTH="19" CONTENT="-"/>
					</TextLine>
					<TextLine ID="P7_TL00025" HPOS="124" VPOS="1282" WIDTH="897" HEIGHT="36">
						<String ID="P7_ST00162" HPOS="124" VPOS="1283" WIDTH="121" HEIGHT="34" CONTENT="gefühle" SUBS_TYPE="HypPart2" SUBS_CONTENT="Sympathiegefühle" WC="0.98" CC="9070340"/>
						<SP ID="P7_SP00138" HPOS="245" VPOS="1317" WIDTH="20"/>
						<String ID="P7_ST00163" HPOS="265" VPOS="1284" WIDTH="78" HEIGHT="28" CONTENT="wird" WC="1.00" CC="0000"/>
						<SP ID="P7_SP00139" HPOS="343" VPOS="1317" WIDTH="23"/>
						<String ID="P7_ST00164" HPOS="366" VPOS="1292" WIDTH="32" HEIGHT="21" CONTENT="es" WC="0.86" CC="20"/>
						<SP ID="P7_SP00140" HPOS="398" VPOS="1317" WIDTH="20"/>
						<String ID="P7_ST00165" HPOS="418" VPOS="1292" WIDTH="56" HEIGHT="21" CONTENT="uns" WC="0.97" CC="070"/>
						<SP ID="P7_SP00141" HPOS="474" VPOS="1317" WIDTH="21"/>
						<String ID="P7_ST00166" HPOS="495" VPOS="1292" WIDTH="55" HEIGHT="21" CONTENT="nur" WC="0.94" CC="770"/>
						<SP ID="P7_SP00142" HPOS="550" VPOS="1317" WIDTH="23"/>
						<String ID="P7_ST00167" HPOS="573" VPOS="1283" WIDTH="95" HEIGHT="30" CONTENT="selten" WC="0.98" CC="132706"/>
						<SP ID="P7_SP00143" HPOS="668" VPOS="1317" WIDTH="23"/>
						<String ID="P7_ST00168" HPOS="691" VPOS="1283" WIDTH="75" HEIGHT="35" CONTENT="klar," WC="0.99" CC="05000"/>
						<SP ID="P7_SP00144" HPOS="766" VPOS="1318" WIDTH="22"/>
						<String ID="P7_ST00169" HPOS="788" VPOS="1283" WIDTH="58" HEIGHT="28" CONTENT="daß" WC="1.00" CC="000"/>
						<SP ID="P7_SP00145" HPOS="846" VPOS="1318" WIDTH="21"/>
						<String ID="P7_ST00170" HPOS="867" VPOS="1282" WIDTH="64" HEIGHT="29" CONTENT="hier" WC="0.99" CC="5000"/>
						<SP ID="P7_SP00146" HPOS="931" VPOS="1318" WIDTH="24"/>
						<String ID="P7_ST00171" HPOS="955" VPOS="1283" WIDTH="66" HEIGHT="28" CONTENT="eine" WC="0.97" CC="0454"/>
					</TextLine>
					<TextLine ID="P7_TL00026" HPOS="124" VPOS="1332" WIDTH="896" HEIGHT="36">
						<String ID="P7_ST00172" HPOS="124" VPOS="1334" WIDTH="135" HEIGHT="30" CONTENT="sexuelle" WC="0.99" CC="02060420"/>
						<SP ID="P7_SP00147" HPOS="259" VPOS="1364" WIDTH="23"/>
						<String ID="P7_ST00173" HPOS="282" VPOS="1333" WIDTH="78" HEIGHT="31" CONTENT="Note" WC="0.99" CC="2100"/>
						<SP ID="P7_SP00148" HPOS="360" VPOS="1364" WIDTH="22"/>
						<String ID="P7_ST00174" HPOS="382" VPOS="1334" WIDTH="154" HEIGHT="34" CONTENT="mitspielt," WC="0.99" CC="0500070103"/>
						<SP ID="P7_SP00149" HPOS="536" VPOS="1368" WIDTH="23"/>
						<String ID="P7_ST00175" HPOS="559" VPOS="1334" WIDTH="73" HEIGHT="28" CONTENT="aber" WC="1.00" CC="0000"/>
						<SP ID="P7_SP00150" HPOS="632" VPOS="1368" WIDTH="24"/>
						<String ID="P7_ST00176" HPOS="656" VPOS="1334" WIDTH="53" HEIGHT="30" CONTENT="der" WC="0.98" CC="004"/>
						<SP ID="P7_SP00151" HPOS="709" VPOS="1368" WIDTH="24"/>
						<String ID="P7_ST00177" HPOS="733" VPOS="1333" WIDTH="81" HEIGHT="34" CONTENT="Duft," WC="0.97" CC="45633"/>
						<SP ID="P7_SP00152" HPOS="814" VPOS="1368" WIDTH="24"/>
						<String ID="P7_ST00178" HPOS="838" VPOS="1332" WIDTH="47" HEIGHT="29" CONTENT="die" WC="0.99" CC="020"/>
						<SP ID="P7_SP00153" HPOS="885" VPOS="1368" WIDTH="22"/>
						<String ID="P7_ST00179" HPOS="907" VPOS="1332" WIDTH="113" HEIGHT="33" CONTENT="Laune," WC="0.98" CC="531601"/>
					</TextLine>
					<TextLine ID="P7_TL00027" HPOS="125" VPOS="1381" WIDTH="896" HEIGHT="36">
						<String ID="P7_ST00180" HPOS="125" VPOS="1384" WIDTH="53" HEIGHT="29" CONTENT="der" WC="0.98" CC="103"/>
						<SP ID="P7_SP00154" HPOS="178" VPOS="1413" WIDTH="25"/>
						<String ID="P7_ST00181" HPOS="203" VPOS="1384" WIDTH="86" HEIGHT="30" CONTENT="Geist" WC="0.98" CC="40604"/>
						<SP ID="P7_SP00155" HPOS="289" VPOS="1414" WIDTH="24"/>
						<String ID="P7_ST00182" HPOS="313" VPOS="1385" WIDTH="151" HEIGHT="32" CONTENT="gewisser" WC="1.00" CC="00000021"/>
						<SP ID="P7_SP00156" HPOS="464" VPOS="1417" WIDTH="22"/>
						<String ID="P7_ST00183" HPOS="486" VPOS="1384" WIDTH="169" HEIGHT="29" CONTENT="Menschen" WC="0.99" CC="01600502"/>
						<SP ID="P7_SP00157" HPOS="655" VPOS="1417" WIDTH="26"/>
						<String ID="P7_ST00184" HPOS="681" VPOS="1383" WIDTH="129" HEIGHT="29" CONTENT="bereitet" WC="0.99" CC="30307400"/>
						<SP ID="P7_SP00158" HPOS="810" VPOS="1417" WIDTH="24"/>
						<String ID="P7_ST00185" HPOS="834" VPOS="1390" WIDTH="56" HEIGHT="21" CONTENT="uns" WC="0.95" CC="750"/>
						<SP ID="P7_SP00159" HPOS="890" VPOS="1417" WIDTH="25"/>
						<String ID="P7_ST00186" HPOS="915" VPOS="1381" WIDTH="85" HEIGHT="29" CONTENT="Wohl" SUBS_TYPE="HypPart1" SUBS_CONTENT="Wohlbehagen;" WC="0.97" CC="4365"/>
						<HYP HPOS="1000" VPOS="1381" WIDTH="21" CONTENT="-"/>
					</TextLine>
					<TextLine ID="P7_TL00028" HPOS="122" VPOS="1431" WIDTH="898" HEIGHT="36">
						<String ID="P7_ST00187" HPOS="122" VPOS="1433" WIDTH="157" HEIGHT="34" CONTENT="behagen;" SUBS_TYPE="HypPart2" SUBS_CONTENT="Wohlbehagen;" WC="0.98" CC="90650063"/>
						<SP ID="P7_SP00160" HPOS="279" VPOS="1467" WIDTH="31"/>
						<String ID="P7_ST00188" HPOS="310" VPOS="1443" WIDTH="32" HEIGHT="20" CONTENT="es" WC="0.74" CC="50"/>
						<SP ID="P7_SP00161" HPOS="342" VPOS="1467" WIDTH="26"/>
						<String ID="P7_ST00189" HPOS="368" VPOS="1434" WIDTH="81" HEIGHT="29" CONTENT="kann" WC="0.97" CC="0066"/>
						<SP ID="P7_SP00162" HPOS="449" VPOS="1467" WIDTH="26"/>
						<String ID="P7_ST00190" HPOS="475" VPOS="1433" WIDTH="64" HEIGHT="30" CONTENT="hier" WC="0.97" CC="7500"/>
						<SP ID="P7_SP00163" HPOS="539" VPOS="1467" WIDTH="25"/>
						<String ID="P7_ST00191" HPOS="564" VPOS="1433" WIDTH="78" HEIGHT="29" CONTENT="noch" WC="0.98" CC="6003"/>
						<SP ID="P7_SP00164" HPOS="642" VPOS="1467" WIDTH="28"/>
						<String ID="P7_ST00192" HPOS="670" VPOS="1435" WIDTH="47" HEIGHT="28" CONTENT="ein" WC="0.96" CC="046"/>
						<SP ID="P7_SP00165" HPOS="717" VPOS="1467" WIDTH="26"/>
						<String ID="P7_ST00193" HPOS="743" VPOS="1432" WIDTH="87" HEIGHT="32" CONTENT="Kreis" WC="0.99" CC="40060"/>
						<SP ID="P7_SP00166" HPOS="830" VPOS="1467" WIDTH="26"/>
						<String ID="P7_ST00194" HPOS="856" VPOS="1440" WIDTH="63" HEIGHT="21" CONTENT="von" WC="0.99" CC="003"/>
						<SP ID="P7_SP00167" HPOS="919" VPOS="1467" WIDTH="26"/>
						<String ID="P7_ST00195" HPOS="945" VPOS="1431" WIDTH="57" HEIGHT="30" CONTENT="Per" SUBS_TYPE="HypPart1" SUBS_CONTENT="Personen" WC="0.98" CC="022"/>
						<HYP HPOS="1002" VPOS="1431" WIDTH="18" CONTENT="-"/>
					</TextLine>
					<TextLine ID="P7_TL00029" HPOS="126" VPOS="1482" WIDTH="894" HEIGHT="36">
						<String ID="P7_ST00196" HPOS="126" VPOS="1492" WIDTH="95" HEIGHT="21" CONTENT="sonen" SUBS_TYPE="HypPart2" SUBS_CONTENT="Personen" WC="0.97" CC="06706"/>
						<SP ID="P7_SP00168" HPOS="221" VPOS="1513" WIDTH="30"/>
						<String ID="P7_ST00197" HPOS="251" VPOS="1485" WIDTH="74" HEIGHT="33" CONTENT="sein," WC="0.98" CC="00560"/>
						<SP ID="P7_SP00169" HPOS="325" VPOS="1518" WIDTH="29"/>
						<String ID="P7_ST00198" HPOS="354" VPOS="1484" WIDTH="60" HEIGHT="29" CONTENT="und" WC="0.95" CC="750"/>
						<SP ID="P7_SP00170" HPOS="414" VPOS="1518" WIDTH="28"/>
						<String ID="P7_ST00199" HPOS="442" VPOS="1484" WIDTH="48" HEIGHT="29" CONTENT="die" WC="0.97" CC="051"/>
						<SP ID="P7_SP00171" HPOS="490" VPOS="1518" WIDTH="29"/>
						<String ID="P7_ST00200" HPOS="519" VPOS="1483" WIDTH="156" HEIGHT="30" CONTENT="sexuellen" WC="0.99" CC="030503406"/>
						<SP ID="P7_SP00172" HPOS="675" VPOS="1518" WIDTH="29"/>
						<String ID="P7_ST00201" HPOS="704" VPOS="1482" WIDTH="158" HEIGHT="30" CONTENT="Personen" WC="0.99" CC="30000616"/>
						<SP ID="P7_SP00173" HPOS="862" VPOS="1518" WIDTH="29"/>
						<String ID="P7_ST00202" HPOS="891" VPOS="1482" WIDTH="129" HEIGHT="28" CONTENT="werden" WC="0.99" CC="003003"/>
					</TextLine>
					<TextLine ID="P7_TL00030" HPOS="124" VPOS="1531" WIDTH="896" HEIGHT="37">
						<String ID="P7_ST00203" HPOS="124" VPOS="1534" WIDTH="97" HEIGHT="30" CONTENT="durch" WC="0.97" CC="58035"/>
						<SP ID="P7_SP00174" HPOS="221" VPOS="1564" WIDTH="23"/>
						<String ID="P7_ST00204" HPOS="244" VPOS="1535" WIDTH="50" HEIGHT="28" CONTENT="ihn" WC="0.97" CC="007"/>
						<SP ID="P7_SP00175" HPOS="294" VPOS="1564" WIDTH="25"/>
						<String ID="P7_ST00205" HPOS="319" VPOS="1534" WIDTH="172" HEIGHT="34" CONTENT="abgeleitet," WC="0.99" CC="30005020073"/>
						<SP ID="P7_SP00176" HPOS="491" VPOS="1568" WIDTH="22"/>
						<String ID="P7_ST00206" HPOS="513" VPOS="1533" WIDTH="149" HEIGHT="30" CONTENT="nachdem" WC="0.99" CC="7606000"/>
						<SP ID="P7_SP00177" HPOS="662" VPOS="1568" WIDTH="25"/>
						<String ID="P7_ST00207" HPOS="687" VPOS="1534" WIDTH="43" HEIGHT="29" CONTENT="sie" WC="0.98" CC="023"/>
						<SP ID="P7_SP00178" HPOS="730" VPOS="1568" WIDTH="24"/>
						<String ID="P7_ST00208" HPOS="754" VPOS="1531" WIDTH="139" HEIGHT="31" CONTENT="heimlich" WC="0.99" CC="50105136"/>
						<SP ID="P7_SP00179" HPOS="893" VPOS="1568" WIDTH="24"/>
						<String ID="P7_ST00209" HPOS="917" VPOS="1533" WIDTH="103" HEIGHT="31" CONTENT="erregt" WC="0.99" CC="014090"/>
					</TextLine>
					<TextLine ID="P7_TL00031" HPOS="124" VPOS="1581" WIDTH="896" HEIGHT="34">
						<String ID="P7_ST00210" HPOS="124" VPOS="1584" WIDTH="129" HEIGHT="29" CONTENT="worden" WC="0.99" CC="040006"/>
						<SP ID="P7_SP00180" HPOS="253" VPOS="1613" WIDTH="20"/>
						<String ID="P7_ST00211" HPOS="273" VPOS="1584" WIDTH="77" HEIGHT="29" CONTENT="sind." WC="0.98" CC="05602"/>
						<SP ID="P7_SP00181" HPOS="350" VPOS="1613" WIDTH="39"/>
						<String ID="P7_ST00212" HPOS="389" VPOS="1584" WIDTH="54" HEIGHT="28" CONTENT="Ein" WC="0.94" CC="644"/>
						<SP ID="P7_SP00182" HPOS="443" VPOS="1613" WIDTH="20"/>
						<String ID="P7_ST00213" HPOS="463" VPOS="1584" WIDTH="190" HEIGHT="29" CONTENT="bestimmter" WC="0.99" CC="0102645010"/>
						<SP ID="P7_SP00183" HPOS="653" VPOS="1613" WIDTH="20"/>
						<String ID="P7_ST00214" HPOS="673" VPOS="1582" WIDTH="173" HEIGHT="33" CONTENT="Rhythmus" WC="0.99" CC="05004070"/>
						<SP ID="P7_SP00184" HPOS="846" VPOS="1615" WIDTH="23"/>
						<String ID="P7_ST00215" HPOS="869" VPOS="1582" WIDTH="54" HEIGHT="30" CONTENT="des" WC="1.00" CC="000"/>
						<SP ID="P7_SP00185" HPOS="923" VPOS="1615" WIDTH="21"/>
						<String ID="P7_ST00216" HPOS="944" VPOS="1581" WIDTH="57" HEIGHT="30" CONTENT="Ver" SUBS_TYPE="HypPart1" SUBS_CONTENT="Verkehres" WC="0.98" CC="006"/>
						<HYP HPOS="1001" VPOS="1581" WIDTH="19" CONTENT="-"/>
					</TextLine>
					<TextLine ID="P7_TL00032" HPOS="124" VPOS="1632" WIDTH="897" HEIGHT="34">
						<String ID="P7_ST00217" HPOS="124" VPOS="1633" WIDTH="112" HEIGHT="30" CONTENT="kehres" SUBS_TYPE="HypPart2" SUBS_CONTENT="Verkehres" WC="1.00" CC="014000"/>
						<SP ID="P7_SP00186" HPOS="236" VPOS="1663" WIDTH="46"/>
						<String ID="P7_ST00218" HPOS="282" VPOS="1635" WIDTH="54" HEIGHT="28" CONTENT="mit" WC="1.00" CC="000"/>
						<SP ID="P7_SP00187" HPOS="336" VPOS="1663" WIDTH="44"/>
						<String ID="P7_ST00219" HPOS="380" VPOS="1633" WIDTH="250" HEIGHT="33" CONTENT="sympathischen" WC="1.00" CC="0000405403700"/>
						<SP ID="P7_SP00188" HPOS="630" VPOS="1666" WIDTH="46"/>
						<String ID="P7_ST00220" HPOS="676" VPOS="1632" WIDTH="170" HEIGHT="30" CONTENT="Menschen" WC="0.99" CC="00604617"/>
						<SP ID="P7_SP00189" HPOS="846" VPOS="1666" WIDTH="44"/>
						<String ID="P7_ST00221" HPOS="890" VPOS="1640" WIDTH="131" HEIGHT="24" CONTENT="vermag" WC="0.99" CC="034050"/>
					</TextLine>
					<TextLine ID="P7_TL00033" HPOS="125" VPOS="1682" WIDTH="895" HEIGHT="34">
						<String ID="P7_ST00222" HPOS="125" VPOS="1684" WIDTH="116" HEIGHT="29" CONTENT="sexuell" WC="0.98" CC="0096005"/>
						<SP ID="P7_SP00190" HPOS="241" VPOS="1713" WIDTH="24"/>
						<String ID="P7_ST00223" HPOS="265" VPOS="1693" WIDTH="36" HEIGHT="20" CONTENT="zu" WC="0.69" CC="06"/>
						<SP ID="P7_SP00191" HPOS="301" VPOS="1713" WIDTH="27"/>
						<String ID="P7_ST00224" HPOS="328" VPOS="1684" WIDTH="149" HEIGHT="29" CONTENT="entlasten" WC="0.99" CC="460200002"/>
						<SP ID="P7_SP00192" HPOS="477" VPOS="1713" WIDTH="26"/>
						<String ID="P7_ST00225" HPOS="503" VPOS="1684" WIDTH="60" HEIGHT="28" CONTENT="und" WC="0.97" CC="620"/>
						<SP ID="P7_SP00193" HPOS="563" VPOS="1713" WIDTH="25"/>
						<String ID="P7_ST00226" HPOS="588" VPOS="1692" WIDTH="37" HEIGHT="20" CONTENT="zu" WC="0.64" CC="07"/>
						<SP ID="P7_SP00194" HPOS="625" VPOS="1713" WIDTH="24"/>
						<String ID="P7_ST00227" HPOS="649" VPOS="1684" WIDTH="178" HEIGHT="32" CONTENT="beruhigen." WC="0.99" CC="0007630034"/>
						<SP ID="P7_SP00195" HPOS="827" VPOS="1716" WIDTH="44"/>
						<String ID="P7_ST00228" HPOS="871" VPOS="1682" WIDTH="55" HEIGHT="29" CONTENT="Bei" WC="0.99" CC="200"/>
						<SP ID="P7_SP00196" HPOS="926" VPOS="1716" WIDTH="24"/>
						<String ID="P7_ST00229" HPOS="950" VPOS="1683" WIDTH="70" HEIGHT="28" CONTENT="dem" WC="0.99" CC="010"/>
					</TextLine>
					<TextLine ID="P7_TL00034" HPOS="124" VPOS="1732" WIDTH="897" HEIGHT="32">
						<String ID="P7_ST00230" HPOS="124" VPOS="1732" WIDTH="178" HEIGHT="31" CONTENT="Phänomen" WC="0.99" CC="05050034"/>
						<SP ID="P7_SP00197" HPOS="302" VPOS="1763" WIDTH="37"/>
						<String ID="P7_ST00231" HPOS="339" VPOS="1732" WIDTH="93" HEIGHT="31" CONTENT="Liebe" WC="0.99" CC="44100"/>
						<SP ID="P7_SP00198" HPOS="432" VPOS="1763" WIDTH="36"/>
						<String ID="P7_ST00232" HPOS="468" VPOS="1734" WIDTH="147" HEIGHT="29" CONTENT="schreitet" WC="1.00" CC="000003000"/>
						<SP ID="P7_SP00199" HPOS="615" VPOS="1763" WIDTH="36"/>
						<String ID="P7_ST00233" HPOS="651" VPOS="1734" WIDTH="47" HEIGHT="30" CONTENT="die" WC="0.98" CC="050"/>
						<SP ID="P7_SP00200" HPOS="698" VPOS="1764" WIDTH="38"/>
						<String ID="P7_ST00234" HPOS="736" VPOS="1732" WIDTH="285" HEIGHT="31" CONTENT="Geschlechtskraft" WC="0.99" CC="5004761400084250"/>
					</TextLine>
					<TextLine ID="P7_TL00035" HPOS="125" VPOS="1783" WIDTH="895" HEIGHT="35">
						<String ID="P7_ST00235" HPOS="125" VPOS="1783" WIDTH="81" HEIGHT="29" CONTENT="dann" WC="0.98" CC="6002"/>
						<SP ID="P7_SP00201" HPOS="206" VPOS="1812" WIDTH="26"/>
						<String ID="P7_ST00236" HPOS="232" VPOS="1784" WIDTH="113" HEIGHT="29" CONTENT="schnell" WC="0.98" CC="0694016"/>
						<SP ID="P7_SP00202" HPOS="345" VPOS="1813" WIDTH="28"/>
						<String ID="P7_ST00237" HPOS="373" VPOS="1792" WIDTH="67" HEIGHT="26" CONTENT="vor," WC="0.99" CC="0220"/>
						<SP ID="P7_SP00203" HPOS="440" VPOS="1818" WIDTH="27"/>
						<String ID="P7_ST00238" HPOS="467" VPOS="1784" WIDTH="83" HEIGHT="29" CONTENT="wirft" WC="0.98" CC="05350"/>
						<SP ID="P7_SP00204" HPOS="550" VPOS="1818" WIDTH="28"/>
						<String ID="P7_ST00239" HPOS="578" VPOS="1784" WIDTH="64" HEIGHT="29" CONTENT="sich" WC="0.97" CC="0545"/>
						<SP ID="P7_SP00205" HPOS="642" VPOS="1818" WIDTH="30"/>
						<String ID="P7_ST00240" HPOS="672" VPOS="1783" WIDTH="50" HEIGHT="29" CONTENT="auf" WC="0.93" CC="377"/>
						<SP ID="P7_SP00206" HPOS="722" VPOS="1818" WIDTH="29"/>
						<String ID="P7_ST00241" HPOS="751" VPOS="1785" WIDTH="67" HEIGHT="27" CONTENT="eine" WC="0.97" CC="0266"/>
						<SP ID="P7_SP00207" HPOS="818" VPOS="1818" WIDTH="28"/>
						<String ID="P7_ST00242" HPOS="846" VPOS="1783" WIDTH="174" HEIGHT="29" CONTENT="bestimmte" WC="1.00" CC="000040030"/>
					</TextLine>
					<TextLine ID="P7_TL00036" HPOS="124" VPOS="1833" WIDTH="897" HEIGHT="35">
						<String ID="P7_ST00243" HPOS="124" VPOS="1833" WIDTH="127" HEIGHT="35" CONTENT="Person," WC="0.99" CC="0000440"/>
						<SP ID="P7_SP00208" HPOS="251" VPOS="1868" WIDTH="22"/>
						<String ID="P7_ST00244" HPOS="273" VPOS="1834" WIDTH="82" HEIGHT="32" CONTENT="ringt" WC="0.98" CC="45700"/>
						<SP ID="P7_SP00209" HPOS="355" VPOS="1868" WIDTH="18"/>
						<String ID="P7_ST00245" HPOS="373" VPOS="1835" WIDTH="66" HEIGHT="28" CONTENT="eine" WC="0.97" CC="2570"/>
						<SP ID="P7_SP00210" HPOS="439" VPOS="1868" WIDTH="22"/>
						<String ID="P7_ST00246" HPOS="461" VPOS="1833" WIDTH="65" HEIGHT="30" CONTENT="Zeit" WC="0.98" CC="1051"/>
						<SP ID="P7_SP00211" HPOS="526" VPOS="1868" WIDTH="18"/>
						<String ID="P7_ST00247" HPOS="544" VPOS="1835" WIDTH="71" HEIGHT="31" CONTENT="lang" WC="0.97" CC="3560"/>
						<SP ID="P7_SP00212" HPOS="615" VPOS="1868" WIDTH="20"/>
						<String ID="P7_ST00248" HPOS="635" VPOS="1835" WIDTH="54" HEIGHT="28" CONTENT="mit" WC="0.98" CC="040"/>
						<SP ID="P7_SP00213" HPOS="689" VPOS="1868" WIDTH="21"/>
						<String ID="P7_ST00249" HPOS="710" VPOS="1833" WIDTH="54" HEIGHT="30" CONTENT="der" WC="1.00" CC="000"/>
						<SP ID="P7_SP00214" HPOS="764" VPOS="1868" WIDTH="23"/>
						<String ID="P7_ST00250" HPOS="787" VPOS="1833" WIDTH="234" HEIGHT="30" CONTENT="aufkeimenden" WC="0.99" CC="967015000005"/>
					</TextLine>
					<TextLine ID="P7_TL00037" HPOS="124" VPOS="1882" WIDTH="896" HEIGHT="35">
						<String ID="P7_ST00251" HPOS="124" VPOS="1882" WIDTH="162" HEIGHT="35" CONTENT="Begierde," WC="0.99" CC="400400900"/>
						<SP ID="P7_SP00215" HPOS="286" VPOS="1917" WIDTH="22"/>
						<String ID="P7_ST00252" HPOS="308" VPOS="1892" WIDTH="51" HEIGHT="20" CONTENT="um" WC="0.75" CC="40"/>
						<SP ID="P7_SP00216" HPOS="359" VPOS="1917" WIDTH="22"/>
						<String ID="P7_ST00253" HPOS="381" VPOS="1886" WIDTH="41" HEIGHT="27" CONTENT="im" WC="1.00" CC="00"/>
						<SP ID="P7_SP00217" HPOS="422" VPOS="1917" WIDTH="23"/>
						<String ID="P7_ST00254" HPOS="445" VPOS="1884" WIDTH="82" HEIGHT="29" CONTENT="Falle" WC="0.99" CC="20520"/>
						<SP ID="P7_SP00218" HPOS="527" VPOS="1917" WIDTH="25"/>
						<String ID="P7_ST00255" HPOS="552" VPOS="1885" WIDTH="54" HEIGHT="28" CONTENT="der" WC="1.00" CC="000"/>
						<SP ID="P7_SP00219" HPOS="606" VPOS="1917" WIDTH="24"/>
						<String ID="P7_ST00256" HPOS="630" VPOS="1884" WIDTH="160" HEIGHT="33" CONTENT="Bejahung" WC="0.98" CC="00653269"/>
						<SP ID="P7_SP00220" HPOS="790" VPOS="1917" WIDTH="23"/>
						<String ID="P7_ST00257" HPOS="813" VPOS="1884" WIDTH="115" HEIGHT="29" CONTENT="schnell" WC="0.98" CC="2466343"/>
						<SP ID="P7_SP00221" HPOS="928" VPOS="1917" WIDTH="24"/>
						<String ID="P7_ST00258" HPOS="952" VPOS="1884" WIDTH="68" HEIGHT="29" CONTENT="dem" WC="1.00" CC="000"/>
					</TextLine>
					<TextLine ID="P7_TL00038" HPOS="124" VPOS="1932" WIDTH="896" HEIGHT="36">
						<String ID="P7_ST00259" HPOS="124" VPOS="1932" WIDTH="82" HEIGHT="30" CONTENT="Ziele" WC="0.99" CC="03040"/>
						<SP ID="P7_SP00222" HPOS="206" VPOS="1962" WIDTH="21"/>
						<String ID="P7_ST00260" HPOS="227" VPOS="1934" WIDTH="167" HEIGHT="34" CONTENT="zuzueilen," WC="0.99" CC="0707064062"/>
						<SP ID="P7_SP00223" HPOS="394" VPOS="1968" WIDTH="21"/>
						<String ID="P7_ST00261" HPOS="415" VPOS="1936" WIDTH="31" HEIGHT="27" CONTENT="in" WC="0.60" CC="43"/>
						<SP ID="P7_SP00224" HPOS="446" VPOS="1968" WIDTH="22"/>
						<String ID="P7_ST00262" HPOS="468" VPOS="1934" WIDTH="70" HEIGHT="29" CONTENT="dem" WC="1.00" CC="000"/>
						<SP ID="P7_SP00225" HPOS="538" VPOS="1968" WIDTH="24"/>
						<String ID="P7_ST00263" HPOS="562" VPOS="1934" WIDTH="54" HEIGHT="29" CONTENT="das" WC="0.97" CC="700"/>
						<SP ID="P7_SP00226" HPOS="616" VPOS="1968" WIDTH="23"/>
						<String ID="P7_ST00264" HPOS="639" VPOS="1934" WIDTH="142" HEIGHT="30" CONTENT="Sexuelle" WC="0.99" CC="00060770"/>
						<SP ID="P7_SP00227" HPOS="781" VPOS="1968" WIDTH="24"/>
						<String ID="P7_ST00265" HPOS="805" VPOS="1934" WIDTH="81" HEIGHT="29" CONTENT="dann" WC="0.97" CC="6045"/>
						<SP ID="P7_SP00228" HPOS="886" VPOS="1968" WIDTH="22"/>
						<String ID="P7_ST00266" HPOS="908" VPOS="1942" WIDTH="94" HEIGHT="21" CONTENT="unver" SUBS_TYPE="HypPart1" SUBS_CONTENT="unverhüllt" WC="0.99" CC="56000"/>
						<HYP HPOS="1002" VPOS="1942" WIDTH="18" CONTENT="-"/>
					</TextLine>
					<TextLine ID="P7_TL00039" HPOS="125" VPOS="1983" WIDTH="895" HEIGHT="34">
						<String ID="P7_ST00267" HPOS="125" VPOS="1983" WIDTH="72" HEIGHT="29" CONTENT="hüllt" SUBS_TYPE="HypPart2" SUBS_CONTENT="unverhüllt" WC="0.97" CC="50557"/>
						<SP ID="P7_SP00229" HPOS="197" VPOS="2012" WIDTH="34"/>
						<String ID="P7_ST00268" HPOS="231" VPOS="1983" WIDTH="180" HEIGHT="30" CONTENT="hervortritt" WC="0.99" CC="30404404400"/>
						<SP ID="P7_SP00230" HPOS="411" VPOS="2013" WIDTH="33"/>
						<String ID="P7_ST00269" HPOS="444" VPOS="1985" WIDTH="61" HEIGHT="27" CONTENT="und" WC="0.95" CC="760"/>
						<SP ID="P7_SP00231" HPOS="505" VPOS="2013" WIDTH="36"/>
						<String ID="P7_ST00270" HPOS="541" VPOS="1984" WIDTH="150" HEIGHT="29" CONTENT="deutliche" WC="0.99" CC="006654201"/>
						<SP ID="P7_SP00232" HPOS="691" VPOS="2013" WIDTH="33"/>
						<String ID="P7_ST00271" HPOS="724" VPOS="1984" WIDTH="182" HEIGHT="33" CONTENT="organische" WC="1.00" CC="3003500000"/>
						<SP ID="P7_SP00233" HPOS="906" VPOS="2017" WIDTH="37"/>
						<String ID="P7_ST00272" HPOS="943" VPOS="1984" WIDTH="77" HEIGHT="29" CONTENT="Akte" WC="1.00" CC="0000"/>
					</TextLine>
					<TextLine ID="P7_TL00040" HPOS="124" VPOS="2033" WIDTH="170" HEIGHT="30">
						<String ID="P7_ST00273" HPOS="124" VPOS="2033" WIDTH="170" HEIGHT="30" CONTENT="veranlaßt." WC="0.99" CC="6016640013"/>
					</TextLine>
					<TextLine ID="P7_TL00041" HPOS="183" VPOS="2084" WIDTH="838" HEIGHT="30">
						<String ID="P7_ST00274" HPOS="183" VPOS="2084" WIDTH="50" HEIGHT="28" CONTENT="Ich" WC="0.96" CC="126"/>
						<SP ID="P7_SP00234" HPOS="233" VPOS="2112" WIDTH="28"/>
						<String ID="P7_ST00275" HPOS="261" VPOS="2084" WIDTH="122" HEIGHT="30" CONTENT="möchte" WC="1.00" CC="000010"/>
						<SP ID="P7_SP00235" HPOS="383" VPOS="2114" WIDTH="31"/>
						<String ID="P7_ST00276" HPOS="414" VPOS="2084" WIDTH="63" HEIGHT="29" CONTENT="hier" WC="0.99" CC="0200"/>
						<SP ID="P7_SP00236" HPOS="477" VPOS="2114" WIDTH="30"/>
						<String ID="P7_ST00277" HPOS="507" VPOS="2084" WIDTH="170" HEIGHT="29" CONTENT="besonders" WC="1.00" CC="000320000"/>
						<SP ID="P7_SP00237" HPOS="677" VPOS="2114" WIDTH="27"/>
						<String ID="P7_ST00278" HPOS="704" VPOS="2084" WIDTH="48" HEIGHT="29" CONTENT="für" WC="0.96" CC="702"/>
						<SP ID="P7_SP00238" HPOS="752" VPOS="2114" WIDTH="31"/>
						<String ID="P7_ST00279" HPOS="783" VPOS="2093" WIDTH="91" HEIGHT="21" CONTENT="unser" WC="0.98" CC="67003"/>
						<SP ID="P7_SP00239" HPOS="874" VPOS="2114" WIDTH="29"/>
						<String ID="P7_ST00280" HPOS="903" VPOS="2084" WIDTH="118" HEIGHT="29" CONTENT="Thema" WC="0.98" CC="06005"/>
					</TextLine>
					<TextLine ID="P7_TL00042" HPOS="126" VPOS="2132" WIDTH="894" HEIGHT="36">
						<String ID="P7_ST00281" HPOS="126" VPOS="2132" WIDTH="110" HEIGHT="30" CONTENT="darauf" WC="0.97" CC="605357"/>
						<SP ID="P7_SP00240" HPOS="236" VPOS="2162" WIDTH="17"/>
						<String ID="P7_ST00282" HPOS="253" VPOS="2134" WIDTH="179" HEIGHT="34" CONTENT="hinweisen," WC="0.99" CC="2550040073"/>
						<SP ID="P7_SP00241" HPOS="432" VPOS="2168" WIDTH="19"/>
						<String ID="P7_ST00283" HPOS="451" VPOS="2134" WIDTH="58" HEIGHT="29" CONTENT="daß" WC="0.98" CC="022"/>
						<SP ID="P7_SP00242" HPOS="509" VPOS="2168" WIDTH="21"/>
						<String ID="P7_ST00284" HPOS="530" VPOS="2134" WIDTH="53" HEIGHT="30" CONTENT="der" WC="0.99" CC="002"/>
						<SP ID="P7_SP00243" HPOS="583" VPOS="2168" WIDTH="19"/>
						<String ID="P7_ST00285" HPOS="602" VPOS="2134" WIDTH="79" HEIGHT="33" CONTENT="Weg" WC="0.96" CC="019"/>
						<SP ID="P7_SP00244" HPOS="681" VPOS="2168" WIDTH="19"/>
						<String ID="P7_ST00286" HPOS="700" VPOS="2143" WIDTH="62" HEIGHT="21" CONTENT="von" WC="0.99" CC="003"/>
						<SP ID="P7_SP00245" HPOS="762" VPOS="2168" WIDTH="18"/>
						<String ID="P7_ST00287" HPOS="780" VPOS="2135" WIDTH="54" HEIGHT="29" CONTENT="der" WC="1.00" CC="000"/>
						<SP ID="P7_SP00246" HPOS="834" VPOS="2168" WIDTH="19"/>
						<String ID="P7_ST00288" HPOS="853" VPOS="2134" WIDTH="94" HEIGHT="30" CONTENT="Liebe" WC="1.00" CC="03000"/>
						<SP ID="P7_SP00247" HPOS="947" VPOS="2168" WIDTH="19"/>
						<String ID="P7_ST00289" HPOS="966" VPOS="2143" WIDTH="54" HEIGHT="21" CONTENT="zur" WC="0.97" CC="051"/>
					</TextLine>
					<TextLine ID="P7_TL00043" HPOS="126" VPOS="2182" WIDTH="895" HEIGHT="33">
						<String ID="P7_ST00290" HPOS="126" VPOS="2182" WIDTH="153" HEIGHT="33" CONTENT="Begierde" WC="1.00" CC="40020000"/>
						<SP ID="P7_SP00248" HPOS="279" VPOS="2215" WIDTH="26"/>
						<String ID="P7_ST00291" HPOS="305" VPOS="2183" WIDTH="153" HEIGHT="30" CONTENT="durchaus" WC="0.99" CC="06001460"/>
						<SP ID="P7_SP00249" HPOS="458" VPOS="2215" WIDTH="28"/>
						<String ID="P7_ST00292" HPOS="486" VPOS="2185" WIDTH="81" HEIGHT="29" CONTENT="nicht" WC="1.00" CC="30000"/>
						<SP ID="P7_SP00250" HPOS="567" VPOS="2215" WIDTH="27"/>
						<String ID="P7_ST00293" HPOS="594" VPOS="2186" WIDTH="107" HEIGHT="28" CONTENT="immer" WC="1.00" CC="00000"/>
						<SP ID="P7_SP00251" HPOS="701" VPOS="2215" WIDTH="27"/>
						<String ID="P7_ST00294" HPOS="728" VPOS="2193" WIDTH="34" HEIGHT="21" CONTENT="so" WC="1.00" CC="00"/>
						<SP ID="P7_SP00252" HPOS="762" VPOS="2215" WIDTH="27"/>
						<String ID="P7_ST00295" HPOS="789" VPOS="2185" WIDTH="76" HEIGHT="29" CONTENT="kurz" WC="0.99" CC="0600"/>
						<SP ID="P7_SP00253" HPOS="865" VPOS="2215" WIDTH="26"/>
						<String ID="P7_ST00296" HPOS="891" VPOS="2193" WIDTH="38" HEIGHT="21" CONTENT="zu" WC="0.69" CC="06"/>
						<SP ID="P7_SP00254" HPOS="929" VPOS="2215" WIDTH="26"/>
						<String ID="P7_ST00297" HPOS="955" VPOS="2186" WIDTH="66" HEIGHT="28" CONTENT="sein" WC="0.99" CC="0050"/>
					</TextLine>
					<TextLine ID="P7_TL00044" HPOS="126" VPOS="2232" WIDTH="895" HEIGHT="38">
						<String ID="P7_ST00298" HPOS="126" VPOS="2232" WIDTH="139" HEIGHT="34" CONTENT="braucht," WC="0.99" CC="03360600"/>
						<SP ID="P7_SP00255" HPOS="265" VPOS="2266" WIDTH="29"/>
						<String ID="P7_ST00299" HPOS="294" VPOS="2234" WIDTH="61" HEIGHT="28" CONTENT="wie" WC="1.00" CC="000"/>
						<SP ID="P7_SP00256" HPOS="355" VPOS="2266" WIDTH="30"/>
						<String ID="P7_ST00300" HPOS="385" VPOS="2242" WIDTH="71" HEIGHT="21" CONTENT="man" WC="0.98" CC="004"/>
						<SP ID="P7_SP00257" HPOS="456" VPOS="2266" WIDTH="29"/>
						<String ID="P7_ST00301" HPOS="485" VPOS="2235" WIDTH="193" HEIGHT="31" CONTENT="gewöhnlich" WC="0.99" CC="0000064523"/>
						<SP ID="P7_SP00258" HPOS="678" VPOS="2266" WIDTH="30"/>
						<String ID="P7_ST00302" HPOS="708" VPOS="2236" WIDTH="155" HEIGHT="34" CONTENT="annimmt," WC="0.99" CC="47500000"/>
						<SP ID="P7_SP00259" HPOS="863" VPOS="2270" WIDTH="31"/>
						<String ID="P7_ST00303" HPOS="894" VPOS="2237" WIDTH="37" HEIGHT="33" CONTENT="ja," WC="0.95" CC="623"/>
						<SP ID="P7_SP00260" HPOS="931" VPOS="2270" WIDTH="32"/>
						<String ID="P7_ST00304" HPOS="963" VPOS="2235" WIDTH="58" HEIGHT="30" CONTENT="daß" WC="0.99" CC="020"/>
					</TextLine>
					<TextLine ID="P7_TL00045" HPOS="126" VPOS="2284" WIDTH="895" HEIGHT="36">
						<String ID="P7_ST00305" HPOS="126" VPOS="2292" WIDTH="33" HEIGHT="20" CONTENT="er" WC="0.79" CC="40"/>
						<SP ID="P7_SP00261" HPOS="159" VPOS="2312" WIDTH="18"/>
						<String ID="P7_ST00306" HPOS="177" VPOS="2285" WIDTH="30" HEIGHT="27" CONTENT="in" WC="0.77" CC="04"/>
						<SP ID="P7_SP00262" HPOS="207" VPOS="2312" WIDTH="21"/>
						<String ID="P7_ST00307" HPOS="228" VPOS="2292" WIDTH="55" HEIGHT="24" CONTENT="gar" WC="0.99" CC="030"/>
						<SP ID="P7_SP00263" HPOS="283" VPOS="2316" WIDTH="18"/>
						<String ID="P7_ST00308" HPOS="301" VPOS="2284" WIDTH="82" HEIGHT="29" CONTENT="nicht" WC="0.98" CC="66000"/>
						<SP ID="P7_SP00264" HPOS="383" VPOS="2316" WIDTH="22"/>
						<String ID="P7_ST00309" HPOS="405" VPOS="2284" WIDTH="137" HEIGHT="29" CONTENT="seltenen" WC="0.99" CC="00300705"/>
						<SP ID="P7_SP00265" HPOS="542" VPOS="2316" WIDTH="20"/>
						<String ID="P7_ST00310" HPOS="562" VPOS="2285" WIDTH="103" HEIGHT="30" CONTENT="Fällen" WC="0.98" CC="502520"/>
						<SP ID="P7_SP00266" HPOS="665" VPOS="2316" WIDTH="17"/>
						<String ID="P7_ST00311" HPOS="682" VPOS="2294" WIDTH="102" HEIGHT="25" CONTENT="genau" WC="0.99" CC="00026"/>
						<SP ID="P7_SP00267" HPOS="784" VPOS="2319" WIDTH="20"/>
						<String ID="P7_ST00312" HPOS="804" VPOS="2294" WIDTH="35" HEIGHT="21" CONTENT="so" WC="0.81" CC="03"/>
						<SP ID="P7_SP00268" HPOS="839" VPOS="2319" WIDTH="19"/>
						<String ID="P7_ST00313" HPOS="858" VPOS="2286" WIDTH="83" HEIGHT="34" CONTENT="fehlt," WC="0.98" CC="607403"/>
						<SP ID="P7_SP00269" HPOS="941" VPOS="2320" WIDTH="20"/>
						<String ID="P7_ST00314" HPOS="961" VPOS="2288" WIDTH="60" HEIGHT="27" CONTENT="wie" WC="0.99" CC="010"/>
					</TextLine>
					<TextLine ID="P7_TL00046" HPOS="127" VPOS="2334" WIDTH="894" HEIGHT="34">
						<String ID="P7_ST00315" HPOS="127" VPOS="2336" WIDTH="51" HEIGHT="29" CONTENT="der" WC="0.96" CC="712"/>
						<SP ID="P7_SP00270" HPOS="178" VPOS="2365" WIDTH="17"/>
						<String ID="P7_ST00316" HPOS="195" VPOS="2342" WIDTH="62" HEIGHT="20" CONTENT="von" WC="0.97" CC="006"/>
						<SP ID="P7_SP00271" HPOS="257" VPOS="2365" WIDTH="19"/>
						<String ID="P7_ST00317" HPOS="276" VPOS="2334" WIDTH="53" HEIGHT="29" CONTENT="der" WC="0.99" CC="011"/>
						<SP ID="P7_SP00272" HPOS="329" VPOS="2365" WIDTH="17"/>
						<String ID="P7_ST00318" HPOS="346" VPOS="2334" WIDTH="183" HEIGHT="33" CONTENT="Sympathie" WC="1.00" CC="000000440"/>
						<SP ID="P7_SP00273" HPOS="529" VPOS="2367" WIDTH="19"/>
						<String ID="P7_ST00319" HPOS="548" VPOS="2334" WIDTH="74" HEIGHT="30" CONTENT="oder" WC="1.00" CC="2000"/>
						<SP ID="P7_SP00274" HPOS="622" VPOS="2367" WIDTH="20"/>
						<String ID="P7_ST00320" HPOS="642" VPOS="2335" WIDTH="52" HEIGHT="29" CONTENT="der" WC="1.00" CC="010"/>
						<SP ID="P7_SP00275" HPOS="694" VPOS="2367" WIDTH="17"/>
						<String ID="P7_ST00321" HPOS="711" VPOS="2336" WIDTH="232" HEIGHT="32" CONTENT="gewöhnlichen" WC="1.00" CC="000005342300"/>
						<SP ID="P7_SP00276" HPOS="943" VPOS="2368" WIDTH="18"/>
						<String ID="P7_ST00322" HPOS="961" VPOS="2336" WIDTH="40" HEIGHT="28" CONTENT="An" SUBS_TYPE="HypPart1" SUBS_CONTENT="Anziehung" WC="0.96" CC="07"/>
						<HYP HPOS="1001" VPOS="2336" WIDTH="20" CONTENT="-"/>
					</TextLine>
					<TextLine ID="P7_TL00047" HPOS="126" VPOS="2383" WIDTH="894" HEIGHT="37">
						<String ID="P7_ST00323" HPOS="126" VPOS="2383" WIDTH="131" HEIGHT="33" CONTENT="ziehung" SUBS_TYPE="HypPart2" SUBS_CONTENT="Anziehung" WC="0.99" CC="0070740"/>
						<SP ID="P7_SP00277" HPOS="257" VPOS="2416" WIDTH="22"/>
						<String ID="P7_ST00324" HPOS="279" VPOS="2392" WIDTH="54" HEIGHT="20" CONTENT="zur" WC="0.98" CC="050"/>
						<SP ID="P7_SP00278" HPOS="333" VPOS="2416" WIDTH="22"/>
						<String ID="P7_ST00325" HPOS="355" VPOS="2383" WIDTH="162" HEIGHT="33" CONTENT="Begierde." WC="1.00" CC="020010023"/>
						<SP ID="P7_SP00279" HPOS="517" VPOS="2416" WIDTH="40"/>
						<String ID="P7_ST00326" HPOS="557" VPOS="2385" WIDTH="39" HEIGHT="29" CONTENT="Es" WC="0.76" CC="40"/>
						<SP ID="P7_SP00280" HPOS="596" VPOS="2416" WIDTH="22"/>
						<String ID="P7_ST00327" HPOS="618" VPOS="2386" WIDTH="39" HEIGHT="28" CONTENT="ist" WC="1.00" CC="010"/>
						<SP ID="P7_SP00281" HPOS="657" VPOS="2416" WIDTH="20"/>
						<String ID="P7_ST00328" HPOS="677" VPOS="2385" WIDTH="82" HEIGHT="29" CONTENT="nicht" WC="0.98" CC="70340"/>
						<SP ID="P7_SP00282" HPOS="759" VPOS="2416" WIDTH="21"/>
						<String ID="P7_ST00329" HPOS="780" VPOS="2385" WIDTH="240" HEIGHT="35" CONTENT="gerechtfertigt," WC="1.00" CC="001006070204000"/>
					</TextLine>
					<TextLine ID="P7_TL00048" HPOS="128" VPOS="2433" WIDTH="895" HEIGHT="38">
						<String ID="P7_ST00330" HPOS="128" VPOS="2441" WIDTH="55" HEIGHT="21" CONTENT="aus" WC="0.97" CC="350"/>
						<SP ID="P7_SP00283" HPOS="183" VPOS="2462" WIDTH="30"/>
						<String ID="P7_ST00331" HPOS="213" VPOS="2433" WIDTH="52" HEIGHT="30" CONTENT="der" WC="0.97" CC="017"/>
						<SP ID="P7_SP00284" HPOS="265" VPOS="2463" WIDTH="29"/>
						<String ID="P7_ST00332" HPOS="294" VPOS="2434" WIDTH="262" HEIGHT="33" CONTENT="überwiegenden" WC="1.00" CC="0000060003005"/>
						<SP ID="P7_SP00285" HPOS="556" VPOS="2467" WIDTH="31"/>
						<String ID="P7_ST00333" HPOS="587" VPOS="2435" WIDTH="174" HEIGHT="33" CONTENT="Häufigkeit" WC="0.99" CC="7347000000"/>
						<SP ID="P7_SP00286" HPOS="761" VPOS="2468" WIDTH="29"/>
						<String ID="P7_ST00334" HPOS="790" VPOS="2435" WIDTH="53" HEIGHT="30" CONTENT="der" WC="1.00" CC="000"/>
						<SP ID="P7_SP00287" HPOS="843" VPOS="2468" WIDTH="29"/>
						<String ID="P7_ST00335" HPOS="872" VPOS="2435" WIDTH="92" HEIGHT="36" CONTENT="Fälle," WC="0.99" CC="603400"/>
						<SP ID="P7_SP00288" HPOS="964" VPOS="2471" WIDTH="28"/>
						<String ID="P7_ST00336" HPOS="992" VPOS="2438" WIDTH="31" HEIGHT="27" CONTENT="in" WC="0.80" CC="21"/>
					</TextLine>
					<TextLine ID="P7_TL00049" HPOS="128" VPOS="2483" WIDTH="895" HEIGHT="36">
						<String ID="P7_ST00337" HPOS="128" VPOS="2483" WIDTH="100" HEIGHT="29" CONTENT="denen" WC="0.99" CC="00401"/>
						<SP ID="P7_SP00289" HPOS="228" VPOS="2512" WIDTH="23"/>
						<String ID="P7_ST00338" HPOS="251" VPOS="2484" WIDTH="95" HEIGHT="29" CONTENT="Liebe" WC="1.00" CC="02000"/>
						<SP ID="P7_SP00290" HPOS="346" VPOS="2513" WIDTH="26"/>
						<String ID="P7_ST00339" HPOS="372" VPOS="2484" WIDTH="60" HEIGHT="29" CONTENT="und" WC="0.96" CC="550"/>
						<SP ID="P7_SP00291" HPOS="432" VPOS="2513" WIDTH="26"/>
						<String ID="P7_ST00340" HPOS="458" VPOS="2484" WIDTH="153" HEIGHT="33" CONTENT="Begierde" WC="1.00" CC="00030201"/>
						<SP ID="P7_SP00292" HPOS="611" VPOS="2517" WIDTH="26"/>
						<String ID="P7_ST00341" HPOS="637" VPOS="2485" WIDTH="89" HEIGHT="29" CONTENT="Hand" WC="0.98" CC="7040"/>
						<SP ID="P7_SP00293" HPOS="726" VPOS="2517" WIDTH="26"/>
						<String ID="P7_ST00342" HPOS="752" VPOS="2486" WIDTH="29" HEIGHT="28" CONTENT="in" WC="1.00" CC="00"/>
						<SP ID="P7_SP00294" HPOS="781" VPOS="2517" WIDTH="27"/>
						<String ID="P7_ST00343" HPOS="808" VPOS="2485" WIDTH="90" HEIGHT="30" CONTENT="Hand" WC="0.98" CC="6020"/>
						<SP ID="P7_SP00295" HPOS="898" VPOS="2517" WIDTH="26"/>
						<String ID="P7_ST00344" HPOS="924" VPOS="2486" WIDTH="99" HEIGHT="33" CONTENT="gehen" WC="0.99" CC="00600"/>
					</TextLine>
					<TextLine ID="P7_TL00050" HPOS="128" VPOS="2533" WIDTH="895" HEIGHT="36">
						<String ID="P7_ST00345" HPOS="128" VPOS="2533" WIDTH="61" HEIGHT="29" CONTENT="und" WC="0.95" CC="660"/>
						<SP ID="P7_SP00296" HPOS="189" VPOS="2562" WIDTH="18"/>
						<String ID="P7_ST00346" HPOS="207" VPOS="2542" WIDTH="70" HEIGHT="20" CONTENT="man" WC="0.96" CC="036"/>
						<SP ID="P7_SP00297" HPOS="277" VPOS="2562" WIDTH="19"/>
						<String ID="P7_ST00347" HPOS="296" VPOS="2534" WIDTH="188" HEIGHT="30" CONTENT="zweifelhaft" WC="0.99" CC="09227000654"/>
						<SP ID="P7_SP00298" HPOS="484" VPOS="2564" WIDTH="19"/>
						<String ID="P7_ST00348" HPOS="503" VPOS="2536" WIDTH="65" HEIGHT="28" CONTENT="sein" WC="0.99" CC="0050"/>
						<SP ID="P7_SP00299" HPOS="568" VPOS="2564" WIDTH="15"/>
						<String ID="P7_ST00349" HPOS="583" VPOS="2536" WIDTH="91" HEIGHT="33" CONTENT="kann," WC="0.98" CC="00064"/>
						<SP ID="P7_SP00300" HPOS="674" VPOS="2569" WIDTH="19"/>
						<String ID="P7_ST00350" HPOS="693" VPOS="2535" WIDTH="123" HEIGHT="29" CONTENT="worauf" WC="0.98" CC="005056"/>
						<SP ID="P7_SP00301" HPOS="816" VPOS="2569" WIDTH="18"/>
						<String ID="P7_ST00351" HPOS="834" VPOS="2536" WIDTH="54" HEIGHT="29" CONTENT="der" WC="1.00" CC="000"/>
						<SP ID="P7_SP00302" HPOS="888" VPOS="2569" WIDTH="19"/>
						<String ID="P7_ST00352" HPOS="907" VPOS="2536" WIDTH="97" HEIGHT="33" CONTENT="Haupt" SUBS_TYPE="HypPart1" SUBS_CONTENT="Hauptton" WC="0.98" CC="70600"/>
						<HYP HPOS="1004" VPOS="2536" WIDTH="19" CONTENT="-"/>
					</TextLine>
					<TextLine ID="P7_TL00051" HPOS="128" VPOS="2584" WIDTH="895" HEIGHT="36">
						<String ID="P7_ST00353" HPOS="128" VPOS="2586" WIDTH="52" HEIGHT="27" CONTENT="ton" SUBS_TYPE="HypPart2" SUBS_CONTENT="Hauptton" WC="0.96" CC="063"/>
						<SP ID="P7_SP00303" HPOS="180" VPOS="2613" WIDTH="20"/>
						<String ID="P7_ST00354" HPOS="200" VPOS="2584" WIDTH="82" HEIGHT="34" CONTENT="liegt," WC="0.99" CC="400002"/>
						<SP ID="P7_SP00304" HPOS="282" VPOS="2618" WIDTH="21"/>
						<String ID="P7_ST00355" HPOS="303" VPOS="2586" WIDTH="66" HEIGHT="28" CONTENT="eine" WC="0.98" CC="2420"/>
						<SP ID="P7_SP00305" HPOS="369" VPOS="2618" WIDTH="25"/>
						<String ID="P7_ST00356" HPOS="394" VPOS="2585" WIDTH="281" HEIGHT="33" CONTENT="Gesetzmäßigkeit" WC="1.00" CC="601100000000000"/>
						<SP ID="P7_SP00306" HPOS="675" VPOS="2618" WIDTH="20"/>
						<String ID="P7_ST00357" HPOS="695" VPOS="2585" WIDTH="47" HEIGHT="29" CONTENT="für" WC="0.97" CC="600"/>
						<SP ID="P7_SP00307" HPOS="742" VPOS="2618" WIDTH="22"/>
						<String ID="P7_ST00358" HPOS="764" VPOS="2585" WIDTH="56" HEIGHT="30" CONTENT="alle" WC="0.97" CC="6410"/>
						<SP ID="P7_SP00308" HPOS="820" VPOS="2618" WIDTH="23"/>
						<String ID="P7_ST00359" HPOS="843" VPOS="2586" WIDTH="180" HEIGHT="34" CONTENT="abzuleiten," WC="1.00" CC="00053010050"/>
					</TextLine>
					<TextLine ID="P7_TL00052" HPOS="129" VPOS="2634" WIDTH="895" HEIGHT="36">
						<String ID="P7_ST00360" HPOS="129" VPOS="2634" WIDTH="59" HEIGHT="29" CONTENT="und" WC="0.97" CC="060"/>
						<SP ID="P7_SP00309" HPOS="188" VPOS="2663" WIDTH="25"/>
						<String ID="P7_ST00361" HPOS="213" VPOS="2635" WIDTH="47" HEIGHT="29" CONTENT="die" WC="0.97" CC="051"/>
						<SP ID="P7_SP00310" HPOS="260" VPOS="2664" WIDTH="24"/>
						<String ID="P7_ST00362" HPOS="284" VPOS="2634" WIDTH="172" HEIGHT="34" CONTENT="Erfahrung" WC="0.99" CC="536100740"/>
						<SP ID="P7_SP00311" HPOS="456" VPOS="2668" WIDTH="23"/>
						<String ID="P7_ST00363" HPOS="479" VPOS="2637" WIDTH="89" HEIGHT="33" CONTENT="zeigt," WC="0.99" CC="007050"/>
						<SP ID="P7_SP00312" HPOS="568" VPOS="2670" WIDTH="24"/>
						<String ID="P7_ST00364" HPOS="592" VPOS="2635" WIDTH="57" HEIGHT="28" CONTENT="daß" WC="1.00" CC="000"/>
						<SP ID="P7_SP00313" HPOS="649" VPOS="2670" WIDTH="24"/>
						<String ID="P7_ST00365" HPOS="673" VPOS="2636" WIDTH="48" HEIGHT="29" CONTENT="die" WC="1.00" CC="000"/>
						<SP ID="P7_SP00314" HPOS="721" VPOS="2670" WIDTH="21"/>
						<String ID="P7_ST00366" HPOS="742" VPOS="2635" WIDTH="93" HEIGHT="32" CONTENT="Liebe" WC="0.99" CC="03200"/>
						<SP ID="P7_SP00315" HPOS="835" VPOS="2670" WIDTH="23"/>
						<String ID="P7_ST00367" HPOS="858" VPOS="2636" WIDTH="64" HEIGHT="29" CONTENT="sich" WC="0.98" CC="0342"/>
						<SP ID="P7_SP00316" HPOS="922" VPOS="2670" WIDTH="25"/>
						<String ID="P7_ST00368" HPOS="947" VPOS="2635" WIDTH="77" HEIGHT="30" CONTENT="auch" WC="0.97" CC="0623"/>
					</TextLine>
					<TextLine ID="P7_TL00053" HPOS="128" VPOS="2685" WIDTH="897" HEIGHT="33">
						<String ID="P7_ST00369" HPOS="128" VPOS="2693" WIDTH="39" HEIGHT="21" CONTENT="zu" WC="0.73" CC="05"/>
						<SP ID="P7_SP00317" HPOS="167" VPOS="2714" WIDTH="35"/>
						<String ID="P7_ST00370" HPOS="202" VPOS="2687" WIDTH="99" HEIGHT="27" CONTENT="einem" WC="0.99" CC="04600"/>
						<SP ID="P7_SP00318" HPOS="301" VPOS="2714" WIDTH="35"/>
						<String ID="P7_ST00371" HPOS="336" VPOS="2694" WIDTH="80" HEIGHT="24" CONTENT="ganz" WC="0.98" CC="0530"/>
						<SP ID="P7_SP00319" HPOS="416" VPOS="2718" WIDTH="37"/>
						<String ID="P7_ST00372" HPOS="453" VPOS="2686" WIDTH="229" HEIGHT="32" CONTENT="selbständigen" WC="1.00" CC="4000000605005"/>
						<SP ID="P7_SP00320" HPOS="682" VPOS="2718" WIDTH="38"/>
						<String ID="P7_ST00373" HPOS="720" VPOS="2685" WIDTH="109" HEIGHT="30" CONTENT="Gefühl" WC="0.99" CC="706000"/>
						<SP ID="P7_SP00321" HPOS="829" VPOS="2718" WIDTH="38"/>
						<String ID="P7_ST00374" HPOS="867" VPOS="2686" WIDTH="158" HEIGHT="29" CONTENT="ausbilden" WC="0.99" CC="160044024"/>
					</TextLine>
					<TextLine ID="P7_TL00054" HPOS="125" VPOS="2734" WIDTH="899" HEIGHT="35">
						<String ID="P7_ST00375" HPOS="125" VPOS="2734" WIDTH="93" HEIGHT="35" CONTENT="kann," WC="0.97" CC="92560"/>
						<SP ID="P7_SP00322" HPOS="218" VPOS="2769" WIDTH="29"/>
						<String ID="P7_ST00376" HPOS="247" VPOS="2736" WIDTH="56" HEIGHT="29" CONTENT="das" WC="0.99" CC="030"/>
						<SP ID="P7_SP00323" HPOS="303" VPOS="2769" WIDTH="27"/>
						<String ID="P7_ST00377" HPOS="330" VPOS="2736" WIDTH="145" HEIGHT="29" CONTENT="keinerlei" WC="0.99" CC="056810506"/>
						<SP ID="P7_SP00324" HPOS="475" VPOS="2769" WIDTH="27"/>
						<String ID="P7_ST00378" HPOS="502" VPOS="2735" WIDTH="279" HEIGHT="33" CONTENT="Nutzanwendung" WC="0.99" CC="0600560050560"/>
						<SP ID="P7_SP00325" HPOS="781" VPOS="2769" WIDTH="30"/>
						<String ID="P7_ST00379" HPOS="811" VPOS="2735" WIDTH="50" HEIGHT="29" CONTENT="auf" WC="0.93" CC="566"/>
						<SP ID="P7_SP00326" HPOS="861" VPOS="2769" WIDTH="28"/>
						<String ID="P7_ST00380" HPOS="889" VPOS="2735" WIDTH="47" HEIGHT="30" CONTENT="die" WC="0.98" CC="060"/>
						<SP ID="P7_SP00327" HPOS="936" VPOS="2769" WIDTH="29"/>
						<String ID="P7_ST00381" HPOS="965" VPOS="2735" WIDTH="40" HEIGHT="29" CONTENT="Be" SUBS_TYPE="HypPart1" SUBS_CONTENT="Begierde" WC="0.98" CC="20"/>
						<HYP HPOS="1005" VPOS="2735" WIDTH="19" CONTENT="-"/>
					</TextLine>
					<TextLine ID="P7_TL00055" HPOS="129" VPOS="2785" WIDTH="896" HEIGHT="33">
						<String ID="P7_ST00382" HPOS="129" VPOS="2785" WIDTH="105" HEIGHT="33" CONTENT="gierde" SUBS_TYPE="HypPart2" SUBS_CONTENT="Begierde" WC="1.00" CC="002000"/>
						<SP ID="P7_SP00328" HPOS="234" VPOS="2818" WIDTH="32"/>
						<String ID="P7_ST00383" HPOS="266" VPOS="2786" WIDTH="117" HEIGHT="29" CONTENT="bedarf." WC="0.99" CC="0103063"/>
						<SP ID="P7_SP00329" HPOS="383" VPOS="2818" WIDTH="42"/>
						<String ID="P7_ST00384" HPOS="425" VPOS="2786" WIDTH="73" HEIGHT="30" CONTENT="Dies" WC="0.99" CC="0600"/>
						<SP ID="P7_SP00330" HPOS="498" VPOS="2818" WIDTH="32"/>
						<String ID="P7_ST00385" HPOS="530" VPOS="2788" WIDTH="39" HEIGHT="28" CONTENT="ist" WC="0.98" CC="600"/>
						<SP ID="P7_SP00331" HPOS="569" VPOS="2818" WIDTH="33"/>
						<String ID="P7_ST00386" HPOS="602" VPOS="2786" WIDTH="77" HEIGHT="29" CONTENT="auch" WC="0.97" CC="3604"/>
						<SP ID="P7_SP00332" HPOS="679" VPOS="2818" WIDTH="33"/>
						<String ID="P7_ST00387" HPOS="712" VPOS="2785" WIDTH="187" HEIGHT="31" CONTENT="theoretisch" WC="0.99" CC="05022016006"/>
						<SP ID="P7_SP00333" HPOS="899" VPOS="2818" WIDTH="32"/>
						<String ID="P7_ST00388" HPOS="931" VPOS="2785" WIDTH="94" HEIGHT="33" CONTENT="völlig" WC="0.99" CC="004500"/>
					</TextLine>
					<TextLine ID="P7_TL00056" HPOS="130" VPOS="2835" WIDTH="894" HEIGHT="35">
						<String ID="P7_ST00389" HPOS="130" VPOS="2835" WIDTH="76" HEIGHT="34" CONTENT="klar," WC="0.98" CC="35202"/>
						<SP ID="P7_SP00334" HPOS="206" VPOS="2869" WIDTH="32"/>
						<String ID="P7_ST00390" HPOS="238" VPOS="2835" WIDTH="79" HEIGHT="29" CONTENT="denn" WC="0.98" CC="0051"/>
						<SP ID="P7_SP00335" HPOS="317" VPOS="2869" WIDTH="31"/>
						<String ID="P7_ST00391" HPOS="348" VPOS="2844" WIDTH="33" HEIGHT="21" CONTENT="es" WC="1.00" CC="00"/>
						<SP ID="P7_SP00336" HPOS="381" VPOS="2869" WIDTH="30"/>
						<String ID="P7_ST00392" HPOS="411" VPOS="2836" WIDTH="39" HEIGHT="29" CONTENT="ist" WC="0.98" CC="500"/>
						<SP ID="P7_SP00337" HPOS="450" VPOS="2869" WIDTH="30"/>
						<String ID="P7_ST00393" HPOS="480" VPOS="2835" WIDTH="81" HEIGHT="30" CONTENT="nicht" WC="0.98" CC="34160"/>
						<SP ID="P7_SP00338" HPOS="561" VPOS="2869" WIDTH="33"/>
						<String ID="P7_ST00394" HPOS="594" VPOS="2835" WIDTH="193" HEIGHT="35" CONTENT="einzusehen," WC="0.99" CC="05703101050"/>
						<SP ID="P7_SP00339" HPOS="787" VPOS="2870" WIDTH="31"/>
						<String ID="P7_ST00395" HPOS="818" VPOS="2844" WIDTH="121" HEIGHT="20" CONTENT="warum" WC="0.99" CC="00060"/>
						<SP ID="P7_SP00340" HPOS="939" VPOS="2870" WIDTH="32"/>
						<String ID="P7_ST00396" HPOS="971" VPOS="2835" WIDTH="53" HEIGHT="29" CONTENT="der" WC="1.00" CC="000"/>
					</TextLine>
					<TextLine ID="P7_TL00057" HPOS="131" VPOS="2885" WIDTH="893" HEIGHT="34">
						<String ID="P7_ST00397" HPOS="131" VPOS="2885" WIDTH="135" HEIGHT="29" CONTENT="sexuelle" WC="1.00" CC="00060210"/>
						<SP ID="P7_SP00341" HPOS="266" VPOS="2914" WIDTH="27"/>
						<String ID="P7_ST00398" HPOS="293" VPOS="2885" WIDTH="100" HEIGHT="34" CONTENT="Trieb," WC="1.00" CC="004000"/>
						<SP ID="P7_SP00342" HPOS="393" VPOS="2919" WIDTH="30"/>
						<String ID="P7_ST00399" HPOS="423" VPOS="2886" WIDTH="52" HEIGHT="28" CONTENT="der" WC="1.00" CC="000"/>
						<SP ID="P7_SP00343" HPOS="475" VPOS="2919" WIDTH="30"/>
						<String ID="P7_ST00400" HPOS="505" VPOS="2894" WIDTH="35" HEIGHT="21" CONTENT="so" WC="1.00" CC="00"/>
						<SP ID="P7_SP00344" HPOS="540" VPOS="2919" WIDTH="28"/>
						<String ID="P7_ST00401" HPOS="568" VPOS="2886" WIDTH="79" HEIGHT="29" CONTENT="viele" WC="0.99" CC="00040"/>
						<SP ID="P7_SP00345" HPOS="647" VPOS="2919" WIDTH="28"/>
						<String ID="P7_ST00402" HPOS="675" VPOS="2888" WIDTH="30" HEIGHT="27" CONTENT="in" WC="0.59" CC="43"/>
						<SP ID="P7_SP00346" HPOS="705" VPOS="2919" WIDTH="27"/>
						<String ID="P7_ST00403" HPOS="732" VPOS="2886" WIDTH="65" HEIGHT="29" CONTENT="sich" WC="0.97" CC="0446"/>
						<SP ID="P7_SP00347" HPOS="797" VPOS="2919" WIDTH="30"/>
						<String ID="P7_ST00404" HPOS="827" VPOS="2885" WIDTH="180" HEIGHT="33" CONTENT="abgeschlos" SUBS_TYPE="HypPart1" SUBS_CONTENT="abgeschlossene" WC="1.00" CC="3000007004"/>
						<HYP HPOS="1007" VPOS="2885" WIDTH="17" CONTENT="-"/>
					</TextLine>
					<TextLine ID="P7_TL00058" HPOS="131" VPOS="2934" WIDTH="894" HEIGHT="36">
						<String ID="P7_ST00405" HPOS="131" VPOS="2943" WIDTH="74" HEIGHT="22" CONTENT="sene" SUBS_TYPE="HypPart2" SUBS_CONTENT="abgeschlossene" WC="0.98" CC="0090"/>
						<SP ID="P7_SP00348" HPOS="205" VPOS="2965" WIDTH="19"/>
						<String ID="P7_ST00406" HPOS="224" VPOS="2934" WIDTH="170" HEIGHT="34" CONTENT="Bildungen" WC="0.98" CC="364066904"/>
						<SP ID="P7_SP00349" HPOS="394" VPOS="2968" WIDTH="19"/>
						<String ID="P7_ST00407" HPOS="413" VPOS="2936" WIDTH="225" HEIGHT="34" CONTENT="hervorbringt," WC="1.00" CC="4000600057000"/>
						<SP ID="P7_SP00350" HPOS="638" VPOS="2970" WIDTH="20"/>
						<String ID="P7_ST00408" HPOS="658" VPOS="2936" WIDTH="116" HEIGHT="33" CONTENT="gerade" WC="1.00" CC="000000"/>
						<SP ID="P7_SP00351" HPOS="774" VPOS="2970" WIDTH="21"/>
						<String ID="P7_ST00409" HPOS="795" VPOS="2936" WIDTH="63" HEIGHT="29" CONTENT="hier" WC="0.97" CC="5413"/>
						<SP ID="P7_SP00352" HPOS="858" VPOS="2970" WIDTH="20"/>
						<String ID="P7_ST00410" HPOS="878" VPOS="2937" WIDTH="67" HEIGHT="27" CONTENT="eine" WC="0.97" CC="0660"/>
						<SP ID="P7_SP00353" HPOS="945" VPOS="2970" WIDTH="21"/>
						<String ID="P7_ST00411" HPOS="966" VPOS="2934" WIDTH="40" HEIGHT="30" CONTENT="An" SUBS_TYPE="HypPart1" SUBS_CONTENT="Anleihe" WC="0.96" CC="07"/>
						<HYP HPOS="1006" VPOS="2934" WIDTH="19" CONTENT="-"/>
					</TextLine>
					<TextLine ID="P7_TL00059" HPOS="130" VPOS="2984" WIDTH="894" HEIGHT="34">
						<String ID="P7_ST00412" HPOS="130" VPOS="2985" WIDTH="78" HEIGHT="29" CONTENT="leihe" SUBS_TYPE="HypPart2" SUBS_CONTENT="Anleihe" WC="0.98" CC="40250"/>
						<SP ID="P7_SP00354" HPOS="208" VPOS="3014" WIDTH="19"/>
						<String ID="P7_ST00413" HPOS="227" VPOS="2994" WIDTH="38" HEIGHT="19" CONTENT="zu" WC="0.75" CC="05"/>
						<SP ID="P7_SP00355" HPOS="265" VPOS="3014" WIDTH="19"/>
						<String ID="P7_ST00414" HPOS="284" VPOS="2985" WIDTH="130" HEIGHT="29" CONTENT="machen" WC="0.99" CC="030605"/>
						<SP ID="P7_SP00356" HPOS="414" VPOS="3014" WIDTH="19"/>
						<String ID="P7_ST00415" HPOS="433" VPOS="2994" WIDTH="192" HEIGHT="24" CONTENT="gezwungen" WC="1.00" CC="000065000"/>
						<SP ID="P7_SP00357" HPOS="625" VPOS="3018" WIDTH="19"/>
						<String ID="P7_ST00416" HPOS="644" VPOS="2988" WIDTH="65" HEIGHT="27" CONTENT="sein" WC="0.97" CC="0236"/>
						<SP ID="P7_SP00358" HPOS="709" VPOS="3018" WIDTH="20"/>
						<String ID="P7_ST00417" HPOS="729" VPOS="2986" WIDTH="64" HEIGHT="29" CONTENT="soll." WC="0.99" CC="02034"/>
						<SP ID="P7_SP00359" HPOS="793" VPOS="3018" WIDTH="41"/>
						<String ID="P7_ST00418" HPOS="834" VPOS="2985" WIDTH="85" HEIGHT="29" CONTENT="Auch" WC="0.97" CC="0636"/>
						<SP ID="P7_SP00360" HPOS="919" VPOS="3018" WIDTH="20"/>
						<String ID="P7_ST00419" HPOS="939" VPOS="2984" WIDTH="64" HEIGHT="29" CONTENT="Men" SUBS_TYPE="HypPart1" SUBS_CONTENT="Menschen," WC="0.98" CC="006"/>
						<HYP HPOS="1003" VPOS="2984" WIDTH="21" CONTENT="-"/>
					</TextLine>
					<TextLine ID="P7_TL00060" HPOS="131" VPOS="3035" WIDTH="894" HEIGHT="34">
						<String ID="P7_ST00420" HPOS="131" VPOS="3035" WIDTH="104" HEIGHT="34" CONTENT="schen," SUBS_TYPE="HypPart2" SUBS_CONTENT="Menschen," WC="0.99" CC="250000"/>
						<SP ID="P7_SP00361" HPOS="235" VPOS="3069" WIDTH="18"/>
						<String ID="P7_ST00421" HPOS="253" VPOS="3035" WIDTH="47" HEIGHT="29" CONTENT="die" WC="0.99" CC="020"/>
						<SP ID="P7_SP00362" HPOS="300" VPOS="3069" WIDTH="19"/>
						<String ID="P7_ST00422" HPOS="319" VPOS="3037" WIDTH="87" HEIGHT="28" CONTENT="sonst" WC="0.99" CC="00700"/>
						<SP ID="P7_SP00363" HPOS="406" VPOS="3069" WIDTH="15"/>
						<String ID="P7_ST00423" HPOS="421" VPOS="3037" WIDTH="41" HEIGHT="26" CONTENT="im" WC="1.00" CC="00"/>
						<SP ID="P7_SP00364" HPOS="462" VPOS="3069" WIDTH="18"/>
						<String ID="P7_ST00424" HPOS="480" VPOS="3035" WIDTH="156" HEIGHT="29" CONTENT="sexuellen" WC="1.00" CC="000005403"/>
						<SP ID="P7_SP00365" HPOS="636" VPOS="3069" WIDTH="16"/>
						<String ID="P7_ST00425" HPOS="652" VPOS="3035" WIDTH="138" HEIGHT="30" CONTENT="Verkehr" WC="0.99" CC="0050040"/>
						<SP ID="P7_SP00366" HPOS="790" VPOS="3069" WIDTH="18"/>
						<String ID="P7_ST00426" HPOS="808" VPOS="3037" WIDTH="54" HEIGHT="28" CONTENT="mit" WC="1.00" CC="000"/>
						<SP ID="P7_SP00367" HPOS="862" VPOS="3069" WIDTH="19"/>
						<String ID="P7_ST00427" HPOS="881" VPOS="3035" WIDTH="144" HEIGHT="28" CONTENT="einander" WC="0.99" CC="04407003"/>
					</TextLine>
					<TextLine ID="P7_TL00061" HPOS="131" VPOS="3084" WIDTH="895" HEIGHT="35">
						<String ID="P7_ST00428" HPOS="131" VPOS="3086" WIDTH="118" HEIGHT="33" CONTENT="stehen," WC="0.99" CC="0016060"/>
						<SP ID="P7_SP00368" HPOS="249" VPOS="3119" WIDTH="26"/>
						<String ID="P7_ST00429" HPOS="275" VPOS="3085" WIDTH="123" HEIGHT="29" CONTENT="erleben" WC="0.99" CC="0420007"/>
						<SP ID="P7_SP00369" HPOS="398" VPOS="3119" WIDTH="27"/>
						<String ID="P7_ST00430" HPOS="425" VPOS="3084" WIDTH="104" HEIGHT="33" CONTENT="häufig" WC="0.97" CC="604729"/>
						<SP ID="P7_SP00370" HPOS="529" VPOS="3119" WIDTH="26"/>
						<String ID="P7_ST00431" HPOS="555" VPOS="3085" WIDTH="218" HEIGHT="34" CONTENT="Augenblicke," WC="1.00" CC="000030512000"/>
						<SP ID="P7_SP00371" HPOS="773" VPOS="3119" WIDTH="27"/>
						<String ID="P7_ST00432" HPOS="800" VPOS="3086" WIDTH="28" HEIGHT="27" CONTENT="in" WC="0.51" CC="36"/>
						<SP ID="P7_SP00372" HPOS="828" VPOS="3119" WIDTH="28"/>
						<String ID="P7_ST00433" HPOS="856" VPOS="3085" WIDTH="98" HEIGHT="29" CONTENT="denen" WC="0.99" CC="03007"/>
						<SP ID="P7_SP00373" HPOS="954" VPOS="3119" WIDTH="28"/>
						<String ID="P7_ST00434" HPOS="982" VPOS="3086" WIDTH="44" HEIGHT="27" CONTENT="sie" WC="0.97" CC="240"/>
					</TextLine>
					<TextLine ID="P7_TL00062" HPOS="133" VPOS="3135" WIDTH="893" HEIGHT="29">
						<String ID="P7_ST00435" HPOS="133" VPOS="3135" WIDTH="55" HEIGHT="29" CONTENT="das" WC="1.00" CC="000"/>
						<SP ID="P7_SP00374" HPOS="188" VPOS="3164" WIDTH="26"/>
						<String ID="P7_ST00436" HPOS="214" VPOS="3135" WIDTH="110" HEIGHT="29" CONTENT="Gefühl" WC="0.99" CC="400003"/>
						<SP ID="P7_SP00375" HPOS="324" VPOS="3164" WIDTH="22"/>
						<String ID="P7_ST00437" HPOS="346" VPOS="3135" WIDTH="54" HEIGHT="29" CONTENT="der" WC="0.99" CC="020"/>
						<SP ID="P7_SP00376" HPOS="400" VPOS="3164" WIDTH="23"/>
						<String ID="P7_ST00438" HPOS="423" VPOS="3135" WIDTH="93" HEIGHT="29" CONTENT="Liebe" WC="0.99" CC="36000"/>
						<SP ID="P7_SP00377" HPOS="516" VPOS="3164" WIDTH="24"/>
						<String ID="P7_ST00439" HPOS="540" VPOS="3143" WIDTH="38" HEIGHT="20" CONTENT="zu" WC="0.68" CC="06"/>
						<SP ID="P7_SP00378" HPOS="578" VPOS="3164" WIDTH="24"/>
						<String ID="P7_ST00440" HPOS="602" VPOS="3135" WIDTH="144" HEIGHT="29" CONTENT="einander" WC="0.99" CC="03705000"/>
						<SP ID="P7_SP00379" HPOS="746" VPOS="3164" WIDTH="24"/>
						<String ID="P7_ST00441" HPOS="770" VPOS="3135" WIDTH="99" HEIGHT="29" CONTENT="haben" WC="0.97" CC="77007"/>
						<SP ID="P7_SP00380" HPOS="869" VPOS="3164" WIDTH="25"/>
						<String ID="P7_ST00442" HPOS="894" VPOS="3135" WIDTH="60" HEIGHT="27" CONTENT="und" WC="0.95" CC="560"/>
						<SP ID="P7_SP00381" HPOS="954" VPOS="3164" WIDTH="25"/>
						<String ID="P7_ST00443" HPOS="979" VPOS="3135" WIDTH="47" HEIGHT="27" CONTENT="die" WC="0.98" CC="050"/>
					</TextLine>
					<TextLine ID="P7_TL00063" HPOS="133" VPOS="3184" WIDTH="894" HEIGHT="33">
						<String ID="P7_ST00444" HPOS="133" VPOS="3185" WIDTH="80" HEIGHT="30" CONTENT="doch" WC="0.98" CC="0009"/>
						<SP ID="P7_SP00382" HPOS="213" VPOS="3215" WIDTH="46"/>
						<String ID="P7_ST00445" HPOS="259" VPOS="3186" WIDTH="197" HEIGHT="31" CONTENT="keineswegs" WC="0.99" CC="0046170002"/>
						<SP ID="P7_SP00383" HPOS="456" VPOS="3217" WIDTH="50"/>
						<String ID="P7_ST00446" HPOS="506" VPOS="3187" WIDTH="28" HEIGHT="26" CONTENT="in" WC="0.60" CC="07"/>
						<SP ID="P7_SP00384" HPOS="534" VPOS="3217" WIDTH="51"/>
						<String ID="P7_ST00447" HPOS="585" VPOS="3184" WIDTH="152" HEIGHT="33" CONTENT="Begierde" WC="0.99" CC="00960002"/>
						<SP ID="P7_SP00385" HPOS="737" VPOS="3217" WIDTH="52"/>
						<String ID="P7_ST00448" HPOS="789" VPOS="3184" WIDTH="238" HEIGHT="32" CONTENT="umzuschlagen" WC="0.99" CC="700600655006"/>
					</TextLine>
					<TextLine ID="P7_TL00064" HPOS="132" VPOS="3233" WIDTH="895" HEIGHT="37">
						<String ID="P7_ST00449" HPOS="132" VPOS="3235" WIDTH="139" HEIGHT="35" CONTENT="braucht," WC="0.99" CC="03211602"/>
						<SP ID="P7_SP00386" HPOS="271" VPOS="3270" WIDTH="21"/>
						<String ID="P7_ST00450" HPOS="292" VPOS="3235" WIDTH="134" HEIGHT="29" CONTENT="sondern" WC="0.99" CC="0360001"/>
						<SP ID="P7_SP00387" HPOS="426" VPOS="3270" WIDTH="20"/>
						<String ID="P7_ST00451" HPOS="446" VPOS="3235" WIDTH="137" HEIGHT="29" CONTENT="mühelos" WC="1.00" CC="0070000"/>
						<SP ID="P7_SP00388" HPOS="583" VPOS="3270" WIDTH="18"/>
						<String ID="P7_ST00452" HPOS="601" VPOS="3234" WIDTH="116" HEIGHT="29" CONTENT="wieder" WC="1.00" CC="000004"/>
						<SP ID="P7_SP00389" HPOS="717" VPOS="3270" WIDTH="20"/>
						<String ID="P7_ST00453" HPOS="737" VPOS="3234" WIDTH="139" HEIGHT="33" CONTENT="vergeht," WC="0.99" CC="00090600"/>
						<SP ID="P7_SP00390" HPOS="876" VPOS="3270" WIDTH="20"/>
						<String ID="P7_ST00454" HPOS="896" VPOS="3234" WIDTH="46" HEIGHT="29" CONTENT="bis" WC="0.97" CC="060"/>
						<SP ID="P7_SP00391" HPOS="942" VPOS="3270" WIDTH="22"/>
						<String ID="P7_ST00455" HPOS="964" VPOS="3233" WIDTH="63" HEIGHT="29" CONTENT="sich" WC="0.97" CC="0616"/>
					</TextLine>
					<TextLine ID="P7_TL00065" HPOS="134" VPOS="3283" WIDTH="893" HEIGHT="31">
						<String ID="P7_ST00456" HPOS="134" VPOS="3284" WIDTH="49" HEIGHT="30" CONTENT="bei" WC="0.99" CC="020"/>
						<SP ID="P7_SP00392" HPOS="183" VPOS="3314" WIDTH="28"/>
						<String ID="P7_ST00457" HPOS="211" VPOS="3286" WIDTH="98" HEIGHT="28" CONTENT="einem" WC="0.98" CC="06600"/>
						<SP ID="P7_SP00393" HPOS="309" VPOS="3314" WIDTH="29"/>
						<String ID="P7_ST00458" HPOS="338" VPOS="3285" WIDTH="134" HEIGHT="29" CONTENT="anderen" WC="0.99" CC="3600017"/>
						<SP ID="P7_SP00394" HPOS="472" VPOS="3314" WIDTH="28"/>
						<String ID="P7_ST00459" HPOS="500" VPOS="3284" WIDTH="94" HEIGHT="29" CONTENT="Anlaß" WC="0.99" CC="02500"/>
						<SP ID="P7_SP00395" HPOS="594" VPOS="3314" WIDTH="28"/>
						<String ID="P7_ST00460" HPOS="622" VPOS="3284" WIDTH="116" HEIGHT="29" CONTENT="wieder" WC="0.99" CC="050003"/>
						<SP ID="P7_SP00396" HPOS="738" VPOS="3314" WIDTH="29"/>
						<String ID="P7_ST00461" HPOS="767" VPOS="3286" WIDTH="49" HEIGHT="26" CONTENT="ein" WC="0.96" CC="046"/>
						<SP ID="P7_SP00397" HPOS="816" VPOS="3314" WIDTH="28"/>
						<String ID="P7_ST00462" HPOS="844" VPOS="3292" WIDTH="94" HEIGHT="20" CONTENT="neues" WC="0.98" CC="40700"/>
						<SP ID="P7_SP00398" HPOS="938" VPOS="3314" WIDTH="30"/>
						<String ID="P7_ST00463" HPOS="968" VPOS="3283" WIDTH="40" HEIGHT="29" CONTENT="Ge" SUBS_TYPE="HypPart1" SUBS_CONTENT="Gefühlsgebilde" WC="0.96" CC="60"/>
						<HYP HPOS="1008" VPOS="3283" WIDTH="19" CONTENT="-"/>
					</TextLine>
					<TextLine ID="P7_TL00066" HPOS="133" VPOS="3333" WIDTH="893" HEIGHT="35">
						<String ID="P7_ST00464" HPOS="133" VPOS="3335" WIDTH="201" HEIGHT="32" CONTENT="fühlsgebilde" SUBS_TYPE="HypPart2" SUBS_CONTENT="Gefühlsgebilde" WC="0.99" CC="682510002300"/>
						<SP ID="P7_SP00399" HPOS="334" VPOS="3367" WIDTH="16"/>
						<String ID="P7_ST00465" HPOS="350" VPOS="3335" WIDTH="157" HEIGHT="29" CONTENT="zwischen" WC="0.99" CC="00402207"/>
						<SP ID="P7_SP00400" HPOS="507" VPOS="3367" WIDTH="17"/>
						<String ID="P7_ST00466" HPOS="524" VPOS="3335" WIDTH="88" HEIGHT="28" CONTENT="ihnen" WC="0.98" CC="05604"/>
						<SP ID="P7_SP00401" HPOS="612" VPOS="3367" WIDTH="18"/>
						<String ID="P7_ST00467" HPOS="630" VPOS="3334" WIDTH="106" HEIGHT="34" CONTENT="auftut," WC="0.98" CC="2650604"/>
						<SP ID="P7_SP00402" HPOS="736" VPOS="3368" WIDTH="18"/>
						<String ID="P7_ST00468" HPOS="754" VPOS="3335" WIDTH="54" HEIGHT="28" CONTENT="das" WC="0.98" CC="040"/>
						<SP ID="P7_SP00403" HPOS="808" VPOS="3368" WIDTH="17"/>
						<String ID="P7_ST00469" HPOS="825" VPOS="3333" WIDTH="111" HEIGHT="29" CONTENT="anders" WC="0.99" CC="060060"/>
						<SP ID="P7_SP00404" HPOS="936" VPOS="3368" WIDTH="16"/>
						<String ID="P7_ST00470" HPOS="952" VPOS="3333" WIDTH="56" HEIGHT="28" CONTENT="kon" SUBS_TYPE="HypPart1" SUBS_CONTENT="konstruiert" WC="0.98" CC="006"/>
						<HYP HPOS="1008" VPOS="3333" WIDTH="18" CONTENT="-"/>
					</TextLine>
					<TextLine ID="P7_TL00067" HPOS="136" VPOS="3383" WIDTH="892" HEIGHT="36">
						<String ID="P7_ST00471" HPOS="136" VPOS="3385" WIDTH="123" HEIGHT="29" CONTENT="struiert" SUBS_TYPE="HypPart2" SUBS_CONTENT="konstruiert" WC="0.99" CC="03406003"/>
						<SP ID="P7_SP00405" HPOS="259" VPOS="3414" WIDTH="28"/>
						<String ID="P7_ST00472" HPOS="287" VPOS="3387" WIDTH="47" HEIGHT="32" CONTENT="ist," WC="1.00" CC="0000"/>
						<SP ID="P7_SP00406" HPOS="334" VPOS="3419" WIDTH="30"/>
						<String ID="P7_ST00473" HPOS="364" VPOS="3385" WIDTH="55" HEIGHT="29" CONTENT="das" WC="0.99" CC="020"/>
						<SP ID="P7_SP00407" HPOS="419" VPOS="3419" WIDTH="30"/>
						<String ID="P7_ST00474" HPOS="449" VPOS="3385" WIDTH="58" HEIGHT="29" CONTENT="den" WC="0.99" CC="003"/>
						<SP ID="P7_SP00408" HPOS="507" VPOS="3419" WIDTH="28"/>
						<String ID="P7_ST00475" HPOS="535" VPOS="3383" WIDTH="172" HEIGHT="30" CONTENT="Charakter" WC="1.00" CC="042310000"/>
						<SP ID="P7_SP00409" HPOS="707" VPOS="3419" WIDTH="31"/>
						<String ID="P7_ST00476" HPOS="738" VPOS="3385" WIDTH="83" HEIGHT="28" CONTENT="eines" WC="0.98" CC="05600"/>
						<SP ID="P7_SP00410" HPOS="821" VPOS="3419" WIDTH="31"/>
						<String ID="P7_ST00477" HPOS="852" VPOS="3383" WIDTH="176" HEIGHT="32" CONTENT="Vorspieles" WC="1.00" CC="0010000500"/>
					</TextLine>
					<TextLine ID="P7_TL00068" HPOS="134" VPOS="3433" WIDTH="894" HEIGHT="34">
						<String ID="P7_ST00478" HPOS="134" VPOS="3436" WIDTH="84" HEIGHT="31" CONTENT="trägt" WC="0.99" CC="60000"/>
						<SP ID="P7_SP00411" HPOS="218" VPOS="3467" WIDTH="17"/>
						<String ID="P7_ST00479" HPOS="235" VPOS="3435" WIDTH="59" HEIGHT="27" CONTENT="und" WC="0.95" CC="660"/>
						<SP ID="P7_SP00412" HPOS="294" VPOS="3467" WIDTH="18"/>
						<String ID="P7_ST00480" HPOS="312" VPOS="3436" WIDTH="77" HEIGHT="28" CONTENT="nach" WC="0.99" CC="5000"/>
						<SP ID="P7_SP00413" HPOS="389" VPOS="3467" WIDTH="20"/>
						<String ID="P7_ST00481" HPOS="409" VPOS="3436" WIDTH="110" HEIGHT="27" CONTENT="kurzer" WC="0.99" CC="060003"/>
						<SP ID="P7_SP00414" HPOS="519" VPOS="3467" WIDTH="19"/>
						<String ID="P7_ST00482" HPOS="538" VPOS="3434" WIDTH="63" HEIGHT="29" CONTENT="Zeit" WC="0.99" CC="0032"/>
						<SP ID="P7_SP00415" HPOS="601" VPOS="3467" WIDTH="18"/>
						<String ID="P7_ST00483" HPOS="619" VPOS="3435" WIDTH="82" HEIGHT="28" CONTENT="seine" WC="0.99" CC="01060"/>
						<SP ID="P7_SP00416" HPOS="701" VPOS="3467" WIDTH="19"/>
						<String ID="P7_ST00484" HPOS="720" VPOS="3434" WIDTH="87" HEIGHT="28" CONTENT="Höhe" WC="0.97" CC="7050"/>
						<SP ID="P7_SP00417" HPOS="807" VPOS="3467" WIDTH="18"/>
						<String ID="P7_ST00485" HPOS="825" VPOS="3436" WIDTH="40" HEIGHT="26" CONTENT="im" WC="0.76" CC="40"/>
						<SP ID="P7_SP00418" HPOS="865" VPOS="3467" WIDTH="16"/>
						<String ID="P7_ST00486" HPOS="881" VPOS="3433" WIDTH="131" HEIGHT="29" CONTENT="wollüsti" SUBS_TYPE="HypPart1" SUBS_CONTENT="wollüstigen" WC="0.99" CC="04430004"/>
						<HYP HPOS="1012" VPOS="3433" WIDTH="16" CONTENT="-"/>
					</TextLine>
					<TextLine ID="P7_TL00069" HPOS="135" VPOS="3483" WIDTH="893" HEIGHT="34">
						<String ID="P7_ST00487" HPOS="135" VPOS="3493" WIDTH="61" HEIGHT="23" CONTENT="gen" SUBS_TYPE="HypPart2" SUBS_CONTENT="wollüstigen" WC="0.98" CC="004"/>
						<SP ID="P7_SP00419" HPOS="196" VPOS="3516" WIDTH="18"/>
						<String ID="P7_ST00488" HPOS="214" VPOS="3484" WIDTH="253" HEIGHT="33" CONTENT="Ueberschwang" WC="0.88" CC="000010100470"/>
						<SP ID="P7_SP00420" HPOS="467" VPOS="3517" WIDTH="20"/>
						<String ID="P7_ST00489" HPOS="487" VPOS="3493" WIDTH="37" HEIGHT="20" CONTENT="zu" WC="0.67" CC="06"/>
						<SP ID="P7_SP00421" HPOS="524" VPOS="3517" WIDTH="21"/>
						<String ID="P7_ST00490" HPOS="545" VPOS="3484" WIDTH="115" HEIGHT="29" CONTENT="suchen" WC="0.99" CC="060005"/>
						<SP ID="P7_SP00422" HPOS="660" VPOS="3517" WIDTH="21"/>
						<String ID="P7_ST00491" HPOS="681" VPOS="3484" WIDTH="137" HEIGHT="32" CONTENT="genötigt" WC="0.99" CC="00680600"/>
						<SP ID="P7_SP00423" HPOS="818" VPOS="3517" WIDTH="19"/>
						<String ID="P7_ST00492" HPOS="837" VPOS="3483" WIDTH="87" HEIGHT="29" CONTENT="wird." WC="0.99" CC="00304"/>
						<SP ID="P7_SP00424" HPOS="924" VPOS="3517" WIDTH="41"/>
						<String ID="P7_ST00493" HPOS="965" VPOS="3483" WIDTH="63" HEIGHT="28" CONTENT="Das" WC="1.00" CC="000"/>
					</TextLine>
					<TextLine ID="P7_TL00070" HPOS="138" VPOS="3533" WIDTH="891" HEIGHT="33">
						<String ID="P7_ST00494" HPOS="138" VPOS="3533" WIDTH="68" HEIGHT="30" CONTENT="sind" WC="0.97" CC="0750"/>
						<SP ID="P7_SP00425" HPOS="206" VPOS="3563" WIDTH="27"/>
						<String ID="P7_ST00495" HPOS="233" VPOS="3533" WIDTH="72" HEIGHT="29" CONTENT="aber" WC="0.98" CC="4013"/>
						<SP ID="P7_SP00426" HPOS="305" VPOS="3563" WIDTH="27"/>
						<String ID="P7_ST00496" HPOS="332" VPOS="3536" WIDTH="79" HEIGHT="27" CONTENT="zwei" WC="0.99" CC="0004"/>
						<SP ID="P7_SP00427" HPOS="411" VPOS="3563" WIDTH="26"/>
						<String ID="P7_ST00497" HPOS="437" VPOS="3534" WIDTH="189" HEIGHT="32" CONTENT="selbständig" WC="1.00" CC="40000007060"/>
						<SP ID="P7_SP00428" HPOS="626" VPOS="3566" WIDTH="28"/>
						<String ID="P7_ST00498" HPOS="654" VPOS="3533" WIDTH="246" HEIGHT="30" CONTENT="nebeneinander" WC="1.00" CC="4000606700000"/>
						<SP ID="P7_SP00429" HPOS="900" VPOS="3566" WIDTH="28"/>
						<String ID="P7_ST00499" HPOS="928" VPOS="3533" WIDTH="85" HEIGHT="29" CONTENT="beste" SUBS_TYPE="HypPart1" SUBS_CONTENT="bestehende" WC="0.99" CC="00204"/>
						<HYP HPOS="1013" VPOS="3533" WIDTH="16" CONTENT="-"/>
					</TextLine>
					<TextLine ID="P7_TL00071" HPOS="137" VPOS="3582" WIDTH="893" HEIGHT="34">
						<String ID="P7_ST00500" HPOS="137" VPOS="3582" WIDTH="100" HEIGHT="29" CONTENT="hende" SUBS_TYPE="HypPart2" SUBS_CONTENT="bestehende" WC="0.98" CC="60600"/>
						<SP ID="P7_SP00430" HPOS="237" VPOS="3611" WIDTH="17"/>
						<String ID="P7_ST00501" HPOS="254" VPOS="3582" WIDTH="176" HEIGHT="34" CONTENT="Komplexe," WC="1.00" CC="040050000"/>
						<SP ID="P7_SP00431" HPOS="430" VPOS="3616" WIDTH="19"/>
						<String ID="P7_ST00502" HPOS="449" VPOS="3584" WIDTH="47" HEIGHT="29" CONTENT="die" WC="0.98" CC="050"/>
						<SP ID="P7_SP00432" HPOS="496" VPOS="3616" WIDTH="18"/>
						<String ID="P7_ST00503" HPOS="514" VPOS="3592" WIDTH="71" HEIGHT="20" CONTENT="man" WC="0.96" CC="054"/>
						<SP ID="P7_SP00433" HPOS="585" VPOS="3616" WIDTH="17"/>
						<String ID="P7_ST00504" HPOS="602" VPOS="3583" WIDTH="82" HEIGHT="29" CONTENT="nicht" WC="0.99" CC="60010"/>
						<SP ID="P7_SP00434" HPOS="684" VPOS="3616" WIDTH="18"/>
						<String ID="P7_ST00505" HPOS="702" VPOS="3585" WIDTH="29" HEIGHT="26" CONTENT="in" WC="0.64" CC="06"/>
						<SP ID="P7_SP00435" HPOS="731" VPOS="3616" WIDTH="19"/>
						<String ID="P7_ST00506" HPOS="750" VPOS="3583" WIDTH="66" HEIGHT="28" CONTENT="eine" WC="0.97" CC="0761"/>
						<SP ID="P7_SP00436" HPOS="816" VPOS="3616" WIDTH="18"/>
						<String ID="P7_ST00507" HPOS="834" VPOS="3582" WIDTH="196" HEIGHT="33" CONTENT="notwendige" WC="1.00" CC="5300060100"/>
					</TextLine>
					<TextLine ID="P7_TL00072" HPOS="139" VPOS="3631" WIDTH="891" HEIGHT="34">
						<String ID="P7_ST00508" HPOS="139" VPOS="3632" WIDTH="225" HEIGHT="31" CONTENT="Abhängigkeit" WC="1.00" CC="003059000010"/>
						<SP ID="P7_SP00437" HPOS="364" VPOS="3663" WIDTH="18"/>
						<String ID="P7_ST00509" HPOS="382" VPOS="3641" WIDTH="61" HEIGHT="19" CONTENT="von" WC="0.96" CC="047"/>
						<SP ID="P7_SP00438" HPOS="443" VPOS="3663" WIDTH="22"/>
						<String ID="P7_ST00510" HPOS="465" VPOS="3634" WIDTH="144" HEIGHT="28" CONTENT="einander" WC="0.99" CC="00433001"/>
						<SP ID="P7_SP00439" HPOS="609" VPOS="3663" WIDTH="20"/>
						<String ID="P7_ST00511" HPOS="629" VPOS="3634" WIDTH="128" HEIGHT="31" CONTENT="bringen" WC="0.99" CC="0046005"/>
						<SP ID="P7_SP00440" HPOS="757" VPOS="3665" WIDTH="23"/>
						<String ID="P7_ST00512" HPOS="780" VPOS="3631" WIDTH="74" HEIGHT="34" CONTENT="darf," WC="0.98" CC="01362"/>
						<SP ID="P7_SP00441" HPOS="854" VPOS="3665" WIDTH="22"/>
						<String ID="P7_ST00513" HPOS="876" VPOS="3631" WIDTH="78" HEIGHT="29" CONTENT="ohne" WC="0.99" CC="0040"/>
						<SP ID="P7_SP00442" HPOS="954" VPOS="3665" WIDTH="22"/>
						<String ID="P7_ST00514" HPOS="976" VPOS="3632" WIDTH="54" HEIGHT="28" CONTENT="das" WC="1.00" CC="000"/>
					</TextLine>
					<TextLine ID="P7_TL00073" HPOS="139" VPOS="3681" WIDTH="892" HEIGHT="33">
						<String ID="P7_ST00515" HPOS="139" VPOS="3681" WIDTH="202" HEIGHT="29" CONTENT="Verständnis" WC="1.00" CC="00000070500"/>
						<SP ID="P7_SP00443" HPOS="341" VPOS="3710" WIDTH="14"/>
						<String ID="P7_ST00516" HPOS="355" VPOS="3690" WIDTH="62" HEIGHT="20" CONTENT="von" WC="0.95" CC="057"/>
						<SP ID="P7_SP00444" HPOS="417" VPOS="3710" WIDTH="18"/>
						<String ID="P7_ST00517" HPOS="435" VPOS="3683" WIDTH="52" HEIGHT="27" CONTENT="der" WC="0.99" CC="001"/>
						<SP ID="P7_SP00445" HPOS="487" VPOS="3710" WIDTH="16"/>
						<String ID="P7_ST00518" HPOS="503" VPOS="3683" WIDTH="94" HEIGHT="29" CONTENT="Liebe" WC="1.00" CC="03000"/>
						<SP ID="P7_SP00446" HPOS="597" VPOS="3712" WIDTH="17"/>
						<String ID="P7_ST00519" HPOS="614" VPOS="3692" WIDTH="37" HEIGHT="20" CONTENT="zu" WC="0.98" CC="00"/>
						<SP ID="P7_SP00447" HPOS="651" VPOS="3712" WIDTH="15"/>
						<String ID="P7_ST00520" HPOS="666" VPOS="3683" WIDTH="122" HEIGHT="31" CONTENT="trüben;" WC="1.00" CC="0000023"/>
						<SP ID="P7_SP00448" HPOS="788" VPOS="3714" WIDTH="20"/>
						<String ID="P7_ST00521" HPOS="808" VPOS="3682" WIDTH="139" HEIGHT="32" CONTENT="dagegen" WC="0.99" CC="1200006"/>
						<SP ID="P7_SP00449" HPOS="947" VPOS="3714" WIDTH="18"/>
						<String ID="P7_ST00522" HPOS="965" VPOS="3681" WIDTH="66" HEIGHT="29" CONTENT="sind" WC="0.98" CC="0630"/>
					</TextLine>
					<TextLine ID="P7_TL00074" HPOS="139" VPOS="3731" WIDTH="893" HEIGHT="30">
						<String ID="P7_ST00523" HPOS="139" VPOS="3733" WIDTH="44" HEIGHT="26" CONTENT="sie" WC="1.00" CC="000"/>
						<SP ID="P7_SP00450" HPOS="183" VPOS="3759" WIDTH="29"/>
						<String ID="P7_ST00524" HPOS="212" VPOS="3731" WIDTH="303" HEIGHT="29" CONTENT="selbstverständlich" WC="1.00" CC="000000000000505305"/>
						<SP ID="P7_SP00451" HPOS="515" VPOS="3760" WIDTH="29"/>
						<String ID="P7_ST00525" HPOS="544" VPOS="3733" WIDTH="89" HEIGHT="28" CONTENT="beide" WC="1.00" CC="00000"/>
						<SP ID="P7_SP00452" HPOS="633" VPOS="3761" WIDTH="29"/>
						<String ID="P7_ST00526" HPOS="662" VPOS="3732" WIDTH="95" HEIGHT="29" CONTENT="durch" WC="0.99" CC="05004"/>
						<SP ID="P7_SP00453" HPOS="757" VPOS="3761" WIDTH="30"/>
						<String ID="P7_ST00527" HPOS="787" VPOS="3731" WIDTH="47" HEIGHT="30" CONTENT="die" WC="0.99" CC="030"/>
						<SP ID="P7_SP00454" HPOS="834" VPOS="3761" WIDTH="27"/>
						<String ID="P7_ST00528" HPOS="861" VPOS="3731" WIDTH="171" HEIGHT="30" CONTENT="Sexualität" WC="1.00" CC="0002045000"/>
					</TextLine>
					<TextLine ID="P7_TL00075" HPOS="141" VPOS="3779" WIDTH="891" HEIGHT="35">
						<String ID="P7_ST00529" HPOS="141" VPOS="3780" WIDTH="133" HEIGHT="34" CONTENT="bedingt," WC="1.00" CC="00004000"/>
						<SP ID="P7_SP00455" HPOS="274" VPOS="3814" WIDTH="19"/>
						<String ID="P7_ST00530" HPOS="293" VPOS="3780" WIDTH="67" HEIGHT="29" CONTENT="sind" WC="0.98" CC="0560"/>
						<SP ID="P7_SP00456" HPOS="360" VPOS="3814" WIDTH="15"/>
						<String ID="P7_ST00531" HPOS="375" VPOS="3779" WIDTH="178" HEIGHT="31" CONTENT="Sexualität." WC="0.99" CC="00053350043"/>
						<SP ID="P7_SP00457" HPOS="553" VPOS="3814" WIDTH="28"/>
						<String ID="P7_ST00532" HPOS="581" VPOS="3782" WIDTH="61" HEIGHT="29" CONTENT="Der" WC="0.99" CC="200"/>
						<SP ID="P7_SP00458" HPOS="642" VPOS="3814" WIDTH="19"/>
						<String ID="P7_ST00533" HPOS="661" VPOS="3781" WIDTH="233" HEIGHT="33" CONTENT="hochgebildete" WC="1.00" CC="0400000260000"/>
						<SP ID="P7_SP00459" HPOS="894" VPOS="3814" WIDTH="16"/>
						<String ID="P7_ST00534" HPOS="910" VPOS="3780" WIDTH="105" HEIGHT="32" CONTENT="Kultur" SUBS_TYPE="HypPart1" SUBS_CONTENT="Kulturmensch" WC="0.99" CC="063070"/>
						<HYP HPOS="1015" VPOS="3780" WIDTH="17" CONTENT="-"/>
					</TextLine>
					<TextLine ID="P7_TL00076" HPOS="139" VPOS="3829" WIDTH="890" HEIGHT="36">
						<String ID="P7_ST00535" HPOS="139" VPOS="3830" WIDTH="126" HEIGHT="28" CONTENT="mensch" SUBS_TYPE="HypPart2" SUBS_CONTENT="Kulturmensch" WC="0.99" CC="007001"/>
						<SP ID="P7_SP00460" HPOS="265" VPOS="3858" WIDTH="25"/>
						<String ID="P7_ST00536" HPOS="290" VPOS="3829" WIDTH="79" HEIGHT="29" CONTENT="wird" WC="0.99" CC="0220"/>
						<SP ID="P7_SP00461" HPOS="369" VPOS="3858" WIDTH="25"/>
						<String ID="P7_ST00537" HPOS="394" VPOS="3829" WIDTH="87" HEIGHT="29" CONTENT="dafür" WC="0.99" CC="00500"/>
						<SP ID="P7_SP00462" HPOS="481" VPOS="3858" WIDTH="26"/>
						<String ID="P7_ST00538" HPOS="507" VPOS="3829" WIDTH="98" HEIGHT="34" CONTENT="Sorge" WC="1.00" CC="00002"/>
						<SP ID="P7_SP00463" HPOS="605" VPOS="3863" WIDTH="23"/>
						<String ID="P7_ST00539" HPOS="628" VPOS="3833" WIDTH="117" HEIGHT="32" CONTENT="tragen," WC="0.99" CC="0350070"/>
						<SP ID="P7_SP00464" HPOS="745" VPOS="3865" WIDTH="26"/>
						<String ID="P7_ST00540" HPOS="771" VPOS="3831" WIDTH="56" HEIGHT="29" CONTENT="alle" WC="0.98" CC="1410"/>
						<SP ID="P7_SP00465" HPOS="827" VPOS="3865" WIDTH="26"/>
						<String ID="P7_ST00541" HPOS="853" VPOS="3830" WIDTH="157" HEIGHT="30" CONTENT="Aeußerun" SUBS_TYPE="HypPart1" SUBS_CONTENT="Aeußerungen" WC="0.84" CC="00400016"/>
						<HYP HPOS="1010" VPOS="3830" WIDTH="19" CONTENT="-"/>
					</TextLine>
					<TextLine ID="P7_TL00077" HPOS="140" VPOS="3879" WIDTH="890" HEIGHT="34">
						<String ID="P7_ST00542" HPOS="140" VPOS="3887" WIDTH="60" HEIGHT="24" CONTENT="gen" SUBS_TYPE="HypPart2" SUBS_CONTENT="Aeußerungen" WC="0.78" CC="006"/>
						<SP ID="P7_SP00466" HPOS="200" VPOS="3911" WIDTH="21"/>
						<String ID="P7_ST00543" HPOS="221" VPOS="3879" WIDTH="54" HEIGHT="29" CONTENT="des" WC="1.00" CC="010"/>
						<SP ID="P7_SP00467" HPOS="275" VPOS="3911" WIDTH="22"/>
						<String ID="P7_ST00544" HPOS="297" VPOS="3879" WIDTH="229" HEIGHT="30" CONTENT="Sexualtriebes" WC="1.00" CC="0006642200000"/>
						<SP ID="P7_SP00468" HPOS="526" VPOS="3911" WIDTH="22"/>
						<String ID="P7_ST00545" HPOS="548" VPOS="3888" WIDTH="38" HEIGHT="20" CONTENT="zu" WC="0.75" CC="05"/>
						<SP ID="P7_SP00469" HPOS="586" VPOS="3911" WIDTH="22"/>
						<String ID="P7_ST00546" HPOS="608" VPOS="3881" WIDTH="266" HEIGHT="32" CONTENT="berücksichtigen" WC="1.00" CC="000000042001005"/>
						<SP ID="P7_SP00470" HPOS="874" VPOS="3913" WIDTH="24"/>
						<String ID="P7_ST00547" HPOS="898" VPOS="3881" WIDTH="59" HEIGHT="28" CONTENT="und" WC="0.96" CC="650"/>
						<SP ID="P7_SP00471" HPOS="957" VPOS="3913" WIDTH="23"/>
						<String ID="P7_ST00548" HPOS="980" VPOS="3890" WIDTH="50" HEIGHT="20" CONTENT="wo" WC="0.78" CC="04"/>
					</TextLine>
					<TextLine ID="P7_TL00078" HPOS="141" VPOS="3929" WIDTH="889" HEIGHT="35">
						<String ID="P7_ST00549" HPOS="141" VPOS="3929" WIDTH="47" HEIGHT="28" CONTENT="die" WC="0.98" CC="031"/>
						<SP ID="P7_SP00472" HPOS="188" VPOS="3957" WIDTH="28"/>
						<String ID="P7_ST00550" HPOS="216" VPOS="3931" WIDTH="66" HEIGHT="27" CONTENT="eine" WC="0.99" CC="0500"/>
						<SP ID="P7_SP00473" HPOS="282" VPOS="3958" WIDTH="24"/>
						<String ID="P7_ST00551" HPOS="306" VPOS="3929" WIDTH="260" HEIGHT="32" CONTENT="Selbständigkeit" WC="1.00" CC="003000050000040"/>
						<SP ID="P7_SP00474" HPOS="566" VPOS="3961" WIDTH="25"/>
						<String ID="P7_ST00552" HPOS="591" VPOS="3930" WIDTH="149" HEIGHT="34" CONTENT="verlangt," WC="0.99" CC="001435004"/>
						<SP ID="P7_SP00475" HPOS="740" VPOS="3964" WIDTH="27"/>
						<String ID="P7_ST00553" HPOS="767" VPOS="3933" WIDTH="42" HEIGHT="27" CONTENT="sie" WC="0.99" CC="010"/>
						<SP ID="P7_SP00476" HPOS="809" VPOS="3964" WIDTH="27"/>
						<String ID="P7_ST00554" HPOS="836" VPOS="3930" WIDTH="81" HEIGHT="29" CONTENT="nicht" WC="0.97" CC="65060"/>
						<SP ID="P7_SP00477" HPOS="917" VPOS="3964" WIDTH="26"/>
						<String ID="P7_ST00555" HPOS="943" VPOS="3933" WIDTH="87" HEIGHT="27" CONTENT="unter" WC="0.98" CC="63220"/>
					</TextLine>
				</TextBlock>
				<TextBlock ID="P7_TB00003" HPOS="1095" VPOS="129" WIDTH="905" HEIGHT="3829" STYLEREFS="TXT_0 PAR_BLOCK">
					<TextLine ID="P7_TL00079" HPOS="1104" VPOS="130" WIDTH="892" HEIGHT="36">
						<String ID="P7_ST00556" HPOS="1104" VPOS="130" WIDTH="48" HEIGHT="30" CONTENT="die" WC="0.97" CC="062"/>
						<SP ID="P7_SP00478" HPOS="1152" VPOS="160" WIDTH="18"/>
						<String ID="P7_ST00557" HPOS="1170" VPOS="131" WIDTH="115" HEIGHT="29" CONTENT="andere" WC="0.99" CC="360010"/>
						<SP ID="P7_SP00479" HPOS="1285" VPOS="160" WIDTH="18"/>
						<String ID="P7_ST00558" HPOS="1303" VPOS="133" WIDTH="152" HEIGHT="33" CONTENT="zwingen," WC="0.99" CC="20320160"/>
						<SP ID="P7_SP00480" HPOS="1455" VPOS="166" WIDTH="17"/>
						<String ID="P7_ST00559" HPOS="1472" VPOS="132" WIDTH="45" HEIGHT="29" CONTENT="sei" WC="0.99" CC="030"/>
						<SP ID="P7_SP00481" HPOS="1517" VPOS="166" WIDTH="16"/>
						<String ID="P7_ST00560" HPOS="1533" VPOS="140" WIDTH="42" HEIGHT="25" CONTENT="es," WC="0.99" CC="003"/>
						<SP ID="P7_SP00482" HPOS="1575" VPOS="166" WIDTH="20"/>
						<String ID="P7_ST00561" HPOS="1595" VPOS="132" WIDTH="58" HEIGHT="28" CONTENT="daß" WC="1.00" CC="000"/>
						<SP ID="P7_SP00483" HPOS="1653" VPOS="166" WIDTH="19"/>
						<String ID="P7_ST00562" HPOS="1672" VPOS="140" WIDTH="31" HEIGHT="21" CONTENT="er" WC="1.00" CC="00"/>
						<SP ID="P7_SP00484" HPOS="1703" VPOS="166" WIDTH="20"/>
						<String ID="P7_ST00563" HPOS="1723" VPOS="132" WIDTH="65" HEIGHT="29" CONTENT="dies" WC="1.00" CC="0000"/>
						<SP ID="P7_SP00485" HPOS="1788" VPOS="166" WIDTH="18"/>
						<String ID="P7_ST00564" HPOS="1806" VPOS="130" WIDTH="96" HEIGHT="30" CONTENT="durch" WC="0.99" CC="05000"/>
						<SP ID="P7_SP00486" HPOS="1902" VPOS="166" WIDTH="19"/>
						<String ID="P7_ST00565" HPOS="1921" VPOS="131" WIDTH="57" HEIGHT="30" CONTENT="Ver" SUBS_TYPE="HypPart1" SUBS_CONTENT="Verdrängung" WC="0.98" CC="004"/>
						<HYP HPOS="1978" VPOS="131" WIDTH="18" CONTENT="-"/>
					</TextLine>
					<TextLine ID="P7_TL00080" HPOS="1104" VPOS="180" WIDTH="892" HEIGHT="35">
						<String ID="P7_ST00566" HPOS="1104" VPOS="180" WIDTH="161" HEIGHT="34" CONTENT="drängung" SUBS_TYPE="HypPart2" SUBS_CONTENT="Verdrängung" WC="1.00" CC="00060200"/>
						<SP ID="P7_SP00487" HPOS="1265" VPOS="214" WIDTH="21"/>
						<String ID="P7_ST00567" HPOS="1286" VPOS="182" WIDTH="140" HEIGHT="33" CONTENT="erreicht," WC="0.99" CC="000405052"/>
						<SP ID="P7_SP00488" HPOS="1426" VPOS="215" WIDTH="20"/>
						<String ID="P7_ST00568" HPOS="1446" VPOS="182" WIDTH="44" HEIGHT="29" CONTENT="sei" WC="1.00" CC="000"/>
						<SP ID="P7_SP00489" HPOS="1490" VPOS="215" WIDTH="19"/>
						<String ID="P7_ST00569" HPOS="1509" VPOS="189" WIDTH="43" HEIGHT="26" CONTENT="es," WC="0.98" CC="112"/>
						<SP ID="P7_SP00490" HPOS="1552" VPOS="215" WIDTH="21"/>
						<String ID="P7_ST00570" HPOS="1573" VPOS="181" WIDTH="58" HEIGHT="29" CONTENT="daß" WC="0.97" CC="530"/>
						<SP ID="P7_SP00491" HPOS="1631" VPOS="215" WIDTH="21"/>
						<String ID="P7_ST00571" HPOS="1652" VPOS="182" WIDTH="85" HEIGHT="29" CONTENT="diese" WC="1.00" CC="00000"/>
						<SP ID="P7_SP00492" HPOS="1737" VPOS="215" WIDTH="21"/>
						<String ID="P7_ST00572" HPOS="1758" VPOS="181" WIDTH="95" HEIGHT="29" CONTENT="durch" WC="0.98" CC="36020"/>
						<SP ID="P7_SP00493" HPOS="1853" VPOS="215" WIDTH="21"/>
						<String ID="P7_ST00573" HPOS="1874" VPOS="181" WIDTH="48" HEIGHT="29" CONTENT="die" WC="0.98" CC="500"/>
						<SP ID="P7_SP00494" HPOS="1922" VPOS="215" WIDTH="22"/>
						<String ID="P7_ST00574" HPOS="1944" VPOS="181" WIDTH="35" HEIGHT="29" CONTENT="be" SUBS_TYPE="HypPart1" SUBS_CONTENT="besonderen" WC="0.98" CC="00"/>
						<HYP HPOS="1979" VPOS="181" WIDTH="17" CONTENT="-"/>
					</TextLine>
					<TextLine ID="P7_TL00081" HPOS="1103" VPOS="229" WIDTH="894" HEIGHT="35">
						<String ID="P7_ST00575" HPOS="1103" VPOS="229" WIDTH="153" HEIGHT="30" CONTENT="sonderen" SUBS_TYPE="HypPart2" SUBS_CONTENT="besonderen" WC="0.99" CC="80000023"/>
						<SP ID="P7_SP00495" HPOS="1256" VPOS="259" WIDTH="18"/>
						<String ID="P7_ST00576" HPOS="1274" VPOS="230" WIDTH="169" HEIGHT="31" CONTENT="Umstände" WC="1.00" CC="00000301"/>
						<SP ID="P7_SP00496" HPOS="1443" VPOS="261" WIDTH="20"/>
						<String ID="P7_ST00577" HPOS="1463" VPOS="231" WIDTH="83" HEIGHT="30" CONTENT="nicht" WC="0.97" CC="74350"/>
						<SP ID="P7_SP00497" HPOS="1546" VPOS="261" WIDTH="18"/>
						<String ID="P7_ST00578" HPOS="1564" VPOS="233" WIDTH="84" HEIGHT="31" CONTENT="nötig" WC="0.98" CC="60050"/>
						<SP ID="P7_SP00498" HPOS="1648" VPOS="264" WIDTH="17"/>
						<String ID="P7_ST00579" HPOS="1665" VPOS="231" WIDTH="87" HEIGHT="29" CONTENT="wird." WC="0.99" CC="02002"/>
						<SP ID="P7_SP00499" HPOS="1752" VPOS="264" WIDTH="38"/>
						<String ID="P7_ST00580" HPOS="1790" VPOS="230" WIDTH="89" HEIGHT="29" CONTENT="Denn" WC="0.98" CC="3105"/>
						<SP ID="P7_SP00500" HPOS="1879" VPOS="264" WIDTH="18"/>
						<String ID="P7_ST00581" HPOS="1897" VPOS="238" WIDTH="100" HEIGHT="24" CONTENT="genau" WC="0.97" CC="02846"/>
					</TextLine>
					<TextLine ID="P7_TL00082" HPOS="1103" VPOS="279" WIDTH="894" HEIGHT="36">
						<String ID="P7_ST00582" HPOS="1103" VPOS="288" WIDTH="45" HEIGHT="25" CONTENT="so," WC="0.98" CC="031"/>
						<SP ID="P7_SP00501" HPOS="1148" VPOS="313" WIDTH="17"/>
						<String ID="P7_ST00583" HPOS="1165" VPOS="281" WIDTH="60" HEIGHT="28" CONTENT="wie" WC="0.99" CC="020"/>
						<SP ID="P7_SP00502" HPOS="1225" VPOS="313" WIDTH="16"/>
						<String ID="P7_ST00584" HPOS="1241" VPOS="281" WIDTH="40" HEIGHT="28" CONTENT="im" WC="0.88" CC="20"/>
						<SP ID="P7_SP00503" HPOS="1281" VPOS="313" WIDTH="15"/>
						<String ID="P7_ST00585" HPOS="1296" VPOS="281" WIDTH="105" HEIGHT="29" CONTENT="Leben" WC="0.99" CC="00004"/>
						<SP ID="P7_SP00504" HPOS="1401" VPOS="313" WIDTH="18"/>
						<String ID="P7_ST00586" HPOS="1419" VPOS="282" WIDTH="114" HEIGHT="28" CONTENT="zweier" WC="0.99" CC="000304"/>
						<SP ID="P7_SP00505" HPOS="1533" VPOS="313" WIDTH="19"/>
						<String ID="P7_ST00587" HPOS="1552" VPOS="280" WIDTH="178" HEIGHT="35" CONTENT="Menschen," WC="0.99" CC="006021142"/>
						<SP ID="P7_SP00506" HPOS="1730" VPOS="315" WIDTH="19"/>
						<String ID="P7_ST00588" HPOS="1749" VPOS="280" WIDTH="48" HEIGHT="29" CONTENT="die" WC="0.98" CC="041"/>
						<SP ID="P7_SP00507" HPOS="1797" VPOS="315" WIDTH="18"/>
						<String ID="P7_ST00589" HPOS="1815" VPOS="281" WIDTH="85" HEIGHT="28" CONTENT="sonst" WC="1.00" CC="00000"/>
						<SP ID="P7_SP00508" HPOS="1900" VPOS="315" WIDTH="19"/>
						<String ID="P7_ST00590" HPOS="1919" VPOS="279" WIDTH="78" HEIGHT="29" CONTENT="auch" WC="0.97" CC="0436"/>
					</TextLine>
					<TextLine ID="P7_TL00083" HPOS="1104" VPOS="329" WIDTH="893" HEIGHT="34">
						<String ID="P7_ST00591" HPOS="1104" VPOS="329" WIDTH="54" HEIGHT="29" CONTENT="der" WC="0.99" CC="011"/>
						<SP ID="P7_SP00509" HPOS="1158" VPOS="358" WIDTH="25"/>
						<String ID="P7_ST00592" HPOS="1183" VPOS="329" WIDTH="153" HEIGHT="33" CONTENT="Begierde" WC="1.00" CC="00050000"/>
						<SP ID="P7_SP00510" HPOS="1336" VPOS="362" WIDTH="25"/>
						<String ID="P7_ST00593" HPOS="1361" VPOS="330" WIDTH="198" HEIGHT="30" CONTENT="aufeinander" WC="0.99" CC="04620412002"/>
						<SP ID="P7_SP00511" HPOS="1559" VPOS="362" WIDTH="26"/>
						<String ID="P7_ST00594" HPOS="1585" VPOS="331" WIDTH="134" HEIGHT="32" CONTENT="ergeben" WC="1.00" CC="0200005"/>
						<SP ID="P7_SP00512" HPOS="1719" VPOS="363" WIDTH="26"/>
						<String ID="P7_ST00595" HPOS="1745" VPOS="330" WIDTH="76" HEIGHT="33" CONTENT="sind," WC="0.99" CC="01602"/>
						<SP ID="P7_SP00513" HPOS="1821" VPOS="363" WIDTH="25"/>
						<String ID="P7_ST00596" HPOS="1846" VPOS="329" WIDTH="135" HEIGHT="30" CONTENT="selbstän" SUBS_TYPE="HypPart1" SUBS_CONTENT="selbständige" WC="0.99" CC="00500006"/>
						<HYP HPOS="1981" VPOS="329" WIDTH="16" CONTENT="-"/>
					</TextLine>
					<TextLine ID="P7_TL00084" HPOS="1107" VPOS="379" WIDTH="888" HEIGHT="34">
						<String ID="P7_ST00597" HPOS="1107" VPOS="379" WIDTH="69" HEIGHT="32" CONTENT="dige" SUBS_TYPE="HypPart2" SUBS_CONTENT="selbständige" WC="0.97" CC="9500"/>
						<SP ID="P7_SP00514" HPOS="1176" VPOS="411" WIDTH="30"/>
						<String ID="P7_ST00598" HPOS="1206" VPOS="380" WIDTH="315" HEIGHT="33" CONTENT="Liebesaugenblicke" WC="1.00" CC="05000036002940501"/>
						<SP ID="P7_SP00515" HPOS="1521" VPOS="413" WIDTH="31"/>
						<String ID="P7_ST00599" HPOS="1552" VPOS="381" WIDTH="203" HEIGHT="29" CONTENT="vorkommen" WC="0.99" CC="034020016"/>
						<SP ID="P7_SP00516" HPOS="1755" VPOS="413" WIDTH="30"/>
						<String ID="P7_ST00600" HPOS="1785" VPOS="380" WIDTH="132" HEIGHT="33" CONTENT="können," WC="0.98" CC="0087224"/>
						<SP ID="P7_SP00517" HPOS="1917" VPOS="413" WIDTH="31"/>
						<String ID="P7_ST00601" HPOS="1948" VPOS="379" WIDTH="47" HEIGHT="28" CONTENT="für" WC="0.98" CC="500"/>
					</TextLine>
					<TextLine ID="P7_TL00085" HPOS="1105" VPOS="428" WIDTH="892" HEIGHT="34">
						<String ID="P7_ST00602" HPOS="1105" VPOS="429" WIDTH="47" HEIGHT="29" CONTENT="die" WC="1.00" CC="010"/>
						<SP ID="P7_SP00518" HPOS="1152" VPOS="458" WIDTH="21"/>
						<String ID="P7_ST00603" HPOS="1173" VPOS="431" WIDTH="47" HEIGHT="29" CONTENT="ein" WC="0.98" CC="005"/>
						<SP ID="P7_SP00519" HPOS="1220" VPOS="460" WIDTH="17"/>
						<String ID="P7_ST00604" HPOS="1237" VPOS="430" WIDTH="176" HEIGHT="30" CONTENT="libidinöser" WC="0.72" CC="36050420230"/>
						<SP ID="P7_SP00520" HPOS="1413" VPOS="460" WIDTH="19"/>
						<String ID="P7_ST00605" HPOS="1432" VPOS="430" WIDTH="75" HEIGHT="29" CONTENT="Plan" WC="0.97" CC="0464"/>
						<SP ID="P7_SP00521" HPOS="1507" VPOS="460" WIDTH="18"/>
						<String ID="P7_ST00606" HPOS="1525" VPOS="430" WIDTH="166" HEIGHT="30" CONTENT="Stilverfall" WC="0.99" CC="07010026442"/>
						<SP ID="P7_SP00522" HPOS="1691" VPOS="460" WIDTH="18"/>
						<String ID="P7_ST00607" HPOS="1709" VPOS="430" WIDTH="153" HEIGHT="29" CONTENT="bedeuten" WC="0.99" CC="00005008"/>
						<SP ID="P7_SP00523" HPOS="1862" VPOS="460" WIDTH="19"/>
						<String ID="P7_ST00608" HPOS="1881" VPOS="428" WIDTH="116" HEIGHT="34" CONTENT="würde," WC="1.00" CC="000010"/>
					</TextLine>
					<TextLine ID="P7_TL00086" HPOS="1105" VPOS="478" WIDTH="892" HEIGHT="33">
						<String ID="P7_ST00609" HPOS="1105" VPOS="487" WIDTH="99" HEIGHT="24" CONTENT="genau" WC="0.97" CC="03656"/>
						<SP ID="P7_SP00524" HPOS="1204" VPOS="511" WIDTH="28"/>
						<String ID="P7_ST00610" HPOS="1232" VPOS="488" WIDTH="35" HEIGHT="20" CONTENT="so" WC="0.80" CC="04"/>
						<SP ID="P7_SP00525" HPOS="1267" VPOS="511" WIDTH="28"/>
						<String ID="P7_ST00611" HPOS="1295" VPOS="480" WIDTH="80" HEIGHT="29" CONTENT="kann" WC="0.96" CC="0654"/>
						<SP ID="P7_SP00526" HPOS="1375" VPOS="511" WIDTH="26"/>
						<String ID="P7_ST00612" HPOS="1401" VPOS="481" WIDTH="55" HEIGHT="28" CONTENT="das" WC="0.99" CC="010"/>
						<SP ID="P7_SP00527" HPOS="1456" VPOS="511" WIDTH="28"/>
						<String ID="P7_ST00613" HPOS="1484" VPOS="480" WIDTH="173" HEIGHT="29" CONTENT="Verhältnis" WC="0.99" CC="0005040630"/>
						<SP ID="P7_SP00528" HPOS="1657" VPOS="511" WIDTH="29"/>
						<String ID="P7_ST00614" HPOS="1686" VPOS="481" WIDTH="113" HEIGHT="28" CONTENT="zweier" WC="0.99" CC="401034"/>
						<SP ID="P7_SP00529" HPOS="1799" VPOS="511" WIDTH="29"/>
						<String ID="P7_ST00615" HPOS="1828" VPOS="478" WIDTH="169" HEIGHT="30" CONTENT="Menschen" WC="1.00" CC="00001006"/>
					</TextLine>
					<TextLine ID="P7_TL00087" HPOS="1103" VPOS="528" WIDTH="893" HEIGHT="34">
						<String ID="P7_ST00616" HPOS="1103" VPOS="529" WIDTH="173" HEIGHT="33" CONTENT="überhaupt" WC="0.99" CC="000075700"/>
						<SP ID="P7_SP00530" HPOS="1276" VPOS="562" WIDTH="25"/>
						<String ID="P7_ST00617" HPOS="1301" VPOS="539" WIDTH="56" HEIGHT="20" CONTENT="nur" WC="0.95" CC="670"/>
						<SP ID="P7_SP00531" HPOS="1357" VPOS="562" WIDTH="26"/>
						<String ID="P7_ST00618" HPOS="1383" VPOS="530" WIDTH="53" HEIGHT="29" CONTENT="auf" WC="0.93" CC="487"/>
						<SP ID="P7_SP00532" HPOS="1436" VPOS="562" WIDTH="26"/>
						<String ID="P7_ST00619" HPOS="1462" VPOS="530" WIDTH="67" HEIGHT="29" CONTENT="dem" WC="0.97" CC="610"/>
						<SP ID="P7_SP00533" HPOS="1529" VPOS="562" WIDTH="28"/>
						<String ID="P7_ST00620" HPOS="1557" VPOS="530" WIDTH="107" HEIGHT="29" CONTENT="Boden" WC="0.98" CC="25016"/>
						<SP ID="P7_SP00534" HPOS="1664" VPOS="562" WIDTH="27"/>
						<String ID="P7_ST00621" HPOS="1691" VPOS="530" WIDTH="54" HEIGHT="29" CONTENT="der" WC="1.00" CC="000"/>
						<SP ID="P7_SP00535" HPOS="1745" VPOS="562" WIDTH="27"/>
						<String ID="P7_ST00622" HPOS="1772" VPOS="529" WIDTH="93" HEIGHT="29" CONTENT="Liebe" WC="0.99" CC="04100"/>
						<SP ID="P7_SP00536" HPOS="1865" VPOS="562" WIDTH="28"/>
						<String ID="P7_ST00623" HPOS="1893" VPOS="528" WIDTH="103" HEIGHT="30" CONTENT="ruhen." WC="0.99" CC="310054"/>
					</TextLine>
					<TextLine ID="P7_TL00088" HPOS="1105" VPOS="577" WIDTH="893" HEIGHT="36">
						<String ID="P7_ST00624" HPOS="1105" VPOS="579" WIDTH="42" HEIGHT="29" CONTENT="So" WC="0.63" CC="16"/>
						<SP ID="P7_SP00537" HPOS="1147" VPOS="608" WIDTH="21"/>
						<String ID="P7_ST00625" HPOS="1168" VPOS="579" WIDTH="132" HEIGHT="33" CONTENT="glauben" WC="0.99" CC="0465005"/>
						<SP ID="P7_SP00538" HPOS="1300" VPOS="612" WIDTH="21"/>
						<String ID="P7_ST00626" HPOS="1321" VPOS="582" WIDTH="57" HEIGHT="27" CONTENT="wir" WC="0.92" CC="964"/>
						<SP ID="P7_SP00539" HPOS="1378" VPOS="612" WIDTH="21"/>
						<String ID="P7_ST00627" HPOS="1399" VPOS="582" WIDTH="53" HEIGHT="28" CONTENT="mit" WC="0.96" CC="046"/>
						<SP ID="P7_SP00540" HPOS="1452" VPOS="612" WIDTH="22"/>
						<String ID="P7_ST00628" HPOS="1474" VPOS="580" WIDTH="98" HEIGHT="33" CONTENT="Recht" WC="0.99" CC="00040"/>
						<SP ID="P7_SP00541" HPOS="1572" VPOS="613" WIDTH="20"/>
						<String ID="P7_ST00629" HPOS="1592" VPOS="589" WIDTH="37" HEIGHT="19" CONTENT="an" WC="0.45" CC="46"/>
						<SP ID="P7_SP00542" HPOS="1629" VPOS="613" WIDTH="24"/>
						<String ID="P7_ST00630" HPOS="1653" VPOS="580" WIDTH="48" HEIGHT="29" CONTENT="die" WC="0.97" CC="060"/>
						<SP ID="P7_SP00543" HPOS="1701" VPOS="613" WIDTH="20"/>
						<String ID="P7_ST00631" HPOS="1721" VPOS="580" WIDTH="93" HEIGHT="28" CONTENT="Liebe" WC="0.98" CC="07600"/>
						<SP ID="P7_SP00544" HPOS="1814" VPOS="613" WIDTH="23"/>
						<String ID="P7_ST00632" HPOS="1837" VPOS="579" WIDTH="53" HEIGHT="28" CONTENT="der" WC="0.99" CC="030"/>
						<SP ID="P7_SP00545" HPOS="1890" VPOS="613" WIDTH="22"/>
						<String ID="P7_ST00633" HPOS="1912" VPOS="577" WIDTH="58" HEIGHT="30" CONTENT="Ma" SUBS_TYPE="HypPart1" SUBS_CONTENT="Madame" WC="0.98" CC="00"/>
						<HYP HPOS="1970" VPOS="577" WIDTH="28" CONTENT="-"/>
					</TextLine>
					<TextLine ID="P7_TL00089" HPOS="1105" VPOS="628" WIDTH="892" HEIGHT="34">
						<String ID="P7_ST00634" HPOS="1105" VPOS="628" WIDTH="117" HEIGHT="29" CONTENT="dame" SUBS_TYPE="HypPart2" SUBS_CONTENT="Madame" WC="1.00" CC="0000"/>
						<SP ID="P7_SP00546" HPOS="1222" VPOS="657" WIDTH="39"/>
						<String ID="P7_ST00635" HPOS="1261" VPOS="629" WIDTH="48" HEIGHT="29" CONTENT="de" WC="1.00" CC="00"/>
						<SP ID="P7_SP00547" HPOS="1309" VPOS="658" WIDTH="40"/>
						<String ID="P7_ST00636" HPOS="1349" VPOS="629" WIDTH="148" HEIGHT="33" CONTENT="Guyon" WC="0.79" CC="30006"/>
						<SP ID="P7_SP00548" HPOS="1497" VPOS="662" WIDTH="39"/>
						<String ID="P7_ST00637" HPOS="1536" VPOS="638" WIDTH="71" HEIGHT="20" CONTENT="zum" WC="0.97" CC="060"/>
						<SP ID="P7_SP00549" HPOS="1607" VPOS="662" WIDTH="39"/>
						<String ID="P7_ST00638" HPOS="1646" VPOS="629" WIDTH="114" HEIGHT="30" CONTENT="Abbe" WC="1.00" CC="0000"/>
						<SP ID="P7_SP00550" HPOS="1760" VPOS="662" WIDTH="40"/>
						<String ID="P7_ST00639" HPOS="1800" VPOS="628" WIDTH="197" HEIGHT="33" CONTENT="Fenelon," WC="0.66" CC="64505060"/>
					</TextLine>
					<TextLine ID="P7_TL00090" HPOS="1105" VPOS="678" WIDTH="894" HEIGHT="30">
						<String ID="P7_ST00640" HPOS="1105" VPOS="678" WIDTH="115" HEIGHT="29" CONTENT="ebenso" WC="0.99" CC="200502"/>
						<SP ID="P7_SP00551" HPOS="1220" VPOS="707" WIDTH="21"/>
						<String ID="P7_ST00641" HPOS="1241" VPOS="680" WIDTH="60" HEIGHT="28" CONTENT="wie" WC="0.97" CC="042"/>
						<SP ID="P7_SP00552" HPOS="1301" VPOS="708" WIDTH="20"/>
						<String ID="P7_ST00642" HPOS="1321" VPOS="687" WIDTH="38" HEIGHT="20" CONTENT="an" WC="0.47" CC="36"/>
						<SP ID="P7_SP00553" HPOS="1359" VPOS="708" WIDTH="22"/>
						<String ID="P7_ST00643" HPOS="1381" VPOS="679" WIDTH="48" HEIGHT="29" CONTENT="die" WC="0.98" CC="050"/>
						<SP ID="P7_SP00554" HPOS="1429" VPOS="708" WIDTH="22"/>
						<String ID="P7_ST00644" HPOS="1451" VPOS="678" WIDTH="113" HEIGHT="30" CONTENT="Christi" WC="1.00" CC="0020006"/>
						<SP ID="P7_SP00555" HPOS="1564" VPOS="708" WIDTH="22"/>
						<String ID="P7_ST00645" HPOS="1586" VPOS="687" WIDTH="37" HEIGHT="21" CONTENT="zu" WC="0.67" CC="06"/>
						<SP ID="P7_SP00556" HPOS="1623" VPOS="708" WIDTH="23"/>
						<String ID="P7_ST00646" HPOS="1646" VPOS="678" WIDTH="155" HEIGHT="30" CONTENT="Johannes" WC="0.99" CC="04057000"/>
						<SP ID="P7_SP00557" HPOS="1801" VPOS="708" WIDTH="23"/>
						<String ID="P7_ST00647" HPOS="1824" VPOS="678" WIDTH="60" HEIGHT="30" CONTENT="und" WC="0.97" CC="700"/>
						<SP ID="P7_SP00558" HPOS="1884" VPOS="708" WIDTH="23"/>
						<String ID="P7_ST00648" HPOS="1907" VPOS="678" WIDTH="74" HEIGHT="29" CONTENT="brau" SUBS_TYPE="HypPart1" SUBS_CONTENT="brauchen" WC="0.98" CC="0015"/>
						<HYP HPOS="1981" VPOS="678" WIDTH="18" CONTENT="-"/>
					</TextLine>
					<TextLine ID="P7_TL00091" HPOS="1105" VPOS="728" WIDTH="894" HEIGHT="34">
						<String ID="P7_ST00649" HPOS="1105" VPOS="728" WIDTH="77" HEIGHT="28" CONTENT="chen" SUBS_TYPE="HypPart2" SUBS_CONTENT="brauchen" WC="1.00" CC="0000"/>
						<SP ID="P7_SP00559" HPOS="1182" VPOS="756" WIDTH="40"/>
						<String ID="P7_ST00650" HPOS="1222" VPOS="728" WIDTH="46" HEIGHT="28" CONTENT="die" WC="0.98" CC="060"/>
						<SP ID="P7_SP00560" HPOS="1268" VPOS="756" WIDTH="41"/>
						<String ID="P7_ST00651" HPOS="1309" VPOS="737" WIDTH="227" HEIGHT="23" CONTENT="erzwungenen" WC="0.99" CC="01508600706"/>
						<SP ID="P7_SP00561" HPOS="1536" VPOS="760" WIDTH="38"/>
						<String ID="P7_ST00652" HPOS="1574" VPOS="728" WIDTH="209" HEIGHT="32" CONTENT="Erklärungen" WC="0.99" CC="62050065006"/>
						<SP ID="P7_SP00562" HPOS="1783" VPOS="760" WIDTH="39"/>
						<String ID="P7_ST00653" HPOS="1822" VPOS="729" WIDTH="90" HEIGHT="33" CONTENT="nicht," WC="0.99" CC="641000"/>
						<SP ID="P7_SP00563" HPOS="1912" VPOS="762" WIDTH="39"/>
						<String ID="P7_ST00654" HPOS="1951" VPOS="728" WIDTH="48" HEIGHT="28" CONTENT="die" WC="0.99" CC="002"/>
					</TextLine>
					<TextLine ID="P7_TL00092" HPOS="1104" VPOS="777" WIDTH="894" HEIGHT="33">
						<String ID="P7_ST00655" HPOS="1104" VPOS="777" WIDTH="104" HEIGHT="30" CONTENT="solche" WC="0.99" CC="003133"/>
						<SP ID="P7_SP00564" HPOS="1208" VPOS="807" WIDTH="24"/>
						<String ID="P7_ST00656" HPOS="1232" VPOS="777" WIDTH="164" HEIGHT="33" CONTENT="Vorgänge" WC="1.00" CC="00000800"/>
						<SP ID="P7_SP00565" HPOS="1396" VPOS="810" WIDTH="26"/>
						<String ID="P7_ST00657" HPOS="1422" VPOS="777" WIDTH="52" HEIGHT="30" CONTENT="auf" WC="0.96" CC="065"/>
						<SP ID="P7_SP00566" HPOS="1474" VPOS="810" WIDTH="24"/>
						<String ID="P7_ST00658" HPOS="1498" VPOS="777" WIDTH="69" HEIGHT="29" CONTENT="dem" WC="1.00" CC="000"/>
						<SP ID="P7_SP00567" HPOS="1567" VPOS="810" WIDTH="24"/>
						<String ID="P7_ST00659" HPOS="1591" VPOS="777" WIDTH="151" HEIGHT="33" CONTENT="Umwege" WC="0.99" CC="200005"/>
						<SP ID="P7_SP00568" HPOS="1742" VPOS="810" WIDTH="26"/>
						<String ID="P7_ST00660" HPOS="1768" VPOS="778" WIDTH="53" HEIGHT="29" CONTENT="der" WC="0.98" CC="014"/>
						<SP ID="P7_SP00569" HPOS="1821" VPOS="810" WIDTH="25"/>
						<String ID="P7_ST00661" HPOS="1846" VPOS="777" WIDTH="152" HEIGHT="33" CONTENT="Begierde" WC="1.00" CC="00014102"/>
					</TextLine>
					<TextLine ID="P7_TL00093" HPOS="1102" VPOS="828" WIDTH="896" HEIGHT="29">
						<String ID="P7_ST00662" HPOS="1102" VPOS="828" WIDTH="167" HEIGHT="29" CONTENT="verstehen" WC="0.99" CC="600000607"/>
						<SP ID="P7_SP00570" HPOS="1269" VPOS="857" WIDTH="27"/>
						<String ID="P7_ST00663" HPOS="1296" VPOS="828" WIDTH="120" HEIGHT="29" CONTENT="wollen." WC="0.99" CC="0053054"/>
						<SP ID="P7_SP00571" HPOS="1416" VPOS="857" WIDTH="44"/>
						<String ID="P7_ST00664" HPOS="1460" VPOS="828" WIDTH="122" HEIGHT="29" CONTENT="Ebenso" WC="0.99" CC="201502"/>
						<SP ID="P7_SP00572" HPOS="1582" VPOS="857" WIDTH="26"/>
						<String ID="P7_ST00665" HPOS="1608" VPOS="829" WIDTH="38" HEIGHT="28" CONTENT="ist" WC="0.98" CC="600"/>
						<SP ID="P7_SP00573" HPOS="1646" VPOS="857" WIDTH="26"/>
						<String ID="P7_ST00666" HPOS="1672" VPOS="828" WIDTH="148" HEIGHT="29" CONTENT="natürlich" WC="0.99" CC="100004620"/>
						<SP ID="P7_SP00574" HPOS="1820" VPOS="857" WIDTH="26"/>
						<String ID="P7_ST00667" HPOS="1846" VPOS="828" WIDTH="77" HEIGHT="29" CONTENT="auch" WC="0.98" CC="4400"/>
						<SP ID="P7_SP00575" HPOS="1923" VPOS="857" WIDTH="28"/>
						<String ID="P7_ST00668" HPOS="1951" VPOS="828" WIDTH="47" HEIGHT="28" CONTENT="die" WC="1.00" CC="000"/>
					</TextLine>
					<TextLine ID="P7_TL00094" HPOS="1104" VPOS="876" WIDTH="896" HEIGHT="35">
						<String ID="P7_ST00669" HPOS="1104" VPOS="876" WIDTH="188" HEIGHT="34" CONTENT="Auffassung" WC="0.98" CC="0669000669"/>
						<SP ID="P7_SP00576" HPOS="1292" VPOS="910" WIDTH="21"/>
						<String ID="P7_ST00670" HPOS="1313" VPOS="878" WIDTH="54" HEIGHT="29" CONTENT="des" WC="0.98" CC="040"/>
						<SP ID="P7_SP00577" HPOS="1367" VPOS="910" WIDTH="23"/>
						<String ID="P7_ST00671" HPOS="1390" VPOS="877" WIDTH="226" HEIGHT="29" CONTENT="Christentums" WC="1.00" CC="000500070600"/>
						<SP ID="P7_SP00578" HPOS="1616" VPOS="910" WIDTH="21"/>
						<String ID="P7_ST00672" HPOS="1637" VPOS="877" WIDTH="106" HEIGHT="34" CONTENT="falsch," WC="0.99" CC="6040003"/>
						<SP ID="P7_SP00579" HPOS="1743" VPOS="911" WIDTH="23"/>
						<String ID="P7_ST00673" HPOS="1766" VPOS="878" WIDTH="55" HEIGHT="28" CONTENT="das" WC="0.98" CC="060"/>
						<SP ID="P7_SP00580" HPOS="1821" VPOS="911" WIDTH="23"/>
						<String ID="P7_ST00674" HPOS="1844" VPOS="878" WIDTH="63" HEIGHT="28" CONTENT="hier" WC="0.99" CC="0500"/>
						<SP ID="P7_SP00581" HPOS="1907" VPOS="911" WIDTH="24"/>
						<String ID="P7_ST00675" HPOS="1931" VPOS="885" WIDTH="46" HEIGHT="24" CONTENT="my" SUBS_TYPE="HypPart1" SUBS_CONTENT="mystische" WC="0.98" CC="00"/>
						<HYP HPOS="1977" VPOS="885" WIDTH="23" CONTENT="-"/>
					</TextLine>
					<TextLine ID="P7_TL00095" HPOS="1103" VPOS="927" WIDTH="894" HEIGHT="33">
						<String ID="P7_ST00676" HPOS="1103" VPOS="927" WIDTH="115" HEIGHT="29" CONTENT="stische" SUBS_TYPE="HypPart2" SUBS_CONTENT="mystische" WC="0.99" CC="0070550"/>
						<SP ID="P7_SP00582" HPOS="1218" VPOS="956" WIDTH="29"/>
						<String ID="P7_ST00677" HPOS="1247" VPOS="927" WIDTH="60" HEIGHT="29" CONTENT="und" WC="0.95" CC="750"/>
						<SP ID="P7_SP00583" HPOS="1307" VPOS="956" WIDTH="29"/>
						<String ID="P7_ST00678" HPOS="1336" VPOS="927" WIDTH="250" HEIGHT="33" CONTENT="metaphysische" WC="1.00" CC="0300060000060"/>
						<SP ID="P7_SP00584" HPOS="1586" VPOS="960" WIDTH="30"/>
						<String ID="P7_ST00679" HPOS="1616" VPOS="927" WIDTH="249" HEIGHT="33" CONTENT="Begründungen" WC="1.00" CC="400000066004"/>
						<SP ID="P7_SP00585" HPOS="1865" VPOS="960" WIDTH="31"/>
						<String ID="P7_ST00680" HPOS="1896" VPOS="928" WIDTH="101" HEIGHT="32" CONTENT="sucht;" WC="0.99" CC="070004"/>
					</TextLine>
					<TextLine ID="P7_TL00096" HPOS="1103" VPOS="977" WIDTH="895" HEIGHT="32">
						<String ID="P7_ST00681" HPOS="1103" VPOS="986" WIDTH="34" HEIGHT="21" CONTENT="es" WC="0.98" CC="00"/>
						<SP ID="P7_SP00586" HPOS="1137" VPOS="1007" WIDTH="23"/>
						<String ID="P7_ST00682" HPOS="1160" VPOS="977" WIDTH="124" HEIGHT="30" CONTENT="handelt" WC="0.99" CC="2070050"/>
						<SP ID="P7_SP00587" HPOS="1284" VPOS="1007" WIDTH="23"/>
						<String ID="P7_ST00683" HPOS="1307" VPOS="978" WIDTH="63" HEIGHT="29" CONTENT="sich" WC="0.98" CC="0403"/>
						<SP ID="P7_SP00588" HPOS="1370" VPOS="1007" WIDTH="24"/>
						<String ID="P7_ST00684" HPOS="1394" VPOS="977" WIDTH="148" HEIGHT="29" CONTENT="vielmehr" WC="0.99" CC="05050062"/>
						<SP ID="P7_SP00589" HPOS="1542" VPOS="1007" WIDTH="24"/>
						<String ID="P7_ST00685" HPOS="1566" VPOS="979" WIDTH="107" HEIGHT="27" CONTENT="immer" WC="0.97" CC="20907"/>
						<SP ID="P7_SP00590" HPOS="1673" VPOS="1007" WIDTH="25"/>
						<String ID="P7_ST00686" HPOS="1698" VPOS="978" WIDTH="60" HEIGHT="28" CONTENT="und" WC="0.94" CC="780"/>
						<SP ID="P7_SP00591" HPOS="1758" VPOS="1007" WIDTH="24"/>
						<String ID="P7_ST00687" HPOS="1782" VPOS="977" WIDTH="141" HEIGHT="32" CONTENT="lediglich" WC="0.99" CC="300503505"/>
						<SP ID="P7_SP00592" HPOS="1923" VPOS="1009" WIDTH="25"/>
						<String ID="P7_ST00688" HPOS="1948" VPOS="986" WIDTH="50" HEIGHT="20" CONTENT="um" WC="0.64" CC="70"/>
					</TextLine>
					<TextLine ID="P7_TL00097" HPOS="1102" VPOS="1026" WIDTH="840" HEIGHT="35">
						<String ID="P7_ST00689" HPOS="1102" VPOS="1027" WIDTH="173" HEIGHT="34" CONTENT="Spielarten" WC="1.00" CC="0001402003"/>
						<SP ID="P7_SP00593" HPOS="1275" VPOS="1061" WIDTH="20"/>
						<String ID="P7_ST00690" HPOS="1295" VPOS="1029" WIDTH="47" HEIGHT="27" CONTENT="ein" WC="0.96" CC="054"/>
						<SP ID="P7_SP00594" HPOS="1342" VPOS="1061" WIDTH="23"/>
						<String ID="P7_ST00691" HPOS="1365" VPOS="1028" WIDTH="60" HEIGHT="28" CONTENT="und" WC="0.95" CC="760"/>
						<SP ID="P7_SP00595" HPOS="1425" VPOS="1061" WIDTH="21"/>
						<String ID="P7_ST00692" HPOS="1446" VPOS="1028" WIDTH="162" HEIGHT="29" CONTENT="desselben" WC="1.00" CC="000000006"/>
						<SP ID="P7_SP00596" HPOS="1608" VPOS="1061" WIDTH="21"/>
						<String ID="P7_ST00693" HPOS="1629" VPOS="1028" WIDTH="156" HEIGHT="29" CONTENT="sexuellen" WC="0.99" CC="000405404"/>
						<SP ID="P7_SP00597" HPOS="1785" VPOS="1061" WIDTH="19"/>
						<String ID="P7_ST00694" HPOS="1804" VPOS="1026" WIDTH="138" HEIGHT="30" CONTENT="Triebes." WC="1.00" CC="02000003"/>
					</TextLine>
					<TextLine ID="P7_TL00098" HPOS="1157" VPOS="1076" WIDTH="840" HEIGHT="34">
						<String ID="P7_ST00695" HPOS="1157" VPOS="1078" WIDTH="73" HEIGHT="29" CONTENT="Eine" WC="0.96" CC="3660"/>
						<SP ID="P7_SP00598" HPOS="1230" VPOS="1107" WIDTH="18"/>
						<String ID="P7_ST00696" HPOS="1248" VPOS="1086" WIDTH="34" HEIGHT="21" CONTENT="so" WC="0.92" CC="01"/>
						<SP ID="P7_SP00599" HPOS="1282" VPOS="1107" WIDTH="16"/>
						<String ID="P7_ST00697" HPOS="1298" VPOS="1078" WIDTH="75" HEIGHT="29" CONTENT="weit" WC="0.98" CC="0521"/>
						<SP ID="P7_SP00600" HPOS="1373" VPOS="1107" WIDTH="14"/>
						<String ID="P7_ST00698" HPOS="1387" VPOS="1077" WIDTH="140" HEIGHT="33" CONTENT="gehende" WC="0.99" CC="9000800"/>
						<SP ID="P7_SP00601" HPOS="1527" VPOS="1110" WIDTH="16"/>
						<String ID="P7_ST00699" HPOS="1543" VPOS="1077" WIDTH="165" HEIGHT="30" CONTENT="Definition" WC="0.99" CC="1004550154"/>
						<String ID="P7_ST00700" HPOS="1708" VPOS="1076" WIDTH="2" HEIGHT="34" CONTENT="l" STYLE="superscript" WC="0.66" CC="3"/>
						<SP ID="P7_SP00602" HPOS="1710" VPOS="1110" WIDTH="14"/>
						<String ID="P7_ST00701" HPOS="1724" VPOS="1077" WIDTH="55" HEIGHT="29" CONTENT="des" WC="0.98" CC="005"/>
						<SP ID="P7_SP00603" HPOS="1779" VPOS="1110" WIDTH="16"/>
						<String ID="P7_ST00702" HPOS="1795" VPOS="1076" WIDTH="186" HEIGHT="30" CONTENT="Sexualitäts" SUBS_TYPE="HypPart1" SUBS_CONTENT="Sexualitätsbegriffes" WC="1.00" CC="00000540000"/>
						<HYP HPOS="1981" VPOS="1076" WIDTH="16" CONTENT="-"/>
					</TextLine>
					<TextLine ID="P7_TL00099" HPOS="1100" VPOS="1127" WIDTH="894" HEIGHT="36">
						<String ID="P7_ST00703" HPOS="1100" VPOS="1130" WIDTH="146" HEIGHT="33" CONTENT="begriffes" SUBS_TYPE="HypPart2" SUBS_CONTENT="Sexualitätsbegriffes" WC="0.99" CC="000106422"/>
						<SP ID="P7_SP00604" HPOS="1246" VPOS="1163" WIDTH="29"/>
						<String ID="P7_ST00704" HPOS="1275" VPOS="1130" WIDTH="71" HEIGHT="28" CONTENT="muß" WC="0.97" CC="070"/>
						<SP ID="P7_SP00605" HPOS="1346" VPOS="1163" WIDTH="31"/>
						<String ID="P7_ST00705" HPOS="1377" VPOS="1137" WIDTH="71" HEIGHT="21" CONTENT="man" WC="0.98" CC="005"/>
						<SP ID="P7_SP00606" HPOS="1448" VPOS="1163" WIDTH="30"/>
						<String ID="P7_ST00706" HPOS="1478" VPOS="1128" WIDTH="181" HEIGHT="34" CONTENT="anwenden," WC="1.00" CC="020200050"/>
						<SP ID="P7_SP00607" HPOS="1659" VPOS="1163" WIDTH="30"/>
						<String ID="P7_ST00707" HPOS="1689" VPOS="1135" WIDTH="91" HEIGHT="21" CONTENT="wenn" WC="1.00" CC="0000"/>
						<SP ID="P7_SP00608" HPOS="1780" VPOS="1163" WIDTH="30"/>
						<String ID="P7_ST00708" HPOS="1810" VPOS="1134" WIDTH="72" HEIGHT="20" CONTENT="man" WC="0.98" CC="013"/>
						<SP ID="P7_SP00609" HPOS="1882" VPOS="1163" WIDTH="28"/>
						<String ID="P7_ST00709" HPOS="1910" VPOS="1127" WIDTH="84" HEIGHT="27" CONTENT="einer" WC="0.99" CC="00303"/>
					</TextLine>
					<TextLine ID="P7_TL00100" HPOS="1097" VPOS="1176" WIDTH="897" HEIGHT="37">
						<String ID="P7_ST00710" HPOS="1097" VPOS="1181" WIDTH="272" HEIGHT="32" CONTENT="Teilerscheinung" WC="1.00" CC="020404020057640"/>
						<SP ID="P7_SP00610" HPOS="1369" VPOS="1213" WIDTH="27"/>
						<String ID="P7_ST00711" HPOS="1396" VPOS="1180" WIDTH="78" HEIGHT="29" CONTENT="nahe" WC="0.99" CC="0050"/>
						<SP ID="P7_SP00611" HPOS="1474" VPOS="1213" WIDTH="26"/>
						<String ID="P7_ST00712" HPOS="1500" VPOS="1180" WIDTH="143" HEIGHT="28" CONTENT="kommen" WC="0.99" CC="010008"/>
						<SP ID="P7_SP00612" HPOS="1643" VPOS="1213" WIDTH="26"/>
						<String ID="P7_ST00713" HPOS="1669" VPOS="1177" WIDTH="70" HEIGHT="29" CONTENT="will." WC="0.96" CC="95352"/>
						<SP ID="P7_SP00613" HPOS="1739" VPOS="1213" WIDTH="45"/>
						<String ID="P7_ST00714" HPOS="1784" VPOS="1176" WIDTH="113" HEIGHT="29" CONTENT="Nimmt" WC="0.98" CC="35007"/>
						<SP ID="P7_SP00614" HPOS="1897" VPOS="1213" WIDTH="26"/>
						<String ID="P7_ST00715" HPOS="1923" VPOS="1183" WIDTH="71" HEIGHT="20" CONTENT="man" WC="1.00" CC="010"/>
					</TextLine>
					<TextLine ID="P7_TL00101" HPOS="1100" VPOS="1225" WIDTH="895" HEIGHT="39">
						<String ID="P7_ST00716" HPOS="1100" VPOS="1232" WIDTH="47" HEIGHT="29" CONTENT="die" WC="1.00" CC="000"/>
						<SP ID="P7_SP00615" HPOS="1147" VPOS="1261" WIDTH="33"/>
						<String ID="P7_ST00717" HPOS="1180" VPOS="1230" WIDTH="348" HEIGHT="34" CONTENT="populär-scholatische" WC="0.78" CC="05044012000055056200"/>
						<SP ID="P7_SP00616" HPOS="1528" VPOS="1264" WIDTH="31"/>
						<String ID="P7_ST00718" HPOS="1559" VPOS="1228" WIDTH="196" HEIGHT="33" CONTENT="Auffassung," WC="0.99" CC="07673007502"/>
						<SP ID="P7_SP00617" HPOS="1755" VPOS="1264" WIDTH="28"/>
						<String ID="P7_ST00719" HPOS="1783" VPOS="1226" WIDTH="132" HEIGHT="29" CONTENT="wonach" WC="0.99" CC="030520"/>
						<SP ID="P7_SP00618" HPOS="1915" VPOS="1264" WIDTH="32"/>
						<String ID="P7_ST00720" HPOS="1947" VPOS="1225" WIDTH="48" HEIGHT="29" CONTENT="die" WC="0.99" CC="003"/>
					</TextLine>
					<TextLine ID="P7_TL00102" HPOS="1098" VPOS="1275" WIDTH="896" HEIGHT="36">
						<String ID="P7_ST00721" HPOS="1098" VPOS="1282" WIDTH="171" HEIGHT="29" CONTENT="Sexualität" WC="1.00" CC="0004050000"/>
						<SP ID="P7_SP00619" HPOS="1269" VPOS="1311" WIDTH="39"/>
						<String ID="P7_ST00722" HPOS="1308" VPOS="1290" WIDTH="54" HEIGHT="20" CONTENT="nur" WC="0.94" CC="852"/>
						<SP ID="P7_SP00620" HPOS="1362" VPOS="1311" WIDTH="40"/>
						<String ID="P7_ST00723" HPOS="1402" VPOS="1282" WIDTH="47" HEIGHT="27" CONTENT="ein" WC="0.98" CC="032"/>
						<SP ID="P7_SP00621" HPOS="1449" VPOS="1311" WIDTH="40"/>
						<String ID="P7_ST00724" HPOS="1489" VPOS="1277" WIDTH="309" HEIGHT="34" CONTENT="Erregungszustand" WC="1.00" CC="2150068000700250"/>
						<SP ID="P7_SP00622" HPOS="1798" VPOS="1311" WIDTH="39"/>
						<String ID="P7_ST00725" HPOS="1837" VPOS="1275" WIDTH="157" HEIGHT="29" CONTENT="zwischen" WC="0.99" CC="00415400"/>
					</TextLine>
					<TextLine ID="P7_TL00103" HPOS="1096" VPOS="1327" WIDTH="897" HEIGHT="34">
						<String ID="P7_ST00726" HPOS="1096" VPOS="1332" WIDTH="96" HEIGHT="29" CONTENT="Mann" WC="0.98" CC="0135"/>
						<SP ID="P7_SP00623" HPOS="1192" VPOS="1361" WIDTH="16"/>
						<String ID="P7_ST00727" HPOS="1208" VPOS="1332" WIDTH="61" HEIGHT="28" CONTENT="und" WC="0.95" CC="660"/>
						<SP ID="P7_SP00624" HPOS="1269" VPOS="1361" WIDTH="17"/>
						<String ID="P7_ST00728" HPOS="1286" VPOS="1331" WIDTH="89" HEIGHT="29" CONTENT="Weib" WC="0.98" CC="0025"/>
						<SP ID="P7_SP00625" HPOS="1375" VPOS="1361" WIDTH="17"/>
						<String ID="P7_ST00729" HPOS="1392" VPOS="1339" WIDTH="70" HEIGHT="20" CONTENT="zum" WC="0.98" CC="050"/>
						<SP ID="P7_SP00626" HPOS="1462" VPOS="1361" WIDTH="17"/>
						<String ID="P7_ST00730" HPOS="1479" VPOS="1329" WIDTH="132" HEIGHT="29" CONTENT="Zwecke" WC="1.00" CC="000400"/>
						<SP ID="P7_SP00627" HPOS="1611" VPOS="1361" WIDTH="19"/>
						<String ID="P7_ST00731" HPOS="1630" VPOS="1329" WIDTH="53" HEIGHT="28" CONTENT="der" WC="0.98" CC="004"/>
						<SP ID="P7_SP00628" HPOS="1683" VPOS="1361" WIDTH="17"/>
						<String ID="P7_ST00732" HPOS="1700" VPOS="1327" WIDTH="293" HEIGHT="32" CONTENT="Kindererzeugung" WC="1.00" CC="036000240060630"/>
					</TextLine>
					<TextLine ID="P7_TL00104" HPOS="1097" VPOS="1377" WIDTH="895" HEIGHT="38">
						<String ID="P7_ST00733" HPOS="1097" VPOS="1383" WIDTH="65" HEIGHT="28" CONTENT="sein" WC="0.98" CC="0316"/>
						<SP ID="P7_SP00629" HPOS="1162" VPOS="1411" WIDTH="18"/>
						<String ID="P7_ST00734" HPOS="1180" VPOS="1381" WIDTH="64" HEIGHT="34" CONTENT="soll," WC="0.99" CC="01320"/>
						<SP ID="P7_SP00630" HPOS="1244" VPOS="1415" WIDTH="18"/>
						<String ID="P7_ST00735" HPOS="1262" VPOS="1390" WIDTH="34" HEIGHT="20" CONTENT="so" WC="1.00" CC="00"/>
						<SP ID="P7_SP00631" HPOS="1296" VPOS="1415" WIDTH="18"/>
						<String ID="P7_ST00736" HPOS="1314" VPOS="1380" WIDTH="104" HEIGHT="29" CONTENT="macht" WC="0.99" CC="01300"/>
						<SP ID="P7_SP00632" HPOS="1418" VPOS="1415" WIDTH="17"/>
						<String ID="P7_ST00737" HPOS="1435" VPOS="1388" WIDTH="70" HEIGHT="20" CONTENT="man" WC="0.98" CC="004"/>
						<SP ID="P7_SP00633" HPOS="1505" VPOS="1415" WIDTH="19"/>
						<String ID="P7_ST00738" HPOS="1524" VPOS="1378" WIDTH="202" HEIGHT="30" CONTENT="allenthalben" WC="0.99" CC="545670606007"/>
						<SP ID="P7_SP00634" HPOS="1726" VPOS="1415" WIDTH="21"/>
						<String ID="P7_ST00739" HPOS="1747" VPOS="1379" WIDTH="47" HEIGHT="28" CONTENT="die" WC="1.00" CC="000"/>
						<SP ID="P7_SP00635" HPOS="1794" VPOS="1415" WIDTH="17"/>
						<String ID="P7_ST00740" HPOS="1811" VPOS="1377" WIDTH="181" HEIGHT="33" CONTENT="Erfahrung," WC="1.00" CC="3000017202"/>
					</TextLine>
					<TextLine ID="P7_TL00105" HPOS="1098" VPOS="1426" WIDTH="895" HEIGHT="37">
						<String ID="P7_ST00741" HPOS="1098" VPOS="1431" WIDTH="57" HEIGHT="29" CONTENT="daß" WC="0.98" CC="040"/>
						<SP ID="P7_SP00636" HPOS="1155" VPOS="1460" WIDTH="23"/>
						<String ID="P7_ST00742" HPOS="1178" VPOS="1434" WIDTH="99" HEIGHT="26" CONTENT="etwas" WC="1.00" CC="00040"/>
						<SP ID="P7_SP00637" HPOS="1277" VPOS="1460" WIDTH="23"/>
						<String ID="P7_ST00743" HPOS="1300" VPOS="1430" WIDTH="203" HEIGHT="33" CONTENT="inkongruent" WC="0.99" CC="16065906030"/>
						<SP ID="P7_SP00638" HPOS="1503" VPOS="1463" WIDTH="20"/>
						<String ID="P7_ST00744" HPOS="1523" VPOS="1429" WIDTH="88" HEIGHT="34" CONTENT="wird," WC="0.99" CC="00302"/>
						<SP ID="P7_SP00639" HPOS="1611" VPOS="1463" WIDTH="23"/>
						<String ID="P7_ST00745" HPOS="1634" VPOS="1438" WIDTH="33" HEIGHT="19" CONTENT="es" WC="1.00" CC="00"/>
						<SP ID="P7_SP00640" HPOS="1667" VPOS="1463" WIDTH="21"/>
						<String ID="P7_ST00746" HPOS="1688" VPOS="1428" WIDTH="90" HEIGHT="29" CONTENT="deckt" WC="1.00" CC="00200"/>
						<SP ID="P7_SP00641" HPOS="1778" VPOS="1463" WIDTH="21"/>
						<String ID="P7_ST00747" HPOS="1799" VPOS="1427" WIDTH="65" HEIGHT="30" CONTENT="sich" WC="0.99" CC="0300"/>
						<SP ID="P7_SP00642" HPOS="1864" VPOS="1463" WIDTH="20"/>
						<String ID="P7_ST00748" HPOS="1884" VPOS="1426" WIDTH="109" HEIGHT="34" CONTENT="nichts," WC="0.99" CC="5025002"/>
					</TextLine>
					<TextLine ID="P7_TL00106" HPOS="1098" VPOS="1476" WIDTH="895" HEIGHT="34">
						<String ID="P7_ST00749" HPOS="1098" VPOS="1481" WIDTH="55" HEIGHT="29" CONTENT="das" WC="1.00" CC="000"/>
						<SP ID="P7_SP00643" HPOS="1153" VPOS="1510" WIDTH="29"/>
						<String ID="P7_ST00750" HPOS="1182" VPOS="1480" WIDTH="136" HEIGHT="30" CONTENT="einzelne" WC="0.99" CC="07700260"/>
						<SP ID="P7_SP00644" HPOS="1318" VPOS="1510" WIDTH="28"/>
						<String ID="P7_ST00751" HPOS="1346" VPOS="1479" WIDTH="144" HEIGHT="29" CONTENT="Problem" WC="1.00" CC="0040400"/>
						<SP ID="P7_SP00645" HPOS="1490" VPOS="1510" WIDTH="27"/>
						<String ID="P7_ST00752" HPOS="1517" VPOS="1478" WIDTH="84" HEIGHT="31" CONTENT="fließt" WC="0.99" CC="706000"/>
						<SP ID="P7_SP00646" HPOS="1601" VPOS="1510" WIDTH="26"/>
						<String ID="P7_ST00753" HPOS="1627" VPOS="1479" WIDTH="76" HEIGHT="29" CONTENT="über" WC="1.00" CC="0000"/>
						<SP ID="P7_SP00647" HPOS="1703" VPOS="1510" WIDTH="28"/>
						<String ID="P7_ST00754" HPOS="1731" VPOS="1478" WIDTH="59" HEIGHT="29" CONTENT="den" WC="0.98" CC="005"/>
						<SP ID="P7_SP00648" HPOS="1790" VPOS="1510" WIDTH="27"/>
						<String ID="P7_ST00755" HPOS="1817" VPOS="1477" WIDTH="88" HEIGHT="33" CONTENT="Rand" WC="1.00" CC="0000"/>
						<SP ID="P7_SP00649" HPOS="1905" VPOS="1510" WIDTH="28"/>
						<String ID="P7_ST00756" HPOS="1933" VPOS="1476" WIDTH="60" HEIGHT="29" CONTENT="fort" WC="0.97" CC="6230"/>
					</TextLine>
					<TextLine ID="P7_TL00107" HPOS="1096" VPOS="1526" WIDTH="896" HEIGHT="36">
						<String ID="P7_ST00757" HPOS="1096" VPOS="1531" WIDTH="62" HEIGHT="29" CONTENT="und" WC="0.98" CC="600"/>
						<SP ID="P7_SP00650" HPOS="1158" VPOS="1560" WIDTH="23"/>
						<String ID="P7_ST00758" HPOS="1181" VPOS="1531" WIDTH="143" HEIGHT="29" CONTENT="zerrinnt." WC="0.99" CC="200050703"/>
						<SP ID="P7_SP00651" HPOS="1324" VPOS="1560" WIDTH="45"/>
						<String ID="P7_ST00759" HPOS="1369" VPOS="1530" WIDTH="87" HEIGHT="28" CONTENT="Ganz" WC="0.97" CC="3361"/>
						<SP ID="P7_SP00652" HPOS="1456" VPOS="1560" WIDTH="23"/>
						<String ID="P7_ST00760" HPOS="1479" VPOS="1529" WIDTH="61" HEIGHT="29" CONTENT="und" WC="0.96" CC="370"/>
						<SP ID="P7_SP00653" HPOS="1540" VPOS="1560" WIDTH="24"/>
						<String ID="P7_ST00761" HPOS="1564" VPOS="1537" WIDTH="55" HEIGHT="25" CONTENT="gar" WC="1.00" CC="000"/>
						<SP ID="P7_SP00654" HPOS="1619" VPOS="1562" WIDTH="25"/>
						<String ID="P7_ST00762" HPOS="1644" VPOS="1531" WIDTH="128" HEIGHT="30" CONTENT="versagt" WC="0.99" CC="0040500"/>
						<SP ID="P7_SP00655" HPOS="1772" VPOS="1562" WIDTH="25"/>
						<String ID="P7_ST00763" HPOS="1797" VPOS="1529" WIDTH="67" HEIGHT="28" CONTENT="eine" WC="0.99" CC="0031"/>
						<SP ID="P7_SP00656" HPOS="1864" VPOS="1562" WIDTH="24"/>
						<String ID="P7_ST00764" HPOS="1888" VPOS="1526" WIDTH="104" HEIGHT="31" CONTENT="solche" WC="0.98" CC="044263"/>
					</TextLine>
					<TextLine ID="P7_TL00108" HPOS="1096" VPOS="1576" WIDTH="896" HEIGHT="38">
						<String ID="P7_ST00765" HPOS="1096" VPOS="1580" WIDTH="155" HEIGHT="34" CONTENT="Methode," WC="0.99" CC="00214003"/>
						<SP ID="P7_SP00657" HPOS="1251" VPOS="1614" WIDTH="23"/>
						<String ID="P7_ST00766" HPOS="1274" VPOS="1589" WIDTH="51" HEIGHT="20" CONTENT="wo" WC="0.81" CC="03"/>
						<SP ID="P7_SP00658" HPOS="1325" VPOS="1614" WIDTH="26"/>
						<String ID="P7_ST00767" HPOS="1351" VPOS="1588" WIDTH="32" HEIGHT="22" CONTENT="es" WC="0.64" CC="07"/>
						<SP ID="P7_SP00659" HPOS="1383" VPOS="1614" WIDTH="25"/>
						<String ID="P7_ST00768" HPOS="1408" VPOS="1580" WIDTH="64" HEIGHT="29" CONTENT="sich" WC="1.00" CC="0100"/>
						<SP ID="P7_SP00660" HPOS="1472" VPOS="1614" WIDTH="25"/>
						<String ID="P7_ST00769" HPOS="1497" VPOS="1579" WIDTH="82" HEIGHT="30" CONTENT="nicht" WC="0.98" CC="30260"/>
						<SP ID="P7_SP00661" HPOS="1579" VPOS="1614" WIDTH="26"/>
						<String ID="P7_ST00770" HPOS="1605" VPOS="1588" WIDTH="55" HEIGHT="19" CONTENT="nur" WC="0.97" CC="070"/>
						<SP ID="P7_SP00662" HPOS="1660" VPOS="1614" WIDTH="26"/>
						<String ID="P7_ST00771" HPOS="1686" VPOS="1587" WIDTH="51" HEIGHT="20" CONTENT="um" WC="0.69" CC="60"/>
						<SP ID="P7_SP00663" HPOS="1737" VPOS="1614" WIDTH="24"/>
						<String ID="P7_ST00772" HPOS="1761" VPOS="1576" WIDTH="214" HEIGHT="31" CONTENT="wissenschaft" SUBS_TYPE="HypPart1" SUBS_CONTENT="wissenschaftliche" WC="0.99" CC="010900027470"/>
						<HYP HPOS="1975" VPOS="1576" WIDTH="17" CONTENT="-"/>
					</TextLine>
					<TextLine ID="P7_TL00109" HPOS="1095" VPOS="1627" WIDTH="897" HEIGHT="37">
						<String ID="P7_ST00773" HPOS="1095" VPOS="1631" WIDTH="78" HEIGHT="30" CONTENT="liche" SUBS_TYPE="HypPart2" SUBS_CONTENT="wissenschaftliche" WC="0.99" CC="12031"/>
						<SP ID="P7_SP00664" HPOS="1173" VPOS="1661" WIDTH="28"/>
						<String ID="P7_ST00774" HPOS="1201" VPOS="1630" WIDTH="192" HEIGHT="34" CONTENT="Erkenntnis," WC="1.00" CC="50020000002"/>
						<SP ID="P7_SP00665" HPOS="1393" VPOS="1664" WIDTH="30"/>
						<String ID="P7_ST00775" HPOS="1423" VPOS="1630" WIDTH="134" HEIGHT="29" CONTENT="sondern" WC="0.99" CC="0150006"/>
						<SP ID="P7_SP00666" HPOS="1557" VPOS="1664" WIDTH="28"/>
						<String ID="P7_ST00776" HPOS="1585" VPOS="1638" WIDTH="51" HEIGHT="20" CONTENT="um" WC="0.63" CC="70"/>
						<SP ID="P7_SP00667" HPOS="1636" VPOS="1664" WIDTH="30"/>
						<String ID="P7_ST00777" HPOS="1666" VPOS="1628" WIDTH="175" HEIGHT="34" CONTENT="praktische" WC="1.00" CC="0000000062"/>
						<SP ID="P7_SP00668" HPOS="1841" VPOS="1664" WIDTH="30"/>
						<String ID="P7_ST00778" HPOS="1871" VPOS="1627" WIDTH="104" HEIGHT="32" CONTENT="Kultur" SUBS_TYPE="HypPart1" SUBS_CONTENT="Kulturfragen" WC="0.99" CC="074000"/>
						<HYP HPOS="1975" VPOS="1627" WIDTH="17" CONTENT="-"/>
					</TextLine>
					<TextLine ID="P7_TL00110" HPOS="1095" VPOS="1677" WIDTH="897" HEIGHT="37">
						<String ID="P7_ST00779" HPOS="1095" VPOS="1681" WIDTH="109" HEIGHT="33" CONTENT="fragen" SUBS_TYPE="HypPart2" SUBS_CONTENT="Kulturfragen" WC="0.98" CC="603006"/>
						<SP ID="P7_SP00669" HPOS="1204" VPOS="1714" WIDTH="16"/>
						<String ID="P7_ST00780" HPOS="1220" VPOS="1680" WIDTH="133" HEIGHT="30" CONTENT="handelt." WC="0.99" CC="30300003"/>
						<SP ID="P7_SP00670" HPOS="1353" VPOS="1714" WIDTH="15"/>
						<String ID="P7_ST00781" HPOS="1368" VPOS="1680" WIDTH="75" HEIGHT="30" CONTENT="Wer" WC="0.97" CC="014"/>
						<SP ID="P7_SP00671" HPOS="1443" VPOS="1714" WIDTH="17"/>
						<String ID="P7_ST00782" HPOS="1460" VPOS="1680" WIDTH="64" HEIGHT="29" CONTENT="hier" WC="0.99" CC="0120"/>
						<SP ID="P7_SP00672" HPOS="1524" VPOS="1714" WIDTH="17"/>
						<String ID="P7_ST00783" HPOS="1541" VPOS="1680" WIDTH="48" HEIGHT="28" CONTENT="die" WC="1.00" CC="000"/>
						<SP ID="P7_SP00673" HPOS="1589" VPOS="1714" WIDTH="16"/>
						<String ID="P7_ST00784" HPOS="1605" VPOS="1678" WIDTH="164" HEIGHT="30" CONTENT="Definition" WC="0.99" CC="0071610427"/>
						<SP ID="P7_SP00674" HPOS="1769" VPOS="1714" WIDTH="19"/>
						<String ID="P7_ST00785" HPOS="1788" VPOS="1678" WIDTH="54" HEIGHT="29" CONTENT="des" WC="1.00" CC="000"/>
						<SP ID="P7_SP00675" HPOS="1842" VPOS="1714" WIDTH="17"/>
						<String ID="P7_ST00786" HPOS="1859" VPOS="1677" WIDTH="111" HEIGHT="29" CONTENT="Stamm" SUBS_TYPE="HypPart1" SUBS_CONTENT="Stammbegriffes" WC="0.99" CC="02200"/>
						<HYP HPOS="1970" VPOS="1677" WIDTH="22" CONTENT="-"/>
					</TextLine>
					<TextLine ID="P7_TL00111" HPOS="1096" VPOS="1727" WIDTH="898" HEIGHT="37">
						<String ID="P7_ST00787" HPOS="1096" VPOS="1730" WIDTH="148" HEIGHT="34" CONTENT="begriffes" SUBS_TYPE="HypPart2" SUBS_CONTENT="Stammbegriffes" WC="0.99" CC="000576700"/>
						<SP ID="P7_SP00676" HPOS="1244" VPOS="1764" WIDTH="17"/>
						<String ID="P7_ST00788" HPOS="1261" VPOS="1731" WIDTH="82" HEIGHT="29" CONTENT="nicht" WC="0.99" CC="05200"/>
						<SP ID="P7_SP00677" HPOS="1343" VPOS="1764" WIDTH="17"/>
						<String ID="P7_ST00789" HPOS="1360" VPOS="1732" WIDTH="74" HEIGHT="28" CONTENT="weit" WC="0.99" CC="0030"/>
						<SP ID="P7_SP00678" HPOS="1434" VPOS="1764" WIDTH="19"/>
						<String ID="P7_ST00790" HPOS="1453" VPOS="1738" WIDTH="102" HEIGHT="25" CONTENT="genug" WC="0.97" CC="93610"/>
						<SP ID="P7_SP00679" HPOS="1555" VPOS="1764" WIDTH="17"/>
						<String ID="P7_ST00791" HPOS="1572" VPOS="1729" WIDTH="72" HEIGHT="35" CONTENT="faßt," WC="0.98" CC="70003"/>
						<SP ID="P7_SP00680" HPOS="1644" VPOS="1764" WIDTH="18"/>
						<String ID="P7_ST00792" HPOS="1662" VPOS="1729" WIDTH="54" HEIGHT="29" CONTENT="der" WC="1.00" CC="000"/>
						<SP ID="P7_SP00681" HPOS="1716" VPOS="1764" WIDTH="19"/>
						<String ID="P7_ST00793" HPOS="1735" VPOS="1729" WIDTH="78" HEIGHT="28" CONTENT="wird" WC="0.98" CC="0009"/>
						<SP ID="P7_SP00682" HPOS="1813" VPOS="1764" WIDTH="17"/>
						<String ID="P7_ST00794" HPOS="1830" VPOS="1728" WIDTH="96" HEIGHT="29" CONTENT="schon" WC="1.00" CC="03000"/>
						<SP ID="P7_SP00683" HPOS="1926" VPOS="1764" WIDTH="18"/>
						<String ID="P7_ST00795" HPOS="1944" VPOS="1727" WIDTH="50" HEIGHT="29" CONTENT="bei" WC="1.00" CC="000"/>
					</TextLine>
					<TextLine ID="P7_TL00112" HPOS="1096" VPOS="1778" WIDTH="896" HEIGHT="36">
						<String ID="P7_ST00796" HPOS="1096" VPOS="1781" WIDTH="59" HEIGHT="29" CONTENT="den" WC="0.97" CC="007"/>
						<SP ID="P7_SP00684" HPOS="1155" VPOS="1810" WIDTH="23"/>
						<String ID="P7_ST00797" HPOS="1178" VPOS="1783" WIDTH="103" HEIGHT="27" CONTENT="ersten" WC="1.00" CC="000005"/>
						<SP ID="P7_SP00685" HPOS="1281" VPOS="1810" WIDTH="22"/>
						<String ID="P7_ST00798" HPOS="1303" VPOS="1780" WIDTH="155" HEIGHT="30" CONTENT="Schritten" WC="1.00" CC="003500002"/>
						<SP ID="P7_SP00686" HPOS="1458" VPOS="1810" WIDTH="22"/>
						<String ID="P7_ST00799" HPOS="1480" VPOS="1781" WIDTH="138" HEIGHT="31" CONTENT="genötigt" WC="1.00" CC="00400000"/>
						<SP ID="P7_SP00687" HPOS="1618" VPOS="1812" WIDTH="22"/>
						<String ID="P7_ST00800" HPOS="1640" VPOS="1781" WIDTH="74" HEIGHT="33" CONTENT="sein," WC="0.97" CC="05472"/>
						<SP ID="P7_SP00688" HPOS="1714" VPOS="1814" WIDTH="22"/>
						<String ID="P7_ST00801" HPOS="1736" VPOS="1780" WIDTH="54" HEIGHT="28" CONTENT="mit" WC="0.98" CC="050"/>
						<SP ID="P7_SP00689" HPOS="1790" VPOS="1814" WIDTH="22"/>
						<String ID="P7_ST00802" HPOS="1812" VPOS="1778" WIDTH="180" HEIGHT="33" CONTENT="Pathologie" WC="1.00" CC="0090043000"/>
					</TextLine>
					<TextLine ID="P7_TL00113" HPOS="1097" VPOS="1828" WIDTH="895" HEIGHT="37">
						<String ID="P7_ST00803" HPOS="1097" VPOS="1831" WIDTH="60" HEIGHT="28" CONTENT="und" WC="0.96" CC="650"/>
						<SP ID="P7_SP00690" HPOS="1157" VPOS="1859" WIDTH="25"/>
						<String ID="P7_ST00804" HPOS="1182" VPOS="1830" WIDTH="203" HEIGHT="32" CONTENT="Kriminalität" WC="0.99" CC="045044555030"/>
						<SP ID="P7_SP00691" HPOS="1385" VPOS="1862" WIDTH="24"/>
						<String ID="P7_ST00805" HPOS="1409" VPOS="1839" WIDTH="38" HEIGHT="20" CONTENT="zu" WC="0.70" CC="05"/>
						<SP ID="P7_SP00692" HPOS="1447" VPOS="1862" WIDTH="27"/>
						<String ID="P7_ST00806" HPOS="1474" VPOS="1830" WIDTH="147" HEIGHT="35" CONTENT="arbeiten," WC="1.00" CC="000050023"/>
						<SP ID="P7_SP00693" HPOS="1621" VPOS="1865" WIDTH="26"/>
						<String ID="P7_ST00807" HPOS="1647" VPOS="1830" WIDTH="118" HEIGHT="29" CONTENT="kommt" WC="1.00" CC="01000"/>
						<SP ID="P7_SP00694" HPOS="1765" VPOS="1865" WIDTH="25"/>
						<String ID="P7_ST00808" HPOS="1790" VPOS="1838" WIDTH="37" HEIGHT="20" CONTENT="zu" WC="0.67" CC="06"/>
						<SP ID="P7_SP00695" HPOS="1827" VPOS="1865" WIDTH="29"/>
						<String ID="P7_ST00809" HPOS="1856" VPOS="1828" WIDTH="58" HEIGHT="31" CONTENT="den" WC="1.00" CC="001"/>
						<SP ID="P7_SP00696" HPOS="1914" VPOS="1865" WIDTH="25"/>
						<String ID="P7_ST00810" HPOS="1939" VPOS="1837" WIDTH="36" HEIGHT="24" CONTENT="ge" SUBS_TYPE="HypPart1" SUBS_CONTENT="gewagtesten" WC="0.98" CC="00"/>
						<HYP HPOS="1975" VPOS="1837" WIDTH="17" CONTENT="-"/>
					</TextLine>
					<TextLine ID="P7_TL00114" HPOS="1096" VPOS="1878" WIDTH="896" HEIGHT="35">
						<String ID="P7_ST00811" HPOS="1096" VPOS="1883" WIDTH="174" HEIGHT="30" CONTENT="wagtesten" SUBS_TYPE="HypPart2" SUBS_CONTENT="gewagtesten" WC="0.99" CC="060700006"/>
						<SP ID="P7_SP00697" HPOS="1270" VPOS="1913" WIDTH="27"/>
						<String ID="P7_ST00812" HPOS="1297" VPOS="1880" WIDTH="214" HEIGHT="33" CONTENT="Auslesungen" WC="0.99" CC="06050064405"/>
						<SP ID="P7_SP00698" HPOS="1511" VPOS="1913" WIDTH="25"/>
						<String ID="P7_ST00813" HPOS="1536" VPOS="1879" WIDTH="254" HEIGHT="34" CONTENT="geschichtlicher" WC="1.00" CC="000004440321000"/>
						<SP ID="P7_SP00699" HPOS="1790" VPOS="1913" WIDTH="28"/>
						<String ID="P7_ST00814" HPOS="1818" VPOS="1878" WIDTH="174" HEIGHT="33" CONTENT="Vorgänge," WC="0.99" CC="003004902"/>
					</TextLine>
					<TextLine ID="P7_TL00115" HPOS="1097" VPOS="1928" WIDTH="841" HEIGHT="35">
						<String ID="P7_ST00815" HPOS="1097" VPOS="1931" WIDTH="73" HEIGHT="29" CONTENT="aber" WC="0.97" CC="6041"/>
						<SP ID="P7_SP00700" HPOS="1170" VPOS="1960" WIDTH="22"/>
						<String ID="P7_ST00816" HPOS="1192" VPOS="1930" WIDTH="101" HEIGHT="33" CONTENT="gewiß" WC="1.00" CC="00000"/>
						<SP ID="P7_SP00701" HPOS="1293" VPOS="1963" WIDTH="19"/>
						<String ID="P7_ST00817" HPOS="1312" VPOS="1939" WIDTH="37" HEIGHT="20" CONTENT="zu" WC="0.71" CC="05"/>
						<SP ID="P7_SP00702" HPOS="1349" VPOS="1963" WIDTH="19"/>
						<String ID="P7_ST00818" HPOS="1368" VPOS="1930" WIDTH="105" HEIGHT="29" CONTENT="keiner" WC="0.99" CC="010420"/>
						<SP ID="P7_SP00703" HPOS="1473" VPOS="1963" WIDTH="20"/>
						<String ID="P7_ST00819" HPOS="1493" VPOS="1930" WIDTH="198" HEIGHT="29" CONTENT="besonnenen" WC="0.99" CC="0103670430"/>
						<SP ID="P7_SP00704" HPOS="1691" VPOS="1963" WIDTH="18"/>
						<String ID="P7_ST00820" HPOS="1709" VPOS="1928" WIDTH="229" HEIGHT="32" CONTENT="Konstruktion." WC="0.99" CC="0500066003314"/>
					</TextLine>
					<TextLine ID="P7_TL00116" HPOS="1152" VPOS="1977" WIDTH="840" HEIGHT="35">
						<String ID="P7_ST00821" HPOS="1152" VPOS="1983" WIDTH="59" HEIGHT="29" CONTENT="Für" WC="0.95" CC="605"/>
						<SP ID="P7_SP00705" HPOS="1211" VPOS="2012" WIDTH="29"/>
						<String ID="P7_ST00822" HPOS="1240" VPOS="1991" WIDTH="91" HEIGHT="21" CONTENT="unser" WC="0.98" CC="70005"/>
						<SP ID="P7_SP00706" HPOS="1331" VPOS="2012" WIDTH="27"/>
						<String ID="P7_ST00823" HPOS="1358" VPOS="1981" WIDTH="118" HEIGHT="30" CONTENT="Thema" WC="1.00" CC="00000"/>
						<SP ID="P7_SP00707" HPOS="1476" VPOS="2012" WIDTH="27"/>
						<String ID="P7_ST00824" HPOS="1503" VPOS="1980" WIDTH="71" HEIGHT="29" CONTENT="muß" WC="0.96" CC="054"/>
						<SP ID="P7_SP00708" HPOS="1574" VPOS="2012" WIDTH="27"/>
						<String ID="P7_ST00825" HPOS="1601" VPOS="1980" WIDTH="64" HEIGHT="29" CONTENT="also" WC="0.98" CC="3300"/>
						<SP ID="P7_SP00709" HPOS="1665" VPOS="2012" WIDTH="29"/>
						<String ID="P7_ST00826" HPOS="1694" VPOS="1979" WIDTH="126" HEIGHT="32" CONTENT="wichtig" WC="1.00" CC="0100040"/>
						<SP ID="P7_SP00710" HPOS="1820" VPOS="2012" WIDTH="27"/>
						<String ID="P7_ST00827" HPOS="1847" VPOS="1978" WIDTH="64" HEIGHT="29" CONTENT="hier" WC="0.99" CC="1103"/>
						<SP ID="P7_SP00711" HPOS="1911" VPOS="2012" WIDTH="28"/>
						<String ID="P7_ST00828" HPOS="1939" VPOS="1977" WIDTH="36" HEIGHT="28" CONTENT="be" SUBS_TYPE="HypPart1" SUBS_CONTENT="bemerkt" WC="0.98" CC="00"/>
						<HYP HPOS="1975" VPOS="1977" WIDTH="17" CONTENT="-"/>
					</TextLine>
					<TextLine ID="P7_TL00117" HPOS="1096" VPOS="2027" WIDTH="895" HEIGHT="39">
						<String ID="P7_ST00829" HPOS="1096" VPOS="2034" WIDTH="101" HEIGHT="29" CONTENT="merkt" SUBS_TYPE="HypPart2" SUBS_CONTENT="bemerkt" WC="0.99" CC="01005"/>
						<SP ID="P7_SP00712" HPOS="1197" VPOS="2063" WIDTH="19"/>
						<String ID="P7_ST00830" HPOS="1216" VPOS="2032" WIDTH="137" HEIGHT="34" CONTENT="werden," WC="1.00" CC="0000050"/>
						<SP ID="P7_SP00713" HPOS="1353" VPOS="2066" WIDTH="22"/>
						<String ID="P7_ST00831" HPOS="1375" VPOS="2032" WIDTH="57" HEIGHT="28" CONTENT="daß" WC="0.99" CC="020"/>
						<SP ID="P7_SP00714" HPOS="1432" VPOS="2066" WIDTH="21"/>
						<String ID="P7_ST00832" HPOS="1453" VPOS="2032" WIDTH="49" HEIGHT="28" CONTENT="die" WC="0.99" CC="002"/>
						<SP ID="P7_SP00715" HPOS="1502" VPOS="2066" WIDTH="20"/>
						<String ID="P7_ST00833" HPOS="1522" VPOS="2030" WIDTH="91" HEIGHT="29" CONTENT="Wahl" WC="0.99" CC="0103"/>
						<SP ID="P7_SP00716" HPOS="1613" VPOS="2066" WIDTH="20"/>
						<String ID="P7_ST00834" HPOS="1633" VPOS="2030" WIDTH="54" HEIGHT="29" CONTENT="des" WC="1.00" CC="000"/>
						<SP ID="P7_SP00717" HPOS="1687" VPOS="2066" WIDTH="23"/>
						<String ID="P7_ST00835" HPOS="1710" VPOS="2027" WIDTH="263" HEIGHT="31" CONTENT="Geschlechts-Ob" SUBS_TYPE="HypPart1" SUBS_CONTENT="Geschlechts-Objektes" WC="1.00" CC="50006001370300"/>
						<HYP HPOS="1973" VPOS="2027" WIDTH="18" CONTENT="-"/>
					</TextLine>
					<TextLine ID="P7_TL00118" HPOS="1096" VPOS="2080" WIDTH="896" HEIGHT="37">
						<String ID="P7_ST00836" HPOS="1096" VPOS="2084" WIDTH="98" HEIGHT="33" CONTENT="jektes" SUBS_TYPE="HypPart2" SUBS_CONTENT="Geschlechts-Objektes" WC="0.99" CC="640000"/>
						<SP ID="P7_SP00718" HPOS="1194" VPOS="2117" WIDTH="29"/>
						<String ID="P7_ST00837" HPOS="1223" VPOS="2085" WIDTH="30" HEIGHT="27" CONTENT="in" WC="0.69" CC="06"/>
						<SP ID="P7_SP00719" HPOS="1253" VPOS="2117" WIDTH="29"/>
						<String ID="P7_ST00838" HPOS="1282" VPOS="2083" WIDTH="78" HEIGHT="29" CONTENT="allen" WC="0.98" CC="40403"/>
						<SP ID="P7_SP00720" HPOS="1360" VPOS="2117" WIDTH="30"/>
						<String ID="P7_ST00839" HPOS="1390" VPOS="2081" WIDTH="108" HEIGHT="30" CONTENT="Stufen" WC="0.99" CC="000706"/>
						<SP ID="P7_SP00721" HPOS="1498" VPOS="2117" WIDTH="29"/>
						<String ID="P7_ST00840" HPOS="1527" VPOS="2081" WIDTH="54" HEIGHT="29" CONTENT="der" WC="0.99" CC="002"/>
						<SP ID="P7_SP00722" HPOS="1581" VPOS="2117" WIDTH="30"/>
						<String ID="P7_ST00841" HPOS="1611" VPOS="2080" WIDTH="207" HEIGHT="32" CONTENT="Annäherung" WC="0.99" CC="0360208630"/>
						<SP ID="P7_SP00723" HPOS="1818" VPOS="2117" WIDTH="30"/>
						<String ID="P7_ST00842" HPOS="1848" VPOS="2086" WIDTH="62" HEIGHT="20" CONTENT="von" WC="0.95" CC="047"/>
						<SP ID="P7_SP00724" HPOS="1910" VPOS="2117" WIDTH="30"/>
						<String ID="P7_ST00843" HPOS="1940" VPOS="2086" WIDTH="35" HEIGHT="24" CONTENT="ge" SUBS_TYPE="HypPart1" SUBS_CONTENT="gewöhnlicher" WC="0.97" CC="02"/>
						<HYP HPOS="1975" VPOS="2086" WIDTH="17" CONTENT="-"/>
					</TextLine>
					<TextLine ID="P7_TL00119" HPOS="1096" VPOS="2128" WIDTH="896" HEIGHT="36">
						<String ID="P7_ST00844" HPOS="1096" VPOS="2134" WIDTH="188" HEIGHT="30" CONTENT="wöhnlicher" SUBS_TYPE="HypPart2" SUBS_CONTENT="gewöhnlicher" WC="1.00" CC="0000241002"/>
						<SP ID="P7_SP00725" HPOS="1284" VPOS="2164" WIDTH="24"/>
						<String ID="P7_ST00845" HPOS="1308" VPOS="2133" WIDTH="178" HEIGHT="31" CONTENT="Anziehung" WC="0.99" CC="000005370"/>
						<SP ID="P7_SP00726" HPOS="1486" VPOS="2164" WIDTH="23"/>
						<String ID="P7_ST00846" HPOS="1509" VPOS="2132" WIDTH="47" HEIGHT="28" CONTENT="bis" WC="0.98" CC="060"/>
						<SP ID="P7_SP00727" HPOS="1556" VPOS="2164" WIDTH="20"/>
						<String ID="P7_ST00847" HPOS="1576" VPOS="2139" WIDTH="54" HEIGHT="21" CONTENT="zur" WC="0.97" CC="070"/>
						<SP ID="P7_SP00728" HPOS="1630" VPOS="2164" WIDTH="23"/>
						<String ID="P7_ST00848" HPOS="1653" VPOS="2129" WIDTH="163" HEIGHT="34" CONTENT="Begierde," WC="0.99" CC="290022003"/>
						<SP ID="P7_SP00729" HPOS="1816" VPOS="2164" WIDTH="23"/>
						<String ID="P7_ST00849" HPOS="1839" VPOS="2128" WIDTH="153" HEIGHT="29" CONTENT="durchaus" WC="0.99" CC="06230052"/>
					</TextLine>
					<TextLine ID="P7_TL00120" HPOS="1098" VPOS="2178" WIDTH="896" HEIGHT="36">
						<String ID="P7_ST00850" HPOS="1098" VPOS="2185" WIDTH="82" HEIGHT="29" CONTENT="nicht" WC="0.97" CC="24056"/>
						<SP ID="P7_SP00730" HPOS="1180" VPOS="2214" WIDTH="26"/>
						<String ID="P7_ST00851" HPOS="1206" VPOS="2192" WIDTH="37" HEIGHT="21" CONTENT="an" WC="0.38" CC="66"/>
						<SP ID="P7_SP00731" HPOS="1243" VPOS="2214" WIDTH="27"/>
						<String ID="P7_ST00852" HPOS="1270" VPOS="2184" WIDTH="55" HEIGHT="29" CONTENT="das" WC="1.00" CC="000"/>
						<SP ID="P7_SP00732" HPOS="1325" VPOS="2214" WIDTH="25"/>
						<String ID="P7_ST00853" HPOS="1350" VPOS="2183" WIDTH="161" HEIGHT="29" CONTENT="andere" WC="0.99" CC="040050"/>
						<SP ID="P7_SP00733" HPOS="1511" VPOS="2214" WIDTH="28"/>
						<String ID="P7_ST00854" HPOS="1539" VPOS="2179" WIDTH="266" HEIGHT="32" CONTENT="Geschlecht" WC="0.99" CC="6000383450"/>
						<SP ID="P7_SP00734" HPOS="1805" VPOS="2214" WIDTH="26"/>
						<String ID="P7_ST00855" HPOS="1831" VPOS="2178" WIDTH="163" HEIGHT="33" CONTENT="gebunden" WC="0.99" CC="00060006"/>
					</TextLine>
					<TextLine ID="P7_TL00121" HPOS="1096" VPOS="2228" WIDTH="898" HEIGHT="41">
						<String ID="P7_ST00856" HPOS="1096" VPOS="2237" WIDTH="48" HEIGHT="32" CONTENT="ist," WC="0.99" CC="4000"/>
						<SP ID="P7_SP00735" HPOS="1144" VPOS="2269" WIDTH="18"/>
						<String ID="P7_ST00857" HPOS="1162" VPOS="2235" WIDTH="60" HEIGHT="28" CONTENT="wie" WC="1.00" CC="000"/>
						<SP ID="P7_SP00736" HPOS="1222" VPOS="2269" WIDTH="19"/>
						<String ID="P7_ST00858" HPOS="1241" VPOS="2233" WIDTH="70" HEIGHT="30" CONTENT="sehr" WC="0.98" CC="5005"/>
						<SP ID="P7_SP00737" HPOS="1311" VPOS="2269" WIDTH="20"/>
						<String ID="P7_ST00859" HPOS="1331" VPOS="2242" WIDTH="32" HEIGHT="21" CONTENT="es" WC="1.00" CC="00"/>
						<SP ID="P7_SP00738" HPOS="1363" VPOS="2269" WIDTH="21"/>
						<String ID="P7_ST00860" HPOS="1384" VPOS="2232" WIDTH="79" HEIGHT="29" CONTENT="auch" WC="0.96" CC="3409"/>
						<SP ID="P7_SP00739" HPOS="1463" VPOS="2269" WIDTH="18"/>
						<String ID="P7_ST00861" HPOS="1481" VPOS="2232" WIDTH="49" HEIGHT="29" CONTENT="bei" WC="0.99" CC="003"/>
						<SP ID="P7_SP00740" HPOS="1530" VPOS="2269" WIDTH="19"/>
						<String ID="P7_ST00862" HPOS="1549" VPOS="2232" WIDTH="57" HEIGHT="29" CONTENT="den" WC="0.96" CC="037"/>
						<SP ID="P7_SP00741" HPOS="1606" VPOS="2269" WIDTH="19"/>
						<String ID="P7_ST00863" HPOS="1625" VPOS="2231" WIDTH="209" HEIGHT="29" CONTENT="intensiveren" WC="1.00" CC="050200502011"/>
						<SP ID="P7_SP00742" HPOS="1834" VPOS="2269" WIDTH="19"/>
						<String ID="P7_ST00864" HPOS="1853" VPOS="2228" WIDTH="124" HEIGHT="29" CONTENT="Gefühls" SUBS_TYPE="HypPart1" SUBS_CONTENT="Gefühlskomplexen" WC="0.99" CC="6050210"/>
						<HYP HPOS="1977" VPOS="2228" WIDTH="17" CONTENT="-"/>
					</TextLine>
					<TextLine ID="P7_TL00122" HPOS="1098" VPOS="2277" WIDTH="896" HEIGHT="40">
						<String ID="P7_ST00865" HPOS="1098" VPOS="2285" WIDTH="184" HEIGHT="32" CONTENT="komplexen" SUBS_TYPE="HypPart2" SUBS_CONTENT="Gefühlskomplexen" WC="1.00" CC="000024004"/>
						<SP ID="P7_SP00743" HPOS="1282" VPOS="2317" WIDTH="21"/>
						<String ID="P7_ST00866" HPOS="1303" VPOS="2280" WIDTH="75" HEIGHT="35" CONTENT="(von" WC="0.97" CC="0046"/>
						<SP ID="P7_SP00744" HPOS="1378" VPOS="2317" WIDTH="18"/>
						<String ID="P7_ST00867" HPOS="1396" VPOS="2282" WIDTH="94" HEIGHT="30" CONTENT="Liebe" WC="0.99" CC="05401"/>
						<SP ID="P7_SP00745" HPOS="1490" VPOS="2317" WIDTH="20"/>
						<String ID="P7_ST00868" HPOS="1510" VPOS="2282" WIDTH="47" HEIGHT="28" CONTENT="bis" WC="0.99" CC="030"/>
						<SP ID="P7_SP00746" HPOS="1557" VPOS="2317" WIDTH="17"/>
						<String ID="P7_ST00869" HPOS="1574" VPOS="2277" WIDTH="165" HEIGHT="36" CONTENT="Begierde)" WC="0.99" CC="209503050"/>
						<SP ID="P7_SP00747" HPOS="1739" VPOS="2317" WIDTH="24"/>
						<String ID="P7_ST00870" HPOS="1763" VPOS="2280" WIDTH="58" HEIGHT="28" CONTENT="den" WC="0.96" CC="026"/>
						<SP ID="P7_SP00748" HPOS="1821" VPOS="2317" WIDTH="20"/>
						<String ID="P7_ST00871" HPOS="1841" VPOS="2278" WIDTH="153" HEIGHT="30" CONTENT="Anschein" WC="0.99" CC="05016048"/>
					</TextLine>
					<TextLine ID="P7_TL00123" HPOS="1098" VPOS="2328" WIDTH="896" HEIGHT="38">
						<String ID="P7_ST00872" HPOS="1098" VPOS="2336" WIDTH="61" HEIGHT="28" CONTENT="hat." WC="0.99" CC="2004"/>
						<SP ID="P7_SP00749" HPOS="1159" VPOS="2364" WIDTH="45"/>
						<String ID="P7_ST00873" HPOS="1204" VPOS="2334" WIDTH="226" HEIGHT="32" CONTENT="Ebensowenig" WC="1.00" CC="50060001430"/>
						<SP ID="P7_SP00750" HPOS="1430" VPOS="2366" WIDTH="28"/>
						<String ID="P7_ST00874" HPOS="1458" VPOS="2331" WIDTH="68" HEIGHT="30" CONTENT="darf" WC="0.98" CC="0009"/>
						<SP ID="P7_SP00751" HPOS="1526" VPOS="2366" WIDTH="25"/>
						<String ID="P7_ST00875" HPOS="1551" VPOS="2340" WIDTH="71" HEIGHT="20" CONTENT="man" WC="0.97" CC="026"/>
						<SP ID="P7_SP00752" HPOS="1622" VPOS="2366" WIDTH="27"/>
						<String ID="P7_ST00876" HPOS="1649" VPOS="2329" WIDTH="110" HEIGHT="30" CONTENT="darauf" WC="0.98" CC="010667"/>
						<SP ID="P7_SP00753" HPOS="1759" VPOS="2366" WIDTH="26"/>
						<String ID="P7_ST00877" HPOS="1785" VPOS="2328" WIDTH="209" HEIGHT="32" CONTENT="hinausgehen" WC="1.00" CC="25016000000"/>
					</TextLine>
					<TextLine ID="P7_TL00124" HPOS="1099" VPOS="2379" WIDTH="895" HEIGHT="40">
						<String ID="P7_ST00878" HPOS="1099" VPOS="2385" WIDTH="121" HEIGHT="34" CONTENT="wollen," WC="0.99" CC="0065004"/>
						<SP ID="P7_SP00754" HPOS="1220" VPOS="2419" WIDTH="22"/>
						<String ID="P7_ST00879" HPOS="1242" VPOS="2385" WIDTH="48" HEIGHT="29" CONTENT="die" WC="0.98" CC="032"/>
						<SP ID="P7_SP00755" HPOS="1290" VPOS="2419" WIDTH="22"/>
						<String ID="P7_ST00880" HPOS="1312" VPOS="2386" WIDTH="30" HEIGHT="27" CONTENT="in" WC="0.68" CC="06"/>
						<SP ID="P7_SP00756" HPOS="1342" VPOS="2419" WIDTH="22"/>
						<String ID="P7_ST00881" HPOS="1364" VPOS="2383" WIDTH="59" HEIGHT="29" CONTENT="den" WC="0.98" CC="006"/>
						<SP ID="P7_SP00757" HPOS="1423" VPOS="2419" WIDTH="21"/>
						<String ID="P7_ST00882" HPOS="1444" VPOS="2382" WIDTH="111" HEIGHT="29" CONTENT="beiden" WC="0.99" CC="001056"/>
						<SP ID="P7_SP00758" HPOS="1555" VPOS="2419" WIDTH="23"/>
						<String ID="P7_ST00883" HPOS="1578" VPOS="2381" WIDTH="113" HEIGHT="30" CONTENT="letzten" WC="0.99" CC="0002015"/>
						<SP ID="P7_SP00759" HPOS="1691" VPOS="2419" WIDTH="22"/>
						<String ID="P7_ST00884" HPOS="1713" VPOS="2380" WIDTH="102" HEIGHT="29" CONTENT="Fällen" WC="0.98" CC="404430"/>
						<SP ID="P7_SP00760" HPOS="1815" VPOS="2419" WIDTH="23"/>
						<String ID="P7_ST00885" HPOS="1838" VPOS="2379" WIDTH="139" HEIGHT="33" CONTENT="gelegent" SUBS_TYPE="HypPart1" SUBS_CONTENT="gelegentlich" WC="1.00" CC="00300220"/>
						<HYP HPOS="1977" VPOS="2379" WIDTH="17" CONTENT="-"/>
					</TextLine>
					<TextLine ID="P7_TL00125" HPOS="1099" VPOS="2428" WIDTH="897" HEIGHT="37">
						<String ID="P7_ST00886" HPOS="1099" VPOS="2435" WIDTH="58" HEIGHT="30" CONTENT="lich" SUBS_TYPE="HypPart2" SUBS_CONTENT="gelegentlich" WC="0.98" CC="5202"/>
						<SP ID="P7_SP00761" HPOS="1157" VPOS="2465" WIDTH="22"/>
						<String ID="P7_ST00887" HPOS="1179" VPOS="2454" WIDTH="38" HEIGHT="4" CONTENT="—" WC="0.20" CC="8"/>
						<SP ID="P7_SP00762" HPOS="1217" VPOS="2465" WIDTH="22"/>
						<String ID="P7_ST00888" HPOS="1239" VPOS="2437" WIDTH="87" HEIGHT="26" CONTENT="unter" WC="0.98" CC="78000"/>
						<SP ID="P7_SP00763" HPOS="1326" VPOS="2465" WIDTH="25"/>
						<String ID="P7_ST00889" HPOS="1351" VPOS="2432" WIDTH="184" HEIGHT="30" CONTENT="Tausenden" WC="1.00" CC="013004003"/>
						<SP ID="P7_SP00764" HPOS="1535" VPOS="2465" WIDTH="21"/>
						<String ID="P7_ST00890" HPOS="1556" VPOS="2432" WIDTH="93" HEIGHT="28" CONTENT="kaum" WC="0.98" CC="0060"/>
						<SP ID="P7_SP00765" HPOS="1649" VPOS="2465" WIDTH="25"/>
						<String ID="P7_ST00891" HPOS="1674" VPOS="2430" WIDTH="109" HEIGHT="30" CONTENT="einmal" WC="0.98" CC="052035"/>
						<SP ID="P7_SP00766" HPOS="1783" VPOS="2465" WIDTH="23"/>
						<String ID="P7_ST00892" HPOS="1806" VPOS="2449" WIDTH="38" HEIGHT="4" CONTENT="—" WC="0.20" CC="8"/>
						<SP ID="P7_SP00767" HPOS="1844" VPOS="2465" WIDTH="22"/>
						<String ID="P7_ST00893" HPOS="1866" VPOS="2428" WIDTH="130" HEIGHT="33" CONTENT="erfolgte" WC="0.99" CC="03046005"/>
					</TextLine>
					<TextLine ID="P7_TL00126" HPOS="1099" VPOS="2479" WIDTH="896" HEIGHT="38">
						<String ID="P7_ST00894" HPOS="1099" VPOS="2484" WIDTH="241" HEIGHT="33" CONTENT="Fortpflanzung" WC="1.00" CC="5000074000100"/>
						<SP ID="P7_SP00768" HPOS="1340" VPOS="2517" WIDTH="29"/>
						<String ID="P7_ST00895" HPOS="1369" VPOS="2491" WIDTH="70" HEIGHT="21" CONTENT="zum" WC="0.99" CC="030"/>
						<SP ID="P7_SP00769" HPOS="1439" VPOS="2517" WIDTH="29"/>
						<String ID="P7_ST00896" HPOS="1468" VPOS="2482" WIDTH="113" HEIGHT="29" CONTENT="Zweck" WC="1.00" CC="00000"/>
						<SP ID="P7_SP00770" HPOS="1581" VPOS="2517" WIDTH="28"/>
						<String ID="P7_ST00897" HPOS="1609" VPOS="2481" WIDTH="61" HEIGHT="29" CONTENT="und" WC="0.96" CC="650"/>
						<SP ID="P7_SP00771" HPOS="1670" VPOS="2517" WIDTH="29"/>
						<String ID="P7_ST00898" HPOS="1699" VPOS="2480" WIDTH="83" HEIGHT="34" CONTENT="Sinn," WC="0.99" CC="00043"/>
						<SP ID="P7_SP00772" HPOS="1782" VPOS="2517" WIDTH="29"/>
						<String ID="P7_ST00899" HPOS="1811" VPOS="2479" WIDTH="60" HEIGHT="29" CONTENT="und" WC="0.96" CC="470"/>
						<SP ID="P7_SP00773" HPOS="1871" VPOS="2517" WIDTH="30"/>
						<String ID="P7_ST00900" HPOS="1901" VPOS="2479" WIDTH="94" HEIGHT="28" CONTENT="damit" WC="0.99" CC="04030"/>
					</TextLine>
					<TextLine ID="P7_TL00127" HPOS="1100" VPOS="2529" WIDTH="896" HEIGHT="38">
						<String ID="P7_ST00901" HPOS="1100" VPOS="2535" WIDTH="175" HEIGHT="30" CONTENT="schließlich" WC="0.99" CC="05150303045"/>
						<SP ID="P7_SP00774" HPOS="1275" VPOS="2565" WIDTH="25"/>
						<String ID="P7_ST00902" HPOS="1300" VPOS="2542" WIDTH="55" HEIGHT="25" CONTENT="gar" WC="0.99" CC="001"/>
						<SP ID="P7_SP00775" HPOS="1355" VPOS="2567" WIDTH="28"/>
						<String ID="P7_ST00903" HPOS="1383" VPOS="2542" WIDTH="55" HEIGHT="20" CONTENT="zur" WC="0.96" CC="054"/>
						<SP ID="P7_SP00776" HPOS="1438" VPOS="2567" WIDTH="26"/>
						<String ID="P7_ST00904" HPOS="1464" VPOS="2531" WIDTH="255" HEIGHT="35" CONTENT="Rechtfertigung" WC="1.00" CC="00400600050564"/>
						<SP ID="P7_SP00777" HPOS="1719" VPOS="2567" WIDTH="25"/>
						<String ID="P7_ST00905" HPOS="1744" VPOS="2531" WIDTH="54" HEIGHT="28" CONTENT="der" WC="1.00" CC="000"/>
						<SP ID="P7_SP00778" HPOS="1798" VPOS="2567" WIDTH="28"/>
						<String ID="P7_ST00906" HPOS="1826" VPOS="2529" WIDTH="170" HEIGHT="30" CONTENT="Sexualität" WC="1.00" CC="0006340000"/>
					</TextLine>
					<TextLine ID="P7_TL00128" HPOS="1101" VPOS="2579" WIDTH="895" HEIGHT="39">
						<String ID="P7_ST00907" HPOS="1101" VPOS="2594" WIDTH="38" HEIGHT="20" CONTENT="zu" WC="0.89" CC="02"/>
						<SP ID="P7_SP00779" HPOS="1139" VPOS="2614" WIDTH="22"/>
						<String ID="P7_ST00908" HPOS="1161" VPOS="2585" WIDTH="144" HEIGHT="33" CONTENT="erheben," WC="1.00" CC="04000040"/>
						<SP ID="P7_SP00780" HPOS="1305" VPOS="2618" WIDTH="21"/>
						<String ID="P7_ST00909" HPOS="1326" VPOS="2583" WIDTH="150" HEIGHT="30" CONTENT="wodurch" WC="0.99" CC="0006007"/>
						<SP ID="P7_SP00781" HPOS="1476" VPOS="2618" WIDTH="20"/>
						<String ID="P7_ST00910" HPOS="1496" VPOS="2583" WIDTH="83" HEIGHT="28" CONTENT="dann" WC="0.98" CC="0035"/>
						<SP ID="P7_SP00782" HPOS="1579" VPOS="2618" WIDTH="23"/>
						<String ID="P7_ST00911" HPOS="1602" VPOS="2581" WIDTH="56" HEIGHT="30" CONTENT="alle" WC="0.98" CC="5020"/>
						<SP ID="P7_SP00783" HPOS="1658" VPOS="2618" WIDTH="21"/>
						<String ID="P7_ST00912" HPOS="1679" VPOS="2581" WIDTH="136" HEIGHT="29" CONTENT="anderen" WC="0.99" CC="5305400"/>
						<SP ID="P7_SP00784" HPOS="1815" VPOS="2618" WIDTH="23"/>
						<String ID="P7_ST00913" HPOS="1838" VPOS="2579" WIDTH="158" HEIGHT="34" CONTENT="Resultate" WC="1.00" CC="000140000"/>
					</TextLine>
					<TextLine ID="P7_TL00129" HPOS="1102" VPOS="2628" WIDTH="895" HEIGHT="39">
						<String ID="P7_ST00914" HPOS="1102" VPOS="2637" WIDTH="66" HEIGHT="28" CONTENT="eine" WC="0.99" CC="4000"/>
						<SP ID="P7_SP00785" HPOS="1168" VPOS="2665" WIDTH="19"/>
						<String ID="P7_ST00915" HPOS="1187" VPOS="2635" WIDTH="153" HEIGHT="32" CONTENT="auffällige" WC="0.99" CC="3765040000"/>
						<SP ID="P7_SP00786" HPOS="1340" VPOS="2667" WIDTH="17"/>
						<String ID="P7_ST00916" HPOS="1357" VPOS="2632" WIDTH="288" HEIGHT="32" CONTENT="Wertverkürzung" WC="1.00" CC="02000000000660"/>
						<SP ID="P7_SP00787" HPOS="1645" VPOS="2667" WIDTH="18"/>
						<String ID="P7_ST00917" HPOS="1663" VPOS="2631" WIDTH="143" HEIGHT="30" CONTENT="erleiden." WC="0.99" CC="014000053"/>
						<SP ID="P7_SP00788" HPOS="1806" VPOS="2667" WIDTH="37"/>
						<String ID="P7_ST00918" HPOS="1843" VPOS="2629" WIDTH="62" HEIGHT="29" CONTENT="Der" WC="0.97" CC="204"/>
						<SP ID="P7_SP00789" HPOS="1905" VPOS="2667" WIDTH="19"/>
						<String ID="P7_ST00919" HPOS="1924" VPOS="2628" WIDTH="73" HEIGHT="29" CONTENT="Zahl" WC="0.98" CC="0224"/>
					</TextLine>
					<TextLine ID="P7_TL00130" HPOS="1102" VPOS="2680" WIDTH="895" HEIGHT="37">
						<String ID="P7_ST00920" HPOS="1102" VPOS="2685" WIDTH="78" HEIGHT="30" CONTENT="nach" WC="0.98" CC="3500"/>
						<SP ID="P7_SP00790" HPOS="1180" VPOS="2715" WIDTH="17"/>
						<String ID="P7_ST00921" HPOS="1197" VPOS="2693" WIDTH="49" HEIGHT="21" CONTENT="am" WC="0.70" CC="50"/>
						<SP ID="P7_SP00791" HPOS="1246" VPOS="2715" WIDTH="18"/>
						<String ID="P7_ST00922" HPOS="1264" VPOS="2684" WIDTH="173" HEIGHT="33" CONTENT="häufigsten" WC="0.99" CC="0066000006"/>
						<SP ID="P7_SP00792" HPOS="1437" VPOS="2717" WIDTH="18"/>
						<String ID="P7_ST00923" HPOS="1455" VPOS="2684" WIDTH="106" HEIGHT="28" CONTENT="nimmt" WC="1.00" CC="04000"/>
						<SP ID="P7_SP00793" HPOS="1561" VPOS="2717" WIDTH="19"/>
						<String ID="P7_ST00924" HPOS="1580" VPOS="2682" WIDTH="47" HEIGHT="30" CONTENT="die" WC="0.99" CC="002"/>
						<SP ID="P7_SP00794" HPOS="1627" VPOS="2717" WIDTH="17"/>
						<String ID="P7_ST00925" HPOS="1644" VPOS="2681" WIDTH="172" HEIGHT="30" CONTENT="Sexualität" WC="1.00" CC="0006403000"/>
						<SP ID="P7_SP00795" HPOS="1816" VPOS="2717" WIDTH="18"/>
						<String ID="P7_ST00926" HPOS="1834" VPOS="2680" WIDTH="163" HEIGHT="32" CONTENT="allerdings" WC="0.99" CC="3540000600"/>
					</TextLine>
					<TextLine ID="P7_TL00131" HPOS="1104" VPOS="2731" WIDTH="893" HEIGHT="36">
						<String ID="P7_ST00927" HPOS="1104" VPOS="2735" WIDTH="59" HEIGHT="29" CONTENT="den" WC="0.96" CC="027"/>
						<SP ID="P7_SP00796" HPOS="1163" VPOS="2764" WIDTH="26"/>
						<String ID="P7_ST00928" HPOS="1189" VPOS="2734" WIDTH="81" HEIGHT="33" CONTENT="Weg" WC="1.00" CC="000"/>
						<SP ID="P7_SP00797" HPOS="1270" VPOS="2767" WIDTH="25"/>
						<String ID="P7_ST00929" HPOS="1295" VPOS="2734" WIDTH="74" HEIGHT="29" CONTENT="über" WC="1.00" CC="0001"/>
						<SP ID="P7_SP00798" HPOS="1369" VPOS="2767" WIDTH="30"/>
						<String ID="P7_ST00930" HPOS="1399" VPOS="2734" WIDTH="48" HEIGHT="28" CONTENT="die" WC="0.99" CC="002"/>
						<SP ID="P7_SP00799" HPOS="1447" VPOS="2767" WIDTH="23"/>
						<String ID="P7_ST00931" HPOS="1470" VPOS="2733" WIDTH="94" HEIGHT="29" CONTENT="Liebe" WC="0.99" CC="05001"/>
						<SP ID="P7_SP00800" HPOS="1564" VPOS="2767" WIDTH="27"/>
						<String ID="P7_ST00932" HPOS="1591" VPOS="2741" WIDTH="54" HEIGHT="20" CONTENT="zur" WC="0.96" CC="055"/>
						<SP ID="P7_SP00801" HPOS="1645" VPOS="2767" WIDTH="27"/>
						<String ID="P7_ST00933" HPOS="1672" VPOS="2731" WIDTH="153" HEIGHT="34" CONTENT="Begierde" WC="0.99" CC="03050200"/>
						<SP ID="P7_SP00802" HPOS="1825" VPOS="2767" WIDTH="26"/>
						<String ID="P7_ST00934" HPOS="1851" VPOS="2731" WIDTH="50" HEIGHT="30" CONTENT="bei" WC="1.00" CC="000"/>
						<SP ID="P7_SP00803" HPOS="1901" VPOS="2767" WIDTH="25"/>
						<String ID="P7_ST00935" HPOS="1926" VPOS="2738" WIDTH="54" HEIGHT="21" CONTENT="ver" SUBS_TYPE="HypPart1" SUBS_CONTENT="verschiedenem" WC="0.97" CC="603"/>
						<HYP HPOS="1980" VPOS="2738" WIDTH="17" CONTENT="-"/>
					</TextLine>
					<TextLine ID="P7_TL00132" HPOS="1103" VPOS="2781" WIDTH="894" HEIGHT="33">
						<String ID="P7_ST00936" HPOS="1103" VPOS="2785" WIDTH="197" HEIGHT="29" CONTENT="schiedenem" SUBS_TYPE="HypPart2" SUBS_CONTENT="verschiedenem" WC="0.99" CC="0200014703"/>
						<SP ID="P7_SP00804" HPOS="1300" VPOS="2814" WIDTH="27"/>
						<String ID="P7_ST00937" HPOS="1327" VPOS="2783" WIDTH="197" HEIGHT="30" CONTENT="Geschlecht:" WC="0.99" CC="32000205734"/>
						<SP ID="P7_SP00805" HPOS="1524" VPOS="2814" WIDTH="28"/>
						<String ID="P7_ST00938" HPOS="1552" VPOS="2782" WIDTH="53" HEIGHT="29" CONTENT="der" WC="0.98" CC="012"/>
						<SP ID="P7_SP00806" HPOS="1605" VPOS="2814" WIDTH="26"/>
						<String ID="P7_ST00939" HPOS="1631" VPOS="2781" WIDTH="95" HEIGHT="30" CONTENT="Mann" WC="0.97" CC="0456"/>
						<SP ID="P7_SP00807" HPOS="1726" VPOS="2814" WIDTH="24"/>
						<String ID="P7_ST00940" HPOS="1750" VPOS="2782" WIDTH="80" HEIGHT="29" CONTENT="wird" WC="0.99" CC="0030"/>
						<SP ID="P7_SP00808" HPOS="1830" VPOS="2814" WIDTH="25"/>
						<String ID="P7_ST00941" HPOS="1855" VPOS="2790" WIDTH="63" HEIGHT="21" CONTENT="von" WC="0.96" CC="026"/>
						<SP ID="P7_SP00809" HPOS="1918" VPOS="2814" WIDTH="26"/>
						<String ID="P7_ST00942" HPOS="1944" VPOS="2781" WIDTH="53" HEIGHT="29" CONTENT="der" WC="0.99" CC="010"/>
					</TextLine>
					<TextLine ID="P7_TL00133" HPOS="1107" VPOS="2831" WIDTH="893" HEIGHT="36">
						<String ID="P7_ST00943" HPOS="1107" VPOS="2835" WIDTH="54" HEIGHT="30" CONTENT="Art" WC="0.96" CC="640"/>
						<SP ID="P7_SP00810" HPOS="1161" VPOS="2865" WIDTH="17"/>
						<String ID="P7_ST00944" HPOS="1178" VPOS="2836" WIDTH="82" HEIGHT="29" CONTENT="eines" WC="0.99" CC="00700"/>
						<SP ID="P7_SP00811" HPOS="1260" VPOS="2865" WIDTH="17"/>
						<String ID="P7_ST00945" HPOS="1277" VPOS="2834" WIDTH="126" HEIGHT="29" CONTENT="Weibes" WC="1.00" CC="000000"/>
						<SP ID="P7_SP00812" HPOS="1403" VPOS="2865" WIDTH="16"/>
						<String ID="P7_ST00946" HPOS="1419" VPOS="2832" WIDTH="141" HEIGHT="35" CONTENT="gepackt," WC="0.99" CC="00053004"/>
						<SP ID="P7_SP00813" HPOS="1560" VPOS="2867" WIDTH="17"/>
						<String ID="P7_ST00947" HPOS="1577" VPOS="2832" WIDTH="57" HEIGHT="29" CONTENT="das" WC="0.93" CC="099"/>
						<SP ID="P7_SP00814" HPOS="1634" VPOS="2867" WIDTH="12"/>
						<String ID="P7_ST00948" HPOS="1646" VPOS="2841" WIDTH="34" HEIGHT="20" CONTENT="er" WC="0.51" CC="90"/>
						<SP ID="P7_SP00815" HPOS="1680" VPOS="2867" WIDTH="18"/>
						<String ID="P7_ST00949" HPOS="1698" VPOS="2831" WIDTH="65" HEIGHT="30" CONTENT="sich" WC="0.98" CC="0405"/>
						<SP ID="P7_SP00816" HPOS="1763" VPOS="2867" WIDTH="17"/>
						<String ID="P7_ST00950" HPOS="1780" VPOS="2840" WIDTH="54" HEIGHT="21" CONTENT="aus" WC="0.98" CC="220"/>
						<SP ID="P7_SP00817" HPOS="1834" VPOS="2867" WIDTH="16"/>
						<String ID="P7_ST00951" HPOS="1850" VPOS="2831" WIDTH="52" HEIGHT="30" CONTENT="der" WC="0.98" CC="013"/>
						<SP ID="P7_SP00818" HPOS="1902" VPOS="2867" WIDTH="17"/>
						<String ID="P7_ST00952" HPOS="1919" VPOS="2831" WIDTH="65" HEIGHT="30" CONTENT="übri" SUBS_TYPE="HypPart1" SUBS_CONTENT="übrigen" WC="0.99" CC="0012"/>
						<HYP HPOS="1984" VPOS="2831" WIDTH="16" CONTENT="-"/>
					</TextLine>
					<TextLine ID="P7_TL00134" HPOS="1104" VPOS="2881" WIDTH="894" HEIGHT="36">
						<String ID="P7_ST00953" HPOS="1104" VPOS="2893" WIDTH="59" HEIGHT="24" CONTENT="gen" SUBS_TYPE="HypPart2" SUBS_CONTENT="übrigen" WC="0.98" CC="004"/>
						<SP ID="P7_SP00819" HPOS="1163" VPOS="2917" WIDTH="27"/>
						<String ID="P7_ST00954" HPOS="1190" VPOS="2882" WIDTH="369" HEIGHT="34" CONTENT="Menschengesellschaft" WC="1.00" CC="01600602000023000590"/>
						<SP ID="P7_SP00820" HPOS="1559" VPOS="2917" WIDTH="31"/>
						<String ID="P7_ST00955" HPOS="1590" VPOS="2881" WIDTH="177" HEIGHT="30" CONTENT="herausholt" WC="0.99" CC="1011603400"/>
						<SP ID="P7_SP00821" HPOS="1767" VPOS="2917" WIDTH="37"/>
						<String ID="P7_ST00956" HPOS="1804" VPOS="2881" WIDTH="63" HEIGHT="29" CONTENT="und" WC="0.94" CC="680"/>
						<SP ID="P7_SP00822" HPOS="1867" VPOS="2917" WIDTH="31"/>
						<String ID="P7_ST00957" HPOS="1898" VPOS="2881" WIDTH="100" HEIGHT="29" CONTENT="dieser" WC="0.99" CC="020003"/>
					</TextLine>
					<TextLine ID="P7_TL00135" HPOS="1103" VPOS="2931" WIDTH="893" HEIGHT="34">
						<String ID="P7_ST00958" HPOS="1103" VPOS="2934" WIDTH="103" HEIGHT="31" CONTENT="Affekt" WC="1.00" CC="040000"/>
						<SP ID="P7_SP00823" HPOS="1206" VPOS="2965" WIDTH="23"/>
						<String ID="P7_ST00959" HPOS="1229" VPOS="2934" WIDTH="180" HEIGHT="30" CONTENT="entschließt" WC="1.00" CC="44000343000"/>
						<SP ID="P7_SP00824" HPOS="1409" VPOS="2965" WIDTH="21"/>
						<String ID="P7_ST00960" HPOS="1430" VPOS="2933" WIDTH="65" HEIGHT="29" CONTENT="sich" WC="0.97" CC="0537"/>
						<SP ID="P7_SP00825" HPOS="1495" VPOS="2965" WIDTH="23"/>
						<String ID="P7_ST00961" HPOS="1518" VPOS="2933" WIDTH="81" HEIGHT="28" CONTENT="dann" WC="0.98" CC="0061"/>
						<SP ID="P7_SP00826" HPOS="1599" VPOS="2965" WIDTH="21"/>
						<String ID="P7_ST00962" HPOS="1620" VPOS="2931" WIDTH="91" HEIGHT="30" CONTENT="rasch" WC="0.99" CC="40020"/>
						<SP ID="P7_SP00827" HPOS="1711" VPOS="2965" WIDTH="22"/>
						<String ID="P7_ST00963" HPOS="1733" VPOS="2940" WIDTH="70" HEIGHT="20" CONTENT="zum" WC="0.98" CC="040"/>
						<SP ID="P7_SP00828" HPOS="1803" VPOS="2965" WIDTH="22"/>
						<String ID="P7_ST00964" HPOS="1825" VPOS="2931" WIDTH="171" HEIGHT="33" CONTENT="Begehren." WC="0.99" CC="040000354"/>
					</TextLine>
					<TextLine ID="P7_TL00136" HPOS="1103" VPOS="2981" WIDTH="895" HEIGHT="37">
						<String ID="P7_ST00965" HPOS="1103" VPOS="2985" WIDTH="149" HEIGHT="33" CONTENT="Dagegen" WC="1.00" CC="0000003"/>
						<SP ID="P7_SP00829" HPOS="1252" VPOS="3018" WIDTH="17"/>
						<String ID="P7_ST00966" HPOS="1269" VPOS="2985" WIDTH="126" HEIGHT="29" CONTENT="wendet" WC="1.00" CC="006000"/>
						<SP ID="P7_SP00830" HPOS="1395" VPOS="3018" WIDTH="17"/>
						<String ID="P7_ST00967" HPOS="1412" VPOS="2993" WIDTH="32" HEIGHT="20" CONTENT="er" WC="1.00" CC="00"/>
						<SP ID="P7_SP00831" HPOS="1444" VPOS="3018" WIDTH="18"/>
						<String ID="P7_ST00968" HPOS="1462" VPOS="2983" WIDTH="65" HEIGHT="30" CONTENT="sich" WC="0.98" CC="0502"/>
						<SP ID="P7_SP00832" HPOS="1527" VPOS="3018" WIDTH="18"/>
						<String ID="P7_ST00969" HPOS="1545" VPOS="2982" WIDTH="79" HEIGHT="29" CONTENT="auch" WC="0.99" CC="1500"/>
						<SP ID="P7_SP00833" HPOS="1624" VPOS="3018" WIDTH="15"/>
						<String ID="P7_ST00970" HPOS="1639" VPOS="2983" WIDTH="30" HEIGHT="28" CONTENT="in" WC="0.78" CC="04"/>
						<SP ID="P7_SP00834" HPOS="1669" VPOS="3018" WIDTH="17"/>
						<String ID="P7_ST00971" HPOS="1686" VPOS="2990" WIDTH="55" HEIGHT="24" CONTENT="gar" WC="0.99" CC="003"/>
						<SP ID="P7_SP00835" HPOS="1741" VPOS="3018" WIDTH="20"/>
						<String ID="P7_ST00972" HPOS="1761" VPOS="2981" WIDTH="82" HEIGHT="30" CONTENT="nicht" WC="0.99" CC="12200"/>
						<SP ID="P7_SP00836" HPOS="1843" VPOS="3018" WIDTH="17"/>
						<String ID="P7_ST00973" HPOS="1860" VPOS="2981" WIDTH="138" HEIGHT="29" CONTENT="seltenen" WC="0.99" CC="03500410"/>
					</TextLine>
					<TextLine ID="P7_TL00137" HPOS="1103" VPOS="3029" WIDTH="894" HEIGHT="36">
						<String ID="P7_ST00974" HPOS="1103" VPOS="3035" WIDTH="103" HEIGHT="30" CONTENT="Fällen" WC="0.98" CC="604506"/>
						<SP ID="P7_SP00837" HPOS="1206" VPOS="3065" WIDTH="21"/>
						<String ID="P7_ST00975" HPOS="1227" VPOS="3037" WIDTH="53" HEIGHT="28" CONTENT="mit" WC="0.95" CC="076"/>
						<SP ID="P7_SP00838" HPOS="1280" VPOS="3065" WIDTH="20"/>
						<String ID="P7_ST00976" HPOS="1300" VPOS="3035" WIDTH="94" HEIGHT="29" CONTENT="Liebe" WC="1.00" CC="03000"/>
						<SP ID="P7_SP00839" HPOS="1394" VPOS="3065" WIDTH="22"/>
						<String ID="P7_ST00977" HPOS="1416" VPOS="3042" WIDTH="63" HEIGHT="20" CONTENT="von" WC="0.95" CC="067"/>
						<SP ID="P7_SP00840" HPOS="1479" VPOS="3065" WIDTH="24"/>
						<String ID="P7_ST00978" HPOS="1503" VPOS="3032" WIDTH="94" HEIGHT="29" CONTENT="Mann" WC="0.97" CC="0437"/>
						<SP ID="P7_SP00841" HPOS="1597" VPOS="3065" WIDTH="21"/>
						<String ID="P7_ST00979" HPOS="1618" VPOS="3041" WIDTH="37" HEIGHT="20" CONTENT="zu" WC="0.66" CC="06"/>
						<SP ID="P7_SP00842" HPOS="1655" VPOS="3065" WIDTH="24"/>
						<String ID="P7_ST00980" HPOS="1679" VPOS="3031" WIDTH="102" HEIGHT="34" CONTENT="Mann," WC="0.97" CC="06680"/>
						<SP ID="P7_SP00843" HPOS="1781" VPOS="3065" WIDTH="23"/>
						<String ID="P7_ST00981" HPOS="1804" VPOS="3029" WIDTH="193" HEIGHT="34" CONTENT="gewöhnlich" WC="0.99" CC="0000373736"/>
					</TextLine>
					<TextLine ID="P7_TL00138" HPOS="1103" VPOS="3081" WIDTH="894" HEIGHT="34">
						<String ID="P7_ST00982" HPOS="1103" VPOS="3094" WIDTH="73" HEIGHT="20" CONTENT="vom" WC="0.95" CC="038"/>
						<SP ID="P7_SP00844" HPOS="1176" VPOS="3114" WIDTH="31"/>
						<String ID="P7_ST00983" HPOS="1207" VPOS="3086" WIDTH="116" HEIGHT="29" CONTENT="älteren" WC="0.99" CC="0500003"/>
						<SP ID="P7_SP00845" HPOS="1323" VPOS="3115" WIDTH="29"/>
						<String ID="P7_ST00984" HPOS="1352" VPOS="3093" WIDTH="70" HEIGHT="21" CONTENT="zum" WC="0.97" CC="070"/>
						<SP ID="P7_SP00846" HPOS="1422" VPOS="3115" WIDTH="29"/>
						<String ID="P7_ST00985" HPOS="1451" VPOS="3085" WIDTH="156" HEIGHT="30" CONTENT="jüngeren," WC="0.98" CC="406923084"/>
						<SP ID="P7_SP00847" HPOS="1607" VPOS="3115" WIDTH="31"/>
						<String ID="P7_ST00986" HPOS="1638" VPOS="3081" WIDTH="74" HEIGHT="29" CONTENT="oder" WC="0.96" CC="5065"/>
						<SP ID="P7_SP00848" HPOS="1712" VPOS="3115" WIDTH="32"/>
						<String ID="P7_ST00987" HPOS="1744" VPOS="3082" WIDTH="111" HEIGHT="28" CONTENT="anders" WC="0.99" CC="460000"/>
						<SP ID="P7_SP00849" HPOS="1855" VPOS="3115" WIDTH="33"/>
						<String ID="P7_ST00988" HPOS="1888" VPOS="3088" WIDTH="91" HEIGHT="24" CONTENT="ausge" SUBS_TYPE="HypPart1" SUBS_CONTENT="ausgedrückt:" WC="0.99" CC="56000"/>
						<HYP HPOS="1979" VPOS="3088" WIDTH="18" CONTENT="-"/>
					</TextLine>
					<TextLine ID="P7_TL00139" HPOS="1107" VPOS="3131" WIDTH="891" HEIGHT="33">
						<String ID="P7_ST00989" HPOS="1107" VPOS="3135" WIDTH="121" HEIGHT="29" CONTENT="drückt:" SUBS_TYPE="HypPart2" SUBS_CONTENT="ausgedrückt:" WC="0.99" CC="0400014"/>
						<SP ID="P7_SP00850" HPOS="1228" VPOS="3164" WIDTH="27"/>
						<String ID="P7_ST00990" HPOS="1255" VPOS="3135" WIDTH="47" HEIGHT="29" CONTENT="die" WC="0.98" CC="060"/>
						<SP ID="P7_SP00851" HPOS="1302" VPOS="3164" WIDTH="23"/>
						<String ID="P7_ST00991" HPOS="1325" VPOS="3131" WIDTH="326" HEIGHT="32" CONTENT="Freundschaft" WC="0.99" CC="660630010060"/>
						<SP ID="P7_SP00852" HPOS="1651" VPOS="3164" WIDTH="24"/>
						<String ID="P7_ST00992" HPOS="1675" VPOS="3131" WIDTH="220" HEIGHT="29" CONTENT="zwischen" WC="1.00" CC="00000505"/>
						<SP ID="P7_SP00853" HPOS="1895" VPOS="3164" WIDTH="27"/>
						<String ID="P7_ST00993" HPOS="1922" VPOS="3131" WIDTH="51" HEIGHT="28" CONTENT="Ge" SUBS_TYPE="HypPart1" SUBS_CONTENT="Geschlechtsgleichen" WC="0.98" CC="00"/>
						<HYP HPOS="1973" VPOS="3131" WIDTH="25" CONTENT="-"/>
					</TextLine>
					<TextLine ID="P7_TL00140" HPOS="1105" VPOS="3181" WIDTH="894" HEIGHT="36">
						<String ID="P7_ST00994" HPOS="1105" VPOS="3183" WIDTH="442" HEIGHT="34" CONTENT="schlechtsgleichen" SUBS_TYPE="HypPart2" SUBS_CONTENT="Geschlechtsgleichen" WC="1.00" CC="60442100005020407"/>
						<SP ID="P7_SP00854" HPOS="1547" VPOS="3217" WIDTH="56"/>
						<String ID="P7_ST00995" HPOS="1603" VPOS="3181" WIDTH="213" HEIGHT="28" CONTENT="bekommt" WC="1.00" CC="0002000"/>
						<SP ID="P7_SP00855" HPOS="1816" VPOS="3217" WIDTH="58"/>
						<String ID="P7_ST00996" HPOS="1874" VPOS="3181" WIDTH="125" HEIGHT="28" CONTENT="einen" WC="0.98" CC="26106"/>
					</TextLine>
					<TextLine ID="P7_TL00141" HPOS="1107" VPOS="3230" WIDTH="892" HEIGHT="37">
						<String ID="P7_ST00997" HPOS="1107" VPOS="3235" WIDTH="264" HEIGHT="28" CONTENT="erotischen" WC="0.99" CC="1006402704"/>
						<SP ID="P7_SP00856" HPOS="1371" VPOS="3263" WIDTH="25"/>
						<String ID="P7_ST00998" HPOS="1396" VPOS="3234" WIDTH="102" HEIGHT="33" CONTENT="Ton," WC="0.97" CC="0371"/>
						<SP ID="P7_SP00857" HPOS="1498" VPOS="3267" WIDTH="28"/>
						<String ID="P7_ST00999" HPOS="1526" VPOS="3232" WIDTH="73" HEIGHT="29" CONTENT="der" WC="1.00" CC="010"/>
						<SP ID="P7_SP00858" HPOS="1599" VPOS="3267" WIDTH="28"/>
						<String ID="P7_ST01000" HPOS="1627" VPOS="3232" WIDTH="64" HEIGHT="28" CONTENT="ins" WC="0.96" CC="162"/>
						<SP ID="P7_SP00859" HPOS="1691" VPOS="3267" WIDTH="26"/>
						<String ID="P7_ST01001" HPOS="1717" VPOS="3230" WIDTH="282" HEIGHT="30" CONTENT="Bewußtsein" WC="0.99" CC="6005600306"/>
					</TextLine>
					<TextLine ID="P7_TL00142" HPOS="1108" VPOS="3279" WIDTH="891" HEIGHT="39">
						<String ID="P7_ST01002" HPOS="1108" VPOS="3284" WIDTH="118" HEIGHT="34" CONTENT="tritt," WC="1.00" CC="002000"/>
						<SP ID="P7_SP00860" HPOS="1226" VPOS="3318" WIDTH="27"/>
						<String ID="P7_ST01003" HPOS="1253" VPOS="3284" WIDTH="60" HEIGHT="29" CONTENT="und" WC="0.95" CC="560"/>
						<SP ID="P7_SP00861" HPOS="1313" VPOS="3318" WIDTH="27"/>
						<String ID="P7_ST01004" HPOS="1340" VPOS="3284" WIDTH="53" HEIGHT="29" CONTENT="der" WC="0.99" CC="003"/>
						<SP ID="P7_SP00862" HPOS="1393" VPOS="3318" WIDTH="28"/>
						<String ID="P7_ST01005" HPOS="1421" VPOS="3284" WIDTH="64" HEIGHT="29" CONTENT="sich" WC="0.99" CC="0600"/>
						<SP ID="P7_SP00863" HPOS="1485" VPOS="3318" WIDTH="27"/>
						<String ID="P7_ST01006" HPOS="1512" VPOS="3282" WIDTH="77" HEIGHT="29" CONTENT="auch" WC="0.96" CC="6705"/>
						<SP ID="P7_SP00864" HPOS="1589" VPOS="3318" WIDTH="28"/>
						<String ID="P7_ST01007" HPOS="1617" VPOS="3282" WIDTH="142" HEIGHT="28" CONTENT="mitunter" WC="0.99" CC="04075000"/>
						<SP ID="P7_SP00865" HPOS="1759" VPOS="3318" WIDTH="26"/>
						<String ID="P7_ST01008" HPOS="1785" VPOS="3281" WIDTH="47" HEIGHT="28" CONTENT="bis" WC="0.98" CC="050"/>
						<SP ID="P7_SP00866" HPOS="1832" VPOS="3318" WIDTH="27"/>
						<String ID="P7_ST01009" HPOS="1859" VPOS="3288" WIDTH="53" HEIGHT="21" CONTENT="zur" WC="0.97" CC="061"/>
						<SP ID="P7_SP00867" HPOS="1912" VPOS="3318" WIDTH="28"/>
						<String ID="P7_ST01010" HPOS="1940" VPOS="3279" WIDTH="40" HEIGHT="29" CONTENT="Be" SUBS_TYPE="HypPart1" SUBS_CONTENT="Begierde" WC="0.99" CC="00"/>
						<HYP HPOS="1980" VPOS="3279" WIDTH="19" CONTENT="-"/>
					</TextLine>
					<TextLine ID="P7_TL00143" HPOS="1107" VPOS="3329" WIDTH="891" HEIGHT="37">
						<String ID="P7_ST01011" HPOS="1107" VPOS="3334" WIDTH="104" HEIGHT="32" CONTENT="gierde" SUBS_TYPE="HypPart2" SUBS_CONTENT="Begierde" WC="0.99" CC="031010"/>
						<SP ID="P7_SP00868" HPOS="1211" VPOS="3366" WIDTH="23"/>
						<String ID="P7_ST01012" HPOS="1234" VPOS="3336" WIDTH="135" HEIGHT="30" CONTENT="steigert." WC="0.99" CC="000400074"/>
						<SP ID="P7_SP00869" HPOS="1369" VPOS="3366" WIDTH="39"/>
						<String ID="P7_ST01013" HPOS="1408" VPOS="3334" WIDTH="73" HEIGHT="28" CONTENT="Hier" WC="0.98" CC="6200"/>
						<SP ID="P7_SP00870" HPOS="1481" VPOS="3366" WIDTH="21"/>
						<String ID="P7_ST01014" HPOS="1502" VPOS="3333" WIDTH="121" HEIGHT="31" CONTENT="begann" WC="0.98" CC="000566"/>
						<SP ID="P7_SP00871" HPOS="1623" VPOS="3366" WIDTH="22"/>
						<String ID="P7_ST01015" HPOS="1645" VPOS="3331" WIDTH="46" HEIGHT="28" CONTENT="für" WC="0.96" CC="704"/>
						<SP ID="P7_SP00872" HPOS="1691" VPOS="3366" WIDTH="24"/>
						<String ID="P7_ST01016" HPOS="1715" VPOS="3331" WIDTH="48" HEIGHT="28" CONTENT="die" WC="0.98" CC="050"/>
						<SP ID="P7_SP00873" HPOS="1763" VPOS="3366" WIDTH="22"/>
						<String ID="P7_ST01017" HPOS="1785" VPOS="3331" WIDTH="94" HEIGHT="28" CONTENT="ältere" WC="1.00" CC="000000"/>
						<SP ID="P7_SP00874" HPOS="1879" VPOS="3366" WIDTH="22"/>
						<String ID="P7_ST01018" HPOS="1901" VPOS="3329" WIDTH="78" HEIGHT="29" CONTENT="Medi" SUBS_TYPE="HypPart1" SUBS_CONTENT="Medizin" WC="1.00" CC="0000"/>
						<HYP HPOS="1979" VPOS="3329" WIDTH="19" CONTENT="-"/>
					</TextLine>
					<TextLine ID="P7_TL00144" HPOS="1107" VPOS="3380" WIDTH="892" HEIGHT="38">
						<String ID="P7_ST01019" HPOS="1107" VPOS="3386" WIDTH="49" HEIGHT="27" CONTENT="zin" SUBS_TYPE="HypPart2" SUBS_CONTENT="Medizin" WC="0.95" CC="057"/>
						<SP ID="P7_SP00875" HPOS="1156" VPOS="3413" WIDTH="22"/>
						<String ID="P7_ST01020" HPOS="1178" VPOS="3384" WIDTH="47" HEIGHT="29" CONTENT="die" WC="1.00" CC="000"/>
						<SP ID="P7_SP00876" HPOS="1225" VPOS="3413" WIDTH="24"/>
						<String ID="P7_ST01021" HPOS="1249" VPOS="3383" WIDTH="188" HEIGHT="35" CONTENT="Pathologie," WC="1.00" CC="02000540000"/>
						<SP ID="P7_SP00877" HPOS="1437" VPOS="3418" WIDTH="25"/>
						<String ID="P7_ST01022" HPOS="1462" VPOS="3383" WIDTH="60" HEIGHT="28" CONTENT="wie" WC="1.00" CC="000"/>
						<SP ID="P7_SP00878" HPOS="1522" VPOS="3418" WIDTH="20"/>
						<String ID="P7_ST01023" HPOS="1542" VPOS="3382" WIDTH="47" HEIGHT="28" CONTENT="für" WC="0.97" CC="600"/>
						<SP ID="P7_SP00879" HPOS="1589" VPOS="3418" WIDTH="24"/>
						<String ID="P7_ST01024" HPOS="1613" VPOS="3382" WIDTH="47" HEIGHT="27" CONTENT="die" WC="0.98" CC="060"/>
						<SP ID="P7_SP00880" HPOS="1660" VPOS="3418" WIDTH="24"/>
						<String ID="P7_ST01025" HPOS="1684" VPOS="3380" WIDTH="94" HEIGHT="29" CONTENT="ältere" WC="0.99" CC="050030"/>
						<SP ID="P7_SP00881" HPOS="1778" VPOS="3418" WIDTH="25"/>
						<String ID="P7_ST01026" HPOS="1803" VPOS="3380" WIDTH="125" HEIGHT="29" CONTENT="Juristik" WC="0.87" CC="06300000"/>
						<SP ID="P7_SP00882" HPOS="1928" VPOS="3418" WIDTH="24"/>
						<String ID="P7_ST01027" HPOS="1952" VPOS="3380" WIDTH="47" HEIGHT="29" CONTENT="die" WC="0.95" CC="067"/>
					</TextLine>
					<TextLine ID="P7_TL00145" HPOS="1107" VPOS="3429" WIDTH="892" HEIGHT="40">
						<String ID="P7_ST01028" HPOS="1107" VPOS="3434" WIDTH="210" HEIGHT="35" CONTENT="Kriminalität," WC="0.99" CC="0500455567000"/>
						<SP ID="P7_SP00883" HPOS="1317" VPOS="3469" WIDTH="31"/>
						<String ID="P7_ST01029" HPOS="1348" VPOS="3434" WIDTH="78" HEIGHT="29" CONTENT="ohne" WC="0.96" CC="5580"/>
						<SP ID="P7_SP00884" HPOS="1426" VPOS="3469" WIDTH="32"/>
						<String ID="P7_ST01030" HPOS="1458" VPOS="3432" WIDTH="57" HEIGHT="30" CONTENT="daß" WC="0.98" CC="230"/>
						<SP ID="P7_SP00885" HPOS="1515" VPOS="3469" WIDTH="31"/>
						<String ID="P7_ST01031" HPOS="1546" VPOS="3433" WIDTH="29" HEIGHT="30" CONTENT="in" WC="0.29" CC="76"/>
						<SP ID="P7_SP00886" HPOS="1575" VPOS="3469" WIDTH="31"/>
						<String ID="P7_ST01032" HPOS="1606" VPOS="3431" WIDTH="69" HEIGHT="28" CONTENT="dem" WC="1.00" CC="000"/>
						<SP ID="P7_SP00887" HPOS="1675" VPOS="3469" WIDTH="31"/>
						<String ID="P7_ST01033" HPOS="1706" VPOS="3430" WIDTH="188" HEIGHT="29" CONTENT="natürlichen" WC="0.99" CC="74000152320"/>
						<SP ID="P7_SP00888" HPOS="1894" VPOS="3469" WIDTH="29"/>
						<String ID="P7_ST01034" HPOS="1923" VPOS="3429" WIDTH="57" HEIGHT="29" CONTENT="Ver" SUBS_TYPE="HypPart1" SUBS_CONTENT="Verhalten" WC="0.99" CC="001"/>
						<HYP HPOS="1980" VPOS="3429" WIDTH="19" CONTENT="-"/>
					</TextLine>
					<TextLine ID="P7_TL00146" HPOS="1108" VPOS="3479" WIDTH="891" HEIGHT="37">
						<String ID="P7_ST01035" HPOS="1108" VPOS="3483" WIDTH="101" HEIGHT="29" CONTENT="halten" SUBS_TYPE="HypPart2" SUBS_CONTENT="Verhalten" WC="0.98" CC="423006"/>
						<SP ID="P7_SP00889" HPOS="1209" VPOS="3512" WIDTH="22"/>
						<String ID="P7_ST01036" HPOS="1231" VPOS="3484" WIDTH="107" HEIGHT="32" CONTENT="irgend" WC="0.98" CC="620350"/>
						<SP ID="P7_SP00890" HPOS="1338" VPOS="3516" WIDTH="23"/>
						<String ID="P7_ST01037" HPOS="1361" VPOS="3485" WIDTH="47" HEIGHT="27" CONTENT="ein" WC="0.97" CC="044"/>
						<SP ID="P7_SP00891" HPOS="1408" VPOS="3516" WIDTH="23"/>
						<String ID="P7_ST01038" HPOS="1431" VPOS="3483" WIDTH="105" HEIGHT="29" CONTENT="Grund" WC="0.97" CC="50660"/>
						<SP ID="P7_SP00892" HPOS="1536" VPOS="3516" WIDTH="20"/>
						<String ID="P7_ST01039" HPOS="1556" VPOS="3481" WIDTH="47" HEIGHT="29" CONTENT="für" WC="0.97" CC="700"/>
						<SP ID="P7_SP00893" HPOS="1603" VPOS="3516" WIDTH="24"/>
						<String ID="P7_ST01040" HPOS="1627" VPOS="3483" WIDTH="83" HEIGHT="26" CONTENT="eines" WC="0.99" CC="00700"/>
						<SP ID="P7_SP00894" HPOS="1710" VPOS="3516" WIDTH="21"/>
						<String ID="P7_ST01041" HPOS="1731" VPOS="3489" WIDTH="62" HEIGHT="20" CONTENT="von" WC="0.98" CC="005"/>
						<SP ID="P7_SP00895" HPOS="1793" VPOS="3516" WIDTH="22"/>
						<String ID="P7_ST01042" HPOS="1815" VPOS="3479" WIDTH="109" HEIGHT="30" CONTENT="beiden" WC="0.99" CC="004003"/>
						<SP ID="P7_SP00896" HPOS="1924" VPOS="3516" WIDTH="23"/>
						<String ID="P7_ST01043" HPOS="1947" VPOS="3488" WIDTH="35" HEIGHT="24" CONTENT="ge" SUBS_TYPE="HypPart1" SUBS_CONTENT="gegeben" WC="0.98" CC="00"/>
						<HYP HPOS="1982" VPOS="3488" WIDTH="17" CONTENT="-"/>
					</TextLine>
					<TextLine ID="P7_TL00147" HPOS="1107" VPOS="3529" WIDTH="892" HEIGHT="37">
						<String ID="P7_ST01044" HPOS="1107" VPOS="3533" WIDTH="99" HEIGHT="33" CONTENT="geben" SUBS_TYPE="HypPart2" SUBS_CONTENT="gegeben" WC="0.98" CC="90004"/>
						<SP ID="P7_SP00897" HPOS="1206" VPOS="3566" WIDTH="23"/>
						<String ID="P7_ST01045" HPOS="1229" VPOS="3535" WIDTH="94" HEIGHT="27" CONTENT="wäre." WC="1.00" CC="00002"/>
						<SP ID="P7_SP00898" HPOS="1323" VPOS="3566" WIDTH="39"/>
						<String ID="P7_ST01046" HPOS="1362" VPOS="3533" WIDTH="56" HEIGHT="30" CONTENT="Die" WC="1.00" CC="000"/>
						<SP ID="P7_SP00899" HPOS="1418" VPOS="3566" WIDTH="25"/>
						<String ID="P7_ST01047" HPOS="1443" VPOS="3529" WIDTH="355" HEIGHT="36" CONTENT="gleichgeschlechtliche" WC="1.00" CC="020206000045000050010"/>
						<SP ID="P7_SP00900" HPOS="1798" VPOS="3566" WIDTH="25"/>
						<String ID="P7_ST01048" HPOS="1823" VPOS="3529" WIDTH="176" HEIGHT="33" CONTENT="Zuneigung" WC="0.98" CC="063220759"/>
					</TextLine>
					<TextLine ID="P7_TL00148" HPOS="1108" VPOS="3580" WIDTH="892" HEIGHT="34">
						<String ID="P7_ST01049" HPOS="1108" VPOS="3582" WIDTH="215" HEIGHT="32" CONTENT="widerspricht" WC="0.99" CC="008040035040"/>
						<SP ID="P7_SP00901" HPOS="1323" VPOS="3614" WIDTH="28"/>
						<String ID="P7_ST01050" HPOS="1351" VPOS="3582" WIDTH="153" HEIGHT="29" CONTENT="durchaus" WC="0.98" CC="06345260"/>
						<SP ID="P7_SP00902" HPOS="1504" VPOS="3614" WIDTH="27"/>
						<String ID="P7_ST01051" HPOS="1531" VPOS="3581" WIDTH="82" HEIGHT="30" CONTENT="nicht" WC="0.98" CC="37030"/>
						<SP ID="P7_SP00903" HPOS="1613" VPOS="3614" WIDTH="29"/>
						<String ID="P7_ST01052" HPOS="1642" VPOS="3580" WIDTH="53" HEIGHT="28" CONTENT="der" WC="1.00" CC="000"/>
						<SP ID="P7_SP00904" HPOS="1695" VPOS="3614" WIDTH="29"/>
						<String ID="P7_ST01053" HPOS="1724" VPOS="3581" WIDTH="157" HEIGHT="31" CONTENT="sonstigen" WC="1.00" CC="006002004"/>
						<SP ID="P7_SP00905" HPOS="1881" VPOS="3614" WIDTH="28"/>
						<String ID="P7_ST01054" HPOS="1909" VPOS="3587" WIDTH="73" HEIGHT="21" CONTENT="sexu" SUBS_TYPE="HypPart1" SUBS_CONTENT="sexuellen" WC="0.99" CC="0004"/>
						<HYP HPOS="1982" VPOS="3587" WIDTH="18" CONTENT="-"/>
					</TextLine>
					<TextLine ID="P7_TL00149" HPOS="1108" VPOS="3629" WIDTH="891" HEIGHT="35">
						<String ID="P7_ST01055" HPOS="1108" VPOS="3632" WIDTH="76" HEIGHT="28" CONTENT="ellen" SUBS_TYPE="HypPart2" SUBS_CONTENT="sexuellen" WC="0.98" CC="04406"/>
						<SP ID="P7_SP00906" HPOS="1184" VPOS="3660" WIDTH="20"/>
						<String ID="P7_ST01056" HPOS="1204" VPOS="3632" WIDTH="115" HEIGHT="32" CONTENT="Anlage" WC="0.99" CC="045600"/>
						<SP ID="P7_SP00907" HPOS="1319" VPOS="3664" WIDTH="21"/>
						<String ID="P7_ST01057" HPOS="1340" VPOS="3632" WIDTH="54" HEIGHT="29" CONTENT="des" WC="1.00" CC="000"/>
						<SP ID="P7_SP00908" HPOS="1394" VPOS="3664" WIDTH="19"/>
						<String ID="P7_ST01058" HPOS="1413" VPOS="3631" WIDTH="177" HEIGHT="29" CONTENT="Menschen." WC="0.99" CC="006000074"/>
						<SP ID="P7_SP00909" HPOS="1590" VPOS="3664" WIDTH="39"/>
						<String ID="P7_ST01059" HPOS="1629" VPOS="3629" WIDTH="40" HEIGHT="29" CONTENT="Es" WC="0.68" CC="41"/>
						<SP ID="P7_SP00910" HPOS="1669" VPOS="3664" WIDTH="17"/>
						<String ID="P7_ST01060" HPOS="1686" VPOS="3629" WIDTH="73" HEIGHT="33" CONTENT="liegt" WC="1.00" CC="30000"/>
						<SP ID="P7_SP00911" HPOS="1759" VPOS="3664" WIDTH="18"/>
						<String ID="P7_ST01061" HPOS="1777" VPOS="3630" WIDTH="64" HEIGHT="28" CONTENT="hier" WC="1.00" CC="0000"/>
						<SP ID="P7_SP00912" HPOS="1841" VPOS="3664" WIDTH="18"/>
						<String ID="P7_ST01062" HPOS="1859" VPOS="3629" WIDTH="140" HEIGHT="33" CONTENT="lediglich" WC="1.00" CC="200000006"/>
					</TextLine>
					<TextLine ID="P7_TL00150" HPOS="1109" VPOS="3678" WIDTH="889" HEIGHT="36">
						<String ID="P7_ST01063" HPOS="1109" VPOS="3683" WIDTH="46" HEIGHT="27" CONTENT="ein" WC="0.98" CC="005"/>
						<SP ID="P7_SP00913" HPOS="1155" VPOS="3710" WIDTH="23"/>
						<String ID="P7_ST01064" HPOS="1178" VPOS="3681" WIDTH="130" HEIGHT="29" CONTENT="Verstoß" WC="1.00" CC="0060000"/>
						<SP ID="P7_SP00914" HPOS="1308" VPOS="3710" WIDTH="24"/>
						<String ID="P7_ST01065" HPOS="1332" VPOS="3690" WIDTH="99" HEIGHT="24" CONTENT="gegen" WC="0.99" CC="00044"/>
						<SP ID="P7_SP00915" HPOS="1431" VPOS="3714" WIDTH="24"/>
						<String ID="P7_ST01066" HPOS="1455" VPOS="3681" WIDTH="47" HEIGHT="29" CONTENT="die" WC="1.00" CC="000"/>
						<SP ID="P7_SP00916" HPOS="1502" VPOS="3714" WIDTH="26"/>
						<String ID="P7_ST01067" HPOS="1528" VPOS="3679" WIDTH="273" HEIGHT="33" CONTENT="Gepflogenheiten" WC="1.00" CC="500602006503006"/>
						<SP ID="P7_SP00917" HPOS="1801" VPOS="3714" WIDTH="25"/>
						<String ID="P7_ST01068" HPOS="1826" VPOS="3679" WIDTH="53" HEIGHT="28" CONTENT="der" WC="1.00" CC="000"/>
						<SP ID="P7_SP00918" HPOS="1879" VPOS="3714" WIDTH="23"/>
						<String ID="P7_ST01069" HPOS="1902" VPOS="3678" WIDTH="77" HEIGHT="32" CONTENT="Majo" SUBS_TYPE="HypPart1" SUBS_CONTENT="Majorität" WC="0.98" CC="0450"/>
						<HYP HPOS="1979" VPOS="3678" WIDTH="19" CONTENT="-"/>
					</TextLine>
					<TextLine ID="P7_TL00151" HPOS="1108" VPOS="3732" WIDTH="160" HEIGHT="28">
						<String ID="P7_ST01070" HPOS="1108" VPOS="3732" WIDTH="71" HEIGHT="28" CONTENT="rität" SUBS_TYPE="HypPart2" SUBS_CONTENT="Majorität" WC="1.00" CC="00000"/>
						<SP ID="P7_SP00919" HPOS="1179" VPOS="3760" WIDTH="23"/>
						<String ID="P7_ST01071" HPOS="1202" VPOS="3739" WIDTH="66" HEIGHT="21" CONTENT="vor." WC="0.99" CC="0003"/>
					</TextLine>
					<TextLine ID="P7_TL00152" HPOS="1163" VPOS="3777" WIDTH="836" HEIGHT="38">
						<String ID="P7_ST01072" HPOS="1163" VPOS="3780" WIDTH="56" HEIGHT="30" CONTENT="Die" WC="0.97" CC="060"/>
						<SP ID="P7_SP00920" HPOS="1219" VPOS="3810" WIDTH="18"/>
						<String ID="P7_ST01073" HPOS="1237" VPOS="3781" WIDTH="159" HEIGHT="34" CONTENT="Griechen," WC="0.99" CC="611000070"/>
						<SP ID="P7_SP00921" HPOS="1396" VPOS="3815" WIDTH="17"/>
						<String ID="P7_ST01074" HPOS="1413" VPOS="3781" WIDTH="98" HEIGHT="29" CONTENT="denen" WC="0.99" CC="00502"/>
						<SP ID="P7_SP00922" HPOS="1511" VPOS="3815" WIDTH="18"/>
						<String ID="P7_ST01075" HPOS="1529" VPOS="3782" WIDTH="47" HEIGHT="27" CONTENT="ein" WC="0.97" CC="007"/>
						<SP ID="P7_SP00923" HPOS="1576" VPOS="3815" WIDTH="16"/>
						<String ID="P7_ST01076" HPOS="1592" VPOS="3777" WIDTH="189" HEIGHT="31" CONTENT="besonderes" WC="1.00" CC="0000600000"/>
						<SP ID="P7_SP00924" HPOS="1781" VPOS="3815" WIDTH="17"/>
						<String ID="P7_ST01077" HPOS="1798" VPOS="3778" WIDTH="201" HEIGHT="29" CONTENT="Verständnis" WC="1.00" CC="00100040050"/>
					</TextLine>
					<TextLine ID="P7_TL00153" HPOS="1107" VPOS="3829" WIDTH="893" HEIGHT="33">
						<String ID="P7_ST01078" HPOS="1107" VPOS="3829" WIDTH="47" HEIGHT="29" CONTENT="für" WC="0.97" CC="601"/>
						<SP ID="P7_SP00925" HPOS="1154" VPOS="3858" WIDTH="15"/>
						<String ID="P7_ST01079" HPOS="1169" VPOS="3830" WIDTH="46" HEIGHT="28" CONTENT="die" WC="0.97" CC="070"/>
						<SP ID="P7_SP00926" HPOS="1215" VPOS="3858" WIDTH="14"/>
						<String ID="P7_ST01080" HPOS="1229" VPOS="3830" WIDTH="255" HEIGHT="30" CONTENT="Triebtatsachen" WC="1.00" CC="00000040000336"/>
						<SP ID="P7_SP00927" HPOS="1484" VPOS="3860" WIDTH="13"/>
						<String ID="P7_ST01081" HPOS="1497" VPOS="3832" WIDTH="87" HEIGHT="30" CONTENT="eigen" WC="0.99" CC="00006"/>
						<SP ID="P7_SP00928" HPOS="1584" VPOS="3862" WIDTH="15"/>
						<String ID="P7_ST01082" HPOS="1599" VPOS="3836" WIDTH="75" HEIGHT="26" CONTENT="war," WC="0.99" CC="0501"/>
						<SP ID="P7_SP00929" HPOS="1674" VPOS="3862" WIDTH="15"/>
						<String ID="P7_ST01083" HPOS="1689" VPOS="3829" WIDTH="98" HEIGHT="29" CONTENT="haben" WC="1.00" CC="00003"/>
						<SP ID="P7_SP00930" HPOS="1787" VPOS="3862" WIDTH="16"/>
						<String ID="P7_ST01084" HPOS="1803" VPOS="3829" WIDTH="77" HEIGHT="28" CONTENT="auch" WC="0.96" CC="6505"/>
						<SP ID="P7_SP00931" HPOS="1880" VPOS="3862" WIDTH="15"/>
						<String ID="P7_ST01085" HPOS="1895" VPOS="3829" WIDTH="105" HEIGHT="28" CONTENT="diesen" WC="1.00" CC="000003"/>
					</TextLine>
					<TextLine ID="P7_TL00154" HPOS="1108" VPOS="3877" WIDTH="891" HEIGHT="35">
						<String ID="P7_ST01086" HPOS="1108" VPOS="3878" WIDTH="238" HEIGHT="34" CONTENT="Naturvorgang" WC="1.00" CC="023320400150"/>
						<SP ID="P7_SP00932" HPOS="1346" VPOS="3912" WIDTH="18"/>
						<String ID="P7_ST01087" HPOS="1364" VPOS="3881" WIDTH="108" HEIGHT="31" CONTENT="richtig" WC="1.00" CC="0100100"/>
						<SP ID="P7_SP00933" HPOS="1472" VPOS="3912" WIDTH="17"/>
						<String ID="P7_ST01088" HPOS="1489" VPOS="3878" WIDTH="159" HEIGHT="34" CONTENT="begriffen." WC="0.99" CC="0000167063"/>
						<SP ID="P7_SP00934" HPOS="1648" VPOS="3912" WIDTH="18"/>
						<String ID="P7_ST01089" HPOS="1666" VPOS="3877" WIDTH="50" HEIGHT="30" CONTENT="Sie" WC="0.98" CC="140"/>
						<SP ID="P7_SP00935" HPOS="1716" VPOS="3912" WIDTH="19"/>
						<String ID="P7_ST01090" HPOS="1735" VPOS="3878" WIDTH="188" HEIGHT="29" CONTENT="verstanden" WC="0.99" CC="0030016006"/>
						<SP ID="P7_SP00936" HPOS="1923" VPOS="3912" WIDTH="18"/>
						<String ID="P7_ST01091" HPOS="1941" VPOS="3877" WIDTH="58" HEIGHT="29" CONTENT="den" WC="0.99" CC="020"/>
					</TextLine>
					<TextLine ID="P7_TL00155" HPOS="1110" VPOS="3928" WIDTH="889" HEIGHT="30">
						<String ID="P7_ST01092" HPOS="1110" VPOS="3929" WIDTH="172" HEIGHT="29" CONTENT="erotischen" WC="1.00" CC="0020403300"/>
						<SP ID="P7_SP00937" HPOS="1282" VPOS="3958" WIDTH="21"/>
						<String ID="P7_ST01093" HPOS="1303" VPOS="3930" WIDTH="149" HEIGHT="28" CONTENT="Unterton" WC="1.00" CC="00000004"/>
						<SP ID="P7_SP00938" HPOS="1452" VPOS="3958" WIDTH="25"/>
						<String ID="P7_ST01094" HPOS="1477" VPOS="3930" WIDTH="52" HEIGHT="28" CONTENT="der" WC="1.00" CC="000"/>
						<SP ID="P7_SP00939" HPOS="1529" VPOS="3958" WIDTH="24"/>
						<String ID="P7_ST01095" HPOS="1553" VPOS="3928" WIDTH="223" HEIGHT="30" CONTENT="Freundschaft" WC="0.99" CC="632760070560"/>
						<SP ID="P7_SP00940" HPOS="1776" VPOS="3958" WIDTH="23"/>
						<String ID="P7_ST01096" HPOS="1799" VPOS="3928" WIDTH="59" HEIGHT="29" CONTENT="und" WC="0.96" CC="640"/>
						<SP ID="P7_SP00941" HPOS="1858" VPOS="3958" WIDTH="25"/>
						<String ID="P7_ST01097" HPOS="1883" VPOS="3930" WIDTH="116" HEIGHT="27" CONTENT="wiesen" WC="0.99" CC="020004"/>
					</TextLine>
				</TextBlock>
				<TextBlock ID="P7_TB00004" HPOS="2068" VPOS="127" WIDTH="899" HEIGHT="2489" STYLEREFS="TXT_0 PAR_BLOCK">
					<TextLine ID="P7_TL00156" HPOS="2071" VPOS="131" WIDTH="891" HEIGHT="34">
						<String ID="P7_ST01098" HPOS="2071" VPOS="132" WIDTH="46" HEIGHT="29" CONTENT="ihr" WC="0.99" CC="001"/>
						<SP ID="P7_SP00942" HPOS="2117" VPOS="161" WIDTH="20"/>
						<String ID="P7_ST01099" HPOS="2137" VPOS="132" WIDTH="87" HEIGHT="29" CONTENT="einen" WC="0.97" CC="05714"/>
						<SP ID="P7_SP00943" HPOS="2224" VPOS="161" WIDTH="19"/>
						<String ID="P7_ST01100" HPOS="2243" VPOS="131" WIDTH="88" HEIGHT="30" CONTENT="Platz" WC="0.99" CC="05003"/>
						<SP ID="P7_SP00944" HPOS="2331" VPOS="161" WIDTH="20"/>
						<String ID="P7_ST01101" HPOS="2351" VPOS="134" WIDTH="28" HEIGHT="27" CONTENT="in" WC="0.82" CC="03"/>
						<SP ID="P7_SP00945" HPOS="2379" VPOS="161" WIDTH="20"/>
						<String ID="P7_ST01102" HPOS="2399" VPOS="132" WIDTH="79" HEIGHT="29" CONTENT="ihrer" WC="0.99" CC="50004"/>
						<SP ID="P7_SP00946" HPOS="2478" VPOS="161" WIDTH="21"/>
						<String ID="P7_ST01103" HPOS="2499" VPOS="132" WIDTH="106" HEIGHT="32" CONTENT="Kultur" WC="0.98" CC="077055"/>
						<SP ID="P7_SP00947" HPOS="2605" VPOS="164" WIDTH="21"/>
						<String ID="P7_ST01104" HPOS="2626" VPOS="142" WIDTH="46" HEIGHT="22" CONTENT="an." WC="0.95" CC="553"/>
						<SP ID="P7_SP00948" HPOS="2672" VPOS="164" WIDTH="41"/>
						<String ID="P7_ST01105" HPOS="2713" VPOS="132" WIDTH="65" HEIGHT="32" CONTENT="Das" WC="0.93" CC="765"/>
						<SP ID="P7_SP00949" HPOS="2778" VPOS="164" WIDTH="18"/>
						<String ID="P7_ST01106" HPOS="2796" VPOS="134" WIDTH="148" HEIGHT="31" CONTENT="Griechen" SUBS_TYPE="HypPart1" SUBS_CONTENT="Griechenproblem" WC="0.99" CC="53003556"/>
						<HYP HPOS="2944" VPOS="134" WIDTH="18" CONTENT="-"/>
					</TextLine>
					<TextLine ID="P7_TL00157" HPOS="2073" VPOS="181" WIDTH="890" HEIGHT="36">
						<String ID="P7_ST01107" HPOS="2073" VPOS="181" WIDTH="138" HEIGHT="33" CONTENT="problem" SUBS_TYPE="HypPart2" SUBS_CONTENT="Griechenproblem" WC="0.99" CC="1030310"/>
						<SP ID="P7_SP00950" HPOS="2211" VPOS="214" WIDTH="30"/>
						<String ID="P7_ST01108" HPOS="2241" VPOS="182" WIDTH="41" HEIGHT="28" CONTENT="ist" WC="0.99" CC="100"/>
						<SP ID="P7_SP00951" HPOS="2282" VPOS="214" WIDTH="32"/>
						<String ID="P7_ST01109" HPOS="2314" VPOS="182" WIDTH="53" HEIGHT="28" CONTENT="mit" WC="0.97" CC="340"/>
						<SP ID="P7_SP00952" HPOS="2367" VPOS="214" WIDTH="32"/>
						<String ID="P7_ST01110" HPOS="2399" VPOS="182" WIDTH="70" HEIGHT="29" CONTENT="dem" WC="1.00" CC="000"/>
						<SP ID="P7_SP00953" HPOS="2469" VPOS="214" WIDTH="33"/>
						<String ID="P7_ST01111" HPOS="2502" VPOS="182" WIDTH="54" HEIGHT="30" CONTENT="der" WC="0.94" CC="851"/>
						<SP ID="P7_SP00954" HPOS="2556" VPOS="214" WIDTH="31"/>
						<String ID="P7_ST01112" HPOS="2587" VPOS="184" WIDTH="376" HEIGHT="33" CONTENT="gleichgeschlechtlichen" WC="1.00" CC="9290069000360300540344"/>
					</TextLine>
					<TextLine ID="P7_TL00158" HPOS="2071" VPOS="229" WIDTH="890" HEIGHT="38">
						<String ID="P7_ST01113" HPOS="2071" VPOS="230" WIDTH="95" HEIGHT="30" CONTENT="Liebe" WC="0.98" CC="03900"/>
						<SP ID="P7_SP00955" HPOS="2166" VPOS="260" WIDTH="18"/>
						<String ID="P7_ST01114" HPOS="2184" VPOS="229" WIDTH="67" HEIGHT="31" CONTENT="aufs" WC="0.97" CC="0660"/>
						<SP ID="P7_SP00956" HPOS="2251" VPOS="260" WIDTH="20"/>
						<String ID="P7_ST01115" HPOS="2271" VPOS="233" WIDTH="106" HEIGHT="30" CONTENT="engste" WC="0.99" CC="060000"/>
						<SP ID="P7_SP00957" HPOS="2377" VPOS="263" WIDTH="19"/>
						<String ID="P7_ST01116" HPOS="2396" VPOS="231" WIDTH="214" HEIGHT="31" CONTENT="verwachsen." WC="1.00" CC="00200000263"/>
						<SP ID="P7_SP00958" HPOS="2610" VPOS="263" WIDTH="37"/>
						<String ID="P7_ST01117" HPOS="2647" VPOS="234" WIDTH="39" HEIGHT="30" CONTENT="Es" WC="0.91" CC="10"/>
						<SP ID="P7_SP00959" HPOS="2686" VPOS="264" WIDTH="18"/>
						<String ID="P7_ST01118" HPOS="2704" VPOS="243" WIDTH="67" HEIGHT="21" CONTENT="war" WC="0.98" CC="060"/>
						<SP ID="P7_SP00960" HPOS="2771" VPOS="264" WIDTH="20"/>
						<String ID="P7_ST01119" HPOS="2791" VPOS="235" WIDTH="49" HEIGHT="28" CONTENT="ein" WC="0.96" CC="009"/>
						<SP ID="P7_SP00961" HPOS="2840" VPOS="264" WIDTH="15"/>
						<String ID="P7_ST01120" HPOS="2855" VPOS="234" WIDTH="106" HEIGHT="33" CONTENT="kluges" WC="0.99" CC="042000"/>
					</TextLine>
					<TextLine ID="P7_TL00159" HPOS="2072" VPOS="279" WIDTH="891" HEIGHT="37">
						<String ID="P7_ST01121" HPOS="2072" VPOS="279" WIDTH="192" HEIGHT="30" CONTENT="Hinnehmen" WC="0.99" CC="704320010"/>
						<SP ID="P7_SP00962" HPOS="2264" VPOS="309" WIDTH="26"/>
						<String ID="P7_ST01122" HPOS="2290" VPOS="280" WIDTH="54" HEIGHT="30" CONTENT="der" WC="0.99" CC="010"/>
						<SP ID="P7_SP00963" HPOS="2344" VPOS="310" WIDTH="26"/>
						<String ID="P7_ST01123" HPOS="2370" VPOS="280" WIDTH="266" HEIGHT="36" CONTENT="Naturvorgänge," WC="1.00" CC="03051000044043"/>
						<SP ID="P7_SP00964" HPOS="2636" VPOS="316" WIDTH="25"/>
						<String ID="P7_ST01124" HPOS="2661" VPOS="284" WIDTH="53" HEIGHT="29" CONTENT="der" WC="0.96" CC="172"/>
						<SP ID="P7_SP00965" HPOS="2714" VPOS="316" WIDTH="26"/>
						<String ID="P7_ST01125" HPOS="2740" VPOS="284" WIDTH="223" HEIGHT="30" CONTENT="Freundschaft" WC="0.99" CC="930460000060"/>
					</TextLine>
					<TextLine ID="P7_TL00160" HPOS="2073" VPOS="328" WIDTH="890" HEIGHT="37">
						<String ID="P7_ST01126" HPOS="2073" VPOS="328" WIDTH="60" HEIGHT="30" CONTENT="den" WC="0.95" CC="066"/>
						<SP ID="P7_SP00966" HPOS="2133" VPOS="358" WIDTH="17"/>
						<String ID="P7_ST01127" HPOS="2150" VPOS="330" WIDTH="173" HEIGHT="29" CONTENT="erotischen" WC="1.00" CC="0200400600"/>
						<SP ID="P7_SP00967" HPOS="2323" VPOS="359" WIDTH="17"/>
						<String ID="P7_ST01128" HPOS="2340" VPOS="329" WIDTH="172" HEIGHT="31" CONTENT="Charakter" WC="1.00" CC="100450001"/>
						<SP ID="P7_SP00968" HPOS="2512" VPOS="360" WIDTH="19"/>
						<String ID="P7_ST01129" HPOS="2531" VPOS="331" WIDTH="48" HEIGHT="34" CONTENT="da," WC="0.98" CC="004"/>
						<SP ID="P7_SP00969" HPOS="2579" VPOS="365" WIDTH="15"/>
						<String ID="P7_ST01130" HPOS="2594" VPOS="340" WIDTH="50" HEIGHT="20" CONTENT="wo" WC="1.00" CC="00"/>
						<SP ID="P7_SP00970" HPOS="2644" VPOS="365" WIDTH="18"/>
						<String ID="P7_ST01131" HPOS="2662" VPOS="341" WIDTH="31" HEIGHT="20" CONTENT="er" WC="0.91" CC="01"/>
						<SP ID="P7_SP00971" HPOS="2693" VPOS="365" WIDTH="17"/>
						<String ID="P7_ST01132" HPOS="2710" VPOS="334" WIDTH="65" HEIGHT="29" CONTENT="sich" WC="0.97" CC="9510"/>
						<SP ID="P7_SP00972" HPOS="2775" VPOS="365" WIDTH="16"/>
						<String ID="P7_ST01133" HPOS="2791" VPOS="333" WIDTH="172" HEIGHT="30" CONTENT="unverhüllt" WC="0.99" CC="6000200045"/>
					</TextLine>
					<TextLine ID="P7_TL00161" HPOS="2073" VPOS="379" WIDTH="889" HEIGHT="36">
						<String ID="P7_ST01134" HPOS="2073" VPOS="380" WIDTH="109" HEIGHT="32" CONTENT="zeigte," WC="1.00" CC="0020000"/>
						<SP ID="P7_SP00973" HPOS="2182" VPOS="412" WIDTH="18"/>
						<String ID="P7_ST01135" HPOS="2200" VPOS="379" WIDTH="83" HEIGHT="29" CONTENT="nicht" WC="0.99" CC="00500"/>
						<SP ID="P7_SP00974" HPOS="2283" VPOS="412" WIDTH="15"/>
						<String ID="P7_ST01136" HPOS="2298" VPOS="388" WIDTH="38" HEIGHT="20" CONTENT="zu" WC="0.69" CC="06"/>
						<SP ID="P7_SP00975" HPOS="2336" VPOS="412" WIDTH="19"/>
						<String ID="P7_ST01137" HPOS="2355" VPOS="381" WIDTH="140" HEIGHT="33" CONTENT="nehmen," WC="0.99" CC="7200063"/>
						<SP ID="P7_SP00976" HPOS="2495" VPOS="414" WIDTH="19"/>
						<String ID="P7_ST01138" HPOS="2514" VPOS="381" WIDTH="61" HEIGHT="28" CONTENT="und" WC="0.98" CC="500"/>
						<SP ID="P7_SP00977" HPOS="2575" VPOS="414" WIDTH="19"/>
						<String ID="P7_ST01139" HPOS="2594" VPOS="381" WIDTH="48" HEIGHT="29" CONTENT="die" WC="0.98" CC="050"/>
						<SP ID="P7_SP00978" HPOS="2642" VPOS="414" WIDTH="20"/>
						<String ID="P7_ST01140" HPOS="2662" VPOS="383" WIDTH="109" HEIGHT="29" CONTENT="einmal" WC="0.98" CC="044803"/>
						<SP ID="P7_SP00979" HPOS="2771" VPOS="414" WIDTH="18"/>
						<String ID="P7_ST01141" HPOS="2789" VPOS="386" WIDTH="82" HEIGHT="28" CONTENT="nicht" WC="0.98" CC="64104"/>
						<SP ID="P7_SP00980" HPOS="2871" VPOS="414" WIDTH="17"/>
						<String ID="P7_ST01142" HPOS="2888" VPOS="385" WIDTH="60" HEIGHT="30" CONTENT="fort" SUBS_TYPE="HypPart1" SUBS_CONTENT="fortzuleugnende" WC="0.98" CC="4120"/>
						<HYP HPOS="2948" VPOS="385" WIDTH="14" CONTENT="-"/>
					</TextLine>
					<TextLine ID="P7_TL00162" HPOS="2074" VPOS="428" WIDTH="889" HEIGHT="36">
						<String ID="P7_ST01143" HPOS="2074" VPOS="428" WIDTH="211" HEIGHT="33" CONTENT="zuleugnende" SUBS_TYPE="HypPart2" SUBS_CONTENT="fortzuleugnende" WC="0.99" CC="03206030700"/>
						<SP ID="P7_SP00981" HPOS="2285" VPOS="461" WIDTH="31"/>
						<String ID="P7_ST01144" HPOS="2316" VPOS="428" WIDTH="233" HEIGHT="35" CONTENT="Triebrichtung" WC="1.00" CC="0000010120460"/>
						<SP ID="P7_SP00982" HPOS="2549" VPOS="463" WIDTH="31"/>
						<String ID="P7_ST01145" HPOS="2580" VPOS="431" WIDTH="141" HEIGHT="30" CONTENT="kulturell" WC="0.99" CC="044054050"/>
						<SP ID="P7_SP00983" HPOS="2721" VPOS="463" WIDTH="31"/>
						<String ID="P7_ST01146" HPOS="2752" VPOS="441" WIDTH="37" HEIGHT="20" CONTENT="zu" WC="0.69" CC="33"/>
						<SP ID="P7_SP00984" HPOS="2789" VPOS="463" WIDTH="31"/>
						<String ID="P7_ST01147" HPOS="2820" VPOS="442" WIDTH="123" HEIGHT="22" CONTENT="verwen" SUBS_TYPE="HypPart1" SUBS_CONTENT="verwenden." WC="0.99" CC="030028"/>
						<HYP HPOS="2943" VPOS="442" WIDTH="20" CONTENT="-"/>
					</TextLine>
					<TextLine ID="P7_TL00163" HPOS="2075" VPOS="477" WIDTH="888" HEIGHT="37">
						<String ID="P7_ST01148" HPOS="2075" VPOS="477" WIDTH="68" HEIGHT="29" CONTENT="den." SUBS_TYPE="HypPart2" SUBS_CONTENT="verwenden." WC="0.99" CC="0003"/>
						<SP ID="P7_SP00985" HPOS="2143" VPOS="506" WIDTH="42"/>
						<String ID="P7_ST01149" HPOS="2185" VPOS="477" WIDTH="67" HEIGHT="29" CONTENT="Daß" WC="0.98" CC="050"/>
						<SP ID="P7_SP00986" HPOS="2252" VPOS="506" WIDTH="24"/>
						<String ID="P7_ST01150" HPOS="2276" VPOS="478" WIDTH="48" HEIGHT="30" CONTENT="bei" WC="0.99" CC="002"/>
						<SP ID="P7_SP00987" HPOS="2324" VPOS="508" WIDTH="23"/>
						<String ID="P7_ST01151" HPOS="2347" VPOS="479" WIDTH="80" HEIGHT="30" CONTENT="ihrer" WC="0.99" CC="20005"/>
						<SP ID="P7_SP00988" HPOS="2427" VPOS="509" WIDTH="23"/>
						<String ID="P7_ST01152" HPOS="2450" VPOS="480" WIDTH="221" HEIGHT="34" CONTENT="Uebertonung" WC="0.77" CC="02003007560"/>
						<SP ID="P7_SP00989" HPOS="2671" VPOS="514" WIDTH="23"/>
						<String ID="P7_ST01153" HPOS="2694" VPOS="481" WIDTH="48" HEIGHT="30" CONTENT="die" WC="0.99" CC="020"/>
						<SP ID="P7_SP00990" HPOS="2742" VPOS="514" WIDTH="24"/>
						<String ID="P7_ST01154" HPOS="2766" VPOS="482" WIDTH="197" HEIGHT="32" CONTENT="Frauenliebe" WC="0.99" CC="75310642200"/>
					</TextLine>
					<TextLine ID="P7_TL00164" HPOS="2074" VPOS="527" WIDTH="890" HEIGHT="39">
						<String ID="P7_ST01155" HPOS="2074" VPOS="527" WIDTH="46" HEIGHT="29" CONTENT="litt" WC="0.99" CC="0400"/>
						<SP ID="P7_SP00991" HPOS="2120" VPOS="556" WIDTH="27"/>
						<String ID="P7_ST01156" HPOS="2147" VPOS="527" WIDTH="61" HEIGHT="29" CONTENT="und" WC="0.96" CC="740"/>
						<SP ID="P7_SP00992" HPOS="2208" VPOS="556" WIDTH="28"/>
						<String ID="P7_ST01157" HPOS="2236" VPOS="528" WIDTH="81" HEIGHT="29" CONTENT="nicht" WC="0.98" CC="05050"/>
						<SP ID="P7_SP00993" HPOS="2317" VPOS="557" WIDTH="27"/>
						<String ID="P7_ST01158" HPOS="2344" VPOS="529" WIDTH="87" HEIGHT="29" CONTENT="recht" WC="1.00" CC="10010"/>
						<SP ID="P7_SP00994" HPOS="2431" VPOS="558" WIDTH="28"/>
						<String ID="P7_ST01159" HPOS="2459" VPOS="539" WIDTH="53" HEIGHT="20" CONTENT="zur" WC="0.96" CC="360"/>
						<SP ID="P7_SP00995" HPOS="2512" VPOS="559" WIDTH="29"/>
						<String ID="P7_ST01160" HPOS="2541" VPOS="530" WIDTH="175" HEIGHT="33" CONTENT="Entfaltung" WC="0.99" CC="0637050530"/>
						<SP ID="P7_SP00996" HPOS="2716" VPOS="563" WIDTH="28"/>
						<String ID="P7_ST01161" HPOS="2744" VPOS="532" WIDTH="80" HEIGHT="34" CONTENT="kam," WC="0.99" CC="0004"/>
						<SP ID="P7_SP00997" HPOS="2824" VPOS="566" WIDTH="27"/>
						<String ID="P7_ST01162" HPOS="2851" VPOS="534" WIDTH="40" HEIGHT="28" CONTENT="ist" WC="1.00" CC="000"/>
						<SP ID="P7_SP00998" HPOS="2891" VPOS="566" WIDTH="26"/>
						<String ID="P7_ST01163" HPOS="2917" VPOS="535" WIDTH="47" HEIGHT="28" CONTENT="ein" WC="0.98" CC="005"/>
					</TextLine>
					<TextLine ID="P7_TL00165" HPOS="2073" VPOS="575" WIDTH="891" HEIGHT="38">
						<String ID="P7_ST01164" HPOS="2073" VPOS="575" WIDTH="147" HEIGHT="36" CONTENT="Nachteil," WC="1.00" CC="030000330"/>
						<SP ID="P7_SP00999" HPOS="2220" VPOS="611" WIDTH="19"/>
						<String ID="P7_ST01165" HPOS="2239" VPOS="577" WIDTH="52" HEIGHT="29" CONTENT="der" WC="1.00" CC="000"/>
						<SP ID="P7_SP01000" HPOS="2291" VPOS="611" WIDTH="21"/>
						<String ID="P7_ST01166" HPOS="2312" VPOS="586" WIDTH="56" HEIGHT="20" CONTENT="nur" WC="0.95" CC="642"/>
						<SP ID="P7_SP01001" HPOS="2368" VPOS="611" WIDTH="19"/>
						<String ID="P7_ST01167" HPOS="2387" VPOS="578" WIDTH="162" HEIGHT="30" CONTENT="historisch" WC="1.00" CC="4500022000"/>
						<SP ID="P7_SP01002" HPOS="2549" VPOS="611" WIDTH="17"/>
						<String ID="P7_ST01168" HPOS="2566" VPOS="580" WIDTH="126" HEIGHT="33" CONTENT="bedingt" WC="1.00" CC="0100500"/>
						<SP ID="P7_SP01003" HPOS="2692" VPOS="613" WIDTH="18"/>
						<String ID="P7_ST01169" HPOS="2710" VPOS="582" WIDTH="47" HEIGHT="28" CONTENT="ist." WC="0.98" CC="0704"/>
						<SP ID="P7_SP01004" HPOS="2757" VPOS="613" WIDTH="37"/>
						<String ID="P7_ST01170" HPOS="2794" VPOS="581" WIDTH="63" HEIGHT="30" CONTENT="Das" WC="1.00" CC="000"/>
						<SP ID="P7_SP01005" HPOS="2857" VPOS="613" WIDTH="17"/>
						<String ID="P7_ST01171" HPOS="2874" VPOS="582" WIDTH="90" HEIGHT="30" CONTENT="Weib" WC="0.98" CC="0007"/>
					</TextLine>
					<TextLine ID="P7_TL00166" HPOS="2073" VPOS="626" WIDTH="891" HEIGHT="38">
						<String ID="P7_ST01172" HPOS="2073" VPOS="635" WIDTH="67" HEIGHT="20" CONTENT="war" WC="0.98" CC="060"/>
						<SP ID="P7_SP01006" HPOS="2140" VPOS="655" WIDTH="18"/>
						<String ID="P7_ST01173" HPOS="2158" VPOS="626" WIDTH="117" HEIGHT="29" CONTENT="damals" WC="0.99" CC="030550"/>
						<SP ID="P7_SP01007" HPOS="2275" VPOS="655" WIDTH="18"/>
						<String ID="P7_ST01174" HPOS="2293" VPOS="628" WIDTH="78" HEIGHT="28" CONTENT="noch" WC="0.99" CC="1200"/>
						<SP ID="P7_SP01008" HPOS="2371" VPOS="656" WIDTH="18"/>
						<String ID="P7_ST01175" HPOS="2389" VPOS="629" WIDTH="82" HEIGHT="28" CONTENT="nicht" WC="0.98" CC="16072"/>
						<SP ID="P7_SP01009" HPOS="2471" VPOS="657" WIDTH="17"/>
						<String ID="P7_ST01176" HPOS="2488" VPOS="631" WIDTH="152" HEIGHT="33" CONTENT="entdeckt," WC="1.00" CC="002020002"/>
						<SP ID="P7_SP01010" HPOS="2640" VPOS="664" WIDTH="17"/>
						<String ID="P7_ST01177" HPOS="2657" VPOS="639" WIDTH="69" HEIGHT="24" CONTENT="man" WC="0.96" CC="017"/>
						<SP ID="P7_SP01011" HPOS="2726" VPOS="664" WIDTH="20"/>
						<String ID="P7_ST01178" HPOS="2746" VPOS="631" WIDTH="71" HEIGHT="30" CONTENT="hielt" WC="0.98" CC="24050"/>
						<SP ID="P7_SP01012" HPOS="2817" VPOS="664" WIDTH="19"/>
						<String ID="P7_ST01179" HPOS="2836" VPOS="640" WIDTH="32" HEIGHT="21" CONTENT="es" WC="1.00" CC="00"/>
						<SP ID="P7_SP01013" HPOS="2868" VPOS="664" WIDTH="19"/>
						<String ID="P7_ST01180" HPOS="2887" VPOS="633" WIDTH="77" HEIGHT="28" CONTENT="nach" WC="0.97" CC="6304"/>
					</TextLine>
					<TextLine ID="P7_TL00167" HPOS="2074" VPOS="676" WIDTH="891" HEIGHT="37">
						<String ID="P7_ST01181" HPOS="2074" VPOS="676" WIDTH="230" HEIGHT="30" CONTENT="orientalischer" WC="1.00" CC="00525006403400"/>
						<SP ID="P7_SP01014" HPOS="2304" VPOS="706" WIDTH="18"/>
						<String ID="P7_ST01182" HPOS="2322" VPOS="677" WIDTH="54" HEIGHT="29" CONTENT="Art" WC="0.99" CC="030"/>
						<SP ID="P7_SP01015" HPOS="2376" VPOS="706" WIDTH="16"/>
						<String ID="P7_ST01183" HPOS="2392" VPOS="678" WIDTH="153" HEIGHT="33" CONTENT="gefangen" WC="0.99" CC="00712000"/>
						<SP ID="P7_SP01016" HPOS="2545" VPOS="711" WIDTH="15"/>
						<String ID="P7_ST01184" HPOS="2560" VPOS="680" WIDTH="59" HEIGHT="29" CONTENT="und" WC="0.98" CC="500"/>
						<SP ID="P7_SP01017" HPOS="2619" VPOS="711" WIDTH="17"/>
						<String ID="P7_ST01185" HPOS="2636" VPOS="680" WIDTH="174" HEIGHT="31" CONTENT="bestimmte" WC="1.00" CC="000000000"/>
						<SP ID="P7_SP01018" HPOS="2810" VPOS="711" WIDTH="17"/>
						<String ID="P7_ST01186" HPOS="2827" VPOS="691" WIDTH="33" HEIGHT="20" CONTENT="es" WC="1.00" CC="00"/>
						<SP ID="P7_SP01019" HPOS="2860" VPOS="711" WIDTH="16"/>
						<String ID="P7_ST01187" HPOS="2876" VPOS="685" WIDTH="89" HEIGHT="28" CONTENT="meist" WC="0.98" CC="60241"/>
					</TextLine>
					<TextLine ID="P7_TL00168" HPOS="2074" VPOS="725" WIDTH="891" HEIGHT="40">
						<String ID="P7_ST01188" HPOS="2074" VPOS="733" WIDTH="55" HEIGHT="22" CONTENT="nur" WC="0.96" CC="640"/>
						<SP ID="P7_SP01020" HPOS="2129" VPOS="755" WIDTH="19"/>
						<String ID="P7_ST01189" HPOS="2148" VPOS="734" WIDTH="53" HEIGHT="21" CONTENT="zur" WC="0.97" CC="070"/>
						<SP ID="P7_SP01021" HPOS="2201" VPOS="755" WIDTH="19"/>
						<String ID="P7_ST01190" HPOS="2220" VPOS="725" WIDTH="220" HEIGHT="36" CONTENT="Befriedigung" WC="0.99" CC="006037040460"/>
						<SP ID="P7_SP01022" HPOS="2440" VPOS="761" WIDTH="17"/>
						<String ID="P7_ST01191" HPOS="2457" VPOS="729" WIDTH="148" HEIGHT="32" CONTENT="gröberer" WC="1.00" CC="00600100"/>
						<SP ID="P7_SP01023" HPOS="2605" VPOS="761" WIDTH="20"/>
						<String ID="P7_ST01192" HPOS="2625" VPOS="731" WIDTH="150" HEIGHT="29" CONTENT="sexueller" WC="1.00" CC="010105300"/>
						<SP ID="P7_SP01024" HPOS="2775" VPOS="761" WIDTH="19"/>
						<String ID="P7_ST01193" HPOS="2794" VPOS="731" WIDTH="171" HEIGHT="34" CONTENT="Begierden" WC="0.99" CC="270000006"/>
					</TextLine>
					<TextLine ID="P7_TL00169" HPOS="2075" VPOS="775" WIDTH="891" HEIGHT="37">
						<String ID="P7_ST01194" HPOS="2075" VPOS="775" WIDTH="61" HEIGHT="29" CONTENT="und" WC="0.97" CC="600"/>
						<SP ID="P7_SP01025" HPOS="2136" VPOS="804" WIDTH="23"/>
						<String ID="P7_ST01195" HPOS="2159" VPOS="784" WIDTH="53" HEIGHT="21" CONTENT="zur" WC="0.97" CC="160"/>
						<SP ID="P7_SP01026" HPOS="2212" VPOS="805" WIDTH="24"/>
						<String ID="P7_ST01196" HPOS="2236" VPOS="775" WIDTH="301" HEIGHT="35" CONTENT="Kindererzeugung." WC="1.00" CC="0220002101706303"/>
						<SP ID="P7_SP01027" HPOS="2537" VPOS="810" WIDTH="33"/>
						<String ID="P7_ST01197" HPOS="2570" VPOS="779" WIDTH="59" HEIGHT="29" CONTENT="Für" WC="0.98" CC="600"/>
						<SP ID="P7_SP01028" HPOS="2629" VPOS="810" WIDTH="24"/>
						<String ID="P7_ST01198" HPOS="2653" VPOS="781" WIDTH="59" HEIGHT="28" CONTENT="den" WC="0.97" CC="800"/>
						<SP ID="P7_SP01029" HPOS="2712" VPOS="810" WIDTH="23"/>
						<String ID="P7_ST01199" HPOS="2735" VPOS="782" WIDTH="215" HEIGHT="30" CONTENT="antik-orienta" SUBS_TYPE="HypPart1" SUBS_CONTENT="antik-orientalischen" WC="1.00" CC="0001030110000"/>
						<HYP HPOS="2950" VPOS="782" WIDTH="16" CONTENT="-"/>
					</TextLine>
					<TextLine ID="P7_TL00170" HPOS="2073" VPOS="825" WIDTH="892" HEIGHT="39">
						<String ID="P7_ST01200" HPOS="2073" VPOS="825" WIDTH="116" HEIGHT="29" CONTENT="lischen" SUBS_TYPE="HypPart2" SUBS_CONTENT="antik-orientalischen" WC="0.99" CC="4000006"/>
						<SP ID="P7_SP01030" HPOS="2189" VPOS="854" WIDTH="20"/>
						<String ID="P7_ST01201" HPOS="2209" VPOS="826" WIDTH="277" HEIGHT="33" CONTENT="Wertgeschmack" WC="1.00" CC="0300000030300"/>
						<SP ID="P7_SP01031" HPOS="2486" VPOS="859" WIDTH="21"/>
						<String ID="P7_ST01202" HPOS="2507" VPOS="829" WIDTH="87" HEIGHT="28" CONTENT="wäre" WC="1.00" CC="0000"/>
						<SP ID="P7_SP01032" HPOS="2594" VPOS="859" WIDTH="20"/>
						<String ID="P7_ST01203" HPOS="2614" VPOS="838" WIDTH="32" HEIGHT="21" CONTENT="es" WC="1.00" CC="00"/>
						<SP ID="P7_SP01033" HPOS="2646" VPOS="859" WIDTH="22"/>
						<String ID="P7_ST01204" HPOS="2668" VPOS="839" WIDTH="70" HEIGHT="20" CONTENT="zum" WC="0.97" CC="070"/>
						<SP ID="P7_SP01034" HPOS="2738" VPOS="859" WIDTH="21"/>
						<String ID="P7_ST01205" HPOS="2759" VPOS="831" WIDTH="131" HEIGHT="33" CONTENT="Beispiel" WC="0.99" CC="40100105"/>
						<SP ID="P7_SP01035" HPOS="2890" VPOS="864" WIDTH="22"/>
						<String ID="P7_ST01206" HPOS="2912" VPOS="842" WIDTH="36" HEIGHT="20" CONTENT="un" SUBS_TYPE="HypPart1" SUBS_CONTENT="unmöglich" WC="0.93" CC="67"/>
						<HYP HPOS="2948" VPOS="842" WIDTH="17" CONTENT="-"/>
					</TextLine>
					<TextLine ID="P7_TL00171" HPOS="2074" VPOS="875" WIDTH="891" HEIGHT="37">
						<String ID="P7_ST01207" HPOS="2074" VPOS="875" WIDTH="131" HEIGHT="33" CONTENT="möglich" SUBS_TYPE="HypPart2" SUBS_CONTENT="unmöglich" WC="1.00" CC="0002010"/>
						<SP ID="P7_SP01036" HPOS="2205" VPOS="908" WIDTH="20"/>
						<String ID="P7_ST01208" HPOS="2225" VPOS="885" WIDTH="156" HEIGHT="26" CONTENT="gewesen," WC="1.00" CC="00000010"/>
						<SP ID="P7_SP01037" HPOS="2381" VPOS="911" WIDTH="20"/>
						<String ID="P7_ST01209" HPOS="2401" VPOS="877" WIDTH="66" HEIGHT="29" CONTENT="sich" WC="0.97" CC="0635"/>
						<SP ID="P7_SP01038" HPOS="2467" VPOS="911" WIDTH="19"/>
						<String ID="P7_ST01210" HPOS="2486" VPOS="878" WIDTH="199" HEIGHT="31" CONTENT="vierhundert" WC="1.00" CC="61010400010"/>
						<SP ID="P7_SP01039" HPOS="2685" VPOS="911" WIDTH="19"/>
						<String ID="P7_ST01211" HPOS="2704" VPOS="880" WIDTH="93" HEIGHT="31" CONTENT="Jahre" WC="0.98" CC="36040"/>
						<SP ID="P7_SP01040" HPOS="2797" VPOS="911" WIDTH="22"/>
						<String ID="P7_ST01212" HPOS="2819" VPOS="881" WIDTH="146" HEIGHT="31" CONTENT="hindurch" WC="0.99" CC="20605004"/>
					</TextLine>
					<TextLine ID="P7_TL00172" HPOS="2074" VPOS="924" WIDTH="892" HEIGHT="38">
						<String ID="P7_ST01213" HPOS="2074" VPOS="924" WIDTH="74" HEIGHT="30" CONTENT="über" WC="1.00" CC="0000"/>
						<SP ID="P7_SP01041" HPOS="2148" VPOS="954" WIDTH="24"/>
						<String ID="P7_ST01214" HPOS="2172" VPOS="925" WIDTH="55" HEIGHT="30" CONTENT="das" WC="0.98" CC="021"/>
						<SP ID="P7_SP01042" HPOS="2227" VPOS="955" WIDTH="22"/>
						<String ID="P7_ST01215" HPOS="2249" VPOS="926" WIDTH="251" HEIGHT="32" CONTENT="geheimnisvolle" WC="0.99" CC="01700055003554"/>
						<SP ID="P7_SP01043" HPOS="2500" VPOS="958" WIDTH="21"/>
						<String ID="P7_ST01216" HPOS="2521" VPOS="928" WIDTH="133" HEIGHT="31" CONTENT="Lächeln" WC="0.99" CC="0000072"/>
						<SP ID="P7_SP01044" HPOS="2654" VPOS="959" WIDTH="24"/>
						<String ID="P7_ST01217" HPOS="2678" VPOS="932" WIDTH="81" HEIGHT="28" CONTENT="einer" WC="0.99" CC="01600"/>
						<SP ID="P7_SP01045" HPOS="2759" VPOS="960" WIDTH="20"/>
						<String ID="P7_ST01218" HPOS="2779" VPOS="930" WIDTH="94" HEIGHT="31" CONTENT="Mona" WC="0.99" CC="0011"/>
						<SP ID="P7_SP01046" HPOS="2873" VPOS="961" WIDTH="22"/>
						<String ID="P7_ST01219" HPOS="2895" VPOS="932" WIDTH="71" HEIGHT="30" CONTENT="Lisa" WC="0.99" CC="0003"/>
					</TextLine>
					<TextLine ID="P7_TL00173" HPOS="2074" VPOS="976" WIDTH="891" HEIGHT="38">
						<String ID="P7_ST01220" HPOS="2074" VPOS="983" WIDTH="38" HEIGHT="20" CONTENT="zu" WC="0.69" CC="06"/>
						<SP ID="P7_SP01047" HPOS="2112" VPOS="1003" WIDTH="23"/>
						<String ID="P7_ST01221" HPOS="2135" VPOS="977" WIDTH="135" HEIGHT="28" CONTENT="streiten." WC="1.00" CC="003000053"/>
						<SP ID="P7_SP01048" HPOS="2270" VPOS="1005" WIDTH="43"/>
						<String ID="P7_ST01222" HPOS="2313" VPOS="976" WIDTH="101" HEIGHT="30" CONTENT="Wenn" WC="0.98" CC="0064"/>
						<SP ID="P7_SP01049" HPOS="2414" VPOS="1006" WIDTH="24"/>
						<String ID="P7_ST01223" HPOS="2438" VPOS="986" WIDTH="70" HEIGHT="20" CONTENT="man" WC="0.98" CC="023"/>
						<SP ID="P7_SP01050" HPOS="2508" VPOS="1006" WIDTH="24"/>
						<String ID="P7_ST01224" HPOS="2532" VPOS="980" WIDTH="29" HEIGHT="27" CONTENT="in" WC="0.52" CC="63"/>
						<SP ID="P7_SP01051" HPOS="2561" VPOS="1007" WIDTH="25"/>
						<String ID="P7_ST01225" HPOS="2586" VPOS="979" WIDTH="116" HEIGHT="30" CONTENT="diesem" WC="1.00" CC="000000"/>
						<SP ID="P7_SP01052" HPOS="2702" VPOS="1009" WIDTH="23"/>
						<String ID="P7_ST01226" HPOS="2725" VPOS="981" WIDTH="162" HEIGHT="33" CONTENT="allerdings" WC="0.99" CC="6333300500"/>
						<SP ID="P7_SP01053" HPOS="2887" VPOS="1014" WIDTH="24"/>
						<String ID="P7_ST01227" HPOS="2911" VPOS="991" WIDTH="36" HEIGHT="20" CONTENT="un" SUBS_TYPE="HypPart1" SUBS_CONTENT="unharmonischen" WC="0.94" CC="74"/>
						<HYP HPOS="2947" VPOS="991" WIDTH="18" CONTENT="-"/>
					</TextLine>
					<TextLine ID="P7_TL00174" HPOS="2073" VPOS="1023" WIDTH="893" HEIGHT="38">
						<String ID="P7_ST01228" HPOS="2073" VPOS="1023" WIDTH="235" HEIGHT="32" CONTENT="harmonischen" SUBS_TYPE="HypPart2" SUBS_CONTENT="unharmonischen" WC="0.99" CC="350115300300"/>
						<SP ID="P7_SP01054" HPOS="2308" VPOS="1055" WIDTH="36"/>
						<String ID="P7_ST01229" HPOS="2344" VPOS="1028" WIDTH="61" HEIGHT="28" CONTENT="und" WC="0.97" CC="710"/>
						<SP ID="P7_SP01055" HPOS="2405" VPOS="1056" WIDTH="39"/>
						<String ID="P7_ST01230" HPOS="2444" VPOS="1028" WIDTH="288" HEIGHT="30" CONTENT="unvollkommenen" WC="1.00" CC="67004203000001"/>
						<SP ID="P7_SP01056" HPOS="2732" VPOS="1058" WIDTH="34"/>
						<String ID="P7_ST01231" HPOS="2766" VPOS="1031" WIDTH="200" HEIGHT="30" CONTENT="Liebesleben" WC="0.99" CC="03102051307"/>
					</TextLine>
					<TextLine ID="P7_TL00175" HPOS="2073" VPOS="1073" WIDTH="890" HEIGHT="42">
						<String ID="P7_ST01232" HPOS="2073" VPOS="1073" WIDTH="54" HEIGHT="30" CONTENT="der" WC="0.99" CC="001"/>
						<SP ID="P7_SP01057" HPOS="2127" VPOS="1103" WIDTH="24"/>
						<String ID="P7_ST01233" HPOS="2151" VPOS="1074" WIDTH="150" HEIGHT="30" CONTENT="Griechen" WC="0.99" CC="60403006"/>
						<SP ID="P7_SP01058" HPOS="2301" VPOS="1104" WIDTH="24"/>
						<String ID="P7_ST01234" HPOS="2325" VPOS="1076" WIDTH="66" HEIGHT="30" CONTENT="eine" WC="0.99" CC="0600"/>
						<SP ID="P7_SP01059" HPOS="2391" VPOS="1106" WIDTH="22"/>
						<String ID="P7_ST01235" HPOS="2413" VPOS="1076" WIDTH="173" HEIGHT="32" CONTENT="besondere" WC="1.00" CC="020010000"/>
						<SP ID="P7_SP01060" HPOS="2586" VPOS="1108" WIDTH="23"/>
						<String ID="P7_ST01236" HPOS="2609" VPOS="1078" WIDTH="149" HEIGHT="32" CONTENT="Barbarei" WC="0.99" CC="25002301"/>
						<SP ID="P7_SP01061" HPOS="2758" VPOS="1110" WIDTH="20"/>
						<String ID="P7_ST01237" HPOS="2778" VPOS="1081" WIDTH="95" HEIGHT="29" CONTENT="sehen" WC="0.98" CC="03222"/>
						<SP ID="P7_SP01062" HPOS="2873" VPOS="1110" WIDTH="21"/>
						<String ID="P7_ST01238" HPOS="2894" VPOS="1082" WIDTH="69" HEIGHT="33" CONTENT="will," WC="0.98" CC="00660"/>
					</TextLine>
					<TextLine ID="P7_TL00176" HPOS="2072" VPOS="1123" WIDTH="891" HEIGHT="38">
						<String ID="P7_ST01239" HPOS="2072" VPOS="1130" WIDTH="35" HEIGHT="21" CONTENT="so" WC="0.91" CC="01"/>
						<SP ID="P7_SP01063" HPOS="2107" VPOS="1151" WIDTH="28"/>
						<String ID="P7_ST01240" HPOS="2135" VPOS="1123" WIDTH="68" HEIGHT="29" CONTENT="darf" WC="0.99" CC="0102"/>
						<SP ID="P7_SP01064" HPOS="2203" VPOS="1152" WIDTH="25"/>
						<String ID="P7_ST01241" HPOS="2228" VPOS="1133" WIDTH="70" HEIGHT="21" CONTENT="man" WC="0.98" CC="032"/>
						<SP ID="P7_SP01065" HPOS="2298" VPOS="1154" WIDTH="28"/>
						<String ID="P7_ST01242" HPOS="2326" VPOS="1126" WIDTH="65" HEIGHT="30" CONTENT="dies" WC="1.00" CC="0000"/>
						<SP ID="P7_SP01066" HPOS="2391" VPOS="1156" WIDTH="26"/>
						<String ID="P7_ST01243" HPOS="2417" VPOS="1128" WIDTH="109" HEIGHT="31" CONTENT="jedoch" WC="1.00" CC="600000"/>
						<SP ID="P7_SP01067" HPOS="2526" VPOS="1159" WIDTH="25"/>
						<String ID="P7_ST01244" HPOS="2551" VPOS="1129" WIDTH="175" HEIGHT="30" CONTENT="keinesfalls" WC="0.99" CC="00120065430"/>
						<SP ID="P7_SP01068" HPOS="2726" VPOS="1159" WIDTH="27"/>
						<String ID="P7_ST01245" HPOS="2753" VPOS="1139" WIDTH="73" HEIGHT="20" CONTENT="vom" WC="1.00" CC="000"/>
						<SP ID="P7_SP01069" HPOS="2826" VPOS="1159" WIDTH="27"/>
						<String ID="P7_ST01246" HPOS="2853" VPOS="1131" WIDTH="92" HEIGHT="30" CONTENT="Stand" SUBS_TYPE="HypPart1" SUBS_CONTENT="Standpunkte" WC="1.00" CC="00000"/>
						<HYP HPOS="2945" VPOS="1131" WIDTH="18" CONTENT="-"/>
					</TextLine>
					<TextLine ID="P7_TL00177" HPOS="2072" VPOS="1172" WIDTH="891" HEIGHT="40">
						<String ID="P7_ST01247" HPOS="2072" VPOS="1172" WIDTH="113" HEIGHT="31" CONTENT="punkte" SUBS_TYPE="HypPart2" SUBS_CONTENT="Standpunkte" WC="1.00" CC="020000"/>
						<SP ID="P7_SP01070" HPOS="2185" VPOS="1203" WIDTH="25"/>
						<String ID="P7_ST01248" HPOS="2210" VPOS="1174" WIDTH="53" HEIGHT="29" CONTENT="der" WC="1.00" CC="000"/>
						<SP ID="P7_SP01071" HPOS="2263" VPOS="1203" WIDTH="25"/>
						<String ID="P7_ST01249" HPOS="2288" VPOS="1176" WIDTH="102" HEIGHT="29" CONTENT="bisher" WC="1.00" CC="040000"/>
						<SP ID="P7_SP01072" HPOS="2390" VPOS="1205" WIDTH="25"/>
						<String ID="P7_ST01250" HPOS="2415" VPOS="1177" WIDTH="134" HEIGHT="33" CONTENT="gültigen" WC="1.00" CC="00400000"/>
						<SP ID="P7_SP01073" HPOS="2549" VPOS="1210" WIDTH="24"/>
						<String ID="P7_ST01251" HPOS="2573" VPOS="1178" WIDTH="213" HEIGHT="32" CONTENT="Sexualmoral" WC="1.00" CC="00036300005"/>
						<SP ID="P7_SP01074" HPOS="2786" VPOS="1210" WIDTH="27"/>
						<String ID="P7_ST01252" HPOS="2813" VPOS="1181" WIDTH="53" HEIGHT="29" CONTENT="der" WC="1.00" CC="000"/>
						<SP ID="P7_SP01075" HPOS="2866" VPOS="1210" WIDTH="25"/>
						<String ID="P7_ST01253" HPOS="2891" VPOS="1181" WIDTH="54" HEIGHT="31" CONTENT="Oef" SUBS_TYPE="HypPart1" SUBS_CONTENT="Oeffentlichkeit" WC="0.71" CC="007"/>
						<HYP HPOS="2945" VPOS="1181" WIDTH="18" CONTENT="-"/>
					</TextLine>
					<TextLine ID="P7_TL00178" HPOS="2072" VPOS="1221" WIDTH="892" HEIGHT="40">
						<String ID="P7_ST01254" HPOS="2072" VPOS="1221" WIDTH="187" HEIGHT="32" CONTENT="fentlichkeit" SUBS_TYPE="HypPart2" SUBS_CONTENT="Oeffentlichkeit" WC="0.80" CC="705050000050"/>
						<SP ID="P7_SP01076" HPOS="2259" VPOS="1253" WIDTH="24"/>
						<String ID="P7_ST01255" HPOS="2283" VPOS="1227" WIDTH="61" HEIGHT="32" CONTENT="tun," WC="0.97" CC="3530"/>
						<SP ID="P7_SP01077" HPOS="2344" VPOS="1259" WIDTH="24"/>
						<String ID="P7_ST01256" HPOS="2368" VPOS="1226" WIDTH="78" HEIGHT="29" CONTENT="denn" WC="0.99" CC="0022"/>
						<SP ID="P7_SP01078" HPOS="2446" VPOS="1259" WIDTH="27"/>
						<String ID="P7_ST01257" HPOS="2473" VPOS="1228" WIDTH="83" HEIGHT="29" CONTENT="diese" WC="1.00" CC="00000"/>
						<SP ID="P7_SP01079" HPOS="2556" VPOS="1259" WIDTH="25"/>
						<String ID="P7_ST01258" HPOS="2581" VPOS="1230" WIDTH="39" HEIGHT="28" CONTENT="ist" WC="1.00" CC="000"/>
						<SP ID="P7_SP01080" HPOS="2620" VPOS="1259" WIDTH="25"/>
						<String ID="P7_ST01259" HPOS="2645" VPOS="1230" WIDTH="81" HEIGHT="31" CONTENT="nicht" WC="0.98" CC="62060"/>
						<SP ID="P7_SP01081" HPOS="2726" VPOS="1261" WIDTH="25"/>
						<String ID="P7_ST01260" HPOS="2751" VPOS="1231" WIDTH="118" HEIGHT="29" CONTENT="minder" WC="0.98" CC="064005"/>
						<SP ID="P7_SP01082" HPOS="2869" VPOS="1261" WIDTH="25"/>
						<String ID="P7_ST01261" HPOS="2894" VPOS="1232" WIDTH="53" HEIGHT="29" CONTENT="bar" SUBS_TYPE="HypPart1" SUBS_CONTENT="barbarisch." WC="0.96" CC="045"/>
						<HYP HPOS="2947" VPOS="1232" WIDTH="17" CONTENT="-"/>
					</TextLine>
					<TextLine ID="P7_TL00179" HPOS="2072" VPOS="1270" WIDTH="890" HEIGHT="47">
						<String ID="P7_ST01262" HPOS="2072" VPOS="1270" WIDTH="131" HEIGHT="32" CONTENT="barisch." SUBS_TYPE="HypPart2" SUBS_CONTENT="barbarisch." WC="0.99" CC="00700003"/>
						<SP ID="P7_SP01083" HPOS="2203" VPOS="1302" WIDTH="42"/>
						<String ID="P7_ST01263" HPOS="2245" VPOS="1273" WIDTH="50" HEIGHT="30" CONTENT="Sie" WC="0.95" CC="246"/>
						<SP ID="P7_SP01084" HPOS="2295" VPOS="1303" WIDTH="22"/>
						<String ID="P7_ST01264" HPOS="2317" VPOS="1275" WIDTH="95" HEIGHT="33" CONTENT="billigt" WC="0.99" CC="0350407"/>
						<SP ID="P7_SP01085" HPOS="2412" VPOS="1308" WIDTH="22"/>
						<String ID="P7_ST01265" HPOS="2434" VPOS="1277" WIDTH="69" HEIGHT="29" CONTENT="dem" WC="0.99" CC="020"/>
						<SP ID="P7_SP01086" HPOS="2503" VPOS="1308" WIDTH="24"/>
						<String ID="P7_ST01266" HPOS="2527" VPOS="1278" WIDTH="109" HEIGHT="30" CONTENT="Weibe" WC="0.98" CC="06307"/>
						<SP ID="P7_SP01087" HPOS="2636" VPOS="1308" WIDTH="24"/>
						<String ID="P7_ST01267" HPOS="2660" VPOS="1281" WIDTH="87" HEIGHT="29" CONTENT="einen" WC="0.95" CC="57757"/>
						<SP ID="P7_SP01088" HPOS="2747" VPOS="1310" WIDTH="23"/>
						<String ID="P7_ST01268" HPOS="2770" VPOS="1281" WIDTH="124" HEIGHT="34" CONTENT="Vorzug" WC="0.99" CC="005050"/>
						<SP ID="P7_SP01089" HPOS="2894" VPOS="1315" WIDTH="22"/>
						<String ID="P7_ST01269" HPOS="2916" VPOS="1291" WIDTH="46" HEIGHT="26" CONTENT="zu," WC="0.95" CC="353"/>
					</TextLine>
					<TextLine ID="P7_TL00180" HPOS="2072" VPOS="1320" WIDTH="890" HEIGHT="41">
						<String ID="P7_ST01270" HPOS="2072" VPOS="1320" WIDTH="54" HEIGHT="29" CONTENT="der" WC="0.99" CC="002"/>
						<SP ID="P7_SP01090" HPOS="2126" VPOS="1349" WIDTH="32"/>
						<String ID="P7_ST01271" HPOS="2158" VPOS="1330" WIDTH="33" HEIGHT="21" CONTENT="es" WC="1.00" CC="00"/>
						<SP ID="P7_SP01091" HPOS="2191" VPOS="1351" WIDTH="30"/>
						<String ID="P7_ST01272" HPOS="2221" VPOS="1323" WIDTH="154" HEIGHT="31" CONTENT="durchaus" WC="0.99" CC="04005460"/>
						<SP ID="P7_SP01092" HPOS="2375" VPOS="1354" WIDTH="30"/>
						<String ID="P7_ST01273" HPOS="2405" VPOS="1327" WIDTH="81" HEIGHT="28" CONTENT="nicht" WC="0.98" CC="74000"/>
						<SP ID="P7_SP01093" HPOS="2486" VPOS="1355" WIDTH="31"/>
						<String ID="P7_ST01274" HPOS="2517" VPOS="1327" WIDTH="66" HEIGHT="30" CONTENT="ehrt" WC="1.00" CC="0000"/>
						<SP ID="P7_SP01094" HPOS="2583" VPOS="1357" WIDTH="30"/>
						<String ID="P7_ST01275" HPOS="2613" VPOS="1330" WIDTH="59" HEIGHT="28" CONTENT="und" WC="0.95" CC="570"/>
						<SP ID="P7_SP01095" HPOS="2672" VPOS="1358" WIDTH="32"/>
						<String ID="P7_ST01276" HPOS="2704" VPOS="1330" WIDTH="112" HEIGHT="30" CONTENT="dessen" WC="1.00" CC="000004"/>
						<SP ID="P7_SP01096" HPOS="2816" VPOS="1360" WIDTH="30"/>
						<String ID="P7_ST01277" HPOS="2846" VPOS="1331" WIDTH="97" HEIGHT="30" CONTENT="Ueber" SUBS_TYPE="HypPart1" SUBS_CONTENT="Ueberbetonung" WC="0.89" CC="02000"/>
						<HYP HPOS="2943" VPOS="1331" WIDTH="19" CONTENT="-"/>
					</TextLine>
					<TextLine ID="P7_TL00181" HPOS="2071" VPOS="1369" WIDTH="892" HEIGHT="43">
						<String ID="P7_ST01278" HPOS="2071" VPOS="1369" WIDTH="156" HEIGHT="35" CONTENT="betonung" SUBS_TYPE="HypPart2" SUBS_CONTENT="Ueberbetonung" WC="0.80" CC="00003650"/>
						<SP ID="P7_SP01097" HPOS="2227" VPOS="1404" WIDTH="15"/>
						<String ID="P7_ST01279" HPOS="2242" VPOS="1372" WIDTH="49" HEIGHT="30" CONTENT="bei" WC="0.99" CC="010"/>
						<SP ID="P7_SP01098" HPOS="2291" VPOS="1404" WIDTH="14"/>
						<String ID="P7_ST01280" HPOS="2305" VPOS="1376" WIDTH="124" HEIGHT="28" CONTENT="weitem" WC="1.00" CC="000500"/>
						<SP ID="P7_SP01099" HPOS="2429" VPOS="1404" WIDTH="17"/>
						<String ID="P7_ST01281" HPOS="2446" VPOS="1377" WIDTH="81" HEIGHT="29" CONTENT="nicht" WC="0.99" CC="60000"/>
						<SP ID="P7_SP01100" HPOS="2527" VPOS="1406" WIDTH="15"/>
						<String ID="P7_ST01282" HPOS="2542" VPOS="1378" WIDTH="47" HEIGHT="29" CONTENT="die" WC="0.98" CC="040"/>
						<SP ID="P7_SP01101" HPOS="2589" VPOS="1407" WIDTH="14"/>
						<String ID="P7_ST01283" HPOS="2603" VPOS="1379" WIDTH="183" HEIGHT="31" CONTENT="kulturellen" WC="0.99" CC="04601404006"/>
						<SP ID="P7_SP01102" HPOS="2786" VPOS="1410" WIDTH="14"/>
						<String ID="P7_ST01284" HPOS="2800" VPOS="1381" WIDTH="107" HEIGHT="31" CONTENT="Werte" WC="1.00" CC="00000"/>
						<SP ID="P7_SP01103" HPOS="2907" VPOS="1412" WIDTH="17"/>
						<String ID="P7_ST01285" HPOS="2924" VPOS="1391" WIDTH="39" HEIGHT="21" CONTENT="zu" WC="0.70" CC="05"/>
					</TextLine>
					<TextLine ID="P7_TL00182" HPOS="2071" VPOS="1419" WIDTH="890" HEIGHT="44">
						<String ID="P7_ST01286" HPOS="2071" VPOS="1419" WIDTH="139" HEIGHT="30" CONTENT="schaffen" WC="0.99" CC="02406054"/>
						<SP ID="P7_SP01104" HPOS="2210" VPOS="1449" WIDTH="24"/>
						<String ID="P7_ST01287" HPOS="2234" VPOS="1423" WIDTH="150" HEIGHT="31" CONTENT="imstande" WC="0.99" CC="00026705"/>
						<SP ID="P7_SP01105" HPOS="2384" VPOS="1454" WIDTH="26"/>
						<String ID="P7_ST01288" HPOS="2410" VPOS="1427" WIDTH="47" HEIGHT="34" CONTENT="ist," WC="0.99" CC="2004"/>
						<SP ID="P7_SP01106" HPOS="2457" VPOS="1461" WIDTH="24"/>
						<String ID="P7_ST01289" HPOS="2481" VPOS="1428" WIDTH="60" HEIGHT="28" CONTENT="wie" WC="0.97" CC="043"/>
						<SP ID="P7_SP01107" HPOS="2541" VPOS="1461" WIDTH="24"/>
						<String ID="P7_ST01290" HPOS="2565" VPOS="1428" WIDTH="47" HEIGHT="29" CONTENT="die" WC="0.97" CC="026"/>
						<SP ID="P7_SP01108" HPOS="2612" VPOS="1461" WIDTH="27"/>
						<String ID="P7_ST01291" HPOS="2639" VPOS="1431" WIDTH="242" HEIGHT="31" CONTENT="entsprechende" WC="0.99" CC="6700072204702"/>
						<SP ID="P7_SP01109" HPOS="2881" VPOS="1462" WIDTH="26"/>
						<String ID="P7_ST01292" HPOS="2907" VPOS="1432" WIDTH="54" HEIGHT="31" CONTENT="der" WC="0.95" CC="057"/>
					</TextLine>
					<TextLine ID="P7_TL00183" HPOS="2072" VPOS="1470" WIDTH="889" HEIGHT="45">
						<String ID="P7_ST01293" HPOS="2072" VPOS="1470" WIDTH="161" HEIGHT="36" CONTENT="Griechen," WC="0.98" CC="760607373"/>
						<SP ID="P7_SP01110" HPOS="2233" VPOS="1506" WIDTH="43"/>
						<String ID="P7_ST01294" HPOS="2276" VPOS="1474" WIDTH="149" HEIGHT="30" CONTENT="während" WC="0.99" CC="0027560"/>
						<SP ID="P7_SP01111" HPOS="2425" VPOS="1506" WIDTH="42"/>
						<String ID="P7_ST01295" HPOS="2467" VPOS="1477" WIDTH="207" HEIGHT="31" CONTENT="andererseits" WC="0.99" CC="760467606000"/>
						<SP ID="P7_SP01112" HPOS="2674" VPOS="1508" WIDTH="45"/>
						<String ID="P7_ST01296" HPOS="2719" VPOS="1480" WIDTH="47" HEIGHT="30" CONTENT="die" WC="0.98" CC="050"/>
						<SP ID="P7_SP01113" HPOS="2766" VPOS="1510" WIDTH="44"/>
						<String ID="P7_ST01297" HPOS="2810" VPOS="1481" WIDTH="135" HEIGHT="34" CONTENT="gleichge" SUBS_TYPE="HypPart1" SUBS_CONTENT="gleichgeschlechtliche" WC="0.99" CC="04641205"/>
						<HYP HPOS="2945" VPOS="1481" WIDTH="16" CONTENT="-"/>
					</TextLine>
					<TextLine ID="P7_TL00184" HPOS="2071" VPOS="1520" WIDTH="890" HEIGHT="44">
						<String ID="P7_ST01298" HPOS="2071" VPOS="1520" WIDTH="215" HEIGHT="33" CONTENT="schlechtliche" SUBS_TYPE="HypPart2" SUBS_CONTENT="gleichgeschlechtliche" WC="1.00" CC="0204006042050"/>
						<SP ID="P7_SP01114" HPOS="2286" VPOS="1553" WIDTH="22"/>
						<String ID="P7_ST01299" HPOS="2308" VPOS="1523" WIDTH="93" HEIGHT="31" CONTENT="Liebe" WC="0.99" CC="04003"/>
						<SP ID="P7_SP01115" HPOS="2401" VPOS="1554" WIDTH="26"/>
						<String ID="P7_ST01300" HPOS="2427" VPOS="1527" WIDTH="82" HEIGHT="28" CONTENT="einer" WC="0.99" CC="06200"/>
						<SP ID="P7_SP01116" HPOS="2509" VPOS="1555" WIDTH="24"/>
						<String ID="P7_ST01301" HPOS="2533" VPOS="1529" WIDTH="93" HEIGHT="32" CONTENT="völlig" WC="0.99" CC="003440"/>
						<SP ID="P7_SP01117" HPOS="2626" VPOS="1561" WIDTH="23"/>
						<String ID="P7_ST01302" HPOS="2649" VPOS="1531" WIDTH="312" HEIGHT="33" CONTENT="ungerechtfertigten" WC="1.00" CC="760040030700040026"/>
					</TextLine>
					<TextLine ID="P7_TL00185" HPOS="2070" VPOS="1569" WIDTH="892" HEIGHT="43">
						<String ID="P7_ST01303" HPOS="2070" VPOS="1569" WIDTH="188" HEIGHT="36" CONTENT="Verpönung" WC="0.91" CC="020000500"/>
						<SP ID="P7_SP01118" HPOS="2258" VPOS="1605" WIDTH="19"/>
						<String ID="P7_ST01304" HPOS="2277" VPOS="1574" WIDTH="119" HEIGHT="29" CONTENT="anheim" WC="0.81" CC="302140"/>
						<SP ID="P7_SP01119" HPOS="2396" VPOS="1605" WIDTH="19"/>
						<String ID="P7_ST01305" HPOS="2415" VPOS="1576" WIDTH="130" HEIGHT="32" CONTENT="gefallen" WC="0.98" CC="90755507"/>
						<SP ID="P7_SP01120" HPOS="2545" VPOS="1608" WIDTH="20"/>
						<String ID="P7_ST01306" HPOS="2565" VPOS="1580" WIDTH="46" HEIGHT="32" CONTENT="ist," WC="0.99" CC="0003"/>
						<SP ID="P7_SP01121" HPOS="2611" VPOS="1612" WIDTH="21"/>
						<String ID="P7_ST01307" HPOS="2632" VPOS="1579" WIDTH="47" HEIGHT="30" CONTENT="die" WC="1.00" CC="000"/>
						<SP ID="P7_SP01122" HPOS="2679" VPOS="1612" WIDTH="20"/>
						<String ID="P7_ST01308" HPOS="2699" VPOS="1581" WIDTH="44" HEIGHT="28" CONTENT="sie" WC="0.97" CC="061"/>
						<SP ID="P7_SP01123" HPOS="2743" VPOS="1612" WIDTH="20"/>
						<String ID="P7_ST01309" HPOS="2763" VPOS="1581" WIDTH="83" HEIGHT="29" CONTENT="nicht" WC="0.98" CC="44200"/>
						<SP ID="P7_SP01124" HPOS="2846" VPOS="1612" WIDTH="19"/>
						<String ID="P7_ST01310" HPOS="2865" VPOS="1582" WIDTH="97" HEIGHT="29" CONTENT="selten" WC="0.99" CC="021006"/>
					</TextLine>
					<TextLine ID="P7_TL00186" HPOS="2074" VPOS="1621" WIDTH="891" HEIGHT="42">
						<String ID="P7_ST01311" HPOS="2074" VPOS="1621" WIDTH="29" HEIGHT="28" CONTENT="in" WC="0.67" CC="60"/>
						<SP ID="P7_SP01125" HPOS="2103" VPOS="1649" WIDTH="21"/>
						<String ID="P7_ST01312" HPOS="2124" VPOS="1621" WIDTH="48" HEIGHT="29" CONTENT="die" WC="0.97" CC="034"/>
						<SP ID="P7_SP01126" HPOS="2172" VPOS="1650" WIDTH="22"/>
						<String ID="P7_ST01313" HPOS="2194" VPOS="1621" WIDTH="91" HEIGHT="30" CONTENT="Form" WC="0.98" CC="6300"/>
						<SP ID="P7_SP01127" HPOS="2285" VPOS="1651" WIDTH="22"/>
						<String ID="P7_ST01314" HPOS="2307" VPOS="1623" WIDTH="54" HEIGHT="29" CONTENT="der" WC="1.00" CC="010"/>
						<SP ID="P7_SP01128" HPOS="2361" VPOS="1652" WIDTH="22"/>
						<String ID="P7_ST01315" HPOS="2383" VPOS="1624" WIDTH="269" HEIGHT="36" CONTENT="Lasterhaftigkeit" WC="1.00" CC="0160000000400400"/>
						<SP ID="P7_SP01129" HPOS="2652" VPOS="1660" WIDTH="21"/>
						<String ID="P7_ST01316" HPOS="2673" VPOS="1630" WIDTH="100" HEIGHT="33" CONTENT="preßt;" WC="0.99" CC="002103"/>
						<SP ID="P7_SP01130" HPOS="2773" VPOS="1663" WIDTH="25"/>
						<String ID="P7_ST01317" HPOS="2798" VPOS="1631" WIDTH="62" HEIGHT="29" CONTENT="und" WC="0.94" CC="464"/>
						<SP ID="P7_SP01131" HPOS="2860" VPOS="1663" WIDTH="20"/>
						<String ID="P7_ST01318" HPOS="2880" VPOS="1631" WIDTH="85" HEIGHT="31" CONTENT="diese" WC="0.99" CC="01007"/>
					</TextLine>
					<TextLine ID="P7_TL00187" HPOS="2070" VPOS="1669" WIDTH="890" HEIGHT="43">
						<String ID="P7_ST01319" HPOS="2070" VPOS="1669" WIDTH="117" HEIGHT="31" CONTENT="kommt" WC="0.98" CC="00086"/>
						<SP ID="P7_SP01132" HPOS="2187" VPOS="1700" WIDTH="20"/>
						<String ID="P7_ST01320" HPOS="2207" VPOS="1672" WIDTH="46" HEIGHT="29" CONTENT="ihr" WC="0.94" CC="860"/>
						<SP ID="P7_SP01133" HPOS="2253" VPOS="1701" WIDTH="23"/>
						<String ID="P7_ST01321" HPOS="2276" VPOS="1681" WIDTH="38" HEIGHT="21" CONTENT="an" WC="0.33" CC="67"/>
						<SP ID="P7_SP01134" HPOS="2314" VPOS="1702" WIDTH="22"/>
						<String ID="P7_ST01322" HPOS="2336" VPOS="1675" WIDTH="65" HEIGHT="28" CONTENT="sich" WC="0.98" CC="0034"/>
						<SP ID="P7_SP01135" HPOS="2401" VPOS="1703" WIDTH="23"/>
						<String ID="P7_ST01323" HPOS="2424" VPOS="1675" WIDTH="113" HEIGHT="31" CONTENT="ebenso" WC="0.99" CC="002500"/>
						<SP ID="P7_SP01136" HPOS="2537" VPOS="1706" WIDTH="24"/>
						<String ID="P7_ST01324" HPOS="2561" VPOS="1680" WIDTH="103" HEIGHT="32" CONTENT="wenig" WC="1.00" CC="02000"/>
						<SP ID="P7_SP01137" HPOS="2664" VPOS="1712" WIDTH="21"/>
						<String ID="P7_ST01325" HPOS="2685" VPOS="1689" WIDTH="37" HEIGHT="19" CONTENT="zu" WC="0.67" CC="06"/>
						<SP ID="P7_SP01138" HPOS="2722" VPOS="1712" WIDTH="24"/>
						<String ID="P7_ST01326" HPOS="2746" VPOS="1681" WIDTH="43" HEIGHT="30" CONTENT="als" WC="0.94" CC="960"/>
						<SP ID="P7_SP01139" HPOS="2789" VPOS="1712" WIDTH="24"/>
						<String ID="P7_ST01327" HPOS="2813" VPOS="1682" WIDTH="54" HEIGHT="29" CONTENT="der" WC="1.00" CC="000"/>
						<SP ID="P7_SP01140" HPOS="2867" VPOS="1712" WIDTH="23"/>
						<String ID="P7_ST01328" HPOS="2890" VPOS="1691" WIDTH="53" HEIGHT="20" CONTENT="nor" SUBS_TYPE="HypPart1" SUBS_CONTENT="normalen." WC="0.97" CC="701"/>
						<HYP HPOS="2943" VPOS="1691" WIDTH="17" CONTENT="-"/>
					</TextLine>
					<TextLine ID="P7_TL00188" HPOS="2069" VPOS="1720" WIDTH="108" HEIGHT="30">
						<String ID="P7_ST01329" HPOS="2069" VPOS="1720" WIDTH="108" HEIGHT="30" CONTENT="malen." SUBS_TYPE="HypPart2" SUBS_CONTENT="normalen." WC="0.98" CC="006143"/>
					</TextLine>
					<TextLine ID="P7_TL00189" HPOS="2126" VPOS="1781" WIDTH="835" HEIGHT="40">
						<String ID="P7_ST01330" HPOS="2126" VPOS="1781" WIDTH="78" HEIGHT="29" CONTENT="Dem" WC="0.99" CC="200"/>
						<SP ID="P7_SP01141" HPOS="2204" VPOS="1810" WIDTH="33"/>
						<String ID="P7_ST01331" HPOS="2237" VPOS="1781" WIDTH="197" HEIGHT="33" CONTENT="Kulturleben" WC="0.99" CC="07407030005"/>
						<SP ID="P7_SP01142" HPOS="2434" VPOS="1814" WIDTH="34"/>
						<String ID="P7_ST01332" HPOS="2468" VPOS="1785" WIDTH="53" HEIGHT="29" CONTENT="der" WC="1.00" CC="000"/>
						<SP ID="P7_SP01143" HPOS="2521" VPOS="1814" WIDTH="34"/>
						<String ID="P7_ST01333" HPOS="2555" VPOS="1785" WIDTH="152" HEIGHT="30" CONTENT="Griechen" WC="0.98" CC="63403036"/>
						<SP ID="P7_SP01144" HPOS="2707" VPOS="1815" WIDTH="31"/>
						<String ID="P7_ST01334" HPOS="2738" VPOS="1786" WIDTH="49" HEIGHT="35" CONTENT="lag" WC="0.96" CC="560"/>
						<SP ID="P7_SP01145" HPOS="2787" VPOS="1821" WIDTH="32"/>
						<String ID="P7_ST01335" HPOS="2819" VPOS="1788" WIDTH="47" HEIGHT="29" CONTENT="die" WC="1.00" CC="000"/>
						<SP ID="P7_SP01146" HPOS="2866" VPOS="1821" WIDTH="34"/>
						<String ID="P7_ST01336" HPOS="2900" VPOS="1788" WIDTH="41" HEIGHT="30" CONTENT="Ab" SUBS_TYPE="HypPart1" SUBS_CONTENT="Abwickelung" WC="0.99" CC="00"/>
						<HYP HPOS="2941" VPOS="1788" WIDTH="20" CONTENT="-"/>
					</TextLine>
					<TextLine ID="P7_TL00190" HPOS="2069" VPOS="1831" WIDTH="891" HEIGHT="39">
						<String ID="P7_ST01337" HPOS="2069" VPOS="1831" WIDTH="174" HEIGHT="33" CONTENT="wickelung" SUBS_TYPE="HypPart2" SUBS_CONTENT="Abwickelung" WC="0.99" CC="900004740"/>
						<SP ID="P7_SP01147" HPOS="2243" VPOS="1864" WIDTH="22"/>
						<String ID="P7_ST01338" HPOS="2265" VPOS="1834" WIDTH="83" HEIGHT="29" CONTENT="eines" WC="0.99" CC="00600"/>
						<SP ID="P7_SP01148" HPOS="2348" VPOS="1864" WIDTH="20"/>
						<String ID="P7_ST01339" HPOS="2368" VPOS="1835" WIDTH="155" HEIGHT="29" CONTENT="sexuellen" WC="0.99" CC="020404335"/>
						<SP ID="P7_SP01149" HPOS="2523" VPOS="1864" WIDTH="19"/>
						<String ID="P7_ST01340" HPOS="2542" VPOS="1835" WIDTH="169" HEIGHT="31" CONTENT="Prozesses" WC="1.00" CC="003000000"/>
						<SP ID="P7_SP01150" HPOS="2711" VPOS="1866" WIDTH="19"/>
						<String ID="P7_ST01341" HPOS="2730" VPOS="1845" WIDTH="63" HEIGHT="21" CONTENT="von" WC="0.98" CC="006"/>
						<SP ID="P7_SP01151" HPOS="2793" VPOS="1866" WIDTH="18"/>
						<String ID="P7_ST01342" HPOS="2811" VPOS="1845" WIDTH="78" HEIGHT="25" CONTENT="ganz" WC="0.98" CC="0430"/>
						<SP ID="P7_SP01152" HPOS="2889" VPOS="1870" WIDTH="19"/>
						<String ID="P7_ST01343" HPOS="2908" VPOS="1839" WIDTH="35" HEIGHT="29" CONTENT="be" SUBS_TYPE="HypPart1" SUBS_CONTENT="besonderer" WC="0.98" CC="00"/>
						<HYP HPOS="2943" VPOS="1839" WIDTH="17" CONTENT="-"/>
					</TextLine>
					<TextLine ID="P7_TL00191" HPOS="2070" VPOS="1881" WIDTH="896" HEIGHT="40">
						<String ID="P7_ST01344" HPOS="2070" VPOS="1881" WIDTH="148" HEIGHT="29" CONTENT="sonderer" SUBS_TYPE="HypPart2" SUBS_CONTENT="besonderer" WC="1.00" CC="40000000"/>
						<SP ID="P7_SP01153" HPOS="2218" VPOS="1910" WIDTH="36"/>
						<String ID="P7_ST01345" HPOS="2254" VPOS="1882" WIDTH="144" HEIGHT="35" CONTENT="Färbung" WC="0.99" CC="6010450"/>
						<SP ID="P7_SP01154" HPOS="2398" VPOS="1917" WIDTH="35"/>
						<String ID="P7_ST01346" HPOS="2433" VPOS="1892" WIDTH="39" HEIGHT="21" CONTENT="zu" WC="0.65" CC="07"/>
						<SP ID="P7_SP01155" HPOS="2472" VPOS="1917" WIDTH="36"/>
						<String ID="P7_ST01347" HPOS="2508" VPOS="1884" WIDTH="133" HEIGHT="31" CONTENT="Grunde." WC="0.99" CC="5023003"/>
						<SP ID="P7_SP01156" HPOS="2641" VPOS="1917" WIDTH="46"/>
						<String ID="P7_ST01348" HPOS="2687" VPOS="1887" WIDTH="109" HEIGHT="30" CONTENT="Dieses" WC="1.00" CC="010000"/>
						<SP ID="P7_SP01157" HPOS="2796" VPOS="1917" WIDTH="35"/>
						<String ID="P7_ST01349" HPOS="2831" VPOS="1888" WIDTH="135" HEIGHT="33" CONTENT="Beispiel" WC="0.99" CC="42008008"/>
					</TextLine>
					<TextLine ID="P7_TL00192" HPOS="2070" VPOS="1930" WIDTH="891" HEIGHT="41">
						<String ID="P7_ST01350" HPOS="2070" VPOS="1930" WIDTH="82" HEIGHT="30" CONTENT="steht" WC="0.99" CC="00130"/>
						<SP ID="P7_SP01158" HPOS="2152" VPOS="1960" WIDTH="19"/>
						<String ID="P7_ST01351" HPOS="2171" VPOS="1933" WIDTH="98" HEIGHT="32" CONTENT="einzig" WC="0.99" CC="030030"/>
						<SP ID="P7_SP01159" HPOS="2269" VPOS="1965" WIDTH="18"/>
						<String ID="P7_ST01352" HPOS="2287" VPOS="1933" WIDTH="38" HEIGHT="28" CONTENT="da" WC="0.81" CC="03"/>
						<SP ID="P7_SP01160" HPOS="2325" VPOS="1965" WIDTH="19"/>
						<String ID="P7_ST01353" HPOS="2344" VPOS="1934" WIDTH="59" HEIGHT="28" CONTENT="und" WC="0.95" CC="740"/>
						<SP ID="P7_SP01161" HPOS="2403" VPOS="1965" WIDTH="19"/>
						<String ID="P7_ST01354" HPOS="2422" VPOS="1935" WIDTH="143" HEIGHT="30" CONTENT="verdient" WC="1.00" CC="00102000"/>
						<SP ID="P7_SP01162" HPOS="2565" VPOS="1965" WIDTH="18"/>
						<String ID="P7_ST01355" HPOS="2583" VPOS="1936" WIDTH="48" HEIGHT="29" CONTENT="die" WC="0.99" CC="030"/>
						<SP ID="P7_SP01163" HPOS="2631" VPOS="1965" WIDTH="18"/>
						<String ID="P7_ST01356" HPOS="2649" VPOS="1937" WIDTH="107" HEIGHT="32" CONTENT="größte" WC="1.00" CC="030000"/>
						<SP ID="P7_SP01164" HPOS="2756" VPOS="1969" WIDTH="18"/>
						<String ID="P7_ST01357" HPOS="2774" VPOS="1937" WIDTH="187" HEIGHT="34" CONTENT="Beachtung." WC="0.99" CC="0050206702"/>
					</TextLine>
					<TextLine ID="P7_TL00193" HPOS="2070" VPOS="1979" WIDTH="893" HEIGHT="42">
						<String ID="P7_ST01358" HPOS="2070" VPOS="1979" WIDTH="117" HEIGHT="30" CONTENT="Darum" WC="0.99" CC="01060"/>
						<SP ID="P7_SP01165" HPOS="2187" VPOS="2009" WIDTH="23"/>
						<String ID="P7_ST01359" HPOS="2210" VPOS="1983" WIDTH="39" HEIGHT="28" CONTENT="ist" WC="0.97" CC="006"/>
						<SP ID="P7_SP01166" HPOS="2249" VPOS="2011" WIDTH="23"/>
						<String ID="P7_ST01360" HPOS="2272" VPOS="1983" WIDTH="82" HEIGHT="29" CONTENT="nicht" WC="0.98" CC="65204"/>
						<SP ID="P7_SP01167" HPOS="2354" VPOS="2012" WIDTH="24"/>
						<String ID="P7_ST01361" HPOS="2378" VPOS="1988" WIDTH="119" HEIGHT="31" CONTENT="gesagt," WC="1.00" CC="0000053"/>
						<SP ID="P7_SP01168" HPOS="2497" VPOS="2019" WIDTH="25"/>
						<String ID="P7_ST01362" HPOS="2522" VPOS="1985" WIDTH="58" HEIGHT="29" CONTENT="daß" WC="0.98" CC="004"/>
						<SP ID="P7_SP01169" HPOS="2580" VPOS="2019" WIDTH="25"/>
						<String ID="P7_ST01363" HPOS="2605" VPOS="1995" WIDTH="32" HEIGHT="21" CONTENT="es" WC="1.00" CC="00"/>
						<SP ID="P7_SP01170" HPOS="2637" VPOS="2019" WIDTH="25"/>
						<String ID="P7_ST01364" HPOS="2662" VPOS="1986" WIDTH="54" HEIGHT="30" CONTENT="der" WC="1.00" CC="000"/>
						<SP ID="P7_SP01171" HPOS="2716" VPOS="2019" WIDTH="26"/>
						<String ID="P7_ST01365" HPOS="2742" VPOS="1986" WIDTH="221" HEIGHT="35" CONTENT="Nachahmung" WC="0.99" CC="0304130350"/>
					</TextLine>
					<TextLine ID="P7_TL00194" HPOS="2070" VPOS="2032" WIDTH="892" HEIGHT="36">
						<String ID="P7_ST01366" HPOS="2070" VPOS="2033" WIDTH="79" HEIGHT="26" CONTENT="wert" WC="1.00" CC="0010"/>
						<SP ID="P7_SP01172" HPOS="2149" VPOS="2059" WIDTH="26"/>
						<String ID="P7_ST01367" HPOS="2175" VPOS="2032" WIDTH="47" HEIGHT="28" CONTENT="ist." WC="0.98" CC="5004"/>
						<SP ID="P7_SP01173" HPOS="2222" VPOS="2060" WIDTH="45"/>
						<String ID="P7_ST01368" HPOS="2267" VPOS="2032" WIDTH="92" HEIGHT="31" CONTENT="Diese" WC="1.00" CC="00000"/>
						<SP ID="P7_SP01174" HPOS="2359" VPOS="2063" WIDTH="28"/>
						<String ID="P7_ST01369" HPOS="2387" VPOS="2033" WIDTH="56" HEIGHT="30" CONTENT="Art" WC="1.00" CC="000"/>
						<SP ID="P7_SP01175" HPOS="2443" VPOS="2063" WIDTH="26"/>
						<String ID="P7_ST01370" HPOS="2469" VPOS="2034" WIDTH="201" HEIGHT="31" CONTENT="Liebesleben" WC="1.00" CC="03000053006"/>
						<SP ID="P7_SP01176" HPOS="2670" VPOS="2065" WIDTH="27"/>
						<String ID="P7_ST01371" HPOS="2697" VPOS="2045" WIDTH="67" HEIGHT="21" CONTENT="war" WC="1.00" CC="000"/>
						<SP ID="P7_SP01177" HPOS="2764" VPOS="2066" WIDTH="27"/>
						<String ID="P7_ST01372" HPOS="2791" VPOS="2046" WIDTH="39" HEIGHT="20" CONTENT="an" WC="1.00" CC="00"/>
						<SP ID="P7_SP01178" HPOS="2830" VPOS="2066" WIDTH="28"/>
						<String ID="P7_ST01373" HPOS="2858" VPOS="2039" WIDTH="104" HEIGHT="29" CONTENT="diesen" WC="0.99" CC="030007"/>
					</TextLine>
					<TextLine ID="P7_TL00195" HPOS="2070" VPOS="2079" WIDTH="891" HEIGHT="39">
						<String ID="P7_ST01374" HPOS="2070" VPOS="2079" WIDTH="259" HEIGHT="33" CONTENT="Volkscharakter" WC="1.00" CC="00500010200006"/>
						<SP ID="P7_SP01179" HPOS="2329" VPOS="2112" WIDTH="35"/>
						<String ID="P7_ST01375" HPOS="2364" VPOS="2083" WIDTH="162" HEIGHT="32" CONTENT="gebunden" WC="1.00" CC="00040004"/>
						<SP ID="P7_SP01180" HPOS="2526" VPOS="2115" WIDTH="35"/>
						<String ID="P7_ST01376" HPOS="2561" VPOS="2086" WIDTH="59" HEIGHT="28" CONTENT="und" WC="0.97" CC="610"/>
						<SP ID="P7_SP01181" HPOS="2620" VPOS="2115" WIDTH="36"/>
						<String ID="P7_ST01377" HPOS="2656" VPOS="2095" WIDTH="32" HEIGHT="21" CONTENT="es" WC="1.00" CC="00"/>
						<SP ID="P7_SP01182" HPOS="2688" VPOS="2116" WIDTH="33"/>
						<String ID="P7_ST01378" HPOS="2721" VPOS="2089" WIDTH="39" HEIGHT="28" CONTENT="ist" WC="0.98" CC="400"/>
						<SP ID="P7_SP01183" HPOS="2760" VPOS="2117" WIDTH="35"/>
						<String ID="P7_ST01379" HPOS="2795" VPOS="2087" WIDTH="150" HEIGHT="31" CONTENT="selbstver" SUBS_TYPE="HypPart1" SUBS_CONTENT="selbstverständlich," WC="1.00" CC="020000000"/>
						<HYP HPOS="2945" VPOS="2087" WIDTH="16" CONTENT="-"/>
					</TextLine>
					<TextLine ID="P7_TL00196" HPOS="2070" VPOS="2130" WIDTH="891" HEIGHT="38">
						<String ID="P7_ST01380" HPOS="2070" VPOS="2130" WIDTH="159" HEIGHT="35" CONTENT="ständlich," SUBS_TYPE="HypPart2" SUBS_CONTENT="selbstverständlich," WC="0.99" CC="0005035102"/>
						<SP ID="P7_SP01184" HPOS="2229" VPOS="2165" WIDTH="29"/>
						<String ID="P7_ST01381" HPOS="2258" VPOS="2131" WIDTH="58" HEIGHT="29" CONTENT="daß" WC="0.99" CC="030"/>
						<SP ID="P7_SP01185" HPOS="2316" VPOS="2165" WIDTH="29"/>
						<String ID="P7_ST01382" HPOS="2345" VPOS="2132" WIDTH="114" HEIGHT="30" CONTENT="andere" WC="0.99" CC="320010"/>
						<SP ID="P7_SP01186" HPOS="2459" VPOS="2165" WIDTH="27"/>
						<String ID="P7_ST01383" HPOS="2486" VPOS="2134" WIDTH="108" HEIGHT="33" CONTENT="Typen" WC="1.00" CC="00010"/>
						<SP ID="P7_SP01187" HPOS="2594" VPOS="2167" WIDTH="28"/>
						<String ID="P7_ST01384" HPOS="2622" VPOS="2136" WIDTH="54" HEIGHT="29" CONTENT="der" WC="0.98" CC="006"/>
						<SP ID="P7_SP01188" HPOS="2676" VPOS="2167" WIDTH="27"/>
						<String ID="P7_ST01385" HPOS="2703" VPOS="2136" WIDTH="258" HEIGHT="32" CONTENT="Menschenrasse" WC="1.00" CC="0050101733006"/>
					</TextLine>
					<TextLine ID="P7_TL00197" HPOS="2071" VPOS="2179" WIDTH="890" HEIGHT="40">
						<String ID="P7_ST01386" HPOS="2071" VPOS="2179" WIDTH="78" HEIGHT="30" CONTENT="auch" WC="0.98" CC="1503"/>
						<SP ID="P7_SP01189" HPOS="2149" VPOS="2209" WIDTH="26"/>
						<String ID="P7_ST01387" HPOS="2175" VPOS="2181" WIDTH="115" HEIGHT="30" CONTENT="andere" WC="1.00" CC="000030"/>
						<SP ID="P7_SP01190" HPOS="2290" VPOS="2211" WIDTH="25"/>
						<String ID="P7_ST01388" HPOS="2315" VPOS="2181" WIDTH="213" HEIGHT="35" CONTENT="Stimmungen" WC="1.00" CC="2000010003"/>
						<SP ID="P7_SP01191" HPOS="2528" VPOS="2216" WIDTH="26"/>
						<String ID="P7_ST01389" HPOS="2554" VPOS="2185" WIDTH="53" HEIGHT="29" CONTENT="der" WC="0.98" CC="004"/>
						<SP ID="P7_SP01192" HPOS="2607" VPOS="2216" WIDTH="25"/>
						<String ID="P7_ST01390" HPOS="2632" VPOS="2186" WIDTH="93" HEIGHT="30" CONTENT="Liebe" WC="0.99" CC="06000"/>
						<SP ID="P7_SP01193" HPOS="2725" VPOS="2216" WIDTH="28"/>
						<String ID="P7_ST01391" HPOS="2753" VPOS="2188" WIDTH="69" HEIGHT="28" CONTENT="dem" WC="1.00" CC="000"/>
						<SP ID="P7_SP01194" HPOS="2822" VPOS="2216" WIDTH="26"/>
						<String ID="P7_ST01392" HPOS="2848" VPOS="2188" WIDTH="113" HEIGHT="31" CONTENT="Manae" WC="0.62" CC="04670"/>
					</TextLine>
					<TextLine ID="P7_TL00198" HPOS="2069" VPOS="2229" WIDTH="892" HEIGHT="39">
						<String ID="P7_ST01393" HPOS="2069" VPOS="2230" WIDTH="60" HEIGHT="28" CONTENT="wie" WC="1.00" CC="000"/>
						<SP ID="P7_SP01195" HPOS="2129" VPOS="2258" WIDTH="20"/>
						<String ID="P7_ST01394" HPOS="2149" VPOS="2229" WIDTH="69" HEIGHT="30" CONTENT="dem" WC="1.00" CC="000"/>
						<SP ID="P7_SP01196" HPOS="2218" VPOS="2259" WIDTH="18"/>
						<String ID="P7_ST01395" HPOS="2236" VPOS="2230" WIDTH="108" HEIGHT="33" CONTENT="Weibe" WC="1.00" CC="02000"/>
						<SP ID="P7_SP01197" HPOS="2344" VPOS="2263" WIDTH="17"/>
						<String ID="P7_ST01396" HPOS="2361" VPOS="2233" WIDTH="176" HEIGHT="33" CONTENT="gegenüber" WC="1.00" CC="000030006"/>
						<SP ID="P7_SP01198" HPOS="2537" VPOS="2266" WIDTH="20"/>
						<String ID="P7_ST01397" HPOS="2557" VPOS="2235" WIDTH="147" HEIGHT="31" CONTENT="schaffen." WC="0.99" CC="005076033"/>
						<SP ID="P7_SP01199" HPOS="2704" VPOS="2266" WIDTH="37"/>
						<String ID="P7_ST01398" HPOS="2741" VPOS="2237" WIDTH="52" HEIGHT="29" CONTENT="Ich" WC="1.00" CC="000"/>
						<SP ID="P7_SP01200" HPOS="2793" VPOS="2266" WIDTH="17"/>
						<String ID="P7_ST01399" HPOS="2810" VPOS="2240" WIDTH="77" HEIGHT="28" CONTENT="wies" WC="0.99" CC="0202"/>
						<SP ID="P7_SP01201" HPOS="2887" VPOS="2268" WIDTH="19"/>
						<String ID="P7_ST01400" HPOS="2906" VPOS="2247" WIDTH="55" HEIGHT="21" CONTENT="nur" WC="0.97" CC="062"/>
					</TextLine>
					<TextLine ID="P7_TL00199" HPOS="2071" VPOS="2279" WIDTH="890" HEIGHT="41">
						<String ID="P7_ST01401" HPOS="2071" VPOS="2279" WIDTH="52" HEIGHT="28" CONTENT="auf" WC="0.96" CC="036"/>
						<SP ID="P7_SP01202" HPOS="2123" VPOS="2307" WIDTH="21"/>
						<String ID="P7_ST01402" HPOS="2144" VPOS="2279" WIDTH="47" HEIGHT="29" CONTENT="die" WC="0.98" CC="040"/>
						<SP ID="P7_SP01203" HPOS="2191" VPOS="2308" WIDTH="21"/>
						<String ID="P7_ST01403" HPOS="2212" VPOS="2280" WIDTH="152" HEIGHT="31" CONTENT="Griechen" WC="0.99" CC="55600420"/>
						<SP ID="P7_SP01204" HPOS="2364" VPOS="2311" WIDTH="20"/>
						<String ID="P7_ST01404" HPOS="2384" VPOS="2282" WIDTH="58" HEIGHT="35" CONTENT="hin," WC="0.98" CC="2050"/>
						<SP ID="P7_SP01205" HPOS="2442" VPOS="2317" WIDTH="21"/>
						<String ID="P7_ST01405" HPOS="2463" VPOS="2293" WIDTH="49" HEIGHT="19" CONTENT="um" WC="0.71" CC="50"/>
						<SP ID="P7_SP01206" HPOS="2512" VPOS="2317" WIDTH="23"/>
						<String ID="P7_ST01406" HPOS="2535" VPOS="2285" WIDTH="47" HEIGHT="29" CONTENT="die" WC="0.99" CC="030"/>
						<SP ID="P7_SP01207" HPOS="2582" VPOS="2317" WIDTH="23"/>
						<String ID="P7_ST01407" HPOS="2605" VPOS="2285" WIDTH="230" HEIGHT="35" CONTENT="Parallel-Lage" WC="0.78" CC="0502430430400"/>
						<SP ID="P7_SP01208" HPOS="2835" VPOS="2320" WIDTH="21"/>
						<String ID="P7_ST01408" HPOS="2856" VPOS="2290" WIDTH="29" HEIGHT="27" CONTENT="in" WC="0.44" CC="37"/>
						<SP ID="P7_SP01209" HPOS="2885" VPOS="2320" WIDTH="20"/>
						<String ID="P7_ST01409" HPOS="2905" VPOS="2289" WIDTH="56" HEIGHT="30" CONTENT="der" WC="0.96" CC="901"/>
					</TextLine>
					<TextLine ID="P7_TL00200" HPOS="2074" VPOS="2328" WIDTH="892" HEIGHT="40">
						<String ID="P7_ST01410" HPOS="2074" VPOS="2328" WIDTH="407" HEIGHT="38" CONTENT="Wandervogelbewegung" WC="1.00" CC="0400000100209000300"/>
						<SP ID="P7_SP01210" HPOS="2481" VPOS="2366" WIDTH="18"/>
						<String ID="P7_ST01411" HPOS="2499" VPOS="2334" WIDTH="132" HEIGHT="30" CONTENT="deutlich" WC="0.99" CC="00604000"/>
						<SP ID="P7_SP01211" HPOS="2631" VPOS="2366" WIDTH="17"/>
						<String ID="P7_ST01412" HPOS="2648" VPOS="2344" WIDTH="38" HEIGHT="20" CONTENT="zu" WC="0.70" CC="31"/>
						<SP ID="P7_SP01212" HPOS="2686" VPOS="2366" WIDTH="18"/>
						<String ID="P7_ST01413" HPOS="2704" VPOS="2338" WIDTH="138" HEIGHT="29" CONTENT="machen." WC="0.99" CC="2420153"/>
						<SP ID="P7_SP01213" HPOS="2842" VPOS="2367" WIDTH="38"/>
						<String ID="P7_ST01414" HPOS="2880" VPOS="2338" WIDTH="86" HEIGHT="30" CONTENT="Auch" WC="0.97" CC="0508"/>
					</TextLine>
					<TextLine ID="P7_TL00201" HPOS="2072" VPOS="2379" WIDTH="891" HEIGHT="39">
						<String ID="P7_ST01415" HPOS="2072" VPOS="2379" WIDTH="44" HEIGHT="28" CONTENT="sie" WC="0.97" CC="250"/>
						<SP ID="P7_SP01214" HPOS="2116" VPOS="2407" WIDTH="16"/>
						<String ID="P7_ST01416" HPOS="2132" VPOS="2379" WIDTH="110" HEIGHT="30" CONTENT="beruht" WC="1.00" CC="000200"/>
						<SP ID="P7_SP01215" HPOS="2242" VPOS="2409" WIDTH="15"/>
						<String ID="P7_ST01417" HPOS="2257" VPOS="2381" WIDTH="51" HEIGHT="28" CONTENT="auf" WC="0.95" CC="066"/>
						<SP ID="P7_SP01216" HPOS="2308" VPOS="2409" WIDTH="15"/>
						<String ID="P7_ST01418" HPOS="2323" VPOS="2382" WIDTH="205" HEIGHT="36" CONTENT="Grundlagen," WC="0.99" CC="61140200041"/>
						<SP ID="P7_SP01217" HPOS="2528" VPOS="2418" WIDTH="17"/>
						<String ID="P7_ST01419" HPOS="2545" VPOS="2385" WIDTH="47" HEIGHT="29" CONTENT="die" WC="1.00" CC="000"/>
						<SP ID="P7_SP01218" HPOS="2592" VPOS="2418" WIDTH="14"/>
						<String ID="P7_ST01420" HPOS="2606" VPOS="2385" WIDTH="60" HEIGHT="29" CONTENT="den" WC="0.99" CC="010"/>
						<SP ID="P7_SP01219" HPOS="2666" VPOS="2418" WIDTH="13"/>
						<String ID="P7_ST01421" HPOS="2679" VPOS="2385" WIDTH="131" HEIGHT="31" CONTENT="Antiken" WC="0.99" CC="0104027"/>
						<SP ID="P7_SP01220" HPOS="2810" VPOS="2418" WIDTH="15"/>
						<String ID="P7_ST01422" HPOS="2825" VPOS="2395" WIDTH="119" HEIGHT="22" CONTENT="wesens" SUBS_TYPE="HypPart1" SUBS_CONTENT="wesensgleich" WC="0.99" CC="000053"/>
						<HYP HPOS="2944" VPOS="2395" WIDTH="19" CONTENT="-"/>
					</TextLine>
					<TextLine ID="P7_TL00202" HPOS="2072" VPOS="2428" WIDTH="891" HEIGHT="41">
						<String ID="P7_ST01423" HPOS="2072" VPOS="2428" WIDTH="99" HEIGHT="33" CONTENT="gleich" SUBS_TYPE="HypPart2" SUBS_CONTENT="wesensgleich" WC="0.99" CC="050027"/>
						<SP ID="P7_SP01221" HPOS="2171" VPOS="2461" WIDTH="25"/>
						<String ID="P7_ST01424" HPOS="2196" VPOS="2430" WIDTH="76" HEIGHT="35" CONTENT="sind," WC="0.99" CC="00500"/>
						<SP ID="P7_SP01222" HPOS="2272" VPOS="2465" WIDTH="25"/>
						<String ID="P7_ST01425" HPOS="2297" VPOS="2439" WIDTH="92" HEIGHT="22" CONTENT="wenn" WC="0.99" CC="0040"/>
						<SP ID="P7_SP01223" HPOS="2389" VPOS="2465" WIDTH="26"/>
						<String ID="P7_ST01426" HPOS="2415" VPOS="2441" WIDTH="33" HEIGHT="21" CONTENT="es" WC="0.75" CC="31"/>
						<SP ID="P7_SP01224" HPOS="2448" VPOS="2465" WIDTH="26"/>
						<String ID="P7_ST01427" HPOS="2474" VPOS="2434" WIDTH="78" HEIGHT="29" CONTENT="auch" WC="0.99" CC="0300"/>
						<SP ID="P7_SP01225" HPOS="2552" VPOS="2465" WIDTH="22"/>
						<String ID="P7_ST01428" HPOS="2574" VPOS="2436" WIDTH="32" HEIGHT="27" CONTENT="in" WC="0.29" CC="76"/>
						<SP ID="P7_SP01226" HPOS="2606" VPOS="2465" WIDTH="24"/>
						<String ID="P7_ST01429" HPOS="2630" VPOS="2435" WIDTH="44" HEIGHT="29" CONTENT="ihr" WC="0.97" CC="051"/>
						<SP ID="P7_SP01227" HPOS="2674" VPOS="2465" WIDTH="26"/>
						<String ID="P7_ST01430" HPOS="2700" VPOS="2437" WIDTH="200" HEIGHT="32" CONTENT="naturgemäß" WC="1.00" CC="0005200000"/>
						<SP ID="P7_SP01228" HPOS="2900" VPOS="2469" WIDTH="25"/>
						<String ID="P7_ST01431" HPOS="2925" VPOS="2447" WIDTH="38" HEIGHT="20" CONTENT="zu" WC="0.88" CC="01"/>
					</TextLine>
					<TextLine ID="P7_TL00203" HPOS="2074" VPOS="2480" WIDTH="891" HEIGHT="40">
						<String ID="P7_ST01432" HPOS="2074" VPOS="2486" WIDTH="80" HEIGHT="24" CONTENT="ganz" WC="1.00" CC="0000"/>
						<SP ID="P7_SP01229" HPOS="2154" VPOS="2510" WIDTH="23"/>
						<String ID="P7_ST01433" HPOS="2177" VPOS="2480" WIDTH="135" HEIGHT="30" CONTENT="anderen" WC="0.99" CC="0600106"/>
						<SP ID="P7_SP01230" HPOS="2312" VPOS="2510" WIDTH="23"/>
						<String ID="P7_ST01434" HPOS="2335" VPOS="2481" WIDTH="102" HEIGHT="31" CONTENT="Zielen" WC="0.99" CC="000600"/>
						<SP ID="P7_SP01231" HPOS="2437" VPOS="2512" WIDTH="23"/>
						<String ID="P7_ST01435" HPOS="2460" VPOS="2483" WIDTH="70" HEIGHT="29" CONTENT="kam" WC="0.99" CC="010"/>
						<SP ID="P7_SP01232" HPOS="2530" VPOS="2512" WIDTH="22"/>
						<String ID="P7_ST01436" HPOS="2552" VPOS="2484" WIDTH="61" HEIGHT="29" CONTENT="und" WC="0.98" CC="600"/>
						<SP ID="P7_SP01233" HPOS="2613" VPOS="2513" WIDTH="23"/>
						<String ID="P7_ST01437" HPOS="2636" VPOS="2485" WIDTH="61" HEIGHT="31" CONTENT="fast" WC="0.99" CC="5000"/>
						<SP ID="P7_SP01234" HPOS="2697" VPOS="2516" WIDTH="23"/>
						<String ID="P7_ST01438" HPOS="2720" VPOS="2486" WIDTH="168" HEIGHT="34" CONTENT="durchweg" WC="1.00" CC="07300000"/>
						<SP ID="P7_SP01235" HPOS="2888" VPOS="2520" WIDTH="21"/>
						<String ID="P7_ST01439" HPOS="2909" VPOS="2496" WIDTH="56" HEIGHT="21" CONTENT="nur" WC="0.94" CC="574"/>
					</TextLine>
					<TextLine ID="P7_TL00204" HPOS="2074" VPOS="2527" WIDTH="891" HEIGHT="42">
						<String ID="P7_ST01440" HPOS="2074" VPOS="2527" WIDTH="235" HEIGHT="34" CONTENT="hingenommen" WC="0.99" CC="30190600002"/>
						<SP ID="P7_SP01236" HPOS="2309" VPOS="2561" WIDTH="20"/>
						<String ID="P7_ST01441" HPOS="2329" VPOS="2532" WIDTH="61" HEIGHT="29" CONTENT="und" WC="0.97" CC="510"/>
						<SP ID="P7_SP01237" HPOS="2390" VPOS="2561" WIDTH="20"/>
						<String ID="P7_ST01442" HPOS="2410" VPOS="2533" WIDTH="97" HEIGHT="30" CONTENT="erlebt" WC="1.00" CC="003000"/>
						<SP ID="P7_SP01238" HPOS="2507" VPOS="2563" WIDTH="18"/>
						<String ID="P7_ST01443" HPOS="2525" VPOS="2534" WIDTH="117" HEIGHT="35" CONTENT="wurde," WC="0.99" CC="040050"/>
						<SP ID="P7_SP01239" HPOS="2642" VPOS="2569" WIDTH="20"/>
						<String ID="P7_ST01444" HPOS="2662" VPOS="2544" WIDTH="66" HEIGHT="22" CONTENT="was" WC="0.96" CC="027"/>
						<SP ID="P7_SP01240" HPOS="2728" VPOS="2569" WIDTH="21"/>
						<String ID="P7_ST01445" HPOS="2749" VPOS="2545" WIDTH="70" HEIGHT="21" CONTENT="man" WC="0.96" CC="047"/>
						<SP ID="P7_SP01241" HPOS="2819" VPOS="2569" WIDTH="19"/>
						<String ID="P7_ST01446" HPOS="2838" VPOS="2537" WIDTH="50" HEIGHT="30" CONTENT="bei" WC="0.97" CC="700"/>
						<SP ID="P7_SP01242" HPOS="2888" VPOS="2569" WIDTH="19"/>
						<String ID="P7_ST01447" HPOS="2907" VPOS="2538" WIDTH="58" HEIGHT="29" CONTENT="des" WC="0.94" CC="807"/>
					</TextLine>
					<TextLine ID="P7_TL00205" HPOS="2074" VPOS="2578" WIDTH="609" HEIGHT="38">
						<String ID="P7_ST01448" HPOS="2074" VPOS="2578" WIDTH="152" HEIGHT="31" CONTENT="Griechen" WC="0.99" CC="70702002"/>
						<SP ID="P7_SP01243" HPOS="2226" VPOS="2609" WIDTH="20"/>
						<String ID="P7_ST01449" HPOS="2246" VPOS="2582" WIDTH="148" HEIGHT="29" CONTENT="verstand" WC="1.00" CC="00000460"/>
						<SP ID="P7_SP01244" HPOS="2394" VPOS="2611" WIDTH="22"/>
						<String ID="P7_ST01450" HPOS="2416" VPOS="2583" WIDTH="63" HEIGHT="30" CONTENT="und" WC="0.94" CC="609"/>
						<SP ID="P7_SP01245" HPOS="2479" VPOS="2613" WIDTH="21"/>
						<String ID="P7_ST01451" HPOS="2500" VPOS="2584" WIDTH="183" HEIGHT="32" CONTENT="kultivierte." WC="0.99" CC="045000706064"/>
					</TextLine>
				</TextBlock>
				<TextBlock ID="P7_TB00005" HPOS="2076" VPOS="2935" WIDTH="759" HEIGHT="73" STYLEREFS="TXT_0 PAR_RIGHT">
					<TextLine ID="P7_TL00206" HPOS="2076" VPOS="2935" WIDTH="759" HEIGHT="73">
						<String ID="P7_ST01452" HPOS="2076" VPOS="2935" WIDTH="446" HEIGHT="73" CONTENT="Empfohlene" WC="1.00" CC="0010062000"/>
						<SP ID="P7_SP01246" HPOS="2522" VPOS="3008" WIDTH="46"/>
						<String ID="P7_ST01453" HPOS="2568" VPOS="2935" WIDTH="267" HEIGHT="59" CONTENT="Bücher" WC="0.98" CC="006535"/>
					</TextLine>
				</TextBlock>
				<TextBlock ID="P7_TB00006" HPOS="2076" VPOS="3042" WIDTH="891" HEIGHT="918" STYLEREFS="TXT_0 PAR_BLOCK">
					<TextLine ID="P7_TL00207" HPOS="2128" VPOS="3043" WIDTH="839" HEIGHT="29">
						<String ID="P7_ST01454" HPOS="2128" VPOS="3043" WIDTH="50" HEIGHT="26" CONTENT="Die" WC="0.95" CC="740"/>
						<SP ID="P7_SP01247" HPOS="2178" VPOS="3069" WIDTH="23"/>
						<String ID="P7_ST01455" HPOS="2201" VPOS="3043" WIDTH="203" HEIGHT="29" CONTENT="Schriftleitung" WC="0.99" CC="03006607000607"/>
						<SP ID="P7_SP01248" HPOS="2404" VPOS="3072" WIDTH="24"/>
						<String ID="P7_ST01456" HPOS="2428" VPOS="3044" WIDTH="89" HEIGHT="25" CONTENT="behält" WC="0.98" CC="400047"/>
						<SP ID="P7_SP01249" HPOS="2517" VPOS="3072" WIDTH="27"/>
						<String ID="P7_ST01457" HPOS="2544" VPOS="3044" WIDTH="56" HEIGHT="25" CONTENT="sich" WC="1.00" CC="0200"/>
						<SP ID="P7_SP01250" HPOS="2600" VPOS="3072" WIDTH="24"/>
						<String ID="P7_ST01458" HPOS="2624" VPOS="3043" WIDTH="194" HEIGHT="29" CONTENT="Besprechung" WC="0.99" CC="40070020534"/>
						<SP ID="P7_SP01251" HPOS="2818" VPOS="3072" WIDTH="24"/>
						<String ID="P7_ST01459" HPOS="2842" VPOS="3043" WIDTH="46" HEIGHT="26" CONTENT="der" WC="0.97" CC="034"/>
						<SP ID="P7_SP01252" HPOS="2888" VPOS="3072" WIDTH="23"/>
						<String ID="P7_ST01460" HPOS="2911" VPOS="3043" WIDTH="56" HEIGHT="25" CONTENT="hier" WC="0.95" CC="9275"/>
					</TextLine>
					<TextLine ID="P7_TL00208" HPOS="2079" VPOS="3084" WIDTH="888" HEIGHT="30">
						<String ID="P7_ST01461" HPOS="2079" VPOS="3088" WIDTH="153" HEIGHT="26" CONTENT="genannten" WC="0.99" CC="021425306"/>
						<SP ID="P7_SP01253" HPOS="2232" VPOS="3114" WIDTH="18"/>
						<String ID="P7_ST01462" HPOS="2250" VPOS="3084" WIDTH="107" HEIGHT="27" CONTENT="Bücher" WC="0.99" CC="402004"/>
						<SP ID="P7_SP01254" HPOS="2357" VPOS="3114" WIDTH="20"/>
						<String ID="P7_ST01463" HPOS="2377" VPOS="3093" WIDTH="58" HEIGHT="17" CONTENT="vor." WC="1.00" CC="0000"/>
						<SP ID="P7_SP01255" HPOS="2435" VPOS="3114" WIDTH="34"/>
						<String ID="P7_ST01464" HPOS="2469" VPOS="3085" WIDTH="49" HEIGHT="25" CONTENT="Die" WC="0.98" CC="060"/>
						<SP ID="P7_SP01256" HPOS="2518" VPOS="3114" WIDTH="15"/>
						<String ID="P7_ST01465" HPOS="2533" VPOS="3085" WIDTH="169" HEIGHT="28" CONTENT="Aufführung" WC="0.99" CC="0246072300"/>
						<SP ID="P7_SP01257" HPOS="2702" VPOS="3114" WIDTH="17"/>
						<String ID="P7_ST01466" HPOS="2719" VPOS="3085" WIDTH="129" HEIGHT="25" CONTENT="bedeutet" WC="1.00" CC="00103400"/>
						<SP ID="P7_SP01258" HPOS="2848" VPOS="3114" WIDTH="17"/>
						<String ID="P7_ST01467" HPOS="2865" VPOS="3085" WIDTH="102" HEIGHT="25" CONTENT="bereits" WC="0.99" CC="2040230"/>
					</TextLine>
					<TextLine ID="P7_TL00209" HPOS="2078" VPOS="3126" WIDTH="889" HEIGHT="30">
						<String ID="P7_ST01468" HPOS="2078" VPOS="3128" WIDTH="60" HEIGHT="26" CONTENT="eine" WC="1.00" CC="0002"/>
						<SP ID="P7_SP01259" HPOS="2138" VPOS="3154" WIDTH="19"/>
						<String ID="P7_ST01469" HPOS="2157" VPOS="3127" WIDTH="183" HEIGHT="29" CONTENT="Empfehlung." WC="1.00" CC="50070000200"/>
						<SP ID="P7_SP01260" HPOS="2340" VPOS="3156" WIDTH="35"/>
						<String ID="P7_ST01470" HPOS="2375" VPOS="3127" WIDTH="129" HEIGHT="28" CONTENT="Verleger" WC="0.99" CC="60086001"/>
						<SP ID="P7_SP01261" HPOS="2504" VPOS="3156" WIDTH="20"/>
						<String ID="P7_ST01471" HPOS="2524" VPOS="3126" WIDTH="120" HEIGHT="26" CONTENT="erhalten" WC="1.00" CC="00020030"/>
						<SP ID="P7_SP01262" HPOS="2644" VPOS="3156" WIDTH="20"/>
						<String ID="P7_ST01472" HPOS="2664" VPOS="3127" WIDTH="56" HEIGHT="25" CONTENT="hier" WC="0.98" CC="4300"/>
						<SP ID="P7_SP01263" HPOS="2720" VPOS="3156" WIDTH="19"/>
						<String ID="P7_ST01473" HPOS="2739" VPOS="3127" WIDTH="72" HEIGHT="25" CONTENT="nicht" WC="0.97" CC="84308"/>
						<SP ID="P7_SP01264" HPOS="2811" VPOS="3156" WIDTH="16"/>
						<String ID="P7_ST01474" HPOS="2827" VPOS="3127" WIDTH="140" HEIGHT="25" CONTENT="erwähnte" WC="1.00" CC="00200500"/>
					</TextLine>
					<TextLine ID="P7_TL00210" HPOS="2079" VPOS="3168" WIDTH="783" HEIGHT="29">
						<String ID="P7_ST01475" HPOS="2079" VPOS="3169" WIDTH="106" HEIGHT="25" CONTENT="Bücher" WC="0.98" CC="505700"/>
						<SP ID="P7_SP01265" HPOS="2185" VPOS="3194" WIDTH="23"/>
						<String ID="P7_ST01476" HPOS="2208" VPOS="3168" WIDTH="109" HEIGHT="29" CONTENT="zurück," WC="0.99" CC="0000425"/>
						<SP ID="P7_SP01266" HPOS="2317" VPOS="3197" WIDTH="23"/>
						<String ID="P7_ST01477" HPOS="2340" VPOS="3169" WIDTH="61" HEIGHT="25" CONTENT="falls" WC="0.98" CC="40350"/>
						<SP ID="P7_SP01267" HPOS="2401" VPOS="3197" WIDTH="21"/>
						<String ID="P7_ST01478" HPOS="2422" VPOS="3168" WIDTH="157" HEIGHT="29" CONTENT="Rückporto" WC="0.99" CC="700003236"/>
						<SP ID="P7_SP01268" HPOS="2579" VPOS="3197" WIDTH="22"/>
						<String ID="P7_ST01479" HPOS="2601" VPOS="3168" WIDTH="137" HEIGHT="29" CONTENT="beigefügt" WC="1.00" CC="003007000"/>
						<SP ID="P7_SP01269" HPOS="2738" VPOS="3197" WIDTH="22"/>
						<String ID="P7_ST01480" HPOS="2760" VPOS="3169" WIDTH="102" HEIGHT="25" CONTENT="wurde." WC="0.99" CC="044003"/>
					</TextLine>
					<TextLine ID="P7_TL00211" HPOS="2077" VPOS="3260" WIDTH="249" HEIGHT="33">
						<String ID="P7_ST01481" HPOS="2077" VPOS="3261" WIDTH="108" HEIGHT="29" CONTENT="Daniel" WC="0.97" CC="007875"/>
						<SP ID="P7_SP01270" HPOS="2185" VPOS="3290" WIDTH="19"/>
						<String ID="P7_ST01482" HPOS="2204" VPOS="3260" WIDTH="122" HEIGHT="33" CONTENT="lialevy" WC="0.47" CC="7637406"/>
					</TextLine>
					<TextLine ID="P7_TL00212" HPOS="2116" VPOS="3305" WIDTH="850" HEIGHT="39">
						<String ID="P7_ST01483" HPOS="2116" VPOS="3308" WIDTH="153" HEIGHT="35" CONTENT="Quelques" WC="0.98" CC="77577600"/>
						<SP ID="P7_SP01271" HPOS="2269" VPOS="3343" WIDTH="24"/>
						<String ID="P7_ST01484" HPOS="2293" VPOS="3309" WIDTH="171" HEIGHT="29" CONTENT="Nouveaux" WC="0.76" CC="24501040"/>
						<SP ID="P7_SP01272" HPOS="2464" VPOS="3343" WIDTH="20"/>
						<String ID="P7_ST01485" HPOS="2484" VPOS="3309" WIDTH="143" HEIGHT="29" CONTENT="Mattres:" WC="0.78" CC="03703003"/>
						<SP ID="P7_SP01273" HPOS="2627" VPOS="3343" WIDTH="27"/>
						<String ID="P7_ST01486" HPOS="2654" VPOS="3310" WIDTH="129" HEIGHT="33" CONTENT="Romain" WC="0.99" CC="700003"/>
						<SP ID="P7_SP01274" HPOS="2783" VPOS="3343" WIDTH="24"/>
						<String ID="P7_ST01487" HPOS="2807" VPOS="3309" WIDTH="128" HEIGHT="34" CONTENT="Rolland" WC="0.98" CC="7047046"/>
						<SP ID="P7_SP01275" HPOS="2935" VPOS="3343" WIDTH="23"/>
						<String ID="P7_ST01488" HPOS="2958" VPOS="3305" WIDTH="8" HEIGHT="39" CONTENT="/" WC="0.45" CC="5"/>
					</TextLine>
					<TextLine ID="P7_TL00213" HPOS="2117" VPOS="3357" WIDTH="715" HEIGHT="40">
						<String ID="P7_ST01489" HPOS="2117" VPOS="3361" WIDTH="114" HEIGHT="29" CONTENT="Suares" WC="0.63" CC="380630"/>
						<SP ID="P7_SP01276" HPOS="2231" VPOS="3390" WIDTH="23"/>
						<String ID="P7_ST01490" HPOS="2254" VPOS="3358" WIDTH="11" HEIGHT="39" CONTENT="/" WC="0.40" CC="5"/>
						<SP ID="P7_SP01277" HPOS="2265" VPOS="3397" WIDTH="21"/>
						<String ID="P7_ST01491" HPOS="2286" VPOS="3359" WIDTH="76" HEIGHT="30" CONTENT="Paul" WC="0.98" CC="0046"/>
						<SP ID="P7_SP01278" HPOS="2362" VPOS="3397" WIDTH="25"/>
						<String ID="P7_ST01492" HPOS="2387" VPOS="3359" WIDTH="127" HEIGHT="30" CONTENT="Claudel" WC="0.99" CC="0200113"/>
						<SP ID="P7_SP01279" HPOS="2514" VPOS="3397" WIDTH="24"/>
						<String ID="P7_ST01493" HPOS="2538" VPOS="3357" WIDTH="9" HEIGHT="39" CONTENT="/" WC="0.82" CC="1"/>
						<SP ID="P7_SP01280" HPOS="2547" VPOS="3397" WIDTH="23"/>
						<String ID="P7_ST01494" HPOS="2570" VPOS="3359" WIDTH="128" HEIGHT="30" CONTENT="Charles" WC="0.99" CC="0316400"/>
						<SP ID="P7_SP01281" HPOS="2698" VPOS="3397" WIDTH="25"/>
						<String ID="P7_ST01495" HPOS="2723" VPOS="3359" WIDTH="109" HEIGHT="33" CONTENT="Peguy" WC="0.87" CC="00060"/>
					</TextLine>
					<TextLine ID="P7_TL00214" HPOS="2151" VPOS="3405" WIDTH="775" HEIGHT="43">
						<String ID="P7_ST01496" HPOS="2151" VPOS="3410" WIDTH="59" HEIGHT="29" CONTENT="Les" WC="1.00" CC="000"/>
						<SP ID="P7_SP01282" HPOS="2210" VPOS="3439" WIDTH="24"/>
						<String ID="P7_ST01497" HPOS="2234" VPOS="3409" WIDTH="129" HEIGHT="30" CONTENT="Cahiers" WC="0.86" CC="0540000"/>
						<SP ID="P7_SP01283" HPOS="2363" VPOS="3439" WIDTH="27"/>
						<String ID="P7_ST01498" HPOS="2390" VPOS="3410" WIDTH="40" HEIGHT="29" CONTENT="du" WC="0.75" CC="05"/>
						<SP ID="P7_SP01284" HPOS="2430" VPOS="3439" WIDTH="27"/>
						<String ID="P7_ST01499" HPOS="2457" VPOS="3409" WIDTH="114" HEIGHT="30" CONTENT="Centre" WC="0.81" CC="004600"/>
						<SP ID="P7_SP01285" HPOS="2571" VPOS="3439" WIDTH="35"/>
						<String ID="P7_ST01500" HPOS="2606" VPOS="3408" WIDTH="11" HEIGHT="40" CONTENT="/" WC="0.97" CC="0"/>
						<SP ID="P7_SP01286" HPOS="2617" VPOS="3448" WIDTH="34"/>
						<String ID="P7_ST01501" HPOS="2651" VPOS="3410" WIDTH="131" HEIGHT="29" CONTENT="Moulins" WC="0.77" CC="0054040"/>
						<SP ID="P7_SP01287" HPOS="2782" VPOS="3448" WIDTH="29"/>
						<String ID="P7_ST01502" HPOS="2811" VPOS="3405" WIDTH="115" HEIGHT="36" CONTENT="(Allier)" WC="0.65" CC="00455750"/>
					</TextLine>
					<TextLine ID="P7_TL00215" HPOS="2078" VPOS="3495" WIDTH="282" HEIGHT="30">
						<String ID="P7_ST01503" HPOS="2078" VPOS="3497" WIDTH="76" HEIGHT="28" CONTENT="Paul" WC="0.96" CC="2456"/>
						<SP ID="P7_SP01288" HPOS="2154" VPOS="3525" WIDTH="19"/>
						<String ID="P7_ST01504" HPOS="2173" VPOS="3495" WIDTH="187" HEIGHT="29" CONTENT="Scheerbart" WC="0.63" CC="0773356020"/>
					</TextLine>
					<TextLine ID="P7_TL00216" HPOS="2116" VPOS="3542" WIDTH="650" HEIGHT="40">
						<String ID="P7_ST01505" HPOS="2116" VPOS="3545" WIDTH="191" HEIGHT="30" CONTENT="Lesabendio" WC="0.97" CC="0001100000"/>
						<SP ID="P7_SP01289" HPOS="2307" VPOS="3575" WIDTH="26"/>
						<String ID="P7_ST01506" HPOS="2333" VPOS="3543" WIDTH="10" HEIGHT="39" CONTENT="/" WC="0.36" CC="6"/>
						<SP ID="P7_SP01290" HPOS="2343" VPOS="3582" WIDTH="24"/>
						<String ID="P7_ST01507" HPOS="2367" VPOS="3544" WIDTH="55" HEIGHT="29" CONTENT="Ein" WC="0.98" CC="103"/>
						<SP ID="P7_SP01291" HPOS="2422" VPOS="3582" WIDTH="25"/>
						<String ID="P7_ST01508" HPOS="2447" VPOS="3542" WIDTH="319" HEIGHT="33" CONTENT="Asteroiden-Roman" WC="1.00" CC="0000028000306028"/>
					</TextLine>
					<TextLine ID="P7_TL00217" HPOS="2153" VPOS="3591" WIDTH="580" HEIGHT="39">
						<String ID="P7_ST01509" HPOS="2153" VPOS="3594" WIDTH="154" HEIGHT="30" CONTENT="München" WC="1.00" CC="0000400"/>
						<SP ID="P7_SP01292" HPOS="2307" VPOS="3624" WIDTH="23"/>
						<String ID="P7_ST01510" HPOS="2330" VPOS="3591" WIDTH="10" HEIGHT="39" CONTENT="/" WC="0.56" CC="4"/>
						<SP ID="P7_SP01293" HPOS="2340" VPOS="3630" WIDTH="23"/>
						<String ID="P7_ST01511" HPOS="2363" VPOS="3593" WIDTH="114" HEIGHT="33" CONTENT="Verlag" WC="0.98" CC="500537"/>
						<SP ID="P7_SP01294" HPOS="2477" VPOS="3630" WIDTH="23"/>
						<String ID="P7_ST01512" HPOS="2500" VPOS="3594" WIDTH="102" HEIGHT="31" CONTENT="Georg" WC="0.97" CC="30439"/>
						<SP ID="P7_SP01295" HPOS="2602" VPOS="3630" WIDTH="25"/>
						<String ID="P7_ST01513" HPOS="2627" VPOS="3592" WIDTH="106" HEIGHT="28" CONTENT="Müller" WC="0.99" CC="006200"/>
					</TextLine>
					<TextLine ID="P7_TL00218" HPOS="2117" VPOS="3639" WIDTH="849" HEIGHT="42">
						<String ID="P7_ST01514" HPOS="2117" VPOS="3644" WIDTH="261" HEIGHT="30" CONTENT="Glasarchitektur" WC="1.00" CC="556000000100050"/>
						<SP ID="P7_SP01296" HPOS="2378" VPOS="3674" WIDTH="19"/>
						<String ID="P7_ST01515" HPOS="2397" VPOS="3643" WIDTH="12" HEIGHT="38" CONTENT="/'" WC="0.63" CC="70"/>
						<SP ID="P7_SP01297" HPOS="2409" VPOS="3681" WIDTH="20"/>
						<String ID="P7_ST01516" HPOS="2429" VPOS="3643" WIDTH="181" HEIGHT="33" CONTENT="Programm" WC="1.00" CC="00000200"/>
						<SP ID="P7_SP01298" HPOS="2610" VPOS="3681" WIDTH="22"/>
						<String ID="P7_ST01517" HPOS="2632" VPOS="3642" WIDTH="52" HEIGHT="29" CONTENT="der" WC="1.00" CC="000"/>
						<SP ID="P7_SP01299" HPOS="2684" VPOS="3681" WIDTH="22"/>
						<String ID="P7_ST01518" HPOS="2706" VPOS="3639" WIDTH="260" HEIGHT="30" CONTENT="Glasarchitektur" WC="1.00" CC="500014420080040"/>
					</TextLine>
					<TextLine ID="P7_TL00219" HPOS="2116" VPOS="3693" WIDTH="489" HEIGHT="32">
						<String ID="P7_ST01519" HPOS="2116" VPOS="3696" WIDTH="29" HEIGHT="27" CONTENT="in" WC="1.00" CC="00"/>
						<SP ID="P7_SP01300" HPOS="2145" VPOS="3723" WIDTH="20"/>
						<String ID="P7_ST01520" HPOS="2165" VPOS="3693" WIDTH="284" HEIGHT="30" CONTENT="einhundertundelf" WC="1.00" CC="0302500020600007"/>
						<SP ID="P7_SP01301" HPOS="2449" VPOS="3723" WIDTH="18"/>
						<String ID="P7_ST01521" HPOS="2467" VPOS="3693" WIDTH="138" HEIGHT="32" CONTENT="Kapiteln" WC="0.99" CC="10640046"/>
					</TextLine>
					<TextLine ID="P7_TL00220" HPOS="2154" VPOS="3740" WIDTH="474" HEIGHT="38">
						<String ID="P7_ST01522" HPOS="2154" VPOS="3743" WIDTH="102" HEIGHT="29" CONTENT="Berlin" WC="0.99" CC="000550"/>
						<SP ID="P7_SP01302" HPOS="2256" VPOS="3772" WIDTH="20"/>
						<String ID="P7_ST01523" HPOS="2276" VPOS="3740" WIDTH="10" HEIGHT="38" CONTENT="/" WC="1.00" CC="0"/>
						<SP ID="P7_SP01303" HPOS="2286" VPOS="3778" WIDTH="21"/>
						<String ID="P7_ST01524" HPOS="2307" VPOS="3742" WIDTH="113" HEIGHT="33" CONTENT="Verlag" WC="0.98" CC="103359"/>
						<SP ID="P7_SP01304" HPOS="2420" VPOS="3778" WIDTH="22"/>
						<String ID="P7_ST01525" HPOS="2442" VPOS="3742" WIDTH="61" HEIGHT="30" CONTENT="Der" WC="1.00" CC="000"/>
						<SP ID="P7_SP01305" HPOS="2503" VPOS="3778" WIDTH="23"/>
						<String ID="P7_ST01526" HPOS="2526" VPOS="3742" WIDTH="102" HEIGHT="29" CONTENT="Sturm" WC="1.00" CC="00400"/>
					</TextLine>
					<TextLine ID="P7_TL00221" HPOS="2079" VPOS="3826" WIDTH="268" HEIGHT="33">
						<String ID="P7_ST01527" HPOS="2079" VPOS="3828" WIDTH="118" HEIGHT="31" CONTENT="August" WC="0.97" CC="665505"/>
						<SP ID="P7_SP01306" HPOS="2197" VPOS="3859" WIDTH="16"/>
						<String ID="P7_ST01528" HPOS="2213" VPOS="3826" WIDTH="134" HEIGHT="29" CONTENT="Stramm" WC="0.99" CC="010135"/>
					</TextLine>
					<TextLine ID="P7_TL00222" HPOS="2116" VPOS="3875" WIDTH="274" HEIGHT="30">
						<String ID="P7_ST01529" HPOS="2116" VPOS="3876" WIDTH="115" HEIGHT="29" CONTENT="Sancta" WC="0.82" CC="030205"/>
						<SP ID="P7_SP01307" HPOS="2231" VPOS="3905" WIDTH="18"/>
						<String ID="P7_ST01530" HPOS="2249" VPOS="3875" WIDTH="141" HEIGHT="29" CONTENT="Susanna" WC="0.99" CC="0505240"/>
					</TextLine>
					<TextLine ID="P7_TL00223" HPOS="2151" VPOS="3921" WIDTH="474" HEIGHT="39">
						<String ID="P7_ST01531" HPOS="2151" VPOS="3925" WIDTH="102" HEIGHT="29" CONTENT="Berlin" WC="0.98" CC="040651"/>
						<SP ID="P7_SP01308" HPOS="2253" VPOS="3954" WIDTH="21"/>
						<String ID="P7_ST01532" HPOS="2274" VPOS="3922" WIDTH="10" HEIGHT="38" CONTENT="/" WC="1.00" CC="0"/>
						<SP ID="P7_SP01309" HPOS="2284" VPOS="3960" WIDTH="21"/>
						<String ID="P7_ST01533" HPOS="2305" VPOS="3924" WIDTH="112" HEIGHT="32" CONTENT="Verlag" WC="0.99" CC="040360"/>
						<SP ID="P7_SP01310" HPOS="2417" VPOS="3960" WIDTH="22"/>
						<String ID="P7_ST01534" HPOS="2439" VPOS="3923" WIDTH="61" HEIGHT="29" CONTENT="Der" WC="0.96" CC="514"/>
						<SP ID="P7_SP01311" HPOS="2500" VPOS="3960" WIDTH="22"/>
						<String ID="P7_ST01535" HPOS="2522" VPOS="3921" WIDTH="103" HEIGHT="30" CONTENT="Sturm" WC="0.99" CC="00430"/>
					</TextLine>
				</TextBlock>
			</PrintSpace>
		</Page>
	</Layout>
</alto>
