3081 4117
2908 4006 31 23 43

105 174 5 12 n
182 160 42 29 Im
250 157 217 31 schreikrollen
492 155 103 31 Meer!

183 209 151 33 Ziegelrot

182 260 101 29 Ueber
311 266 56 21 uns
392 259 108 31 segnet
526 258 54 29 der
606 257 66 29 Tod

183 308 136 31 Säender
347 307 81 30 Tod!

108 408 116 30 Untreu

181 466 77 30 Dein
286 466 134 30 Lächeln
447 468 96 28 weint
570 466 29 28 in
628 463 113 30 meiner
771 460 92 29 Brust

180 517 57 29 Die
263 517 249 32 glutverbissnen
538 515 114 32 Lippen
679 513 82 28 eisen

182 567 42 28 Im
252 567 90 29 Atem
369 567 117 30 wittert
514 562 181 32 Laubwelk!

181 617 77 29 Dein
280 616 87 31 Blick
388 617 145 31 versargt

180 667 69 29 Und

181 717 110 31 Hastet
319 717 137 33 polternd
485 714 108 29 Worte
621 712 98 30 drauf.

179 767 178 34 Vergessen

181 817 153 31 Bröckeln
362 816 77 31 nach
470 816 47 28 die
547 813 124 31 Hände!

181 869 70 29 Frei

181 919 90 29 Buhlt
298 919 68 29 dein
392 916 175 32 Kleidsaum

181 969 180 32 Schlenkrig

181 1020 119 29 Drüber
327 1018 107 30 rüber!

107 1119 92 30 Siede

218 1169 101 29 Meine
345 1167 173 30 Schwäche
545 1166 62 29 hält
633 1165 64 30 sich
722 1164 141 30 mühsam

217 1220 47 30 An
287 1219 59 29 den
371 1220 130 31 eigenen
523 1216 130 30 Händen

217 1269 56 29 Mit
301 1269 120 29 meinen
446 1267 128 32 Kräften

216 1320 124 33 Spielen
369 1320 89 29 deine
486 1317 135 33 Knöchel

216 1370 181 34 Fangeball!

218 1421 32 30 In
272 1422 121 29 deinem
415 1420 161 29 Schreiten
600 1418 130 30 knistert

217 1472 58 30 Hin

218 1522 83 30 Mein
323 1521 128 30 Denken

219 1573 68 29 Und

219 1623 53 30 Dir
295 1624 41 28 im
359 1621 168 34 Auggrund

218 1674 97 29 Stirbt

218 1724 83 30 Mein
325 1724 110 29 letztes
462 1722 86 30 Will!

217 1775 78 30 Dein
323 1774 109 30 Hauch
459 1773 140 30 zerweht
626 1771 82 31 mich

213 1825 175 30 Schreivoll
412 1826 31 28 in
468 1823 176 33 Verlangen

216 1876 78 31 Kühl

217 1926 115 32 Kränzt
358 1926 70 29 dein
454 1924 139 30 Tändeln

219 1977 32 29 In
278 1977 55 29 das
360 1976 84 29 Haar

219 2027 71 30 Sich

218 2077 156 30 Lächelnd

219 2128 102 30 Meine
350 2125 93 33 Qual!

107 2228 166 30 Verhalten

181 2287 103 30 Meine
307 2286 109 33 Augen
439 2285 180 33 schwingen
642 2285 30 28 in
697 2284 110 29 deinen
830 2281 134 30 Brüsten

181 2338 78 29 Dein
287 2337 102 33 Haupt
418 2336 95 33 beugt
540 2335 114 33 glutrot
685 2333 143 30 weichen
855 2331 148 31 Schatten

181 2387 113 31 Drauf!

182 2439 62 29 Der
268 2438 89 29 Atem
378 2437 153 33 schämigt
551 2435 165 31 hemmend

182 2488 65 30 Das
271 2488 148 33 Gewoge.

182 2538 83 31 Mich
291 2538 90 30 krallt
406 2538 48 29 die
480 2537 72 29 Gier

181 2589 68 30 Und
266 2589 95 30 herbe
378 2587 118 30 Dünste
511 2587 103 30 bluten

183 2639 33 30 In
242 2641 106 28 seinen
374 2638 110 32 Ketten

183 2690 116 36 Rüttelt

183 2742 63 30 Der
270 2741 164 31 Verstand.

183 2793 73 29 Fein

183 2842 95 32 Knifft
301 2843 49 29 die
372 2841 102 30 Scheu
496 2841 49 30 die
569 2840 116 33 Lippen
707 2838 141 31 lächelnd

183 2893 118 32 Kälter!

185 2942 83 30 Mein
294 2942 73 30 Arm
396 2951 55 21 nur

185 2993 76 30 Faßt

186 3045 42 29 Im
256 3043 157 33 Schwung

186 3094 77 31 Dich

186 3145 112 29 Heißer
326 3144 81 29 heiß!

112 3245 222 33 Vorbergϋehn

226 3304 63 30 Das
314 3304 85 29 Haus
425 3302 95 30 flackt
543 3302 31 29 in
599 3302 59 28 den
684 3300 133 30 Sternen

225 3354 84 30 Mein
336 3354 115 30 Schritt
475 3351 122 30 verhält
625 3352 62 29 und
710 3351 96 30 friert.

226 3405 32 28 In
283 3405 119 29 deinem
426 3402 122 31 Schöße
571 3400 109 31 schläft
704 3402 81 29 mein
807 3400 84 29 Hirn.

227 3454 83 29 Mich
336 3454 120 30 fressen
486 3452 140 30 Zweifel!

227 3503 66 30 Voll

228 3553 139 30 Schattet
390 3554 88 30 deine
501 3553 95 30 Büste
619 3553 29 28 in
673 3552 70 29 dem
767 3550 126 31 Fenster

228 3604 64 29 Das
316 3603 121 32 Spähen
458 3605 73 28 hüllt
552 3603 79 30 mich
652 3601 111 31 lautlos

228 3654 56 30 Die
313 3653 108 30 Sterne
449 3654 135 29 streifein
609 3653 107 34 glühes
744 3651 90 30 Eisen

228 3704 82 30 Mein
335 3703 82 29 Herz

230 3753 154 31 Zerkohlt!

230 3805 44 28 An
302 3805 119 28 deinem
447 3802 126 30 Fenster

230 3854 62 29 Eist

230 3904 54 29 Ein
312 3902 191 30 Windhauch
534 3902 108 30 Asche.

231 3954 55 29 Die
311 3954 82 29 Füße
414 3955 109 28 tragen
546 3954 107 27 weiter
678 3953 82 29 leere
782 3951 88 30 Last!

1080 150 197 31 Wankelmut

1191 209 83 30 Mein
1302 209 123 31 Suchen
1453 210 104 30 sucht!

1190 259 66 30 Viel
1284 261 129 29 tausend
1441 260 142 30 wandeln
1612 260 65 31 Ich!

1191 309 51 29 Ich
1266 312 80 28 taste
1369 310 50 30 Ich

1190 359 68 29 Und
1281 360 83 30 fasse
1387 360 48 30 Du

1192 409 68 30 Und
1286 411 81 29 halte
1392 411 92 30 Dich!

1191 460 158 31 Versehne
1373 461 66 30 Ich!

1192 509 68 29 Und
1282 510 47 30 Du
1355 512 60 28 und
1439 511 48 29 Du
1512 512 61 29 und
1597 511 47 30 Du

1190 559 65 30 Viel
1281 562 129 28 tausend
1436 561 48 29 Du

1190 610 70 29 Und
1288 612 107 28 immer
1422 611 48 29 Du

1194 660 137 34 Allwege
1362 661 48 29 Du

1190 710 82 30 Wirr

1189 760 123 30 Wirren

1190 810 118 31 Wirrer

1190 861 110 30 Immer
1325 863 109 28 wirrer

1188 911 105 30 Durch

1191 961 57 30 Die
1271 962 131 30 Wirrnis

1188 1011 50 31 Du

1192 1063 76 29 Dich

1190 1113 66 31 Ich!

1077 1213 221 29 Freudenhaus

1192 1272 106 31 Lichte
1327 1273 106 29 dirnen
1461 1281 55 22 aus
1543 1273 61 29 den
1628 1272 150 31 Fenstern

1191 1322 56 30 Die
1274 1322 122 30 Seuche

1190 1373 136 32 Spreitet
1347 1382 39 20 an
1410 1373 54 30 der
1489 1373 61 30 Tür

1191 1422 69 31 Und
1286 1423 95 30 bietet
1406 1423 259 31 Weiberstöhnen
1693 1424 68 30 aus!

1190 1473 226 30 Frauenseelen
1442 1474 147 30 schämen
1616 1474 94 33 grelle
1736 1474 117 31 Lache!

1191 1523 232 31 Mutterschöße
1455 1525 121 33 gähnen
1604 1524 186 33 Kindestod!

1190 1574 223 34 Ungeborenes

1192 1625 118 31 Geistet

1190 1675 171 31 Dünstelnd

1191 1726 105 30 Durch
1321 1728 48 28 die
1395 1726 131 34 Räume!

1192 1776 101 30 Scheu

1192 1826 43 29 Im
1259 1827 121 30 Winkel

1182 1877 249 34 'Schamzerpört

1190 1928 182 30 Verkriecht
1394 1929 64 30 sich

1192 1978 63 30 Das
1276 1979 198 31 Geschlecht!

1078 2170 142 58 Der
1263 2170 179 74 Weg

1081 2252 221 58 durch
1348 2253 106 59 die
1498 2253 217 59 Nacht

1074 2351 120 32 Roman

1074 2402 87 33 Aage
1181 2411 62 21 von
1261 2402 77 31 Koh

1794 2453 181 30 Fortsetzung

1135 2493 39 30 Er
1201 2497 60 27 trat
1285 2495 114 29 schnell
1427 2496 87 28 einen
1540 2495 115 30 Schritt
1679 2497 29 29 in
1734 2497 48 28 die
1807 2495 88 31 Mitte
1920 2496 54 29 der

1078 2543 97 32 Stube
1201 2545 125 33 zurück,
1354 2544 106 30 drehte
1488 2545 59 29 den
1575 2544 79 33 Kopf
1680 2545 54 30 mit
1760 2547 98 28 einem
1888 2545 87 33 Ruck

1077 2594 78 29 nach
1179 2594 87 35 links,
1289 2594 61 29 und
1375 2594 88 29 ward
1486 2594 83 29 dann
1591 2603 62 20 von
1679 2596 82 28 einer
1785 2595 187 29 wunderbar

1079 2644 93 30 tiefen
1199 2645 61 28 und
1287 2644 230 33 beruhigenden
1545 2643 246 35 Ueberzeugung
1821 2645 154 34 ergriffen,

1078 2694 58 29 daß
1162 2704 33 21 es
1220 2693 219 31 zweifelsohne
1462 2694 96 30 Annie
1583 2703 147 24 gewesen
1755 2695 81 29 war!
1863 2695 95 30 selbst-

1081 2745 116 29 redend
1217 2753 67 20 war
1305 2754 33 20 es
1359 2744 113 30 Annies
1493 2744 67 29 Bild
1582 2744 69 29 dort
1671 2753 38 20 an
1730 2746 53 29 der
1801 2744 102 30 Wand
1923 2753 35 24 ge-

1078 2802 117 27 wesen,
1223 2794 64 30 dies
1315 2793 204 33 lebensgroße
1548 2793 148 30 Gemälde
1742 2815 36 3 —
1825 2794 56 32 das
1920 2795 55 29 der

1079 2843 163 30 Professor
1264 2844 111 29 vorhin
1395 2852 35 21 so
1452 2843 90 33 lange
1565 2843 61 29 und
1648 2843 212 30 bewundernd
1881 2852 76 25 ange-

1081 2895 95 28 starrt
1203 2894 93 34 hatte,
1326 2893 44 29 als
1398 2895 44 28 sie
1470 2893 64 28 hier
1562 2892 77 29 nach
1669 2893 69 29 dem
1764 2892 65 32 Tee
1857 2893 118 30 wieder

1079 2943 292 32 hereingekommen
1395 2951 107 21 waren
1525 2951 50 19 —:
1602 2942 100 29 sicher
1729 2951 67 21 war
1821 2951 33 21 es
1877 2942 97 30 Annie

1081 2993 77 34 dort,
1184 2993 48 29 die
1259 2993 77 29 eben
1364 2993 105 29 diesen
1493 2991 130 29 Namen:
1652 2991 71 32 Karl
1749 2991 146 35 Mumme,
1921 3000 36 24 ge-

1079 3041 121 30 flüstert
1220 3043 97 29 hatte!

1138 3099 87 29 Ganz
1246 3100 113 30 sicher!

1138 3149 99 33 Völlig
1261 3148 225 31 einleuchtend!

1138 3198 52 31 Sie
1208 3207 65 21 war
1292 3200 29 32 ja
1339 3199 138 28 wirklich
1497 3198 78 28 auch
1596 3197 47 30 die
1662 3198 116 32 einzige
1798 3196 109 36 Dritte,
1928 3198 47 29 die

1081 3248 172 33 überhaupt
1292 3249 58 29 den
1388 3247 118 29 Namen
1545 3247 101 28 dieses
1686 3245 129 31 Mannes
1855 3247 120 29 kennen

1081 3298 127 29 konnte!

1138 3355 70 30 Und
1227 3356 95 30 damit
1340 3364 67 20 war
1428 3363 34 22 es
1481 3355 28 32 ja
1529 3353 79 29 auch
1628 3354 148 33 gegeben,
1798 3353 58 29 daß
1877 3353 98 29 nichts

1082 3404 99 30 Böses
1201 3406 94 28 damit
1314 3405 135 33 gemeint
1465 3412 67 21 war
1551 3422 38 4 —
1608 3403 103 35 damit,
1733 3403 57 28 daß
1811 3403 65 28 dies
1886 3401 89 30 Wort

1081 3455 62 30 ihm
1166 3455 47 29 ins
1232 3454 64 30 Ohr
1317 3454 155 34 gehaucht
1491 3452 122 29 wurde!

1139 3504 82 30 Weit
1249 3505 101 29 davon
1378 3502 144 32 entfernt!
1561 3501 106 34 Annie,
1705 3502 48 29 die
1790 3502 49 28 nie
1878 3502 97 29 einem

1081 3554 151 30 lebenden
1258 3553 115 30 Wesen
1402 3555 100 27 etwas
1529 3551 131 29 anderes
1686 3551 45 29 als
1760 3551 96 29 Gutes
1884 3552 91 31 getan

1083 3603 97 30 hatte!
1202 3603 56 30 Die
1279 3612 55 21 aus
1355 3603 71 29 dem
1444 3601 162 34 Reichtum
1624 3600 81 29 ihres
1727 3600 149 34 Herzens,
1898 3601 62 28 rest-

1083 3654 46 29 los
1155 3653 73 29 alles
1253 3653 101 34 liebte,
1378 3661 68 20 was
1471 3652 39 28 da
1534 3650 81 29 lebte
1648 3668 38 3 —
1719 3650 78 33 nein,
1823 3649 44 29 sie
1891 3649 84 28 hatte

1084 3703 99 30 sicher
1204 3703 98 29 nichts
1321 3702 181 29 Schlimmes
1523 3699 93 29 damit
1638 3699 212 33 beabsichtigt,
1869 3697 106 30 weder

1084 3761 99 25 gegen
1204 3752 71 32 Karl
1298 3751 136 29 Mumme
1458 3749 77 30 noch
1559 3755 99 26 gegen
1679 3747 63 29 ihn!

1141 3802 72 29 Gott
1242 3802 43 29 sei
1312 3802 171 31 gepriesen,
1520 3797 77 30 liebe
1627 3796 105 34 Annie,
1771 3796 77 29 auch
1876 3803 99 25 gegen

1084 3852 79 29 mich
1190 3853 96 27 warst
1313 3850 39 29 du
1376 3852 47 26 ein
1449 3848 103 29 Leben
1578 3847 70 31 lang
1674 3854 35 21 so
1733 3845 155 32 unsagbar
1914 3847 61 31 gut,

1084 3901 69 29 kein
1178 3901 130 28 anderer
1333 3899 51 29 auf
1409 3899 53 28 der
1485 3896 82 29 Welt
1590 3894 89 35 weiß,
1703 3902 68 21 was
1794 3894 48 28 für
1866 3894 91 31 Fähig-

1084 3950 100 29 keiten
1218 3949 38 29 du
1287 3948 153 32 besaßest,
1474 3946 97 29 einem
1603 3943 167 30 Menschen
1806 3945 97 27 etwas
1937 3950 38 20 zu

2050 152 165 34 schenken,
2236 153 141 28 niemand
2396 154 29 27 in
2446 154 53 29 der
2521 162 118 24 ganzen
2658 155 91 36 Welt,
2770 155 93 30 außer
2885 158 54 28 mir

2052 202 104 33 selbst,
2180 209 66 20 war
2269 202 168 33 glückselig
2462 211 110 26 genug,
2597 205 28 28 in
2650 206 111 29 vollem
2787 204 91 31 Maße
2904 214 38 21 zu

2053 250 151 35 erfahren,
2233 251 60 30 wie
2323 252 244 32 unerschöpflich
2597 255 93 34 reich,
2718 256 60 28 wie
2810 254 114 30 schwin-

2053 299 89 30 delnd
2161 299 77 35 froh,
2257 301 59 28 wie
2337 300 156 30 brennend
2514 305 53 29 gut
2585 303 60 28 und
2665 304 79 34 klug,
2764 306 60 28 wie
2843 303 99 33 tapfer

2053 349 61 28 und
2133 350 59 28 wie
2213 348 80 30 sanft
2314 350 40 28 du
2371 350 110 29 warst!

2109 397 84 35 Nein,
2218 398 96 29 Annie
2342 399 83 29 hatte
2453 408 56 20 nur
2539 400 96 29 Gutes
2660 402 40 28 im
2728 400 74 30 Sinn
2831 403 113 32 gehabt

2051 466 38 4 —
2106 447 102 29 indem
2227 449 43 29 sie
2289 449 60 27 ihm
2368 449 104 29 diesen
2491 448 117 31 Namen
2627 451 125 28 nannte!
2773 450 51 29 Sie
2840 452 104 29 wollte

2051 497 51 30 ihn
2129 496 218 31 zweifelsohne
2375 506 55 21 nur
2457 500 28 27 in
2514 500 59 27 den
2601 507 78 25 ganz
2705 499 239 34 unfeindseligen

2054 546 150 29 Gefühlen
2221 546 174 35 bestärken,
2414 548 48 29 die
2480 557 32 20 er
2528 548 95 30 schon
2638 550 41 28 im
2695 557 115 21 voraus
2829 550 115 29 diesem

2054 618 34 7 ..
2109 618 7 7 .
2137 618 8 7 .
2168 596 116 29 diesem
2309 595 168 31 Menschen
2511 599 175 31 gegenüber
2721 598 103 32 hegte!
2872 599 74 34 Ach,

2054 646 74 28 aber
2150 646 55 28 das
2229 653 66 21 war
2319 647 29 30 ja
2371 654 37 20 an
2431 647 60 28 und
2515 647 46 29 für
2585 648 65 28 sich
2672 656 55 24 gar
2749 647 82 29 nicht
2852 649 94 33 nötig,

2053 695 165 29 trotzdem!
2267 694 84 30 Oder
2376 695 103 29 wußte
2506 705 32 20 er
2563 696 80 29 denn
2667 697 81 29 nicht
2769 697 107 29 besser
2901 697 45 30 als

2051 745 109 33 irgend
2178 746 47 28 ein
2241 745 140 33 anderer,
2396 745 84 29 hatte
2497 754 32 20 er
2548 746 79 28 denn
2646 747 81 28 nicht
2744 747 202 31 geschrieben

2053 795 61 28 und
2138 795 29 28 in
2204 795 105 28 seinen
2344 794 180 29 sämtlichen
2558 794 141 30 Büchern
2733 795 116 29 wieder
2885 795 61 29 und

2053 844 117 30 wieder
2191 844 250 33 nachgewiesen:
2466 844 58 28 daß
2546 844 83 35 alles,
2651 853 65 21 was
2739 853 55 21 uns
2815 844 131 33 zustößt,

2054 894 58 28 daß
2142 894 214 30 ausnahmslos
2387 893 84 35 alles,
2499 901 67 22 was
2595 894 57 28 wir
2682 894 56 30 alle
2767 902 178 21 zusammen

2053 952 96 24 sagen
2177 943 60 29 und
2265 946 52 27 tun
2344 943 60 29 und
2434 952 37 19 zu
2493 945 52 27 tun
2575 943 201 34 unterlassen,
2805 943 58 29 daß
2893 943 36 30 da-

2053 993 98 29 hinter
2172 994 48 28 ein
2239 993 98 34 tiefer,
2356 992 88 30 tiefer
2465 992 113 30 Zweck
2598 993 72 32 liegt
2687 1013 38 3 —
2742 993 62 28 und
2821 993 53 28 der
2894 993 53 29 hat

2053 1043 106 29 immer
2183 1043 60 28 und
2265 1042 116 30 überall
2402 1042 99 30 recht!
2525 1065 6 7 .
2554 1065 6 6 .
2581 1065 7 7 .

2109 1092 39 29 Er
2173 1093 71 32 ging
2268 1093 139 31 langsam
2432 1093 40 28 im
2498 1091 131 30 Zimmer
2656 1092 49 28 hin
2733 1093 59 27 und
2821 1092 53 29 her
2909 1111 38 4 —

2052 1141 101 29 indem
2175 1150 32 21 er
2228 1150 79 24 ganz
2327 1142 78 30 nahe
2425 1150 38 21 an
2485 1142 59 29 den
2566 1143 54 28 mit
2639 1140 233 31 Bücherborten
2892 1141 37 29 be-

2053 1190 151 30 kleideten
2241 1190 151 35 Wänden,
2430 1191 187 33 regelmäßig
2655 1191 61 28 und
2754 1192 28 27 in
2821 1190 124 29 rechten

2053 1239 141 30 Winkeln
2213 1241 95 29 durch
2326 1241 48 29 die
2391 1240 95 30 Stube
2504 1240 279 30 herumwanderte.

2109 1289 86 30 Blieb
2224 1291 73 31 jetzt
2326 1290 143 30 dahinten
2498 1298 58 21 vor
2584 1291 99 31 jenem
2712 1289 87 30 Stuhl
2829 1289 117 34 stehen,

2053 1338 52 30 auf
2128 1339 68 29 dem
2220 1348 63 20 von
2307 1339 80 30 Geer
2411 1348 56 21 vor
2493 1341 119 32 einigen
2636 1339 138 30 Stunden
2798 1346 149 25 gesessen

2053 1389 84 29 hatte
2154 1408 38 3 —
2208 1389 60 29 und
2286 1389 87 29 hörte
2392 1390 39 28 da
2450 1389 141 33 plötzlich
2610 1390 29 28 in
2658 1391 105 27 seinen
2782 1389 104 29 Ohren
2898 1389 48 29 die

2054 1439 178 35 Gedanken,
2255 1439 48 30 die
2328 1447 31 21 er
2383 1439 76 29 eben
2481 1439 133 33 gedacht
2636 1439 83 30 hatte
2741 1447 50 20 —:

2110 1486 144 34 Recht??

2110 1536 113 30 Hatten
2248 1538 57 28 wir
2330 1537 57 30 alle
2412 1546 178 22 zusammen
2617 1538 86 30 recht
2728 1558 37 3 —
2792 1539 29 28 in
2849 1536 98 36 allem,

2054 1595 67 21 was
2144 1588 57 28 wir
2224 1587 106 29 taten?

2110 1636 110 33 Recht!
2243 1638 59 29 wie
2323 1645 35 20 so
2380 1637 87 34 denn,
2488 1638 59 29 wie
2568 1645 66 21 war
2656 1646 32 20 es
2708 1637 79 28 denn
2806 1636 141 34 möglich,

2054 1687 153 29 vielleicht
2241 1686 65 29 also
2341 1686 77 30 auch
2453 1709 91 7 ....
2579 1686 71 31 Karl
2685 1686 136 29 Mumme
2857 1709 6 7 .
2884 1709 6 6 .
2911 1707 8 9 «
2939 1707 8 9 .

2053 1736 124 30 recht!?
2202 1758 90 8 ....

2110 1785 39 30 Er
2167 1785 81 30 warf
2264 1787 48 31 jäh
2331 1785 58 30 den
2406 1785 126 30 Nacken
2548 1785 189 35 hintenüber,
2754 1785 99 30 lachte
2871 1785 76 28 kurz

2552 1818 20 17 V

2054 1836 60 28 und
2132 1836 100 34 bitter,
2248 1836 57 29 ließ
2323 1836 64 29 sich
2406 1834 51 29 auf
2476 1837 87 27 einen
2580 1834 87 29 Stuhl
2683 1835 121 34 gleiten,
2822 1834 125 29 wandte

2054 1886 64 29 sich
2140 1887 54 27 mit
2217 1886 98 28 einem
2338 1884 86 33 Ruck
2446 1885 78 29 nach
2547 1884 69 29 dem
2638 1884 147 29 Gemälde
2808 1892 59 26 um,
2892 1884 55 29 das

2054 1935 69 29 dort
2152 1935 77 29 links
2259 1935 157 29 zwischen
2446 1935 58 28 den
2533 1933 233 30 Bücherborten
2795 1933 71 33 hing
2895 1941 51 21 —:

2109 1984 97 29 Annie
2244 1984 138 29 Morton!
2421 1985 29 28 in
2490 1985 98 28 einem
2618 1983 228 29 wunderbaren
2886 1982 41 29 Ge-

2053 2034 101 34 wand,
2175 2036 98 28 einem
2290 2036 182 32 seegrünen,
2491 2033 289 33 ausgeschnittenen
2798 2032 149 34 Gewand,

2053 2092 35 22 so
2111 2084 100 34 leicht,
2236 2092 35 21 so
2297 2084 154 32 unsagbar
2477 2083 60 29 fein
2561 2103 38 3 —
2625 2084 54 27 mit
2704 2083 97 29 einem
2826 2082 104 29 Hinter-

2053 2134 99 32 grund
2176 2142 62 20 von
2262 2133 113 34 tiefem,
2400 2133 104 30 tiefem
2527 2132 89 29 Blau!
2667 2131 101 35 Siehe,
2796 2139 54 22 aus
2878 2131 68 30 dem

2055 2184 83 29 Grün
2166 2184 60 28 und
2252 2182 76 30 Blau
2357 2185 83 27 eines
2469 2182 220 29 Mittelmeeres
2719 2180 134 30 erhoben
2883 2180 64 30 sich

2052 2234 65 29 ihre
2144 2232 249 30 schaumweißen
2420 2232 171 34 Schultern,
2618 2232 47 28 die
2693 2230 166 30 Schönheit
2885 2229 62 30 und

2052 2282 81 30 Süße
2157 2283 54 29 des
2235 2282 119 34 Halses,
2375 2282 57 29 das
2455 2281 175 30 strahlende
2650 2280 61 29 und
2733 2280 79 29 hohe
2834 2279 112 29 Antlitz

2053 2335 87 26 unter
2160 2332 69 29 dem
2250 2331 78 30 Gold
2349 2331 54 30 des
2423 2330 131 30 Haares!
2577 2353 6 6 .
2604 2353 7 7 .
2632 2352 7 7 .
2656 2329 85 30 Noch
2762 2329 66 30 eine
2846 2328 100 30 Weile

2052 2384 113 27 starrte
2187 2391 32 20 er
2239 2382 54 28 mit
2312 2380 211 30 verhaltenem
2545 2380 90 29 Atem
2655 2382 112 26 stumm
2789 2378 61 29 und
2869 2378 57 28 hun-

2051 2432 98 32 gernd
2173 2440 38 20 zu
2234 2431 54 29 der
2312 2430 115 30 Pracht
2452 2431 54 29 des
2529 2429 103 30 Bildes
2656 2429 126 29 hinüber
2803 2448 40 3 —
2865 2428 80 29 dann

2053 2481 108 30 drehte
2181 2490 32 20 er
2232 2481 139 32 langsam
2392 2481 58 28 den
2469 2479 79 33 Kopf
2565 2479 116 29 wieder
2702 2478 47 34 ab,
2767 2477 93 30 fühlte
2881 2477 65 29 sich

2053 2531 134 32 qualvoll
2204 2531 105 32 müde;
2340 2530 84 29 seine
2445 2529 92 29 Arme
2557 2529 60 29 und
2638 2528 94 30 Beine
2752 2528 193 30 schmerzten

2051 2582 30 28 in
2110 2580 77 30 allen
2215 2579 151 35 Muskeln,
2403 2580 48 28 die
2478 2578 145 32 Knochen
2651 2586 107 20 waren
2792 2578 61 28 wie
2881 2578 49 28 ent-

2053 2631 120 33 zündet,
2192 2631 44 28 sie
2255 2630 91 32 lagen
2363 2629 61 30 und
2443 2637 112 24 wogen
2573 2637 35 21 so
2628 2627 260 34 zentnerschwer,
2907 2626 40 29 da

2052 2681 128 28 drinnen
2200 2700 38 4 —
2260 2681 129 29 brannte
2414 2679 166 29 außerdem
2603 2680 63 27 sein
2692 2678 98 33 Mark,
2814 2686 67 20 war
2904 2677 42 29 da

2053 2732 47 27 ein
2123 2730 167 33 glühender
2312 2729 107 34 Draht,
2441 2737 66 21 war
2532 2729 39 28 da
2595 2730 47 28 ein
2665 2726 175 31 kochender
2862 2725 81 31 Eiter

2053 2789 56 20 aus
2133 2779 65 30 Blei
2223 2780 60 28 und
2307 2779 99 29 Säure
2429 2780 29 27 in
2482 2778 77 29 allen
2583 2778 104 28 seinen
2712 2776 124 30 Adern?
2861 2775 63 30 Töd-

2051 2830 58 29 lich
2131 2831 143 28 ermattet
2295 2836 67 21 war
2385 2837 42 25 er,
2448 2827 190 34 todesmüde,
2659 2827 100 32 bange
2780 2845 38 4 —
2841 2824 100 30 allein!

2107 2878 71 32 Karl
2201 2878 158 29 Mumme?

2108 2928 147 30 Dennoch
2276 2951 7 6 .
2304 2950 7 6 .
2332 2950 6 6 .
2359 2926 123 30 recht!?

2108 2978 64 29 Ach
2197 2979 37 31 ja.
2278 2977 86 29 Auch
2388 2976 71 32 Karl
2485 2975 144 30 Mumme.
2673 2973 166 30 Sicherlich
2866 2973 78 29 auch

2052 3028 46 29 er!

2108 3077 85 29 Auch
2214 3085 31 21 er
2267 3076 94 30 besaß
2381 3077 28 30 ja
2429 3076 87 28 keine
2538 3074 134 28 anderen
2690 3072 108 34 Mittel,
2817 3080 50 20 um
2887 3071 56 29 das

2051 3126 251 34 geheimnisvolle
2342 3125 181 29 Wachstum
2565 3124 101 28 seines
2708 3121 67 30 Ichs
2816 3129 38 21 zu
2895 3129 32 20 er-

2052 3177 123 28 reichen
2196 3196 38 2 —
2254 3175 44 29 als
2321 3175 56 33 die,
2401 3175 46 28 die
2471 3182 31 19 er
2525 3171 186 34 angewandt
2732 3170 96 30 hatte!

2107 3233 94 29 Einen
2222 3232 188 33 Augenblick
2433 3231 105 28 schien
2561 3238 33 21 es
2617 3229 133 33 Morton,
2774 3228 45 29 als
2841 3227 101 30 könne

2052 3292 32 21 er
2100 3283 51 29 auf
2166 3283 108 29 einmal
2291 3282 103 30 diesen
2411 3279 169 30 Menschen
2594 3287 57 20 vor
2668 3278 64 29 sich
2749 3277 103 34 sehen,
2868 3276 60 30 leib-

2051 3333 105 34 haftig,
2176 3340 90 20 wenn
2288 3330 77 29 auch
2385 3330 30 28 in
2436 3330 113 31 einiger
2571 3328 188 32 Entfernung
2779 3335 48 20 —:

2107 3388 198 34 Riesengroß,
2324 3387 57 29 das
2402 3387 110 29 dunkle
2532 3386 83 29 Haar
2634 3386 61 28 und
2716 3385 52 29 der
2788 3382 76 31 Bart
2881 3383 60 28 wie

2051 3440 66 33 Ruß
2140 3440 75 27 über
2239 3439 53 28 der
2317 3436 227 30 kreideweißen
2567 3435 81 29 Haut
2671 3433 169 34 hernieder,
2866 3432 75 29 über

2052 3492 82 27 einer
2157 3497 62 20 von
2244 3487 134 33 Hunger,
2401 3494 62 20 von
2487 3485 175 33 Krankheit,
2687 3492 60 19 von
2772 3481 168 28 Wahnsinn

2052 3539 59 29 und
2130 3536 260 34 Eingesperrtheit
2406 3535 257 33 ausgeblichenen
2678 3533 89 32 Haut,
2787 3532 81 28 einer
2888 3530 40 28 all-

2051 3598 37 19 zu
2114 3587 129 33 weißen,
2271 3587 81 27 einer
2380 3584 284 33 rotgesprenkelten
2689 3582 88 32 Haut,
2812 3588 55 24 gar
2902 3587 38 20 zu

2053 3640 126 27 stramm
2210 3636 75 28 über
2316 3635 105 34 diesen
2451 3633 222 33 gigantischen,
2704 3628 235 37 mißg;eformten

2051 3686 131 30 Schädel
2201 3687 150 31 gespannt
2367 3704 37 2 —
2424 3684 52 28 der
2495 3683 77 29 ohne
2591 3681 73 28 Hals
2681 3688 61 20 von
2761 3679 58 29 den
2836 3677 84 29 mäch-

2052 3737 81 32 tigen
2155 3735 161 29 Schultern
2339 3735 148 30 getragen
2509 3730 120 30 wurde!

2109 3792 74 30 Glaß
2210 3792 168 29 zwinkerte
2403 3788 193 31 schaudernd
2620 3786 59 28 und
2705 3786 157 31 neugierig
2886 3783 54 29 mit

2051 3843 58 29 den
2128 3842 115 33 Augen,
2261 3840 121 30 mochte
2401 3840 49 28 ihn
2467 3837 82 29 wohl
2570 3837 46 28 ein
2634 3836 79 28 klein
2732 3834 101 31 wenig
2844 3832 93 29 näher

2050 3892 189 32 betrachten,
2278 3890 64 28 dies
2383 3885 162 34 Geschöpf,
2585 3885 110 29 dessen
2734 3880 204 32 Gräßlichkeit

2051 3941 82 29 nicht
2154 3939 240 32 seinesgleichen
2417 3937 83 28 hatte
2521 3943 49 20 —:
