2893 4031
337 289 1063 117 EDITIONS
1524 292 89 53 U
1672 297 1025 128 TEKHNE„

334 577 97 53 LA
468 578 176 55 CITE.
686 581 261 54 Première
983 588 187 50 année.
1221 586 195 65 (Rare)
1651 633 11 9 .
1819 634 10 9 .
1985 634 12 11 .
2152 635 11 12 .
2321 638 10 10 .
2354 595 64 54 fr.
2535 597 88 54 40.

686 656 295 56 Deuxième
1007 665 186 49 année.
1237 662 196 63 (Rare)
1502 706 842 17 ......
2537 673 161 52 30.

686 732 70 61 3\
781 733 72 61 4\
880 734 53 52 5°
955 748 54 41 et
1032 737 53 52 6°
1110 742 234 50 années.
1662 784 11 10 .
1829 785 13 12 .
1997 786 11 12 .
2163 788 12 11 .
2331 789 13 11 .
2535 748 163 54 20.

458 805 91 46 Ces
587 808 213 46 volumes
837 821 205 42 peuvent
1084 817 96 41 être
1220 813 175 45 fournis
1430 813 134 46 reliés
1589 833 59 27 en
1675 817 154 52 pleine
1858 821 110 44 toile
1996 832 288 42 moyennant
2314 839 61 27 un
2402 823 296 54 supplément

342 865 60 45 de
441 869 11 43 1
469 869 24 44 5
530 870 165 50 francs.

334 967 97 52 LA
455 967 248 56 REVUE
729 990 31 33 «
788 971 291 55 TEKHNE
1138 974 160 63 (série
1324 977 487 66 d'avant-guerre),
1862 981 276 56 collection
2183 1005 106 32 com-

403 1043 140 65 plète
567 1046 66 52 de
654 1046 51 52 la
728 1047 33 52 2
766 1052 15 19 e
806 1052 172 49 année
1009 1048 397 66 (1912-1913).
1433 1052 149 54 Beau
1627 1054 216 55 volume
1891 1057 68 53 de
2006 1057 106 53 516
2162 1080 178 44 pages,

404 1140 89 31 sur
534 1126 180 60 papier
757 1124 215 60 couché,
1018 1126 196 53 illustré
1255 1127 65 53 de
1364 1128 108 53 250
1513 1129 188 54 clichés
1827 1174 10 10 .
1992 1175 12 10 .
2159 1176 12 10 .
2327 1178 13 10 .
2530 1136 167 54 40.

328 1228 164 55 L'Art
513 1240 55 44 et
588 1231 52 53 la
659 1231 223 67 Société,
903 1256 96 44 par
1021 1236 149 53 H.-P.
1195 1237 235 66 Berlage,
1453 1241 281 53 architecte
1757 1246 32 48 à
1811 1244 359 54 Amsterdam.
2195 1245 147 55 Tirés

400 1329 32 29 a
455 1320 117 51 part
595 1308 66 52 de
685 1310 49 52 la
757 1310 188 53 Revue
972 1330 32 33 «
1028 1312 104 54 Art
1155 1326 52 40 et
1234 1312 308 68 Technique
1566 1335 32 34 »
1632 1316 324 67 (septembre
1992 1320 350 56 1913-février

409 1381 191 63 1914).
606 1382 89 53 Un
723 1385 217 52 volume
966 1386 407 56 luxueusement
1400 1394 241 60 imprimé
1668 1405 52 41 et
1743 1394 198 53 illustré
1964 1395 66 53 de
2054 1396 71 53 98
2150 1397 190 54 clichés
2531 1399 163 53 50.

327 1493 72 53 Le
423 1491 167 55 Cœur
611 1493 68 54 de
701 1494 52 53 la
776 1495 139 55 Ville
939 1495 66 55 de
1028 1498 288 66 Bruxelles,
1344 1522 95 44 par
1462 1501 217 55 Charles
1710 1504 143 61 Buis,
1884 1527 129 33 avec
2043 1508 297 54 traduction

399 1567 36 54 d
454 1590 106 32 une
588 1571 318 54 conférence
933 1573 66 53 de
1025 1573 59 53 C.
1115 1574 199 54 Giirlitt
1341 1597 91 33 sur
1458 1576 50 54 la
1545 1597 31 33 «
1627 1578 388 57 Conservation
2068 1583 72 53 du
2192 1603 149 34 coeur

398 1644 339 56 d'anciennes
761 1646 147 55 villes
935 1665 48 36 ».
1013 1648 121 54 Une
1161 1650 258 53 brochure
1442 1651 66 54 de
1535 1653 72 54 24
1634 1674 162 46 pages
1823 1697 13 11 .
2157 1700 11 11 .
2564 1661 50 53 4.

323 1755 287 66 L'Abbaye
635 1757 66 54 de
727 1758 52 53 la
806 1758 242 66 Cambre,
1077 1783 94 44 par
1197 1763 67 53 G.
1293 1764 93 54 des
1414 1764 181 55 Marez
1656 1809 14 16 ,
1823 1810 11 10 .
1989 1810 13 11 .
2157 1813 11 10 .
2324 1813 12 11 .
2564 1773 131 54 4.

322 1867 132 54 Paul
482 1867 221 56 Hankar
740 1870 398 66 (1859-1901),
1170 1895 93 45 par
1292 1875 98 52 Ch.
1425 1875 277 68 Conrardy
1749 1890 52 41 et
1849 1879 192 66 Raym.
2090 1880 246 56 Thibaut.

398 1942 121 53 Une
555 1945 258 54 brochure
850 1946 229 56 illustrée
1156 1992 1177 19 ........
2563 1960 48 53 4.

322 2054 318 56 Constantin
661 2056 261 56 Meunier.
944 2058 350 68 L'historique
1317 2062 66 54 de
1405 2083 99 33 son
1543 2074 319 46 monument
1899 2086 71 34 au
2004 2068 202 65 travail,
2244 2089 96 46 par

394 2131 65 54 R.
492 2131 164 68 Thiry
682 2147 55 40 et
766 2134 66 53 G.
870 2135 318 55 Hendrickx.
1223 2136 124 55 Une
1377 2139 262 55 brochure
1667 2140 231 56 illustrée
1988 2185 11 11 .
2156 2187 11 10 .
2323 2187 12 12 .
2563 2147 128 54 4.

319 2242 164 54 L'Art
505 2242 95 56 des
621 2243 209 56 Jardins
850 2258 55 42 et
926 2246 50 53 le
999 2269 250 33 nouveau
1273 2249 170 65 jardin
1466 2255 343 62 pittoresque,
1865 2275 95 44 par
2012 2253 161 56 Louis
2230 2276 106 33 van

393 2319 91 52 der
512 2319 314 63 Swaelmen,
856 2322 600 67 architecte-paysagiste
1488 2368 10 10 .
1650 2369 13 11 .
1816 2369 14 14 .
1984 2370 15 13 .
2153 2371 13 13 .
2321 2374 12 11 .
2562 2333 128 54 2.

318 2429 353 57 L'habitation
699 2430 277 58 coloniale.
1007 2434 74 54 Sa
1110 2441 360 50 construction
1502 2460 68 31 au
1606 2437 191 68 Congo
1833 2440 180 66 Belge,
2048 2462 96 45 par
2178 2441 150 56 Gast.

393 2505 354 65 Boghemans.
771 2506 123 56 Une
911 2509 258 54 brochure
1187 2511 64 53 de
1273 2511 71 52 20
1364 2533 163 43 pages
1565 2514 417 56 abondamment
2013 2516 231 55 illustrée
2317 2561 13 10 .
2558 2520 128 52 4.

317 2618 298 54 Matériaux
638 2618 67 54 de
728 2618 344 57 substitution
1094 2620 133 56 dans
1249 2623 52 53 la
1321 2627 362 52 construction
1701 2624 68 56 de
1786 2627 253 64 maisons,
2059 2648 97 46 par
2173 2628 47 66 J.
2242 2629 60 55 Se-

389 2716 145 39 roen,
566 2695 293 54 architecte.
893 2695 122 54 Une
1046 2695 257 56 brochure
1331 2698 231 54 illustrée
1646 2742 681 15 .....
2556 2707 128 52 4.

314 2803 405 57 L'architecture
742 2804 340 69 hollandaise,
1109 2830 94 44 par
1230 2810 109 53 Luc
1366 2826 28 33 &
1416 2810 130 54 Paul
1561 2811 295 53 Haesaerts.
1903 2813 122 54 Une
2073 2815 258 54 brochure

388 2881 228 54 illustrée
647 2925 1675 19 ...........
2551 2893 129 54 4.

441 2956 33 45 Il
503 2967 70 33 est
604 2958 199 45 accordé
830 2962 28 42 à
886 2966 101 37 tout
1018 2959 170 45 nouvel
1218 2959 188 46 abonné
1435 2959 60 46 de
1524 2978 26 30 «
1578 2962 64 46 La
1667 2962 104 46 Cité
1796 2981 42 33 »,
1865 2967 30 43 à
1919 2964 106 45 titre
2049 2963 61 45 de
2133 2966 161 52 prime,
2322 2984 93 27 une
2437 2964 241 47 réduction

318 3031 60 48 de
414 3032 63 46 50
512 3031 43 41 %
588 3048 75 30 sur
696 3041 103 37 tout
828 3033 138 46 achat
997 3032 63 46 de
1089 3034 138 47 livres
1258 3052 61 29 ne
1348 3033 255 57 dépassant
1639 3056 86 37 pas
1762 3038 62 46 50
1860 3039 165 46 francs.

454 3291 169 54 PRIX
651 3292 95 53 DE
773 3292 562 55 L'ABONNEMENT
1361 3299 31 48 à
1409 3293 208 56 l'année
1632 3315 71 34 en
1729 3316 155 33 cours
1908 3296 65 53 de
1997 3297 51 54 la
2058 3297 186 55 Revue
2274 3318 28 30 «
2328 3299 98 53 LA
2451 3297 162 56 CITE
2641 3320 26 31 »

310 3376 54 43 et
383 3365 68 54 de
478 3386 101 34 son
601 3367 337 65 supplément
966 3387 28 31 «
1019 3367 291 55 TEKHNE
1336 3387 28 31 »
1400 3389 14 33 :
1446 3368 271 68 Belgique,
1748 3371 74 55 35
1849 3370 194 57 francs.
2077 3371 270 67 Etranger,
2378 3373 73 55 50
2478 3375 194 54 francs.

459 3516 142 54 Pour
629 3516 283 56 s'abonner
935 3521 34 49 à
1000 3536 29 32 «
1057 3518 76 54 La
1157 3517 117 55 Cité
1306 3537 27 31 »
1363 3539 72 33 ou
1453 3518 206 55 obtenir
1677 3518 94 55 des
1794 3519 171 65 livres,
1992 3519 35 55 il
2050 3521 156 54 suffit
2232 3521 68 54 de
2323 3542 192 46 verser,
2542 3523 132 54 dans

308 3589 282 68 n'importe
647 3591 126 67 quel
826 3591 203 55 bureau
1086 3591 94 55 des
1237 3601 196 57 postes,
1496 3613 70 35 au
1607 3593 161 55 crédit
1809 3593 74 55 du
1923 3605 212 55 compte
2176 3596 231 66 chèques
2448 3607 229 56 postaux

306 3674 58 45 n°
393 3669 193 61 166,21
616 3667 188 56 Revue
832 3687 28 32 «
888 3669 76 54 La
986 3668 117 55 Cité
1131 3687 48 47 »,
1206 3668 52 55 la
1282 3668 320 56 sommedue
1623 3681 54 43 et
1700 3669 265 56 d'inscrire
1988 3691 91 34 sur
2101 3672 51 54 le
2172 3672 221 56 bulletin
2417 3673 67 55 de
2506 3693 143 36 verse-

305 3752 150 46 ment
480 3742 50 56 le
554 3744 121 54 titre
698 3743 73 55 du
794 3744 130 55 livre
950 3754 55 45 et
1028 3744 75 55 les
1128 3765 130 34 nom
1286 3754 53 45 et
1363 3744 220 56 adresse
1608 3744 76 56 du
1714 3747 369 64 souscripteur.
