2748 3942
1959 266 279 52 TEK
2304 267 53 50 H
2423 269 55 49 N
2544 270 42 48 E

163 3641 137 72 38

204 441 158 41 millier
396 442 55 41 de
489 441 80 50 lits,
608 440 107 42 doté
752 440 59 41 du
844 442 101 49 plus
980 441 143 49 grand
1158 442 194 42 confort.

265 500 90 43 Des
383 502 253 48 logements
665 503 26 37 à
720 503 98 47 prix
847 499 239 51 modiques
1115 517 116 32 pour
1260 503 63 38 étu-

203 560 164 46 diants;
406 560 79 41 des
516 570 270 31 restaurants
814 562 342 42 universitaires.

265 620 43 40 A
334 620 39 40 la
397 620 252 50 périphérie
675 620 56 42 de
755 619 41 42 la
820 620 172 50 grande
1015 620 206 47 ville,des
1244 623 81 38 mai-

199 696 104 24 sons
339 679 222 41 destinées
596 682 25 38 à
657 682 126 47 loger
816 680 63 41 les
916 683 212 44 ouvriers,
1165 680 61 44 les
1260 698 62 24 em-

193 740 158 48 ployés
383 752 45 31 et
458 740 62 41 les
555 739 230 42 habitants
817 740 57 42 de
906 740 166 43 bourse
1102 757 241 33 moyenne.

198 814 21 25 «
256 799 186 50 Chaque
474 800 212 42 locataire
718 803 116 48 jouit
866 800 107 43 d'un
1005 800 148 51 jardin
1185 800 162 51 auquel

193 860 25 40 il
251 860 175 44 sacrifie
458 870 99 31 tous
589 878 69 24 ses
691 860 141 41 loisirs
863 878 88 23 aux
981 860 171 50 dépens
1188 860 59 41 du
1277 878 48 25 ca-

193 918 127 44 baret
358 919 148 40 .Aussi
540 929 138 33 est-ce
711 937 112 23 avec
855 938 87 26 une
975 924 90 47 joie
1098 937 92 27 non
1227 922 102 40 dissi-

193 978 147 42 mulée
374 996 85 32 que
493 980 39 41 le
566 983 138 40 maire
740 980 81 47 fait
852 981 215 41 observer
1099 999 86 32 que
1219 981 127 51 Lyon

193 1050 42 30 et
272 1038 271 51 Strasbourg
578 1051 102 30 sont
718 1042 63 41 les
820 1041 117 41 deux
972 1043 143 41 seules
1152 1042 195 49 grandes

190 1099 125 42 villes
347 1099 56 42 de
433 1097 168 46 France
633 1103 56 38 où
723 1101 39 42 le
792 1100 161 43 chiffre
985 1102 78 40 des
1092 1105 254 38 naissances

192 1159 8 40 1
224 1170 206 38 emporte
463 1176 72 24 sur
564 1159 112 45 celui
710 1160 79 41 des
822 1161 145 43 décès.
1003 1161 168 47 Certes,
1205 1161 41 43 la
1278 1180 45 24 sa-

188 1218 158 41 lubrité
395 1219 79 41 des
519 1221 252 48 logements
817 1221 234 41 contribue
1095 1239 116 33 pour
1256 1240 86 27 une

186 1279 120 49 large
341 1292 101 36 part
477 1282 25 37 à
536 1290 245 39 permettre
814 1298 86 26 une
933 1285 33 37 si
1001 1284 340 42 réconfortante

183 1341 261 50 statistique,
476 1341 113 40 mais
616 1341 61 41 les
706 1340 239 45 heureuses
975 1359 200 28 mesures
1201 1346 140 48 prises

183 1417 54 24 en
266 1399 159 42 faveur
452 1399 56 42 de
539 1402 41 41 la
606 1404 257 46 protection
893 1402 79 42 des
999 1404 180 42 enfants
1206 1422 29 33 y
1261 1416 79 30 ont

181 1462 327 46 puissamment
538 1460 102 42 aidé
674 1477 40 25 ».

253 1518 98 44 Une
386 1524 175 38 maison
600 1521 275 48 maternelle,
914 1523 80 41 des
1029 1524 194 50 crèches,
1265 1524 80 41 des

180 1583 336 46 pouponnières
547 1582 305 54 municipales,
887 1583 78 46 des
994 1595 175 32 centres
1201 1586 115 41 d'éle-

182 1657 149 33 vages,
395 1641 78 41 des
526 1660 184 32 espaces
762 1644 324 49 spécialement
1140 1650 200 39 réservés

178 1717 88 25 aux
310 1702 179 43 enfants
534 1702 112 44 dans
688 1714 100 31 tous
831 1705 62 44 les
936 1711 216 44 quartiers
1199 1709 56 42 de
1296 1708 40 42 la

181 1762 115 51 ville,
335 1762 78 42 des
451 1778 21 25 «
510 1762 156 51 péages
701 1780 40 27 ».

246 1832 85 42 Les
373 1835 148 41 écoles
564 1848 104 30 sont
711 1853 192 34 presque
947 1848 148 32 toutes
1142 1839 194 42 rebâties

174 1909 74 24 sur
275 1893 55 43 de
353 1912 244 24 nouveaux
622 1896 130 50 plans
780 1912 45 32 et
850 1914 227 34 pourvues
1105 1900 57 42 de
1188 1900 123 41 bains-

179 1952 211 45 douches.
420 1954 156 43 Citons
600 1963 115 38 aussi
740 1974 87 25 une
853 1959 125 44 école
1003 1959 330 51 d'agriculture.

242 2024 145 50 Enfin,
427 2028 60 39 les
519 2031 186 39 terrains
740 2030 57 40 de
827 2034 105 46 jeux
962 2043 44 31 et
1037 2034 40 40 la
1108 2042 203 32 construc-

176 2088 92 39 tion
303 2086 27 40 d
352 2104 58 26 un
441 2088 130 45 stade
601 2090 241 48 grandiose
882 2090 86 51 (dû
997 2110 56 23 au
1082 2097 228 37 maître-ar-

174 2144 190 46 chitecte
403 2146 133 51 Tony
568 2148 222 53 Garnier)
836 2162 44 31 et
922 2168 21 25 «
986 2152 113 45 dont
1136 2152 63 45 ltes
1235 2171 73 32 gra-

174 2206 99 42 dins
303 2222 43 31 et
380 2210 61 43 les
471 2225 121 25 murs
623 2230 54 25 en
705 2210 144 45 béton
877 2211 249 45 braveront
1155 2213 179 52 l'injure

175 2266 79 41 des
287 2285 91 32 ans,
418 2283 42 30 et
495 2281 238 38 porteront
766 2274 26 38 à
825 2272 41 42 la
900 2276 216 47 postérité
1150 2276 40 41 le
1223 2293 110 24 nom

173 2326 58 42 du
256 2331 137 41 maire
421 2330 112 43 dont
555 2331 107 45 elles
684 2344 104 31 sont
810 2333 203 50 l'orgueil
1040 2345 45 32 et
1108 2342 73 44 qui
1209 2338 124 41 vient

171 2388 186 52 parfois,
397 2389 39 44 lie
472 2390 255 49 dimanche,
763 2410 31 33 y
825 2404 212 42 partager
1071 2396 41 42 la
1145 2400 92 48 joie
1275 2398 57 41 de

167 2467 71 24 ses
268 2450 287 45 administrés
586 2471 40 25 ».
666 2471 23 26 «
722 2454 228 53 Pourquoi
1077 2459 181 42 conclut
1293 2460 41 41 le

168 2510 200 44 Docteur
399 2513 262 49 Marchoux,
788 2516 195 44 l'intérêt
1016 2519 59 42 de
1104 2520 119 43 leurs
1253 2521 52 42 ad-

167 2574 221 40 ministrés
411 2592 55 23 ne
489 2576 223 49 guide-t-il
738 2596 81 32 pas
844 2580 92 40 seul
962 2589 100 32 tous
1083 2581 64 41 les
1168 2586 162 38 maiores

166 2641 44 33 et
236 2651 60 25 ne
320 2634 62 43 les
407 2638 293 41 entraîne-t-il
726 2657 83 33 pais
837 2643 26 39 à
884 2658 240 26 consacrer
1148 2643 96 43 leur
1265 2653 43 33 ta-

169 2697 90 41 lent
287 2706 44 31 et
357 2696 93 41 leur
477 2699 194 41 autorité
697 2701 26 38 à
752 2698 57 44 de
835 2700 129 43 telles
990 2719 179 25 œuvres
1197 2703 110 42 d'uti-

167 2755 73 41 lité
270 2755 241 51 publique?
550 2757 52 45 Ils
632 2775 28 32 y
688 2763 306 42 trouveraient
1021 2780 89 25 une
1138 2763 165 50 popula-

166 2817 80 39 rité
277 2815 56 44 de
364 2816 93 41 bon
487 2817 102 47 aloi,
620 2823 147 38 moins
799 2820 157 52 fragile
982 2826 230 41 sûrement
1241 2843 87 32 que

165 2876 111 43 celle
307 2876 128 50 qu'ils
466 2878 283 45 demandent
776 2883 26 38 à
835 2882 40 41 la
905 2882 217 51 politique
1157 2901 40 26 ».

233 3031 186 43 PARIS.
470 3033 70 41 LE
584 3033 165 43 PARC
794 3034 80 42 DE
917 3034 260 44 SCEAUX.

164 3092 130 43 Cette
367 3099 272 47 suggestion,
719 3099 108 40 tirée
905 3095 109 43 d'un
1091 3097 235 50 quotidien

162 3156 205 51 français,
404 3161 224 44 soucieux,
667 3162 26 38 à
726 3161 161 45 raison,
930 3160 59 41 du
1027 3160 222 42 bien-être
1284 3170 43 31 et

160 3217 57 40 de
253 3216 8 40 1
286 3220 347 40 accroissement
663 3220 58 42 de
755 3220 42 42 la
835 3221 173 50 grande
1042 3222 255 51 aggloméra-

159 3281 93 38 tion
282 3281 252 48 parisienne
571 3298 7 23 :

221 3351 72 41 Un
321 3353 57 41 de
404 3370 83 25 nos
517 3354 230 42 confrères
777 3355 231 42 demande
1032 3373 90 34 que
1150 3357 40 41 le
1216 3375 108 32 parc

1432 444 56 40 de
1526 444 174 41 Sceaux
1736 444 155 41 acheté
1929 462 81 34 par
2050 444 39 41 le
2126 445 181 41 Conseil
2348 447 242 49 municipal

1429 504 56 40 de
1512 505 132 46 Paris,
1677 504 223 41 devienne
1924 522 58 24 un
2007 507 112 48 petit
2144 505 255 42 Versailles.

1491 564 43 45 Si
1573 564 91 42 l'on
1703 568 84 38 sait
1825 581 58 25 ne
1919 582 82 33 pas
2039 565 225 53 déboiser,
2302 567 45 41 la
2380 567 209 42 banlieue

1426 625 91 41 Sud
1548 629 201 45 pourrait
1782 629 93 37 être
1911 642 64 25 un.
2003 628 220 39 immense
2257 626 163 51 jardin.

1489 685 53 41 Et
1569 686 122 40 Paris
1716 703 56 23 ne
1797 686 96 41 s'en
1919 690 220 47 porterait
2164 704 87 34 que
2276 691 162 38 mieux.

1502 840 295 47 ESSPACES
1836 840 219 44 LIBRES.
2202 844 73 42 On
2316 848 189 38 connaît
2546 846 41 41 la

1420 901 272 53 regrettable
1719 902 247 42 infériorité
1997 903 115 42 dont
2140 906 117 48 jouit
2283 905 123 42 Paris
2531 922 55 25 en

1418 979 55 25 ce
1493 962 216 43 domaine
1817 966 246 48 comparée
2086 981 87 26 aux
2198 964 219 51 capitales
2439 968 122 39 étran-

1417 1025 129 49 gères
1583 1023 234 51 (Londres
1843 1023 24 43 5
1895 1027 168 40 mètres
2086 1028 148 40 carrés
2255 1044 84 33 par
2361 1026 223 51 habitant,

1417 1082 163 50 Berlin,
1611 1084 25 42 2
1667 1102 59 26 m.
1758 1084 74 49 30,
1864 1085 124 43 Paris
2016 1085 110 46 0,97
2154 1086 108 51 m.).

1479 1145 46 43 A
1560 1145 124 43 Paris
1719 1149 170 39 encore*
1920 1163 77 35 ,on
2031 1148 126 40 vient
2192 1147 318 51 d'enregistrer
2542 1148 43 42 la

1417 1210 318 47 comparaison
1777 1209 220 50 suivante,
2043 1214 74 44 qui
2159 1225 57 26 ne
2260 1227 199 33 manque
2502 1227 83 34 pas

1415 1267 301 51 d'éloquence
1749 1284 10 24 :

1477 1327 100 42 Rue
1599 1328 331 53 Saint-Martin,
1956 1331 234 47 ancienne,
2221 1333 161 39 étroite
2410 1340 44 31 et
2481 1331 78 42 obs-

1411 1405 106 26 cure
1543 1389 60 48 ,1e
1629 1388 264 44 coefficient
1924 1390 80 43 des
2032 1390 136 44 décès
2195 1392 84 42 dus
2305 1395 29 39 à
2359 1392 45 43 la
2432 1392 124 42 tuber-

1416 1449 152 39 culose
1601 1448 166 43 s'élève
1798 1452 25 37 à
1861 1449 9 40 1
1895 1449 9 40 1
1947 1465 115 34 pour
2089 1449 124 44 mille
2243 1449 242 45 habitants.
2521 1450 61 43 Le

1414 1508 263 43 coefficient
1712 1521 67 32 est
1813 1519 287 35 exactement
2137 1510 77 42 dix
2248 1510 89 43 fois
2371 1510 211 43 moindre

1411 1589 60 24 au
1503 1571 257 44 boulevard
1794 1572 276 52 Sébastopol
2114 1572 95 51 (1.1
2254 1592 118 34 pour
2408 1573 171 52 mille).

1411 1632 89 42 Ces
1531 1632 122 43 deux
1680 1636 168 40 artères
1876 1642 106 34 sont
2008 1642 151 34 toutes
2187 1635 194 52 proches
2410 1644 45 33 et
2485 1639 72 38 voi-

1412 1710 117 26 sines
1568 1694 121 41 l'une
1729 1694 57 41 de
1825 1695 179 47 l'autre;
2048 1698 111 39 mais
2194 1696 42 42 la
2271 1696 202 43 seconde
2514 1705 67 33 est

1409 1753 123 54 large
1558 1764 45 33 et
1624 1756 339 42 suffisamment
1985 1759 145 40 aérée.

1444 1910 103 42 LES
1580 1911 360 43 POUSSIERES
1971 1912 482 49 INDUSTRIELLES,
2464 1913 115 42 dans

1406 1990 89 26 une
1546 1991 244 26 commune
1845 1974 59 43 de
1957 1975 45 42 la
2049 1975 211 42 banlieue
2306 1980 271 48 parisienne,

1408 2034 249 43 s'abattant
1686 2039 26 38 à
1740 2053 89 26 une
1857 2053 229 33 moyenne
2118 2037 187 44 évaluée
2336 2042 26 37 à
2395 2057 58 23 un
2486 2039 91 41 kilo

1406 2105 43 32 et
1478 2097 121 41 demi
1627 2114 83 33 par
1736 2100 145 39 mètre
1909 2101 123 39 carré
2060 2116 56 24 en
2138 2116 61 24 un
2227 2101 129 40 mois.

1469 2157 321 51 Imagine-t-on
1825 2177 50 24 ce
1909 2176 86 34 que
2025 2160 290 48 deviennent,
2351 2161 115 42 dans
2497 2178 52 35 pa-

1404 2218 124 44 reille
1561 2220 304 50 atmosphère,
1903 2220 63 43 les
1998 2219 260 45 habitants?

1466 2279 276 53 Cependant
1786 2281 65 42 les
1891 2281 209 43 remèdes
2138 2285 206 50 existent,
2387 2293 44 31 et
2471 2292 105 35 sont

1403 2359 186 25 connus.

1465 2402 237 51 Juge-t-on
1752 2404 106 50 qu'il
1909 2404 122 42 faille
2080 2405 210 43 attendre
2337 2424 88 24 une
2470 2406 105 43 telle

1402 2466 237 41 extrémité
1670 2482 117 35 pour
1823 2465 112 43 faire
1968 2466 137 52 appel
2139 2484 88 25 aux
2260 2467 306 51 spécialistes?

1465 2525 65 42 En
1536 2544 103 23 core
1670 2544 115 33 pour
1814 2527 41 41 le
1884 2528 142 50 profit
2058 2528 58 42 de
2146 2545 84 26 nos
2259 2528 128 43 villes
2420 2528 128 43 indus-

1401 2587 178 47 trielles,
1620 2587 267 44 souhaitons
1919 2606 87 34 que
2041 2589 58 43 de
2135 2589 129 43 telles
2297 2592 276 51 statistiques

1401 2657 176 34 tentent
1621 2648 43 44 la
1707 2652 209 40 curiosité
1959 2649 58 43 de
2061 2668 85 26 nos
2191 2651 295 49 techniciens;
2529 2660 44 33 et

1400 2726 88 35 que
1518 2727 116 27 nous
1663 2711 211 43 sachions
1902 2712 247 44 bénéficier
2182 2712 57 46 de
2269 2714 304 51 l'expérience

1398 2773 251 51 étrangère.

1462 2929 80 43 LA
1571 2930 421 43 CIRCULATION
2022 2932 44 41 A
2094 2931 218 44 BERLIN
2339 2951 48 24 se
2416 2936 130 49 répar-

1398 2994 62 44 tit,
1512 3008 116 34 pour
1674 2992 179 43 la'nnée
1903 2992 183 42 écoulée
2137 3011 54 25 en
2250 3012 8 23 :
2309 3003 256 42 tramways,

1401 3050 88 44 772
1521 3052 196 43 millions
1747 3053 58 43 de
1831 3071 257 35 voyageurs
2123 3054 135 52 (53.5
2296 3055 151 52 0/0);
2475 3059 63 40 mé-

1397 3114 278 52 tropolitain,
1710 3115 178 43 chemin
1926 3116 58 43 de
2015 3116 68 43 fer
2114 3116 58 44 de
2204 3119 200 41 ceinture
2434 3126 46 33 et
2510 3116 62 44 de

1397 3172 224 50 banlieue,
1655 3174 85 41 421
1785 3173 197 47 millions
2022 3175 136 51 (29,2
2192 3175 116 52 p.c.)
2329 3194 8 30 ;
2371 3176 197 43 autobus

1399 3246 42 30 et
1465 3234 160 53 divers,
1653 3235 95 41 250
1773 3235 207 55 millions,
2006 3241 87 38 soit
2115 3257 58 24 un
2201 3238 111 42 total
2340 3238 57 42 de
2427 3238 138 47 1,443

1396 3298 194 42 millions
1633 3299 57 43 de
1730 3316 256 36 voyageurs
2028 3309 44 32 et
2114 3319 59 24 un
2217 3304 351 40 accroissement

1394 3358 58 42 de
1483 3359 77 42 5.6
1587 3360 94 51 0/0
1710 3378 72 25 sur
1810 3360 181 43 l'année
2018 3360 291 52 précédente.

158 3519 511 53 SUPPLEMENT
716 3522 110 53 AU
874 3525 331 52 VOLUME
1257 3526 98 51 VI.
1401 3526 338 55 NUMERO
1798 3548 28 44 3
1884 3529 102 52 DE
2050 3548 30 33 «
2134 3530 99 51 LA
2293 3531 180 51 CITE
2532 3550 28 32 »
