2748 3942
1948 203 277 54 TEK
2293 208 48 50 H
2409 211 53 48 N
2529 212 40 48 E

2436 3598 141 71 29

179 376 110 47 paré
322 372 60 41 du
411 372 95 41 rôle
543 372 56 42 de
635 372 42 42 la
713 375 172 46 vitrine,
922 383 67 32 est
1021 378 171 40 ensuite
1224 379 96 38 envi-

178 437 127 48 sagé;
351 437 98 45 puis
495 433 41 41 la
579 436 211 38 situation
834 435 187 42 urbaine
1063 441 186 46 propice
1292 454 54 24 au

176 496 227 48 magasin;
444 502 45 32 et
528 494 123 42 enfin
691 494 225 43 l'examen
958 496 56 41 de
1053 497 210 51 l'étalage
1303 509 43 29 et

179 555 56 41 de
267 572 70 24 ses
373 557 269 39 accessoires
678 558 242 39 terminent
955 557 199 53 l'article,
1185 577 70 23 sur
1287 576 58 24 un

179 616 134 50 appel
350 615 308 43 enthousiaste
694 620 25 38 à
753 616 169 43 l'ordre
957 619 106 50 qu'il
1100 621 96 41 faut
1233 620 84 42 don-

177 694 80 23 ner
289 680 24 37 à
343 677 41 40 la
413 693 75 24 rue
522 677 91 42 afin
649 677 363 52 «d'envelopper
1042 680 231 47 l'homme,
1308 682 38 40 le

178 739 110 40 faire
315 741 125 38 vivre
477 738 113 41 dans
622 756 59 23 un
717 739 133 42 ordre
880 739 224 53 plastique
1137 759 209 24 nouveau

177 808 44 32 et
261 799 346 51 prépondérant
649 817 22 25 »
724 799 71 51 (F.
835 801 189 51 Léger).

239 861 161 42 Citons
423 865 146 46 parmi
595 861 63 42 les
684 861 100 51 plus
810 862 267 51 frappantes
1102 865 216 50 reproduc-

176 924 118 38 tions
327 920 211 53 l'étalage
573 923 60 41 du
664 926 171 39 service
871 927 260 40 communal
1168 926 60 41 du
1264 944 82 33 gaz

176 986 25 39 à
224 983 242 49 Haarlem;
494 983 44 43 la
562 983 195 43 librairie
783 985 265 51 esthétique,
1080 991 28 39 à
1132 988 144 47 Paris;
1304 988 42 42 la

176 1047 161 38 vitrine
370 1045 79 41 des
478 1044 206 43 Editions
711 1046 120 47 Crès,
864 1046 110 43 celle
1003 1049 56 41 de
1088 1047 50 42 R.
1168 1049 138 42 Malle
1313 1061 7 10 4
1319 1074 26 17 .-

176 1104 202 49 Stevens,
435 1106 57 42 de
538 1106 228 52 Rietveld,
817 1108 57 42 de
922 1109 290 42 Guevrekian
1227 1129 8 29 ;
1284 1111 62 41 les

176 1168 200 50 étalages
407 1171 174 49 suisses,
617 1178 43 31 et
693 1169 40 41 le
767 1171 184 40 fameux
982 1176 276 47 mannequin
1289 1173 57 41 de

176 1228 187 52 Belling.

239 1423 70 45 LE
356 1423 162 44 ROLE
566 1425 87 41 DU
701 1425 201 43 BETON
952 1427 179 43 ARME
1181 1427 166 43 DANS

176 1486 553 43 L'ARCHITECTURE.
864 1488 73 41 Un
971 1489 153 42 article
1157 1489 57 42 de
1247 1490 80 41 l'ar-

174 1548 192 40 chitecte
409 1548 45 41 P.
503 1548 174 51 Jaspar,
725 1567 112 33 paru
882 1551 113 41 dans
1042 1568 22 24 «
1112 1551 203 42 L'Emula-

176 1613 93 38 tion
304 1626 21 25 »
369 1609 134 51 (août
537 1609 150 54 1926)
724 1620 45 32 et
795 1611 115 42 dans
940 1628 22 26 «
994 1611 63 42 La
1084 1612 261 50 Technique

175 1671 79 41 des
294 1671 202 43 Travaux
523 1689 40 25 ».

247 1759 21 24 «
313 1742 247 43 Comment
603 1744 175 41 donner
819 1744 39 41 la
896 1745 167 41 beauté
1102 1748 26 38 à
1165 1758 72 30 cet
1276 1761 45 24 as-

175 1804 234 49 semblage
453 1804 224 50 amorphe
720 1822 83 33 par
849 1823 47 24 sa
943 1806 175 41 forme?
1170 1823 82 33 par
1295 1823 47 24 sa

175 1865 211 41 couleur?
435 1882 82 33 par
557 1884 47 23 sa
644 1870 180 46 patine?

243 1925 211 41 D'abord
480 1926 147 50 quelle
650 1937 67 31 est
740 1928 41 41 la
807 1928 148 42 forme
979 1931 364 47 caractéristique

176 1986 60 41 du
259 1987 155 49 béton,
443 2004 47 24 sa
517 1987 147 43 forme
690 1987 41 42 la.
760 1989 100 49 plus
884 1989 295 41 rationnelle?
1214 2005 23 25 »

243 2048 61 41 M.
336 2048 21 50 J
364 2065 134 33 aspar
523 2049 183 41 conclut
742 2067 7 22 :
784 2066 21 24 «
837 2049 40 41 le
901 2049 143 42 béton
1071 2049 74 42 n'a
1173 2068 81 32 pas
1288 2050 56 41 de

176 2109 147 42 forme
353 2112 383 48 caractéristique;
767 2112 26 41 il
823 2110 75 42 n'a
925 2129 92 24 non
1049 2111 99 51 plus
1177 2128 81 33 pas
1287 2113 58 41 de

176 2169 147 46 forme
355 2171 182 50 logique
568 2176 72 46 qui
675 2172 57 41 lui
762 2174 87 40 soit
877 2189 182 34 propre,
1091 2189 136 33 parce
1259 2190 86 33 que

174 2251 48 24 sa
262 2244 232 40 structure,
539 2251 82 23 son
662 2234 222 48 squelette
922 2235 209 41 résistant
1171 2247 64 30 est
1276 2251 47 24 ca-

173 2294 83 43 ché
290 2311 40 27 ».

243 2357 232 47 Pourtant,
515 2357 258 51 ajoute-t-il,
816 2375 22 24 «
878 2375 112 24 avec
1022 2358 41 41 le
1094 2358 155 48 béton,
1288 2375 60 25 on

175 2418 81 42 fait
295 2418 56 44 de
389 2416 300 51 l'impossible
729 2434 38 26 ».

243 2479 101 50 Que
371 2479 94 42 dire
492 2479 56 40 de
574 2484 40 36 la
638 2479 183 42 couleur
849 2480 59 43 du
931 2479 170 42 béton?
1138 2497 22 24 «
1192 2479 29 43 Il
1249 2480 96 44 faut

175 2542 221 42 l'enduire
438 2559 22 25 »
505 2551 43 32 et
586 2543 118 41 alors
741 2542 110 42 c'est
890 2543 39 41 le
961 2546 229 39 caractère
1225 2554 44 31 et
1305 2542 43 43 la

175 2603 183 40 couleur
395 2602 57 44 de
488 2601 192 44 l'enduit
717 2607 72 46 qui
827 2603 239 42 dominent
1102 2620 39 26 ».

242 2663 125 41 Nous
413 2674 271 31 retrouvons
734 2680 21 25 «
805 2667 40 42 le
889 2664 138 42 décor
1072 2665 182 51 logique
1301 2681 40 25 ».

173 2723 123 43 Tout
336 2728 91 39 ceci
467 2742 114 24 nous
623 2724 130 44 laisse
790 2729 183 38 curieux
1014 2725 56 46 de
1108 2730 237 38 connaître

174 2786 63 41 les
269 2786 291 42 conclusions
596 2787 56 41 de
687 2797 70 31 cet
794 2789 168 45 article,
1000 2787 113 44 dans
1148 2805 57 25 un
1240 2803 78 34 pro-

171 2846 132 42 chain
334 2850 203 40 numéro.

235 3057 143 41 PRIX
410 3056 310 43 EDOUARD
758 3057 320 52 FRANÇOIS.
1214 3059 99 43 Mon-

169 3120 116 41 sivnir
318 3118 227 52 François,
581 3121 26 38 à
640 3118 260 54 Etterbeek,
936 3130 44 31 et
1014 3119 63 43 M.
1116 3119 225 53 François,

171 3198 205 24 assureur
408 3185 25 37 à
467 3181 303 52 Schaerbeek,
805 3182 192 42 voulant
1032 3185 245 48 perpétuer
1306 3184 39 41 le

169 3246 215 39 souvenir
417 3243 58 43 de
505 3242 96 43 leur
629 3245 109 50 père
770 3261 82 34 par
882 3244 42 41 la
957 3244 246 42 fondation
1236 3244 107 42 d'un

169 3307 99 48 prix
318 3305 58 41 de
426 3307 308 47 composition
786 3305 247 42 d'architec
1058 3323 78 25 ure
1184 3323 127 26 monu-

1419 379 209 46 mentale,
1661 381 160 49 auquel
1854 384 133 38 serait
2018 385 177 41 attaché
2227 404 80 23 son
2337 404 121 30 nom,
2497 389 79 41 fait

1420 438 92 42 don
1546 443 25 37 à
1599 440 42 42 la
1671 441 104 42 ville
1805 442 56 41 de
1891 442 227 43 Bruxelles
2153 445 56 42 de
2237 447 198 44 diverses
2465 451 88 40 obli-

1418 503 177 47 gations
1644 519 54 24 au
1743 511 186 41 porteur
1976 505 59 41 de
2079 505 40 42 la
2173 507 124 41 dette
2343 508 227 52 publique,

1423 559 21 41 3
1482 578 43 33 p.
1565 578 51 31 c.,
1656 562 238 43 deuxième
1929 567 125 49 série,
2090 584 54 23 au
2178 569 162 48 capital
2376 571 198 40 nominal

1418 621 57 41 de
1516 621 205 47 100,000
1750 625 159 46 francs,
1941 644 103 23 sous
2074 627 41 41 la
2142 628 233 42 condition
2404 647 85 33 que
2512 631 64 41 les

1418 685 229 48 arrérages
1673 684 58 41 de
1757 702 50 24 ce
1832 687 178 48 capital,
2039 691 129 47 après
2195 689 244 43 déduction
2470 692 58 40 fai
2554 708 23 24 e

1419 742 80 41 des
1538 745 104 40 frais
1684 745 56 41 de
1778 748 110 39 mise
1921 764 55 24 en
2014 748 102 51 loge
2155 748 79 44 des
2272 762 302 40 concurrents,

1416 806 224 40 serviront
1668 809 26 38 à
1721 809 124 39 créer
1876 825 59 24 un
1967 811 98 47 prix
2094 811 188 41 triennal
2315 812 238 41 d'architec-

1417 873 96 33 ture
1544 867 343 45 monumentale
1919 872 25 38 à
1974 869 285 44 l'Académie
2291 871 174 51 Royale
2498 873 79 41 des

1419 926 284 42 Beaux-Arts
1744 928 57 40 de
1838 928 241 51 Biuexlles,
2123 931 244 43 dénommé
2413 950 22 25 «
2480 938 97 47 prix

1416 985 217 45 Edouard
1665 986 211 52 François
1908 1006 23 25 »
1967 993 27 39 à
2027 991 214 42 décerner
2268 993 126 42 selon
2423 1012 58 23 un
2513 998 42 37 rè-

1419 1047 201 52 glement
1653 1053 73 47 qui
1757 1066 99 26 sera
1889 1054 143 38 arrêté
2064 1068 81 33 par
2175 1053 43 41 la
2251 1053 103 42 ville
2387 1054 56 42 de
2473 1055 77 41 Bru-

1416 1109 151 41 xelles.
1600 1109 61 42 Le
1688 1114 196 46 premier
1909 1129 220 26 concours
2159 1130 99 25 sera
2289 1120 204 46 organisé
2522 1134 54 23 en

1428 1167 84 41 192
1527 1169 37 42 7.
1602 1168 61 41 La
1694 1169 105 41 ville
1836 1170 55 43 de
1926 1171 228 44 Bruxelles
2187 1190 24 23 a
2244 1178 184 45 accepté
2461 1184 117 31 cette

1421 1230 230 49 libéralité,
1700 1241 43 31 et
1784 1241 117 32 cette
1943 1237 284 47 acceptation
2270 1237 122 39 vient
2438 1236 141 42 d'être

1418 1294 224 39 autorisée
1673 1310 84 34 par
1783 1297 146 38 arrêté
1957 1294 139 51 royal.

1653 1353 51 51 («
1734 1354 161 43 Savoir
1924 1364 43 32 et
1999 1355 169 43 Beauté
2204 1374 22 25 »
2261 1362 107 37 août
2408 1358 168 51 1926).

1957 1452 92 25 ***

1486 1547 535 43 L'ARCHITECTURE
2045 1550 44 40 A
2112 1550 188 42 LIEGE.
2418 1551 72 41 Un
2514 1568 43 25 ar-

1419 1606 100 43 ticle
1545 1607 167 42 illustré
1736 1625 111 32 paru
1879 1608 112 41 dans
2018 1609 40 40 la
2086 1608 156 43 Revue
2275 1609 90 43 «Le
2394 1610 181 41 Home»

1428 1666 286 52 (juin-juillet
1752 1667 168 55 1926),
1957 1673 238 45 emprunté
2230 1674 25 37 à
2291 1687 22 25 «
2348 1670 61 42 La
2441 1671 113 41 Tech-

1416 1731 134 49 nique
1583 1731 80 41 des
1697 1730 212 43 Travaux
1945 1749 38 25 ».
2024 1730 198 44 Œuvres
2255 1734 78 41 des
2366 1734 190 41 architec-

1419 1800 65 30 tes
1531 1790 55 40 A.
1637 1790 158 47 Lobet,
1845 1790 56 40 V.
1951 1792 220 49 Rogister,
2221 1792 56 41 H.
2328 1793 163 43 Michel
2536 1802 44 31 et

1421 1849 44 41 L,
1506 1850 197 50 Jacquet.

1480 1911 84 43 Les
1598 1912 292 44 illustrations
1926 1916 73 48 qui
2032 1932 116 24 nous
2183 1924 103 32 sont
2323 1919 259 47 présentées

1417 1978 214 37 amènent
1668 1985 142 31 certes
1850 1976 57 40 de
1947 1973 104 43 bien
2091 1976 274 43 décevantes
2402 1977 153 43 conclu-

1416 2051 133 26 sions.
1592 2036 326 43 Mentionnons
1958 2037 91 41 seul
2086 2038 10 40 1
2121 2037 238 43 architecte
2400 2039 176 45 Michel,

1419 2100 75 47 qui
1536 2106 179 32 montre
1762 2098 113 41 dans
1919 2098 118 42 deux
2085 2098 185 50 façades
2314 2118 57 23 un
2416 2102 166 38 certain

1414 2160 125 40 souci
1569 2158 348 43 d'ordonnance
1945 2169 44 31 et
2021 2161 58 41 de
2107 2160 156 48 calme,
2296 2161 284 42 introuvable

1419 2218 114 42 dans
1560 2220 63 42 les
1653 2229 148 34 autres
1829 2230 202 32 travaux.
2060 2222 43 40 A
2130 2225 185 47 ceux-ci,
2343 2222 235 50 beaucoup

1419 2281 185 41 d'ennui
1636 2282 178 49 (leçons
1837 2286 202 47 apprises
2058 2285 25 38 à
2107 2283 185 50 l'école)
2409 2300 169 28 source,

1417 2359 105 25 sans
1564 2342 153 47 doute,
1765 2343 105 42 d'un
1915 2343 181 42 confort
2142 2345 334 51 approximatif,
2524 2345 57 41 de

1418 2405 280 50 pittoresque
1740 2404 165 51 (est-ce
1935 2404 337 52 indispensable
2305 2410 24 38 à
2357 2423 85 24 une
2475 2407 83 50 égli-

1419 2484 59 29 se,
1520 2468 26 37 à
1579 2484 58 23 un
1674 2466 227 51 garage?)
1942 2476 43 32 et
2023 2467 80 42 des
2136 2470 229 39 intérieurs
2399 2485 150 24 encom-

1418 2527 104 42 brés
1557 2528 56 41 de
1644 2528 149 50 styles,
1827 2546 27 32 y
1887 2532 196 46 compris
2115 2529 39 41 le
2187 2546 22 24 «
2242 2529 112 50 style
2385 2539 89 31 arts
2503 2528 52 42 dé-

1416 2589 186 41 coratifs
1639 2587 119 44 1925
1795 2606 40 26 ».

1482 2650 63 43 La
1583 2652 85 40 cité
1701 2650 213 52 liégeoise
1950 2650 172 43 est-elle
2152 2653 33 38 si
2221 2669 171 33 pauvre
2428 2669 54 24 en
2519 2651 39 40 le-

1417 2730 122 33 çons,
1571 2731 54 25 en
1657 2712 311 43 exhortations
1993 2730 115 34 pour
2132 2712 41 42 le
2199 2713 94 42 bon
2318 2730 113 30 sens,
2465 2730 115 34 pour

1419 2774 194 42 l'amour
1650 2773 57 44 de
1741 2791 84 24 son
1861 2783 148 42 temps
2046 2784 43 31 et
2123 2792 83 23 son
2242 2774 268 42 exaltation!

1480 2834 127 54 Npus
1630 2852 56 26 ne
1712 2835 41 42 le
1780 2852 194 34 croyons
2002 2853 94 33 pas.
2131 2836 115 42 Mais
2272 2853 163 25 encore
2466 2836 91 42 faut-

1416 2897 28 42 il
1473 2900 152 39 savoir
1651 2897 80 42 lire
1761 2905 44 33 et
1833 2896 315 51 comprendre.

1954 2993 26 25 y
1989 2992 58 26 yy

1486 3063 71 42 LE
1589 3063 307 42 NOUVEAU
1928 3062 202 43 STADE
2162 3064 86 41 DU
2281 3062 163 43 PARC
2477 3062 69 42 DU-

1419 3125 123 41 DEN
1578 3143 24 23 a
1639 3128 69 38 été
1745 3127 214 48 inauguré
1995 3123 39 45 le
2074 3124 59 41 29
2174 3128 108 38 août
2321 3123 188 44 dernier.
2549 3123 27 41 11

1416 3203 166 33 pourra
1634 3188 203 39 recevoir
1887 3184 180 48 43,000
2120 3196 291 40 spectateurs,
2467 3184 112 41 dont

1421 3246 144 46 4,500
1600 3264 87 23 aux
1720 3246 213 53 tribunes,
1969 3259 42 31 et
2048 3246 97 42 doit
2179 3249 92 41 être
2308 3246 39 43 le
2383 3247 99 49 plus
2517 3262 42 24 re-

1416 3307 266 50 marquable
1722 3312 163 39 terrain
1925 3308 60 41 du
2023 3325 124 32 pays.
2190 3307 294 44 L'architecte
2521 3325 54 24 en

174 3474 516 51 SUPPLEMENT
738 3475 111 51 AU
897 3476 333 51 VOLUME
1282 3477 97 50 VL
1424 3477 336 52 NUMERO
1820 3496 27 44 3
1906 3477 101 50 DE
2071 3496 30 31 «
2155 3477 99 50 LA
2312 3477 178 50 CITE
2553 3494 22 31 »
