2748 3942
2006 253 282 52 TEK
2353 253 53 50 H
2471 252 56 51 N
2594 253 41 49 E

243 3665 140 73 26

250 449 188 37 cTéviter
482 445 288 38 absolument
812 444 113 36 dans
971 444 62 36 les
1075 442 331 36 circonstances

247 504 225 43 actuelles.

314 567 130 40 Ainsi
473 581 85 33 que
591 562 60 43 M.
686 562 41 41 le
760 561 204 41 Ministre
997 559 56 41 de
1083 556 250 44 l'lntérieur
1362 563 44 31 et

249 628 55 41 de
342 627 10 41 1
375 625 208 51 Hygiène
620 622 57 42 l'a
717 619 185 52 rappelé
941 619 113 43 dans
1093 635 48 24 sa
1177 615 229 43 circulaire

247 688 62 41 du
349 685 50 43 15
435 685 143 52 juillet
616 682 136 53 1925,
786 690 148 33 toutes
966 680 64 42 les
1060 680 215 42 autorités
1307 676 73 40 doi-

246 759 119 38 vent,
400 767 55 24 en
485 762 87 26 vue
607 744 56 44 de
694 744 40 42 la
766 742 296 42 restauration
1094 739 80 43 des
1204 739 201 40 finances

245 809 249 50 publiques,
545 809 99 37 unir
694 805 114 40 leurs
859 802 162 41 efforts
1066 816 117 35 pour
1231 812 175 28 assurer

248 869 112 42 dans
391 880 101 31 tous
523 866 63 42 les
621 866 236 42 domaines
886 880 89 29 une
1007 863 242 49 énergique
1280 875 93 25 com-

245 933 202 48 pression
485 928 79 42 des
601 927 235 49 dépenses.

313 990 359 49 L'organisation
712 985 248 43 matérielle
1000 984 57 43 de
1095 993 131 32 notre
1263 983 117 40 ensei-

244 1061 214 41 gnement
487 1051 222 49 primaire,
743 1050 35 38 si
806 1046 204 50 négligée
1040 1064 55 25 en
1126 1061 74 24 ces
1231 1042 148 41 derniè-

243 1130 67 25 res
337 1113 180 43 années,
545 1110 193 41 réclame
764 1106 442 42 malheureusement
1233 1104 82 42 des

244 1172 156 44 mèdes
431 1174 250 46 impérieux
712 1168 107 51 qu'il
852 1170 115 40 n'est
997 1184 83 33 pas
1111 1164 202 52 possible
1347 1162 57 42 de

245 1234 187 41 différer
461 1249 103 24 sans
593 1239 357 41 compromettre
978 1228 42 42 la
1051 1227 158 42 bonne
1237 1226 140 41 forma-

242 1297 94 42 tion
372 1294 57 43 de
462 1310 83 28 nos
576 1291 166 42 classes
774 1289 260 52 populaires
1070 1288 115 42 dont
1217 1285 185 52 dépend

243 1356 187 44 l'avenir
463 1354 59 41 du
553 1369 125 35 pays.

309 1416 30 46 Il
379 1416 97 42 faut
513 1414 122 41 donc
671 1412 211 42 concilier
921 1428 72 26 ces
1032 1410 236 49 exigences
1305 1424 73 25 sco-

242 1479 129 41 laires
404 1494 110 23 avec
545 1476 62 42 les
640 1477 236 48 exigences
909 1473 325 48 économiques
1265 1482 44 31 et
1341 1468 63 42 les

241 1539 217 51 pouvoirs
492 1551 308 28 communaux
835 1533 189 44 doivent
1058 1532 231 42 examiner
1323 1529 54 42 mi-

242 1602 330 42 nutieusement
608 1599 41 40 la
687 1597 134 49 façon
859 1595 56 43 de
952 1593 177 43 réduire
1164 1602 125 33 toute
1327 1590 51 42 dé-

240 1677 140 34 pense
407 1676 55 25 au
488 1660 124 45 strict
637 1659 249 39 minimum.

309 1720 124 46 Dans
464 1732 70 30 cet
564 1718 134 47 ordre
732 1717 185 49 d'idées,
951 1720 45 48 je
1025 1717 116 41 crois
1173 1714 120 42 donc
1324 1729 54 34 op-

240 1793 165 40 portun
447 1781 202 42 d'attirer
684 1778 255 43 l'attention
976 1793 75 26 sur
1085 1776 63 43 les
1186 1774 217 52 quelques

240 1842 359 43 considérations
632 1842 191 49 ci-après
865 1856 8 24 :

307 1903 119 43 Tout
470 1902 211 46 d'abord,
725 1901 318 49 l'importance
1086 1898 80 43 des
1207 1896 174 43 installa-

240 1969 119 38 tions
388 1968 24 38 à
443 1963 159 42 établir
635 1962 97 44 doit
761 1965 92 41 être
886 1961 280 42 déterminée
1195 1974 117 35 pour
1341 1958 63 42 les

242 2032 137 45 justes
409 2028 235 43 nécesités;
675 2025 26 41 il
734 2041 29 32 y
788 2041 25 23 a
842 2023 89 42 lieu
959 2021 219 42 d'arrêter
1206 2023 40 42 le
1274 2036 97 28 nom-

240 2087 79 42 bre
357 2089 249 38 maximum
645 2084 199 43 d'élèves
881 2101 86 33 que
1002 2085 63 41 les
1101 2082 163 44 classes
1301 2089 104 33 sont

242 2150 214 49 appelées
487 2150 21 38 à
539 2149 216 41 recevoir.
792 2145 30 42 Il
851 2146 261 50 appartient
1142 2146 26 39 à
1197 2143 184 49 l'inspec-

242 2212 93 41 tion
393 2209 188 42 scolaire
638 2207 281 42 d'examiner
974 2204 326 52 spécialement
1354 2220 52 24 ce

241 2275 141 47 point.

309 2332 83 46 Les
421 2332 277 42 dimensions
728 2330 79 41 des
833 2331 164 41 locaux
1022 2336 154 33 seront
1203 2329 110 40 ainsi
1340 2343 45 24 ra-

242 2396 154 41 menés
437 2410 85 27 aux
560 2394 293 48 proportions
892 2390 266 42 réellement
1193 2388 130 44 utiles
1363 2395 43 33 et

241 2455 92 43 l'on
364 2456 168 40 évitera
562 2453 64 42 les
652 2451 287 52 superfluités
968 2451 114 42 dans
1108 2450 42 42 la
1179 2458 203 35 construc-

242 2522 92 39 tion
379 2525 297 41 proprement
724 2514 90 41 dite
857 2524 43 31 et
945 2513 112 41 dans
1100 2514 63 40 les
1206 2509 200 44 surfaces

239 2577 158 43 bâties.

310 2639 50 48 je
401 2638 109 41 ferai
547 2654 260 32 remarquer
845 2639 24 38 à
906 2648 70 31 cet
1012 2635 140 50 égard
1192 2651 86 33 que
1313 2632 93 42 l'on

242 2712 107 38 peut
378 2698 177 44 réduire
586 2698 56 47 de
673 2698 27 40 4
731 2715 57 26 m.
828 2696 59 42 50
917 2703 26 38 à
972 2696 27 41 4
1032 2698 166 42 mètres
1225 2695 43 43 la
1298 2694 81 41 hau-

242 2773 97 31 teur
369 2761 137 43 d'une
533 2760 144 43 classe
708 2759 57 43 de
799 2759 26 41 6
855 2761 166 41 mètres
1053 2757 55 44 de
1140 2756 177 50 largeur
1348 2771 58 24 ou

244 2826 148 39 même
436 2821 56 44 de
532 2820 99 52 plus
672 2821 57 42 de
771 2819 26 42 6
837 2822 167 39 mètres
1044 2817 56 44 de
1141 2820 188 50 largeur,
1373 2817 33 41 si

242 2884 254 49 l'éclairage
518 2895 67 33 est
602 2882 222 42 bilatéral.

310 2945 64 43 En
409 2956 139 40 outre,
583 2962 89 26 une
704 2943 141 46 classe
880 2943 57 43 de
971 2941 92 49 6/8
1094 2944 169 39 mètres
1297 2952 110 39 peut

238 3009 207 40 recevoir
477 3015 218 41 quarante
728 3018 44 31 et
802 3022 60 25 un
894 3003 153 46 élèves
1080 3023 55 23 en
1171 3002 236 53 disposant

242 3070 108 40 trois
384 3068 98 42 files
514 3067 56 44 de
599 3066 142 42 bancs
770 3069 25 38 à
828 3066 120 42 deux
978 3064 152 52 places
1159 3075 57 37 et,
1250 3073 157 32 contre

241 3131 39 42 le
304 3147 98 24 mur
424 3129 98 44 face
546 3146 86 23 aux
655 3128 208 45 f<mètres,
887 3145 87 25 une
997 3129 167 48 rangée
1187 3126 57 43 de
1264 3126 143 41 bancs

242 3194 24 38 à
293 3208 85 26 une
402 3190 145 51 place.

310 3251 63 46 En
407 3251 200 47 utilisant
643 3251 79 42 des
756 3251 143 43 tables
933 3262 43 31 et
1013 3250 80 42 des
1125 3249 185 48 chaises,
1348 3263 58 25 on

244 3315 75 49 n'y
357 3331 165 33 pourra
562 3316 148 38 réunir
749 3330 85 32 que
875 3322 144 35 trente
1059 3311 195 46 enfants,
1296 3312 111 40 mais

242 3394 50 23 ce
329 3375 207 41 mobilier
571 3388 65 30 est
672 3374 240 49 beaucoup
948 3376 148 40 moins
1132 3376 195 39 coûteux
1366 3382 41 31 et

1479 435 118 41 offre
1631 433 57 42 de
1720 435 175 39 sérieux
1928 440 249 39 avantages
2207 447 59 23 au
2297 430 130 49 point
2461 428 58 43 de
2550 443 89 26 vue

1477 493 212 43 éducatif.

1543 555 70 43 De
1642 553 195 52 grandes
1870 553 263 40 économies
2159 562 201 40 peuvent
2389 553 93 42 être
2514 548 101 41 obte-

1477 634 108 26 nues
1616 624 195 34 souvent
1845 613 113 46 dans
1993 614 41 41 la
2067 613 275 49 conception
2375 612 151 40 même
2557 609 84 41 des

1479 677 265 42 différentes
1771 677 166 49 parties
1964 675 56 41 de
2045 675 41 41 la
2111 675 321 47 construction,
2461 681 149 31 notam-

1477 752 124 30 ment
1641 755 53 24 en
1734 735 231 42 réduisant
2002 737 63 41 les
2105 735 197 49 greniers
2338 743 46 33 et
2420 734 220 40 certaines

1478 803 250 46 épaisseurs
1769 797 57 41 de
1865 812 139 30 murs;
2046 814 56 23 en
2143 795 254 42 diminuant
2436 791 203 51 l'emploi

1478 861 56 43 de
1559 860 42 41 la
1623 862 148 48 pierre
1792 875 57 24 au
1871 859 123 40 strict
2016 858 250 50 minimum,
2294 874 55 23 en
2373 854 268 49 employant

1476 922 62 45 les
1566 923 143 47 crépis
1735 919 217 50 auxquels
1979 935 58 25 on
2065 927 109 41 peut
2202 916 176 41 donner
2403 932 60 26 un
2491 930 125 25 carac-

1477 985 92 39 tère
1602 981 298 45 ornemental,
1933 998 55 25 en
2016 978 200 44 utilisant
2253 977 141 50 (sans,
2427 975 108 43 bien
2564 992 51 24 en-

1476 1043 152 48 tendu,
1670 1050 359 41 compromettre
2067 1038 262 50 l'aération)
2376 1038 63 42 les
2475 1036 166 42 châssis

1477 1124 54 24 en
1569 1104 66 41 fer
1673 1120 58 24 ou
1767 1103 63 42 les
1866 1101 167 42 châssis
2067 1099 237 50 simplifiés
2342 1099 57 43 de
2433 1097 115 47 bois,
2585 1115 57 25 en

1475 1164 267 51 simplifiant
1780 1164 62 42 les
1877 1161 236 42 corniches
2152 1170 44 33 et
2232 1179 55 25 en
2324 1170 239 31 ramenant
2601 1157 41 40 la

1476 1227 176 49 largeur
1681 1225 79 41 des
1787 1225 233 40 vestiaires
2044 1225 26 38 à
2098 1222 24 41 2
2152 1224 165 40 mètres
2345 1231 45 32 et
2414 1220 95 41 leur

1476 1299 97 30 teur
1601 1290 25 37 à
1658 1285 24 42 3
1715 1303 57 26 m.
1808 1302 57 24 ou
1896 1284 24 41 3
1952 1301 59 26 m.
2046 1282 73 45 50.

1543 1347 120 43 Tout
1692 1367 54 24 en
1776 1348 283 42 maintenant
2084 1346 42 41 la
2154 1343 242 43 recherche
2423 1342 56 43 de
2506 1341 113 45 l'éco-

1476 1412 164 49 nomie,
1687 1407 115 44 MM.
1845 1407 63 42 les
1950 1405 265 44 architectes
2253 1418 188 31 sauront
2483 1402 160 43 établir

1478 1471 79 40 des
1588 1481 131 39 types
1751 1466 200 44 d'écoles
1983 1467 60 41 du
2074 1466 102 51 plus
2204 1466 73 42 bel
2310 1477 158 38 aspect
2500 1462 120 44 esthé-

1476 1534 133 48 tique,
1648 1530 254 50 dépouillés
1935 1529 59 42 du
2026 1530 228 41 caractère
2285 1527 138 42 banal
2458 1526 58 43 de
2546 1533 98 32 tant

1477 1593 57 42 de
1570 1591 249 44 bâtiments
1858 1590 205 43 officiels.

1646 1670 167 32 moyen
1847 1659 74 42 qui
1950 1653 286 48 permettrait
2264 1658 195 33 souvent
2493 1648 57 41 de
2578 1649 44 39 ré-

1478 1715 125 41 duire
1663 1712 449 44 considérablement
2173 1712 63 41 les
2298 1710 224 52 dépenses
2587 1708 57 42 de

1474 1779 332 39 constructions
1835 1774 226 46 scolaires,
2091 1790 52 27 ce
2169 1775 135 41 serait
2329 1772 13 42 1
2364 1771 172 50 emploi
2565 1769 79 43 des

1475 1839 119 41 locai
1611 1854 27 24 x
1675 1837 85 45 dits
1797 1838 441 47 semi-permanents.

1544 1898 130 43 Cette
1719 1896 282 52 appellation
2046 1896 185 50 désigne
2277 1895 79 41 des
2397 1894 248 42 bâtiments

1477 1962 85 49 qui,
1597 1960 242 42 construits
1867 1958 99 51 plus
1995 1957 281 50 légèrement
2306 1973 86 33 que
2423 1955 79 42 des
2530 1954 92 42 bâti-

1477 2033 147 32 ments
1658 2019 232 47 définitifs,
1926 2033 78 31 ont
2034 2036 89 26 une
2157 2018 139 42 durée
2328 2017 319 42 relativement

1477 2083 180 48 limitée,
1696 2084 113 40 mais
1842 2080 251 54 suffisante,
2133 2091 45 32 et
2212 2080 188 42 coûtent
2430 2078 192 42 sensible-

1477 2153 125 32 ment
1635 2145 148 42 moins
1815 2140 125 48 cher;
1977 2151 284 40 moyennant
2293 2139 221 42 certaines
2545 2140 75 50 pré-

1477 2207 205 39 cautions
1718 2216 43 31 et
1795 2223 87 25 une
1919 2206 220 40 entretien
2174 2201 192 55 attentif,
2408 2218 74 24 ces

1477 2277 294 40 permanents
1831 2275 104 32 sont
1997 2266 116 39 aussi
2174 2261 353 52 imperméables
2590 2277 55 25 au

1475 2327 164 51 chaud,
1670 2344 56 24 au
1758 2326 120 42 froid
1909 2338 43 31 et
1981 2328 25 38 à
2036 2324 255 47 l'humidité
2323 2340 85 34 que
2440 2323 65 44 les
2531 2322 92 42 bâti-

1477 2399 148 32 ments
1658 2387 262 44 ordinaires.

1547 2449 29 43 Il
1609 2449 281 42 conviendra
1924 2448 235 42 d'éclairer
2187 2447 369 42 bilatéralement
2589 2445 59 42 de

1477 2510 209 52 pareilles
1722 2508 184 49 classes;
1945 2510 107 42 elles
2088 2528 56 25 ne
2180 2518 350 41 comporteront
2564 2523 85 35 pas

1480 2573 56 43 de
1566 2574 174 49 gren'er
1768 2586 43 30 et
1840 2573 93 41 leur
1963 2571 196 50 plafond
2187 2586 168 35 pourra
2385 2578 265 42 emprunter

1479 2635 40 40 la
1557 2646 137 38 pente
1734 2634 56 41 de
1827 2634 45 42 la
1905 2634 165 41 toiture
2109 2631 210 51 jusqu'au
2357 2632 184 41 faux-en
2546 2632 104 40 trait

1477 2698 113 40 situé
1617 2698 25 38 à
1674 2695 22 41 3
1728 2712 57 24 m.
1820 2694 61 42 80
1913 2694 56 44 de
1996 2693 202 43 hauteur.

1548 2757 28 46 Il
1611 2776 56 25 ne
1697 2774 98 25 sera
1826 2774 82 27 pas
1940 2757 250 42 nécessaire
2220 2766 43 32 et
2296 2755 32 42 il
2356 2755 134 42 serait
2521 2752 105 43 d'ail-

1478 2820 117 41 leurs
1616 2830 102 39 trop
1741 2821 201 38 onéreux
1962 2816 57 43 de
2041 2814 163 44 rendre
2224 2833 74 24 ces
2317 2818 333 39 constructions

1481 2879 334 43 démontables.

1548 2941 62 44 Le
1644 2941 114 49 bois,
1798 2941 40 42 le
1872 2940 156 48 béton,
2068 2940 208 48 l'éternit,
2314 2941 64 42 les
2412 2940 158 51 crépis,
2612 2937 39 42 le

1479 3021 91 25 Dan
1602 3002 56 45 de
1684 3002 102 42 bois
1813 3020 111 22 avec
1954 3001 294 50 remplissage
2276 3000 57 43 de
2358 2999 196 51 briques,
2587 2997 64 42 les

1479 3064 182 51 briques
1698 3065 173 49 légères
1909 3063 181 51 placées
2131 3062 56 42 de
2227 3061 167 51 champ
2431 3077 118 33 pour
2588 3060 63 41 les

1480 3135 301 33 contre-murs
1808 3127 247 44 intérieurs,
2086 3123 228 43 semblent
2342 3126 92 40 être
2465 3124 64 43 les
2556 3139 63 24 ma-

1480 3189 174 41 tér:aux
1694 3188 64 41 les
1800 3187 99 50 plus
1942 3187 271 49 appropriés
2253 3187 24 39 à
2319 3202 52 26 ce
2413 3200 138 35 genre
2595 3182 56 41 de

1480 3250 164 43 travail»
1676 3267 8 22 :
1713 3251 63 42 les
1802 3266 141 23 menui
1958 3251 134 40 series
2119 3257 155 31 seront
2303 3246 166 42 d'aussi
2493 3244 158 43 bonne

1481 3311 166 48 qualité
1680 3328 86 28 aue
1799 3310 113 42 dans
1945 3328 59 24 un
2034 3310 117 45 local
2186 3308 210 48 définitif,
2429 3324 78 25 car
2536 3308 27 43 il
2593 3323 58 24 ne

1482 3371 94 46 faut
1609 3371 249 44 nullement
1887 3369 258 45 confondre
2181 3370 465 49 «semi-permanent»

238 3543 515 52 SUPPLEMENT
802 3543 110 51 AU
959 3541 331 53 VOLUME
1341 3541 99 51 VL
1487 3540 338 52 NUMERO
1886 3558 27 44 3
1971 3540 103 50 DE
2138 3558 30 31 «
2222 3538 101 51 LA
2380 3538 182 50 CITE
2620 3556 27 32 »
