3568 5049
3291 108 70 52 39

164 977 343 91 BOOK
599 974 595 95 REVIEWS.

171 1176 195 52 SOME
379 1173 618 53 CONTEMPORARY
1015 1173 182 55 DRAMATISTS

165 1173 57 54 by
251 1173 172 54 Graham
452 1173 200 54 Sutton.
681 1173 258 54 (Parsons)
968 1173 86 54 7/6
1083 1173 114 54 net.

170 1505 34 111 I
245 1525 74 29 am
355 1502 220 66 curiously
611 1501 184 65 grateful
830 1515 47 38 to
914 1501 79 52 Mr
1017 1502 180 59 Sutton,

244 1573 80 51 but
359 1572 60 52 let
454 1573 94 50 that
597 1591 136 32 never
782 1571 149 63 budge
966 1592 71 30 me
1082 1571 117 52 from

170 1662 75 45 my
279 1661 193 44 purpose
507 1639 152 52 which
692 1642 38 48 is
764 1652 50 38 to
847 1642 142 61 praise
1025 1639 110 52 him.

293 1710 107 51 The
453 1709 122 62 thing
627 1708 98 51 that
777 1721 178 36 matters
1011 1709 45 48 in
1115 1708 85 51 this

169 1778 125 51 book
327 1780 36 49 is
395 1780 53 47 its
481 1778 229 62 appendix
799 1775 58 51 he
893 1776 177 56 writes;
1106 1778 32 49 it
1163 1779 36 48 is

170 1846 76 51 the
282 1846 85 50 first
391 1845 88 50 line
501 1844 50 49 of
575 1844 84 49 this
692 1843 235 50 collection
951 1843 50 49 of
1032 1843 167 52 studies

169 1935 61 29 on
263 1933 125 30 some
413 1915 104 47 nine
541 1931 108 44 very
683 1914 239 59 important
945 1912 91 51 and
1072 1931 125 32 some

167 1982 83 51 less
284 1983 239 61 important
547 1978 183 66 English
764 1980 249 50 dramatists
1036 1978 51 51 of
1120 1981 77 51 the

169 2051 105 65 day,
310 2048 111 52 with
457 2048 146 51 Notes
635 2069 61 29 on
733 2047 76 51 the
842 2047 164 52 others.
1078 2050 117 50 And

170 2119 76 51 the
278 2117 254 65 Appendix
587 2117 110 51 does
733 2128 188 45 matter;
974 2117 82 49 but
1096 2119 32 49 it
1163 2121 36 49 is

169 2187 105 63 only
307 2207 89 29 one
429 2185 50 50 of
513 2184 76 51 the
622 2185 159 63 things,
819 2197 79 38 not
1058 2187 138 63 thing,

169 2255 151 52 which
354 2258 36 48 is
425 2254 74 52 the
534 2253 125 53 book
693 2253 134 53 itself.

240 2324 108 49 The
382 2324 88 49 five
494 2343 113 43 page
641 2323 254 63 Appendix
918 2323 37 49 is
989 2321 210 52 valuable

170 2394 194 49 because
397 2394 35 48 it
454 2404 133 37 states
608 2390 113 51 facts
743 2390 150 52 which
915 2410 138 32 never
1074 2411 125 45 grow

171 2461 78 51 old
283 2461 91 51 and
410 2458 126 51 often
570 2478 123 43 grow
728 2478 213 44 younger.

240 2528 153 52 These
428 2527 112 51 facts
574 2546 105 32 are:
731 2526 107 52 how
886 2546 135 45 many
1072 2526 128 65 plays

170 2597 126 51 these
354 2598 103 48 nine
514 2596 248 50 dramatists
813 2596 116 49 have
988 2597 208 56 written;

171 2667 137 51 when
359 2664 108 64 they
518 2676 145 39 wrote
696 2663 153 57 them;
903 2663 134 52 when
1091 2664 108 64 they

170 2754 122 31 were
343 2732 249 66 produced,
651 2733 92 51 and
801 2732 108 52 who
960 2732 239 64 published

170 2801 121 51 them
326 2801 92 50 and
454 2800 153 51 when.

236 2870 104 51 The
374 2869 277 64 playwriters
684 2886 77 32 are
814 2867 183 58 Barker,
1046 2867 149 59 Dane,

170 2939 300 57 Drinkwater,
507 2937 184 55 Ervine,
730 2935 202 59 Flecker,
968 2937 227 65 Jennings,

171 3007 263 64 Maugham,
472 3005 163 57 Milne,
673 3005 309 59 Monkhouse,
1008 3006 188 58 Monro,

169 3074 189 52 O'Neill
391 3074 91 51 and
517 3073 152 51 Vane.

236 3143 18 51 I
288 3142 135 52 knew
456 3142 77 51 the
567 3140 129 53 work
729 3140 51 51 of
830 3154 115 37 most
979 3142 51 51 of
1070 3142 126 51 these

169 3214 166 48 writers
368 3212 92 50 and
513 3210 18 51 I
566 3210 93 51 had
711 3209 169 66 always
932 3212 182 50 wanted
1148 3224 48 38 to

167 3280 136 51 know
355 3279 249 62 something
655 3278 140 50 about
847 3279 77 49 the
975 3279 126 63 plays
1147 3279 49 51 of

170 3349 264 62 Maugham,
460 3350 91 50 and
570 3359 77 39 not
672 3347 92 53 had
788 3347 75 50 the
888 3350 306 62 opportunity.

239 3416 39 50 It
311 3417 36 49 is
380 3416 49 50 of
465 3414 250 63 Maugham
767 3414 19 52 I
821 3415 112 51 wish
969 3427 48 39 to
1069 3417 126 50 write

167 3485 125 57 here,
329 3483 68 51 for
433 3483 95 52 Mr.
564 3485 165 48 Sutton
763 3502 94 31 was
880 3483 76 51 the
989 3504 135 31 cause
1145 3486 51 51 of

169 3574 76 43 my
278 3551 185 63 reading
498 3563 92 40 two
623 3551 51 49 of
708 3551 68 49 his
809 3549 141 66 plays.

236 3621 141 52 Some
411 3619 51 51 of
495 3619 78 51 the
623 3618 130 51 other
802 3618 263 58 dramatists,
1121 3619 75 52 the

167 3709 125 31 more
325 3688 256 52 celebrated
631 3708 122 36 ones,
790 3708 76 31 are
900 3708 108 45 very
1031 3708 136 31 remar-

167 3756 135 52 kable
359 3758 169 50 writers
578 3754 52 52 of
678 3754 141 66 plays,
867 3755 80 51 but
995 3777 117 30 even
1161 3755 36 52 if

169 3826 113 51 their
315 3824 340 64 craftsmanship
689 3825 37 50 is
773 3824 136 63 good,
946 3826 33 50 it
1030 3828 35 47 is
1119 3838 76 38 too

167 3895 125 51 often
343 3894 175 64 spoiled
569 3892 65 65 by
683 3892 80 51 the
814 3892 134 52 creak
983 3894 51 50 of
1083 3895 113 49 their

167 3963 149 51 boots.
378 3962 118 51 And
529 3962 107 65 they
669 3981 75 31 are
778 3975 80 51 apt
893 3975 48 38 to
974 3982 142 31 cooee
1149 3975 47 38 at

169 4052 71 30 me
274 4045 78 37 too
386 4051 14 37 ;
405 4031 165 63 they
603 4032 253 50 sometimes
890 4052 95 42 pop
1018 4045 79 37 out
1143 4052 54 30 or

167 4099 115 64 push
316 4098 224 62 doggedly
573 4098 189 62 through
797 4099 113 50 their
943 4098 127 66 plays
1103 4099 92 51 and

166 4167 139 52 shake
362 4167 113 50 their
537 4165 141 51 heads
741 4186 51 31 or
861 4167 131 52 make
1058 4168 136 53 faces.

167 4235 249 51 Somehow
467 4234 108 63 they
627 4247 158 44 teaze;
837 4235 108 64 they
995 4236 64 51 do
1112 4249 79 38 not

167 4305 129 51 leave
331 4324 73 31 me
435 4301 110 52 free.
614 4303 115 49 This
761 4305 35 47 is
830 4304 107 65 only
990 4325 75 44 my
1111 4306 56 51 im-

167 4374 196 61 pression
382 4393 13 38 ;
400 4371 216 51 others
637 4372 135 63 enjoy
795 4371 123 53 them
942 4393 121 30 more
1087 4374 109 50 than

171 4441 15 49 I
227 4442 84 50 do.

237 4510 88 50 But
349 4507 253 66 Maugham
625 4507 148 52 leaves
805 4527 72 31 me
912 4508 108 52 free.
1078 4510 117 53 And

169 4576 62 50 do
286 4598 91 44 you
433 4598 197 44 suppose
686 4576 95 50 that
841 4576 92 53 Mr.
993 4577 202 52 William

171 4644 181 53 Archer
387 4647 95 52 told
519 4668 74 31 me
627 4645 94 51 that
739 4650 23 45 ?

240 4714 140 52 Some
413 4715 49 51 of
499 4715 75 52 the
607 4713 128 54 other
788 4713 249 53 dramatists
1077 4734 120 33 were

1247 203 51 37 to
1333 189 76 51 the
1443 190 88 52 late
1566 190 204 55 William
1806 193 180 53 Archer
2018 212 123 33 more
2178 193 107 52 than

1247 258 231 52 Somerset
1516 259 267 66 Maugham.

1319 326 49 52 In
1403 327 67 52 his
1505 329 125 50 book
1721 330 105 51 The
1860 329 99 52 Old
1996 329 172 53 Drama
2192 329 93 52 and

1249 395 77 51 the
1364 395 123 53 New
1580 397 176 68 (1923)
1807 399 58 50 he
1902 399 184 64 bravely
2131 397 124 51 cham-

1249 465 169 63 pioned
1456 466 75 49 the
1583 485 103 32 new
1722 487 119 37 men,
1893 467 93 51 and
2019 467 18 51 I
2072 486 94 33 was
2201 466 54 52 be-

1249 534 181 63 ginning
1463 546 48 39 to
1547 536 103 49 love
1671 536 78 50 the
1784 534 79 54 old
1890 534 167 59 fellow,
2093 536 136 50 when
2264 536 18 50 I

1249 602 224 64 suddenly
1506 603 207 52 discover
1747 604 98 51 that
1881 604 85 51 this
1987 618 113 38 most
2135 603 122 52 excel-

1251 670 91 51 lent
1378 670 49 50 of
1460 672 57 50 all
1552 692 82 32 our
1669 673 289 65 playwriters,
1996 674 69 66 (to
2099 693 74 31 me
2206 673 77 51 the

1252 752 114 38 most
1402 740 255 67 excellent),
1710 741 266 64 Maugham,
2031 743 92 50 had
2165 741 118 51 been

1251 807 198 65 stupidly
1493 809 170 51 slurred
1698 830 124 31 over.
1893 810 97 51 Not
2024 810 258 51 omitted

1255 876 181 51 Archer
1470 879 148 50 didn't
1653 879 167 50 choose
1855 891 47 40 to
1938 881 63 51 do
2037 879 245 52 thatbut

1253 943 226 64 relegated
1514 960 49 37 to
1597 946 78 51 the
1710 947 120 51 third
1864 967 112 39 row,
2011 948 60 50 he
2104 947 109 51 who
2249 950 36 48 is

1252 1012 241 66 obviously
1516 1017 46 48 in
1597 1016 78 51 the
1698 1016 87 52 first
1824 1036 96 31 row
1943 1016 91 52 and
2071 1017 62 64 by
2169 1016 85 51 him-

1252 1081 85 52 self
1370 1094 47 39 at
1451 1083 113 52 that.

1322 1150 98 51 Not
1454 1150 95 52 that
1587 1150 18 52 I
1641 1172 75 30 am
1751 1150 203 65 thinking
1987 1152 212 63 thoughts
2234 1152 51 50 of

1252 1219 241 65 /Eschylus
1526 1219 93 52 and
1662 1220 216 51 Moliere:
1917 1221 82 51 but
2032 1219 251 65 Maugham

1251 1289 35 48 is
1321 1288 124 50 what
1479 1288 83 52 I'm
1603 1288 214 64 thinking,
1853 1289 92 51 and
1981 1290 19 51 I
2036 1289 91 51 will
2161 1309 93 31 com-

1251 1376 108 44 pare
1392 1356 92 52 him
1520 1357 112 54 with
1666 1378 61 31 no
1778 1357 129 52 other
1942 1359 252 66 playwriter
2235 1357 50 52 of

1251 1425 125 50 these
1412 1427 141 50 times.

1322 1493 95 52 Not
1453 1495 108 64 only
1594 1496 36 48 is
1653 1496 33 49 it
1722 1493 180 54 Archer
1928 1495 108 50 who
2071 1496 130 49 omits
2235 1506 50 39 to

1251 1562 73 51 tell
1359 1581 49 32 us
1443 1563 208 65 properly
1675 1563 124 51 what
1834 1563 174 65 exactly
2031 1563 252 65 Maugham

1249 1632 72 56 is;
1357 1629 94 52 Mr.
1488 1633 42 62 J.
1564 1632 64 52 T.
1663 1632 147 50 Grein
1843 1632 139 50 shirks
2015 1634 33 48 it
2085 1646 93 38 too.

1319 1699 50 50 In
1404 1699 68 50 his
1580 1699 106 51 The
1722 1699 123 52 New
1895 1700 166 51 World
2112 1700 51 51 of
2207 1699 76 51 the

1563 1770 178 65 (1924)
1802 1769 60 51 he
1919 1771 219 49 mentions
2189 1768 92 52 him

1248 1837 167 56 twice;
1468 1849 80 38 not
1600 1849 48 38 to
1699 1856 80 45 say
1887 1837 251 64 Maugham
2173 1836 109 52 who

1249 1903 158 53 knows
1459 1905 77 52 the
1571 1906 242 64 technique
1864 1906 50 51 of
1951 1906 74 51 the
2078 1920 121 50 stage
2234 1919 49 38 to

1248 1972 263 64 perfection,
1568 1973 173 59 knows,
1794 1975 337 63 consequently,
2174 1975 107 50 how

1248 2053 48 37 to
1331 2042 263 63 intersperse
1629 2042 123 51 these
1793 2042 265 51 discussions
2091 2042 191 51 without

1249 2112 187 61 marring
1472 2110 67 51 his
1567 2110 150 51 theme
1793 2132 14 38 ;
1844 2112 80 49 but
1954 2123 49 38 to
2037 2110 138 65 apply
2197 2110 85 51 this

1249 2178 160 63 phrase
1444 2190 48 40 to
1526 2179 143 51 Shaw
1703 2180 51 51 of
1788 2179 58 51 all
1879 2179 181 65 people,
2103 2179 107 51 who
2244 2180 35 50 is

1248 2249 85 60 just
1369 2268 47 29 as
1441 2246 162 66 gawky
1628 2268 61 30 on
1713 2249 77 51 the
1812 2260 122 52 stage
1956 2269 49 31 as
2027 2248 250 64 Maugham

1249 2317 35 49 is
1319 2329 45 37 at
1401 2316 67 52 his
1502 2337 117 31 ease.

1319 2384 97 50 Not
1450 2385 169 63 finding
1653 2385 179 51 Archer
1865 2404 51 30 or
1939 2385 142 51 Grein
2116 2385 163 63 willing

1249 2465 50 38 to
1336 2452 72 52 tell
1444 2474 70 30 me
1567 2453 212 65 anything
1830 2453 138 51 about
2010 2453 268 63 Maugham,

1251 2522 18 49 I
1324 2522 160 51 turned
1536 2535 49 38 to
1636 2522 180 63 Ashley
1855 2522 158 51 Dukes
2067 2523 210 66 (1911);

1251 2589 80 52 but
1384 2591 142 50 found
1577 2592 46 49 in
1675 2591 67 50 his
1849 2591 201 50 Modern
2085 2591 162 52 Drama-

1249 2660 93 49 tists
1434 2658 96 52 that
1562 2658 60 51 he
1656 2659 91 51 had
1782 2659 186 51 omitted
2001 2672 47 37 to
2084 2660 195 50 mention

1249 2724 94 53 him
1379 2725 262 66 altogether.

1318 2796 70 50 At
1423 2796 97 51 that
1556 2798 106 48 time
1770 2798 103 48 Our
1912 2796 174 51 Betters
2188 2796 93 51 and

1307 2864 104 50 The
1446 2864 148 52 Circle
1695 2864 93 52 had
1824 2878 78 38 not
1937 2865 115 51 been
2088 2866 191 57 written,

1247 2951 52 31 so
1332 2932 126 51 there
1509 2933 35 50 is
1577 2952 61 31 an
1677 2952 160 31 excuse
1891 2932 68 51 for
2011 2933 78 50 Mr
2125 2932 157 52 Dukes

1247 2999 151 53 which
1422 3013 164 40 cannot
1623 3001 58 52 be
1705 3001 143 52 found
1873 3002 69 51 for
1975 3002 180 51 Archer
2189 3005 92 49 and

1247 3068 143 52 Grein
1415 3071 75 50 0).

1316 3138 71 51 At
1422 3151 177 52 present
1634 3138 19 51 I
1689 3138 119 52 have
1854 3139 108 64 only
2006 3139 108 51 read
2156 3139 127 51 three

1247 3205 128 65 plays
1409 3199 63 72 by
1506 3208 283 62 Maugham;
1897 3208 102 51 Our
2034 3209 176 50 Betters

1312 3274 106 51 The
1474 3275 149 51 Circle
1751 3274 93 52 and
1975 3275 157 51 Home
2188 3276 90 51 and

1248 3342 175 65 Beauty
1564 3344 19 50 I
1620 3344 117 50 have
1768 3364 106 30 seen
1896 3364 119 32 none
2038 3345 147 56 acted,
2212 3344 69 50 for

1248 3410 18 50 I
1303 3410 118 53 have
1446 3431 136 32 never
1617 3412 116 51 been
1756 3414 46 48 in
1837 3425 126 39 town
1986 3412 135 52 when
2158 3412 121 51 there

1247 3499 95 30 was
1365 3500 90 30 one
1488 3482 201 61 running.
1749 3482 36 50 It
1822 3500 95 33 was
1943 3502 28 30 a
2004 3481 137 63 single
2164 3501 113 43 page

1247 3547 51 51 of
1331 3548 67 51 his
1420 3561 67 38 set
1510 3570 71 30 me
1615 3552 196 61 wanting
1835 3563 48 38 to
1915 3549 108 51 read
2046 3551 67 50 his
2136 3549 141 65 plays.

1247 3615 114 51 This
1397 3637 94 31 was
1524 3618 76 51 the
1648 3638 183 42 passage
1867 3618 115 51 from
2085 3619 109 50 East
2229 3619 49 50 of

1248 3685 121 50 Suez
1481 3685 170 64 quoted
1685 3687 62 64 by
1784 3687 78 50 Mr
1912 3688 167 49 Sutton
2130 3689 45 48 in
2211 3687 67 50 his

1248 3751 139 54 book.
1455 3754 117 53 And
1608 3756 31 49 it
1677 3775 93 31 was
1820 3777 29 29 a
1893 3758 124 62 quite
2067 3755 212 66 ordinary

1248 3820 65 51 bit
1349 3821 49 51 of
1449 3821 303 66 play-writing
1802 3822 110 54 such
1962 3844 49 32 as
2064 3844 90 31 one
2198 3824 80 51 has

1247 3888 169 54 known
1445 3911 105 32 ever
1582 3894 122 49 since
1727 3913 89 31 one
1849 3892 135 51 could
2018 3891 108 52 read
2147 3914 14 37 ;
2197 3892 80 51 but

1247 3960 32 49 it
1316 3979 93 31 was
1444 3960 206 52 different
1686 3961 113 51 from
1836 3962 76 51 the
1949 3961 188 51 modern
2171 3961 106 65 play

1246 4028 47 48 in
1327 4027 93 51 that
1455 4031 33 48 it
1542 4029 91 51 had
2108 4051 121 38 ease,
1850 4029 241 51 directness
2123 4029 92 51 and
2249 4050 28 30 a

1246 4098 166 48 certain
1445 4118 104 42 way
1585 4098 109 51 with
1728 4101 32 47 it
1794 4098 151 51 which
1981 4101 36 48 is
2057 4118 137 31 never
2230 4111 47 38 to

1248 4164 59 50 be
1340 4164 183 52 defined
1556 4169 121 47 since
1712 4187 59 29 no
1794 4187 89 29 one
1917 4187 106 30 ever
2044 4167 81 50 has
2159 4167 118 50 been

1247 4231 103 52 able
1385 4247 49 38 to
1468 4234 136 52 know
1642 4234 126 52 what
1801 4235 96 51 that
1933 4256 104 43 way
2070 4238 51 49 is.

1316 4303 49 50 In
1384 4301 127 61 brief,
1535 4306 32 47 it
1591 4306 34 47 is
1650 4304 76 51 the
1749 4324 104 45 way
1876 4304 48 51 of
1947 4304 77 51 the
2042 4318 95 37 true
2156 4304 100 52 thea-

1246 4383 66 38 tre
1336 4374 118 48 artist
1479 4374 92 50 and
1595 4372 76 51 the
1698 4385 94 39 true
1822 4372 170 51 theatre
2017 4372 265 51 craftsman.

1317 4527 47 45 (i)
1396 4526 72 38 He
1497 4525 122 47 does,
1651 4526 16 38 I
1697 4536 72 28 am
1796 4525 110 47 told,
1934 4525 103 47 give
2064 4536 25 28 a
2121 4525 158 48 couple

1248 4576 48 38 of
1317 4587 139 37 pages
1474 4582 45 34 to
1539 4577 91 38 him
1658 4577 46 38 in
1727 4577 70 39 his
1824 4577 132 39 latest
1984 4576 118 39 book
2131 4581 28 19 14
2182 4578 97 38 The

1249 4628 227 47 Youngest
1507 4630 167 37 Drama

1324 4681 59 37 So
1409 4681 25 36 I
1462 4686 115 33 must
1604 4680 132 40 make
1761 4678 117 52 good
1905 4678 134 42 about
2057 4678 90 40 this
2173 4678 107 40 with

1255 4732 73 38 Mr
1357 4730 168 41 Dukes.
2033 4732 245 42 Reviewer.

2408 192 252 64 Maugham
2696 193 151 52 makes
2873 214 71 32 me
2967 213 194 45 suppose
3186 193 92 52 that
3302 193 59 51 he

2337 264 35 48 is
2423 282 89 33 one
2546 261 50 52 of
2629 263 127 50 those
2790 263 94 50 rich
2918 261 173 52 fellows
3114 263 108 50 who
3245 261 118 51 have

2335 332 215 49 immense
2596 343 138 38 stores
2768 330 51 51 of
2853 331 150 61 genius
3038 331 44 50 in
3119 330 76 51 the
3229 329 132 50 cellar

2335 399 92 50 and
2464 399 108 49 who
2596 400 111 51 does
2742 411 77 38 not
2846 400 58 49 let
2941 400 100 49 that
3074 419 149 43 worry
3247 399 111 50 him.

2470 467 89 51 His
2610 468 125 63 plays
2786 487 75 31 are
2913 467 78 50 full
3043 467 51 50 of
3143 466 218 57 cultured,

2335 537 129 62 witty
2499 536 165 64 people
2754 537 148 51 writes
2936 536 79 50 Mr
3048 536 197 56 Sutton;
3284 536 79 49 but

2337 604 17 50 I
2391 603 120 52 can't
2558 604 92 51 find
2687 603 121 52 them
2860 607 46 48 in
2996 604 103 51 Our
3135 604 173 51 Betters

2334 692 51 30 or
2474 672 105 52 The
2613 672 149 52 Circle

2403 739 147 52 What
2586 740 17 51 I
2640 740 93 52 find
2768 760 77 31 are
2880 740 153 64 beings
3067 741 132 51 alive.

2403 807 118 54 And
2579 810 85 50 this
2723 811 35 49 is
2814 830 89 30 one
2955 809 50 52 of
3057 810 76 52 the
3186 829 178 32 reasons

2335 877 253 64 Maugham
2613 877 191 65 delights
2837 899 72 30 me
2944 900 66 31 so.
3082 879 18 52 I
3137 899 94 32 was
3252 899 84 32 con-

2333 948 145 50 scious
2512 948 50 49 of
2584 967 60 31 no
2679 947 225 51 fireworks
2922 967 13 37 ;
2973 947 124 52 there
3121 969 94 29 was
3238 969 125 30 some

2335 1028 131 39 smart
2502 1014 106 59 talk,
2646 1014 150 53 which
2831 1017 35 48 is
2900 1016 172 51 neither
3102 1016 148 51 clever
3284 1036 81 31 nor

2335 1086 129 61 witty
2498 1083 80 51 but
2612 1086 36 48 is
2681 1103 51 31 so
2766 1084 90 51 real
2890 1084 96 51 that
3020 1086 35 49 it
3087 1098 168 37 creates
3289 1084 76 51 the

2334 1153 260 63 impression
2629 1152 96 50 that
2776 1173 72 31 we
2883 1173 76 31 are
2992 1155 47 49 in
3090 1154 96 50 that
3238 1154 126 64 witty

2337 1220 198 52 London
2569 1242 75 29 we
2695 1221 119 51 have
2848 1221 141 51 heard
3041 1223 50 51 of
3132 1223 128 63 daily
3294 1223 70 49 for

2338 1289 75 52 the
2447 1288 80 52 last
2564 1289 152 52 fifteen
2749 1309 129 45 years
2909 1291 47 50 in
2989 1310 83 32 our
3116 1290 248 65 halfpenny

2335 1378 177 43 papers,
2549 1357 91 51 and
2677 1357 93 52 that
2810 1357 198 52 London
3041 1359 136 64 really
3210 1361 36 50 is
3280 1360 56 52 de-

2337 1426 127 52 vilish
2498 1439 132 38 smart
2664 1448 92 44 you
2790 1427 152 52 know.

2404 1493 19 52 I
2460 1495 92 50 had
2605 1515 135 32 never
2791 1495 169 52 known
3012 1496 76 52 the
3130 1496 150 51 whole
3314 1497 50 50 of

2337 1562 94 52 that
2481 1563 214 52 London.
2781 1563 95 51 I've
2927 1564 118 52 been
3097 1564 124 51 there
3271 1564 92 51 and

2333 1651 106 31 seen
2472 1633 34 49 it
2542 1634 46 48 in
2640 1644 120 52 parts
2793 1632 92 52 and
2923 1633 79 51 I'm
3045 1652 122 46 sorry
3219 1633 17 51 I
3270 1634 93 52 had

2334 1713 48 37 to
2417 1721 129 30 come
2580 1722 135 43 away
2749 1702 193 52 because
2977 1702 50 52 of
3060 1704 55 48 its
3147 1704 90 48 size
3270 1703 93 51 and

2334 1770 53 50 its
2420 1769 199 63 sobriety
2653 1769 91 51 and
2780 1771 54 50 its
2867 1770 199 65 naughty
3087 1770 111 51 little
3232 1770 132 52 Pearl

2335 1836 107 52 who
2476 1839 36 49 is
2549 1837 75 51 the
2659 1837 155 64 goods.

2403 1906 216 52 Horrible
2653 1907 325 65 peopleand
3014 1907 76 52 the
3135 1907 160 51 author
3330 1910 35 48 is

2334 1973 194 52 horrible
2583 1987 76 40 too
2663 1996 117 31 so
2814 1977 100 50 nice
2967 1976 163 65 people
3165 1976 76 52 tell
3275 1997 86 36 me,

2334 2043 135 51 when
2504 2063 106 32 ever
2663 2044 18 50 I
2716 2065 74 30 am
2826 2043 109 52 wild
2978 2046 178 62 enough
3207 2058 48 37 to
3288 2066 75 31 see

2334 2112 127 51 those
2495 2113 355 65 people;and
2881 2113 50 50 of
2953 2135 153 29 course
3129 2114 107 64 they
3260 2133 101 44 may

2335 2179 155 53 know.
2561 2182 18 50 I
2613 2182 91 50 end
2739 2203 28 28 a
2818 2180 107 66 play
2975 2183 50 49 of
3077 2182 287 63 Maugham's

2335 2249 209 63 knowing
2579 2250 184 62 nothing
2784 2272 12 35 ;
2801 2251 125 51 he
2960 2250 97 51 tells
3081 2272 72 30 me
3179 2250 184 64 nothing

2332 2317 58 51 he
2424 2317 177 53 doesn't
2655 2339 121 31 seem
2813 2331 48 39 to
2894 2339 103 31 care
3048 2320 138 50 about
3240 2319 123 52 what

2332 2387 124 50 there
2493 2387 39 51 is
2568 2400 47 38 to
2649 2387 169 52 know:
2857 2387 59 51 he
2949 2390 84 61 just
3055 2387 150 51 shows
3240 2408 72 29 me
3335 2408 26 29 a

2333 2456 221 52 thousand
2582 2456 204 63 glimpses
2809 2456 51 51 of
2880 2478 28 29 a
2932 2456 160 52 world.
3151 2456 38 53 Is
3212 2456 151 51 Bessie

2333 2525 120 60 good
2471 2530 23 44 ?
2546 2526 37 49 is
2629 2525 132 50 Pearl
2803 2525 87 50 vile
2908 2530 24 44 ?
3011 2525 37 50 If
3092 2525 142 50 Shaw
3269 2525 94 50 had

2332 2592 215 51 invented
2583 2593 121 51 them
2729 2613 72 31 we
2823 2592 163 52 should
3022 2593 136 51 know
3182 2593 178 62 straight

2332 2682 165 44 away:
2546 2662 130 50 that's
2711 2662 108 63 why
2853 2662 144 52 Shaw
3033 2682 48 30 as
3121 2683 28 28 a
3182 2663 151 51 drama-

2332 2732 72 49 tist
2439 2732 36 48 is
2508 2730 272 64 impossible.

2401 2798 77 50 To
2512 2819 72 31 me
2676 2800 103 50 Our
2813 2800 174 50 Betters
3083 2800 36 48 is
3153 2819 28 31 a
3222 2799 113 51 beau-

2334 2866 100 51 tiful
2470 2869 129 62 piece
2649 2867 50 50 of
2733 2866 160 57 work;
2945 2869 91 49 and
3090 2866 214 65 although
3342 2866 18 51 I

2334 2935 109 51 read
2499 2937 32 49 it
2583 2935 108 63 only
2742 2935 235 64 yesterday
3029 2935 18 51 I
3081 2935 117 51 have
3240 2937 123 62 quite

2334 3002 222 61 forgotten
2592 3003 123 51 what
2751 3007 33 47 it
2819 3024 94 30 was
2947 3003 59 51 all
3040 3003 156 52 about.

2403 3072 161 51 That's
2616 3072 122 52 what
2787 3072 18 51 I
2840 3072 85 51 call
2975 3072 233 51 excellent.
3295 3072 66 49 So

2335 3160 94 30 was
2483 3143 33 48 it
2568 3142 110 49 with
2733 3161 71 29 me
2838 3140 136 51 when
3025 3140 16 51 I
3074 3142 108 51 read

2335 3209 244 61 Bourgeois
2613 3209 338 51 Gentilhomme
3092 3209 19 50 I
3137 3209 143 62 forgot
3306 3208 58 51 all

2335 3278 17 49 I
2389 3278 91 49 had
2514 3278 155 58 heard,
2707 3279 80 49 but
2822 3280 169 50 certain
3026 3278 156 63 figures
3229 3279 131 51 stood

2333 3359 77 37 out
2433 3346 213 51 stillan
2669 3346 325 64 unforgettable
3024 3359 209 38 sentence
3256 3365 107 45 sang

2330 3415 224 51 onand
2578 3416 86 51 this
2687 3417 34 47 is
2744 3416 109 51 how
2878 3436 26 28 a
2928 3415 120 63 good
3072 3415 104 65 play
3200 3415 160 51 should

2330 3495 73 39 act
2438 3504 61 30 on
2532 3504 67 33 us.
2669 3483 79 51 No
2784 3483 232 51 headache
3050 3486 46 48 in
3130 3483 77 51 the
3242 3504 90 30 mor-

2330 3553 121 61 ning,
2486 3553 93 50 and
2610 3566 115 37 utter
2749 3552 305 63 forgetfulness
3077 3552 50 51 of
3161 3552 76 51 the
3260 3572 78 43 pre-

2330 3621 163 63 ceding
2526 3623 206 60 evening.

2400 3689 51 51 In
2541 3690 105 51 The
2682 3688 149 52 Circle
2920 3688 250 63 Maugham
3193 3688 170 52 knocks

2332 3756 177 52 Henrik
2568 3759 131 51 Ibsen
2756 3770 77 37 out
2892 3759 45 49 in
2998 3758 123 50 three
3177 3759 182 51 rounds.

2332 3826 80 50 He
2445 3825 148 52 didn't
2639 3847 129 30 mean
2820 3839 49 37 to
2904 3826 130 50 make
3087 3826 131 51 Ibsen
3254 3826 86 51 ridi-

2329 3894 154 50 culous
2502 3915 12 29 :
2552 3894 18 50 I
2596 3895 143 51 doubt
2763 3894 35 50 if
2819 3894 59 50 he
2900 3894 136 50 could
3069 3895 107 51 read
3214 3894 146 50 Ibsen,

2330 3963 56 50 all
2423 3963 58 51 he
2516 3976 150 37 meant
2701 3977 47 37 to
2782 3963 63 50 do
2869 3984 94 29 was
3000 3976 44 37 to
3068 3962 121 51 stroll
3224 3963 137 63 easily

2329 4032 143 50 round
2511 4032 76 50 the
2608 4033 97 60 ring
2729 4032 193 63 opening
2946 4029 163 53 bottles
3132 4031 49 49 of
3203 4031 124 51 cham-

2332 4120 144 43 pagne
2512 4099 67 50 for
2612 4120 52 30 us
2704 4099 89 57 all;
2829 4099 80 50 but
2945 4099 74 56 he,
3054 4099 193 66 (Ibsen),
3290 4101 46 48 in-

2330 4168 125 49 stead
2479 4168 51 51 of
2551 4169 159 62 raising
2728 4189 26 28 a
2773 4167 111 63 glass
2907 4181 80 50 put
3011 4187 63 43 up
3092 4188 27 29 a
3141 4168 215 63 problem,

2395 4236 104 51 The
2537 4236 132 65 Lady
2721 4236 115 53 from
2880 4236 79 50 the
2993 4236 94 51 Sea
3196 4238 89 51 and
3322 4239 34 48 it

2330 4325 129 30 came
2493 4308 167 61 against
2695 4305 77 51 the
2796 4304 140 52 bottle
2960 4305 90 50 and
3076 4304 119 52 burst
3219 4304 89 52 like
3331 4327 28 29 a

2332 4375 171 61 fungus.

2401 4442 79 50 Mr
2539 4442 180 56 Sutton,
2772 4442 47 48 in
2870 4442 175 61 writing
3096 4440 50 50 of
3252 4441 106 51 The

2332 4511 149 51 Circle
2591 4511 80 49 has
2705 4523 80 51 put
2822 4530 71 30 me
2930 4511 47 49 in
3015 4510 66 50 his
3111 4510 110 50 debt
3245 4510 69 50 for
3341 4510 17 49 I

2332 4578 91 51 had
2460 4591 46 38 to
2541 4578 93 51 find
2669 4600 27 28 a
2730 4598 120 44 copy
2888 4591 44 37 at
2968 4597 146 37 once;
3119 4578 157 51 and
3301 4578 57 50 all

2334 4648 17 49 I
2386 4667 85 30 can
2506 4647 66 52 do
2607 4662 46 35 to
2688 4667 136 43 repay
2857 4647 93 49 him
2986 4649 35 47 is
3054 4659 48 37 to
3137 4666 78 44 say
3250 4647 108 50 how

2335 4714 19 52 I
2387 4715 196 66 enjoyed
2620 4715 159 65 myself
2812 4714 180 65 reading
3026 4718 48 48 it.
