3562 5051
3305 97 63 71 37

176 201 92 87 A
372 196 541 92 LITTLE
1014 196 727 92 THEATRE

175 336 164 91 OF
418 333 264 92 THE
781 336 104 89 17
900 328 107 51 th
1091 333 647 92 CENTURY.

352 468 1203 94 PRATOLINO.

174 610 178 73 BY
456 610 285 93 JAN
845 607 305 74 VAN
1256 607 481 76 HOLT.

174 817 477 147 PRATOLINO
694 803 47 62 is
787 827 141 40 near
973 800 174 67 Prato
1192 800 118 68 and
1355 803 47 65 is
1449 820 60 48 to
1564 803 176 65 Prato

334 889 156 65 what
533 886 178 67 Little
744 886 248 87 Holling
1023 891 46 62 is
1101 905 58 48 to
1191 888 268 85 Holling.
1550 891 46 63 If
1625 916 116 56 you

170 973 132 66 tack
346 983 97 55 ino
484 999 66 38 or
1048 973 116 65 lino
759 999 65 38 or
871 983 122 54 rino
1036 1000 78 38 on
1155 988 60 51 to
1260 1001 35 37 a
1338 1000 172 38 name
1540 976 60 62 in
1632 976 82 63 Ita-

170 1060 116 64 lian
315 1084 114 57 you
461 1085 170 38 mean
661 1060 70 62 its
762 1086 35 37 a
828 1056 141 67 little
1002 1085 134 39 one.
1214 1058 199 75 Carlo,
1448 1058 246 68 Charles
1723 1089 13 37 :

169 1143 257 77 Carlino,
452 1142 142 66 little
617 1143 282 77 Charles;
924 1147 60 62 in
1008 1145 174 76 short,
1202 1145 260 66 Charlie.
1511 1146 226 76 Petrus,

169 1230 204 66 Peter:
396 1227 312 78 Petrolino,
727 1227 141 68 little
890 1228 175 68 Peter
1081 1232 158 63 —in
1256 1230 171 78 short,
1446 1230 291 68 Peterkin.

298 1315 22 66 I
363 1340 126 41 was
555 1340 180 40 never
800 1331 99 68 yet
964 1317 59 64 in
1091 1315 174 67 Prato
1332 1344 66 38 or
1442 1316 298 66 Pratolino

171 1399 280 89 although
495 1399 97 68 the
636 1418 122 51 two
823 1401 203 84 places
1095 1430 97 39 are
1239 1430 66 40 so
1351 1430 142 39 near
1538 1420 58 50 to
1643 1404 64 65 Fi-

171 1514 217 50 renze;
438 1488 118 66 and
599 1514 140 40 now
796 1480 122 72 that
964 1489 19 65 I
1030 1516 92 38 am
1166 1490 59 64 in
1271 1490 164 65 Paris
1482 1490 20 65 I
1548 1505 193 70 regret

170 1599 141 57 very
354 1573 175 66 much
573 1573 120 66 that
738 1573 21 66 I
805 1601 179 39 never
1027 1574 211 66 visited
1268 1575 98 66 the
1390 1574 144 67 little
1566 1576 172 64 Prato

166 1656 260 69 because
471 1662 43 62 it
559 1684 297 56 possesses
901 1687 35 37 a
981 1660 338 65 celebrated
1387 1660 157 75 villa,
1592 1659 148 67 built

161 1742 94 66 for
297 1743 98 66 the
440 1738 178 70 Duke
664 1743 375 65 Ferdinando
1083 1744 61 65 of
1186 1744 314 84 Tuscany;
1533 1748 59 62 in
1622 1747 118 64 fact

169 1828 99 65 the
312 1828 136 66 villa
493 1830 67 74 is,
597 1829 20 64 I
650 1828 254 76 believe,
937 1828 98 66 the
1067 1829 195 66 whole
1291 1830 193 83 place.
1548 1832 188 76 Villa,

157 1928 132 50 vast
331 1912 160 82 park,
555 1912 119 66 and
740 1914 274 84 gardens,
1087 1932 272 67 grottoes,
1429 1916 307 76 fountains,

165 1997 142 76 and,
354 1996 262 85 perched
663 2025 77 38 on
783 2015 103 66 top
931 1999 61 65 of
1034 1999 97 66 the
1177 2001 155 77 villa,
1374 2001 98 66 the
1503 2002 230 66 Duke's

164 2096 188 53 ieatro
393 2110 65 38 or
500 2077 189 72 rather
735 2096 241 55 teatrino
1150 2086 143 66 little
1342 2100 196 53 teatro.

292 2168 152 66 And
489 2196 62 38 as
595 2196 116 57 you
757 2197 101 39 see
901 2173 60 63 in
1006 2171 97 66 the
1150 2172 138 84 plan
1333 2172 399 85 (reproduced

166 2253 27 65 1
241 2252 234 67 believe
519 2253 88 66 for
649 2253 98 66 the
792 2256 115 65 first
950 2260 137 62 time
1131 2260 60 63 in
1248 2258 101 65 the
1415 2258 214 86 history
1672 2260 63 63 of

162 2340 117 63 this
348 2338 216 83 world)
632 2340 98 65 the
796 2341 224 66 theatre
1078 2346 48 62 is
1171 2361 100 49 not
1315 2371 35 37 a
1395 2344 155 83 large
1595 2373 133 38 one.

159 2424 147 64 The
352 2441 163 68 stage
559 2451 293 40 measures
886 2427 78 64 25
1001 2427 229 68 braccia
1261 2457 37 36 a
1331 2429 216 66 Panno
1571 2430 161 65 wide

161 2510 86 82 by
293 2510 67 66 21
423 2511 197 83 deep:
667 2511 97 65 the
810 2511 345 67 auditorium
1200 2515 80 67 25
1328 2514 144 66 ditto
1503 2543 229 55 square.

172 2595 68 65 A
280 2594 226 67 braccia
553 2623 37 37 a
635 2595 216 66 Panno
893 2601 47 61 is
985 2625 35 37 a
1064 2599 156 65 cloth
1272 2599 230 66 braccia
1524 2631 23 47 ;
1577 2601 103 65 but
1710 2601 22 65 I

160 2679 142 84 only
345 2707 112 38 can
500 2679 100 66 tell
631 2708 114 56 you
792 2681 158 66 what
980 2711 74 38 an
1083 2684 271 84 ordinary
1399 2685 333 66 Florentine

161 2766 239 64 braccia
443 2779 333 53 measures:
824 2770 42 62 it
909 2770 46 62 is
1004 2769 21 65 I
1070 2769 122 66 foot
1234 2770 42 65 9
1307 2770 19 31 3
1327 2769 47 85 //,
1403 2770 229 68 inches:
1666 2798 65 40 so

157 2849 127 66 that
327 2849 98 66 the
481 2849 272 67 Teatrino
797 2878 294 41 measures
1120 2882 14 38 :
1182 2872 161 68 stage
1389 2855 80 65 45
1526 2855 120 65 feet
1691 2858 37 62 3

159 2935 208 65 inches
411 2962 38 38 x
494 2937 122 64 38:
687 2935 349 69 auditorium
1101 2939 80 65 45
1238 2940 119 65 feet
1423 2942 39 63 3
1530 2940 201 66 inches

160 3048 213 55 square
400 3050 13 45 ;
465 3050 63 36 so
574 3023 43 63 it
659 3023 48 63 is
752 3023 207 66 almost
1002 3026 232 83 exactly
1262 3027 100 63 the
1394 3029 118 63 size
1544 3027 61 65 of
1634 3027 98 66 the

162 3106 304 83 Kilkenny
487 3106 262 67 Theatre
782 3108 225 83 (1802)
1027 3111 118 64 that
1164 3114 221 79 private
1411 3112 320 84 playhouse

161 3191 149 66 built
350 3191 88 66 for
481 3192 98 65 the
626 3192 270 84 Marquis
969 3197 59 63 of
1093 3197 309 66 Ormonde
1468 3197 80 84 by
1609 3198 82 65 Ar-

162 3277 224 66 chitect
429 3277 338 67 Robertson
799 3282 45 42 (1)
853 3333 14 14 .

294 3362 150 65 This
491 3362 323 84 playhouse
861 3393 124 38 was
1031 3365 204 67 added
1281 3394 64 38 as
1376 3395 35 37 a
1442 3395 200 39 crown
1671 3384 60 49 to

157 3446 107 66 the
308 3447 183 65 house
537 3450 61 62 in
654 3450 178 66 1698.
923 3452 272 65 Antonio
1242 3454 159 64 Ferri
1446 3481 66 39 or
1556 3455 175 66 Ferro

164 3559 129 38 was
338 3531 99 65 the
482 3532 299 76 architect,
828 3536 136 74 and,
1012 3564 62 37 as
1120 3536 176 66 Puliti
1362 3537 129 66 tells
1558 3567 85 48 us,
1690 3542 43 63 it

157 3643 130 40 was
334 3616 146 66 built
597 3645 170 56 sopra
813 3622 54 63 ai
927 3625 126 61 suoi
1121 3622 224 65 celebri
1411 3628 320 63 mezzanini

164 3704 55 64 ai
264 3720 157 48 terzo
467 3705 177 81 piano
688 3702 158 68 della
877 3705 136 66 villa
1192 3706 200 68 There
1423 3709 119 66 had
1576 3710 155 66 been

164 3788 431 83 performances
642 3805 58 50 at
743 3789 109 66 this
898 3791 137 65 villa
1078 3791 204 66 before
1337 3794 159 66 1698
1666 3822 64 39 as

162 3874 160 84 early
364 3902 62 38 as
484 3875 155 66 1683
815 3904 132 56 may
992 3878 77 66 be
1138 3906 151 39 even
1354 3880 219 68 earlier.
1669 3883 62 65 In

172 3960 159 65 1684
399 3960 236 84 Filippo
702 3963 365 75 Acciaiuoli,
1138 3963 120 66 that
1326 3965 217 68 demon
1587 3968 143 66 with

165 4062 253 66 puppets
449 4048 54 44 (2)
512 4099 14 23 ,
571 4075 123 39 was
720 4048 193 67 called
943 4049 80 83 by
1053 4049 96 65 the
1182 4050 178 66 Duke
1389 4068 60 48 to
1479 4053 251 83 perform

166 4147 60 47 at
272 4123 315 85 Pratolino,
633 4133 119 65 and
797 4133 75 65 he
904 4160 150 59 gave
1084 4134 98 65 the
1214 4136 179 66 Duke
1425 4165 34 37 a
1493 4151 238 53 teatrino

161 4216 62 64 of
268 4216 321 76 Burattini;
637 4222 42 60 it
721 4218 121 66 had
904 4221 378 83 twenty-four
1349 4223 255 85 changes
1669 4224 61 65 of

161 4327 208 40 scenes
415 4301 117 66 and
576 4329 35 38 a
655 4302 267 67 hundred
952 4306 118 64 and
1101 4308 375 83 twenty-four
1503 4311 225 85 figures.

162 4386 115 66 But
319 4390 43 62 it
428 4414 123 39 was
617 4405 100 47 not
781 4390 141 64 until
978 4391 176 77 1698,
1201 4392 98 66 the
1357 4420 140 56 year
1554 4395 177 66 when

269 4599 52 45 (1)
350 4599 83 38 We
461 4599 113 38 shall
612 4600 179 46 publish
838 4613 56 26 an
940 4608 189 33 account
1167 4604 51 38 of
1251 4604 90 38 this
1380 4606 172 39 theatre
1590 4608 47 37 in
1674 4620 54 26 an

152 4647 136 49 •early
315 4651 187 38 number
528 4653 52 36 of
773 4653 132 38 Mask
1006 4654 82 39 Ed.

268 4703 53 46 (2)
350 4703 84 38 We
461 4702 114 38 shall
616 4703 178 49 publish
838 4716 56 27 an
923 4706 158 38 article
1106 4717 56 27 on
1201 4707 91 40 this
1332 4708 178 40 curious
1554 4720 102 29 man
1687 4710 43 39 in

163 4749 92 41 this
282 4752 198 43 volume.
504 4754 84 40 Ed.

1798 192 297 69 Betterton
2169 219 124 44 was
2378 199 350 82 prosecuted
2801 201 87 67 for
2960 202 98 66 the
3132 232 104 39 use
3309 206 61 65 of

1796 280 260 67 obscene
2104 281 285 90 language
2456 285 117 66 and
2641 286 125 66 Mr.
2828 286 230 87 Evelyn
3182 290 186 67 dined

1796 366 143 66 with
1985 366 123 67 Mr.
2156 369 198 84 Pepys
2399 370 117 66 and
2563 370 183 67 heard
2790 371 98 66 the
2932 400 125 39 rare
3104 379 170 62 voice
3304 376 61 66 of

1798 451 119 68 Mr.
1968 454 148 66 Pule
2257 456 120 65 that
2420 456 160 68 Ferri
2626 456 146 68 built
2817 459 109 66 this
2959 460 339 83 playhouse.

1925 539 142 66 One
2113 539 60 66 of
2216 540 99 66 the
2382 541 198 86 family
2662 544 250 66 Bibiena
2978 573 123 40 was
3170 546 195 67 called

1794 651 140 39 over
1963 642 59 48 to
2053 628 162 81 paint
2244 627 98 67 the
2375 628 249 67 Scenes.
2699 629 200 67 There
2932 660 161 38 seem
3124 649 60 50 to
3215 634 152 66 have

1794 710 156 65 been
1995 738 76 38 no
2114 713 201 77 palchi
2343 741 63 38 or
2452 714 184 65 boxes
2681 715 105 65 but
2829 746 35 35 a
2908 718 210 82 simple
3148 719 219 84 gallery

1793 811 60 48 at
1893 794 99 67 the
2038 797 84 64 far
2165 798 140 66 end.
2381 798 136 67 The
2549 800 296 68 machines
2876 802 88 66 for
2993 828 207 42 scenes
3233 804 132 66 look

1793 897 58 50 to
1895 908 95 39 me
2034 908 140 58 very
2240 886 339 81 up-to-date
2752 915 80 56 up
2899 905 57 48 to
3015 889 120 65 that
3201 889 159 79 date,

1792 966 118 66 and
1956 966 121 66 will
2140 969 20 64 I
2206 968 156 84 hope
2428 973 236 64 interest
2729 988 119 50 two
2893 974 217 83 people
3157 974 22 65 I
3214 1002 149 58 very

1792 1052 158 66 often
1994 1052 161 67 think
2198 1054 80 77 of,
2326 1056 155 67 Miss
2527 1057 135 85 Lily
2706 1058 319 85 Campbell
3055 1061 118 66 and
3219 1062 107 65 Pro-

1791 1138 182 65 fessor
2030 1138 329 85 Allardyce
2414 1142 244 76 Nicoll;
2711 1143 139 85 they
2914 1145 122 67 will
3093 1147 270 84 instantly

1793 1226 309 84 recognize
2146 1225 99 67 the
2290 1226 172 88 angle
2507 1228 62 67 of
2611 1230 99 66 the
2753 1255 107 57 gar
2862 1242 176 70 garni.

1788 2524 240 146 AND
2072 2535 132 40 now
2253 2508 99 65 tell
2396 2537 96 38 me
2537 2509 42 66 if
2621 2509 111 67 this
2776 2509 164 67 other
2968 2510 142 66 little
3140 2511 139 84 plan
3309 2514 49 63 is

1973 2612 101 48 not
2116 2598 113 80 just
2273 2595 100 65 the
2419 2595 146 65 kind
2611 2595 62 66 of
2715 2595 137 84 plan
2900 2596 103 66 Mr
3034 2596 321 68 Masefield

1784 2679 211 66 should
2025 2680 150 65 have
2204 2680 243 66 worked
2476 2680 145 66 from
2763 2681 111 66 this
2906 2681 242 84 shapely
3176 2683 177 86 thing,

1784 2792 65 37 so
1881 2764 326 84 absolutely
2236 2766 175 65 made
2443 2766 87 65 for
2559 2768 112 64 fine
2701 2770 250 84 evening
2974 2759 240 86 clothes,
3242 2797 113 37 one

1785 2850 146 66 little
1977 2850 161 84 pearl
2183 2852 154 74 stud,
2386 2852 169 83 thirty
2598 2869 60 49 to
2704 2855 147 82 sixty
2898 2869 193 70 guests
3236 2853 117 66 and

1788 2935 183 65 noble
2017 2935 165 84 plays
2226 2938 60 63 in
2330 2935 112 66 fine
2489 2965 216 38 verses.

1915 3022 47 64 It
2005 3024 47 62 is
2099 3023 99 63 the
2241 3022 221 66 Teatro
2509 3022 63 67 di
2616 3023 406 67 Castelfranco
3067 3023 146 67 built
3271 3024 87 85 by

1785 3123 167 65 poets
2019 3106 118 66 and
2191 3106 163 66 other
2425 3108 244 66 letterQti
2711 3109 61 66 of
2818 3108 99 67 the
2969 3104 384 79 Acpademia

1785 3192 102 66 dei
1953 3192 295 85 Filoglatti
2291 3193 86 65 for
2419 3193 149 66 their
2632 3193 207 85 plays;
2888 3194 147 73 built
3080 3198 59 64 in
3194 3197 157 65 1758

1785 3277 82 84 by
1910 3277 279 67 architect
2235 3278 176 76 Preti,
2460 3282 147 81 sixty
2650 3307 168 56 years
2864 3281 142 66 later
3058 3281 138 66 than
3254 3283 97 68 the

1787 3362 296 66 Pratolino
2137 3362 290 67 Teatrino.

1916 3448 45 64 It
2003 3475 123 38 was
2171 3475 101 46 so.
2297 3447 290 87 designed
2653 3448 120 68 that
2839 3451 100 66 the
3006 3479 105 39 sun
3173 3452 177 66 could

1787 3531 139 85 light
1971 3536 43 62 it
2057 3534 81 82 by
2184 3534 136 82 day,
2368 3535 118 65 and
2532 3551 59 49 at
2632 3536 163 83 night
2837 3537 244 66 candles
3127 3540 115 63 and
3274 3539 77 66 oil

1785 3617 185 83 lamps
2015 3617 201 68 would
2265 3621 77 64 be
2387 3619 168 67 used.
2646 3621 204 66 Three
2894 3650 151 40 rows
3077 3625 61 65 of
3170 3625 181 65 boxes

1783 3720 58 48 at
1886 3699 170 81 back,
2117 3704 148 66 each
2330 3733 127 39 row
2522 3705 213 88 having
2801 3710 136 64 nine
2983 3709 203 79 boxes,
3233 3710 118 66 and

1783 3817 77 38 on
1906 3790 150 66 each
2100 3790 130 66 side
2276 3791 62 66 of
2380 3791 99 66 the
2523 3809 164 69 stage
2754 3810 119 49 two
2941 3795 183 66 boxes
3190 3824 160 38 more

1783 3875 201 66 which
2028 3875 135 66 look
2206 3894 100 48 out
2349 3904 76 38 on
2469 3894 59 48 to
2574 3878 97 66 the
2704 3894 162 60 stage
2897 3882 115 66 and
3044 3880 123 68 also
3198 3882 151 67 have

2201 3961 14 13 *
2300 3962 13 12 *
2794 3942 34 22 tj

1783 3988 75 38 an
1900 3965 255 82 opening
2201 3964 233 85 looking
2480 3964 152 65 back
2678 3981 57 48 at
2782 3965 104 65 Mr
2932 3967 322 67 Masefield
3284 3996 66 38 or

1782 4047 279 64 whoever
2103 4049 48 62 is
2196 4047 97 66 the
2339 4048 149 66 host.
2579 4048 109 65 All
2735 4077 140 57 very
2904 4052 295 86 charming
3229 4053 118 67 and

1782 4130 278 78 sociable,
2109 4133 118 66 and
2286 4161 94 38 we
2424 4161 111 38 can
2579 4133 139 67 well
2763 4136 233 66 believe
3041 4141 42 62 it
3134 4138 216 66 looked

1782 4243 111 59 gay
1923 4217 119 65 and
2072 4217 327 84 hospitable
2429 4236 57 48 at
2516 4218 161 84 night
2707 4221 176 66 when
2912 4222 254 82 packed.
3213 4226 137 63 The

1782 4302 264 86 building
2090 4303 113 65 still
2246 4306 176 63 exists
2453 4304 105 66 but
2602 4306 20 63 I
2669 4304 233 69 believe
2933 4308 97 65 the
3076 4308 141 85 light
3247 4310 102 66 has

1783 4415 151 60 gone
1980 4405 100 48 out
2121 4390 61 64 of
2224 4392 43 62 it
2409 4390 103 66 full
2556 4392 63 65 of
2660 4391 143 86 light
2831 4420 161 39 were
3022 4395 98 64 the
3160 4412 186 66 poets.

1910 4472 132 66 Full
2085 4473 61 65 of
2189 4473 144 84 light
2362 4503 99 38 are
2505 4476 98 66 the
2648 4495 251 63 poets....
2931 4478 122 68 will
3085 4480 135 84 they
3250 4499 100 47 not

1783 4562 171 83 again
2020 4558 144 87 light
2207 4588 80 56 up
2331 4589 173 56 many
2551 4590 34 37 a
2630 4562 143 68 little
2839 4567 223 80 private
3127 4566 222 66 theatre

1787 4697 81 14 ....
1901 4671 133 56 may
2076 4661 101 50 not
2220 4674 161 38 some
2427 4649 61 63 of
2531 4674 66 39 us
2639 4649 138 66 lend
2847 4677 103 39 our
3007 4651 99 66 aid
3171 4652 176 66 when

1782 4734 43 63 it
1869 4757 197 40 comes
2111 4748 58 49 to
2215 4731 268 88 building
2527 4732 99 68 the
2668 4750 138 51 next
2848 4762 132 40 one.
