3568 5049
199 142 67 50 40

266 229 142 50 What
446 250 27 29 a
507 228 278 51 remarkable
831 228 309 64 performance
1181 229 50 50 of

256 297 101 49 Our
393 298 172 48 Betters
673 297 136 49 could
863 295 58 50 be
957 298 129 60 given
1132 297 35 51 if
1202 318 26 30 a

198 365 205 50 first-rate
455 364 182 62 English
690 365 241 63 Company
982 364 135 50 could
1170 365 60 50 be

197 434 214 55 selected,
464 433 34 49 if
550 433 76 49 the
678 433 267 63 production
1000 433 136 50 could
1171 434 59 49 be

198 501 131 50 made
366 514 46 35 to
447 520 120 31 seem
604 520 123 31 more
752 502 97 50 real
872 500 107 51 than
1013 502 34 47 is
1071 501 156 57 usual;

198 569 134 50 that's
366 569 76 50 the
477 569 102 49 stuff
615 581 47 37 to
698 570 110 49 send
844 589 108 30 over
988 582 45 36 to
1070 569 125 50 Paris
1216 590 11 31 :

198 640 202 49 whereas
424 638 103 63 they
551 650 162 39 sent....

267 707 152 49 There
454 726 84 29 can
585 706 59 49 be
695 726 60 30 no
790 706 144 49 doubt
986 706 95 49 that
1117 706 113 50 Miss

200 777 252 48 Constance
489 773 168 50 Collier
678 774 92 49 and
795 773 116 51 Miss
945 773 283 51 Bannerman

200 844 167 64 played
403 844 76 48 the
505 856 93 36 two
623 842 216 63 principal
864 854 117 51 parts
1005 843 47 48 in
1127 843 101 49 Our

200 914 175 49 Betters
465 911 145 50 better
644 911 108 50 than
775 930 89 44 any
887 910 134 64 living
1046 910 181 64 English

198 995 210 37 actresses
441 980 136 51 could
612 979 117 51 have
770 979 122 49 done
913 999 11 37 ;
979 981 91 50 and
1114 979 116 51 Miss

201 1050 184 51 Marion
444 1046 180 65 Terry's
681 1047 307 64 performance
1046 1047 50 50 of
1153 1047 75 51 the

198 1120 204 49 Princess
437 1129 114 39 must
587 1116 117 49 have
738 1117 239 48 contained
1014 1116 216 51 beautiful

201 1186 145 52 work.

267 1253 157 51 Yorke
459 1252 239 65 Stephens,
732 1252 138 51 Alice
905 1252 198 63 Mosley,
1138 1252 60 51 Al-

201 1324 98 51 fred
348 1324 224 61 Drayton,
626 1323 154 48 Stuart
823 1322 135 62 Sage,
1006 1322 224 62 Reginald

202 1393 172 56 Owen,
400 1390 118 62 John
554 1390 169 56 Stuart,
748 1389 60 52 E.
833 1389 55 52 B.
926 1389 191 51 Walker
1138 1390 92 50 and

202 1461 164 63 Henry
402 1458 122 50 Ford
559 1478 74 30 are
668 1478 125 29 some
827 1458 50 49 of
912 1458 75 49 the
1026 1458 105 63 pick
1183 1458 48 50 of

201 1527 198 52 London
423 1541 163 37 actors.
661 1526 90 50 But
788 1526 75 50 the
898 1526 106 64 play
1026 1526 205 50 deserves

200 1619 26 29 a
263 1598 184 50 firstrate
483 1595 183 63 English
701 1596 242 62 Company
978 1595 149 50 which
1153 1596 78 48 has

201 1668 118 49 been
342 1665 201 60 working
568 1665 199 62 together
800 1663 70 50 for
896 1662 167 51 several
1087 1684 144 43 years.

201 1736 250 62 Repertory
502 1734 243 61 Company
761 1737 22 43 ?
863 1732 110 51 No:
1025 1731 70 52 for
1137 1732 94 51 that

202 1823 151 29 means
379 1803 75 49 the
477 1800 207 63 creaking
719 1800 50 50 of
790 1800 134 50 boots
958 1802 128 59 again
1108 1821 11 29 :
1155 1800 76 50 the

204 1873 73 48 flat
313 1870 92 51 and
458 1869 177 65 popless
670 1870 141 50 bottle
865 1868 50 51 of
949 1869 107 50 Asti
1110 1869 91 64 Spu-

204 1953 165 38 mante.

271 2010 89 50 But
412 2028 61 30 no
507 2006 130 51 effort
686 2009 37 48 is
757 2007 136 50 made
945 2025 50 32 or
1047 2006 91 51 will
1170 2006 61 50 be

202 2079 149 55 made,
395 2077 90 51 and
539 2096 61 28 no
651 2075 185 62 English
894 2075 240 63 Company
1185 2075 50 49 of

202 2147 207 50 first-rate
460 2143 156 64 ability
670 2143 90 51 will
813 2143 59 50 be
912 2143 238 64 permitted
1186 2156 47 37 to

204 2217 124 55 exist,
365 2217 119 46 since
521 2213 124 50 there
680 2233 141 30 seems
858 2225 45 36 to
939 2212 58 49 be
1030 2233 28 28 a
1081 2213 125 62 preju-

205 2284 101 50 dice
339 2286 47 47 in
422 2282 77 49 the
535 2282 244 62 profession
814 2282 168 61 against
1009 2280 73 50 the
1106 2280 125 50 three

202 2371 51 30 or
289 2350 97 51 four
421 2350 87 50 first
543 2362 94 37 rate
668 2349 167 64 foreign
859 2350 254 63 companies
1137 2349 94 50 that

201 2420 180 64 already
417 2420 62 48 do
513 2420 126 50 exist.

273 2489 97 49 Did
404 2508 90 43 you
531 2508 107 29 ever
672 2486 108 50 hear
814 2505 82 29 our
917 2499 142 37 actors
1090 2507 142 29 swear

209 2557 92 50 that
319 2556 340 62 Stanislavsky's
671 2556 241 61 Company
925 2554 91 50 and
1029 2554 203 50 Musco's

202 2627 240 62 Company
474 2645 118 29 were
616 2637 94 38 two
736 2623 85 50 first
845 2637 93 36 rate
959 2625 271 62 companies,

204 2695 91 49 and
352 2695 107 62 why
516 2693 107 62 they
676 2711 74 30 are
807 2712 49 29 so
880 2697 22 44 ?
978 2691 92 57 No,
1124 2692 108 62 they

205 2761 127 50 don't
357 2782 73 31 see
454 2763 63 47 it:
543 2763 31 47 it
598 2763 36 47 is
658 2781 56 28 an
738 2759 283 50 unfortunate
1047 2758 161 51 halluci-

205 2832 152 48 nation
376 2851 13 35 ;
430 2829 80 50 but
545 2829 191 50 Garrick
772 2829 148 48 Street
954 2827 90 50 and
1071 2827 161 50 Maida

204 2899 121 50 Vale
350 2918 73 31 are
459 2898 173 62 blindly
666 2898 155 63 happy
855 2898 90 48 and
971 2896 122 50 there
1115 2898 36 47 is
1174 2915 57 30 an

204 2968 77 50 old
317 2968 88 49 law
458 2969 45 47 in
557 2966 77 50 the
686 2968 166 48 human
905 2965 127 50 heart
1082 2965 149 50 which

204 3056 102 30 runs
409 3034 106 63 Pity
551 3035 75 49 the
661 3054 113 43 poor
808 3032 127 51 blind

275 3106 144 48 Come
456 3103 122 51 aside
611 3124 51 29 so
698 3103 94 50 that
839 3102 121 50 what
997 3121 73 32 we
1114 3100 118 50 have

206 3186 47 37 to
289 3194 77 42 say
390 3192 103 44 may
527 3185 78 37 not
630 3171 134 51 reach
797 3171 113 49 their
944 3189 124 30 ears:
1075 3187 156 43 you

205 3262 80 42 say
336 3242 106 62 they
494 3261 75 29 are
621 3241 107 49 deaf
764 3253 76 37 too
860 3246 22 44 ?
949 3238 124 51 Well
1109 3238 121 53 then,

205 3309 137 51 that's
376 3309 57 50 all
458 3309 111 62 right
605 3308 91 51 and
720 3330 61 29 no
816 3328 87 29 one
922 3305 92 51 will
1048 3305 60 51 be
1131 3307 100 49 hurt

205 3379 62 64 by
301 3378 122 51 what
461 3398 71 31 we
567 3398 94 43 say.

273 3446 108 56 Yes,
419 3446 18 51 I
473 3467 129 42 agree
638 3445 108 51 with
781 3464 92 43 you
894 3464 13 31 :
948 3443 165 64 you've
1148 3441 55 51 de-

207 3515 195 63 veloped
454 3515 76 49 the
588 3515 111 49 craft
745 3514 49 49 of
844 3514 280 63 playwriting
1181 3531 50 30 so

205 3584 96 50 that
350 3604 90 43 you
475 3604 85 29 can
596 3585 127 49 write
757 3604 27 28 a
819 3582 120 62 good
990 3600 50 30 or
1076 3603 27 27 a
1138 3580 92 50 bad

207 3652 106 64 play
367 3665 45 37 to
447 3652 200 51 order....
700 3651 92 51 and
827 3671 50 29 as
927 3650 124 49 these
1106 3648 125 50 blind

206 3721 90 52 and
332 3719 108 51 deaf
473 3719 202 64 donkeys
705 3719 62 50 do
803 3732 79 37 not
905 3732 120 36 want
1061 3741 24 25 a
1112 3717 119 62 good

206 3788 107 65 play
347 3789 90 50 and
489 3788 116 51 have
652 3810 58 29 no
762 3808 191 42 courage
1006 3799 47 37 to
1104 3785 128 51 leave

207 3878 90 43 you
332 3871 47 38 to
414 3859 127 48 write
574 3878 54 28 as
662 3877 93 41 you
790 3858 108 48 wish
946 3877 92 42 you
1073 3854 159 64 supply

206 3928 121 49 them
362 3926 125 51 often
518 3948 47 29 as
590 3939 77 37 not
704 3925 110 51 with
836 3925 164 64 superb
1034 3923 197 50 rubbish.

209 3995 346 65 Extraordinary
569 3995 150 62 stupid
745 3995 168 51 theatre
936 3992 296 51 folksmart

206 4064 98 50 lads
338 4084 89 43 you
464 4065 265 49 dramatists.

281 4132 249 64 Maugham
563 4154 141 29 seems
756 4145 48 37 to
840 4151 71 31 me
964 4144 47 36 to
1062 4130 60 49 be
1157 4128 76 50 the

209 4213 214 40 smartest.
483 4201 95 51 Not
602 4201 107 62 only
743 4220 84 32 can
850 4199 58 50 he
943 4198 161 65 supply
1127 4197 79 49 rub-

210 4269 99 50 bish
344 4283 45 36 at
424 4272 126 47 times
572 4291 11 35 ;
618 4269 57 50 he
699 4291 84 28 can
807 4281 44 37 at
886 4269 77 50 the
983 4288 121 31 same
1129 4268 106 48 time

209 4338 169 62 delight
412 4337 175 52 himself
630 4338 90 49 and
756 4338 75 49 the
877 4335 113 52 solid
1025 4335 210 65 playgoer

211 4406 48 50 of
292 4427 140 30 sense.

278 4476 17 50 I
346 4495 194 42 suppose
591 4495 225 45 everyone
856 4476 80 51 but
988 4475 77 51 the
1100 4474 137 49 moles

211 4545 45 48 in
292 4544 190 50 Garrick
516 4545 147 49 Street
698 4565 83 29 can
817 4565 74 29 see
926 4545 99 49 this.
1098 4542 104 51 Mau-

211 4612 133 61 gham
379 4634 94 28 was
525 4631 103 32 new
681 4625 47 37 to
765 4633 71 29 me
869 4634 51 29 so
972 4612 18 51 I
1043 4631 95 32 was
1189 4630 48 29 as

212 4680 125 52 blind
374 4701 47 31 as
454 4680 77 52 the
564 4681 130 51 other
725 4681 155 52 moles.

596 4770 191 48 Jacques
818 4769 122 39 Galli
963 4769 49 38 di
1035 4769 201 41 Bibiena.

1281 232 290 51 BRITISH
1616 232 270 51 DRAMA
1938 233 63 60 by
2048 233 134 59 Prof.
2220 233 60 50 Al-

1282 301 188 62 lardyce
1507 301 175 52 Nicoll.
1720 302 193 60 Harrap
1940 302 50 49 &
2017 302 81 51 Co.

1282 378 87 39 net.

1282 436 236 51 STAGE
1819 436 345 53 LIGHTING

1289 506 130 50 TLE
1546 508 143 48 THE
1694 510 40 46 A
1749 508 186 50 TRES.
2011 508 56 49 C.
2121 508 192 49 Harold

1281 575 172 62 Ridge.
1726 577 108 60 Heffer&
1835 576 110 50 Sons.
2016 576 291 64 Cambridge.

1281 643 85 65 5/-
1402 654 91 43 net.

1279 782 291 112 THERE
1604 789 35 47 is
1674 787 168 63 always
1895 807 87 29 one
2018 786 75 63 big
2143 786 168 62 danger

1381 854 150 50 which
1570 855 118 51 faces
1723 876 177 43 anyone
1953 855 107 51 who
2094 867 86 39 sets
2231 869 79 36 out

1280 934 47 37 to
1364 923 127 49 write
1544 924 138 50 about
1737 925 76 49 the
1867 924 171 50 Drama
2089 923 91 52 and
2234 925 75 49 the

1280 990 35 49 1
1329 990 169 52 heatre.
1550 993 155 49 Either
1730 994 57 48 he
1811 994 35 48 is
1872 993 234 64 positively
2129 993 180 63 obliged

1280 1071 47 37 to
1363 1059 58 49 be
1457 1063 287 60 entertaining
1779 1075 47 36 to
1879 1063 170 48 theatre
2084 1083 139 42 goers,
2260 1082 50 29 or

1280 1127 60 50 he
1375 1127 79 50 has
1491 1142 46 36 to
1573 1130 59 49 be
1667 1130 163 61 willing
1865 1143 47 37 to
1948 1130 110 50 bore
2093 1131 56 49 all
2185 1131 124 49 these

1280 1195 165 62 people
1479 1210 48 37 to
1562 1198 136 51 death
1734 1198 90 50 and
1861 1201 125 48 write
2021 1221 27 28 a
2091 1198 219 51 technical

1282 1264 137 56 book,
1457 1268 250 61 interesting
1740 1266 139 63 solely
1904 1280 46 37 to
1974 1268 76 49 the
2074 1268 236 49 craftsman

1281 1333 49 49 of
1366 1333 251 51 Dramatics
1653 1341 90 43 and
1779 1335 293 51 Theatricals.

1350 1402 117 49 And
1503 1425 49 28 so
1594 1405 30 48 it
1679 1405 33 48 is
1748 1406 234 60 surprising
2035 1405 108 49 how
2196 1404 86 49 Pro-

1284 1470 135 50 fessor
1454 1471 152 50 Nicoll
1657 1472 79 50 has
1773 1473 141 49 found
1964 1474 32 47 it
2039 1473 192 63 possible
2265 1473 46 48 in

1281 1539 68 49 his
1383 1560 103 29 new
1522 1539 123 51 book
1679 1554 48 36 to
1762 1541 110 49 bore
1907 1561 117 30 none
2060 1541 90 50 and
2187 1543 125 48 write

1284 1609 250 61 something
1571 1609 68 49 for
1674 1609 264 63 everybody
1973 1609 106 50 who
2115 1612 34 47 is
2185 1622 45 36 at
2254 1609 58 49 all

1282 1677 218 50 studious.
1526 1678 80 49 He
1624 1679 34 47 is
1682 1691 113 36 most
1815 1677 153 51 tactful
1989 1678 88 50 and
2099 1679 209 61 pleasing,

1283 1745 88 50 and
1410 1766 206 41 manages
1651 1759 49 36 to
1734 1746 91 49 link
1860 1767 61 42 up
1957 1746 76 51 the
2069 1746 76 50 old
2200 1746 111 63 days

1283 1814 109 49 with
1428 1815 139 62 today
1603 1815 90 49 and
1717 1828 47 36 to
1788 1815 249 50 harmonise
2061 1816 56 49 all
2152 1815 157 62 things.

1353 1883 79 49 He
1468 1883 79 50 has
1569 1885 178 48 written
1771 1905 26 28 a
1832 1883 123 51 book
1980 1897 46 37 to
2060 1884 151 50 which
2237 1904 71 29 we

1283 1951 111 50 shall
1429 1952 57 49 all
1540 1953 114 49 refer
1707 1954 102 47 time
1844 1952 89 50 and
1987 1955 128 59 again
2156 1953 44 48 in
2236 1952 74 50 the

1284 2040 155 30 course
1492 2021 49 49 of
1576 2021 75 51 the
1686 2033 102 37 next
1827 2033 71 37 ten
1939 2041 140 43 years,
2134 2021 177 61 making

1285 2091 32 47 it
1354 2088 170 50 neither
1571 2103 78 35 too
1684 2089 104 62 long
1833 2110 81 28 nor
1948 2103 77 36 too
2060 2090 137 50 short.
2274 2089 36 49 It

1287 2178 101 29 runs
1428 2159 94 48 into
1578 2159 99 48 498
1726 2178 148 42 pages,
1903 2160 31 46 it
1990 2171 113 36 costs
2159 2157 83 64 12/

1286 2227 90 48 and
1415 2226 74 49 the
1525 2226 247 63 publishers
1806 2247 74 28 are
1934 2239 45 36 to
2016 2227 59 48 be
2125 2246 157 41 congra-

1286 2294 169 49 tulated
1491 2316 59 29 on
1587 2316 26 27 a
1648 2295 145 62 cheap
1839 2295 123 49 book
1998 2293 151 50 which
2196 2296 36 47 is
2267 2306 43 37 at

1286 2364 75 49 the
1395 2383 120 29 same
1554 2366 102 46 time
1694 2383 27 29 a
1757 2362 102 51 well
1897 2364 132 49 made
2063 2362 137 49 book.

1352 2431 106 50 The
1493 2431 281 51 illustrations
1801 2453 75 28 are
1912 2431 237 51 excellent:
2187 2431 124 49 there

1285 2519 74 31 are
1394 2502 167 48 sixteen
1596 2501 49 49 of
1681 2500 136 57 them,
1868 2501 89 51 and
1995 2521 57 29 an
2088 2498 224 64 engraved

1287 2569 298 63 frontispiece.

1355 2637 39 49 If
1427 2658 87 29 one
1538 2650 111 36 must
1675 2637 58 49 be
1768 2651 43 35 at
1837 2636 56 50 all
1918 2637 164 49 critical
2117 2637 16 48 I
2159 2635 151 50 would

1284 2726 79 43 say
1399 2706 94 49 that
1510 2707 76 48 the
1610 2705 167 63 subject
1801 2708 35 47 is
1860 2727 26 28 a
1908 2705 108 50 little
2035 2717 77 37 too
2130 2718 94 36 vast
2246 2705 66 48 for

1285 2796 27 27 a
1347 2775 133 61 single
1516 2775 178 49 volume
1714 2795 11 35 ;
1763 2775 80 48 but
1868 2774 105 49 then
1999 2773 67 50 I'd
2092 2787 77 35 not
2194 2773 117 49 have

1285 2842 187 51 relished
1512 2843 98 49 four
1634 2842 213 50 volumes.
1919 2842 144 50 What
2094 2842 15 47 I
2135 2842 175 48 believe

1284 2913 36 47 is
1355 2912 94 48 best
1474 2911 69 49 for
1579 2911 76 49 the
1681 2911 132 62 study
1848 2910 48 49 of
1917 2911 77 48 the
2029 2910 169 49 Drama
2222 2908 88 50 and

1284 2980 199 49 Theatre
1517 2982 35 47 is
1587 2979 94 49 that
1717 2979 192 50 scholars
1959 2978 160 49 should
2152 2978 62 48 do
2263 2998 47 29 as

1286 3049 114 48 Miss
1409 3047 240 63 Campbell
1670 3046 253 52 didtake
1942 3067 27 28 a
1986 3046 136 62 single
2141 3046 167 49 branch

1284 3116 50 50 of
1370 3117 76 48 the
1480 3117 116 61 huge
1631 3116 170 60 subject
1837 3116 91 48 and
1962 3117 126 47 write
2122 3135 27 28 a
2185 3112 124 51 book

1285 3206 50 29 or
1370 3184 183 50 booklet
1588 3205 60 29 on
1683 3185 95 49 that
1849 3183 168 49 branch
2053 3183 144 50 alone.

1352 3253 105 49 The
1493 3253 171 61 subject
1757 3252 161 51 British
1954 3251 169 49 Drama
2224 3270 85 30 can

1284 3323 58 48 be
1378 3321 187 50 divided
1619 3321 91 50 and
1762 3321 272 50 subdivided
2088 3319 109 49 until
2237 3339 72 29 we

1284 3411 113 30 even
1433 3411 129 29 come
1586 3389 139 51 down
1760 3402 46 37 to
1841 3390 75 49 the
1940 3389 82 49 last
2044 3387 266 50 itemand

1285 3472 75 37 not
1399 3460 73 49 the
1508 3459 106 49 least
1648 3461 240 60 important
1922 3457 331 59 eitherwigs.

1353 3528 214 63 Roughly
1602 3527 178 63 dotting
1815 3526 138 50 down
1987 3547 123 29 some
2152 3525 49 48 of
2235 3524 76 49 the

1285 3597 211 49 divisions
1553 3617 73 29 we
1677 3609 71 49 get
1802 3596 187 61 Subject
2049 3594 32 56 I,
2142 3593 168 64 Plays:

1288 3665 192 49 Miracle
1515 3665 155 63 plays;
1710 3664 296 49 Elizabethan
2041 3664 157 62 plays;
2234 3662 76 49 the

1286 3734 247 61 Masques;
1586 3734 282 49 Restoration
1924 3732 146 63 Plays,
2125 3730 90 50 and
2262 3751 49 27 so

1284 3824 75 34 on,
1397 3803 139 50 down
1573 3815 47 36 to
1656 3801 185 50 modern
1877 3813 184 37 one-act
2096 3799 140 63 plays.

1352 3870 154 50 There
1529 3871 35 48 is
1588 3870 178 61 enough
1789 3871 45 47 in
1858 3869 84 49 this
1967 3890 87 28 one
2078 3868 230 60 Heading,

1287 3940 151 59 Plays
1442 3979 12 17 ,
1494 3952 47 36 to
1566 3958 176 43 occupy
1775 3958 124 29 some
1924 3937 149 49 fifteen
2107 3957 51 28 or
2182 3936 130 61 thirty

1285 4006 193 51 scholars
1513 4006 112 50 born
1649 4020 47 36 to
1733 4006 249 50 contribute
2016 4007 84 60 just
2124 4004 77 49 the
2225 4024 86 27 one

1288 4077 120 60 thing
1442 4076 107 62 they
1583 4075 131 50 alone
1748 4074 134 63 really
1918 4073 137 50 know
2089 4073 139 49 about
2253 4074 60 53 it;

1286 4145 80 49 but
1402 4144 105 63 they
1543 4157 113 36 must
1708 4143 136 62 really
1896 4142 138 50 know
2088 4140 89 50 and
2230 4152 79 37 not

1287 4213 164 61 merely
1485 4224 151 52 repeat
1672 4212 123 50 what
1848 4231 71 29 we
1971 4210 117 50 have
2134 4208 180 63 already

1287 4281 138 51 heard
1461 4302 48 28 so
1546 4281 140 49 often.

1357 4351 186 58 Subject
1879 4352 54 48 2.
1701 4349 175 61 Opera.

1357 4418 188 60 Subject
1578 4419 53 48 3.
1702 4417 169 49 Actors
1905 4413 92 51 and
2032 4413 190 61 Acting.

1355 4488 141 49 Some
1548 4485 135 64 thirty
1735 4484 145 49 books
1931 4483 89 49 and
2075 4481 240 51 brochures

1289 4577 75 29 are
1400 4556 82 50 still
1517 4554 193 56 needed,
1735 4553 112 50 each
1884 4573 86 29 one
1993 4550 176 62 dealing
2204 4550 109 51 with

1289 4646 28 28 a
1350 4625 136 61 single
1522 4638 123 36 actor
1679 4643 51 30 or
1766 4644 26 28 a
1824 4621 136 62 single
1995 4640 241 43 company.

1359 4693 188 60 Subject
1604 4693 59 51 4.
1730 4691 212 51 Theatre.
2002 4687 312 53 Sub-divided

1291 4763 95 50 into
1418 4782 124 32 some
1578 4762 133 65 thirty
1738 4780 50 33 or
1825 4760 117 66 forty
1976 4770 138 54 parts.

2434 234 68 50 A.
2564 234 355 51 Architecture:
2978 235 275 52 subdivided
3302 240 92 52 into

2361 322 126 29 some
2523 301 152 50 fifteen
2727 315 133 50 parts,
2915 303 114 51 each
3066 318 100 50 part
3220 306 171 67 dealing

2365 370 140 50 either
2540 369 108 52 with
2672 392 125 30 some
2832 373 164 61 special
3023 373 155 61 period
3213 395 50 29 or
3285 378 105 52 with

2363 459 123 30 some
2521 440 165 64 special
2727 440 170 51 theatre
2938 442 214 63 building,
3191 463 50 31 or
3286 447 103 50 with

2366 508 74 49 the
2476 508 194 52 theatres
2719 508 52 50 of
2821 529 124 32 some
2996 511 165 61 special
3218 513 91 62 city
3347 528 44 37 at

2363 576 135 51 home
2533 600 52 29 or
2618 579 189 50 abroad.

2432 646 56 51 B.
2742 647 324 64 Stenography.
3067 649 65 50 Some
3202 663 75 39 ten
3342 673 48 29 or

2366 716 168 52 twelve
2583 717 144 51 books
2775 737 52 30 or
2881 717 204 50 booklets
3140 718 133 51 could
3332 718 57 52 be

2371 786 136 63 easily
2550 786 249 64 produced.
2868 786 117 50 Miss
3029 786 239 63 Campbell
3312 809 50 29 co-

2376 875 97 30 vers
2505 877 86 29 one
2624 876 155 30 corner
2801 854 49 52 of
2872 854 76 52 the
2971 854 170 65 subject
3163 856 224 66 perfectly.

2435 924 58 50 C.
2535 925 225 49 Costume.

2437 990 64 54 D.
2540 994 143 61 Stage
2717 1002 335 54 management.

2439 1061 56 51 E.
2530 1061 234 64 Lighting.

2435 1130 56 51 F.
2531 1132 63 50 G.
2629 1136 47 45 6c
2712 1131 82 56 H.,
2834 1132 283 51 ....continue
3142 1130 75 52 the
3250 1130 69 51 list
3343 1151 46 30 as

2366 1217 90 44 you
2492 1197 100 59 like,
2629 1198 69 50 for
2733 1198 18 50 I
2789 1198 115 51 have
2938 1220 61 29 no
3032 1201 105 48 time
3172 1220 52 29 or
3257 1219 132 44 space

2368 1270 104 47 here
2506 1280 48 37 to
2589 1289 58 40 go
2680 1287 60 30 on
2775 1267 111 51 with
2921 1270 49 49 it.

2435 1334 117 50 Add
2610 1348 48 36 to
2712 1336 122 50 these
2887 1336 98 49 four
3037 1336 211 50 divisions
3300 1337 87 51 and

2366 1402 270 50 numberless
2686 1403 295 51 subdivisions
3032 1404 75 48 the
3151 1407 238 61 important

2365 1470 193 64 subjects
2594 1471 183 59 Dance,
2820 1471 185 60 Masks,
3037 1473 347 58 Marionnettes,

2370 1541 64 64 (at
2468 1540 77 50 the
2581 1560 108 42 very
2738 1540 108 51 least
2882 1562 123 29 some
3057 1540 151 50 fifteen
3249 1540 138 51 books

2365 1629 84 29 can
2484 1609 59 49 be
2566 1609 219 63 prepared
2821 1630 60 29 on
2906 1610 122 48 these
3052 1610 212 62 subjects)
3299 1610 86 49 and

2365 1698 71 30 we
2473 1690 71 48 get
2595 1698 28 29 a
2657 1680 155 47 notion
2864 1676 51 52 of
2951 1677 74 50 the
3079 1680 87 47 size
3217 1679 51 49 of
3311 1679 74 49 the

2363 1746 149 49 whole
2547 1746 292 63 undertaking
2873 1746 151 49 which
3060 1766 59 29 no
3165 1766 88 29 one
3287 1766 99 31 man

2363 1833 50 31 or
2436 1833 61 31 no
2521 1835 87 30 one
2630 1835 140 44 group
2794 1814 135 51 could
2954 1813 197 65 possibly
3180 1813 205 52 shoulder

2364 1884 146 50 alone.

2431 1953 88 49 But
2578 1952 193 63 perhaps
2839 1953 122 49 there
3028 1952 185 62 already
3279 1953 106 49 exist

2363 2020 176 62 enough
2575 2020 143 51 books
2754 2042 59 29 on
2849 2020 170 51 Drama
3055 2021 90 51 and
3172 2021 212 50 Theatre.

2364 2089 16 49 I
2417 2109 84 29 can
2535 2101 136 37 count
2704 2110 111 30 over
2848 2101 94 39 two
2977 2089 220 49 thousand
3231 2091 46 47 in
3312 2109 74 42 my

2364 2176 105 30 own
2524 2156 123 50 small
2699 2157 248 55 collection,
3000 2157 91 49 and
3150 2156 107 64 only
3307 2155 79 51 last

2363 2225 129 49 week
2528 2246 25 28 a
2587 2226 243 61 periodical
2865 2226 94 49 told
2984 2246 71 29 me
3089 2225 95 50 that
3210 2227 45 47 in
3292 2225 94 63 fifty

2365 2315 126 42 years
2526 2293 75 52 M.
2630 2293 182 51 Rondel
2836 2294 79 49 has
2951 2293 209 64 gathered
3187 2293 198 62 together

2363 2382 123 29 some
2520 2362 126 49 three
2681 2362 206 51 hundred
2921 2362 221 49 thousand
3177 2363 138 48 items.

2434 2429 87 50 But
2557 2429 68 50 for
2660 2429 57 51 all
2751 2430 85 50 this
2872 2449 71 31 we
2977 2429 84 50 still
3094 2429 117 50 have
3257 2449 26 30 a
3319 2429 65 48 lot

2365 2498 48 50 of
2449 2498 126 52 work
2608 2510 48 38 to
2708 2498 61 52 do
2779 2499 132 49 for
2962 2498 105 64 only
3100 2499 138 51 about
3291 2496 95 51 four

2365 2568 220 50 thousand
2642 2568 49 49 of
2741 2568 123 49 these
2900 2569 125 48 items
3078 2587 76 29 are
3199 2565 50 51 of
3297 2565 88 49 real

2366 2635 234 51 valueif
2622 2658 47 28 as
2691 2656 134 44 many
2844 2656 13 36 ;
2892 2637 90 50 and
3008 2635 120 49 what
3152 2637 35 47 is
3210 2632 174 51 needed

2365 2706 34 46 is
2434 2703 185 58 smaller,
2658 2705 155 53 better,
2841 2724 121 29 more
2985 2702 255 51 exhaustive
3263 2701 122 49 small

2366 2771 143 51 books
2544 2772 50 50 of
2627 2792 122 30 some
2785 2772 96 61 fifty
2902 2785 49 37 to
2984 2773 113 60 sixty
3119 2790 134 43 pages
3274 2768 110 51 each

2364 2841 178 61 dealing
2564 2842 111 49 with
2703 2862 28 29 a
2754 2841 134 62 single
2921 2839 170 61 subject
3114 2839 89 50 and
3238 2839 144 61 giving

2363 2909 166 50 several
2564 2929 126 44 years
2726 2922 47 37 to
2820 2908 75 49 the
2929 2908 197 61 building
3178 2905 47 50 of
3260 2905 124 51 these

2364 2978 95 61 fifty
2495 2998 148 42 pages.

2507 3045 116 50 And
2660 3044 94 51 Mr.
2782 3045 55 50 C.
2877 3042 66 51 H.
2992 3042 148 63 Ridge
3193 3040 191 63 supplies

2361 3133 88 29 one
2482 3112 49 50 of
2567 3112 121 50 these
2723 3115 43 47 in
2802 3112 67 50 his
2951 3111 137 61 Stage
3112 3110 206 62 Lighting

2363 3181 35 49 It
2434 3185 34 45 is
2502 3203 28 27 a
2566 3181 122 49 book
2722 3181 49 49 of
2806 3201 26 28 a
2867 3180 203 50 hundred
3107 3199 148 43 pages,
3292 3177 89 50 and

2363 3248 92 52 Mr.
2491 3248 133 51 Dean
2660 3248 89 51 and
2785 3248 94 51 Mr.
2924 3248 127 62 Gray
3086 3247 115 49 have
3252 3244 130 52 stood

2363 3337 217 45 sponsers.

2430 3387 108 49 One
2573 3385 51 51 of
2657 3384 122 51 them
2815 3384 158 51 should
3009 3383 117 51 have
3160 3382 95 50 told
3292 3382 92 49 Mr.

2363 3455 148 61 Ridge
2547 3455 95 50 that
2677 3476 59 29 an
2769 3454 136 51 index
2938 3455 35 48 is
3009 3451 201 51 essential
3260 3463 47 37 to
3358 3470 27 28 a

2364 3524 124 51 book
2523 3524 49 49 of
2606 3524 84 49 this
2726 3523 120 57 kind,
2883 3520 239 65 especially
3145 3520 133 51 when
3302 3517 53 51 ad-

2364 3592 194 55 dressed,
2595 3613 48 29 as
2665 3594 35 48 is
2735 3592 85 49 this
2844 3611 101 36 one,
2970 3604 47 37 to
3041 3601 216 38 amateurs
3276 3625 45 13 ...
3340 3589 45 47 in

2365 3662 154 50 whose
2552 3660 143 52 hands
2747 3660 77 49 the
2873 3660 159 49 author
3084 3661 35 47 is
3210 3675 150 44 suspec-

2365 3730 78 49 ted
2548 3728 48 51 of
2647 3727 221 64 believing
2921 3727 78 51 lies
3051 3727 75 50 the
3160 3726 144 49 future
3338 3722 46 49 of

2421 3798 171 50 Drama
2629 3817 47 29 as
2710 3816 59 30 an
2803 3810 66 36 art

2432 3867 144 49 What
2613 3864 169 50 Drama
2817 3884 46 30 as
2897 3884 60 28 no
2992 3876 65 35 art
3091 3864 36 47 is
3164 3862 15 49 I
3215 3881 73 29 am
3311 3871 76 38 not

2365 3938 122 60 quite
2523 3934 130 51 clear.
2727 3933 79 49 I'm
2844 3931 140 50 afraid
3022 3930 72 50 the
3118 3929 156 51 author
3299 3928 87 49 and

2365 4004 66 48 his
2465 4022 201 42 sponsers
2699 4000 118 50 have
2851 4000 117 48 been
3003 3998 181 59 reading
3218 4017 87 29 one
3340 3994 49 51 of

2366 4071 93 51 Mr.
2496 4069 193 50 Gordon
2723 4067 172 64 Craig's
2928 4066 157 51 books.
3156 4065 93 51 Yet
3302 4065 84 49 this

2365 4160 83 29 can
2482 4137 157 64 hardly
2675 4137 88 55 be;
2801 4137 82 55 for,
2920 4136 135 51 while
3088 4135 223 50 reference
3354 4135 35 47 is

2365 4207 133 50 made
2537 4219 45 36 to
2618 4226 26 28 a
2679 4205 188 50 number
2901 4203 50 51 of
2984 4203 144 51 books
3163 4203 91 50 and
3279 4221 81 43 peo-

2366 4274 89 65 ple,
2493 4274 96 50 Mr.
2628 4274 135 61 Craig
2796 4274 36 50 is
2865 4286 78 38 not
2980 4293 86 30 one
3100 4272 50 51 of
3182 4272 138 51 these.

2434 4343 104 51 The
2573 4342 125 50 book
2731 4344 37 48 is
2799 4344 87 62 just
2937 4342 121 50 what
3109 4343 36 47 is
3196 4338 191 52 needed.

2365 4412 103 50 Ten
2503 4412 110 52 such
2647 4412 159 57 books,
2843 4412 182 54 shorter,
3064 4410 143 50 better
3229 4408 35 49 if
3287 4426 77 44 pos-

2365 4480 125 57 sible,
2526 4502 60 30 on
2622 4500 115 31 even
2789 4502 28 28 a
2869 4479 296 51 sub-division
3216 4476 49 49 of
3316 4474 73 49 the

2365 4551 180 62 lighting
2581 4550 48 51 of
2662 4560 142 52 stages
2851 4547 153 53 would
3057 4546 57 50 be
3169 4541 220 53 valuable.

2369 4619 89 50 But
2506 4617 60 54 let
2619 4619 122 50 them
2794 4617 116 63 keep
2961 4613 100 51 well
3095 4611 158 52 within
3297 4610 94 62 fifty

2368 4709 134 44 pages
2537 4688 90 51 and
2664 4688 58 50 be
2757 4687 77 50 the
2865 4683 130 52 result
3029 4683 50 50 of
3112 4695 44 38 at
3180 4681 108 52 least
3307 4680 84 52 five

2368 4777 50 32 or
2453 4760 64 49 six
2549 4756 141 66 years'
2726 4753 165 54 careful
2926 4751 141 54 work.
