3568 5049
3252 41 141 134 43

398 213 38 50 If
470 214 122 49 there
615 214 36 47 is
684 233 180 43 anyone
888 214 109 50 who
1032 213 196 52 believes

204 283 110 57 that,
339 296 47 37 to
410 283 58 50 be
490 303 27 28 a
541 294 96 37 true
661 281 197 57 Liberal,
881 284 33 47 it
937 284 37 47 is
997 303 232 42 necessary

203 362 49 38 to
286 355 100 59 give
417 371 123 29 some
574 349 229 51 hundreds
837 348 51 52 of
919 351 310 56 irresponsible

202 421 179 56 people,
439 418 184 50 fanatics
681 420 90 49 and
826 419 270 56 scoundrels,
1152 420 78 50 the

205 508 154 42 power
392 486 50 49 of
474 488 173 60 ruining
677 486 116 63 forty
828 487 188 50 millions
1049 486 51 50 of
1142 488 66 50 Ita-

204 557 122 54 lians,
363 555 17 49 I
414 555 147 50 refuse
595 554 247 62 absolutely
877 567 49 37 to
971 557 100 60 give
1107 555 123 51 them

204 625 85 49 this
340 644 156 41 power
658 623 254 66 (Mussolini
964 623 125 51 Nov.
1146 626 81 49 27.

214 692 164 62 1922).

268 760 174 51 Which
478 781 138 30 seems
641 772 46 36 to
711 780 72 28 me
818 780 123 30 more
963 780 52 29 or
1035 761 84 50 less
1155 761 75 50 the

204 849 103 42 way
343 830 151 61 Byron
529 827 119 49 liked
684 839 46 36 to
766 827 108 50 hear
906 829 164 62 people
1092 829 140 63 speak

202 917 115 30 even
331 897 35 49 if
378 898 57 47 he
452 894 209 61 objected
682 908 46 37 to
745 896 117 49 have
878 896 66 51 his
958 918 106 29 own
1082 898 150 50 words

202 985 50 29 so
286 962 233 51 translated
541 983 14 35 ;
581 963 79 49 but
684 963 59 50 he
764 964 331 63 unfortunately
1118 966 107 50 died

200 1053 123 29 some
346 1031 207 50 hundred
588 1051 126 42 years
747 1045 78 36 too
848 1034 121 61 early
992 1047 47 36 to
1063 1034 63 49 do
1160 1056 66 30 so.

267 1100 113 49 And
419 1100 108 49 who
551 1102 44 46 in
620 1120 82 29 our
725 1100 107 50 land
868 1102 194 50 troubles
1086 1103 139 50 about

200 1168 121 51 what
357 1168 153 62 Byron
561 1168 121 49 liked
721 1182 45 36 to
819 1171 229 49 hear—or
1083 1171 142 51 Blake

199 1235 155 49 either.
439 1237 73 48 As
565 1237 69 49 for
684 1237 255 58 Whitman,
992 1239 77 49 the
1122 1261 104 28 man

199 1324 92 30 was
314 1325 47 28 as
385 1305 104 49 mad
522 1326 47 28 as
594 1305 140 50 Blake
869 1307 90 49 and
984 1309 243 49 Nietzsche

198 1372 188 50 madder
418 1374 109 49 than
562 1374 128 49 both.

267 1441 114 48 And
418 1444 49 46 of
489 1463 170 33 course,
684 1443 36 49 if
747 1464 27 28 a
799 1447 107 48 wise
929 1465 103 29 man
1068 1466 159 42 pauses

198 1521 48 36 to
263 1509 125 50 think
407 1511 167 64 quietly
595 1511 140 50 about
750 1514 49 54 it,
818 1515 31 46 it
873 1515 35 47 is
933 1528 76 48 apt
1029 1528 46 35 to
1094 1514 131 50 make

197 1577 92 50 him
325 1578 105 49 mad
465 1592 48 35 to
548 1592 105 37 note
688 1581 106 49 how
829 1582 114 49 fools
973 1582 90 50 will
1098 1603 126 41 carry

196 1665 61 29 on
293 1646 135 50 when
460 1648 196 49 clubbed
692 1650 201 60 together
926 1652 45 47 in
1014 1672 25 27 a
1074 1651 147 50 circle.

199 1723 29 18 M
254 1714 129 50 Here
416 1736 73 28 we
524 1737 56 40 go
616 1717 143 48 round
795 1718 79 49 the
898 1719 174 61 mulbry
1108 1718 115 50 bush

467 1808 76 49 the
576 1809 180 61 mulbry
791 1809 112 49 bush

468 1876 77 48 the
578 1877 226 61 mulberry
841 1877 114 50 bush

195 1985 127 49 Here
356 2003 73 30 we
463 2006 57 40 go
554 1987 144 48 round

264 2053 16 47 I
315 2051 122 62 hope
489 2053 205 61 England
746 2056 91 49 will
889 2071 78 35 not
1018 2058 58 49 be
1112 2078 106 43 very

192 2121 104 60 long
327 2121 156 48 before
516 2122 79 48 she
630 2123 150 50 makes
802 2145 26 27 a
864 2125 95 48 trial
983 2126 50 49 of
1065 2126 131 49 circle-

193 2187 211 64 breaking
438 2189 62 61 by
533 2193 346 61 experimenting
921 2194 87 49 first
1042 2215 61 28 on
1140 2195 76 50 the

192 2257 200 50 Theatre
449 2258 291 51 circle—and
971 2264 54 47 its
1075 2264 141 48 useful

191 2324 156 51 critics*
381 2325 131 50 circle
547 2339 76 36 too
644 2349 11 28 :
710 2328 69 49 for
820 2330 15 47 1
874 2330 174 50 believe
1095 2331 123 49 these

191 2392 153 50 circles
378 2413 75 30 are
486 2394 50 49 of
570 2396 146 49 rather
750 2419 28 27 a
813 2397 92 49 bad
953 2398 108 49 than
1096 2400 121 61 good

190 2481 95 31 use.

261 2528 19 50 I
316 2542 164 37 cannot
515 2551 124 41 guess
674 2532 107 62 why
813 2533 249 51 Bancroft's
1096 2535 124 49 book

190 2596 163 50 should
406 2598 116 49 have
573 2612 64 35 set
692 2620 71 29 me
815 2601 200 63 thinking
1067 2603 50 49 of
1162 2604 58 48 all

190 2665 116 50 this:
345 2666 78 48 but
450 2666 271 50 Mussolini's
755 2669 122 50 book
900 2670 80 49 has
1006 2672 212 61 certainly

191 2733 132 50 made
356 2735 31 47 it
423 2734 167 50 clearer
626 2736 105 48 than
767 2757 107 30 ever
912 2738 108 63 (and
1056 2741 32 46 it
1124 2760 94 29 was

190 2820 137 32 never
360 2814 44 36 at
440 2801 59 50 all
533 2803 188 49 obscure
755 2818 46 36 at
835 2826 90 42 any
959 2808 123 59 time)
1122 2809 94 48 that

190 2869 75 51 the
299 2870 171 49 control
505 2873 224 48 exercised
769 2893 112 30 over
915 2894 80 30 our
1031 2875 183 62 English

187 2937 200 51 Theatre
423 2938 61 62 by
519 2959 82 30 our
649 2941 122 60 good
807 2943 144 48 critics
1001 2944 93 49 and
1135 2965 81 28 our

188 3007 120 60 good
342 3006 171 50 theatre
565 3029 102 28 men
701 3008 91 49 and
828 3030 180 30 women
1060 3014 35 46 is
1129 3013 83 61 just

190 3075 75 50 the
300 3094 107 42 very
440 3089 134 36 worst
609 3078 169 49 control
813 3079 305 51 conceivable.

258 3142 37 49 It
328 3144 35 47 is
398 3156 77 36 not
510 3156 47 37 to
611 3145 59 49 be
703 3147 220 61 expected
976 3147 93 50 that
1106 3148 106 63 they

187 3210 134 51 could
357 3231 106 30 ever
485 3233 129 28 come
639 3226 46 36 to
708 3235 75 28 see
806 3236 83 41 eye
912 3228 47 37 to
994 3237 84 41 eye
1101 3217 110 49 with

188 3299 72 29 me
293 3280 44 47 in
373 3279 87 49 this
495 3294 159 35 matter
688 3282 191 50 because
924 3283 124 51 what
1084 3285 17 48 I
1136 3306 74 28 am

186 3346 114 49 after
333 3348 36 48 is
419 3348 77 48 the
530 3349 164 50 release
746 3351 49 48 of
847 3352 77 48 the
971 3353 241 62 European

185 3414 200 50 Theatre
421 3415 113 49 from
570 3438 27 27 a
632 3432 310 48 preposterous
986 3422 224 55 situation,

186 3481 91 50 and
312 3482 77 49 the
421 3487 260 46 restoration
732 3486 49 49 of
815 3487 76 49 the
943 3488 86 49 fine
1074 3490 115 49 tradi-

187 3552 114 47 tions
334 3552 32 46 it
403 3551 134 51 could
573 3552 160 50 inherit
780 3555 80 48 but
894 3560 230 46 continues
1164 3570 47 36 to

188 3619 238 60 disregard.

254 3687 117 48 And
408 3687 134 48 while
574 3687 127 50 those
735 3688 138 51 bland
905 3691 150 50 circles
1088 3694 121 55 exist,

185 3755 90 48 and
311 3755 128 48 those
462 3754 120 62 good
616 3756 109 49 kind
751 3757 208 52 talkative
995 3781 102 28 men
1120 3761 90 48 will

184 3822 154 62 gather
371 3824 201 60 together
606 3825 90 48 and
731 3826 165 50 discuss
931 3828 123 50 what
1093 3831 35 46 is
1162 3828 51 50 of

269 3891 114 49 little
416 3893 288 61 importance,
761 3915 50 29 so
845 3894 103 62 long
1001 3897 89 49 will
1133 3898 76 48 the

197 3958 184 50 Theatre
439 3960 59 49 be
548 3961 180 63 obliged
784 3976 48 36 to
888 3963 134 51 suffer
1072 3986 139 42 every

183 4027 275 50 curtailment
505 4029 50 49 of
587 4032 54 46 its
674 4031 295 61 rights,—the
1014 4034 113 61 right
1162 4047 47 37 to

186 4115 133 29 move
369 4116 59 27 on
463 4097 90 48 and
588 4098 63 48 do
700 4100 248 62 something
999 4104 91 48 and
1131 4123 79 29 use

182 4165 55 47 Its
270 4160 208 58 splendid
512 4165 243 52 traditions.

251 4230 141 56 Well,
450 4230 60 50 let
567 4252 50 30 us
681 4249 78 36 not
821 4236 190 63 despair.
1105 4239 104 49 The

181 4297 203 51 Theatre
435 4300 35 47 is
504 4313 78 37 not
636 4302 74 49 the
761 4304 92 49 sole
902 4319 210 50 property
1159 4307 50 50 of

181 4386 90 44 any
303 4387 89 29 one
425 4369 153 47 nation
598 4390 12 29 :
646 4370 123 49 there
793 4393 79 29 are
904 4374 128 50 other
1053 4374 123 51 Thea-

201 4455 69 30 res
302 4435 109 50 than
464 4436 126 51 those
640 4437 222 64 shadowy
900 4442 207 62 parodies
1159 4444 49 49 of

183 4503 76 49 the
309 4504 78 50 old
440 4503 129 64 place
621 4517 48 37 to
708 4506 150 51 which
910 4510 78 48 the
1037 4525 169 47 patient

183 4569 289 63 Englishman
488 4572 92 51 and
600 4573 74 51 the
686 4595 47 29 as
744 4579 168 59 patient
927 4577 279 53 Frenchman

174 4658 82 29 are
289 4640 158 51 forced
482 4654 49 37 to
564 4663 72 41 go.

249 4707 89 51 But
373 4722 47 36 to
452 4710 131 51 make
605 4731 100 31 sure
740 4712 50 50 of
822 4733 27 30 a
873 4712 115 52 thrill
1021 4734 72 31 we
1116 4714 92 51 had

1280 213 98 50 best
1403 213 103 50 take
1530 234 26 29 a
1574 232 121 44 copy
1717 211 50 52 of
1791 210 273 51 Mussolini's
2081 211 233 63 Speeches

1279 281 110 51 with
1425 302 50 30 us
1527 280 136 52 when
1698 299 73 33 we
1823 300 76 30 are
1944 279 182 64 obliged
2178 292 47 37 to
2259 282 53 49 sit

1279 364 78 36 out
1392 371 59 28 an
1484 348 230 63 evening's
1754 349 237 50 dramatics
2036 350 45 48 in
2118 347 196 52 London

1279 438 52 29 or
1364 421 46 47 in
1445 418 155 55 Paris;
1644 418 68 49 for
1747 418 125 49 these
1906 416 213 62 speeches
2154 437 76 30 are
2264 438 49 29 as

1281 486 280 62 magnificent
1597 500 47 36 to
1677 486 110 50 read
1821 507 48 28 as
1904 486 106 62 they
2058 505 74 30 are
2166 485 146 51 sound

1281 567 48 37 to
1364 554 192 62 ponder.

1350 623 123 50 Dent
1509 623 92 50 and
1654 624 119 48 Sons
1806 643 76 30 are
1932 622 168 50 indeed
2153 634 47 38 to
2252 621 60 51 be

1280 691 335 63 congratulated
1640 712 60 28 on
1724 692 165 62 having
1911 692 146 49 issued
2082 691 86 50 this
2202 691 92 50 first-

1280 759 110 50 class
1424 760 270 51 translation.

1348 828 105 50 The
1490 828 177 49 volume
1701 830 37 47 is
1771 828 214 62 prefaced
2020 827 64 62 by
2118 848 29 29 a
2186 828 127 49 letter

1281 896 115 49 from
1432 897 178 48 Barone
1644 896 187 58 Tittoni,
1869 896 233 50 President
2138 896 51 48 of
2232 896 79 49 the

1281 964 155 50 Italian
1470 966 183 54 Senate,
1689 987 28 27 a
1752 985 103 29 man
1891 965 68 49 for
1992 984 127 43 years
2142 962 168 53 known

1279 1032 113 49 from
1429 1053 87 29 one
1550 1034 89 49 end
1676 1033 51 49 of
1761 1033 182 62 Europe
1977 1046 48 35 to
2059 1032 78 49 the
2184 1031 128 50 other

1278 1103 90 48 and
1404 1122 58 28 an
1516 1102 154 49 Italian
1723 1101 49 49 of
1824 1101 192 49 Italians.
2091 1100 79 49 No
2222 1121 89 29 one

1278 1169 90 49 will
1403 1169 103 50 take
1533 1170 91 48 him
1660 1183 47 36 to
1742 1169 60 50 be
1825 1191 27 27 a
1875 1168 187 50 reckless
2087 1168 220 50 firebrand

1276 1237 212 63 although
1524 1239 160 61 Signor
1721 1237 237 51 Mussolini
2009 1239 35 46 is
2080 1236 228 50 doubtless

1275 1306 84 50 stdl
1405 1307 265 50 considered
1717 1327 51 29 so
1801 1307 61 62 by
1897 1305 127 51 those
2057 1307 46 47 in
2138 1305 57 50 all
2229 1305 78 50 the

1276 1374 168 49 circles.

1344 1443 135 62 They
1514 1443 156 51 dislike
1704 1443 92 50 him
1832 1444 192 49 because
2064 1442 58 49 he
2156 1442 36 49 is
2227 1455 77 36 not

1275 1533 48 28 as
1358 1513 230 48 moderate
1623 1533 47 28 as
1704 1512 109 63 they
1847 1532 107 36 are;
1998 1510 107 63 they
2140 1523 164 36 cannot

1272 1602 76 28 see
1383 1581 94 48 that
1502 1580 278 49 moderation
1803 1580 116 49 itself
1952 1600 84 28 can
2058 1581 61 47 be
2153 1599 127 30 exces-

1272 1651 93 47 sive
1389 1668 12 30 :
1442 1649 95 48 that
1571 1668 137 29 never
1740 1670 157 28 occurs
1931 1662 47 35 to
2011 1648 136 49 them.

1345 1717 37 48 If
1415 1737 212 28 someone
1677 1719 47 47 in
1775 1717 77 49 the
1887 1716 182 62 English
2104 1714 201 50 Theatre

1273 1784 227 62 suggested
1536 1785 96 49 that
1655 1787 32 47 it
1709 1785 153 51 would
1883 1785 58 49 be
1976 1806 26 27 a
2034 1784 121 61 good
2180 1784 123 61 thing

1273 1851 34 48 if
1358 1873 135 41 every
1545 1866 124 36 actor
1721 1873 120 30 were
1894 1867 46 35 to
1981 1852 107 49 read
2198 1851 105 50 The

1273 1919 137 50 Mask
1521 1923 108 57 (and
1686 1921 94 52 Mr.
1829 1921 188 49 Lennox
2051 1920 250 56 Robinson,

1273 1988 78 49 Mr
1406 1991 76 48 St.
1521 1989 119 61 John
1675 1989 276 55 Ervine,and
1988 2010 90 28 one
2111 2008 51 30 or
2207 2001 95 37 two

1269 2057 147 50 others
1450 2057 119 50 have
1602 2058 122 48 done
1755 2061 72 60 so)
1863 2058 77 49 the
1972 2057 152 49 circles
2147 2057 156 48 would

1269 2125 57 48 be
1362 2126 215 49 shocked.
1649 2126 89 49 For
1829 2126 106 49 The
1971 2125 136 50 Mask
2204 2146 100 41 says

1269 2194 121 49 what
1426 2196 32 48 it
1484 2193 146 50 thinks
1662 2194 89 49 and
1787 2194 145 50 thinks
1978 2216 27 27 a
2040 2195 102 61 long
2196 2196 106 47 time

1269 2262 154 49 before
1457 2265 153 59 saying
1632 2265 32 46 it
1688 2280 12 32 :
1738 2276 76 49 yet
1848 2263 77 48 the
1959 2262 195 50 London
2177 2274 124 37 actor

1269 2330 165 62 having
1467 2330 160 55 drunk,
1664 2344 78 35 not
1777 2332 152 60 wisely
1964 2331 79 49 but
2079 2344 78 36 too
2182 2330 116 57 well,

1269 2411 45 35 at
1351 2399 76 49 the
1460 2419 157 29 source
1651 2399 49 49 of
1751 2399 57 49 all
1862 2399 184 63 foolery,
2100 2401 37 47 is
2191 2399 106 56 sick,

1270 2465 91 49 and
1384 2487 52 28 so
1469 2488 83 27 can
1577 2466 92 50 find
1704 2467 182 63 nothing
1923 2467 79 50 but
2036 2467 45 50 ill
2123 2479 47 37 to
2221 2488 79 44 say

1270 2534 140 49 about
1501 2535 103 49 The
1652 2535 137 49 Mask

1339 2603 116 49 And
1493 2603 16 49 I
1535 2624 71 28 am
1632 2603 94 51 told
1752 2605 61 60 by
1838 2624 133 42 many
1996 2603 93 50 that
2114 2603 183 63 nothing

1270 2670 79 49 but
1385 2692 27 27 a
1438 2691 106 41 very
1578 2671 159 50 drastic
1760 2672 184 63 remedy
1978 2692 84 29 can
2085 2692 103 29 cure
2212 2673 85 48 this

1267 2738 191 49 sickness
1491 2739 52 48 of
1577 2742 139 48 mind.

1337 2810 52 46 A
1425 2807 158 50 milder
1613 2808 186 61 remedy
1832 2807 152 52 would
2010 2808 59 49 be
2105 2829 122 29 more
2250 2821 47 37 to

1267 2895 75 42 my
1375 2875 149 62 liking.
1598 2876 17 49 I
1653 2876 152 49 would
1840 2876 87 49 like
1973 2889 47 36 to
2055 2897 75 28 see
2173 2897 125 30 some

1265 2963 87 28 one
1388 2957 80 48 put
1520 2946 45 47 in
1616 2964 156 42 power
1823 2944 106 50 who
1987 2944 155 51 would
2199 2947 100 60 give

1264 3011 142 62 things
1441 3033 87 27 one
1551 3012 171 49 chance
1746 3033 123 29 more
1894 3013 90 49 and
2010 3013 107 50 who
2141 3013 154 49 would

1263 3100 119 41 open
1423 3080 56 48 all
1517 3081 75 48 the
1628 3081 226 49 theatrical
1889 3081 135 49 doors
2058 3095 47 35 to
2158 3081 137 50 admit

1263 3168 136 40 every
1432 3168 128 43 scrap
1594 3148 50 49 of
1676 3152 150 59 genius
1862 3149 90 50 and
1986 3149 155 52 talent.

1332 3217 88 47 But
1477 3217 35 48 if
1564 3217 76 49 the
1691 3217 136 50 doors
1876 3220 210 47 continue
2138 3232 46 36 to
2238 3218 58 49 be

1262 3283 151 51 closed
1450 3297 48 38 to
1531 3288 153 59 genius
1716 3286 92 49 and
1844 3286 212 52 talent....

2097 3375 38 28 e.
2172 3374 45 42 g.
2255 3375 40 29 c.

1266 3495 358 50 COMEDIES
1655 3497 111 49 BY
1792 3497 311 50 WILLIAM
2125 3499 129 49 CON-

1267 3564 251 57 GREVE,
1559 3565 155 48 edited
1732 3566 60 58 by
1827 3566 216 59 Bonomy
2084 3567 202 50 Dobree.

1265 3632 273 59 Humphrey
1573 3633 216 57 Milford.
1875 3634 188 58 Oxford
2100 3634 192 51 Univer*

1263 3707 90 52 sity
1388 3700 150 50 Press.
1574 3701 211 49 London.
1812 3703 179 56 2/~net.

1262 3833 184 112 THE
1480 3829 237 51 audiences
1752 3831 49 49 of
1848 3831 75 51 the
1975 3831 144 50 future
2154 3832 134 50 when

1395 3909 44 37 at
1474 3897 78 49 the
1602 3899 171 49 theatre
1825 3901 89 48 will
1966 3899 57 50 lie
2076 3921 59 28 on
2177 3901 111 48 their

1260 3964 152 51 backs.
1483 3966 67 49 So
1583 3987 100 42 says
1718 3967 78 49 Mr
1820 3968 200 56 Dobree,
2046 3968 75 49 the
2143 3970 146 48 editor

1261 4032 49 50 of
1343 4034 252 62 Congreve,
1631 4036 46 47 in
1728 4036 188 49 another
1966 4035 125 50 book
2137 4036 49 49 of
2220 4036 65 50 his

1259 4101 196 62 recently
1489 4101 253 62 published.
1813 4105 80 50 He
1927 4104 80 51 has
2053 4104 231 51 doubtless

1260 4169 150 50 talked
1446 4171 31 48 it
1513 4190 109 29 over
1655 4171 109 51 with
1806 4175 78 47 the
1919 4172 240 61 Managers
2192 4174 92 49 and

1260 4238 76 50 the
1370 4237 228 51 landlords
1620 4240 49 48 of
1705 4240 76 49 the
1817 4240 196 50 London
2046 4241 237 57 Theatres,

1259 4304 107 56 and,
1401 4304 267 65 concluding
1709 4308 92 49 that
1851 4308 79 49 the
1964 4308 126 64 Way
2125 4308 50 50 of
2208 4310 76 49 the

1259 4372 165 52 World
1477 4377 37 47 is
1564 4396 27 28 a
1642 4389 312 50 topsy-turvey
2006 4397 117 42 way,
2178 4377 106 65 they

1259 4442 126 49 think
1418 4454 49 37 to
1500 4456 169 37 correct
1705 4444 83 50 this
1824 4445 62 63 by
1919 4447 297 61 eccentricity.

1329 4510 79 49 Mr
1441 4511 189 50 Dobree
1667 4532 103 43 may
1804 4527 79 35 not
1918 4534 130 29 mean
2083 4513 66 50 his
2183 4534 75 42 sug-

1259 4580 168 58 gestion
1462 4598 109 44 very
1602 4581 238 63 seriously:
1864 4602 50 28 so
1937 4584 31 47 it
2005 4582 137 62 might
2166 4582 117 50 have

1260 4645 118 51 been
1412 4648 144 49 better
1607 4647 94 51 had
1752 4649 60 50 he
1862 4649 78 50 left
1989 4649 80 50 Mr
2102 4651 181 62 George

1261 4713 166 64 Robey
1461 4729 48 36 to
1543 4715 132 50 crack
1698 4717 76 50 the
1795 4717 140 63 joke?
1999 4717 92 51 Yet
2116 4718 166 63 Robey

2364 207 81 51 has
2485 206 194 54 cracked
2728 207 127 65 jokes
2913 220 48 38 to
3017 206 180 66 gloomy
3248 207 143 58 ends;

2364 276 193 64 perhaps
2590 296 74 31 we
2698 298 75 30 are
2807 296 61 32 on
2891 276 76 51 the
3000 298 87 29 eve
3120 277 49 51 of
3201 298 60 30 an
3306 298 55 30 an-

2363 357 321 40 nouncement:

2643 437 187 52 Dobree
2864 440 90 49 and
2991 439 182 62 Robey,

2431 507 106 51 The
2568 507 209 51 hilarious
2810 507 279 62 woebegone
3109 507 201 52 brothers

2482 573 248 65 England's
2763 574 94 50 sole
2892 576 130 49 mirth
3055 574 214 53 crackers.

2720 643 322 51 TONIGHT

2516 713 242 62 Everyone
2793 713 90 49 will
2919 713 58 49 be
3012 712 219 64 expected

2637 793 49 37 to
2722 780 57 51 lie
2813 801 61 29 on
2909 780 67 50 his
3012 780 118 51 back

2815 850 136 50 while

2628 917 187 51 Dobree
2849 917 93 50 and
2977 917 171 64 Robey

2944 987 127 59 walk
2793 1002 107 33 over
2933 987 121 48 them

2427 1096 395 66 Perhaps:—and
2860 1095 110 51 then
3014 1096 147 64 again,
3194 1099 192 65 perhaps

2360 1179 79 37 not
2473 1180 89 51 yet.

2429 1234 16 50 I
2471 1234 155 50 almost
2652 1232 93 51 fear
2764 1234 75 49 the
2862 1232 167 51 Future
3050 1232 51 51 of
3122 1234 79 50 the
3224 1235 126 51 Thea-

2359 1315 65 38 tre
2457 1303 36 50 is
2528 1315 78 38 not
2641 1303 131 61 going
2806 1315 47 37 to
2887 1302 60 50 be
2981 1322 48 28 as
3062 1306 220 48 eccentric
3333 1325 49 31 as

2354 1391 125 29 some
2513 1391 214 42 suppose:
2765 1383 78 37 not
2878 1372 123 61 quite
3036 1391 48 29 as
3122 1372 230 51 uncomfor-

2358 1439 120 50 table
2510 1461 48 29 as
2580 1452 176 51 partner
2791 1439 185 50 Dobree
3008 1453 204 50 suggests.

2422 1508 96 61 Just
2553 1508 69 49 for
2656 1508 76 48 the
2778 1521 198 36 moment
3027 1510 33 49 it
3106 1510 36 47 is
3192 1530 189 43 prone...

2354 1574 146 65 nicely
2533 1588 67 37 sat
2633 1596 85 30 on:
2751 1576 47 47 in
2831 1575 78 50 the
2943 1575 145 50 future
3120 1578 34 48 it
3188 1598 103 42 may
3305 1592 71 48 get

2355 1664 76 43 up,
2468 1644 90 49 and
2595 1664 104 42 may
2733 1657 80 49 put
2835 1645 46 48 in
2905 1645 169 48 motion
3095 1646 56 49 its
3173 1645 77 50 old
3288 1667 84 29 ma<

2354 1714 180 63 chinery
2567 1714 92 48 and
2751 1712 60 50 let
2845 1714 80 48 her
2960 1734 57 41 go
3052 1714 79 48 Mr
3153 1715 153 49 Asher

2424 1782 90 50 But
2533 1782 16 48 I
2567 1794 65 36 set
2651 1794 79 36 out
2747 1794 47 36 to
2817 1801 79 42 say
2920 1781 122 49 what
3060 1803 27 29 a
3111 1782 87 50 fine
3217 1786 159 50 seriouj

2352 1852 148 48 writer
2533 1852 37 47 is
2605 1850 93 50 Mr.
2736 1847 185 52 Dobree
2956 1850 134 49 when
3137 1851 59 49 he
3241 1855 36 45 is
3311 1853 61 47 in*

2352 1918 234 62 troducing
2638 1940 50 29 us
2739 1931 48 37 to
2839 1938 27 30 a
2918 1931 120 49 great
3089 1918 152 51 fellow
3290 1919 85 51 like

2354 1988 251 61 Congreve.

2424 2055 105 50 Last
2552 2055 206 64 January,
2783 2055 241 60 reviewing
3041 2054 94 51 Mr.

2410 2124 284 49 Restoration
2750 2123 211 62 Gomedy
3092 2124 45 48 in
3275 2124 104 49 The

2354 2191 137 51 Mask
2594 2191 18 50 I
2648 2204 141 38 wrote
2813 2191 110 55 that,
2948 2190 173 63 lacking
3142 2213 27 29 a
3192 2191 188 65 popular

2352 2262 168 49 edition
2557 2260 48 49 of
2640 2261 76 50 the
2750 2260 140 62 plays,
2928 2260 76 48 the
3051 2260 97 49 best
3182 2261 49 48 of
3266 2262 111 50 talks

2352 2330 139 49 about
2515 2330 238 59 Congreve
2998 2327 93 48 aft
3092 2328 147 63 a-gley
3281 2331 93 48 and

2351 2399 18 49 I
2415 2397 236 63 expressed
2707 2417 28 28 a
2770 2396 127 54 wish,
2937 2394 76 50 felt
3050 2396 227 50 doubtless
3313 2398 62 62 by

2351 2467 240 51 thousands
2614 2465 48 50 of
2680 2465 189 55 readers,
2897 2464 108 54 that,
3043 2465 111 50 with
3178 2487 28 28 a
3230 2467 145 61 cheap

2349 2535 170 50 edition
2553 2534 50 50 of
2636 2534 77 48 the
2992 2532 79 49 of
3072 2533 98 49 the
3171 2534 144 50 World

2349 2604 92 49 and
2530 2603 106 49 The
2671 2601 184 50 Double
3155 2623 60 29 an
3248 2624 128 41 essay

2349 2671 62 62 by
2469 2671 80 50 Mr
2606 2670 187 49 Dobree
2852 2669 155 50 would
3061 2669 59 49 be
3164 2670 76 49 the
3292 2676 80 45 last

2349 2739 169 63 perfect
2552 2740 151 49 touch.

2416 2808 118 50 And
2585 2826 105 32 now
2745 2806 81 51 Mr
2876 2805 272 63 Humphrey
3183 2806 193 51 Milford

2347 2877 80 50 has
2460 2877 146 50 issued
2642 2878 84 60 just
2760 2874 109 50 such
2909 2896 28 28 a
2985 2874 193 51 volume.
3250 2876 121 49 Four

2349 2946 241 48 Comedies
2623 2944 62 63 by
2731 2944 251 60 Congreve,
3021 2942 148 63 neatly
3215 2943 156 51 bound

2349 3015 45 47 in
2440 3013 139 56 cloth,
2636 3033 59 28 on
2746 3010 277 51 remarkable
3075 3032 154 42 paper,
3264 3015 46 46 in
3344 3034 27 28 a

2350 3082 119 62 good
2504 3080 210 51 readable
2748 3094 123 49 type,
2908 3080 110 50 with
3072 3080 78 48 Mr
3186 3080 187 50 Dobree

2349 3172 49 28 as
2430 3151 267 54 introducer,
2723 3163 44 35 at
2794 3149 148 57 2/net.
3014 3148 78 48 He
3116 3162 112 35 must
3253 3150 116 48 have

2348 3219 107 48 read
2489 3239 112 42 your
2635 3217 244 52 thousands
2924 3217 48 49 of
3008 3217 221 61 thoughts,
3265 3217 109 49 deir

2347 3286 193 52 readers.

2416 3355 107 48 The
2558 3353 179 51 volume
2773 3353 134 49 forms
2952 3373 88 28 one
3075 3352 50 49 of
3158 3352 76 49 the
3269 3353 68 48 Ox-

2347 3422 101 52 ford
2486 3423 129 50 Press
2649 3424 131 47 series
2815 3422 49 49 of
2899 3421 166 50 World
3116 3420 189 50 Classics

2346 3494 58 48 ie.
2439 3492 179 49 volume
2657 3491 125 55 276;
2818 3490 91 49 and
2944 3501 158 50 except
3144 3488 68 49 for
3245 3489 93 50 Eve-

2345 3560 192 61 ryman's
2572 3560 188 60 Library
2796 3558 16 49 I
2850 3558 137 49 know
3022 3577 61 30 no
3122 3558 144 49 better
3299 3579 47 28 se-

2345 3629 96 49 ries.
2514 3627 134 50 Bell's
2682 3647 151 29 newer
2860 3626 131 49 Bohn
3015 3627 131 48 series
3167 3628 36 47 is
3224 3628 44 47 in
3294 3626 76 49 the

2343 3697 87 49 first
2465 3695 122 56 rank,
2661 3695 71 61 By
2784 3695 127 61 Jove,
2957 3694 197 49 London
3206 3694 161 50 should

2342 3765 57 49 be
2434 3765 145 61 proud
2615 3764 49 48 of
2698 3764 78 48 her
2812 3763 262 63 publishers.

2339 3949 349 57 NOTHING,
2704 3950 61 58 by
2782 3949 207 49 Edward
3005 3947 186 51 Gordon
3212 3949 154 61 Craig.

2342 4019 168 50 Chatto
2547 4019 49 49 &
2896 4017 94 50 Windus.
2991 4017 178 56 116.

2337 4171 262 110 THERE
2633 4173 36 47 is
2692 4191 124 29 more
2839 4170 138 50 about
3000 4170 76 49 the
3098 4170 199 50 Theatre
3320 4172 45 48 in

2469 4241 88 49 this
2590 4240 123 49 book
2749 4240 106 50 than
2888 4251 139 38 meets
3050 4238 77 51 the
3149 4259 106 44 eye;
3283 4238 79 51 but

2336 4308 123 50 what
2483 4308 111 50 does
2627 4307 134 51 strike
2796 4327 87 29 one
2907 4320 45 35 at
2975 4327 115 29 once
3123 4308 36 47 is
3193 4307 97 49 that
3329 4309 32 47 it

2336 4378 199 48 contains
2568 4377 206 62 eighteen
2796 4375 171 63 designs
3004 4377 132 48 made
3170 4373 69 51 for
3262 4396 75 43 per-

2336 4445 201 52 formers.

2403 4513 113 50 This
2538 4514 37 49 is
2595 4513 78 49 the
2694 4511 170 51 edition
2887 4510 69 51 for
2977 4530 239 44 everyone,
3239 4511 124 50 there

2336 4580 133 63 being
2486 4603 28 28 a
2533 4600 122 31 more
2670 4580 143 63 costly
2831 4580 170 49 edition
3024 4579 70 49 for
3116 4579 247 52 collectors.

2403 4650 122 51 Both
2558 4650 191 49 editions
2782 4669 77 30 are
2874 4647 265 64 beautifully
3160 4648 198 63 printed,

2333 4717 215 64 arranged
2582 4717 93 50 and
2714 4716 177 52 bound.
2963 4716 107 51 The
3114 4716 232 63 publisher'
