3568 5015
196 155 67 51 48

198 239 209 54 received
446 255 62 42 up
559 246 50 36 to
656 246 123 32 now.
847 225 136 61 They
1034 218 118 52 need
1203 239 28 28 a

198 310 121 63 good
352 306 113 52 solid
502 321 103 31 man
639 298 86 50 like
750 297 171 47 Barrett
945 289 137 51 Clark
1105 286 101 50 look-

202 382 74 61 ing
299 377 113 51 after
436 373 138 50 them.
624 368 136 60 They
795 382 77 31 are
911 360 119 63 good
1054 355 176 63 enough

205 447 118 54 stuff,
361 446 77 48 but
474 438 117 52 need
625 434 196 60 curbing,
859 442 77 37 not
972 428 203 57 exciting.

272 515 145 54 Here,
465 508 123 52 there
623 503 91 51 and
764 496 292 65 everywhere
1105 491 125 50 these

204 585 88 50 fine
327 580 175 52 fellows
534 576 118 50 have
701 569 141 52 heard
889 567 75 49 the
997 560 92 65 cry'
1093 564 104 45 Att-

205 651 143 64 aboy'!
560 644 143 49 here!
772 655 106 46 you,
916 632 122 54 lads;
1075 649 56 43 go
1184 640 46 35 to

201 721 185 60 Europe
404 715 90 52 and
518 708 197 59 ransack
736 707 50 48 it.
858 700 284 53 Afterwards
1166 697 64 48 do

198 810 50 29 as
281 788 128 50 other
444 781 268 52 Americans
745 773 77 56 do,
858 790 78 43 say
977 768 123 48 there
1134 785 94 30 was

198 857 187 60 nothing
428 855 46 48 in
506 852 184 48 it-
704 842 91 52 and
832 839 75 50 the
959 837 113 61 boys
1112 834 116 50 have

198 945 116 42 gone
348 936 106 40 atta,
489 915 92 54 and
615 914 76 50 the
727 908 131 52 result
901 926 37 29 is
981 903 249 59 something

198 993 111 49 little
347 992 121 49 short
513 984 51 51 of
597 982 122 50 mild.

267 1064 98 46 Not
416 1056 113 51 their
581 1050 110 52 fault
742 1067 89 30 one
879 1062 142 43 scrap,
1026 1040 202 49 —abso-

197 1128 139 63 lutely
369 1126 77 50 the
480 1120 112 53 fault
625 1119 51 49 of
709 1117 86 50 this
827 1110 229 53 wretched
1080 1110 110 48 Ame-

204 1201 121 46 rican
379 1205 178 51 system,
618 1183 186 63 entirely
866 1181 78 48 the
1007 1177 112 50 fault
1181 1176 49 48 of

198 1266 134 60 being
366 1258 194 52 allowed
596 1270 47 35 to
677 1252 177 51 believe
886 1251 46 45 in
966 1266 110 43 soap
1113 1244 87 49 bub-

209 1333 116 50 bles:
374 1329 91 51 and
521 1326 231 50 Professor
803 1317 149 53 Baker
1009 1314 92 50 and
1153 1313 77 48 the

207 1402 131 49 other
371 1397 243 65 professors
645 1389 138 64 ought
817 1387 137 62 really
977 1397 47 37 to
1048 1382 126 50 think
1195 1383 33 47 it

209 1488 110 31 over
374 1465 92 51 and
518 1474 78 38 not
648 1479 77 44 cry
761 1462 118 45 Atta
920 1453 90 49 and
1047 1451 58 49 let
1146 1450 81 61 slip

209 1540 124 49 these
366 1535 114 62 boys
513 1531 50 50 of
586 1549 112 37 war,
728 1526 187 51 without
936 1523 148 60 giving
1106 1519 122 49 them

207 1625 126 30 some
350 1603 47 50 of
416 1600 124 51 Lord
558 1592 331 56 Chesterfield's
906 1591 161 48 advice
1090 1587 138 50 about

207 1677 103 47 how
346 1684 78 38 not
458 1683 47 36 to
539 1669 122 49 learn
696 1665 156 59 things.

203 1837 29 31 o
309 1810 393 57 MORRIS
849 1806 46 48 G
915 1806 47 47 A
991 1802 136 50 IN.
1198 1819 31 32 o

207 1943 243 115 LADY
485 1943 153 51 Diana
671 1939 187 60 Cooper
891 1937 36 47 is
949 1952 105 30 now
1090 1933 46 47 in
1155 1930 76 48 the

336 2011 174 53 United
562 2010 150 48 States
765 2004 129 62 again
944 1999 197 61 fulfilling
1174 2017 58 30 an

207 2093 292 53 engagement
546 2078 112 49 with
700 2075 95 48 Mr.
836 2071 166 50 Morris
1037 2069 114 48 Gest
1186 2079 45 35 to

205 2170 170 45 appear
409 2168 49 30 as
492 2146 75 51 the
604 2144 240 50 Madonna
875 2140 47 48 in
958 2147 11 17 '
1053 2136 57 48 he
1136 2135 63 48 Mi-

205 2221 117 50 racle

277 2288 116 51 Miss
428 2285 75 49 Iris
536 2281 121 51 Tree
691 2290 121 38 went
846 2273 109 51 with
1009 2272 78 48 her
1138 2271 90 48 and

207 2362 37 47 is
278 2354 267 66 performing
579 2351 77 47 the
678 2359 97 51 part
811 2344 48 50 of
945 2340 104 49 The
1075 2338 109 49 Nun

207 2429 49 46 in
290 2426 77 48 the
400 2441 121 30 same
544 2417 283 64 production.
898 2408 263 59 According
1184 2418 47 35 to

207 2494 136 62 Lady
378 2492 165 53 Diana,
572 2488 112 48 Miss
704 2484 121 48 Tree
847 2479 92 49 had
964 2495 135 31 never
1118 2479 113 44 been

210 2584 61 28 on
305 2561 76 49 the
416 2572 120 47 stage
583 2553 158 50 before
786 2549 91 49 and
917 2547 80 47 she
1032 2545 78 48 has
1140 2541 92 50 had

209 2631 108 62 only
352 2650 27 28 a
414 2645 107 43 very
554 2622 111 50 little
700 2622 104 47 time
839 2631 47 35 to
920 2613 202 50 rehearse
1153 2611 79 48 her

205 2711 114 52 part.
378 2693 179 61 Taking
588 2692 33 48 it
645 2687 56 52 all
724 2691 46 46 in
793 2685 57 50 all
874 2686 32 47 it
929 2702 139 30 seems
1090 2680 146 48 rather

207 2768 112 50 hard
356 2762 102 51 luck
491 2775 45 35 to
572 2760 60 48 be
665 2776 87 29 one
786 2754 49 49 of
869 2752 76 48 the
981 2747 189 52 hustled.

278 2829 270 65 Altogether
572 2847 71 29 we
667 2826 62 49 do
748 2836 78 37 not
844 2820 87 50 like
952 2819 92 48 Mr.
1072 2815 165 50 Morris

212 2902 154 51 Gest's
417 2900 154 47 notion
623 2893 48 49 of
722 2892 172 58 turning
927 2887 78 49 the
1039 2884 198 48 Theatre

212 2975 96 46 into
344 2991 27 28 a
405 2961 299 69 play-ground
739 2959 153 51 where
926 2973 178 43 anyone
1140 2964 44 36 at
1208 2970 28 28 a

212 3041 92 49 few
341 3036 150 52 weeks
544 3047 145 35 notice
728 3048 85 29 can
849 3026 58 48 be
932 3025 138 47 thrust
1105 3040 61 28 on
1189 3031 47 35 to

214 3111 62 49 do
311 3107 77 49 the
441 3105 97 48 best
590 3099 110 50 with
734 3118 27 26 a
794 3107 89 37 star
917 3104 113 50 part.
1119 3086 116 56 Still,

214 3196 73 31 we
322 3194 85 29 can
441 3182 123 51 quite
600 3162 272 53 understand
897 3162 77 47 the
1010 3167 229 51 argument

209 3245 52 50 of
295 3238 244 54 thousands
573 3236 50 48 of
657 3233 182 50 collars.

278 3313 68 48 So
399 3330 72 29 we
524 3301 301 66 congratulate
872 3295 114 50 Miss
1032 3294 109 48 Free
1174 3311 61 29 on

211 3382 79 48 her
324 3384 290 56 engagement
647 3370 91 50 and
769 3369 122 60 hope
913 3364 80 48 she
1028 3359 91 52 will
1142 3359 93 49 find

210 3453 46 46 in
292 3447 219 50 America
544 3442 154 62 plenty
719 3436 48 51 of
799 3434 273 63 inspiration,
1106 3448 130 29 come

214 3516 115 51 back
364 3514 107 53 rich,
497 3513 99 61 give
629 3528 63 42 up
727 3501 261 56 theatricals,
1019 3497 93 50 and
1134 3499 101 59 give

211 3588 81 48 her
344 3580 164 52 friends
564 3576 186 50 another
807 3571 123 51 book
986 3569 48 49 of
1093 3586 139 29 verse.

215 3654 107 55 For,
358 3650 115 51 Miss
521 3646 137 53 Tree,
695 3660 90 46 you
837 3659 75 29 are
962 3635 143 63 surely
1156 3646 79 37 not

214 3723 132 61 going
379 3731 47 37 to
460 3736 79 42 say
573 3713 94 49 that
722 3709 75 50 the
844 3720 64 36 art
944 3706 48 48 of
1026 3722 140 45 poesy
1199 3704 36 46 is

214 3805 77 34 too
327 3784 198 56 difficult,
559 3782 164 60 having
764 3777 132 49 made
934 3773 109 51 such
1077 3793 28 27 a
1140 3789 72 31 suc-

211 3857 159 52 cessful
421 3867 122 37 start.
611 3849 116 51 And
779 3848 76 47 the
906 3857 120 47 stage
1076 3844 51 52 is,
1162 3861 74 28 we

216 3928 168 61 always
437 3920 99 56 feel,
574 3919 70 50 for
694 3915 186 50 another
932 3911 114 50 Miss
1112 3911 16 46 i
1146 3928 87 29 ree.

214 3996 153 49 There
403 4010 88 31 can
526 3990 61 50 be
620 4000 109 41 two,
766 3984 50 49 of
855 4002 169 35 course,
1061 3979 80 49 but
1165 3998 72 28 we

211 4083 137 30 never
370 4061 141 50 heard
529 4059 48 48 of
600 4077 120 29 more
746 4056 106 47 than
878 4073 86 29 one
982 4051 48 50 of
1057 4070 28 29 a
1109 4068 130 30 name

212 4134 97 47 that
343 4150 94 29 was
469 4126 138 63 really
639 4125 191 49 radiant.

225 4274 103 48 ON
540 4274 46 47 A
761 4270 148 51 SAN
1152 4270 91 48 GA

216 4400 197 113 THE
454 4400 228 61 following
733 4400 36 47 is
823 4418 28 29 a
901 4394 167 52 second
1122 4394 125 50 Note

351 4469 114 49 from
501 4469 219 48 Senatore
756 4465 206 50 Corrado
996 4464 144 53 Ricci,
1179 4461 68 49 for

216 4539 104 62 long
353 4539 78 48 the
465 4536 141 51 Head
639 4534 50 51 of
723 4535 76 48 the
835 4532 155 50 Italian
1037 4531 210 62 Ministry

211 4607 51 50 of
314 4606 112 50 Fine
460 4606 126 48 Arts.

341 4673 105 51 The
480 4673 157 61 design
677 4671 62 63 by
790 4670 211 63 Sangallo
1035 4671 211 51 Giovane

217 4742 241 65 published
492 4746 46 46 in
968 4741 51 49 of
1040 4741 207 49 October

1293 216 144 54 1925,
1472 212 132 51 Plate
1637 213 52 57 11,
1728 233 93 31 was
1856 216 147 54 made,
2027 218 46 49 in
2098 237 74 43 my
2205 221 75 61 opi-

1284 286 121 52 nion,
1442 302 48 28 as
1526 301 58 29 an
1617 283 260 50 illustration
1910 284 51 49 of
1997 286 73 48 the
2106 288 202 62 Chapter

1283 352 51 48 of
1367 353 234 47 Vitruvius
1634 352 44 47 in
1714 352 149 48 which
1898 352 58 49 he
1978 354 158 61 speaks
2157 355 51 49 of
2228 359 79 46 the

1282 420 202 50 Theatre
1517 419 90 48 and
1641 420 170 48 theatre
1834 439 146 32 scene.
2050 423 106 51 The
2173 427 110 48 trian-

1279 487 123 63 gular
1438 487 223 49 machines
1707 507 75 30 are
1834 489 76 49 the
1961 496 215 52 periacte,
2216 494 91 49 and

1283 560 77 44 the
1413 560 154 53 ospitij
1620 555 76 48 the
1747 555 148 62 places
1945 559 50 48 of
2048 561 73 47 the
2173 569 136 52 ospiti

1284 623 182 65 (guests)
1510 622 151 50 which
1714 644 87 29 one
1851 626 183 49 entered
2079 627 113 51 from
2228 632 76 46 the

1279 691 155 50 lateral
1485 691 151 56 doors,
1688 705 89 38 etc.
1813 706 87 38 etc.
1971 694 91 50 But
2112 698 193 63 perhaps

1279 762 87 47 this
1401 762 79 47 has
1515 759 116 50 been
1663 762 96 49 said
1797 761 63 64 by
1894 762 168 51 others!

1908 833 203 49 Corrado
2152 834 150 51 Ricci.

1280 896 164 56 Roma,
1481 895 257 51 December
1782 898 140 52 1925.

1288 1042 254 50 THAT
1625 1042 682 56 SHAKESPEARE

1280 1129 32 32 o
1499 1111 585 54 THEATRE.
2271 1135 31 30 o

1288 1238 156 116 DO
1479 1260 91 42 you
1593 1242 260 57 remember,
1879 1256 77 37 not
1980 1246 155 48 Sweet
2168 1244 137 51 Alice

1428 1310 68 46 for
1531 1308 77 49 she
1642 1310 36 47 is
1712 1312 339 61 unforgettable,
2096 1312 80 48 but
2210 1314 97 49 that

1280 1390 360 37 announcement
1694 1380 134 49 made
1880 1382 61 61 by
1993 1383 95 48 Mr.
2122 1382 186 48 Arnold

1282 1445 192 48 Bennett
1532 1448 46 47 in
1634 1465 29 30 a
1720 1448 198 49 London
1966 1468 263 43 newspaper
2262 1453 46 45 in

1280 1514 207 48 October
1526 1514 49 48 of
1607 1514 142 57 1923,
1785 1516 139 50 about
2031 1519 48 47 A
2106 1517 173 59 Shades-

1280 1599 138 40 peare
1460 1581 195 49 Theatre
1688 1591 52 39 at
1771 1583 117 50 Last
1959 1591 21 43 ?
2006 1587 53 43 (0

1353 1652 38 47 If
1430 1670 52 28 so
1515 1670 92 42 you
1642 1651 92 48 will
1767 1653 132 49 recall
1935 1655 92 48 that
2075 1655 79 49 Mr
2189 1653 90 51 Ben-

1280 1731 94 37 nett
1411 1721 270 48 announced
1707 1719 95 50 that
1838 1722 77 48 Mr
1941 1722 123 49 Dion
2088 1722 221 63 Calthrop

1283 1806 94 29 was
1411 1787 76 48 the
1543 1806 105 29 man
1682 1789 108 47 who
1895 1803 80 36 out
2009 1791 49 48 of
2103 1791 68 48 his
2204 1811 106 29 own

1282 1854 136 56 head,
1453 1855 81 47 has
1580 1857 121 48 done
1750 1858 247 62 something
2030 1872 208 35 concrete

1283 1924 90 47 and
1425 1923 76 49 the
1555 1924 249 63 Kingsway
1857 1928 198 48 Theatre
2107 1948 93 28 was
2234 1928 76 48 the

1283 2003 117 49 spot.
1471 1990 151 49 There
1656 2004 46 37 at
1755 1992 80 49 last
1870 2014 94 29 was
2016 2008 47 35 to
2106 1996 57 47 be
2215 1995 94 48 that

1284 2058 311 63 Shakespeare
1630 2060 214 51 Theatre.

1357 2128 38 49 If
1428 2146 91 43 you
1554 2147 85 30 can
1674 2130 248 48 remember
1956 2130 57 49 all
2050 2130 83 49 this
2171 2130 141 63 you'll

1286 2197 94 49 also
1415 2197 248 47 remember
1697 2198 97 46 that
1816 2217 136 29 seven
1988 2199 178 49 months
2187 2201 125 53 later,

1284 2268 47 46 in
1391 2263 114 63 May
1551 2263 141 56 1924,
1753 2264 76 48 the
1893 2265 196 50 London
2154 2287 159 42 papers

1280 2332 267 50 announced
1581 2335 96 46 that
1712 2332 80 49 Mr
1815 2334 126 48 Dion
1965 2334 220 64 Calthrop
2206 2356 80 42 pro-

1282 2401 141 64 posed
1448 2413 46 35 to
1519 2419 168 43 reopen
1721 2401 76 49 the
1833 2401 248 63 Kingsway
2114 2404 200 48 Theatre

1282 2470 112 49 with
1429 2489 27 28 a
1490 2486 137 30 revue
1661 2469 164 49 named
1862 2479 13 18 '
1900 2474 71 45 At
2006 2471 156 48 Home
2186 2471 11 14 *

1350 2537 118 50 And
1503 2555 105 31 now
1644 2537 80 51 Mr
1758 2537 221 64 Calthrop
2012 2540 80 48 has
2126 2540 190 49 become

1283 2629 28 28 a
1345 2607 192 47 director
1594 2624 51 29 or
1702 2606 76 49 the
1823 2608 193 49 director
2074 2607 50 50 of
2157 2629 28 28 a
2220 2621 97 38 vast

1286 2674 322 60 Broadcasting
1644 2673 219 50 Business.

1357 2743 35 48 It
1430 2761 104 43 may
1589 2744 57 46 be
1683 2740 79 50 Mr
1813 2742 256 65 Calthrop's
2115 2766 104 43 way
2266 2746 48 48 of

1288 2813 177 61 coming
1499 2810 146 50 round
1681 2823 44 36 at
1758 2810 80 50 last
1875 2826 47 35 to
1945 2833 26 28 a
2007 2814 310 65 Shakespeare

1287 2881 216 50 Theatre.
1580 2878 80 49 He
1702 2898 103 42 may
1852 2880 237 51 broadcast
2140 2883 148 49 Shake-

1286 2968 168 44 speare.
1528 2946 38 50 If
1602 2947 57 49 he
1694 2949 225 56 succeeds,
1947 2951 107 47 then
2091 2951 78 50 Mr
2194 2953 90 48 Ben-

1288 3030 94 37 nett
1419 3016 136 61 really
1590 3015 136 61 ought
1781 3027 46 36 to
1862 3019 127 47 write
2040 3039 114 30 once
2195 3039 122 29 more

1287 3087 141 48 about
1484 3087 77 50 the
1614 3096 220 45 concrete,
1890 3090 281 59 announcing
2222 3087 96 50 that

1289 3154 124 50 there
1467 3152 90 55 will
1604 3152 59 49 be
1772 3152 311 65 Shakespeare
2116 3156 201 62 readings

1287 3236 44 37 at
1368 3223 79 50 last

1357 3294 91 48 But
1500 3292 85 52 this
1620 3288 176 52 doesn't
1849 3290 126 65 bring
2027 3293 76 49 the
2144 3293 145 51 Shake-

1286 3381 156 48 speare
1476 3364 199 48 Theatre
1711 3377 154 31 nearer
1902 3374 45 37 to
1982 3382 66 30 us.

1355 3435 36 47 It
1428 3433 49 55 is,
1514 3431 231 52 however,
1781 3447 27 28 a
1843 3428 172 52 feather
2050 3431 47 47 in
2120 3430 77 50 the
2230 3449 88 43 cap

1286 3501 48 50 of
1368 3523 27 28 a
1430 3502 74 60 big
1556 3499 95 49 firm
1687 3511 48 37 to
1771 3500 58 47 be
1862 3499 103 48 able
1988 3511 48 37 to
2070 3499 127 48 boast
2222 3497 95 50 that

1286 3574 31 47 it
1352 3571 80 50 has
1465 3569 214 62 acquired
1716 3569 74 48 the
1821 3569 190 48 services
2045 3566 48 49 of
2116 3588 50 27 so
2189 3586 104 31 ener-

1284 3641 113 60 getic
1432 3659 28 26 a
1494 3657 101 30 man
1637 3636 49 49 of
1720 3636 137 49 talent
1890 3656 48 28 as
1974 3635 79 49 Mr
2098 3635 220 63 Calthrop

1284 3708 90 48 and
1410 3706 81 49 has
1524 3704 126 50 lured
1686 3704 91 49 him
1811 3703 65 50 off
1910 3703 77 50 the
2018 3717 139 47 stage.

1360 3776 39 48 If
1433 3795 72 29 we
1541 3774 93 49 had
1669 3773 76 50 the
1782 3792 161 42 money
1989 3783 48 38 to
2072 3772 113 49 offer
2224 3772 93 49 him

1286 3843 120 51 we'd
1457 3843 94 48 lure
1601 3843 92 48 him
1745 3862 60 29 on
1856 3843 143 60 again.
2069 3840 248 56 However,

1286 3913 154 62 plenty
1475 3909 49 49 of
1556 3911 107 47 time
1686 3909 134 49 when
1843 3928 71 29 we
1937 3909 117 48 have
2078 3929 27 28 a
2126 3920 121 49 stage
2271 3920 47 35 to

1286 3980 113 50 offer
1433 3980 123 48 him:
1608 3977 92 49 and
1736 3976 79 50 Mr
1849 3976 219 62 Calthrop
2125 3977 37 47 is
2218 3994 76 44 per-

1292 4047 138 64 fectly
1481 4047 112 60 right
1645 4049 46 47 in
1726 4049 134 59 going
1910 4059 47 35 to
2008 4045 165 62 people
2213 4043 105 49 who

1296 4117 117 50 have
1449 4116 75 49 the
1561 4135 126 29 sense
1722 4127 46 36 to
1805 4115 128 49 make
1969 4113 93 49 him
2097 4134 27 26 a
2159 4112 162 48 decent

1292 4186 141 49 offer:
1442 4183 142 50 —the
1635 4183 283 62 paragraphs,
1970 4193 208 38 concrete
2218 4181 84 47 arti-

1296 4254 104 57 cles,
1437 4252 118 51 need
1590 4266 78 35 not
1693 4253 59 48 be
1786 4250 174 51 wasted
1980 4270 12 30 :
2029 4249 106 62 they
2161 4245 161 52 should

1298 4323 60 48 be
1394 4320 109 51 used
1538 4322 144 59 again,
1719 4322 85 61 just
1829 4320 217 61 changing
2081 4319 77 47 the
2192 4334 131 31 name

1298 4390 221 61 Calthrop
1555 4403 47 35 to
1635 4389 185 55 Codlin,
1847 4402 46 35 to
1929 4389 164 61 Baylis,
2120 4398 46 37 to
2200 4384 123 49 what

1297 4480 90 44 you
1423 4459 108 49 will.

1366 4531 43 59 €|
1443 4530 76 49 To
1554 4549 128 30 come
1716 4540 47 37 to
1799 4548 26 28 a
1860 4526 142 50 better
2026 4524 302 64 appreciation

1402 4706 46 44 (1)
1471 4704 85 38 See
1634 4701 99 40 The
1762 4699 128 42 Mask
1975 4698 103 41 Vol.
2100 4699 56 38 X.
2181 4698 84 39 No.
2285 4704 41 43 3.

1301 4767 42 36 p.
1369 4757 83 50 138.

2357 220 51 49 of
2444 221 122 49 what
2600 222 94 51 Mr.
2731 223 194 51 Bennett
2958 225 112 50 does
3102 227 47 48 in
3184 226 188 53 betweei

2357 288 68 48 his
2459 291 177 49 labours
2669 291 49 49 of
2757 294 176 60 writing
2982 296 215 49 readable
3250 296 120 51 book

2356 378 89 28 one
2477 360 161 49 should
2689 362 108 48 read
2849 364 66 47 his
2964 377 108 36 note
3123 368 140 46 about
3318 367 45 47 th

2356 438 99 49 part
2491 428 58 48 he
2582 428 165 62 played
2782 430 47 47 in
2863 430 215 64 founding
3127 433 79 48 the
3259 430 107 63 Lyri

2356 495 212 57 Theatre,
2595 499 367 51 Hammersmith,
3032 503 75 45 It's
3131 514 76 36 not
3232 519 131 43 every

2355 583 88 29 one
2477 565 91 48 will
2603 584 55 43 go
2693 567 146 49 round
2891 565 179 65 looking
3123 570 68 48 for
3240 571 132 47 funds

2356 632 98 47 and
2487 639 174 55 getting
2694 635 119 48 them
2849 644 90 48 too,
2981 648 47 35 to
3069 636 106 62 help
3225 658 29 28 a
3305 637 52 49 de

2355 701 171 60 serving
2583 721 152 32 cause.
2829 703 94 50 We
2980 722 138 31 never
3168 707 189 59 imagine

2357 769 94 47 Mr.
2488 773 192 45 Bennett
2713 772 189 61 capable
2937 772 49 49 of
3024 792 90 42 any
3165 775 123 59 thing
3340 792 21 29 c

2352 837 97 48 that
2482 835 124 54 kind.

2423 904 129 62 Very
2583 908 181 60 spirited
2798 908 50 49 of
2893 909 107 57 him,
3058 912 33 47 it
3142 929 141 31 seems
3343 921 15 38 t

2354 990 50 31 us
2422 993 12 28 :
2440 992 138 30 —we
2611 989 173 48 suspect
2808 978 94 49 Mr.
2935 979 193 48 Bennett
3151 979 50 50 of
3224 979 135 50 havin

2355 1060 27 28 a
2416 1040 250 65 dreadfully
2712 1044 108 49 kind
2871 1046 140 51 heart.
3081 1048 106 48 The
3238 1048 121 59 Lyrk

2356 1109 351 50 Hammersmith
2831 1114 109 49 little
2964 1114 133 62 Nigel
3119 1114 243 63 Piayfair...

2354 1177 136 62 really
2523 1177 71 50 it's
2625 1181 87 57 just
2744 1200 27 29 a
2808 1181 64 48 bit
2907 1185 221 58 touching.

2363 1338 32 31 o
2471 1322 811 52 POTENTIALITY.
3355 1343 14 30 <

2370 1447 191 115 WE
2594 1469 75 29 are
2703 1450 169 64 always
2905 1451 133 63 being
3071 1453 97 49 told
3211 1454 51 47 of
3314 1453 63 48 the

2549 1520 320 57 potentialities
2909 1521 47 47 in
3011 1523 251 45 America:
3314 1520 65 48 the

2361 1585 75 62 big
2472 1587 127 47 word
2623 1587 164 49 sounds
2810 1600 154 50 potent
2989 1589 91 48 and
3103 1591 35 46 is
3161 1590 46 47 in
3238 1587 146 64 reality

2360 1657 147 46 rather
2543 1656 226 61 puff-ball.

2431 1723 90 48 For
2557 1726 122 47 what
2713 1726 36 47 is
3210 1723 184 50 Potentia
3107 1730 21 44 ?
3161 1726 37 48 is
3231 1726 33 47 it
3307 1736 74 38 not

2364 1791 76 49 the
2473 1792 264 48 Possession
2774 1793 61 56 of
2862 1797 251 44 concealed
3146 1811 158 46 power
3323 1797 21 44 ?

2432 1862 125 47 Now
2592 1862 248 47 American
2888 1879 157 44 power
3095 1864 37 47 is
3182 1860 197 50 revealec

2363 1926 58 50 all
2460 1928 77 48 the
2572 1930 127 47 time:
2736 1929 301 58 Potentiality
3071 1931 36 47 is
3141 1929 76 49 the
3252 1937 120 49 possi

2363 1996 130 57 hility
2529 1995 60 57 of
2615 2003 172 43 action.
2848 1996 133 50 With
3013 1999 268 48 Americans
3330 2017 45 28 nc

2363 2069 149 45 action
2545 2066 36 45 is
2615 2065 196 49 allowed
2845 2078 48 35 to
2929 2067 57 47 be
3027 2067 193 60 possible
3269 2067 106 47 sine*

2364 2151 137 42 every
2535 2133 249 59 possibility
2801 2133 36 47 is
2862 2135 226 59 exploited
3111 2137 45 46 in
3179 2135 78 48 the
3282 2132 93 48 bud

2364 2199 325 51 Potentialities
2723 2202 220 47 therefore
2977 2221 85 29 can
3084 2202 107 62 only
3216 2203 56 47 be
3295 2203 95 47 said

2365 2281 48 35 to
2448 2271 110 45 exist
2592 2269 47 47 in
2672 2287 30 29 a
2736 2271 164 59 people
2933 2269 108 49 who
3091 2272 191 47 observe
3334 2288 60 30 an

2366 2338 216 47 immense
2618 2335 239 50 discretion
2890 2339 45 46 in
2973 2338 249 62 displaying
3272 2357 122 29 some

2365 2405 50 50 of
2444 2406 76 49 the
2554 2424 177 43 powers
2764 2406 108 61 they
2905 2426 188 41 possess.

2371 2553 49 46 A
2491 2553 68 49 W
2613 2553 48 48 O
2722 2555 51 48 R
2831 2555 52 48 D
3003 2556 396 49 FROM

2376 2620 190 49 THE
2636 2621 48 50 P
2722 2621 636 50 ÜBLISHERS

2388 2750 141 110 rhe
2565 2749 256 49 Publishers
2854 2761 141 51 regret
3030 2750 109 57 that,
3176 2752 149 61 owing
3348 2764 23 37 t

2505 2817 142 62 postal
2687 2817 149 64 delay,
2871 2839 28 28 a
2948 2820 172 49 revised
3173 2821 133 58 proof
3347 2840 23 29 c

2369 2907 88 29 one
2508 2887 49 47 of
2612 2888 76 47 the
2739 2889 363 47 advertisements
3125 2888 150 48 which
3310 2909 59 43 ap

2369 2956 168 59 peared
2561 2954 47 47 in
2632 2954 75 47 the
2730 2954 207 50 October
2961 2956 187 47 number
3164 2954 50 49 of
3238 2966 33 17 ''
3290 2957 77 49 Th

2369 3022 139 53 Mask
2591 3022 176 49 arrived
2803 3036 77 36 too
2913 3023 89 48 late
3037 3023 70 48 for
3141 3024 78 48 the
3249 3025 120 50 inten

2368 3093 94 49 ded
2499 3090 254 50 alterations
2787 3104 47 37 to
2870 3093 58 48 be
2975 3091 147 55 made,
3160 3093 78 48 the
3272 3095 98 48 shee

2369 3163 165 58 having
2569 3159 115 48 been
2717 3160 182 63 already
2933 3163 178 60 printed
3146 3160 78 50 off.

2435 3227 107 52 The
2594 3229 231 49 corrected
2861 3231 176 48 version
3070 3229 155 50 would
3277 3229 101 50 havi

2368 3295 198 53 avoided
2613 3293 60 50 all
2723 3297 204 61 personal
2977 3298 314 64 comparison;
3329 3297 47 50 fo

2370 3372 33 46 it
2439 3363 154 52 would
2629 3362 59 53 be
2722 3385 28 28 a
2787 3367 94 62 pity
2914 3367 49 58 if,
2988 3367 47 47 in
3059 3359 75 55 the
3157 3364 219 53 advertise

2372 3448 142 41 ments
2548 3432 50 48 of
2632 3452 28 28 a
2683 3436 260 64 periodical,
2960 3438 134 64 place
3116 3436 162 49 should
3295 3455 85 30 eve

2369 3508 59 48 be
2452 3499 142 53 found
2643 3507 69 49 for
2763 3504 79 48 the
2891 3503 280 66 comparison
3224 3504 49 50 of
3323 3504 57 48 tb

2370 3575 145 51 merits
2566 3575 50 50 of
2666 3589 159 43 actors,
2880 3577 75 48 the
3007 3574 106 61 only
3160 3574 127 62 place
3334 3573 46 48 fo

2368 3664 87 45 any
2490 3645 109 48 such
2631 3645 226 50 reference
2909 3645 133 61 being
3085 3646 47 46 in
3165 3644 78 49 the
3278 3641 102 63 bod;

2368 3718 49 48 of
2454 3714 76 52 the
2569 3716 243 61 magazine.
2877 3715 107 47 The
3022 3712 254 50 Publishers
3315 3714 65 47 sin

2369 3782 147 64 cerely
2551 3782 120 63 hope
2707 3782 94 49 that
2836 3785 46 46 in
2934 3782 78 47 the
3059 3780 321 49 advertisemen

2369 3855 149 47 above
2544 3850 195 50 referred
2774 3864 47 35 to
2857 3871 60 28 no
2952 3848 175 50 offence
3153 3865 94 32 was
3270 3851 110 60 givei

2369 3936 46 34 to
2450 3940 192 42 anyone.

2526 4064 403 49 ERRTA.

2375 4211 159 112 ON
2571 4231 113 44 page
2722 4212 79 56 28,
2837 4211 81 51 last
2954 4211 102 57 line,
3107 4211 68 50 for
3273 4211 112 51 Fair

2523 4280 106 49 Deli
2718 4281 109 48 read
2919 4280 132 63 Fairy
3086 4278 110 51 Doll

2445 4348 81 50 On
2581 4362 114 50 page
2731 4351 66 48 39
2834 4389 12 16 ,
2882 4350 180 49 column
3122 4350 38 53 1,
3213 4347 89 50 line
3337 4347 31 50 4

2376 4418 70 50 for
2539 4418 104 63 they
2679 4438 113 30 cooe
2827 4432 45 36 at
2909 4440 71 28 me
3081 4416 108 49 read
3300 4416 106 62 they

3272 4483 42 62 J.
3351 4484 35 50 S.

2376 4508 130 30 come
2542 4501 45 35 at
2623 4507 71 29 me

2446 4647 79 38 All
2547 4647 165 46 Rights
2735 4646 220 38 reserved.
2994 4645 207 45 January
3224 4645 117 44 1926.

2411 4701 188 38 Gerente
2625 4697 292 47 responsabile
2943 4695 193 39 Antonio
3163 4694 218 41 Maraini\

2525 4750 257 47 Tipografia
2813 4748 229 46 Giuntina,
3070 4746 84 39 Fir
3155 4758 51 27 en
3210 4758 66 29 Be*
