3568 5049
3302 116 57 52 15

167 205 159 73 level
378 233 113 43 our
545 201 299 75 meadow
901 202 168 84 well,
1126 233 106 44 we
1286 203 127 74 will
1469 224 142 73 stop
1647 236 86 63 up

171 310 106 71 the
331 304 281 75 crooked
665 337 135 42 arm
837 305 213 75 which
1106 325 138 54 cuts
1280 336 113 44 our
1431 306 302 75 beautiful

175 409 295 75 meadow
509 440 15 52 ;
581 408 138 74 that
771 408 125 75 will
937 409 83 71 be
1065 413 195 70 twice
1296 440 68 40 as
1404 408 324 88 beautiful,

178 515 125 72 and
355 543 103 43 we
495 543 107 41 are
637 515 186 90 going
858 530 66 52 to
965 510 127 74 find
1128 511 177 76 work
1341 513 352 74 immediate-

176 617 63 93 ly
291 616 92 73 for
437 645 110 44 our
601 615 242 93 diggers

330 719 113 74 He
496 748 140 61 says
698 737 66 52 to
818 748 100 41 me
950 748 14 42 :
1126 718 230 84 Come,
1411 738 164 75 stop,
1632 751 105 62 my

171 822 221 82 friend,
451 821 179 72 don't
683 819 81 73 let
837 850 71 42 us
961 819 149 93 play
1190 852 122 63 any
1366 854 220 53 more;
1656 855 80 61 go

173 945 66 52 to
293 924 127 73 bed
454 954 14 51 ;
526 943 339 54 tomorrow
901 927 281 89 morning
1216 955 129 63 you
1398 926 126 74 will
1561 957 129 41 mea-

170 1058 137 42 sure
360 1026 105 73 the
519 1025 210 92 length
783 1025 127 74 and
962 1026 110 73 the
1124 1026 270 74 breadth
1430 1028 127 73 and
1609 1059 127 63 you

171 1129 123 75 will
333 1128 181 74 make
569 1128 106 72 the
729 1129 401 74 cumulations
1183 1162 66 41 as
1286 1150 68 53 to
1390 1133 177 72 what
1603 1133 135 72 that

171 1232 126 75 will
349 1251 133 54 cost
537 1261 67 42 us
802 1232 68 73 In
922 1232 192 86 short,
1173 1233 23 73 I
1236 1265 110 61 say
1390 1235 346 94 goodnight

170 1355 65 52 to
296 1335 150 83 him,
504 1334 127 73 and
684 1354 103 74 get
839 1365 107 64 up.

174 1545 186 177 M
468 1562 260 51 TALMA
778 1571 134 43 was
965 1574 70 40 so
1096 1542 256 93 pleased
1416 1542 152 75 with
1623 1543 76 76 ha-

380 1694 26 30 »
471 1647 143 88 ving
667 1645 194 72 found
917 1644 176 73 work
1149 1645 131 72 that
1332 1645 83 72 he
1468 1645 110 72 did
1632 1668 108 53 not

171 1745 170 93 sleep
413 1745 132 74 that
595 1746 191 92 night.
895 1746 113 73 He
1062 1778 177 42 came
1291 1767 66 52 to
1411 1746 206 74 knock
1676 1772 65 53 at

173 1880 104 61 my
330 1847 159 73 door
542 1848 107 71 the
701 1868 147 54 next
901 1853 280 88 morning
1233 1849 218 74 before
1521 1851 215 89 dawn,

173 1953 213 92 saying
437 1970 66 53 to
557 1981 102 44 me
691 1983 14 40 :

411 2054 294 84 Louette,
769 2055 21 71 I
848 2086 100 41 am
1003 2059 257 89 waiting
1329 2056 96 74 for
1477 2089 145 63 you.
1675 2080 65 54 to

173 2188 80 61 go
305 2177 64 52 to
424 2186 112 43 our
592 2157 179 73 canal

329 2258 21 71 I
405 2260 329 72 answered
769 2260 124 72 him
929 2293 14 40 :
1072 2261 170 94 Pray
1279 2265 138 89 give
1453 2294 100 43 me
1590 2267 147 71 time

173 2381 66 54 to
292 2361 171 75 dress
518 2362 220 93 myself

330 2464 113 74 He
487 2496 140 61 says
663 2484 67 52 to
782 2496 102 42 me
915 2497 14 41 :
1075 2465 115 74 All
1243 2468 174 91 right.
1534 2470 199 84 Well,

175 2566 293 83 Louette,
555 2568 21 70 I
642 2599 102 42 am
823 2572 184 89 going
1086 2600 80 41 on
1248 2571 230 84 ahead,
1562 2572 175 94 bring

175 2670 183 92 along
409 2700 156 62 your
620 2700 280 43 measure
969 2671 155 74 with
1176 2704 148 61 you.
1435 2674 135 73 We
1632 2708 105 42 are

173 2776 182 91 going
410 2793 65 53 to
529 2803 178 62 carry
776 2793 108 52 out
940 2773 104 73 the
1116 2775 175 74 work
1345 2779 282 89 together

326 2877 98 72 At
490 2874 113 73 last
678 2878 22 71 I
757 2877 263 72 arrived.
1134 2877 104 75 M.
1305 2878 231 76 Talma
1608 2883 127 73 had

173 2977 254 94 already
481 2977 188 74 nude
724 2978 105 73 the
882 2978 201 73 round
1138 2980 64 72 of
1256 2981 105 72 the
1413 2983 320 75 meadow.

173 3083 20 69 I
253 3113 80 61 go
386 3102 66 53 to
524 3102 167 53 meet
743 3083 128 72 him
942 3081 127 74 and
1124 3114 101 43 we
1293 3104 94 55 set
1440 3107 66 53 to
1559 3089 177 74 work

170 3187 60 68 in
283 3184 107 74 the
443 3184 171 84 dew,
672 3215 111 43 our
837 3185 125 73 feet
1015 3184 270 97 soaking.
1402 3188 23 72 I
1479 3190 257 74 wanted

171 3306 65 52 to
289 3287 154 74 send
496 3287 127 74 him
678 3287 185 85 back,
904 3288 94 73 for
1051 3288 131 73 fear
1219 3295 44 66 it
1299 3290 224 77 should
1559 3293 176 74 harm

170 3389 146 73 him.
425 3390 113 74 He
590 3390 223 94 replies
882 3410 66 52 to
1020 3422 148 43 me:
1510 3396 222 84 friend,

167 3522 126 62 you
347 3493 194 91 speak
593 3524 150 63 very
796 3494 293 91 seriously
1124 3526 14 42 :
1196 3499 167 70 since
1406 3527 124 62 you
1575 3500 161 74 have

169 3593 299 84 children,
524 3626 159 62 your
745 3596 262 72 absense
1060 3597 159 72 from
1290 3598 170 74 them
1515 3602 220 74 would

170 3696 81 72 be
306 3728 67 40 as
424 3698 264 74 harmful
743 3720 66 52 to
862 3698 169 74 them
1070 3731 66 41 as
1173 3701 219 75 would
1445 3704 84 73 be
1572 3710 163 68 mine

170 3800 155 71 from
378 3805 164 69 mine

409 3904 326 74 Monsieur
915 3935 112 62 say
1083 3903 23 72 I
1159 3923 66 54 to
1280 3907 147 85 him,
1586 3912 46 70 it
1684 3914 48 69 is

167 4003 270 75 because
489 4038 125 61 you
670 4006 216 76 would
941 4007 178 72 leave
1171 4039 38 40 a
1261 4030 175 72 great
1490 4043 124 62 gap
1670 4017 60 69 in

170 4107 105 70 the
329 4109 238 72 surface
620 4110 66 71 of
738 4140 113 41 our
904 4107 166 87 land,
1129 4110 113 74 but
1289 4116 61 69 in
1403 4146 104 62 my
1561 4147 167 53 case,

170 4239 147 42 save
368 4210 95 71 for
499 4214 146 67 time
681 4232 64 52 to
781 4243 165 64 open
1001 4212 124 73 and
1163 4214 168 74 close
1374 4217 108 73 the
1516 4250 208 61 grave,

170 4311 254 95 nothing
479 4313 214 74 would
744 4314 84 73 be
880 4317 349 72 noticeable
1270 4350 122 62 any
1445 4351 174 43 more

409 4415 157 85 Yes,
641 4447 104 62 my
814 4417 221 84 friend,
1116 4421 97 72 for
1289 4422 107 73 the
1467 4425 210 93 public
1710 4458 14 51 ;

171 4516 131 83 but,
383 4518 225 73 should
661 4549 102 45 we
842 4519 103 72 die
998 4521 105 73 the
1155 4554 172 42 same
1407 4525 149 94 day,
1623 4560 101 62 my

171 4620 275 75 children
505 4624 126 73 and
683 4652 187 64 yours
941 4626 213 72 would
1225 4629 159 73 each
1437 4629 131 74 lose
1619 4632 107 72 the

171 4754 188 44 same.
470 4726 265 95 Beyond
788 4726 153 84 that,
999 4730 45 68 it
1096 4732 49 69 is
1197 4731 254 94 nothing

1942 206 66 72 In
2086 206 191 85 short,
2363 240 102 43 we
2552 212 290 69 continue
2922 240 112 42 our
3127 210 224 75 work:

1788 308 314 75 breakfast
2138 315 148 69 time
2321 342 210 42 comes
2569 343 66 41 as
2690 343 103 43 we
2831 343 169 42 were
3053 313 300 92 finishing.

1945 413 23 72 I
2018 443 110 63 say
2165 433 65 54 to
2285 414 127 74 him
2445 446 14 42 :
2608 414 197 83 Well,
2866 416 348 83 Monsieur,
3255 449 104 41 we

1788 516 155 72 shall
2022 516 176 75 finish
2259 549 112 43 our
2434 518 400 74 calculations
2888 518 189 75 while
3138 520 184 73 break-

1788 619 222 91 fasting

1945 723 113 74 He
2111 722 221 94 replies
2365 755 15 42 :
2525 723 156 85 Yes,
2738 724 113 74 but
2903 755 128 62 you
3086 725 127 75 will
3274 725 86 73 do

1788 828 47 69 it
1888 824 205 84 alone,
2152 824 126 74 and
2334 826 47 85 I,
2441 827 148 74 who
2641 847 93 52 set
2786 846 109 55 out
2930 827 95 74 for
3081 830 178 73 Paris
3295 850 65 53 at

1789 926 285 95 midday,
2158 929 22 72 I
2236 927 115 74 still
2415 949 172 53 want
2667 949 65 53 to
2812 962 81 61 go
2973 931 203 73 round
3255 963 105 62 my

1789 1029 257 93 garden,
2131 1031 150 83 and,
2337 1063 344 54 moreover,
2760 1034 21 72 I
2836 1034 190 75 know
3107 1035 255 92 nothing

1792 1133 65 72 of
1909 1165 156 61 your
2118 1134 177 73 craft.
2404 1136 141 92 Try
2598 1137 126 72 and
2779 1137 175 75 finish
3017 1169 159 59 your
3231 1139 96 72 cal-

1792 1236 299 75 culations
2145 1238 220 73 before
2422 1238 23 73 I
2499 1259 172 63 start,
2728 1240 133 73 that
2900 1244 21 69 I
2978 1273 147 62 may
3177 1273 104 42 see
3316 1241 45 74 if

1790 1340 136 74 that
1980 1341 125 75 will
2184 1340 243 75 exceed
2480 1341 107 74 the
2666 1344 412 93 expenditure
3147 1345 134 73 that
3336 1346 23 72 I

1792 1463 172 55 want
1991 1463 65 55 to
2091 1448 173 69 incur
2298 1444 120 74 this
2456 1448 240 81 winter,
2735 1447 97 73 for
2867 1480 106 61 my
3010 1448 349 74 household

1790 1550 50 69 is
1893 1546 145 94 only
2091 1566 108 52 too
2252 1546 205 94 heavy
2495 1567 65 54 to
2601 1552 315 81 maintain,
2954 1550 265 75 without
3254 1550 107 73 the

1792 1649 169 92 good
2017 1650 134 74 that
2222 1651 23 71 I
2300 1651 161 73 have
2516 1670 66 54 to
2635 1651 85 74 do
2773 1653 346 76 elsewhere

1949 1753 263 91 Finally,
2271 1772 63 53 at
2371 1752 279 95 midday,
2711 1755 104 75 M.
2864 1757 232 72 Talma
3149 1787 210 42 comes

1794 1875 65 53 to
1911 1886 121 55 me,
2116 1857 227 91 having
2419 1860 120 90 just
2592 1858 185 74 made
2857 1861 106 72 the
3019 1860 198 73 round
3295 1861 66 71 of

1794 1959 93 72 his
1940 1956 261 95 garden.

1951 2060 114 74 Fie
2116 2092 141 61 says
2290 2092 15 42 :
2466 2061 198 86 Well,
2720 2094 106 63 my
2888 2064 221 85 friend,
3185 2067 175 73 what

1797 2163 86 74 do
1935 2195 126 62 you
2117 2163 181 75 make
2349 2167 96 71 it?

2017 2267 350 83 Monsieur,
2406 2298 106 63 my
2539 2267 210 76 whole
2785 2301 310 64 summary
3121 2272 232 84 shows,

1790 2390 178 73 apart
2004 2371 157 73 from
2198 2371 107 73 the
2332 2374 532 74 inconveniencies
2899 2375 65 73 of
2991 2375 106 73 the
3135 2395 219 64 water,

1790 2473 214 75 which
2057 2473 193 93 might
2304 2473 252 94 impede
2610 2506 92 53 us,
2775 2477 213 84 1,500
3043 2477 204 75 francs
3293 2479 65 73 of

1790 2606 303 64 expenses

1945 2677 201 74 Good
2178 2688 15 64 !
2252 2710 105 63 my
2412 2679 222 85 friend,
2687 2712 127 62 you
2867 2682 162 75 have
3066 2684 135 73 told
3254 2717 101 42 me

1792 2780 134 74 that
1981 2782 193 72 there*
2210 2812 106 42 are
2368 2813 174 42 some
2605 2784 321 74 workmen
2996 2787 190 94 doing
3238 2818 77 41 no-

1790 2883 172 94 thing
2014 2888 62 69 in
2112 2883 85 74 les
2236 2884 361 85 Bosserons,
2654 2887 152 94 they
2842 2910 160 52 must
3053 2889 84 74 be
3175 2889 183 74 taken

1792 3018 84 42 on
1929 3006 342 56 tomorrow

1942 3088 177 76 That
2191 3121 134 43 was
2396 3085 254 97 Friday.
2777 3090 23 74 I
2871 3123 112 64 say
3049 3113 66 53 to
3176 3093 173 76 him:

1878 3192 349 84 Monsieur,
2285 3192 210 91 taking
2531 3225 82 40 on
2650 3194 323 75 workmen
3010 3201 49 68 is
3106 3217 107 55 not
3251 3198 99 84 all,

1789 3295 107 72 the
1949 3296 178 74 work
2180 3315 160 53 must
2392 3295 84 72 be
2531 3296 270 94 planned
2856 3320 108 52 out

1945 3399 115 73 He
2146 3399 323 92 responds,
2672 3401 140 83 Ah,
2913 3404 188 72 that's
3199 3424 154 65 true,

1792 3500 291 75 Louette.
2191 3502 213 73 Listen
2459 3522 64 53 to
2584 3535 102 40 me
2739 3504 168 73 then.
3019 3507 21 72 I
3097 3526 102 54 act
3268 3528 61 52 to-

1789 3632 294 56 morrow,
2156 3604 337 93 Saturday.
2602 3607 113 71 On
2777 3607 264 94 Sunday
3110 3611 20 70 I
3203 3611 152 71 shall

1789 3737 179 43 come
2022 3707 191 93 early,
2272 3707 126 74 and
2453 3739 102 43 we
2608 3707 127 77 will
2787 3710 148 94 plan
2996 3716 44 69 it
3095 3733 108 53 out
3255 3733 66 52 to-

1787 3809 236 91 gether.
2132 3810 179 74 That
2367 3810 123 75 will
2563 3842 212 42 amuse
2846 3846 119 52 me,
3040 3815 127 73 and
3221 3836 133 53 two

1787 3912 197 75 heads
2037 3945 107 42 are
2196 3914 202 73 better
2452 3914 151 74 than
2654 3946 121 42 one

1942 4017 49 73 It
2043 4021 50 69 is
2147 4017 145 75 well
2347 4036 65 54 to
2465 4038 156 53 state
2676 4019 133 73 that
2853 4020 107 72 the
3014 4021 236 94 delight
3288 4024 66 69 of

1787 4116 103 77 M.
1947 4119 233 74 Talma
2232 4152 135 42 was
2404 4138 65 55 to
2521 4120 101 94 lay
2659 4140 108 54 out
2819 4124 348 94 something
3201 4156 145 42 new

1783 4224 61 69 in
1896 4222 94 73 his
2042 4222 255 94 garden,
2352 4256 70 39 so
2474 4224 137 73 that
2646 4256 172 41 some
2873 4227 62 70 of
2974 4227 93 72 his
3120 4227 229 73 friends

1783 4326 227 74 named
2081 4326 126 72 him
2279 4327 106 71 M.
2447 4327 118 73 Da
2621 4327 241 88 Piquet
2867 4388 13 24 ,
2926 4325 71 64 O
3053 4331 94 71 for
3200 4330 150 92 they

1782 4458 132 42 saw
1970 4429 127 72 him
2151 4429 366 92 ceaselessly
2573 4434 221 89 setting
2855 4462 151 62 pegs
3058 4452 66 53 to
3177 4433 176 72 mark

1780 4549 108 55 out
1940 4533 185 91 paths
2179 4563 71 41 or
2302 4533 238 93 clumps
2594 4534 66 71 of
2730 4553 160 54 trees
2945 4567 70 41 or
3077 4537 269 73 flowers.

1948 4765 70 65 (1)
2060 4764 240 51 Monsieur
2339 4765 97 64 Peg
2470 4787 52 30 or
2556 4765 178 54 Picket.
