3472 4330
1735 135 87 52 126

199 263 70 49 Im
284 262 194 51 Scherzo
510 262 151 51 finden
692 263 80 51 wir
801 263 212 54 ebenfalls
1045 267 142 66 gleich
1216 270 59 48 im
1302 271 174 66 Beginn
1506 272 97 51 eine
1633 275 71 48 auf-

198 343 186 51 fallende
425 346 309 50 Reminiscenz
778 364 56 32 an
877 347 80 51 das
1000 350 163 67 Haydn
1182 351 104 50 sehe
1322 354 318 52 Menuet-Trio
1685 356 43 50 in

198 427 161 50 dessen
387 429 419 59 Es-dur-Sinfonie;
849 431 116 51 doch
1005 434 163 49 wollen
1208 435 83 48 wir
1332 436 119 50 diese
1482 439 130 49 fatale
1639 440 59 49 Ne-

196 509 496 68 beneinanderstellung
712 511 182 51 diesmal
918 515 251 49 vermeiden
1195 517 88 50 und
1306 536 88 32 nur
1418 520 152 50 Herrn
1589 521 139 50 Esser

198 592 147 50 selber
388 594 159 49 darauf
581 595 301 52 aufmerksam
925 597 198 51 machen.
1182 601 93 49 Das
1305 603 105 49 Trio
1443 603 148 49 selber
1620 604 109 49 aber

195 674 164 50 theilen
379 675 81 49 wir
483 675 87 52 den
590 677 174 51 Lesern
787 679 91 58 mit,
909 679 62 51 als
1000 679 153 67 Beleg,
1182 683 86 48 wie
1297 684 113 48 auch
1441 686 121 49 Herr
1591 688 138 48 Esser

195 757 140 50 Motiv
364 774 55 33 an
448 759 138 51 Motiv
614 759 118 51 reiht
768 761 93 50 und
888 778 50 33 so
968 761 252 52 wohlfeilen
1248 765 142 51 Kaufs
1421 784 54 33 an
1506 768 97 49 eine
1631 770 65 48 Me-

196 839 115 49 lodie
340 839 188 53 kommt.

180 2628 244 51 Ueberdies
463 2631 57 49 ist
560 2632 97 50 eine
697 2633 151 51 solche
886 2636 300 67 rhythmische
1214 2638 279 60 Monotonie,
1537 2641 84 49 wie
1650 2638 63 54 sie

180 2711 95 48 hier
304 2712 202 67 vorliegt,
547 2715 120 49 nicht
706 2715 320 53 lobenswerth.
1081 2718 276 68 Abgesehen
1399 2739 86 33 von
1530 2723 181 51 solchen

177 2795 228 64 Mängeln,
458 2814 122 33 muss
634 2816 103 32 man
791 2800 103 50 dem
938 2801 319 67 Componisten
1299 2803 277 53 Einfachheit
1617 2807 93 50 und

176 2876 216 58 Klarheit,
435 2877 126 51 einen
601 2887 139 59 guten
768 2881 147 60 Fluss,
960 2883 129 50 meist
1132 2885 262 67 anständige
1440 2887 268 69 Erfindung,

176 2958 254 73 geschickte
459 2961 92 49 und
591 2962 343 69 wirkungsvolle
962 2966 415 67 Instrumentirung
1419 2970 289 65 zugestehen,

176 3041 194 49 welches
411 3045 298 49 unsererseits
753 3047 77 50 mit
864 3049 207 50 Freuden
1116 3049 241 67 geschieht.
1494 3052 87 50 Die
1610 3055 74 48 Sin-

176 3123 116 50 fonie
335 3123 113 53 wird
488 3127 266 51 namentlich
792 3129 43 49 in
874 3130 238 60 Vereinen,
1159 3131 85 50 Wie
1287 3150 163 33 unsere
1492 3135 192 51 musicali-

177 3205 106 49 sche
325 3206 91 51 und
460 3207 399 68 philharmonische
887 3211 306 62 Gesellschaft,
1236 3233 75 31 wo
1337 3215 110 49 Jahr
1476 3233 93 42 aus,
1598 3217 111 51 Jahr

177 3287 70 50 ein
299 3287 163 69 fünfzig
514 3291 253 51 Sinfonieen
811 3295 206 65 gemacht
1070 3296 199 59 werden,
1325 3297 93 51 und
1475 3315 73 33 wo
1603 3318 103 32 man

176 3369 116 50 doch
319 3370 119 51 nicht
467 3372 303 54 fortwährend
802 3376 78 50 mit
906 3376 191 61 Mozart,
1137 3380 163 66 Haydn
1327 3380 91 51 und
1447 3381 258 52 Beethoven

175 3451 282 53 abwechseln
495 3456 132 59 kann,
670 3459 304 49 willkommen
1014 3460 93 51 sein
1146 3463 93 49 und
1280 3480 85 32 von
1395 3464 98 49 Zeit
1523 3483 53 30 zu
1609 3465 96 51 Zeit

173 3551 111 49 gern
316 3536 161 65 gehört
506 3539 196 51 werden.
759 3540 85 50 Die
873 3541 424 69 Verlagshandlung
1325 3545 78 48 hat
1431 3546 91 50 sich
1546 3545 131 66 jeden-

172 3618 95 48 falls
309 3618 143 49 durch
492 3620 78 50 das
599 3623 156 66 Opfer,
801 3623 192 50 welches
1034 3625 63 48 sie
1137 3625 141 50 durch
1308 3626 68 50 die
1405 3629 296 66 Herausgabe

175 3699 77 49 des
281 3700 201 51 Werkes
523 3701 214 66 gebracht
778 3704 135 68 (denn
942 3706 71 51 ein
1043 3708 144 67 Opfer
1215 3708 56 49 ist
1310 3709 69 49 die
1408 3710 295 68 Herausgabe

176 3783 121 49 einer
325 3783 196 50 Sinfonie
562 3784 272 70 heutzutage
873 3788 145 70 stets),
1061 3790 70 50 ein
1170 3790 239 52 Verdienst
1450 3793 251 53 erworben.

173 3864 171 67 Einige,
375 3866 113 51 doch
520 3868 132 50 leicht
681 3887 55 31 zu
767 3869 321 53 verbessernde
1116 3873 298 52 Druckfehler
1442 3874 149 52 haben
1621 3878 80 51 wir

173 3944 221 57 bemerkt.

1530 3958 47 53 5.

2369 314 97 58 Aus
2505 315 306 63 Wiesbaden.

1949 446 100 50 Den
2081 449 208 62 grössten
2322 445 176 51 Genuss
2528 464 85 32 von
2643 447 108 50 aller
2772 450 163 60 Musik,
2968 453 69 49 die
3067 454 82 51 wir
3179 455 93 50 hier
3302 474 55 32 zu

1823 527 145 49 hören
1997 526 284 60 bekommen,
2312 529 241 64 gewähren
2581 529 100 49 dem
2714 531 183 51 wahren
2920 535 340 53 Kunstfreunde
3291 539 69 51 die

1825 610 597 60 Quartett,-Soireen.
2454 613 74 48 Sie
2557 611 217 52 bestehen
2801 615 114 66 jetzt
2944 616 57 50 im
3020 621 188 50 zweiten
3226 623 99 50 Win-

1823 700 71 42 ter
1922 693 91 49 und
2044 693 181 49 werden
2256 693 79 49 mit
2363 695 292 50 wachsender
2671 696 288 52 Theilnahme
2989 718 87 33 von
3106 704 143 48 einem
3281 723 52 48 ge-

1823 775 195 50 wählten
2031 774 234 51 Publicum
2283 775 204 61 besucht,
2519 795 91 31 was
2639 778 121 50 nicht
2791 800 54 31 zu
2876 785 298 49 verwundern
3202 785 71 61 ist,
3304 789 56 51 da

1824 858 70 49 die
1933 858 149 49 hohen
2112 858 334 58 Herrschaften,
2490 861 269 50 namentlich
2788 865 55 49 11.
2873 867 100 48 KK.
3017 868 227 51 Hoheiten
3288 872 69 49 die

1822 941 121 49 Frau
1973 941 230 67 Herzogin
2232 941 92 50 und
2355 941 69 49 die
2453 943 249 52 Prinzessin
2731 948 181 66 Sophie,
2953 950 120 50 nicht
3112 952 142 50 selten
3296 955 62 49 sie

1824 1023 79 49 mit
1931 1023 120 49 ihrer
2081 1024 274 64 Gegenwart
2385 1024 209 52 beehren.
2625 1028 122 49 Herr
2775 1029 337 67 Capellmeister
3140 1035 216 66 Hagen,

1823 1105 80 50 der
1921 1105 208 50 Gründer
2149 1105 249 59 derselben,
2429 1107 76 49 hat
2533 1108 90 49 sich
2647 1109 197 52 dadurch
2876 1113 68 49 ein
2975 1132 110 48 ganz
3116 1118 214 51 unschätz-

1822 1187 132 52 bares
1984 1188 239 51 Verdienst
2251 1206 76 31 um
2355 1206 164 33 unsere
2549 1192 131 50 Stadt
2719 1194 262 61 erworben;
3022 1198 115 51 denn
3168 1202 68 47 ein
3268 1202 66 49 sol-

1824 1270 104 50 ches
1970 1272 180 48 Institut
2187 1270 59 50 ist
2285 1288 80 33 vor
2404 1272 114 49 allen
2561 1273 59 49 im
2651 1277 183 59 Stande,
2877 1279 99 49 dem
3022 1279 214 52 besseren
3267 1286 58 48 Ge-

1823 1353 235 51 schmacke
2097 1353 128 51 Bahn
2269 1372 55 32 zu
2365 1354 212 60 brechen,
2620 1359 91 50 und
2751 1361 85 49 wie
2877 1363 103 48 sehr
3019 1364 79 50 das
3139 1366 41 48 in
3211 1367 145 51 einem

1822 1435 223 51 Badeorte
2074 1437 111 49 noth
2213 1437 117 58 thut,
2373 1455 73 31 wo
2487 1438 79 50 das
2595 1439 234 54 Publicum
2862 1444 137 50 durch
3032 1447 68 55 die
3132 1447 224 69 Curgäste

1820 1518 92 50 und
1943 1518 69 50 die
2032 1514 526 56 Allerwelts-Virtuosen
2589 1540 80 48 gar
2697 1524 132 51 leicht
2858 1527 80 48 auf
2959 1528 78 50 das
3066 1528 164 52 Flache
3260 1533 93 50 und

1820 1602 178 49 Seichte
2029 1602 179 66 geführt
2233 1602 127 58 wird,
2389 1602 197 52 brauche
2614 1606 70 50 ich
2711 1607 139 51 Ihnen
2881 1609 120 51 nicht
3028 1630 55 32 zu
3114 1630 153 49 sagen.

1941 1686 93 48 Das
2064 1684 216 59 Quartett
2318 1684 189 52 bestand
2548 1687 151 52 diesen
2731 1692 183 50 Winter
2943 1711 79 32 aus
3052 1695 87 49 den
3168 1693 181 54 Herren

1820 1766 379 50 Concertmeister
2227 1768 35 50 B
2279 1768 47 48 ai
2342 1768 217 51 deneck
2575 1789 58 31 er
2670 1772 137 69 (erste
2836 1775 206 68 Violine),
3084 1778 77 49 der
3191 1797 56 31 an
3277 1780 70 49 die

1819 1850 136 48 Stelle
1999 1850 77 48 des
2117 1850 322 49 verstorbenen
2468 1852 208 52 Frisch
2714 1862 221 59 getreten,
2979 1858 248 51 Fischer
3250 1862 98 66 jün.

1818 1931 167 68 (zweite
1985 1931 215 68 Violine),
2210 1932 335 67 Capellmeister
2557 1937 198 67 Hagen
2770 1940 248 68 (Bratsche)
3031 1943 92 49 und
3137 1943 38 50 G
3187 1961 21 32 r
3221 1945 12 48 i
3245 1961 42 33 m
3301 1963 47 33 m

1815 2013 325 69 (Violoncello).
2168 2015 85 48 Die
2277 2013 296 71 Ausführung
2603 2036 94 33 war
2725 2021 40 48 in
2797 2022 164 50 diesem
2977 2025 137 49 Jahre
3142 2043 77 31 um
3241 2024 80 53 Vie-

1814 2096 63 48 les
1909 2096 207 67 präciser,
2148 2104 225 59 getreuer,
2404 2098 300 53 einheitlicher
2733 2105 91 49 und
2853 2105 152 59 feiner,
3048 2107 64 49 als
3142 2109 58 48 im
3230 2110 93 48 vori-

1815 2196 87 48 gen
1932 2180 197 49 Winter.
2187 2180 106 49 Wir
2331 2181 147 50 haben
2506 2182 43 50 in
2578 2185 88 49 den
2695 2187 127 50 sechs
2853 2189 185 49 Soireen
3069 2190 92 49 drei
3192 2191 120 59 Quar-

1811 2269 113 40 tette
1965 2279 85 32 von
2090 2261 217 67 Haydn,
2351 2262 93 50 drei
2473 2265 241 57 Quartette
2755 2269 58 67 (in
2929 2272 35 55 B,
2965 2270 48 48 in
3273 2274 54 54 F,
3085 2272 43 49 in
3252 2275 94 49 und

1813 2342 71 49 ein
1902 2342 208 60 Quintelt
2128 2344 59 67 (in
2209 2344 162 67 C-dur)
2402 2363 88 31 von
2518 2347 47 49 M
2578 2366 26 32 o
2622 2366 19 31 z
2656 2365 22 32 a
2692 2366 22 31 r
2727 2355 33 53 t,
2791 2351 67 48 ein
2890 2351 214 59 Quartett
3133 2354 14 66 (
3150 2356 193 59 H-moll,

1811 2425 89 66 Op.
1935 2424 92 67 84)
2058 2444 85 32 von
2173 2426 204 66 Spohr,
2420 2427 119 51 eines
2577 2448 85 31 von
2704 2431 327 52 Cherubini
3071 2436 60 66 (in

1810 2507 118 49 eines
1970 2526 85 31 von
2093 2510 84 48 Fr.
2210 2510 295 49 Schubert
2547 2511 59 67 (in
2888 2516 79 50 das
2995 2519 348 66 nachgelassene

1809 2589 208 58 Quintett
2046 2608 85 31 von
2161 2591 438 62 Mendelssohn,
2639 2598 92 48 und
2763 2615 82 32 von
2876 2599 341 53 Beethoven
3248 2605 91 66 Op.

1815 2671 66 50 18
1917 2674 60 66 (in
2010 2675 153 50 G-dur
2192 2674 93 49 und
2314 2674 42 49 in
2392 2678 192 67 C-m,oll),
2615 2680 89 66 Op.
2740 2680 71 50 59
2846 2681 101 66 (alle
2977 2684 93 48 drei
3099 2685 41 48 in
3172 2688 167 58 F-dur,

1820 2755 176 51 E-moll
2010 2756 90 50 und
2477 2758 162 66 C-dur)
2324 2758 93 49 und
2448 2760 87 66 Op.
2575 2759 105 53 131
2721 2763 58 66 (in
3066 2768 174 64 gehört.
3274 2772 65 48 Ist

1806 2836 78 50 das
1914 2836 121 50 nicht
2064 2838 70 49 ein
2163 2839 188 48 schönes
2382 2841 302 66 Programm?
2728 2844 150 67 [Allen
2923 2848 238 68 Respect!]
3205 2852 132 49 Auch

1806 2919 77 49 das
1912 2920 137 50 Piano
2079 2938 94 32 war
2210 2921 121 50 nicht
2360 2925 395 64 ausgeschlossen;
2796 2928 43 48 in
2874 2928 79 49 der
2982 2930 168 51 fünften
3182 2934 158 50 Soiree

1805 3001 100 49 kam
1935 3003 341 50 Mendelsso.
2285 3004 114 51 hn's
2430 3006 104 50 Trio
2565 3006 43 51 in
2841 3029 52 31 zu
2926 3012 103 49 sehr
3059 3014 280 67 gelungener

1804 3084 301 69 Aufführung,
2145 3086 146 50 wobei
2319 3089 121 48 Herr
2471 3089 335 67 Capellmeister
2832 3094 219 66 Hagen,
3094 3098 79 49 der
3203 3098 108 51 über-

1803 3165 142 69 haupt
1973 3167 70 49 ein
2072 3168 103 49 sehr
2204 3169 212 67 vielseitig
2446 3170 247 66 gebildeter
2708 3175 216 50 Künstler
2946 3178 71 58 ist,
3047 3179 70 50 die
3142 3180 192 50 Ciavier-

1801 3250 149 49 Partie
1980 3250 325 51 übernommen
2336 3253 136 49 hatte.

1926 3333 49 47 In
2006 3333 101 49 dem
2138 3342 150 42 ersten
2318 3334 292 52 Concerte
2639 3357 102 32 zum
2760 3340 203 50 Vortheil
2994 3343 79 50 des
3095 3346 238 50 Pensions-

1801 3414 153 48 Fonds
1994 3417 70 47 iür
2093 3417 205 49 Witwen
2341 3418 91 51 und
2462 3421 188 50 Waisen
2697 3422 80 48 der
2811 3424 527 70 Orchester-Mitglieder

1801 3497 159 48 wurde
2016 3498 391 51 Beethoven's
2463 3503 376 50 .B-cZwr-Sinfonie
2895 3506 91 49 und
3041 3509 230 51 Mendel
3290 3528 20 33 s-

1801 3578 193 50 sohn's
2026 3579 259 51 Ouvertüre
2324 3601 80 32 zur
2444 3584 198 51 schönen
2670 3587 217 49 Melusine
2916 3591 267 66 aufgeführt.
3229 3596 103 48 Von

1800 3659 85 50 den
1917 3661 297 50 Solostücken
2256 3664 212 50 zeichnen
2511 3666 81 49 wir
2632 3668 457 56 Baldenecker's
3131 3676 199 66 Vortrag

1800 3742 77 49 des
1908 3743 174 66 Adagio
2123 3746 90 49 und
2243 3747 161 51 Rondo
2435 3748 77 50 des
3292 3749 68 50 E-m
3000 3772 85 33 von
3117 3757 177 51 Vieux-

1796 3832 193 61 temps
2018 3843 79 33 aus
2128 3828 91 50 und
2247 3831 243 51 erwähnen
2519 3831 82 51 der
2628 3832 281 55 bewiesenen
2939 3838 389 69 Schlagfertigkeit

1796 3925 161 48 wegen
1975 3909 150 50 Herrn
2154 3911 290 52 Ehrlich's
2473 3915 436 69 Forte-Leistungen
2938 3921 79 48 auf
3041 3921 103 49 dem
3160 3923 165 59 Piano;

1796 3991 266 49 namentlich
2093 3995 158 48 wurde
2280 3995 69 49 die
2371 3996 534 54 Nordstern-Ouverture
2935 4021 85 31 von
3047 4003 280 69 Meyerbeer,

1797 4072 69 50 für
1895 4073 79 51 das
1998 4073 170 52 Ciavier
2199 4076 302 68 eingerichtet,
2531 4080 78 52 mit
2632 4082 255 69 Tapferkeit
3281 4089 44 49 in
