3472 4330
1722 131 86 50 122

180 267 72 59 ist,
280 267 64 50 als
376 267 67 50 die
475 268 181 59 zweite;
688 270 100 49 dass
820 268 78 50 der
914 268 186 50 Dichter
1131 270 107 49 aber
1268 268 97 51 eine
1395 270 158 49 zweite
1583 268 107 51 über-

180 348 141 69 haupt
364 351 231 66 zugefügt,
650 352 56 50 ist
748 352 71 49 für
862 351 97 50 eine
1000 352 512 68 Concert-Aufführung
1554 352 162 68 gewiss

180 431 122 50 nicht
331 450 56 32 zu
415 432 165 50 tadeln.

935 549 29 38 I.

334 597 94 54 fitre
457 618 151 26 morose
637 613 37 33 et
697 608 146 50 joyeux
872 614 88 34 tour
989 621 22 26 a
1039 614 97 35 tour.

344 665 93 39 Voir
463 676 69 27 son
557 677 115 40 repos
701 668 205 47 s'eloigner
934 680 88 28 sans
1050 672 142 42 retour,

442 726 138 39 Cherir
608 740 41 26 sa
678 729 124 50 peine,

435 788 182 41 Maudire
645 790 35 39 le
703 790 103 46 jour,

332 848 102 39 C'est
462 850 36 38 le
528 850 189 45 bonheur,
746 853 88 36 c'est
861 851 34 40 le
924 851 84 46 ciel,
1036 853 90 39 c'est
1154 854 175 38 l'amour.

330 909 141 39 Brüler
499 910 68 39 des
595 911 91 39 feux
713 911 113 39 d'une
856 914 118 38 fievre
1000 914 202 45 soudaine,

331 971 102 39 Voir
459 983 72 27 son
560 983 113 40 repos
701 973 204 51 s'eloigner
932 986 89 28 sans
1049 980 143 39 retour,

331 1032 103 39 C'est
459 1033 36 38 le
523 1034 190 47 bonheur,
743 1036 91 38 c'est
860 1036 36 38 le
924 1036 84 48 ciel,
1037 1037 90 38 c'est
1155 1038 185 38 l'amour!

918 1116 51 39 11.

334 1174 136 41 Croire
499 1178 165 38 eternels
692 1178 35 38 le
754 1176 216 53 printemps
999 1183 36 34 et
1063 1179 53 38 les
1148 1180 129 46 fleurs,

335 1235 133 41 Croire
496 1237 165 39 eternels
689 1239 36 38 le
753 1237 150 41 sourire
931 1243 36 35 et
994 1240 55 38 les
1077 1240 141 51 pleurs,

437 1296 149 41 Douter
613 1309 89 26 sans
731 1309 117 35 cesse,

437 1358 179 38 Maudire
644 1358 35 39 le
702 1358 102 51 jour,

330 1418 102 40 C'est
458 1419 36 37 le
523 1419 189 47 bonheur,
740 1420 90 40 c'est
858 1422 35 38 le
919 1420 84 47 ciel,
1032 1422 90 39 c'est
1150 1423 184 39 l'amour!

326 1477 164 53 Jusqu'a
517 1479 36 38 la
581 1484 101 34 mort
710 1480 155 51 epuiser
893 1483 36 38 la
957 1481 182 47 tristesse,

326 1540 99 39 Voir
453 1552 70 27 son
552 1552 113 39 repos
694 1542 205 51 s'eloigner
927 1555 89 28 sans
1044 1550 142 41 retour,

329 1601 101 40 C'est
457 1602 37 38 le
520 1602 192 47 bonheur,
741 1604 92 40 c'est
860 1606 35 38 le
924 1606 84 47 ciel,
1036 1607 90 38 c'est
1153 1607 185 39 l'amour!

296 1677 85 49 Die
409 1677 257 67 Einleitung
697 1697 80 32 zur
805 1681 340 50 Traum-Musik
1185 1683 91 51 und
1308 1684 80 50 der
1417 1684 290 50 unmittelbar

175 1759 239 66 folgenden
443 1761 377 66 Sieges-Sinfonie
852 1763 141 50 lautet
1022 1782 75 32 so:

824 1866 227 51 Egmont.

331 1932 201 47 Sommeil,
560 1933 156 41 dernier
743 1935 87 45 ami,
860 1937 245 40 consolateur
1135 1949 193 39 supreme.

329 1993 116 41 Nulle
475 1996 89 38 voix
592 2008 49 27 ne
668 1997 190 51 t'appelle,
890 2002 36 34 et
955 2003 38 33 tu
1023 1999 107 40 viens
1159 2002 48 38 de
1238 2001 211 47 toi-meme,

327 2054 215 41 Souverain
570 2057 136 38 absolu
735 2058 51 38 du
815 2059 144 40 monde
988 2059 198 47 interieur,

327 2118 63 38 Tu
418 2118 163 49 dissipes
609 2120 36 37 la
668 2119 81 51 joie
778 2125 36 33 et
843 2121 141 38 calmes
1013 2123 36 38 la
1078 2123 175 39 douleur.

326 2177 55 40 Le
410 2180 123 38 cercle
564 2180 256 39 harmonieux
848 2182 69 38 des
945 2190 268 32 mouvemenls
1243 2184 155 39 intimes

325 2237 227 41 Librement
580 2252 41 27 se
649 2241 160 39 deroule
838 2255 48 25 en
914 2247 57 34 tes
1000 2255 143 39 vagues
1173 2245 159 38 abimes.

327 2299 61 40 Un
416 2300 145 51 vertige
590 2302 107 39 saisit
724 2314 71 27 nos
824 2314 104 40 yeux
957 2304 253 41 irresolus...

327 2360 103 38 Tout
458 2363 229 39 tremble...
715 2368 84 34 tout
825 2364 215 39 s'efface...
1069 2372 36 31 et
1133 2377 97 28 nous
1260 2378 49 27 ne
1340 2378 168 28 sommes
1539 2366 100 50 plus.

330 2458 103 42 Tout
461 2471 21 25 a
512 2471 99 38 coup
639 2459 35 40 le
705 2460 134 39 cachot
867 2472 41 28 se
937 2462 155 49 remplit
1120 2463 48 38 de
1196 2463 191 43 lumiere;

327 2519 56 39 Le
411 2532 89 28 mur
527 2521 259 40 s'entr'ouvre.
815 2523 170 50 Egmont
1013 2525 126 38 releve
1168 2525 37 38 la
1232 2525 213 51 paupierc;

430 2581 31 38 II
492 2582 77 38 voit
595 2584 37 38 la
660 2584 149 47 liherte,

433 2642 99 39 Sous
560 2643 56 38 les
644 2645 127 38 beaux
799 2645 106 40 traits
933 2646 48 39 de
1012 2645 138 45 Ciaire,

327 2707 73 38 Lui
426 2708 136 39 tendre
592 2708 35 38 le
654 2707 143 39 laurier
825 2708 48 38 de
901 2708 286 39 l'immortalite.

327 2767 54 39 Ce
409 2768 96 38 n'est
532 2768 119 51 qu'un
679 2779 132 40 songe,
839 2768 131 39 helas!
998 2769 86 48 Que
1114 2770 204 51 t'imporie,
1343 2783 87 27 ame
1460 2772 118 39 fiere!

327 2829 245 39 Reveille-toi
602 2830 170 51 gaiment
801 2843 22 26 a
851 2831 139 50 l'appel
1020 2833 50 36 du
1101 2834 200 38 tambour:

330 2890 62 38 Ya
421 2890 159 47 mourir,
608 2895 65 34 ton
702 2902 94 42 pays
824 2891 81 41 doit
934 2896 80 34 etre
1042 2892 99 40 libre
1169 2905 54 27 un
1247 2894 101 50 jour.

293 2977 97 49 Der
419 2977 321 66 Herausgeber
769 2979 79 48 der
876 2981 169 50 France
1073 2981 222 57 musicale,
1326 2982 119 47 Herr
1474 2982 230 60 Escudier,

172 3059 78 49 hat
292 3059 81 48 viel
418 3076 146 49 gegen
607 3060 71 48 die
706 3061 260 50 Deutschen
1007 3069 82 58 gut
1131 3080 55 31 zu
1233 3062 213 60 machen;
1491 3064 108 49 aber
1627 3066 80 50 wir

175 3141 250 50 versöhnen
454 3159 85 34 uns
571 3142 83 49 fast
683 3144 79 48 mit
791 3142 103 60 ihm,
934 3161 135 32 wenn
1114 3163 50 30 er
1204 3163 85 32 von
1332 3145 143 50 dieser
1516 3148 188 49 Traum-

178 3224 143 48 Scene
352 3231 121 59 sagt:
523 3225 140 57 „Wie
692 3226 80 49 soll
804 3243 101 32 man
936 3226 67 49 die
1032 3228 400 66 unvergleichliche
1461 3229 244 51 Schönheit

176 3306 145 49 dieser
349 3308 146 48 Musik
525 3308 253 50 schildern?
834 3310 106 50 Man
978 3310 189 65 vergisst
1207 3311 77 49 das
1315 3311 143 49 Mittel
1489 3313 91 48 und
1610 3313 95 66 gibt

176 3388 92 50 sich
289 3386 127 51 allein
434 3389 79 49 der
525 3390 232 67 Wirkung
773 3391 88 50 hin.
887 3391 65 47 Ist
981 3408 46 32 es
1056 3393 183 48 Musik?
1267 3393 217 49 Malerei?
1514 3395 190 50 Poesie?

175 3471 66 49 Ist
269 3487 48 33 es
348 3471 70 49 ein
445 3473 201 49 Traum?
675 3473 58 50 ist
762 3492 47 31 es
834 3473 346 50 Wirklichkeit?
1207 3476 107 49 Man
1343 3476 130 50 weiss
1498 3493 47 32 es
1569 3476 133 61 nicht,

175 3570 103 32 man
310 3553 86 49 will
425 3570 47 32 es
501 3555 118 48 nicht
649 3556 175 50 wissen.
857 3556 93 49 Das
980 3556 121 50 Herz
1130 3556 58 50 ist
1218 3558 221 66 ergriffen,
1470 3559 69 48 die
1558 3559 113 50 Thrä-

174 3652 90 35 nen
292 3634 190 60 fliessen,
517 3636 77 49 der
625 3639 124 56 Geist
777 3639 56 50 ist

293 3716 86 50 Die
424 3718 295 67 Ausführung
759 3737 95 33 war
898 3720 58 50 im
997 3719 247 51 Orchester
1285 3723 288 57 vortrefflich,
1618 3742 85 32 nur

174 3803 142 46 störte
346 3818 47 32 es
425 3802 64 49 oft
518 3800 101 50 sehr
652 3804 324 65 unangenehm,
1007 3803 246 51 besonders
1277 3805 99 59 den,
1407 3807 81 48 der
1517 3805 68 50 die
1600 3807 66 49 Mu-

175 3882 63 49 sik
270 3899 145 49 genau
445 3899 50 33 so
536 3883 152 58 kennt,
731 3884 83 48 wie
843 3885 258 52 Beethoven
1145 3885 62 50 sie
1251 3887 303 64 geschrieben,
1600 3888 99 51 dass

171 3963 73 49 die
270 3981 88 33 von
385 3964 194 52 fremder
606 3965 134 54 Hand
779 3967 307 66 eingeflickten
1114 3968 210 49 Schlüsse
1364 3969 78 51 der
1472 3969 227 52 einzelnen

171 4045 249 52 Nummern
465 4066 99 31 zum
603 4048 248 51 Vorschein
893 4049 172 55 kamen.
1126 4052 154 51 Wenn
1309 4052 69 52 ich
1417 4052 116 53 mich
1571 4053 127 52 recht

1813 271 219 58 erinnere,
2075 272 100 50 hast
2215 274 73 49 Du
2331 275 141 49 dieses
2517 276 260 52 fehlerhafte
2818 281 249 50 Verfahren
3109 284 43 52 in
3195 284 149 50 diesen

1811 354 204 49 Blättern
2046 355 138 49 schon
2215 356 156 51 einmal
2403 360 224 66 gerügt*).
2671 362 116 49 Dem
2818 364 225 67 Vortrage
3076 365 78 51 der
3184 367 160 50 Lieder

1811 453 96 31 war
1935 436 120 50 Mad.
2085 437 165 50 Miolan
2279 440 120 49 nicht
2430 441 280 65 gewachsen.

1933 520 50 48 In
2027 520 100 48 dem
2169 521 169 51 lünften
2380 522 221 51 Concerte
2643 525 78 50 der
2754 528 291 49 Gesellschaft

1811 600 162 49 hörten
1990 602 82 49 wir
2095 601 97 51 eine
2216 605 362 69 Wiederholung
2607 608 81 49 der
2716 625 85 33 von
2832 610 82 48 mir
2944 610 41 50 in
3016 613 189 49 meinem
3236 615 85 48 letz-

1811 690 75 42 ten
1916 685 207 48 Berichte
2154 685 163 51 bereits
2350 688 336 67 besprochenen
2718 691 194 50 Sinfonie
2951 710 85 32 von
3078 695 264 67 Georges

1809 766 252 50 Mathias
2091 766 110 68 (18.
2220 769 167 66 März);
2418 770 115 51 dann
2557 773 96 49 eine
2674 773 289 52 Chor-Scene
2993 793 79 32 aus

1808 848 122 49 einer
1961 849 139 66 Oper,
2133 850 169 50 welche
2329 851 114 50 noch
2475 853 56 49 im
2563 855 104 48 Pult
2697 855 118 50 eines
2847 858 104 48 sehr
2982 858 217 67 fleissigen
3228 862 85 48 Hol-

1807 930 193 59 länders,
2043 933 233 50 Eduard
2317 935 64 48 de
2423 935 241 67 Hartog,
2709 939 122 66 liegt,
2876 940 79 49 der
2985 940 166 66 einiges
3181 944 159 50 Talent

1807 1014 91 48 und
1929 1014 82 49 viel
2042 1014 113 49 Geld
2185 1034 55 31 zu
2270 1016 145 50 haben
2446 1018 194 59 scheint;
2683 1038 47 32 es
2772 1023 180 51 handelt
2983 1024 90 48 sich
3104 1043 76 31 um
3212 1027 129 49 einen

1807 1095 262 59 Trinkchor,
2100 1096 160 50 dessen
2292 1099 182 51 zweiter
2504 1102 122 48 Theil
2658 1102 42 49 in
2734 1098 15 28 5
2750 1099 28 69 /
2779 1128 17 32 4
2801 1105 134 49 -Tact
2964 1107 291 63 geschrieben
3284 1108 57 49 ist

1910 1178 59 66 ja,
1994 1178 69 66 ja!
2094 1179 69 48 die
2192 1197 147 33 neuen
2362 1182 197 50 Formen
2589 1184 176 50 sollen's
2796 1185 113 50 thun
2937 1188 92 49 und
3059 1188 80 49 der
3166 1190 149 50 Instru-

1806 1262 350 49 mental-Lärm!
2211 1263 84 49 Die
2335 1265 103 49 Don
2467 1267 403 50 Juan-Ouverture
2909 1270 94 50 und
3043 1272 294 51 Beethoven's

1811 1343 382 49 C-moW-Sinfonie
2225 1347 186 48 wurden
2443 1347 103 49 sehr
2577 1356 82 59 gut
2688 1350 200 68 gespielt.

1930 1427 92 48 Das
2046 1425 175 51 sechste
2237 1427 195 52 Concert
2458 1428 173 67 begann
2655 1433 80 48 mit
2758 1433 122 50 einer
2902 1436 100 48 wild
3035 1436 138 49 daher
3204 1436 106 50 brau-

1803 1508 182 57 senden,
2015 1508 316 53 melodielosen
2361 1512 257 51 Ouvertüre
2648 1532 86 31 von
2763 1516 57 48 H.
2852 1518 233 50 Berlioz
3126 1537 55 31 zu
3212 1521 121 49 Lord

1801 1592 189 67 Byron's
2030 1591 199 58 „Corsar
2282 1612 11 39 ;
2339 1594 62 50 sie
2442 1596 156 49 wurde
2636 1615 102 31 vom
2768 1598 234 51 Publicum
3025 1602 80 48 mit
3134 1610 173 43 entsetz-

1802 1674 137 50 licher
1962 1674 133 49 Kälte
2126 1674 357 68 aufgenommen.
2514 1678 61 50 Es
2604 1679 55 49 ist
2688 1679 211 68 übrigens
2930 1682 119 51 eines
3081 1684 80 50 der
3186 1684 123 50 frühe-

1801 1773 81 32 ren
1915 1756 173 50 Werke
2117 1757 200 51 Berlioz'.
2359 1759 176 49 Darauf
2557 1761 152 66 folgte,
2749 1781 120 32 zwar
2898 1764 56 49 im
2985 1766 350 59 schreiendsten,

1803 1838 108 50 aber
1950 1839 129 50 desto
2118 1839 403 52 wohlthuenderen
2563 1843 252 60 Contraste,
2858 1848 254 50 Stradella's

1827 1923 167 55 Chiesa,
2004 1922 128 48 recht
2161 1922 140 50 schön
2329 1942 86 32 von
2439 1926 149 49 Fräul.
2616 1927 245 51 Fischer
2892 1947 104 32 von
3024 1931 311 51 Tiefensee

1804 2021 257 48 gesungen;
2105 2005 116 48 dann
2251 2006 388 52 Beethoven's
3101 2015 91 49 und
3237 2016 96 49 eine

1803 2085 363 66 Wiederholung
2196 2086 77 49 des
2298 2087 144 51 Chors
2474 2106 83 32 von
2587 2092 179 66 Hartog
2777 2095 151 47 —auf
2950 2095 269 67 Verlangen,
3250 2097 83 48 wie

1802 2185 47 32 es
1879 2168 130 49 hiess.
2038 2170 97 47 Der
2163 2170 174 56 Luxus,
2367 2171 85 49 den
2483 2172 119 48 Herr
2632 2175 177 66 Hartog
2839 2176 78 50 mit
2947 2177 79 49 der
3054 2180 251 49 Instrumen-

1802 2250 151 64 tirung
1981 2250 150 58 treibt,
2174 2252 178 48 verräth
2394 2253 278 65 keineswegs
2702 2257 127 49 einen
2858 2259 152 49 reinen
3041 2261 290 50 Geschmack.

1802 2331 85 48 Ein
1924 2332 317 48 interessantes
2272 2332 150 51 Werk
2464 2351 95 32 war
2601 2337 202 66 dagegen
2846 2340 96 48 eine
2973 2341 259 50 Ouvertüre
3276 2361 54 31 zu

1803 2413 182 49 Hamlet
2028 2433 85 30 von
2154 2415 52 48 G.
2245 2416 276 58 Mathias;
2564 2436 132 32 wenn
2739 2421 112 50 auch
2897 2422 68 50 die
3010 2424 200 49 Themen
3253 2426 77 48 des

1803 2495 184 67 Allegro
2011 2496 121 50 nicht
2149 2496 113 50 eben
2281 2499 185 66 originel
2484 2500 109 58 sind,
2622 2519 50 32 so
2704 2504 247 49 entbehren
2982 2505 61 49 sie
3073 2507 113 49 doch
3212 2507 119 50 nicht

1803 2577 121 50 einer
1953 2579 220 64 gewissen
2206 2580 191 49 Wärme
2443 2581 92 51 und
2575 2584 98 49 sind
2704 2594 81 57 gut
2813 2585 213 61 benutzt;
3071 2589 68 49 die
3168 2590 139 50 Einlei-

1801 2666 114 60 tung
1944 2661 211 67 (Adagio)
2185 2661 77 50 hat
2290 2662 96 50 eine
2418 2665 226 66 poetische
2674 2667 160 59 Farbe,
2880 2670 90 51 und
3001 2671 68 49 die
3099 2673 119 57 Idee,
3259 2690 72 32 am

1801 2742 210 50 Schlüsse
2042 2742 75 50 des
2149 2744 184 64 Allegro
2363 2745 127 51 einen
2521 2749 301 63 prachtvollen
2843 2751 178 50 Marsch
3050 2753 280 67 (Fortinbras

1799 2825 79 48 mit
1901 2826 164 48 seinem
2085 2826 166 66 Heere)
2281 2826 217 54 eintreten
2530 2848 53 30 zu
2615 2831 160 59 lassen,
2805 2834 55 48 ist
2889 2852 110 48 ganz
3030 2844 82 57 gut
3135 2838 91 48 und
3250 2838 80 49 mit

1801 2906 135 50 Glanz
1968 2907 335 68 durchgeführt.
2334 2911 91 49 Das
2457 2913 150 50 Werk
2635 2914 100 49 fand
2767 2915 224 51 lebhaften
3017 2919 167 51 Beifall.

1920 2990 84 48 Die
2043 2990 386 52 italiänische
2471 2995 155 65 Oper
2669 2995 75 50 hat
2787 2998 300 64 geschlossen.
3146 3001 72 49 Sie
3251 3001 75 49 hat

1797 3073 217 49 während
2056 3074 80 48 der
2176 3075 127 48 sechs
2334 3076 183 50 Monate
2565 3076 61 50 11
2668 3079 157 66 Opern
2864 3081 41 49 in
2940 3080 72 51 84
3045 3084 257 48 Vorstellun-

1798 3172 84 48 gen
1914 3155 219 66 gegeben.
2164 3156 91 49 Das
2278 3156 267 52 Barometer
2575 3159 78 51 des
2682 3161 179 68 Erfolgs
2892 3164 88 50 und
3015 3165 92 50 also
3138 3167 77 48 des
3239 3167 58 48 Ge-

1797 3236 232 51 schmacks
2060 3238 77 49 des
2169 3238 260 52 Publicums
2460 3242 117 66 zeigt
2607 3243 204 67 folgende
2841 3245 189 51 Ziffern:

1798 3329 89 40 tore
1916 3337 83 32 von
2030 3320 178 51 Verdi
2244 3319 70 51 23
2348 3323 113 58 Mal;
2489 3325 194 51 Malilda
2710 3329 48 47 di
2787 3329 210 50 Shabran
3013 3328 46 67 (!)
3076 3347 86 32 von
3190 3332 102 48 Ros-

1795 3400 108 50 sini
1943 3402 61 49 11
2029 3403 114 57 Mal;
2559 3404 45 48 II
2620 3400 16 70 Barbiere
2637 3400 33 70 9
2624 3400 20 70 Mal;
2988 3409 27 48 7
3036 3412 115 58 Mal;

1799 3482 28 48 7
1862 3484 114 57 Mal;
2022 3485 179 50 Ernani
2229 3503 85 32 von
2344 3488 174 49 Verdi
2561 3490 31 47 6
2625 3490 115 58 Mal;
2786 3493 147 49 Linda
2960 3494 47 48 di
3041 3496 285 49 Chamounix

1793 3582 86 32 von
1909 3565 306 50 Donizetti
2249 3567 29 49 5
2311 3569 114 59 Mal;
3146 3572 29 48 1
3199 3573 145 48 Purila
2773 3589 84 32 von
2898 3576 213 50 Bellini
3143 3578 33 48 4
3209 3577 114 57 Mal;

1798 3649 199 48 Beatrice
2251 3649 49 48 di
2420 3652 148 48 Tencla
2279 3668 87 32 von
2395 3653 154 48 Belli
2563 3672 28 29 n
2604 3656 12 45 i
2649 3654 33 47 4
2714 3656 114 57 Mal;
3238 3677 85 31 von

1793 3728 183 68 Alary
2006 3728 31 51 3
2071 3732 118 57 Mal;
2662 3733 78 50 Gli
2864 3736 144 49 Arabi
3206 3737 112 48 nelle
2813 3756 84 33 von
2926 3741 199 49 Pacini
3157 3739 30 51 3
3214 3741 105 50 Mal.

1859 3897 30 51 *)
1919 3897 242 53 Allerdings;
2207 3912 29 27 s.
2277 3902 500 42 Niederrheinische
2818 3906 428 53 Musik-Zeitung,
3290 3911 32 38 I.

1920 3959 145 51 Jahrg.,
2105 3962 113 44 1853,
2248 3963 68 39 Nr.
2345 3964 35 46 6,
2417 3976 88 29 vom
2535 3965 36 39 6.
2599 3964 166 52 August,
2806 3978 61 27 wo
2909 3967 64 39 die
3008 3968 315 43 Undeutlichkeit

1920 4020 71 39 der
2019 4021 169 41 Partitur
2216 4023 41 40 in
2283 4024 127 40 dieser
2439 4024 226 54 Beziehung
2693 4028 207 50 berichtigt
2926 4029 110 39 wird.

2829 4089 88 39 Die
2949 4090 294 44 Redaction.
