3472 4330
1685 152 87 52 125

516 1252 3 15 .
739 1252 3 15 /
1016 1252 8 5 '•
1045 1252 1 15 '

261 1280 71 47 Da
362 1276 81 50 wir
473 1293 86 33 nur
588 1275 152 49 Herrn
763 1273 142 49 Evers
936 1270 139 52 selbst
1103 1268 146 51 haben
1279 1267 137 51 reden
1446 1267 94 51 und
1569 1285 80 33 zeu-

138 1380 89 50 gen
268 1361 161 57 lassen,
468 1357 94 51 und
606 1356 133 51 somit
780 1356 68 51 ein
885 1355 127 67 jeder
1051 1355 140 48 Leser
1232 1354 45 49 in
1317 1351 142 51 Stand
1502 1359 174 58 gesetzt

137 1446 72 59 ist,
258 1444 91 50 sich
388 1441 140 52 selbst
567 1441 70 48 ein
664 1440 169 49 Urtheil
865 1439 111 49 über
1004 1437 144 51 dieses
1178 1436 217 60 Quartett
1425 1454 54 29 zu
1511 1435 163 58 bilden,

139 1545 51 33 so
221 1526 157 51 dürfen
406 1525 85 49 wir
519 1524 121 49 nicht
669 1522 217 59 fürchten,
915 1522 103 50 dass
1047 1538 102 31 man
1177 1535 138 33 unser
1343 1517 333 50 End-Resultat

138 1611 103 50 hart
269 1610 152 50 finden
452 1608 126 59 wird,
607 1606 143 51 dieses
773 1605 205 60 nämlich,
1009 1605 102 48 dass
1131 1600 309 67 vorliegendes
1459 1601 218 59 Quartett

139 1694 72 49 ein
238 1693 324 66 Conglomerat
604 1690 80 50 der
727 1686 508 68 verschiedenartigsten
1267 1682 247 53 Gedanken
1555 1684 120 49 eines

137 1778 192 56 Mozart,
352 1773 193 59 Rossini,
566 1773 276 58 Beethoven,
863 1771 164 68 Haydn
1054 1769 94 51 und
1177 1768 140 50 selbst
1345 1765 120 51 eines
1495 1765 158 51 beliebi-

139 1875 88 51 gen
247 1855 463 53 Polka-Fabricanten
731 1855 71 59 ist,
833 1854 70 49 die
931 1855 43 48 in
1004 1853 121 49 einer
1153 1850 199 51 ziemlich
1380 1850 270 67 ungeschick-

139 1948 78 43 ten
230 1939 163 53 Weise
421 1938 149 51 neben
598 1936 212 51 einander
838 1936 180 68 gestellt
1042 1935 111 50 oder
1182 1933 141 52 durch
1340 1933 212 50 Floskeln
1578 1949 73 34 ver-

139 2024 187 51 bunden
355 2022 110 50 sind.
509 2023 93 48 Das
631 2020 218 60 Quartett
877 2020 57 50 ist
966 2019 97 50 eine
1092 2016 389 53 unkünstlerische
1510 2016 131 49 That.

268 2240 195 51 Sinfonie
491 2240 45 48 in
994 2240 180 48 D-moll
772 2236 70 48 lür
872 2251 179 50 grosses
1083 2232 249 51 Orchester
1360 2248 86 31 von
1467 2229 212 50 Heinrich

387 2340 154 49 Esser.
581 2338 91 66 Op.
702 2335 93 50 44.
834 2333 200 52 Partitur
1065 2331 31 51 8
1129 2331 67 51 Fl.
1230 2330 74 50 24
1332 2331 98 58 Kr.,
1462 2329 219 49 Stimmen

396 2441 71 49 12
498 2439 68 50 Fl.
599 2436 73 52 36
705 2438 83 48 Kr.
816 2434 162 60 Mainz,
1006 2433 72 51 bei
1107 2433 161 51 Schott
1298 2432 167 51 Söhne.

265 2629 97 48 Der
392 2624 266 68 Componist
687 2622 76 50 hat
791 2620 243 66 Tüchtiges
1064 2617 220 67 geleistet,
1315 2617 147 50 wotür
1489 2616 91 51 ihm
1611 2616 69 49 die

146 2710 344 63 Anerkennung
529 2706 93 50 und
661 2705 216 65 Achtung
917 2702 108 50 aller
1059 2700 202 51 Musiker
1303 2698 218 66 gebührt;
1566 2698 114 50 doch

150 2792 195 68 glauben
374 2790 96 58 wir,
500 2790 103 49 dass
632 2805 50 32 er
710 2787 117 50 noch
854 2787 214 49 Besseres
1098 2782 206 69 geleistet
1331 2781 147 50 haben
1507 2781 172 57 würde,

148 2893 135 33 wenn
312 2891 51 32 er
391 2871 253 51 einestheils
683 2870 121 49 nicht
844 2886 56 32 zu
943 2867 146 50 denen
1131 2865 205 67 gehörte,
1379 2864 69 49 die
1477 2880 45 33 es
1553 2864 107 49 aller-

151 2959 127 65 dings
308 2974 111 50 gern
448 2963 81 59 gut
559 2954 186 49 machen
766 2952 179 58 wollen,
973 2949 109 50 aber
1110 2965 48 33 es
1188 2946 204 51 dennoch
1421 2946 113 50 auch
1562 2946 122 50 nicht

153 3041 83 50 mit
265 3040 102 50 dem
396 3038 234 50 Publicum
659 3034 249 52 verderben
938 3036 187 62 mögen;
1168 3029 342 59 anderenteils,
1550 3045 135 34 wenn

155 3140 50 33 er
231 3121 316 51 wählerischer
583 3120 47 48 in
659 3119 152 48 seinen
847 3115 296 69 eigentlichen
1169 3111 393 70 Hauptgedanken
1592 3111 94 50 sein

155 3206 166 50 wollte.
369 3204 108 51 Wir
505 3203 178 57 wissen,
713 3201 86 49 wie
825 3200 261 50 Beethoven
1116 3196 232 68 gesichtet,
1379 3195 305 66 umgestaltet,

155 3288 252 51 verworfen
437 3285 91 51 und
557 3284 167 52 wieder
753 3283 291 67 umgestaltet
1072 3281 90 59 hat,
1192 3279 92 51 und
1307 3278 157 52 dürfen
1487 3295 82 32 uns
1592 3278 93 49 also

156 3372 122 50 wohl
305 3370 251 66 überzeugt
585 3369 163 57 halten,
777 3366 103 50 dass
900 3365 261 51 Beethoven
1190 3363 78 49 mit
1298 3363 56 49 all
1381 3361 145 50 seiner
1554 3378 105 33 enor-

156 3471 105 34 men
282 3452 251 67 Begabung
561 3449 205 52 dennoch
793 3448 121 51 nicht
942 3446 151 51 solche
1117 3445 319 68 Schöpfungen
1460 3443 228 67 gefördert

156 3537 149 49 haben
320 3535 171 59 würde,
520 3534 86 51 wie
633 3534 83 50 wir
745 3533 62 49 sie
835 3549 87 33 von
950 3530 90 50 ihm
1061 3528 215 59 besitzen,
1305 3544 134 33 wenn
1468 3543 48 33 er
1547 3525 139 68 gleich

156 3619 82 51 mit
268 3619 103 50 dem
400 3624 150 43 ersten
580 3615 258 59 Gedanken,
881 3614 80 50 der
998 3613 91 48 ihm
1133 3612 285 66 gekommen,
1463 3609 225 50 zufrieden

158 3718 213 50 gewesen
400 3704 136 46 wäre.
581 3699 106 51 Wir
729 3698 152 49 finden
919 3694 107 51 aber
1065 3693 205 51 dennoch
1298 3692 156 66 häufig
1482 3690 70 51 die
1578 3690 83 51 Mei-

157 3802 127 50 nung
311 3782 258 58 verbreitet,
612 3782 101 48 dass
754 3779 81 51 der
875 3784 119 45 erste
1021 3775 214 51 Gedanke
1263 3775 159 49 immer
1450 3774 80 50 der
1558 3773 130 51 beste

161 3868 76 57 sei,
277 3867 80 51 das
383 3866 154 50 Feilen
564 3873 139 57 tauge
730 3863 122 51 nicht
890 3880 44 34 u.
966 3878 33 33 s.
1031 3878 56 33 w.
1144 3860 70 59 Ja,
1248 3858 60 66 ja,
1350 3862 169 47 wenn's
1550 3857 138 49 Stück

160 3949 159 51 einmal
336 3949 66 50 fix
421 3948 94 51 und
539 3947 144 67 fertig,
712 3946 118 50 dann
853 3946 175 49 kommt
1049 3942 139 52 durch
1214 3942 152 49 Feilen
1394 3940 93 50 und
1507 3940 181 50 Flicken

160 4032 123 51 nicht
321 4032 81 51 viel
443 4032 128 49 mehr
611 4031 188 57 heraus;
840 4027 110 52 aber
987 4027 81 49 ehe
1107 4024 103 50 ihr's
1251 4042 57 32 zu
1336 4023 160 69 Papier
1524 4022 164 67 bringt,

162 4113 84 52 ehe
288 4114 67 50 ihr
399 4113 88 52 den
523 4111 394 70 Hauptgedanken
961 4127 56 33 zu
1060 4108 121 51 einer
1220 4106 211 61 Sinfonie,
1474 4122 107 51 sage
1623 4121 65 34 zu

1766 292 163 49 einer
1967 291 281 59 Sinfonie,
2291 289 153 60 wählt,
2483 288 55 52 da
2569 288 119 70 prüft
2716 287 151 51 scharf
2892 285 91 51 und
3013 284 284 51 unerbittlich

1764 374 92 51 und
1881 374 114 60 seht,
2025 392 73 32 wo
2128 391 50 33 es
2207 373 123 60 fehlt,
2359 372 92 51 und
2470 372 132 66 grabt
2617 371 90 50 und
2726 369 148 69 grabt,
2903 369 122 50 nicht
3053 368 108 51 aber
3190 372 78 63 grü-

1764 457 94 49 belt
1886 458 42 48 in
1959 473 155 33 eurem
2145 457 180 57 Innern,
2370 456 66 49 bis
2475 454 69 50 ihr
2580 471 80 33 aus
2690 453 101 50 dem
2820 452 135 49 tiefen
2983 451 197 50 Schacht
3209 451 85 49 den

1765 541 184 49 wahren
1973 539 162 50 Schatz
2165 538 333 67 hervorgeholt.
2530 536 245 53 Wesshalb
2805 534 142 52 findet
2974 550 104 34 man
3107 534 162 49 heutzu-

1762 630 105 58 tage
1898 640 50 32 so
1978 622 157 67 häufig
2164 621 70 51 die
2262 621 341 64 kurzathmigen
2632 617 300 52 melodischen
2960 616 226 57 Floskeln,
3228 616 69 50 die

1762 706 144 49 nichts
1938 705 156 49 weiter
2123 705 64 49 als
2217 711 193 44 zersetzt
2438 703 94 51 und
2561 701 263 52 wiederholt
2851 699 91 53 und
2970 717 87 33 uns
3086 699 119 50 dann
3233 699 64 49 als

1762 788 253 50 Melodieen
2046 787 265 67 aufgetischt
2340 786 216 51 werden?
2598 783 281 52 Wesshalb?
2917 783 123 51 Weil
3068 782 123 50 nicht
3218 799 53 49 ge-

1764 887 95 50 nug
1884 871 143 48 Ernst
2056 870 91 49 und
2178 868 141 51 Fleiss
2348 868 53 51 da
2431 870 81 48 ist!
2540 867 132 51 Nicht
2700 866 62 49 als
2789 865 59 50 ob
2876 865 143 49 einem
3040 865 144 50 Jeden
3214 865 81 49 der

1766 953 153 50 Strom
1961 952 80 50 der
2067 952 253 50 Melodieen
2358 970 52 32 so
2450 951 132 49 leicht
2622 948 90 51 und
2752 946 357 68 unerschöpflich
3146 947 148 59 flösse,

1766 1036 85 51 wie
1881 1035 143 51 einem
2044 1035 178 49 Mozart
2251 1035 110 49 oder
2382 1033 281 58 Beethoven;
2693 1031 108 51 aber
2832 1030 140 50 selbst
2999 1028 70 50 bei
3092 1030 178 66 geringe-

1764 1136 77 33 rer
1878 1117 252 69 Begabung
2168 1117 56 51 ist
2264 1119 127 49 mehr
2433 1135 57 33 zu
2527 1115 246 59 erreichen,
2827 1115 62 49 als
2935 1111 193 52 erreicht
3168 1112 126 60 wird,

1766 1219 135 33 wenn
1928 1219 104 32 man
2060 1219 87 33 nur
2183 1201 44 50 in
2265 1201 183 50 Ernst
2486 1200 93 51 und
2616 1197 193 51 Fleiss
2853 1197 87 50 den
2969 1211 188 51 grossen
3184 1195 83 49 Mei-

1766 1290 125 44 stern
1919 1282 252 52 nachahmt.
2215 1282 132 68 Zeigt
2373 1282 84 50 mir
2488 1282 97 50 eine
2620 1281 129 66 lange
2789 1279 268 66 achttactige
3093 1276 196 51 Melodie

1766 1385 88 32 von
1882 1366 151 60 heute,
2061 1366 85 51 wie
2168 1367 176 50 Mozart
2375 1365 90 51 und
2488 1364 260 50 Beethoven
2777 1361 62 52 sie
2866 1380 85 32 uns
2977 1360 320 67 hundertfältig

1769 1450 268 66 geschaffen,
2067 1449 70 49 die
2165 1455 93 43 erst
2286 1449 80 49 mit
2394 1447 101 53 dem
2526 1447 161 51 achten
2716 1446 137 50 Tacte
2881 1445 127 49 ihren
3030 1442 265 60 Abschluss,

1766 1531 94 51 ihre
1889 1531 233 66 Rundung
2150 1531 159 59 erhält,
2352 1530 72 51 die
2466 1530 121 50 nicht
2626 1547 80 31 aus
2744 1545 56 33 an
2829 1526 211 51 einander
3067 1531 233 61 gesetzten

1765 1614 212 52 Floskeln
1996 1614 203 51 besteht!
2226 1613 389 50 Esser'sSinfonie
2640 1611 113 51 wird
2777 1610 144 51 nichts
2944 1610 128 50 desto
3100 1608 199 66 weniger

1765 1698 136 49 leicht
1938 1696 78 51 das
2044 1695 210 52 Prädicat
2292 1696 123 50 einer
2856 1693 202 50 erhalten
3096 1690 94 51 und
3218 1690 82 50 mit

1766 1780 170 59 Recht;
1963 1780 120 51 denn
2110 1779 248 52 keinesfalls
2387 1779 130 69 spielt
2545 1797 51 31 er
2622 1778 117 67 ewig
2767 1775 80 52 mit
2875 1775 81 51 der
2975 1774 195 52 Melodie
3185 1775 88 48 Ver-

1770 1863 198 59 stecken,
2011 1862 64 50 sie
2113 1863 108 66 liegt
2259 1862 122 49 nicht
2419 1862 145 49 selten
2602 1860 128 50 recht
2767 1858 174 50 hübsch
2970 1858 96 48 klar
3093 1874 58 32 zu
3177 1856 126 66 Tage

1770 1945 94 51 und
1891 1947 58 49 ist
1970 1945 134 50 leicht
2124 1944 190 60 fasslich,
2343 1944 314 51 aber—nicht
2683 1942 90 50 tief.
2803 1940 132 51 Eben
2961 1958 51 32 so
3041 1939 152 51 finden
3220 1938 83 49 wir

1771 2028 155 67 häufig
1953 2028 234 67 Beispiele,
2225 2046 73 33 wo
2343 2027 128 52 sich's
2499 2028 123 49 Herr
2648 2027 141 49 Esser
2825 2025 45 50 in
2909 2023 118 51 oben
3054 2023 141 52 näher
3222 2020 52 51 be-

1773 2110 250 50 zeichneter
2066 2110 160 52 Weise
2269 2109 142 50 durch
2455 2109 150 50 blosse
2645 2107 366 66 Wiederholung
3052 2104 92 51 und
3185 2104 86 51 Ver-

1771 2201 191 58 setzung
1982 2193 121 50 eines
2124 2192 164 51 Motivs
2310 2193 113 48 allzu
2446 2192 133 49 leicht
2605 2190 163 60 macht,
2799 2188 93 52 und
2921 2188 117 51 dann
3064 2187 125 50 nicht
3218 2187 63 49 sel-

1770 2282 79 43 ten
1876 2273 67 51 bis
1973 2292 104 32 zum
2105 2273 356 52 Gewöhnlichen
2498 2270 274 53 herabsinkt.
2813 2272 112 48 Fast
2959 2269 209 50 fürchten
3205 2268 99 58 wir,

1771 2357 102 51 dass
1902 2357 83 49 wir
2013 2357 64 49 als
2098 2356 529 64 Reminiscenzen-Jäger
2641 2352 284 53 verschrieen
2944 2352 200 58 werden,
3171 2368 134 33 wenn

1771 2441 84 50 wir
1887 2456 81 33 zur
1994 2438 327 69 Bekräftigung
2351 2456 187 33 unserer
2555 2437 305 67 Behauptung
2880 2434 122 51 einer
3013 2432 292 52 Esser'schen

1773 2522 194 52 Melodie
2005 2522 71 49 die
2114 2522 165 51 andere
2317 2521 121 50 eines
2478 2518 400 53 österreichischen
2905 2517 277 52 Volksliedes
3213 2516 68 49 bei-

1771 2606 152 66 fügen.
1949 2604 131 50 Doch
2108 2621 161 51 wagen
2298 2603 82 51 wir
2409 2620 47 33 es
2485 2603 117 51 noch
2629 2602 172 58 einmal,
2832 2599 98 52 weil
2959 2617 103 32 man
3090 2598 212 51 wahrlich

1774 2688 310 68 gegenwärtig
2124 2688 116 50 allzu
2283 2686 349 51 unbekümmert
2673 2686 43 49 in
2758 2684 144 50 dieser
2930 2682 259 66 Beziehung
3229 2681 73 58 ist,

1773 2771 94 51 und
1896 2771 100 49 weil
2019 2787 48 32 es
2090 2770 114 50 doch
2229 2770 175 50 keinem
2424 2768 245 52 Menschen
2693 2785 55 32 zu
2770 2782 217 50 verargen
3011 2768 137 55 wäre,
3171 2780 134 33 wenn

1773 2870 49 33 er
1862 2853 69 50 bei
1972 2852 144 50 einem
2157 2870 149 33 neuen
2343 2853 171 49 Drama
2552 2869 87 33 von
2665 2852 54 48 N.
2748 2851 70 58 N.,
2860 2847 194 51 welches
3097 2847 80 50 mit
3220 2846 85 51 den

1773 2937 202 51 Worten
2005 2936 203 67 anfinge:
2248 2935 115 59 „Die
2392 2936 197 48 schönen
2611 2935 123 64 Tage
2763 2932 43 50 in
2833 2930 224 67 Aranjuez
3088 2930 98 49 sind
3213 2947 92 32 nun

1774 3036 57 32 zu
2074 3035 56 33 an
2160 3017 86 50 den
2273 3018 105 49 Don
2408 3016 155 51 Carlos
2593 3015 174 50 dächte.
2796 3015 107 49 Man
2933 3012 188 51 urtheile
3152 3011 152 51 selbst.
