5623 7447
842 919 295 61 DER
1255 920 1406 65 STURM/DRITTES
2759 925 1639 78 VIERTELJAHRHEFT

4225 6290 145 91 119

842 1308 333 73 bildliche
1228 1308 491 73 Feierlichkeit
1768 1310 103 71 als
1924 1312 657 93 atmosphärischen
2635 1312 503 94 Kontrapunkt
3761 1315 291 74 Warum
4105 1345 128 44 nur
4284 1345 77 44 so-

842 1471 311 67 zusagen
1207 1444 237 72 dieser
1494 1445 225 87 Lärm,
1771 1474 203 44 wenn
2029 1474 161 44 man
2242 1447 181 73 doch
2484 1447 190 73 ohne
2735 1447 201 73 Lärm
3002 1476 85 44 so
3153 1449 337 93 passabel
3554 1462 207 61 unter
3825 1450 143 73 sich
4035 1455 112 70 ist.
4249 1452 150 73 Nur

842 1577 118 71 die
1028 1576 422 74 kühnstolze
1534 1576 517 76 Anwesenheit
2113 1581 134 71 des
2313 1582 283 73 kleinen
2650 1582 147 73 Ichs
2848 1581 413 96 (München)
3314 1582 124 75 hat
3502 1613 400 68 sozusagen
3954 1586 142 73 den
4166 1599 182 61 atmo-

842 1711 457 93 sphärischen
1329 1713 507 95 Kontrapunkt
1868 1716 415 73 vorbildlich
2318 1718 540 74 unterbrochen.
2943 1720 132 72 Mit
3124 1720 166 72 dem
3329 1720 503 96 Kontrapunkt
3868 1725 93 69 ist
3993 1723 405 95 überhaupt

840 1847 188 72 nicht
1079 1875 84 44 zu
1218 1847 301 94 spaßen.
1605 1848 92 75 Er
1746 1850 124 73 hat
1919 1850 144 73 sich
2117 1850 103 73 als
2271 1853 645 92 atmosphärischer
2950 1855 239 73 Druck
3241 1855 120 73 auf
3395 1855 129 73 das
3559 1855 434 75 Münchener
4025 1857 368 74 Minimum

837 1982 267 93 gelegt,
1157 1982 232 75 sodaß
1443 1989 71 68 in
1566 1985 129 73 der
1727 1985 747 97 Zusammenwirkung
2525 1992 127 70 mit
2701 1989 140 73 den
2894 1989 188 74 nicht
3114 1991 664 94 bedeutungslosen
3815 1989 383 76 Genüssen
4249 1994 147 71 und

838 2118 143 71 den
1031 2118 358 93 wohligen
1441 2118 466 94 Gesprächen
1969 2123 402 72 erhebliche
2425 2123 538 93 Depressionen
3026 2124 213 73 nebst
3290 2123 664 94 Graupelschauern
4017 2126 377 81 entstehen

840 2251 317 75 mußten.
1243 2253 239 75 Daran
1534 2255 124 74 hat
1705 2258 268 73 wieder
2022 2258 130 73 der
2188 2258 396 75 Golfstrom
2637 2258 269 90 schuld,
2960 2260 129 73 der
3136 2261 119 72 bei
3294 2261 286 72 solchen
3615 2261 779 95 Witterungsumlagen

838 2392 251 68 immer
1136 2387 437 98 großspurig
1624 2390 369 75 herhalten
2047 2394 193 72 muß.
2350 2390 488 98 Atmosphäre
2892 2395 143 88 hin,
3114 2395 503 95 Kontrapunkt
3668 2399 145 86 her,
3893 2426 159 44 man
4117 2397 279 74 möchte

838 2551 402 68 sozusagen
1290 2531 175 86 jetzt
1516 2527 142 71 den
1695 2527 283 75 Freund
2032 2529 132 73 des
2198 2529 643 75 Freundeskreises
2892 2532 171 73 auch
3119 2531 513 74 einschließen:
3690 2532 213 87 „Und
3939 2532 183 88 dort,
4161 2532 237 75 dieser

838 2664 115 68 ein
1004 2664 236 90 wenig
1289 2688 89 44 an
1433 2659 262 77 Strand
1748 2664 147 73 und
1947 2664 177 75 Ufer
2174 2666 471 73 erinnernden
2698 2668 147 73 und
2908 2710 89 9 —
3060 2668 122 73 hat
3243 2698 161 43 man
3456 2668 381 74 Phantasie
3900 2710 90 10 —
4044 2697 213 67 sogar
4308 2700 86 42 an

838 2797 512 76 Ostseebilder
1400 2800 153 73 fern
1605 2802 532 93 anklingenden
2191 2800 439 74 Einsamkeit
2681 2807 91 67 im
2826 2803 291 73 Rücken
3172 2805 128 71 der
3351 2803 230 88 Stadt,
3637 2805 122 73 hat
3810 2834 76 44 er
3937 2808 198 70 seine
4186 2805 207 88 Villa,

837 2934 118 73 die
1008 2939 584 88 repräsentative,
1646 2940 115 68 ein
1797 2940 235 90 wenig
2074 2937 610 93 patriarchalische
2720 2939 186 74 Villa
2955 2968 142 44 von
3133 2939 447 74 hanseatisch
3634 2940 259 73 stolzer
3924 2940 340 94 Haltung.
4305 2983 89 8 —

837 3071 169 74 Und
1074 3074 315 90 ringsum
1463 3073 161 72 sind
1685 3071 555 74 Schneeflächen
2310 3079 130 70 wie
2505 3074 438 97 Skigelände
2996 3117 89 8 —
3140 3074 116 73 die
3329 3076 131 71 das
3522 3076 202 71 Haus
3800 3076 132 71 des
4005 3076 388 74 würdevoll

837 3205 379 74 Einsamen
1268 3235 85 46 zu
1407 3208 559 93 schöpferischer
2002 3210 203 73 Ruhe
2256 3239 140 45 von
2450 3211 129 73 der
2609 3211 458 73 Aussenwelt
3101 3211 457 73 abschließen
3593 3211 312 88 würden,
3957 3240 204 44 wenn
4208 3213 186 71 nicht

837 3342 135 71 alle
1021 3342 335 73 vierzehn
1411 3342 198 96 Tage
1663 3345 129 71 der
1824 3345 376 93 Magistrat
2232 3345 454 75 Arbeitslose
2721 3374 159 46 zum
2916 3345 520 78 Ausschaufeln
3473 3345 384 73 niedlicher
3893 3344 498 94 Schneepfade

837 3477 685 75 abkommandieren
2002 3481 142 74 Wo
2198 3511 166 64 mag
2418 3482 117 71 die
2587 3482 175 73 Filla
2813 3482 132 73 des
2996 3482 414 73 vorbildlich
3478 3486 461 88 gesättigten,
4005 3482 386 73 würdevoll

837 3609 381 75 Einsamen
1270 3613 296 95 liegen?
1621 3614 154 73 Ist's
1810 3614 559 75 Preußenland?
2423 3618 154 73 Ist's
2615 3614 621 77 Schwabenland?
3290 3616 175 88 Ist's,
3517 3645 110 44 wo
3680 3645 111 44 am
3830 3616 158 73 Belt
4023 3616 117 73 die
4178 3618 213 73 Möve

833 3745 249 74 zieht?
1135 3747 509 76 Ostseebilder
1693 3753 127 70 mit
1873 3750 552 74 Schneeflächen
2477 3753 148 71 und
2670 3752 437 94 Skigelände
3162 3757 69 66 in
3283 3752 527 72 hanseatischer
3844 3752 543 94 Unterhaltung,

833 3885 114 68 ein
997 3887 236 90 wenig
1284 3885 582 92 patriarchalisch.
1952 3885 437 95 Magistrate,
2445 3887 117 73 die
2598 3887 452 73 Arbeitslose
3084 3916 159 44 zum
3280 3887 396 73 niedlichen
3714 3885 377 75 Schaufeln
4125 3885 262 97 Augen

831 4014 231 75 rechts
1113 4016 731 76 hinkommandieren.
1947 4019 175 75 Eine
2174 4021 170 73 tolle
2400 4019 333 97 Gegend.
2831 4023 195 86 „Der
3060 4019 330 76 Sommer
3439 4023 175 71 aber
3663 4021 228 73 öffnet
3942 4021 117 73 die
4111 4021 276 93 großen

833 4151 249 95 Flügel
1143 4156 93 68 im
1287 4151 593 76 Arbeitszimmer
1929 4156 132 71 des
2112 4156 332 75 Meisters
2510 4158 145 73 und
2723 4158 129 71 der
2914 4156 386 88 blühende,
3370 4156 298 93 duftige,
3732 4156 366 95 schattige,
4161 4161 230 88 üppig

830 4295 225 85 grüne
1094 4288 183 73 Park
1312 4295 309 87 spaziert
1656 4295 127 68 mit
1819 4292 128 73 der
1980 4292 631 95 Vergnüglichkeit
2645 4292 186 73 Pans
2867 4292 147 73 und
3051 4292 127 71 der
3214 4292 279 73 frechen
3529 4319 183 68 ganz
3747 4292 639 73 unhanseatischen

833 4424 352 73 Keckheit
1221 4429 200 69 eines
1458 4427 593 95 oberbayrischen
2086 4427 811 95 Vorgebirg-Sommers
2948 4429 114 71 bis
3095 4456 160 44 zum
3290 4427 473 73 Arbeitstisch
3817 4429 130 71 des

831 4559 178 71 Hier
1060 4559 257 73 sollten
1370 4561 406 93 Zigaretten
1829 4563 276 73 stehen.
2205 4563 203 73 Aber
2472 4568 105 68 sie
2647 4563 252 74 stehen
2967 4563 239 73 schon.
3322 4563 234 73 Durch
3625 4563 141 73 den
3834 4566 230 90 üppig
4111 4569 273 87 grünen

831 4693 202 86 Park,
1089 4693 140 73 den
1284 4695 435 88 blühenden,
1775 4695 140 74 den
1969 4695 349 96 duftigen,
2372 4696 143 73 den
2565 4698 417 93 schattigen,
3043 4698 242 71 würde
3338 4696 105 73 ich
3497 4696 120 73 auf
3668 4696 269 94 Bayern
4000 4696 382 89 schließen,

828 4856 205 44 wenn
1085 4829 105 72 ich
1241 4829 263 89 wüßte,
1556 4861 110 42 wo
1719 4832 128 73 der
1898 4834 185 71 Herr
2135 4832 148 73 Pan
2335 4834 329 93 plötzlich
2716 4834 422 71 herkommt.
3241 4830 95 75 Es
3388 4837 104 68 sei
3544 4832 214 86 denn,
3813 4832 143 73 daß
4010 4861 76 44 er
4133 4861 208 44 neuer-

831 4961 212 94 dings
1096 4962 191 71 beim
1341 4962 334 95 dortigen
1727 4964 374 95 Magistrat
2151 4967 384 94 angestellt
2586 4971 110 68 ist.
2806 4964 413 95 Allerdings
3282 4966 233 73 dürfte
3578 4969 70 68 in
3702 4966 271 95 Bayern
4037 4971 115 69 ein
4201 4967 138 75 Vor-

828 5096 574 95 gebirgsommer
1451 5098 190 73 nicht
1675 5098 186 73 frech
1898 5105 176 69 sein.
2161 5099 101 75 So
2301 5113 219 59 etwas
2555 5103 176 71 liebt
2767 5132 161 42 man
2965 5103 163 71 dort
3162 5101 206 73 nicht.
3458 5103 394 86 Immerhin,
3891 5103 129 73 der
4054 5101 330 76 Sommer

828 5230 232 74 öffnet
1109 5232 400 93 persönlich
1563 5233 119 71 die
1732 5233 278 93 großen
2063 5235 247 95 Flügel
2362 5237 148 71 und
2562 5237 129 71 der
2740 5237 293 72 Meister
3084 5242 91 67 ist
3224 5238 161 71 teils
3438 5237 211 72 durch
3703 5237 117 72 die
3856 5237 523 89 Arbeitslosen,

826 5369 163 73 teils
1041 5369 214 73 durch
1311 5369 232 71 Herrn
1595 5369 146 73 Pan
1795 5398 88 44 an
1937 5370 129 72 der
2115 5370 427 73 Dichtkunst
2591 5372 428 73 verhindert.
3123 5372 147 73 Der
3319 5372 295 73 Meister
3664 5372 271 73 scheint
3986 5387 217 60 etwas
4257 5382 125 66 mit

828 5506 130 71 der
992 5506 249 71 Hansa
1292 5533 85 44 zu
1431 5516 125 61 tun
1609 5531 84 46 zu
1748 5504 259 88 haben,
2061 5506 117 71 die
2232 5508 174 71 aber
2455 5508 188 72 nicht
2694 5513 127 66 mit
2855 5508 178 72 Frau
3072 5508 210 93 Katja
3331 5536 86 44 zu
3468 5509 472 73 verwechseln
3993 5514 112 70 ist.
4188 5513 193 91 Jetzt

826 5638 204 73 heißt
1079 5667 101 59 es,
1233 5638 189 73 nicht
1472 5667 130 42 nur
1651 5638 142 73 den
1831 5640 152 71 Hut
2032 5640 517 88 abzunehmen,
2599 5646 175 87 jetzt
2823 5641 201 73 heißt
3075 5670 100 59 es,
3231 5643 117 71 die
3383 5641 281 75 Schuhe
3702 5645 179 71 oder
3917 5645 252 74 Stiefel
4220 5675 120 44 aus-

825 5773 364 88 zuziehen,
1226 5802 142 44 nun
1406 5773 160 73 sind
1600 5777 124 69 wir
1756 5773 122 73 auf
1908 5775 463 95 geheiligtem
2408 5775 567 75 Parkettboden:
3016 5777 278 86 „Wenn
3338 5779 142 71 sich
3512 5782 69 68 in
3610 5780 273 73 diesem
3913 5780 463 73 historischen

826 5907 249 88 Raum,
1130 5909 130 73 der
1294 5907 117 73 die
1451 5906 283 76 Geburt
1770 5909 128 73 der
1949 5911 588 93 „Unpolitischen
3224 5917 132 70 wie
3394 5914 132 73 des
3566 5914 288 88 „Todes
3890 5921 71 67 in

826 6048 127 67 mit
986 6043 245 88 ansah,
1265 6044 288 94 jemand
1578 6046 180 71 über
1783 6046 132 73 das
1942 6048 595 73 Hereinwachsen
2574 6049 129 72 der
2736 6048 226 74 Natur
2989 6049 201 89 freut,
3221 6078 83 44 so
3333 6049 128 73 der
3487 6051 294 93 Ludwig
3813 6080 141 44 von
3983 6051 391 80 Hoffmann
