2563 3929
530 267 486 137 NOTES
1110 267 188 135 ET
1400 267 706 140 NOTULES

308 616 89 59 M.
447 614 276 61 Gabriel
769 613 212 61 Fabre
1033 632 38 42 a
1118 614 310 78 composé
1465 633 115 42 sur
1659 620 249 71 ľOrgue,
1965 616 79 59 de
2087 616 273 61 Charles

229 694 185 74 Cros,
451 712 130 42 une
613 694 317 78 musique
962 693 474 78 spécialement
1467 696 398 59 attachante.
1930 696 96 58 La
2071 696 288 59 mélodie

224 776 166 59 croît
413 776 80 58 de
529 776 270 76 strophe
834 792 80 42 en
940 776 268 76 strophe
1241 792 156 43 avec
1430 794 131 41 une
1596 777 370 76 singulière
1998 776 358 76 puissance

227 854 274 61 d'unité.
550 856 98 58 De
679 848 64 66 la
783 854 325 78 première
1141 872 267 43 mesure
1441 856 36 58 à
1508 856 65 59 la
1611 857 301 64 dernière
1973 857 59 58 le
2091 856 269 73 rythme

227 952 71 42 se
332 934 259 78 déploie
646 936 492 71 continûment,
1174 952 81 43 en
1302 952 130 43 une
1458 936 179 76 ligne
1667 955 189 58 pure,
1888 936 471 61 merveilleuse

227 1014 331 78 d'énergie
590 1016 63 58 et
686 1016 79 59 de
795 1014 413 78 suggestion.
1244 1014 457 78 L'esthétique
1734 1035 43 58 y
1814 1018 100 57 est
1965 1018 384 60 maîtresse.

227 1094 107 60 Un
376 1094 230 60 dessin
639 1096 322 58 rehaussé
995 1097 79 58 de
1107 1094 241 60 coloris
1395 1112 121 60 par
1565 1093 170 62 Paul
1778 1096 240 77 Signac
2052 1096 218 61 donne
2325 1097 38 58 à

227 1175 166 59 cette
449 1175 416 76 publication
916 1176 79 59 de
1069 1175 311 60 l'éditeur
1423 1176 321 59 Lemoine
1804 1192 132 43 une
1992 1192 367 61 apparence

228 1253 167 61 d'art
430 1255 273 76 unique.

304 1409 127 56 Les
452 1409 252 56 Livres
737 1427 19 38 :

389 1508 93 57 Les
483 1507 125 68 sept
1063 1508 13 56 Princesses
1077 1551 65 25 ,
1143 1522 187 59 par
1331 1504 229 61 Maurice
1590 1503 442 62 Maeterlinck
2064 1501 258 80 (Lacom-

224 1581 169 74 blez,
428 1581 309 79 éditeur).
2269 1623 10 31 ,

314 1689 278 63 Villiers
633 1696 79 53 de
754 1693 469 57 L'lsle-Adam
1234 1736 15 26 ,
1296 1707 121 60 par
1461 1691 232 76 Henry
1723 1689 354 61 Bordeaux
2118 1689 243 79 (Siffer,

225 1771 59 61 G
290 1771 179 76 and).
507 1771 69 59 Si
618 1771 63 58 la
728 1771 282 81 critique
1057 1771 197 59 d'une
1300 1771 279 76 critique
1625 1772 159 58 était
1823 1771 154 59 bien
2024 1772 226 60 séante
2300 1774 64 58 et

224 1851 276 77 pouvait
553 1851 316 59 convenir
919 1851 38 57 à
1006 1851 291 59 d'autres
1348 1851 151 77 qu'à
1550 1852 178 58 MM.-
1763 1852 84 57 X.
1894 1851 81 59 Y.
2020 1852 70 60 Z.
2126 1854 61 58 et
2225 1852 138 70 \V.,

225 1931 407 58 maréchaux
681 1931 79 59 de
811 1931 66 58 la
909 1929 379 78 Chronique
1321 1936 64 54 et
1422 1931 165 59 ducs
1625 1932 79 58 de
1738 1933 65 56 la
1833 1931 525 78 Bibliographie,

227 2009 114 78 qui
432 2011 62 76 (à
529 2011 235 75 charge
815 2011 77 58 de
961 2011 345 76 revanche)
1381 2011 273 59 traitent
1709 2027 80 42 en
1848 2028 263 42 œuvres
2191 2011 167 62 d'art

221 2089 185 60 leurs
451 2091 360 59 mutuelles
860 2091 361 58 brochures
1270 2091 380 71 annuelles,
1709 2091 240 61 ultime
2010 2092 306 58 métamor-

221 2169 207 77 phose
463 2171 78 58 de
573 2169 273 59 l'article
872 2168 368 78 quotidien.
1358 2168 69 60 Si
1457 2169 65 59 la
1547 2169 285 77 critique
1865 2171 80 59 de
1977 2169 66 60 la
2074 2171 284 77 critique

223 2249 161 59 était
430 2249 293 73 décente,
776 2253 207 56 certes
1027 2249 123 60 elle
1197 2249 203 60 serait
1447 2249 79 59 de
1573 2251 167 58 mise
1796 2251 85 59 ici
1923 2270 13 38 :
1982 2251 243 59 l'étude
2278 2252 80 58 de

220 2329 89 60 M.
343 2329 350 61 Bordeaux
715 2332 98 57 est
837 2329 129 59 fort
992 2328 169 60 belle
1187 2331 63 57 et
1268 2331 160 75 peut
1455 2328 161 61 faire
1646 2329 91 60 foi
1759 2349 117 41 sur
1899 2332 165 58 cette
2092 2332 266 75 étrange

223 2408 212 78 figure
486 2409 78 60 de
597 2408 275 61 Villiers
924 2409 80 59 de
1049 2408 463 61 l'lsle-Adam:
1560 2411 343 71 l'homme,
1952 2411 275 58 l'œuvre
2274 2411 82 75 (le

223 2489 241 60 monde
493 2489 335 68 moderne.,
859 2489 61 59 le
952 2488 241 60 monde
1222 2488 438 76 mystérieux,
1688 2491 61 58 le
1784 2491 240 58 monde
2052 2489 263 78 passion-

224 2570 132 71 nel,
407 2568 420 78 philosophie
883 2571 62 57 et
999 2568 304 76 religion,
1366 2570 61 58 le
1497 2570 224 76 style),
1777 2571 66 58 la
1899 2570 319 77 synthèse
2278 2571 80 58 de

221 2648 296 73 l'œuvre,
553 2650 190 59 telles
776 2651 152 57 sont
969 2648 98 60 les
1110 2648 332 60 divisions
1474 2648 78 60 de
1585 2666 70 43 ce
1686 2650 237 59 travail
1960 2650 399 60 documenté

221 2731 65 57 et
317 2730 359 59 attachant.

301 2845 180 60 Pour
508 2845 284 78 paraître
826 2863 11 41 :

300 2956 128 55 Les
453 2954 280 71 Cygnes,
770 2967 118 61 par
934 2949 277 61 Francis
1244 2949 463 64 Vielé-Grifiîn
1740 2951 278 78 (Vanier
2035 2953 20 79 )
2114 2989 45 6 -
2201 2971 159 43 sous

225 3048 252 61 presse.

303 3142 90 56 Le
421 3140 202 72 Stage
634 3185 14 26 ,
676 3156 119 60 par
825 3138 165 60 Jean
1022 3137 326 79 Ajalbert.

304 3249 90 56 Le
442 3249 258 56 Miroir
733 3250 117 55 des
884 3245 338 74 Légendes
1234 3292 14 26 ,
1281 3262 119 58 par
1428 3244 302 61 Bernard
1762 3245 272 62 Lazare.

1390 3429 73 49 Lo
1501 3429 231 49 Gérant:
1772 3431 61 48 L.
1876 3431 293 50 BERNARD.

490 3546 124 42 J152.
658 3544 145 44 Paris.
830 3570 53 5 —
910 3547 117 53 Imp.
1067 3547 297 52 HEAUDELOT,
1390 3548 66 45 1G,
1491 3560 83 29 rue
1603 3547 55 42 de
1688 3547 252 44 Verneuil.
