2563 3929
1273 198 116 60 200

255 336 150 58 n'en
445 337 173 56 reste
665 349 121 61 pas
815 330 221 60 moins
1066 329 324 65 véritable
1437 352 126 58 que
1613 336 64 59 la
1726 334 175 60 force
1945 329 188 61 seule
2165 329 194 78 prédo-

259 414 180 59 mine
471 429 254 44 encore.
753 409 372 79 Lorsqu'on
1153 410 287 80 invoque
1470 414 61 60 le
1560 414 289 76 suffrage
1880 409 346 62 universel
2259 409 140 60 cela

256 493 259 61 revient
546 492 38 58 à
610 492 164 58 faire
796 490 61 60 le
885 497 454 56 recensement
1372 494 79 60 de
1479 494 178 60 deux
1680 493 258 61 armées
1969 507 83 43 en
2082 489 315 78 présence

259 574 160 59 dont
440 572 64 59 la
525 572 153 77 plus
708 570 201 60 faible
933 570 587 79 numériquement
1549 592 69 42 se
1647 573 264 61 soumet
1938 588 134 42 aux
2103 568 294 77 caprices

260 654 77 60 de
369 653 62 60 la
453 653 154 76 plus
635 652 189 59 forte.
851 652 95 58 La
971 652 313 62 minorité
1312 654 97 60 dit
1440 656 37 58 à
1505 654 63 60 la
1602 653 304 79 majorité
1931 670 12 40 :
1976 672 28 34 «
2037 650 56 59 si
2121 667 172 42 nous
2317 666 83 43 en

259 733 277 61 venions
564 748 130 43 aux
727 730 221 61 mains
970 750 168 43 vous
1164 733 480 76 m'écraseriez;
1672 736 69 76 je
1764 733 156 60 cède
1953 732 169 58 donc
2154 733 62 57 et
2241 730 127 78 j'ac-

261 816 183 75 cepte
476 813 616 60 momentanément
1122 816 179 58 votre
1332 814 334 79 triomphe
1693 812 342 80 probable.
2086 835 29 29 »

340 894 188 59 Donc
576 892 65 58 la
691 891 199 73 force,
925 892 143 59 rien
1110 910 128 59 que
1287 894 64 59 la
1395 893 193 61 force.
1621 896 91 58 Le
1764 892 176 59 droit
1971 889 167 60 n'est
2187 891 205 76 qu'un

266 974 139 59 mot
430 991 13 53 ;
473 972 65 58 la
566 971 236 60 liberté
834 990 93 41 un
950 974 184 59 autre
1158 991 127 58 que
1314 973 97 60 les
1444 973 387 79 prolétaires
1855 972 272 59 anciens
2160 972 236 57 eurent

263 1053 64 60 la
373 1052 232 61 sottise
637 1053 362 76 d'accepter
1030 1071 80 42 en
1157 1053 287 79 échange
1475 1056 79 58 de
1596 1053 415 76 l'esclavage.
2046 1051 182 59 Cette
2261 1051 104 58 ins-

264 1133 274 61 titution
585 1132 373 77 historique
1017 1133 260 60 rendait
1331 1134 64 59 la
1441 1134 105 60 vie
1601 1133 389 61 infiniment
2032 1131 155 77 plus
2242 1132 120 58 heu-

266 1230 210 54 reuse,
509 1212 155 77 plus
693 1212 297 73 assurée,
1027 1218 61 55 et
1115 1214 268 77 partant
1411 1214 153 77 plus
1595 1214 195 71 libre,
1821 1227 129 61 que
1983 1227 82 43 ne
2098 1211 61 59 le
2192 1209 120 61 fait
2340 1211 62 58 le

274 1293 272 60 salariat
576 1293 339 59 moderne.

344 1374 85 60 Ce
453 1391 128 60 que
610 1373 356 59 l'anarchie
998 1373 160 59 veut
1187 1391 285 58 prouver
1501 1391 119 60 par
1647 1372 65 60 la
1741 1372 297 60 violence
2067 1371 159 59 c'est
2258 1387 132 60 que

263 1454 64 59 la
376 1453 313 60 minorité
737 1453 421 76 intelligente
1190 1454 62 59 et
1295 1454 399 59 audacieuse
1732 1452 268 61 devient
2037 1468 133 42 une
2217 1451 177 59 force

265 1537 221 57 contre
514 1533 61 59 le
605 1532 276 61 nombre
913 1532 266 76 stupide
1212 1536 63 57 et
1300 1533 250 74 féroce;
1585 1533 157 60 c'est
1770 1550 128 59 que
1925 1532 100 60 les
2072 1531 325 78 grévistes

266 1612 470 74 déFourmies,
764 1612 141 60 s'ils
928 1611 265 61 avaient
1224 1612 187 60 lancé
1430 1631 130 42 une
1591 1612 394 77 quinzaines
2010 1612 80 60 de
2114 1609 282 61 bombes

265 1693 189 71 façon
492 1691 226 61 Orsini
769 1692 167 58 dans
983 1689 59 61 le
1082 1691 324 61 bataillon
1437 1694 92 58 du
1577 1692 476 61 commandant
2103 1692 293 75 Chapus,

265 1772 302 60 auraient
598 1772 216 60 donné
849 1771 131 61 fort
1019 1771 37 58 à
1094 1772 305 60 réfléchir
1430 1790 133 42 aux
1592 1772 369 60 messieurs
2002 1773 80 59 de
2115 1772 64 58 la
2208 1771 191 77 place

266 1853 379 60 Beauveau.

346 1932 182 61 Cette
558 1931 272 77 opinion
876 1931 115 61 des
1026 1932 411 60 anarchistes
1468 1948 82 44 ne
1600 1948 107 44 me
1743 1933 215 76 paraît
1988 1948 122 61 pas
2150 1932 66 58 la
2241 1932 158 77 plus

266 2011 370 61 mauvaise.

340 2091 456 78 Aujourd'hui
820 2092 99 60 les
948 2091 358 77 bourgeois
1339 2091 507 61 suffisamment
1879 2091 280 61 éclairés
2190 2110 116 42 sur
2333 2092 64 58 la

260 2172 241 77 justice
534 2172 118 58 des
683 2171 536 61 revendications
1248 2172 371 72 ouvrières,
1652 2172 267 60 n'osent
1947 2172 156 77 plus
2132 2172 201 77 guère
2352 2190 44 58 y

263 2251 392 62 contredire.
717 2251 92 59 Ils
868 2268 70 42 se
994 2253 425 59 retranchent
1477 2252 290 60 derrière
1828 2252 63 60 le
1954 2274 29 34 «

261 2347 252 46 sumus
546 2352 28 35 »
613 2331 79 59 de
731 2331 370 61 l'ancienne
1145 2332 356 76 théologie,
1536 2333 63 59 et
1642 2331 339 61 semblent
2020 2333 208 59 croire
2267 2348 128 60 que

269 2415 60 58 le
381 2412 237 77 dogme
679 2412 90 58 du
816 2412 238 77 capital
1087 2412 141 58 doit
1267 2413 133 59 être
1449 2412 293 77 respecté
1788 2418 167 68 quia
2001 2417 396 57 absurduni

269 2493 187 59 aussi
483 2492 155 58 bien
666 2508 127 60 que
825 2492 60 58 le
915 2492 237 76 dogme
1176 2492 78 58 de
1281 2492 498 72 l'Incarnation,
1816 2514 30 34 «
1879 2492 189 60 Vous
2096 2510 82 43 ne
2212 2510 141 42 man-

266 2590 163 59 quez
473 2588 120 61 pas
626 2571 80 61 de
744 2571 519 72 raisonnement,
1298 2571 457 61 affirment-ils
1797 2588 132 42 aux
1976 2573 419 75 prolétaires.

264 2653 139 59 Vos
433 2652 185 60 idées
642 2669 68 41 se
732 2652 324 58 tiennent.
1092 2652 175 58 Leur
1296 2651 270 78 logique
1597 2670 82 42 ne
1708 2670 170 42 nous
1911 2652 311 77 offusque
2253 2670 141 59 pas.

264 2732 173 61 Mais
496 2731 358 77 accomplir
908 2749 118 41 vos
1082 2731 409 61 desiderata!
1553 2731 60 59 Y
1662 2732 502 77 pensez-vous?
2207 2735 188 59 Nous

265 2812 386 60 ruinerions
674 2812 60 60 le
763 2811 263 77 capital.
1058 2812 128 58 Les
1215 2811 443 59 actionnaires
1686 2812 125 60 des
1837 2813 430 78 compagnies
2297 2813 100 60 les

264 2892 153 77 plus
458 2892 194 58 sûres
696 2891 336 59 verraient
1060 2889 323 61 décroître
1413 2891 182 58 leurs
1642 2891 397 61 dividendes
2070 2895 10 57 !
2117 2895 11 57 !
2162 2896 9 57 !
2209 2893 188 60 Vous

265 2989 206 61 voyez
501 2972 155 60 bien
703 2990 128 58 que
861 2989 119 43 vos
1007 2971 410 76 prétentions
1464 2973 151 57 sont
1646 2972 500 78 pratiquement
2178 2973 218 60 folles.

265 3053 98 60 Ne
388 3051 198 61 faites
609 3052 172 60 donc
811 3069 120 61 pas
960 3052 77 58 de
1068 3051 181 59 bruit
1281 3051 168 59 dans
1472 3052 63 58 la
1560 3069 117 43 rue
1707 3052 86 60 où
1817 3070 171 43 nous
2020 3055 380 59 essaierons

269 3150 122 42 nos
424 3131 226 71 fusils,
683 3132 259 60 modèle
974 3131 151 59 86...
1164 3152 28 35 »

346 3212 84 58 Et
459 3212 65 58 la
558 3211 215 61 bande
819 3213 117 59 des
966 3212 291 72 voleurs,
1292 3227 84 43 ou
1411 3211 53 58 si
1492 3229 170 41 vous
1693 3212 236 61 voulez
1957 3213 100 61 les
2089 3215 312 59 héritiers

268 3292 116 60 des
443 3291 235 59 nobles
740 3291 443 79 conquérants
1248 3291 335 76 antiques,
1638 3293 311 59 continue
2006 3311 108 42 ses
2173 3295 227 59 trafics

268 3371 466 61 abominables
779 3389 157 43 sans
980 3371 152 79 plus
1179 3370 409 77 s'inquiéter.
1644 3372 146 61 Elle
1841 3390 37 43 a
1922 3375 350 59 d'ailleurs
2321 3375 80 59 de

265 3455 147 73 trop
457 3452 221 76 justes
724 3451 231 61 motifs
1005 3452 79 60 de
1134 3467 213 61 repos.
1392 3451 102 58 En
1540 3451 410 79 Allemagne,
2013 3471 260 43 comme
2317 3471 83 43 en

265 3532 277 74 France,
577 3532 106 60 s'il
729 3550 68 43 se
828 3535 235 58 trouve
1094 3550 93 42 un
1215 3531 324 61 Ali-Baba
1572 3532 334 64 socialiste
1945 3551 172 61 pour
2156 3536 238 60 décou-
