2335 3384
823 260 309 39 L'ORCHESTRE
1165 274 56 24 DE
1257 272 18 24 «
1311 257 184 41 L'ORFEO
1531 272 18 24 »

162 264 80 47 418

162 377 150 31 seront
341 369 196 49 dégagés
556 368 54 39 de
644 376 121 31 toute
791 367 283 52 complexité,
1101 366 104 54 qu'il
1249 369 92 38 vise
1366 373 21 34 à
1423 370 221 51 exprimer
1681 369 62 40 les
1780 376 312 32 mouvements
2128 367 53 40 de

167 437 145 40 lame.

222 503 176 53 Qu'une
423 505 100 40 telle
558 506 264 51 conception
847 506 85 39 soit
972 505 89 39 mal
1101 504 105 41 faite
1245 519 113 38 pour
1385 505 219 41 favoriser
1640 506 39 39 le
1721 505 372 52 développement
2126 505 57 40 du

166 574 161 39 coloris
362 574 330 46 instrumental,
713 571 102 42 c'est
854 587 46 26 ce
940 587 85 38 que
1058 587 222 38 personne
1303 588 54 25 ne
1395 577 118 37 niera
1567 574 188 40 Comme
1776 587 162 39 moyen
1961 573 196 52 d'expres-

165 643 115 45 sion,
306 642 28 38 il
372 643 236 50 risquerait
649 642 54 39 de
742 642 239 39 détourner
1019 642 250 39 l'attention
1292 642 53 39 de
1381 642 236 41 l'auditeur
1638 642 53 40 de
1711 642 39 39 la
1774 642 120 50 ligne
1927 641 256 52 mélodique

166 709 163 53 qu'une
353 711 233 39 harmonie
610 708 213 42 abstraite
852 709 116 41 suffit
995 714 21 35 à
1041 712 289 38 caractériser
1353 724 56 26 ou
1435 715 21 35 à
1493 712 201 40 soutenir
1717 722 7 24 :
1752 724 172 27 comme
1950 710 233 41 recherche

167 780 53 38 de
244 779 242 40 sensualité
510 792 122 39 pure,
659 780 28 38 il
714 778 270 46 affaiblirait,
1015 792 112 38 pour
1148 778 37 40 le
1205 780 102 38 vain
1333 779 154 51 plaisir
1510 780 103 40 d'un
1651 781 184 46 instant,
1860 780 37 38 la
1933 778 111 40 forte
2064 783 90 37 émo-

168 849 92 38 tion
283 861 84 38 que
391 848 91 39 doit
506 847 108 40 faire
637 852 143 35 naître
805 847 37 39 le
866 847 168 39 drame.

224 915 134 41 Aussi
399 915 245 53 quelqu'ait
683 921 67 34 été
770 916 39 39 le
833 921 151 34 succès
1005 916 241 52 triomphal
1268 916 52 40 de
1337 915 180 53 XOrfeo,
1534 915 292 42 Monteverde
1840 914 166 42 n'a-t-il
2027 917 159 51 jamais

169 985 238 40 renouvelé
426 994 110 31 cette
561 987 225 38 tentative.
812 983 83 42 Ses
921 993 147 32 autres
1106 989 174 48 opéras,
1303 998 106 26 ceux
1446 985 106 52 qu'il
1574 987 152 38 écrivit
1749 985 101 52 plus
1872 985 94 40 tard
1990 998 112 38 pour
2123 985 62 39 les

167 1054 195 39 théâtres
396 1054 53 39 de
473 1053 181 48 Venise,
682 1067 80 26 son
797 1052 337 41 Incoronazione
1160 1053 46 38 di
1232 1052 187 55 Poppea,
1439 1068 80 37 par
1554 1054 216 51 exemple,
1792 1056 208 48 ignorent
2025 1053 38 40 le
2088 1054 99 39 luxe

170 1122 239 40 orchestral
436 1122 53 40 de
528 1136 46 26 sa
613 1123 217 51 première
866 1122 233 51 partition.
1131 1121 97 41 Une
1262 1122 159 52 simple
1459 1121 131 44 bass.e
1626 1124 210 38 continue
1871 1138 27 37 y
1922 1128 135 44 règne
2080 1122 106 40 d'un

171 1190 107 41 bout
301 1196 21 34 à
347 1190 168 40 l'autre,
537 1204 103 26 avec
675 1190 216 52 quelques
915 1203 121 26 rares
1061 1190 282 40 ritournelles
1381 1195 21 35 à
1426 1191 114 39 deux
1573 1191 192 49 violons,
1811 1191 248 40 médiocres
2101 1191 66 39 d'é-

171 1260 161 40 tendue
365 1268 40 32 et
438 1259 207 40 combien
670 1259 267 40 au-dessous
960 1260 77 38 des
1062 1258 138 40 belles
1225 1260 292 50 symphonies
1538 1258 182 54 d'Orfeo
1749 1259 6 37 !

227 1327 86 41 Les
353 1341 252 27 ressources
647 1328 54 39 de
737 1341 69 26 ces
847 1328 192 40 théâtres
1080 1329 164 38 étaient
1277 1329 273 44 restreintes,
1588 1328 237 40 dira-t-on.
1877 1326 308 45 Assurément,

173 1398 112 38 mais
309 1397 28 39 il
358 1405 65 31 est
445 1395 157 41 visible
622 1409 87 39 que
729 1396 39 40 le
791 1397 303 51 compositeur
1110 1396 69 39 n'a
1202 1399 144 37 même
1370 1410 79 38 pas
1472 1396 186 40 cherché
1682 1401 21 35 à
1726 1409 54 27 en
1800 1397 105 39 tirer
1922 1395 39 40 le
1987 1395 203 41 meilleur

172 1467 114 50 parti
309 1464 213 53 possible,
550 1479 103 26 sans
689 1479 85 37 que
807 1473 110 32 cette
941 1463 194 42 sobriété
1158 1464 162 41 voulue
1348 1466 58 38 ait
1439 1465 25 39 d
1485 1465 181 40 ailleurs
1691 1479 106 38 paru
1824 1469 137 46 gêner
1992 1464 173 52 l'expan-

173 1535 98 39 sion
295 1535 53 38 de
372 1547 80 26 son
472 1536 146 48 génie.

229 1602 35 40 L
271 1602 162 54 'Orfeo,
459 1603 111 39 dans
594 1616 80 27 son
703 1615 167 34 œuvre,
891 1601 211 40 demeure
1125 1602 113 39 donc
1272 1615 85 26 une
1378 1604 245 49 exception.
1647 1601 63 40 La
1737 1602 194 40 richesse
1952 1615 162 27 sonore
2138 1602 53 39 de

174 1680 109 31 cette
306 1672 229 51 partition,
573 1685 54 25 au
670 1670 179 52 surplus
889 1670 100 51 plus
1031 1679 241 43 apparente
1315 1683 86 39 que
1440 1670 147 46 réelle,
1611 1669 109 41 n'est
1759 1684 52 25 en
1847 1684 173 26 somme
2054 1669 136 54 qu'un

175 1749 232 32 ornement
433 1740 53 39 de
523 1740 114 47 luxe,
663 1739 107 40 dont
793 1739 39 39 le
852 1739 170 44 drame,
1044 1752 208 38 presque,
1277 1752 47 26 se
1346 1740 199 50 pourrait
1564 1752 154 38 passer
1757 1738 221 40 Musicien
2006 1739 54 39 de
2085 1752 107 26 cour

175 1824 82 25 aux
281 1822 140 36 gages
445 1809 57 39 du
526 1808 84 40 duc
638 1808 53 39 de
711 1807 232 50 Mantoue,
965 1806 291 41 Monteverde
1276 1807 78 40 dut
1382 1806 350 42 s'accommoder
1753 1822 81 26 aux
1859 1821 165 37 usages
2047 1816 41 31 et
2109 1822 82 25 aux

177 1877 233 41 traditions
432 1877 25 39 d
480 1890 86 26 une
602 1890 106 26 cour
724 1884 306 44 somptueuse,
1057 1889 173 27 comme
1255 1890 54 26 au
1343 1881 109 44 goût
1491 1876 57 39 du
1584 1877 150 51 prince
1769 1876 104 52 qu'il
1908 1877 179 39 servait.
2130 1874 64 41 Le

176 1947 99 45 duc,
298 1945 171 40 célèbre
494 1960 78 37 par
592 1958 81 27 son
701 1944 110 40 faste
844 1953 41 31 et
915 1958 45 26 sa
986 1942 339 52 magnificence,
1350 1945 265 39 entretenait
1639 1944 39 40 le
1701 1957 131 39 corps
1869 1945 53 39 de
1954 1944 240 40 chanteurs

175 2024 41 31 et
236 2013 423 42 d'instrumentistes
699 2014 38 39 le
767 2014 102 51 plus
899 2013 246 40 nombreux
1170 2012 185 41 d'ltalie.
1383 2012 284 41 Travaillant
1692 2026 110 38 pour
1827 2013 75 40 lui.
1927 2028 60 25 un
2012 2025 152 39 compo-

178 2086 137 38 siteur
346 2097 53 26 ne
434 2084 181 51 pouvait
644 2087 137 45 guère
821 2095 45 26 se
896 2082 233 52 dispenser
1164 2080 219 41 d'utiliser
1416 2093 70 28 ces
1519 2081 233 40 richesses.
1783 2081 292 40 Monteverde
2103 2082 92 39 s'en

179 2154 133 38 servit
350 2166 53 25 en
443 2152 143 50 grand
621 2152 167 39 artiste.
812 2151 89 40 Par
929 2151 40 39 là
1007 2164 80 27 son
1128 2164 167 35 œuvre,
1325 2163 192 38 presque
1550 2151 172 49 malgré
1755 2151 60 38 lui
1851 2154 240 47 peut-être,
2122 2164 26 37 y
2174 2164 21 25 a

178 2226 149 46 gagné
346 2221 54 39 de
433 2220 234 40 demeurer
689 2220 101 52 plus
826 2225 101 47 près
951 2220 52 38 de
1027 2228 126 31 notre
1177 2220 239 38 sentiment
1449 2219 215 39 moderne
1689 2219 51 39 de
1765 2219 39 39 la
1831 2220 222 49 musique.
2078 2217 116 41 Mais

181 2302 99 28 tous
315 2290 62 39 les
416 2291 179 38 mérites
631 2302 85 39 que
758 2302 113 27 nous
902 2304 27 37 y
959 2288 190 40 voulons
1180 2288 248 47 découvrir,
1455 2287 29 40 il
1527 2285 112 42 n'est
1662 2289 124 50 point
1829 2288 166 39 certain
2020 2287 130 51 qu'ils
2171 2302 24 37 y

183 2361 160 45 soient,
366 2359 44 39 ni
431 2371 85 39 que
541 2358 38 40 le
602 2359 305 51 compositeur
930 2357 61 40 les
1013 2359 59 38 ait
1101 2370 98 27 crus
1221 2358 294 38 nécessaires.

1527 2448 149 41 HENRI
1708 2446 259 53 QUITTARD.
