2335 3414
160 328 86 41 404

605 334 76 25 LES
716 334 195 27 OEUVRES
947 326 245 35 RÉGENTES.
1314 335 419 29 CORRESPONDANCE

895 494 196 42 MESURE
1115 511 23 24 A
1161 509 109 27 ONZE
1293 510 156 26 TEMPS.

1723 624 118 40 Paris,
1869 635 15 21 2
1898 636 9 19 i
1940 625 134 41 juillet.

367 733 239 39 Monsieur
630 733 40 39 le
687 732 265 49 Directeur,

219 833 127 39 Dans
371 839 127 33 votre
522 833 114 40 livre
660 833 61 41 La
746 834 229 52 Musique,
1001 847 68 27 ses
1093 835 102 49 lois,
1223 847 79 28 son
1333 832 247 50 évolution,
1604 846 110 28 vous
1737 835 114 49 citez
1891 834 39 38 le
1963 832 197 54 composi-

164 910 99 32 teur
282 914 129 27 russe
431 900 474 54 Rimsky-Korsakof
908 915 123 40 pour
1049 903 148 49 avoir,
1220 915 51 27 en
1297 901 147 53 1882,
1463 903 110 40 dans
1592 901 42 40 la
1655 902 214 39 dernière
1891 903 129 38 scène
2040 902 53 39 de
2105 915 81 26 son

163 970 138 53 opéra
345 969 416 54 Snegourotschka,
806 971 212 54 employé
1056 972 42 39 la
1138 984 176 27 mesure
1344 971 25 40 à
1414 985 109 40 on\e
1561 978 153 47 temps.
1743 971 372 53 Permettez-moi
2137 969 54 40 de

163 1053 110 27 vous
293 1039 214 54 signaler
536 1041 213 52 quéavant
790 1040 209 55 Rimsky,
1044 1047 131 34 notre
1212 1041 152 53 grand
1397 1042 310 52 compositeur
1741 1040 208 40 national
1994 1040 197 40 Camille

163 1108 324 50 Saint-Saëns,
513 1110 128 38 avait
659 1108 77 40 usé
767 1108 54 40 de
845 1122 47 26 ce
916 1110 185 53 rythme
1133 1109 112 39 dans
1272 1122 85 26 une
1393 1121 153 29 œuvre
1569 1109 54 39 de
1651 1107 216 55 jeunesse
1890 1109 149 50 (alors
2077 1108 117 54 quil

164 1176 113 41 était
294 1178 239 53 organiste
555 1176 55 40 de
632 1177 44 39 la
699 1176 277 52 Madeleine)
1000 1177 211 41 intitulée
1237 1178 167 41 Prière.
1432 1178 71 40 En
1540 1178 118 40 voici
1695 1178 40 38 le
1777 1176 150 41 dessin
1959 1176 200 40 d'accom-

167 1252 273 46 vagnement
457 1258 11 24 :

226 1620 182 40 Comme
440 1632 107 27 vous
590 1620 36 38 le
661 1620 237 54 voyela
928 1618 137 40 barre
1085 1618 54 40 de
1162 1632 178 26 mesure
1369 1625 110 33 nest
1498 1632 84 38 pas
1604 1618 387 40 arbitrairement
2013 1617 178 53 placée,

168 1688 115 39 mais
303 1700 47 28 se
383 1694 160 34 trouve
566 1691 133 49 après
722 1702 58 26 un
825 1688 150 40 dessin
1010 1687 257 54 mélodique
1304 1700 55 26 ou
1398 1687 267 54 rythmique
1705 1686 277 50 indivisible,
2027 1687 167 41 faisant

167 1756 117 41 bloc.
326 1756 73 40 En
430 1757 156 52 pareil
609 1770 91 35 cas,
745 1758 42 38 la
814 1770 177 26 mesure
1020 1766 66 31 est
1115 1769 86 27 une
1234 1756 222 40 véritable
1471 1755 212 54 période.
1710 1759 31 36 A
1775 1757 42 38 la
1844 1757 122 39 main
1989 1756 148 40 droite
2163 1755 33 40 il

164 1838 36 37 y
219 1838 25 26 a
263 1838 83 27 une
367 1826 119 39 suite
508 1825 39 40 dé
552 1825 192 40 accords
759 1825 110 40 dont
893 1825 168 40 chacun
1086 1825 116 39 tient
1221 1831 187 34 souvent
1433 1830 123 35 toute
1576 1825 43 39 la
1639 1837 178 28 mesure
1836 1841 10 33 ;
1884 1830 43 34 et
1947 1837 174 27 comme
2152 1826 43 37 la

159 1893 133 54 pièce
312 1900 66 33 est
400 1893 145 41 écrite
575 1907 118 40 pour
733 1896 303 47 harmonium,
1083 1895 38 38 le
1159 1906 79 27 son
1276 1906 48 27 se
1359 1899 162 34 trouve
1542 1901 195 32 soutenu
1761 1893 341 56 suffisamment,
2160 1893 36 40 le

169 1964 238 38 contraire
430 1963 126 39 étant
580 1962 174 40 léécueil
777 1962 58 40 du
854 1975 157 42 genre.
1044 1962 124 41 Tout
1182 1967 68 35 est
1269 1961 115 41 donc
1402 1964 94 38 très
1535 1961 396 56 ingénieusement
1971 1961 223 48 combiné,

171 2031 115 40 dans
322 2037 116 34 cette
461 2033 133 51 pièce
621 2034 225 50 curieuse,
865 2045 130 39 pour
1018 2033 40 38 la
1080 2044 178 27 mesure
1282 2034 25 37 à
1477 2038 154 48 temps.

406 2106 197 55 Veuillez
624 2108 186 53 agréer,
840 2114 122 34 etc...

1531 2235 60 41 E.
1618 2235 52 41 de
1860 2235 110 41 CROISSY
