2336 3858
818 240 308 41 L'ORCHESTRE
1161 254 56 25 DE
1252 252 19 25 <(
1308 240 185 40 L'ORFEO
1529 251 18 24 ))

2116 250 78 36 417

233 344 64 41 De
336 344 125 41 telles
484 345 261 41 recherches
780 360 52 26 ne
875 355 97 32 sont
997 360 80 38 pas
1098 346 306 52 particulières
1430 350 21 34 à
1477 344 291 42 Monteverde
1790 343 76 53 (1).
1902 344 48 41 Si
1978 358 56 27 on
2059 345 60 39 lui
2143 358 52 26 en

174 413 193 41 attribue
402 413 330 53 fréquemment
753 415 237 41 l'honneur
1012 424 41 32 et
1074 417 53 48 si,
1152 420 21 35 à
1199 428 45 27 ce
1268 416 125 50 point
1416 415 52 39 de
1492 428 100 34 vue,
1617 428 56 26 on
1708 416 188 50 persiste
1919 419 21 35 à
1966 415 96 39 voir
2084 414 111 40 dans

175 482 164 50 YOrfeo
365 483 195 52 quelque
595 483 134 41 chose
769 497 174 27 comme
969 485 38 39 la
1045 486 221 50 première
1308 483 245 41 révélation
1584 483 105 41 d'un
1731 492 64 32 art
1838 492 95 31 tout
1972 496 222 33 nouveau,

174 549 101 42 c'est
297 565 86 39 que
403 551 39 40 la
464 553 213 51 partition
694 566 54 26 en
773 562 65 30 est
862 567 143 26 venue
1029 553 175 52 jusqu'à
1231 566 129 32 nous,
1388 553 148 39 tandis
1561 565 85 39 que
1683 554 92 37 rien
1801 551 69 40 n'a
1908 551 196 40 subsisté
2142 551 53 40 de

174 630 93 31 tant
303 621 53 39 de
381 620 160 41 ballets
588 621 54 40 de
673 635 106 27 cour
820 622 177 40 italiens
1034 635 55 28 ou
1133 622 192 50 français
1365 635 53 26 en
1458 621 196 52 lesquels
1696 634 54 27 on
1808 623 293 38 retrouverait
2133 621 62 39 les

173 693 168 36 mêmes
398 689 337 41 combinaisons
793 691 385 40 instrumentales.
1219 690 61 41 Le
1325 691 129 50 génie
1499 690 284 52 dramatique
1822 699 41 30 et
1913 691 186 38 musical
2143 690 52 39 de

172 757 292 41 Monteverde
491 758 316 53 n'appartient,
835 767 151 38 certes,
1017 758 100 53 qu'à
1143 760 61 39 lui
1229 758 110 41 seul.
1374 758 115 40 Mais
1529 772 47 26 ce
1609 757 134 54 qu'on
1778 758 173 53 appelle
1981 772 184 38 pompeu-

172 836 171 31 sement
377 840 80 28 son
482 828 242 47 orchestre,
759 828 104 40 c'est
907 828 111 40 celui
1058 828 381 52 qu'employaient
1463 828 157 51 depuis
1664 826 102 41 bien
1804 827 256 51 longtemps
2094 836 100 31 tous

170 896 62 40 les
257 897 240 39 musiciens
533 896 78 40 des
645 896 109 41 fêtes
792 898 255 51 princières.
1077 896 48 41 Si
1162 910 113 27 nous
1300 894 183 42 n'avons
1508 896 99 52 plus
1634 896 61 40 les
1721 910 191 33 œuvres,
1936 896 28 40 il
2001 910 53 26 en
2081 904 114 32 reste

171 964 283 52 quelquefois
480 965 77 40 des
581 964 266 52 fragments,
874 974 40 32 et
938 974 174 32 surtout
1129 966 77 39 des
1232 965 299 53 descriptions
1557 965 99 53 plus
1678 978 56 27 ou
1760 967 147 38 moins
1931 965 259 52 complètes.

170 1032 119 41 Elles
313 1047 54 26 ne
391 1034 183 40 laissent
599 1048 78 38 pas
699 1036 53 38 de
777 1035 123 52 place
925 1049 54 25 au
1016 1035 134 40 doute
1172 1032 76 55 (2).

226 1102 68 40 Au
320 1103 195 52 suiplus,
535 1103 27 39 il
587 1112 65 32 est
689 1117 122 26 assez
843 1102 216 54 probable
1101 1117 84 38 que
1242 1103 291 40 Monteverde
1576 1103 230 39 lui-même
1847 1103 119 40 n'eût
2018 1103 174 39 attaché

170 1169 164 54 qu'une
370 1172 276 51 importance
671 1178 85 34 très
789 1172 222 40 médiocre
1035 1176 21 36 à
1100 1186 71 26 ces
1200 1171 301 41 raffinements
1543 1171 54 40 de
1639 1172 239 51 technique
1901 1171 109 40 dont
2034 1185 57 26 on
2131 1171 60 40 lui

167 1248 101 31 veut
292 1239 108 40 faire
423 1240 156 49 gloire.
607 1240 63 40 La
691 1251 158 30 nature
882 1241 53 40 de
957 1254 81 27 son
1062 1242 131 49 génie
1225 1241 38 39 le
1294 1242 163 50 portait
1488 1254 83 38 peu
1598 1255 82 25 aux
1706 1240 260 40 recherches
1989 1242 180 50 pittores-

169 1322 123 38 ques.
321 1307 79 42 S'il
448 1317 65 32 est
551 1310 180 40 curieux
765 1310 227 40 d'étendre
1034 1310 38 39 le
1096 1310 211 40 domaine
1330 1308 220 53 expressif
1582 1310 53 39 de
1659 1310 39 39 la
1732 1311 207 50 musique
1979 1319 40 29 et
2056 1310 53 38 de
2148 1310 39 38 la

167 1377 158 41 rendre
346 1392 162 38 propre
529 1382 21 36 à
577 1378 39 40 la
639 1378 251 40 traduction
910 1379 54 40 de
987 1380 264 39 sentiments
1276 1387 41 32 et
1352 1378 54 40 de
1427 1379 208 51 passions
1672 1378 269 53 jusqu'alors
1967 1379 220 49 négligés,

167 1444 102 42 c'est
292 1451 21 35 à
355 1447 38 39 la
419 1447 121 40 seule
564 1447 192 40 mélodie
788 1448 151 39 vocale
964 1446 104 54 qu'il
1092 1447 179 48 entend,
1296 1461 190 38 presque
1511 1456 192 43 partout,
1731 1449 123 38 avoir
1874 1460 194 26 recours.
2096 1445 92 42 Son

168 1524 65 31 art
257 1516 110 39 n'est
396 1516 101 51 plus
534 1516 111 41 celui
676 1517 76 39 des
786 1518 216 50 premiers
1028 1517 273 49 Florentins,
1329 1517 342 50 transcripteurs
1698 1515 167 40 dociles
1889 1516 54 39 de
1979 1516 39 39 la
2046 1516 116 39 décla-

168 1586 168 39 mation
357 1585 54 40 de
428 1585 181 40 l'acteur
644 1594 40 31 et
708 1586 75 51 qui
804 1600 54 25 ne
882 1594 101 32 sont
1006 1584 240 53 expressifs
1272 1599 85 38 que
1391 1585 112 39 dans
1528 1585 39 40 la
1594 1598 175 27 mesure
1792 1591 56 34 où
1873 1585 95 39 leur
2001 1584 193 41 récitatif

167 1667 46 26 se
237 1653 291 41 subordonne
550 1668 54 26 au
627 1660 173 46 poème.
829 1654 116 40 Avec
972 1653 305 41 Monteverde,
1300 1654 37 39 la
1364 1655 208 50 musique
1595 1668 21 25 a
1640 1655 237 50 reconquis
1896 1667 70 26 ses
1990 1655 124 39 titres
2135 1654 53 39 de

166 1722 225 40 noblesse.
424 1722 97 40 Elle
563 1725 88 38 suit
674 1723 39 39 le
753 1732 127 39 texte,
920 1725 115 38 mais
1073 1725 61 38 vit
1173 1724 53 39 de
1260 1736 46 27 sa
1346 1724 68 38 vie
1437 1736 175 39 propre.
1640 1722 96 40 Elle
1774 1722 204 40 n'entend
2014 1724 103 38 tirer
2141 1736 45 26 sa

165 1790 118 42 force
307 1800 41 31 et
369 1804 45 27 sa
437 1790 161 42 beauté
624 1806 85 37 que
733 1792 303 40 d'elle-même

221 1859 134 48 Mais,
383 1861 35 39 si
442 1860 205 41 différent
669 1860 105 53 qu'il
803 1863 84 38 soit
909 1861 53 40 de
990 1875 68 26 ses
1090 1863 216 50 premiers
1332 1865 199 46 maîtres,
1554 1860 292 41 Monteverde
1879 1869 177 43 accepte
2090 1860 98 40 leur

165 1929 252 52 esthétique
440 1929 224 51 générale.
694 1929 31 40 Il
750 1930 222 50 dédaigne
993 1930 38 39 la
1058 1930 269 52 description
1348 1932 259 38 extérieure.
1632 1928 62 41 Le
1718 1944 123 26 cœur
1859 1929 187 40 humain
2072 1929 112 47 seul,

165 2012 104 25 avec
299 2011 70 26 ses
391 2000 264 39 sentiments
679 1999 61 39 les
763 1999 100 52 plus
889 1999 185 52 simples
1098 2007 42 32 et
1162 1999 63 39 les
1247 1999 98 52 plus
1374 2004 242 45 généraux,
1643 1999 60 39 lui
1728 2002 142 48 paraît
1911 1999 112 51 sujet
2051 1998 135 50 digne

163 2067 53 40 de
240 2067 198 40 l'artiste.
467 2066 120 41 C'est
608 2081 104 26 avec
737 2068 61 39 les
823 2081 187 38 moyens
1032 2068 62 40 les
1120 2068 99 51 plus
1245 2069 201 50 simples,
1465 2068 200 40 d'autant
1689 2067 101 52 plus
1808 2068 228 51 puissants
2053 2067 132 51 qu'ils

204 2237 48 41 (r)
282 2236 92 32 C'est
400 2239 18 29 à
457 2244 93 25 cette
588 2235 151 42 opinion
780 2248 71 31 que
876 2247 36 22 se
955 2247 113 32 range
1109 2237 46 32 M.
1195 2238 107 41 Hugo
1336 2237 256 33 Goldschmidt
1628 2237 160 36 (Studi-n
1813 2249 62 19 zur
1902 2235 201 33 Geschichte
2128 2238 58 29 der

160 2286 249 32 ltalienischen
430 2286 95 43 Oper
552 2288 48 30 im
642 2297 59 32 17.
725 2287 273 42 Jahrhundert).
1026 2289 96 30 Pour
1148 2287 50 32 lui
1226 2288 211 32 l'orchestre
1460 2288 44 32 de
1527 2287 132 42 YOrfeo
1680 2296 51 24 est
1750 2291 31 29 le
1804 2288 144 31 dernier
1967 2288 198 40 développe-

161 2344 96 25 ment
280 2336 42 33 de
345 2336 349 33 l'instrumentation
722 2337 177 33 ancienne
922 2338 45 31 du
995 2337 179 43 madrigal
1197 2338 252 42 accompagné
1473 2346 32 24 et
1538 2349 71 21 non
1634 2341 31 29 le
1685 2338 103 40 point
1811 2338 44 31 de
1873 2338 126 40 départ
2025 2338 85 31 d'un
2135 2338 51 31 art

160 2397 179 23 nouveau.

201 2436 46 41 (2)
273 2437 56 32 On
354 2437 239 33 retrouverait
616 2448 42 22 en
683 2437 98 41 plein
797 2449 44 21 xv
845 2442 12 16 e
878 2437 109 33 siècle
1011 2449 47 20 un
1076 2437 117 42 grand
1213 2438 151 31 nombre
1389 2437 275 33 d'instruments
1679 2438 283 42 régulièrement
1985 2439 201 40 employés,

162 2496 65 31 par
250 2486 138 33 famille
414 2498 45 21 ou
487 2495 217 31 autrement,
729 2498 42 22 en
797 2488 221 41 symphonie
1041 2498 43 21 ou
1110 2498 93 30 pour
1222 2498 265 31 accompagner
1512 2491 32 30 le
1563 2491 109 30 chant
1694 2488 70 40 (Cf.
1790 2488 153 31 Bulletin
1963 2488 159 31 mensuel
2147 2489 38 30 de

156 2535 32 32 la
207 2536 133 32 Société
374 2537 274 32 internationale
672 2538 39 30 de
738 2538 159 42 musique
904 2564 6 13 ,
933 2537 116 42 juillet
1082 2548 103 32 1907,
1210 2540 44 29 où
1277 2538 55 40 j'ai
1361 2537 125 41 publié
1508 2540 31 30 la
1564 2538 223 40 description
1809 2538 44 32 de
1879 2541 31 28 la
1930 2537 115 41 partie
2069 2537 90 32 musi-

156 2589 75 29 cale
245 2587 44 32 de
311 2589 32 30 la
363 2596 18 22 <(
402 2588 85 32 Fête
510 2587 46 32 du
581 2587 113 33 faisan
718 2597 17 22 »
761 2588 143 32 donnée
925 2590 16 30 à
969 2587 89 32 Lille
1077 2597 41 23 en
1151 2597 102 33 1453,
1279 2587 142 40 d'après
1446 2590 31 30 le
1501 2596 94 24 texte
1611 2589 43 31 de
1672 2590 32 30 la
1728 2587 204 42 chronique
1955 2588 42 31 de
2020 2587 160 33 Mathieu

155 2635 242 43 d'Escouchy,
421 2637 92 32 ainsi
537 2647 70 30 que
630 2648 39 21 ce
693 2647 70 31 que
790 2637 139 39 Jodelle
959 2637 244 42 [Epithalame
1232 2637 43 32 de
1298 2637 166 32 Madame
1500 2638 223 42 Marguerite
1768 2649 99 21 sœur
1903 2638 44 32 de
1974 2637 114 32 Henri
2124 2637 58 42 lII]

155 2697 17 21 a
193 2688 148 31 raconté
367 2686 45 32 du
433 2686 292 33 divertissement
753 2687 145 41 lyrique
926 2687 161 42 imaginé
1113 2698 65 30 par
1197 2686 49 33 lui
1277 2690 17 29 à
1319 2695 92 24 cette
1434 2688 168 32 occasion
1631 2699 46 20 un
1698 2688 108 32 siècle
1829 2690 81 38 plus
1938 2688 107 38 tard).

198 2736 47 32 Le
271 2735 117 32 Ballet
424 2738 157 40 comique
607 2737 39 30 de
673 2736 32 30 la
728 2736 81 44 Roy
812 2748 42 20 ne
871 2738 8 39 (
891 2748 8 20 T
914 2736 81 43 582)
1025 2736 163 33 con'ient
1213 2736 80 42 déjà
1317 2739 49 30 les
1399 2737 220 40 principales
1639 2737 242 40 dispositions
1907 2737 42 32 de
1970 2737 210 32 l'orchestre

154 2785 43 32 de
217 2786 234 32 Monteverde
476 2799 6 19 :
510 2786 144 32 violons
677 2789 17 29 à
718 2786 85 42 cinq
827 2786 134 41 parties
985 2797 92 30 pour
1100 2789 49 29 les
1174 2786 142 38 ballets,
1342 2787 97 32 luths
1462 2794 33 25 et
1522 2788 105 31 basse
1653 2787 42 31 de
1712 2787 95 32 viole
1835 2798 93 29 pour
1950 2787 165 32 soutenir
2150 2790 32 29 le

154 2838 109 30 chant
285 2836 62 32 des
380 2836 158 38 solistes,
558 2836 115 33 violes
705 2846 42 22 en
784 2836 219 41 symphonie
1024 2839 18 30 à
1069 2846 28 33 5,
1136 2844 158 33 quatuor
1318 2836 277 33 d'instruments
1616 2839 17 30 à
1653 2844 84 25 vent
1762 2843 172 31 'cornets,
1961 2836 44 33 ici
2033 2837 146 40 appelés

153 2885 117 41 flûtes)
296 2894 292 34 accompagnant
613 2896 71 22 une
703 2886 82 33 voix
807 2890 112 34 seule,
941 2886 160 33 diverses
1129 2886 274 33 combinaisons
1427 2897 72 22 non
1523 2886 211 33 clairement
1765 2886 186 41 spécifiées
1974 2898 93 30 pour
2079 2887 80 32 .dou-

155 2935 75 31 bler
257 2935 378 33 instrumentalement
659 2938 50 30 les
729 2940 158 28 chœurs.
914 2936 102 32 Nous
1040 2937 202 40 possédons
1268 2947 69 22 une
1360 2936 118 41 partie
1507 2938 43 31 de
1576 2939 33 30 la
1630 2936 166 42 musique
1821 2937 41 32 de
1883 2947 38 22 ce
1948 2937 122 34 ballet,
2092 2937 89 33 mais

152 2987 71 30 très
247 2985 336 41 incomplètement,
605 2986 89 33 dans
718 2989 31 29 la
777 2986 223 40 description
1024 2986 62 41 qui
1113 2997 43 21 en
1178 2997 17 21 a
1214 2987 56 31 été
1289 2987 159 40 publiée.

194 3035 97 32 Nous
316 3034 148 34 n'avons
488 3046 70 31 que
583 3039 31 30 la
638 3036 224 40 description
903 3047 82 22 sans
1008 3036 180 41 musique,
1211 3036 45 31 du
1289 3037 111 32 ballet
1429 3037 42 32 de
1494 3037 180 37 Madame,
1699 3037 112 32 dansé
1828 3047 41 21 en
1900 3037 85 42 1615
2016 3044 105 25 avant
2145 3039 32 30 le

144 3085 128 40 départ
297 3086 42 31 de
360 3086 177 37 Madame,
560 3097 99 22 sœur
675 3086 43 33 de
736 3086 110 32 Louis
866 3087 92 36 XIII,
981 3086 158 40 promise
1157 3098 42 21 au
1216 3086 125 40 prince
1359 3088 219 41 d'Espagne.
1599 3088 45 31 Le
1663 3089 93 41 sujet
1774 3098 42 21 en
1841 3087 88 32 était
1950 3090 31 29 le
1995 3086 184 41 triomphe

146 3133 44 33 de
212 3135 174 33 Minerve.
409 3136 114 32 Outre
539 3139 49 30 les
625 3137 142 32 violons
791 3147 93 30 pour
906 3139 50 30 les
980 3136 69 33 airs
1071 3137 42 31 de
1139 3136 112 33 danse
1285 3144 33 25 et
1341 3139 32 30 le
1398 3137 77 32 luth
1512 3148 92 30 pour
1627 3137 377 42 l'accompagnement
2024 3137 62 32 des
2105 3137 72 32 airs

148 3187 160 38 chantés,
336 3196 44 21 on
399 3197 21 30 y
441 3186 163 32 entendit
630 3198 45 20 un
691 3187 109 31 ballet
825 3187 43 31 de
885 3187 148 42 bergers
1051 3197 85 22 avec
1165 3197 70 21 une
1263 3186 167 43 musique
1448 3188 43 32 de
1516 3195 189 30 musettes,
1731 3199 47 19 un
1811 3188 128 32 chœur
1964 3187 42 32 de
2030 3187 147 32 Tritons

147 3243 154 24 soutenu
323 3235 61 32 des
412 3250 13 14 «
451 3236 172 33 hautbois
646 3251 11 14 »
677 3236 159 43 (cornets
874 3237 171 32 hautbois
1070 3244 33 25 et
1134 3237 211 32 trombones
1367 3237 44 32 de
1435 3240 32 30 la
1488 3238 140 42 grande
1651 3237 148 40 écurie),
1823 3247 71 22 une
1912 3246 18 22 ((
1948 3237 167 41 musique
2135 3238 43 31 de

153 3285 75 32 luth
246 3295 17 22 »
303 3287 168 31 exécutée
496 3286 160 40 pendant
682 3297 69 21 une
772 3295 98 24 sorte
890 3288 42 31 de
959 3290 145 30 marche
1136 3290 203 29 solennelle
1364 3298 64 30 par
1454 3298 69 22 une
1545 3288 119 32 bande
1684 3288 43 31 de
1753 3287 181 41 plusieurs
1962 3287 195 32 instrumen-

152 3335 100 32 tistes
275 3337 123 41 jouant
426 3347 62 21 sur
511 3339 32 29 la
565 3339 118 30 scène.

189 3385 236 33 Monteverde
449 3385 56 33 n'a
530 3387 75 31 tien
629 3388 168 39 employé
812 3387 220 42 d'analogue
1053 3390 18 29 à
1094 3398 40 21 ce
1157 3387 144 32 dernier
1324 3387 95 37 effet,
1446 3399 71 20 non
1534 3390 81 37 plus
1639 3388 82 41 qu'à
1744 3395 54 25 cet
1820 3388 50 31 air
1893 3388 42 30 de
1958 3388 112 32 danse
2088 3399 92 29 pour

148 3446 68 21 une
243 3443 206 33 trompette,
477 3436 160 41 pendant
661 3438 148 31 l'entrée
841 3437 43 32 de
907 3438 92 31 deux
1016 3437 174 33 cavaliers
1215 3450 14 17 «
1254 3448 115 22 armez
1393 3441 17 28 à
1439 3440 7 29 1
1464 3438 171 41 anticque
1672 3448 30 30 »,
1729 3438 88 32 dans
1841 3441 30 29 le
1898 3439 112 32 Ballet
2028 3439 44 31 du
2100 3439 77 40 Roy

146 3485 41 32 de
216 3485 103 42 1617.
343 3486 62 32 Cet
429 3486 53 32 air
504 3486 158 43 original
687 3495 52 24 est
765 3487 354 33 malheureusement
1143 3488 113 40 perdu

191 3537 115 31 Outre
325 3546 58 22 ces
410 3540 180 38 exemples
611 3537 182 43 d'origine
817 3537 190 42 française,
1022 3549 45 21 on
1092 3549 44 22 en
1161 3538 196 33 trouverait
1382 3538 21 32 d
1420 3548 97 22 assez
1552 3538 203 33 nombreux
1774 3545 33 25 et
1830 3537 134 33 d'assez
1991 3537 116 41 précis
2130 3548 42 22 en

143 3584 9 31 I
165 3585 83 34 talie
268 3593 32 26 et
324 3585 159 34 ailleurs.
