2336 3858
809 236 309 41 L'ORCHESTRE
1153 250 54 24 DE
1242 247 19 25 «
1298 233 185 41 L'ORFEO
1519 245 18 24 »

169 259 82 35 414

229 485 126 42 Nous
379 497 166 28 aurons
562 484 189 40 terminé
773 491 65 32 cet
856 494 186 28 examen
1054 480 153 52 rapide
1227 480 77 40 des
1321 479 200 40 diverses
1536 480 100 39 voix
1650 478 53 40 de
1722 478 10 40 1
1753 478 223 40 orchestre
1995 477 161 40 deMon-

174 555 176 40 teverde
374 553 150 52 quand
550 553 218 51 quelques
788 560 118 31 mots
928 559 159 31 auront
1111 554 67 36 été
1202 549 86 40 dits
1312 548 54 40 de
1387 548 39 40 la
1449 547 168 40 famille
1659 548 77 39 des
1764 548 186 38 cuivres.
1999 545 190 41 Comme

174 637 114 39 pour
310 623 63 40 les
393 623 160 44 violes,
571 621 291 41 Monteverde
882 633 52 26 en
959 619 194 52 emploie
1174 633 58 25 un
1257 631 171 38 groupe
1449 617 192 52 complet
1664 616 137 40 allant
1825 616 54 39 de
1903 616 38 38 la
1965 614 133 41 basse
2135 630 54 24 au

175 706 194 39 soprano
394 704 7 27 :
423 696 22 35 à
470 692 149 39 savoir
642 692 102 50 cinq
767 689 263 41 trombones
1053 689 54 38 de
1145 688 244 51 diapasons
1433 685 230 41 différents
1696 694 41 30 et
1770 685 63 39 les
1857 685 111 39 deux
2013 692 176 32 cornets

174 773 87 39 que
285 774 113 27 nous
426 774 172 26 venons
623 760 52 39 de
698 761 97 38 voir
837 757 181 52 figurer,
1068 771 52 26 en
1163 757 112 45 solo,
1301 756 111 39 dans
1451 769 87 26 une
1577 755 78 39 des
1681 753 284 40 ritournelles
2000 753 53 40 de
2094 753 9 38 1
2124 754 63 37 air

172 830 227 55 à'Orphée.
427 828 98 42 Soit
548 837 96 44 sept
685 829 165 51 parties
892 826 270 40 différentes.
1190 825 120 40 Pour
1350 838 164 26 sonner
1557 824 37 39 la
1628 823 133 40 basse
1786 824 226 46 continue,
2058 826 21 35 à
2123 831 65 30 cet

171 898 231 41 ensemble
441 896 187 55 s'ajoute
663 912 60 25 un
741 899 270 38 instrument
1032 899 19 35 à
1085 894 178 41 clavier.
1291 892 120 41 C'est
1440 893 38 39 la
1507 893 165 50 régale,
1696 894 107 51 petit
1828 905 138 37 orgue
1984 889 199 54 portatif,

171 967 108 40 dont
293 965 199 54 l'unique
515 966 69 52 jeu
605 965 185 40 d'anche
812 978 104 26 sans
932 973 179 43 tuyaux,
1134 976 123 26 assez
1273 961 208 52 bruyant,
1510 961 260 51 métallique
1790 969 40 31 et
1849 974 58 25 un
1923 972 84 39 peu
2023 959 160 46 criard,

170 1037 229 40 s'unissait
419 1049 105 26 sans
541 1035 226 52 disparate
793 1049 83 24 aux
909 1033 223 40 sonorités
1159 1032 255 51 puissantes
1435 1030 78 40 des
1535 1028 259 42 trombones
1815 1037 41 31 et
1877 1028 77 40 des
1991 1036 193 32 cornets.

225 1105 117 41 Tout
364 1105 139 52 pareil
525 1108 23 36 à
572 1103 113 40 celui
709 1103 77 40 des
802 1103 157 46 violes,
985 1114 47 27 ce
1053 1114 171 38 groupe
1240 1108 65 32 est
1324 1099 112 40 donc
1455 1107 258 41 autonome,
1736 1096 275 42 c'est-à-dire
2025 1110 162 39 propre

171 1178 21 36 à
216 1174 183 40 réaliser
422 1186 87 27 une
532 1172 235 40 harmonie
784 1171 234 52 complète.
1037 1169 190 40 Comme
1250 1168 106 40 elles
1377 1169 137 49 aussi,
1531 1167 27 40 il
1585 1181 43 26 se
1654 1171 120 48 prête
1801 1171 19 35 à
1848 1166 261 40 l'exécution
2134 1166 53 38 de

170 1242 292 53 symphonies
480 1242 120 39 aussi
625 1240 104 40 bien
745 1240 101 51 qu'à
871 1239 463 51 l'accompagnement
1359 1237 76 39 des
1458 1237 101 39 voix
1582 1233 106 42 d'un
1712 1235 169 40 chœur.
1910 1233 60 41 Le
2009 1247 150 40 compo-

170 1312 136 39 siteur
326 1309 186 41 l'affecte
545 1307 377 41 indifféremment
960 1311 20 35 à
1007 1305 88 41 l'un
1129 1320 57 26 ou
1211 1306 156 40 l'autre
1401 1318 155 37 usage.

225 1379 31 41 Il
292 1395 27 37 y
359 1394 39 32 a,
425 1379 111 40 dans
576 1378 37 40 la
658 1378 228 52 partition,
928 1376 113 40 deux
1093 1374 281 42 ritournelles
1414 1374 373 52 svmphoniques,
1806 1386 122 27 assez
1976 1372 209 50 longues,

168 1447 193 42 confiées
385 1463 82 25 aux
492 1446 261 41 trombones
776 1454 41 32 et
840 1454 191 32 cornets.
1054 1443 65 41 La
1140 1446 219 50 première
1381 1452 65 31 est
1470 1443 39 39 la
1536 1442 99 52 plus
1657 1444 273 50 importante
1952 1449 40 31 et
2018 1440 37 40 la
2086 1440 101 53 plus

169 1516 313 52 significative.
509 1515 96 42 Elle
630 1519 193 48 reparaît
853 1515 107 39 trois
985 1512 101 42 fois.
1133 1513 62 40 La
1217 1515 113 38 voici
1362 1523 6 24 :

219 2121 119 40 Avec
361 2128 111 32 cette
494 2119 179 52 phrase,
691 2117 62 40 les
775 2129 173 27 cuivres
968 2113 95 42 font
1088 2114 95 40 leur
1207 2114 254 51 apparition
1485 2111 112 39 dans
1620 2108 271 42 l'orchestre.
1919 2108 143 53 Après
2082 2107 101 54 qu'à

181 2204 22 26 a
227 2188 60 41 fin
303 2189 59 40 du
386 2189 231 39 deuxième
658 2195 108 38 acte,
790 2199 85 27 une
917 2184 85 41 fois
1018 2184 236 39 terminées
1295 2182 62 39 les
1396 2180 318 40 lamentations
1742 2179 77 39 des
1846 2187 223 43 pasteurs,
2111 2178 64 38 les

164 2258 141 40 violes
329 2267 76 31 ont
423 2256 78 41 fait
524 2256 213 40 entendre
760 2255 38 40 la
839 2253 259 41 ritournelle
1138 2251 252 52 expressive
1426 2264 81 38 par
1528 2249 104 52 quoi
1651 2262 18 26 s
1689 2256 65 32 est
1776 2255 155 32 ouvert
1955 2247 39 39 le
2011 2246 171 50 drame,

166 2328 63 40 les
254 2326 261 42 trombones
539 2326 301 45 retentissent,
889 2336 54 26 en
984 2325 145 37 même
1165 2329 144 42 temps
1348 2332 86 39 que
1468 2318 174 50 change
1661 2317 39 40 la
1733 2322 144 34 scène.
1908 2315 85 40 Des
2017 2317 166 38 riantes

164 2397 179 52 plaines
371 2396 54 40 de
445 2394 190 48 Thrace,
660 2394 38 39 le
723 2401 253 44 spectateur
1006 2399 64 31 est
1115 2392 271 49 transporté,
1423 2402 80 38 par
1536 2387 38 40 la
1601 2388 148 49 magie
1773 2386 59 39 du
1856 2386 133 39 décor
2008 2393 40 31 et
2073 2385 107 39 delà

172 2467 225 50 musique,
425 2479 83 25 aux
532 2462 187 42 obscurs
741 2464 176 48 rivages
943 2461 57 39 du
1021 2460 143 40 fleuve
1189 2458 78 40 des
1291 2456 181 41 Enfers.

226 2533 119 42 C'est
362 2534 38 39 le
424 2534 227 39 troisième
670 2540 107 31 acte.
805 2529 111 42 Vers
938 2543 46 26 sa
1007 2528 277 45 conclusion,
1306 2535 110 31 cette
1440 2524 269 54 symphonie
1732 2537 137 37 grave
1889 2532 40 31 et
1952 2524 232 51 puissante

170 2603 253 53 précédera,
442 2616 54 26 en
518 2603 130 48 guise
668 2601 54 38 de
745 2599 201 52 prélude,
966 2596 39 41 le
1021 2597 155 40 choeur
1187 2594 107 42 final
1313 2595 77 40 des
1404 2595 161 51 esprits
1582 2592 250 42 infernaux.
1850 2590 70 42 On
1938 2590 246 41 l'entendra

171 2686 87 26 une
299 2671 85 41 fois
420 2684 174 37 encore,
634 2683 46 26 ce
701 2669 155 40 chœur
904 2668 203 46 terminé,
1150 2679 54 26 en
1247 2665 199 39 manière
1484 2663 26 39 d
1531 2662 304 41 introduction
1882 2665 21 35 à
1928 2660 125 40 l'acte
2095 2662 70 38 sui-

171 2750 107 32 vant
315 2739 80 55 (i).

230 2810 72 41 On
325 2823 56 27 ne
402 2810 169 40 saurait
593 2809 94 39 nier
711 2805 132 41 l'effet
858 2807 253 46 saisissant,
1133 2807 144 36 même
1301 2815 160 27 encore
1503 2814 115 39 pour
1630 2813 114 28 nous
1764 2808 148 31 autres
1931 2799 255 47 modernes,

174 2893 85 40 que
284 2879 179 52 produit
482 2878 113 39 dans
611 2874 255 42 l'orchestre
883 2875 53 39 de
951 2873 165 52 VOrfeo
1141 2870 283 54 l'apparition
1449 2870 52 40 de
1525 2883 70 26 ces
1619 2883 234 26 nouveaux
1875 2870 310 39 instruments.

174 2949 110 40 Bien
309 2961 101 40 que,
437 2946 358 46 musicalement,
822 2944 38 40 la
887 2944 219 52 première
1136 2941 268 52 symphonie
1423 2944 21 35 à
1470 2953 81 27 eux
1581 2937 169 42 confiée
1805 2952 53 26 ne
1906 2937 172 41 semble
2107 2950 81 39 pas

174 3017 131 40 d'une
321 3017 156 40 valeur
498 3014 359 44 transcendante,
881 3013 39 39 le
946 3011 161 40 timbre
1130 3019 41 32 et
1195 3011 39 39 la
1260 3010 196 40 sonorité
1479 3009 78 39 des
1582 3007 260 41 trombones
1856 3015 41 32 et
1917 3007 78 39 des
2013 3015 175 31 cornets

219 3189 46 43 (i)
288 3190 47 32 La
358 3189 157 33 seconde
537 3189 215 32 ritournelle
773 3188 62 32 des
859 3187 211 33 trombones
1105 3194 36 25 et
1168 3194 144 24 cornets
1336 3196 44 22 ne
1400 3185 117 43 ligure
1542 3187 135 40 qu'une
1711 3187 100 30 seule
1849 3184 80 41 fois,
1955 3187 17 30 à
2005 3187 32 30 la
2072 3184 47 32 fin
2141 3185 46 31 du

174 3239 202 43 quatrième
397 3247 87 24 acte.
508 3239 75 31 Elle
605 3239 154 40 précède
779 3248 131 22 encore
927 3249 47 20 un
1001 3240 127 30 chœur
1148 3236 167 41 d'esprits
1334 3235 190 33 infernaux
1547 3245 71 31 que
1640 3238 50 29 les
1708 3235 86 41 cinq
1815 3235 211 32 trombones
2044 3246 120 21 accom-

174 3298 175 35 pagnent.

216 3340 165 43 J'ignore
404 3337 198 43 pourquoi,
625 3340 72 30 lors
723 3338 62 32 des
806 3337 212 33 exécutions
1042 3339 16 30 à
1078 3340 32 29 la
1134 3336 124 31 Scholct
1265 3362 6 15 ,
1293 3344 95 24 cette
1406 3336 215 32 ritournelle
1653 3346 18 22 a
1695 3335 55 33 été
1774 3336 229 40 transportée
2027 3345 68 22 aux
2112 3334 57 32 ins-

174 3398 178 26 truments
375 3392 18 30 à
416 3389 143 33 cordes.
587 3388 114 32 Outre
724 3398 70 31 que
814 3391 32 29 la
869 3387 221 40 disposition
1124 3389 17 29 à
1175 3394 77 33 sept
1286 3386 135 41 parties
1444 3394 50 24 est
1531 3389 89 29 celle
1642 3385 42 32 de
1710 3388 32 30 la
1765 3385 178 40 première
1971 3385 220 42 symphonie

172 3441 62 32 des
257 3441 155 37 cuivres,
442 3438 226 33 l'indication
699 3438 62 32 des
785 3437 238 33 instruments
1055 3437 19 31 à
1112 3439 190 39 employer
1324 3436 47 33 ici
1396 3437 103 41 (dont
1520 3439 30 30 le
1574 3448 99 26 nom,
1709 3435 24 32 il
1769 3443 52 25 est
1857 3435 90 38 vrai,
1971 3447 19 20 n
2008 3443 53 24 est
2087 3435 104 41 point

173 3492 148 40 marqué
344 3492 89 31 dans
457 3492 32 30 la
512 3488 191 43 partition)
727 3489 134 31 résulte
884 3498 81 22 sans
991 3487 204 42 ambiguïté
1221 3488 44 31 de
1289 3490 31 29 la
1344 3495 84 24 note
1448 3486 62 42 qui
1536 3486 75 33 suit
1635 3490 31 28 le
1700 3488 128 30 chœur
1847 3498 6 19 :
1884 3486 157 31 Taciono
2064 3486 27 30 li
2121 3497 53 19 cor-

171 3541 286 39 netti,tromboni
479 3551 16 20 e
513 3539 116 42 regali
647 3539 41 30 ed
710 3543 148 26 entrano
887 3549 20 19 a
924 3548 144 27 sonare,
1086 3547 18 23 &
1110 3544 44 25 te.
1178 3537 86 42 (suit
1287 3539 32 29 la
1338 3537 243 42 désignation
1606 3537 68 33 des
1702 3536 242 33 instruments
1971 3535 63 42 qui
2058 3535 132 42 jouent

170 3594 32 30 la
227 3591 213 33 ritournelle
459 3589 181 40 suivante)
663 3614 21 7 ..
706 3593 32 27 et
764 3589 32 31 si
821 3592 97 28 muta
941 3587 33 32 la
998 3598 119 22 scena.
