2878 3779
2522 3561 115 61 89

126 161 315 59 TEK
522 161 61 58 H
665 161 61 58 N
804 153 49 64 É

126 357 206 39 gramme
362 341 59 43 de
450 355 201 29 mesures
679 352 118 39 pour
823 345 252 45 permettre
1100 354 88 26 une
1216 355 57 34 ap-

128 405 217 51 plication
386 404 196 42 sérieuse
624 400 60 44 de
724 400 44 43 la
809 402 61 43 loi
909 401 241 44 Loucheur
1194 418 41 27 ».

183 480 127 45 Nous
336 475 251 47 attendons
611 479 47 43 la
682 475 66 43 fin
776 475 60 45 de
861 476 44 42 la
931 475 286 52 publication
1242 473 61 43 de

126 559 52 25 ce
223 556 296 41 programme
566 555 117 36 pour
734 537 301 44 documenter
1082 555 86 25 nos
1213 537 66 44 lec-

126 615 132 33 teurs.

184 679 75 43 On
292 692 114 37 peut
437 685 141 35 rester
611 679 89 39 très
734 677 235 51 sceptique
1003 677 205 41 vi&ià-vis
1239 672 63 44 de

129 741 40 42 la
197 739 261 44 réalisation
490 757 23 27 «
544 755 57 26 en
625 741 68 40 soi
721 757 23 26 »
776 737 61 44 du
863 753 296 37 programme
1184 736 87 43 Lou-

127 805 148 42 cheur.
322 803 160 43 Certes
527 818 115 27 nous
687 817 171 27 savons
901 801 96 44 fort
1039 801 108 44 bien
1193 799 107 53 qu'il

127 868 133 52 s'agit
285 864 30 44 d
336 882 91 26 une
455 882 25 30 «
510 866 62 42 loi
597 863 374 45 révolutionnant
999 861 43 45 la
1067 871 209 34 construc-

129 932 96 39 tion
267 945 59 26 en
367 927 173 44 France
586 944 23 27 »
626 944 8 32 ;
681 943 117 26 nous
839 943 173 28 savons
1053 928 118 41 aussi
1215 941 87 37 que

129 993 61 44 M.
239 991 239 44 Loucheur
523 989 108 43 s'est
678 988 146 45 rendu
870 1006 58 25 en
974 986 237 47 Hollande
1258 995 44 33 et

131 1055 106 51 qu'il
275 1072 29 34 y
341 1071 29 25 a
405 1055 133 41 visité
571 1052 68 44 des
677 1053 309 52 cités-jardins
1027 1070 23 26 «
1093 1053 124 51 gaies
1258 1059 43 33 et

130 1134 83 37 pro
280 1132 107 35 près
408 1132 24 28 »
449 1132 132 33 ;nous
598 1131 172 26 savons
792 1130 165 27 encore
981 1131 88 36 que
1092 1112 60 43 de
1175 1113 128 42 clairs

132 1181 161 51 espritis
334 1181 256 40 nourissent
634 1176 59 43 de
736 1178 153 43 beaux
931 1180 189 48 projets,
1169 1178 108 51 géné-

132 1259 108 27 reux
278 1251 44 32 et
359 1250 261 38 novateurs,
661 1242 117 42 mais
812 1238 29 44 il
878 1258 30 34 y
943 1256 28 24 a
1004 1247 162 35 contre
1204 1245 99 35 tout

130 1305 95 41 cela
230 1349 8 14 ?
282 1315 44 31 et
364 1312 141 34 avant
543 1311 101 34 tout
681 1301 44 45 la
762 1302 175 43 lenteur
978 1299 325 53 d'adaptation

131 1367 60 42 du
223 1367 170 51 peuple
420 1365 198 53 français
644 1382 57 25 au
728 1376 194 33 courant
948 1362 63 45 du
1039 1362 148 48 siècle,
1218 1363 29 43 il
1276 1379 28 35 y

133 1447 23 24 a
193 1430 43 42 la
273 1430 190 49 routine,
506 1437 47 33 et
587 1426 418 51 il'administration,
1147 1426 29 42 il
1213 1443 29 35 y
1277 1441 27 25 a

133 1491 63 43 les
239 1492 174 46 fausses
456 1489 242 45 directives
750 1489 229 52 (pensons
1020 1505 89 27 aux
1151 1489 130 42 consé-

132 1571 197 35 quences
357 1553 58 42 de
442 1553 305 52 l'Exposition
776 1552 59 41 de
872 1551 151 53 1925)
1151 1559 45 33 et
1222 1566 83 37 par

133 1616 158 44 dessus
315 1626 102 39 tout)
439 1614 29 46 il
493 1633 29 35 y
545 1632 29 25 a
598 1614 234 48 l'absente
856 1613 62 43 du
944 1616 248 40 sentiment
1211 1613 70 43 col-

131 1679 136 53 lectif,
322 1680 272 42 l'étroitesse
645 1675 84 44 des
779 1678 215 42 horizons
1043 1673 236 45 individua-

131 1742 135 45 listes.

194 1817 66 45 La
285 1816 60 43 loi
369 1815 244 45 Loucheur
639 1831 111 25 aura
778 1831 58 25 en
861 1824 102 36 tout
987 1830 76 28 cas
1091 1830 89 25 une
1206 1828 75 26 sen-

130 1877 113 44 sible
271 1879 314 50 répercussion
611 1893 75 26 sur
712 1877 127 43 Paris
864 1886 45 32 et
935 1893 73 26 sur
1036 1873 270 44 l'ensemble

131 1940 61 43 de
222 1941 43 43 la
300 1942 159 52 région
490 1941 271 51 parisienne,
797 1938 118 43 dont
946 1938 42 43 le
1020 1936 256 54 développe-

132 2011 126 35 ment
305 2004 70 42 fut
421 2000 185 56 jusqu'à
653 2018 54 26 ce
748 2004 108 49 jour
902 2017 119 35 pour
1067 2000 43 43 le
1157 2001 149 41 moins

134 2084 22 26 «
189 2067 244 52 chaotique
465 2068 49 42 »l

195 2139 31 45 Il
271 2153 68 31 est
381 2138 158 44 inutile
582 2138 59 43 de
686 2137 250 53 reprendre
977 2137 178 43 ailleurs
1206 2136 101 54 (car

133 2220 59 26 on
219 2220 57 26 en
303 2204 56 43 fit
386 2201 82 48 des
493 2200 164 46 études
679 2218 76 26 sur
783 2199 42 43 le
854 2201 122 44 «mal
1004 2201 59 43 de
1091 2200 206 52 Paris»!)

134 2282 86 35 que
254 2265 109 45 chez
393 2265 64 43 Le
489 2263 249 45 Corbusier
768 2262 229 46 l'examen
1031 2262 61 43 du
1126 2280 75 26 cas
1231 2263 57 44 cli-

132 2330 136 50 nique
294 2326 61 43 de
377 2327 46 44 la
446 2327 200 52 capitale
672 2328 237 51 française.
941 2325 125 44 C'est
1093 2342 116 26 avec
1231 2341 76 27 ces

133 2390 220 44 éléments
404 2390 144 52 qu'on
592 2404 170 37 posera
808 2388 43 43 le
902 2387 244 53 problème
1193 2404 114 26 avec

132 2457 183 42 netteté.

187 2515 304 44 Assurément
520 2514 66 44 les
614 2514 223 43 solutions
867 2524 203 40 peuvent
1102 2510 202 46 différer.

229 2589 44 31 et
305 2595 118 28 nous
454 2593 202 37 pensons
686 2594 58 25 au
776 2578 155 42 récent
964 2574 162 45 travail
1156 2574 120 44 d'An-

134 2639 81 44 dré
242 2642 167 52 Lurçat
437 2639 117 44 dont
576 2640 68 44 les
675 2639 240 42 directives
943 2648 105 33 sont
1079 2639 230 50 opposées

134 2706 26 40 à
188 2702 136 45 celles
350 2702 61 43 de
436 2702 64 44 Le
527 2702 258 44 Corbusier,
816 2718 58 25 en
898 2717 56 27 ce
983 2705 73 49 qui
1082 2716 227 27 concerne

135 2764 43 43 la
214 2765 200 44 solution
450 2764 61 44 du
546 2782 77 24 cas
656 2766 211 49 parisien.
905 2764 130 44 Nous
1067 2780 146 26 avons
1247 2781 60 25 vu

138 2830 115 40 aussi
292 2828 71 46 les
400 2827 225 44 solutions
667 2829 199 50 pronées
906 2843 85 34 par
1030 2825 281 44 l'architecte

134 2890 176 43 Ventre
340 2900 47 33 et
416 2907 84 35 pair
530 2888 217 44 d'auttres.

199 2952 29 45 Il
276 2970 116 26 nous
435 2950 179 45 semble
658 2951 334 43 incontestable
1039 2950 271 42 néanmoins

138 3031 86 35 que
256 3013 155 45 l'idéal
442 3014 324 53 urbanistique,
801 3012 316 46 architectural
1150 3021 44 34 et
1226 3010 57 43 ad-

135 3079 260 45 ministratif
424 3079 173 50 exposé
625 3093 86 36 par
736 3076 67 44 les
830 3074 261 45 nombreux
1119 3084 192 33 travaux

138 3137 57 45 de
230 3140 63 44 Le
325 3140 249 44 Corbusier
607 3173 9 14 ,
623 3138 173 44 relatifs
831 3156 57 24 au
920 3154 214 27 nouveau
1168 3138 137 46 Paris,

137 3206 161 39 atteint
331 3212 143 34 avant
509 3210 104 43 tout
646 3210 127 36 autre
811 3203 173 48 exposé
1022 3199 208 54 jusqu'ici
1270 3199 41 44 le

138 3267 251 41 maximum
432 3263 59 44 de
531 3263 228 44 viabiliué.
805 3264 117 46 Mais
965 3266 90 39 ceci
1098 3273 67 32 est
1206 3271 103 41 trop

139 3344 154 35 grosse
327 3329 213 51 question
572 3341 119 37 pour
723 3330 96 40 être
853 3324 207 46 abordée
1094 3342 56 25 en
1189 3325 98 53 quel-

138 3406 110 35 ques
280 3389 156 55 lignes.

1510 339 46 44 A
1596 337 45 44 la
1674 339 118 43 suite
1831 336 140 43 d'une
2008 341 197 49 enquête
2244 338 111 41 faite
2358 379 9 13 t
2410 339 133 47 après
2582 342 40 36 le

1448 409 111 34 vote
1596 399 61 44 de
1695 399 46 47 la
1776 400 62 43 loi
1874 399 252 48 Loucheur,
2167 416 84 34 par
2287 416 60 27 un
2384 397 238 55 quotidien

1448 466 208 49 parisien,
1691 463 63 43 Le
1788 461 258 52 Corbusier,
2085 464 243 53 interrogé,
2364 464 209 49 exposait
2612 478 10 25 :

1516 567 22 28 «
1580 549 63 44 Le
1684 567 23 28 «
1747 548 362 47 Redressement
2144 548 214 53 Français
2396 565 23 27 »
2459 556 69 34 est
2563 563 59 25 un

1450 621 153 33 centre
1641 610 215 49 d'études
1892 614 76 52 qui
2004 612 259 51 comprend
2304 626 89 26 une
2434 628 24 28 «
2499 626 93 26 com-

1449 677 187 43 mission
1693 672 315 45 d'urbanistme
2068 692 40 33 »,
2170 684 203 33 antenne
2429 671 170 44 désinté-

1450 741 147 39 ressée
1643 736 83 45 des
1767 738 222 52 pouvoirs
2032 736 191 54 publics,
2269 746 46 33 et
2359 738 76 50 qui
2481 753 28 25 a
2551 737 72 40 été

1449 803 129 41 créée
1613 817 118 37 pour
1769 798 233 55 répondre
2040 803 28 40 à
2102 797 189 47 l'erreur
2330 798 82 44 des
2448 797 152 44 lotisse-

1450 873 212 34 semenls.
1704 863 134 44 Cette
1875 863 295 42 commission
2208 878 49 25 se
2292 878 204 35 propose
2542 861 82 51 (en

1448 935 297 44 provoquant
1790 924 82 44 des
1914 925 113 54 lois)
2082 924 61 43 de
2187 923 113 44 faire
2345 927 206 40 restituer
2597 927 27 40 à

1450 990 10 41 l
1481 989 106 56 Etaç
1617 1005 89 27 une
1737 1004 157 38 grosse
1923 998 104 44 part
2062 986 82 44 des
2174 987 234 45 bénéfices
2439 1004 88 35 que
2555 984 69 44 les

1451 1051 280 51 particuliers
1757 1061 82 34 ont
1864 1051 107 43 faits
1995 1067 74 25 sur
2099 1049 85 45 des
2208 1061 194 32 travaux
2431 1047 193 43 d'utilité

1451 1113 230 52 publique.
1710 1112 98 46 Elle
1830 1130 52 28 se
1904 1129 205 36 propose
2132 1114 118 40 aussi
2276 1111 58 44 de
2359 1127 265 37 provoquer

1453 1194 57 24 un
1549 1194 24 28 «
1613 1176 389 50 remembrement
2039 1195 23 25 »
2103 1175 62 43 du
2199 1176 67 42 sol
2302 1192 59 27 en
2397 1174 223 44 donnant,

1452 1255 114 34 pour
1602 1239 112 58 cela,
1757 1238 82 42 des
1876 1255 152 26 armes
2065 1237 168 53 légales
2274 1254 56 25 au
2370 1252 225 38 gouverne-

1451 1308 140 37 ment:.
1635 1302 143 44 Notre
1819 1303 67 41 sol
1931 1310 79 37 est,
2057 1317 56 25 en
2158 1300 127 52 effet,
2330 1303 35 38 si
2407 1298 212 44 morcelé,

1453 1363 107 51 qu'il
1603 1362 184 45 interdit
1829 1372 127 35 toute
1996 1365 311 41 construction
2345 1363 202 51 logique.
2593 1361 31 43 Il

1454 1426 96 43 faut
1588 1428 42 42 le
1665 1442 259 37 regrouper,
1961 1434 146 34 tracer
2143 1425 58 43 de
2236 1423 238 47 nouvelles
2509 1440 114 27 rues.

1519 1529 24 30 «
1582 1512 69 44 En
1685 1530 52 25 ce
1772 1515 75 50 qui
1881 1529 224 26 concerne
2141 1513 42 42 le
2217 1520 154 34 centre
2406 1510 59 43 de
2502 1512 124 42 Paris

1454 1574 26 43 il
1515 1593 30 35 y
1579 1595 27 25 a
1640 1574 123 45 deux
1794 1576 150 43 thèses
1980 1592 56 26 en
2071 1578 232 48 présence.
2343 1574 144 44 L'une
2521 1588 79 36 pro-

1454 1654 114 33 pose
1592 1637 59 44 de
1675 1655 49 28 se
1749 1638 136 42 livrer
1906 1642 29 40 à
1959 1654 61 27 un
2043 1640 76 49 jeu
2142 1636 62 43 de
2232 1652 240 28 massacre.
2501 1635 127 44 C'est

1454 1700 42 42 la
1524 1701 170 44 bonne.
1726 1700 183 45 L'autre
1938 1699 60 42 de
2028 1717 57 25 ne
2114 1717 84 34 pas
2228 1701 189 43 toucher
2446 1703 27 40 à
2500 1699 126 44 Paris

1455 1773 44 33 et
1530 1762 59 44 de
1622 1764 252 42 construire
1904 1762 203 45 d'autres
2137 1762 131 44 villes
2298 1766 27 40 à
2354 1766 105 40 côté
2492 1760 58 45 de
2583 1761 39 43 la

1455 1826 207 51 capitale.

1613 1913 102 52 Que
1740 1928 308 38 pensez-vous
2077 1910 58 43 de
2163 1910 42 43 la
2230 1913 198 50 poussée
2453 1909 60 43 de
2538 1911 59 43 Pa-

1455 1978 56 40 ris
1538 1992 101 27 vers
1665 1975 207 44 l'Ouest?

1610 2062 101 52 Que
1740 2061 111 43 c'est
1879 2077 89 26 une
1995 2076 115 36 pure
2138 2058 208 56 légende.
2380 2060 64 42 Le
2471 2066 156 35 centre

1460 2122 58 44 de
1551 2125 124 44 Paris
1710 2136 66 31 est
1811 2124 105 46 fixe.
1959 2140 23 28 «
2021 2123 126 43 Paris
2183 2122 112 44 c'est
2328 2123 167 43 Lutèce
2533 2140 90 25 »...

1456 2187 64 43 La
1552 2188 196 50 poussée
1785 2185 117 45 dont
1935 2202 115 27 vous
2085 2201 77 26 me
2192 2184 155 51 parlez
2379 2184 109 43 s'est
2521 2201 80 34 pro-

1458 2248 125 43 duite
1621 2265 56 28 en
1724 2248 138 53 1918,
1903 2246 156 54 quand
2098 2248 66 43 les
2200 2248 288 43 Américains
2523 2256 103 33 sont

1458 2313 169 42 arrivés
1651 2312 110 43 chez
1788 2328 127 26 nous.
1945 2312 66 42 La
2034 2312 216 45 situation
2277 2312 110 40 était
2410 2312 217 50 précaire.

1456 2375 63 43 Le
1550 2391 24 29 «
1608 2373 149 45 dollar
1787 2391 23 26 »
1848 2390 25 25 a
1902 2376 92 47 pris
2022 2373 64 42 les
2116 2379 348 44 appartements
2490 2371 138 42 libres

1459 2453 45 35 et
1526 2454 27 25 a
1577 2437 140 44 choisi
1741 2445 100 34 tout
1865 2434 350 45 naturellement
2241 2452 51 27 ce
2318 2433 107 55 qu'il
2452 2453 29 35 y
2507 2435 123 43 avait

1460 2498 59 44 de
1558 2502 153 41 mieux
1751 2507 46 33 et
1837 2497 58 43 de
1935 2496 102 54 plus
2078 2496 121 43 neuf.
2246 2497 134 43 Cette
2424 2496 205 43 fameuse

1460 2566 193 47 poussée
1681 2560 119 44 n'est
1826 2559 122 45 donc
1976 2577 83 34 pas
2087 2576 58 26 un
2175 2559 294 54 phénomène
2500 2576 102 35 orga-

1460 2627 146 49 nique*
1639 2626 115 40 mais
1784 2623 57 42 de
1871 2625 324 42 circonstance.

1528 2717 22 26 «
1596 2699 73 44 De
1705 2700 131 47 suite,
1878 2700 133 47 après
2052 2696 64 42 les
2156 2697 207 41 mauvais
2403 2700 126 48 jours
2573 2693 58 42 de

1468 2762 137 47 1918,
1643 2762 41 42 le
1722 2778 23 27 «
1781 2761 147 42 reflux
1966 2778 21 25 »
2030 2775 102 26 vers
2165 2759 43 42 le
2238 2767 153 34 centre
2425 2759 108 42 s'est
2565 2757 43 42 ef-

1459 2823 151 44 fectué
1663 2833 47 34 et
1766 2823 31 42 il
1851 2822 254 46 s'effectue,
2167 2819 459 49 malheureusement,

1462 2896 102 35 tous
1604 2885 65 44 les
1708 2889 142 50 jours.
1893 2883 128 48 C'est!
2060 2884 111 40 ainsi
2216 2883 141 52 qu'on
2399 2883 131 42 laisse
2573 2884 58 38 de

1460 2947 197 54 grandes
1701 2949 307 51 compagnies,
2159 2948 90 41 très
2289 2945 157 53 riches,
2492 2946 27 40 il
2565 2952 65 33 est

1460 3015 110 44 vrai,
1684 3008 244 46 s'installer
1952 3025 57 26 au
2036 3016 154 34 centre
2215 3006 59 43 de
2303 3009 136 48 Paris,
2473 3007 133 45 rache-

1463 3084 67 32 ter
1566 3073 81 43 des
1681 3071 283 53 immeubles,
2006 3080 296 42 provoquant
2337 3070 60 44 de
2432 3069 45 43 la
2509 3078 124 33 sorte

1461 3153 88 26 une
1583 3137 272 50 congestion
1892 3136 177 41 intense
2106 3145 44 32 et
2190 3132 277 52 empêchant
2507 3139 125 34 toute

1462 3199 324 45 urbanisation.
1823 3197 134 44 Cette
1989 3212 190 27 menace
2211 3193 60 43 de
2302 3199 221 47 parasites
2558 3196 73 49 qui

1462 3260 269 45 s'installent
1771 3260 115 43 dans
1923 3260 138 51 Paris,
2100 3257 255 44 absorbant
2392 3274 72 24 ses
2504 3272 103 37 orga-

1463 3340 78 30 nes
1570 3326 157 41 vitaux
1756 3323 109 43 c'est
1895 3338 51 25 ce
1976 3337 87 35 que
2091 3317 221 54 j'appelle
2344 3337 23 27 «
2401 3319 41 42 le
2474 3335 160 25 cancer

1461 3386 60 43 de
1551 3386 126 45 Paris
1709 3403 41 30 ».
