2878 3779
2019 141 313 59 TEK
2411 144 58 56 H
2548 146 61 54 N
2690 139 46 62 E

199 3547 130 91 88

304 314 49 43 -4°
384 314 205 44 Annuité
621 313 139 44 faible
802 313 265 53 (réduction
1101 313 59 43 de
1192 314 43 43 la
1266 317 118 40 rému-

239 379 208 40 nération
476 376 60 43 du
559 378 168 50 capital
756 381 26 39 à
818 376 102 48 1,25
953 395 44 36 p.
1025 395 39 26 c.
1099 376 60 43 de
1187 377 43 42 la
1254 377 158 42 valeur

240 437 58 42 de
328 437 294 53 l'immeuble,
656 439 100 51 plus
786 441 178 51 gestion
995 455 44 25 e:
1072 440 247 52 entretien)
1340 460 8 31 ;

303 503 47 42 5°
388 501 150 44 Enfin»
579 501 42 42 la
659 501 216 44 nouvelle
910 505 232 50 catégorie
1184 502 202 44 d'habita-

238 566 120 43 tions
388 566 242 50 envisagée
669 583 8 23 :
711 564 65 45 les
806 564 258 52 logements
1094 570 26 39 à
1150 565 129 53 loyer
1308 583 69 24 mo-

240 625 107 44 déré
380 625 199 43 destinés
610 631 26 39 à
666 627 43 42 la
739 626 143 42 classe
913 644 244 35 moyenne.

297 688 136 43 Voici
466 687 42 44 la
539 691 188 49 critique
760 687 82 44 des
875 689 198 47 chiffres,
1110 691 106 42 telle
1249 708 87 36 que
1369 692 42 42 la

236 750 157 50 publia
426 753 379 39 sommairement
839 751 41 44 la
915 769 139 24 revue
1091 770 22 28 «
1153 753 96 42 Das
1282 753 128 43 Neue

236 813 244 45 Frankfurt
518 831 25 27 »
592 832 10 26 :

296 875 178 44 Chiffre
507 876 147 42 aciuel
690 878 81 42 des
803 877 258 50 logements
1094 894 56 26 en
1182 878 173 43 France
1399 897 8 24 ;

234 937 79 45 dix
350 938 210 44 millions.
604 940 368 51 Augmentation
1012 941 399 51 proportionnelle

237 1020 23 26 «
297 1017 81 34 per
410 1018 173 25 annum
616 1020 22 26 »
677 1001 61 41 du
772 1004 84 42 fait
888 1002 58 42 de
976 1004 45 42 la
1054 1002 261 44 réalisation
1351 1003 58 43 de

234 1063 41 41 la
305 1063 60 45 loi
394 1064 239 43 Loucheur
669 1083 9 24 :
713 1065 108 48 0,52
857 1082 44 33 p.
932 1085 36 25 c.

287 1126 306 43 Habitabilité
646 1145 232 33 moyenne
936 1128 109 44 d'un
1099 1129 236 53 logement
1397 1148 9 25 :

233 1187 121 45 deux
378 1198 128 36 cents
529 1206 92 26 ans.
651 1190 179 42 Déchet
856 1191 165 43 annuel
1051 1207 57 27 en
1134 1192 269 51 logements,

231 1267 56 26 en
315 1251 172 43 France
524 1270 8 25 :
565 1252 179 48 50,000
772 1256 273 49 logements,
1075 1256 89 42 soit
1189 1270 89 27 une
1305 1272 78 34 pro-

232 1316 186 47 portion
452 1315 58 42 de
544 1314 112 46 0,50
690 1332 43 33 p.
769 1333 38 34 c.
842 1315 279 44 Edification
1158 1334 24 28 «
1217 1333 84 38 per
1330 1335 52 24 an-

234 1392 110 25 num
379 1394 22 26 »
439 1394 85 33 par
551 1376 47 42 la
630 1376 59 44 loi
720 1378 238 42 Loucheur
997 1398 8 24 :
1044 1379 57 43 52
1111 1414 6 17 ;
1120 1380 117 44 ,000.
1271 1380 112 43 Excé-

233 1437 111 44 dent
370 1441 95 42 réel
503 1458 8 24 :
544 1442 150 51 2,000
725 1439 272 53 logements.

296 1500 90 42 Ces
444 1501 28 41 d
478 1505 174 38 onnées
708 1502 266 43 établissent
1030 1503 64 44 les
1151 1508 231 47 comparai-

230 1580 106 25 sons
365 1567 233 42 suivantes
633 1584 9 25 :
673 1566 64 42 La
765 1566 173 43 France
965 1583 60 26 va
1051 1569 251 40 construire
1330 1584 52 26 an-

231 1625 281 44 nuellement
577 1626 189 54 (depuis
831 1628 150 53 1929)
1047 1629 179 45 52,000
1284 1630 99 54 loge-

231 1695 161 36 ments,
439 1687 156 49 tandiist
634 1706 88 36 que
765 1689 313 56 l'Allemagne
1119 1709 27 24 a
1186 1695 222 40 construit

230 1750 343 42 annuellement
596 1751 215 53 jusqu'en
845 1753 85 43 192
945 1754 20 42 7
1002 1772 8 25 :
1041 1754 213 50 200,000
1282 1754 100 52 loge-

229 1822 162 35 ments.
420 1814 74 42 Ou
732 1833 84 35 par
850 1816 9 42 1
877 1815 180 48 00,000
1084 1816 246 49 habitants,
1363 1816 43 43 la

230 1874 171 43 France
445 1876 204 43 fournira
698 1877 88 43 120
828 1877 257 53 logements
1127 1877 278 47 d'extcédent

229 1938 181 50 annuel,
453 1937 152 46 tandis
645 1956 87 35 que
769 1939 323 53 l'Angleterre,
1132 1942 210 52 jusqu'ici
1381 1959 25 24 a

231 2003 162 41 atteint
426 1999 43 42 le
504 2001 164 44 chiffre
706 2001 58 42 de
798 2001 96 43 290
901 2045 8 17 ?
946 2004 43 42 la
1022 2002 239 46 Hollande
1292 2003 113 43 celui

230 2061 60 42 de
322 2061 111 46 600.

292 2125 91 46 Ces
413 2126 189 44 chiffres
632 2135 46 33 et
707 2143 78 30 ces
817 2127 130 43 dates
979 2137 106 33 sont
1116 2145 126 28 assez
1275 2131 110 51 signi-

229 2187 168 43 ficatifs
433 2204 118 33 pour
586 2186 135 55 qu'ils
757 2205 48 27 se
840 2199 186 40 passent
1063 2189 181 43 d'autre
1283 2208 91 26 com-

228 2251 236 44 mentaire.

290 2311 87 43 Les
402 2314 212 50 critiques
637 2312 64 43 les
725 2313 103 51 plus
851 2316 127 41 vives
1004 2327 104 32 sont
1134 2332 104 29 sans
1263 2314 143 43 doute

228 2374 135 44 celles
393 2392 88 35 que
509 2373 157 52 publie
692 2375 45 42 la
766 2377 310 43 Commission
1103 2377 230 52 juridique
1362 2389 44 31 ei:

229 2435 365 44 administrative
626 2436 58 43 de
717 2439 25 43 1'
780 2455 24 28 «
838 2438 154 43 Union
1024 2439 382 51 professionnelle

228 2498 225 54 française
487 2498 61 43 du
584 2500 228 43 bâtiment
846 2518 39 35 »,
924 2500 117 47 dans
1073 2502 63 43 les
1169 2519 143 34 pages
1347 2502 57 41 de

232 2580 22 27 «
286 2562 65 43 La
377 2562 326 43 Construction
734 2562 228 44 Moderne
994 2583 22 25 »
1056 2584 10 23 :

294 2641 23 27 «
350 2624 65 43 La
441 2624 60 42 loi
531 2625 155 49 Ribot,
719 2624 151 44 vieille
900 2628 123 39 main
1048 2637 140 32 enant
1216 2626 60 43 de
1305 2627 100 51 plus

228 2685 59 43 de
318 2689 129 51 vingt
480 2704 93 25 ans»
613 2690 122 45 avait
769 2692 115 48 posé
919 2687 332 47 d'admirables
1282 2692 98 49 prin-

223 2751 139 48 cipes.
392 2750 67 42 En
489 2748 46 44 la
566 2751 257 41 remaniant
852 2749 197 53 quelque
1077 2768 102 33 peu,
1215 2768 58 25 ou
1303 2752 101 51 plus

226 2810 293 52 simplement
548 2829 56 25 en
631 2812 248 44 cherchant
908 2818 28 39 à
962 2813 277 53 l'appliquer
1265 2815 29 44 d
1315 2831 88 26 une

225 2876 201 40 manière
468 2876 249 50 généreuse
760 2886 44 32 et
842 2875 296 53 intelligente,
1178 2886 125 33 cette
1342 2876 60 42 loi

226 2938 110 40 étîait
372 2936 241 44 suffisante
649 2954 118 34 pour
805 2942 214 47 conjurer
1057 2955 56 25 en
1151 2939 175 43 France
1360 2939 44 43 la

224 3003 112 39 crise
365 2998 61 42 du
454 2998 235 52 logement
715 3009 44 32 et
789 3017 117 33 pour
934 3001 113 43 faire
1074 2999 59 43 de
1161 3000 43 43 la
1230 3001 172 44 France

225 3078 62 24 un
323 3059 82 45 des
440 3078 116 35 pays
590 3060 236 53 d'Europe
861 3062 67 45 les
963 3063 102 53 plus
1099 3065 124 44 sains
1258 3073 45 33 et
1336 3063 67 43 les

223 3121 103 52 plus
372 3122 326 50 confortables,
750 3142 184 26 comme
982 3126 42 43 le
1070 3134 106 33 sont
1223 3130 155 48 aujour-

226 3183 125 46 d'hui
378 3186 311 54 l'Allemagne
713 3197 45 32 et
781 3186 320 53 l'Angleterre.
1131 3187 116 42 Mais
1275 3189 42 42 la
1342 3188 60 42 loi

224 3248 141 42 Ribot
398 3266 24 25 a
454 3252 71 40 été
560 3267 22 26 «
616 3249 210 51 torpillée
858 3267 41 26 ».

287 3311 83 42 Les
398 3313 270 50 signataires
699 3311 56 42 de
786 3320 118 34 cette
934 3316 202 40 manière
1167 3312 59 42 de
1257 3316 112 39 mani-

224 3372 115 42 feste
377 3373 266 50 expliquent
680 3384 44 33 et
766 3373 297 45 démontrent
1101 3377 214 46 l'incurie,
1358 3375 40 43 la

1560 319 279 53 négligence,
1871 317 343 55 l'imprécision,,
2239 320 271 44 l'arbitraire
2539 322 58 43 de
2621 321 93 45 l'ad-

1561 382 304 42 ministration
1906 381 203 54 lorsqu'il
2147 382 109 43 s'est
2293 386 70 51 agi
2403 383 59 42 de
2500 384 214 52 l'applica-

1560 447 96 39 tion
1688 442 60 44 de
1780 443 43 44 la
1851 445 78 44 loi.

1632 535 23 27 «
1686 519 88 43 Les
1801 528 217 42 rapports
2047 520 191 43 annuels
2266 538 87 35 que
2383 523 42 43 le
2453 520 185 45 Conseil
2667 539 46 25 su-

1560 583 181 47 périeur
1778 579 84 48 des
1899 582 281 47 habitations
2218 588 26 38 à
2280 584 98 43 bon
2416 585 184 43 marché
2637 601 75 25 sou-

1557 654 98 32 met
1692 660 58 26 au
1787 643 245 50 Président
2070 644 59 43 de
2168 646 44 42 la
2248 645 292 54 République
2579 656 44 32 et
2662 650 74 50 qui

1559 716 107 32 sont
1710 706 200 44 destinés
1952 712 28 40 à
2021 710 261 51 renseigner
2326 708 41 42 le
2411 709 153 51 public
2608 720 45 32 et
2696 709 41 43 le

1559 768 262 46 Parlement
1853 787 75 25 sur
1959 769 318 52 l'application
2310 770 61 43 de
2406 771 43 43 la
2482 771 62 43 loi
2578 771 155 45 Ribot»

1559 830 209 46 donnent
1804 849 90 26 une
1932 835 274 49 impression
2244 833 292 56 d'abandon,
2571 833 60 44 de
2669 851 44 26 re-

1557 904 293 39 noncement,
1915 893 354 54 d'imprécision,
2335 896 59 42 de
2455 896 251 52 décourage-

1560 966 127 33 ment
1708 967 44 34 et
1775 957 60 43 de
1854 960 201 40 tristesse
2077 962 153 38 même
2251 962 73 48 qui
2349 959 326 43 déconcertent
2696 960 40 42 le

1556 1019 182 46 lecteur.
1773 1039 24 26 »

1620 1094 90 43 Ces
1747 1103 215 44 rapports
1995 1105 106 32 sont
2138 1098 88 40 très
2263 1096 232 51 explicites
2531 1112 117 35 pour
2683 1112 52 25 ce

1558 1158 75 48 qui
1682 1173 228 26 concerne
1955 1156 181 44 l'effort
2185 1157 59 42 de
2293 1161 308 40 construction
2653 1156 81 43 des

1555 1235 116 36 pays
1705 1223 236 49 étrangers
2330 1220 232 53 Belgique,
2602 1220 104 44 Alle-

1557 1298 180 37 magne,
1792 1282 467 53 Tchéco-Slovaquie,
2318 1284 55 42 U.
2429 1284 53 44 R,
2538 1284 44 44 S.
2637 1284 87 52 5.,)

1555 1347 115 40 mais
1693 1345 54 45 ils
1771 1353 107 35 sont
1901 1347 94 40 très
2021 1347 211 49 imprécis
2257 1362 74 26 sur
2359 1347 42 41 la
2430 1348 214 40 situation
2670 1345 61 43 de

1557 1406 43 42 la
1638 1408 189 53 France.

1618 1482 47 43 L'
1703 1500 23 27 «
1758 1482 156 44 Union
1941 1482 383 51 professionnelle
2355 1482 61 44 du
2446 1483 228 44 bâtiment
2704 1501 22 26 »

1559 1547 214 40 continue
1824 1547 112 40 ainsi
1991 1564 9 25 :
2054 1562 23 28 «
2131 1544 31 44 Il
2215 1556 67 32 est
2328 1548 228 41 vraiment
2604 1549 102 39 éton-

1560 1617 112 32 nant
1742 1608 139 51 qu'en
1950 1609 101 42 face
2124 1606 84 43 des
2275 1609 277 52 statistiques
2625 1611 88 40 inté-

1558 1677 238 45 ressantes,
1847 1674 75 49 qui
1969 1687 117 25 nous
2135 1679 104 33 sont
2288 1670 201 43 fournies
2538 1688 82 34 par
2669 1671 64 42 les

1554 1749 116 36 pays
1706 1735 258 53 étrangers,,
1988 1731 406 44 l'administration
2429 1750 58 25 ne
2523 1736 90 42 soit
2646 1750 84 35 pas

1553 1794 209 51 capable,
1799 1811 59 26 ou
1890 1793 102 53 plus
2025 1804 301 39 exactement,
2363 1812 59 26 ne
2451 1796 165 43 veuille
2648 1813 82 34 pas

1555 1856 176 44 fournir
1760 1874 61 26 un
1847 1856 185 44 tableau
2062 1856 81 43 des
2172 1857 209 43 résultats
2409 1860 167 50 acquis.
2607 1859 124 43 C'est

1553 1936 101 34 que,
1686 1918 361 53 probablemient
2093 1937 77 29 ces
2201 1919 217 46 tableaux
2447 1938 57 25 ne
2535 1923 195 41 seraient

1552 1998 85 34 pas
1662 1985 31 39 à
1720 1999 84 25 son
1836 1991 230 44 avantage
2095 2000 47 32 et;
2172 1982 194 43 feraient
2396 1986 207 40 ressortir
2632 1984 76 43 l'in-

1553 2047 204 49 capacité
1788 2043 82 45 des
1898 2044 179 48 Offices
2107 2045 97 46 ,des
2232 2045 204 43 Sociétés
2467 2044 59 43 de
2552 2044 172 46 Crédit,

1553 2116 43 31 et
1629 2105 83 45 des
1741 2108 205 44 Sociétés
1980 2107 348 45 d'Habitations
2359 2112 24 41 à
2416 2107 96 43 bon
2543 2112 185 42 marché

1553 2169 323 44 actuellement
2522 2169 215 44 »

1616 2244 137 43 Enfin
1792 2261 89 26 une
1917 2253 127 34 autre
2081 2246 189 50 critique
2307 2262 90 35 que
2432 2246 198 44 formule
2664 2249 43 39 vi-

1552 2316 354 40 goureusement
1930 2305 190 44 l'Union
2148 2307 383 50 professionnelle
2561 2313 25 39 à
2613 2324 115 27 ceux

1553 2371 74 47 qui
1660 2369 152 42 furent
1841 2370 192 51 chargés
2062 2368 60 43 de
2153 2368 316 53 l'application
2501 2371 59 43 de
2592 2370 46 47 la
2667 2371 58 42 loi

1750 2440 68 33 est
1863 2450 10 25 :
1919 2448 23 29 «
1983 2432 70 42 les
2088 2431 221 55 quelques
2346 2432 172 46 crédits
2556 2433 172 43 alloués

1552 2510 83 32 par
1663 2494 42 42 la
1731 2494 59 43 loi
1816 2493 142 52 Ribot
1986 2511 89 27 aux
2101 2503 335 35 constructeurs
2464 2506 81 32 ont
2571 2495 157 43 donné

1553 2556 86 42 lieu
1666 2560 27 39 à
1717 2573 61 26 un
1804 2556 236 43 arbitraire
2067 2556 325 45 administratif
2422 2561 145 40 inouï!
2599 2577 23 26 »
2653 2559 75 42 Un

1552 2634 76 25 cas
1662 2620 356 51 singuièrement
2053 2622 188 49 typique
2279 2618 61 47 du
2374 2619 98 44 zèle
2507 2619 193 45 adminis-

1553 2681 122 42 tratif
1707 2695 66 31 est
1804 2685 173 38 ensuite
2007 2684 99 42 cité.

1615 2755 191 43 Passant
1849 2759 26 39 à
1911 2752 237 46 l'examen
2187 2754 62 44 de
2288 2755 43 43 la
2371 2755 59 43 loi
2472 2756 250 48 Loucheur,

1552 2815 188 44 l'Union
1776 2818 383 49 professionnellle
2194 2821 111 47 écrit
2347 2838 8 24 :
2399 2836 22 28 «
2461 2820 31 42 Il
2530 2829 66 33 est
2634 2822 68 41 évi-

1553 2876 109 50 dent
1696 2896 87 35 que
1814 2884 34 39 si
1881 2879 45 42 la
1959 2881 59 42 loi
2052 2881 241 44 Loucheur
2323 2880 99 43 doit
2455 2886 95 39 être
2583 2880 120 55 appli-

1552 2945 115 46 quée
1708 2958 113 28 avec
1863 2941 66 43 les
1970 2945 175 40 mêmes
2185 2946 227 48 principes
2453 2961 87 34 que
2582 2943 43 44 la
2663 2943 60 44 loi

1553 3003 142 43 Ribot
1738 3013 45 32 et
1825 3021 83 34 par
1950 3004 66 44 les
2057 3008 178 39 mêmes
2280 3006 373 53 fonctionnaires,
2698 3006 28 42 il

1550 3064 212 45 vaudrait
1799 3069 152 42 mieux
1988 3067 45 44 la
2067 3069 260 50 supprimer
2362 3075 100 35 tout
2501 3070 58 43 de
2596 3071 115 40 suite

1551 3145 76 26 car
1657 3128 114 43 c'est
1805 3130 42 43 le
1881 3129 96 43 seul
2016 3147 172 35 moyen
2225 3128 195 47 d'éviter
2455 3132 41 42 le
2535 3151 23 27 «
2597 3148 102 26 scan-

1550 3189 104 43 dale
1681 3189 60 44 de
1766 3189 42 44 la
1833 3191 60 42 loi
1920 3193 239 43 Loucheur
2186 3210 23 27 »
2241 3198 74 47 qui
2341 3203 67 32 est
2435 3195 285 43 imminent.»

1612 3253 106 44 Plus
1757 3254 93 42 loin
1893 3253 188 44 l'Union
2124 3255 382 52 professionnelle
2547 3255 178 44 aborde

1546 3314 44 46 *a
1614 3317 191 50 critique
1830 3318 132 50 point
1987 3334 85 34 par
2095 3320 133 49 point
2255 3317 57 43 de
2336 3318 47 43 la
2404 3317 218 44 nouvelle
2647 3318 74 42 loi.

1550 3387 45 32 et
1633 3395 274 27 commence
1947 3381 45 43 la
2032 3382 316 48 présentation
2395 3398 23 28 «
2467 3379 111 45 d'un
2618 3398 79 33 pro-
