2878 3779
232 3566 115 60 84

239 172 309 58 TEK
626 172 59 58 H
766 172 58 56 N
906 164 48 64 É

241 363 67 32 ter
338 354 41 41 la
407 350 156 44 valeur
592 350 213 50 foncière,
840 359 43 32 et
915 351 25 39 à
969 351 179 49 ajouter
1177 351 25 39 à
1231 347 185 43 l'attrait

243 414 56 45 de
327 413 42 45 la
393 428 90 28 rue.

309 487 282 44 Différentes
634 487 307 51 applications
984 485 148 49 furent
1176 484 237 43 discutées.

242 551 72 42 Un
355 550 191 50 délégué
586 548 172 51 signala
798 547 107 52 qu'il
945 552 122 40 avait
1104 550 71 39 été
1216 546 200 51 possible

242 613 205 42 d'attirer
472 614 43 42 la
539 610 264 44 circulation
832 628 98 25 vers
956 609 82 45 des
1062 628 101 25 rues
1187 626 196 25 commer-

241 685 155 42 çantes
426 692 55 24 en
513 691 56 27 en
599 673 281 42 intensifiant
911 672 270 52 l'éclairage.
1216 672 102 47 Une
1352 670 43 42 di-

241 740 223 39 minution
496 734 396 54 proportionnelle
924 735 80 43 des
1033 738 163 42 crimes
1224 734 194 42 commis

241 799 115 47 dans
384 798 64 46 les
476 801 214 41 environs
720 798 67 44 fut
814 800 251 40 constatée.

308 872 62 47 Le
400 872 193 52 délégué
623 871 184 52 anglais,
845 872 63 42 M.
943 871 254 46 Patterson,
1232 871 52 43 fit
1313 886 77 33 rap-

240 945 105 41 port
375 952 73 26 sur
479 934 64 47 les
572 933 499 53 spécifications-types
1104 933 225 52 adoptées
1362 948 55 24 en

241 997 274 52 Angleterre
538 1014 118 35 pour
678 995 257 52 l'éclairage
960 999 82 43 des
1066 1013 113 25 rues.
1207 994 83 43 Ces
1315 997 76 47 spé-

240 1060 254 43 cifications
535 1058 416 51 scientifiquement
999 1060 304 43 déterminées
1351 1058 44 43 vi-

241 1133 99 36 sent
372 1122 63 42 les
468 1121 240 45 différents
741 1131 132 41 types
908 1119 287 51 d'éclairage,
1232 1119 43 45 la
1306 1119 83 41 hau-

241 1194 98 33 teur
374 1194 43 32 et
452 1183 41 43 la
528 1183 206 48 distance
771 1182 82 46 des
887 1192 198 42 poteaux
1136 1193 83 35 etc.

304 1256 66 43 M.
404 1256 182 52 Taylor,
620 1256 192 51 délégué
838 1256 186 51 anglais,
1056 1256 51 42 fit
1133 1265 102 42 part
1262 1267 26 38 à
1314 1253 77 41 ras-

239 1319 204 46 semblée
479 1319 79 43 des
595 1318 322 43 observations
953 1318 132 44 faites
1119 1335 60 24 en
1211 1315 207 42 étudiant

240 1381 42 42 la
316 1380 223 44 réflexion
574 1381 57 43 de
662 1380 42 44 la
736 1381 188 42 lumière
957 1379 250 43 aitificielle
1240 1394 84 34 par
1356 1376 62 41 les

241 1444 242 44 différents
513 1453 274 45 pavements
819 1446 58 42 de
908 1460 95 28 rues

309 1505 117 44 MM,
450 1505 40 52 J.
514 1506 58 42 A»
599 1505 258 51 Macintyre
878 1516 44 35 et
946 1504 59 43 H.
1031 1503 214 52 Buckley,
1272 1520 109 25 mem-

238 1569 106 44 bres
369 1569 59 42 du
454 1568 301 45 Laboratoire
784 1567 214 42 National
1026 1569 57 42 de
1111 1566 224 51 Physique
1362 1581 54 27 en

240 1629 287 53 Angleterre,
578 1632 318 50 présentèrent
943 1647 88 25 une
1080 1628 126 46 thèse
1254 1644 74 26 sur
1376 1627 40 41 la

243 1710 23 25 «
308 1693 257 42 Protection
602 1691 81 43 des
720 1691 217 43 tableaux
973 1709 44 29 et
1053 1691 82 44 des
1170 1694 152 47 pièces
1360 1689 57 40 de

242 1755 157 46 Musée
435 1764 160 35 contre
632 1755 43 44 la
712 1753 305 53 dégradation
1056 1754 80 43 des
1172 1756 162 41 teintes
1372 1768 42 24 ».

309 1816 85 43 Les
453 1834 166 34 rayons
682 1816 308 42 ultra-violets
1051 1825 239 41 attaquent
1353 1814 63 41 les

241 1884 173 40 teintes,
450 1889 44 33 et
524 1881 111 47 c'est
665 1888 159 33 contre
856 1896 85 24 eux
972 1878 106 51 qu'il
1111 1878 96 42 faut
1237 1879 107 49 agir.

309 1942 62 42 La
402 1945 208 47 question
642 1955 66 31 est
739 1941 207 43 d'autant
979 1940 100 51 plus
1106 1949 192 41 urgente
1330 1955 86 34 que

241 2004 58 49 les
330 2004 249 46 fabricants
610 2004 59 42 de
700 2002 208 45 couleurs
939 2020 57 28 ne
1028 2001 275 47 s'attachent
1334 2018 82 35 pas

241 2076 25 40 à
296 2067 180 42 obtenir
506 2073 79 43 des
614 2065 209 53 produits
852 2069 74 48 qui
956 2068 208 39 résistent
1194 2064 57 42 de
1283 2080 99 25 nom-

240 2128 184 44 breuses
459 2131 182 42 années.
681 2128 245 51 Beaucoup
964 2126 58 45 de
1058 2126 357 43 chefs-d'œuvre

243 2208 79 25 ces
363 2194 186 42 maîtres
590 2193 375 48 contemporains
1004 2203 105 31 sont
1151 2187 198 45 destinés
1391 2189 25 39 à

242 2255 119 49 périr
386 2256 33 39 si
443 2252 93 44 l'on
560 2270 57 26 ne
641 2251 62 45 les
726 2255 213 40 soustrait
962 2269 81 35 pas
1067 2255 25 38 à
1116 2250 184 45 l'action
1327 2249 66 42 dis-

242 2315 209 47 solvante
486 2317 81 44 des
599 2331 168 34 rayons
799 2314 319 42 ultra-violets.

311 2394 56 42 Le
402 2394 240 53 problème
679 2406 65 31 est
779 2394 261 52 compliqué
1084 2412 7 23 :
1129 2396 27 41 il
1191 2392 131 53 s'agit
1358 2393 58 42 de

242 2468 184 31 trouver
454 2474 86 26 une
569 2457 187 41 lumière
784 2457 297 42 débarrassée
1115 2458 56 42 de
1200 2473 72 26 ces
1305 2470 82 34 «pa-

242 2523 184 38 rasites»
473 2531 43 32 et
557 2539 55 25 en
654 2523 150 38 même
847 2530 150 40 temps
1038 2517 275 52 susceptible
1359 2516 57 41 de

242 2584 234 48 présenter
500 2580 62 45 les
586 2581 214 45 tableaux
824 2599 106 28 sous
955 2584 89 41 leur
1068 2579 205 43 meilleur
1296 2584 115 47 jour.

311 2643 84 45 Les
428 2643 335 47 conférenciers
793 2654 79 32 ont
903 2643 203 51 procédé
1137 2646 25 38 à
1194 2642 57 46 de
1282 2659 99 25 nom-

240 2705 187 46 breuses
461 2709 292 48 expériences
786 2724 54 23 au
873 2709 118 48 sujet
1026 2705 57 44 de
1116 2703 204 51 l'emploi
1358 2703 56 41 de

241 2784 148 28 verres
420 2771 159 49 jaunes
612 2778 44 32 et
687 2778 120 32 verts
840 2768 172 42 filtrant
1044 2767 64 46 les
1140 2784 167 34 rayons
1341 2769 73 48 qui

241 2841 253 37 traversent
515 2829 41 43 le
577 2830 166 44 c'el.La
765 2831 131 43 tâche
917 2843 66 31 est
1003 2830 141 44 ardue
1167 2847 136 34 parce
1327 2848 85 33 que

241 2892 41 46 le
319 2895 81 42 ciel
440 2904 66 32 est
544 2891 173 53 parfois
752 2891 118 51 bleu,
911 2892 174 52 parfois
1124 2891 109 44 d'un
1273 2908 140 35 rouge

238 2958 212 49 jaunâtre
474 2973 55 26 au
554 2953 196 43 coucher
773 2957 60 42 du
856 2953 139 50 soleil,
1023 2965 39 31 et
1087 2972 85 33 que
1200 2955 64 43 les
1287 2971 94 24 com-

238 3017 235 44 binaisons
508 3017 81 44 des
622 3016 206 46 couleurs
863 3017 58 41 du
953 3017 126 43 soleil
1114 3027 43 33 et
1191 3019 60 41 du
1284 3031 130 28 verre

238 3089 106 34 sont
369 3079 177 52 parfois
571 3081 199 40 nocives.

306 3141 269 51 Reprenant
610 3158 87 25 une
733 3151 168 33 recette
936 3144 25 38 à
994 3140 112 45 base
1142 3140 58 45 de
1237 3144 177 48 quinine

238 3208 73 47 qui
350 3206 193 49 protège
582 3204 63 46 les
685 3206 205 40 visiteurs
929 3202 81 43 des
1049 3203 359 51 Hautes-Alpes,

238 3268 63 42 les
346 3265 217 52 délégués
607 3265 174 51 anglais
828 3264 205 43 étudient
1076 3266 41 42 la
1162 3264 250 50 possibilité

235 3328 224 45 d'utiliser
480 3330 42 43 le
544 3329 210 52 sulpha'e
781 3328 56 42 de
863 3331 182 49 quinine
1069 3346 117 35 pour
1209 3327 202 44 éliminer

236 3392 63 48 les
331 3408 168 34 rayons
532 3389 319 45 ultra-violets.

1628 351 62 43 M.
1735 351 48 50 P.
1826 351 37 51 J.
1906 348 269 52 Waldram,'
2204 349 536 52 ingénieur-éelairagiste

1565 412 187 51 qualifia
1778 412 55 42 de
1861 428 22 25 «
1910 414 137 42 crime
2070 422 159 31 contre
2254 411 42 41 la
2319 414 129 38 santé
2471 411 218 50 publique
2714 426 22 25 »

1565 475 42 41 la
1651 477 309 40 construction
2005 472 58 41 de
2106 477 220 47 quartiers
2368 473 75 42 d'à
2449 472 81 42 ffai
2537 491 67 24 res
2647 490 70 26 sur-

1565 538 202 52 peuplés,
1802 555 112 25 avec
1943 537 117 44 leurs
2087 536 279 54 gratte-ciels
2396 541 73 48 qui
2498 546 242 42 masquent

1565 602 40 41 le
1644 601 141 48 soleil.

1634 674 62 42 Le
1745 692 198 32 manque
1992 673 57 43 de
2100 673 143 52 place,
2297 672 325 47 continue-t-il,
2676 680 66 33 est

1566 738 111 43 fatal
1701 755 56 25 au
1779 735 258 44 travailleur
2063 736 76 43 des
2160 736 148 48 villes;
2338 738 64 41 les
2423 736 236 43 substituts
2685 734 56 45 de

1565 799 98 43 l'air
1692 809 44 33 et
1767 801 57 43 de
1855 800 41 41 la
1927 799 186 42 lumière
2145 816 86 33 que
2263 816 114 28 nous
2407 802 174 40 créons,
2615 797 126 52 quels

1567 880 86 33 que
1686 865 147 40 soient
1867 863 117 43 leurs
2017 863 194 47 mérites,
2252 879 56 27 ne
2342 859 284 51 remplacent
2660 875 83 35 pas

1565 924 97 43 l'air
1687 941 84 34 pur
1798 934 42 32 et
1867 923 40 43 la
1936 923 186 44 lumière
2152 924 59 42 du
2237 927 116 49 jour.

1634 986 64 42 La
1727 1004 104 24 cure
1861 987 162 44 solaire
2054 985 224 43 n'est-elle
2307 1004 83 33 pas
2425 985 226 47 d'ailleurs
2679 1002 61 24 un

1565 1049 189 44 remède
1780 1049 192 43 efficace
1999 1058 158 33 contre
2185 1047 58 47 de
2271 1047 301 45 nombreuses
2597 1047 115 42 mala-

1571 1111 118 43 dies?

1633 1186 44 43 Si
1703 1187 64 45 les
1786 1185 192 44 citadins
1999 1197 104 33 sont
2125 1206 55 26 en
2203 1185 184 51 général
2409 1187 149 41 moins
2580 1185 134 42 robus-

1565 1260 68 32 tes
1659 1266 86 34 que
1772 1247 63 47 les
1862 1247 350 58 campagnards,
2244 1265 52 24 ce
2320 1247 112 43 n'est
2458 1265 82 35 pas
2565 1255 177 34 surtout

1566 1314 26 39 à
1624 1329 135 26 cause
1793 1310 57 45 de
1884 1314 116 41 leurs
2033 1312 299 49 occupations
2363 1309 281 44 sédentaires

1565 1374 242 50 beaucoup
1865 1373 243 45 d'athlètes
2162 1382 105 32 sont
2324 1374 81 43 des
2458 1371 282 43 travailleurs

1569 1435 277 46 sédentaires
1974 1438 113 40 mais
2120 1435 93 42 leur
2244 1435 251 42 infériorité
2528 1436 214 49 provient

1569 1497 57 43 du
1656 1515 199 33 manque
1883 1497 126 44 d'air,
2042 1498 52 42 de
2120 1497 199 46 lumière,
2352 1496 57 43 de
2436 1495 141 43 soleil.

1629 1559 195 52 D'après
1859 1560 228 44 l'orateur,
2129 1562 41 41 la
2206 1559 198 44 solution
2441 1557 148 45 réside
2627 1557 113 42 dans

1565 1622 42 44 la
1639 1622 189 47 défense
1859 1624 57 47 de
1945 1621 116 43 bâtir
2092 1625 81 42 des
2201 1620 271 44 immeubles
2503 1628 103 45 trop
2637 1622 103 48 près

1566 1684 64 42 les
1661 1702 83 27 uns
1778 1686 80 43 des
1892 1693 162 33 autres.
2092 1683 88 45 Ces
2212 1700 201 28 mesures
2447 1691 294 35 rencontrent

1569 1748 296 50 l'opposition
1903 1747 80 45 des
2021 1746 206 43 hommes
2265 1745 235 43 d'affaires
2538 1745 202 42 obstinés

1627 1809 168 42 utiliser
1828 1819 103 35 tous
1965 1808 63 43 les
2062 1811 177 43 recoins
2272 1808 224 52 possibles
2534 1808 113 45 dans
2682 1825 56 24 un

1571 1888 137 34 rayon
1766 1873 218 41 restreint.
2043 1870 92 42 Tôt
2190 1889 57 23 ou
2303 1870 102 42 tard
2461 1869 274 53 cependant,

1569 1934 218 51 l'opinion
1815 1933 221 52 publique
2068 1950 107 30 aura
2210 1936 148 39 raison
2392 1932 59 44 de
2481 1944 72 33 cet
2585 1932 129 43 obsta-

1569 1995 63 43 cle
1679 2006 43 33 et
1771 1996 249 42 réclamera
2070 1996 80 42 des
2200 1995 83 42 lois
2331 1994 299 51 régularisant
2678 1994 62 42 les

1565 2062 345 40 constructions.

1633 2121 61 42 M.
1733 2120 240 45 Waldram
2013 2124 113 41 croit
2164 2120 228 44 d'ailleurs
2428 2139 87 33 que
2550 2119 42 44 la
2629 2136 81 25 con-

1565 2186 248 40 centration
1849 2187 212 47 présente
2100 2185 57 42 de
2194 2187 175 38 sérieux
2405 2183 334 51 désavantages

1940 2263 55 28 en
2029 2244 318 52 compliquant
2379 2248 41 45 la
2453 2244 262 44 circulation
2729 2264 7 28 ;

1565 2308 39 48 le
1637 2307 248 52 téléphone
1916 2309 112 41 rend
2063 2307 227 44 d'ailleurs
2321 2317 118 33 cette
2470 2318 242 32 concentra-

1564 2374 94 41 tion
1690 2373 148 39 moins
1870 2370 120 42 utile.

1632 2432 62 45 M.
1757 2431 240 44 Waldram
2058 2432 235 44 demanda
2355 2452 55 25 en
2473 2434 263 43 conclusion

1567 2494 256 51 l'adoption
1859 2495 107 42 d'un
2001 2498 116 43 code
2151 2499 323 43 international
2508 2499 230 40 résumant

1565 2556 62 47 les
1653 2556 145 52 règles
1823 2557 250 45 uniformes
2103 2568 25 38 à
2155 2557 171 53 l'usage
2354 2559 80 43 des
2460 2557 275 44 architectes.

1565 2618 257 48 Lui-même
1851 2624 191 47 suggéra
2082 2645 7 22 :

1635 2698 22 25 «
1698 2681 84 45 Les
1819 2682 301 42 installations
2157 2702 55 24 ne
2248 2693 280 41 permettant
2562 2704 82 33 pas
2682 2683 56 42 de

1563 2749 99 38 voir
1698 2744 41 45 le
1776 2745 80 42 ciel
1892 2751 25 39 à
1952 2744 190 44 hauteur
2178 2746 57 42 de
2271 2746 123 45 table
2428 2764 57 25 ne
2520 2749 190 40 convien-

1564 2825 109 23 nent
1705 2825 81 33 pas
1815 2825 119 34 pour
1967 2810 57 41 les
2056 2818 192 33 travaux
2282 2808 58 43 de
2369 2809 173 42 bureau
2576 2820 44 33 et
2653 2827 85 33 que

1564 2870 94 41 leur
1692 2872 310 46 construction
2037 2871 115 43 n'est
2187 2890 81 33 pas
2302 2871 287 46 souhaitable
2625 2889 42 25 »♦

1636 2943 432 50 (Communication-
2116 2944 60 42 du
2235 2963 21 24 «
2312 2946 175 44 Bureau
2539 2945 201 44 d'Etude

1564 3005 144 51 Philip
1738 3006 69 50 ».)

1574 3246 23 24 «
1632 3230 81 42 LA
1743 3231 135 42 CITE
1912 3249 22 23 »
1967 3232 43 42 A
2044 3231 169 44 POUR
2241 3232 216 44 TACHE

1785 3327 50 26 DE
1862 3326 290 28 DOCUMENTER
2177 3328 80 26 SUR
2282 3329 73 26 LES
2382 3328 254 28 PROBLEMES
2663 3330 73 26 LES

1785 3375 107 26 PLUS
1927 3376 163 32 DIVERS,
2125 3376 70 27 IV3IS
2231 3377 50 26 EN
2315 3377 73 27 JEU
2423 3377 80 26 PAR
2538 3377 200 26 L'EFFORT

1782 3417 352 28 ARCHITECTURAL
2164 3419 348 27 CONTEMPORAIN.
