2838 4051
316 222 342 194 LA
714 222 558 200 CITE

1357 246 317 52 REVUE
1747 250 543 52 MENSUELLE
2361 254 306 50 BELOE

1354 344 895 66 D'ARCHITECTURE,
2315 353 312 49 D'URBA-

1354 444 302 51 NISME
1775 448 109 49 ET
1972 449 278 51 D'ART
2337 450 340 51 PUBLIC

1341 605 676 61 SUPPLÉMENT
2127 612 496 58 D'INFORMA-

1342 749 212 51 TION
1662 753 108 49 ET
1869 753 111 51 DE
2085 754 591 58 TECHNIQUE

307 587 135 129 6
538 587 727 134 TEKHNI

306 927 343 65 OrsNine
749 931 117 61 «le
966 932 87 57 la
1141 932 326 62 Société
1567 937 262 65 Belge
1926 939 160 58 des
2185 939 491 60 Urbanistes

304 1077 88 55 et
503 1077 500 61 Architectes
1117 1080 555 63 Modernistes
1843 1084 111 62 <S.
2029 1085 92 59 B.
2198 1087 93 58 11.
2367 1089 94 57 A.
2538 1088 138 62 MJ

298 1458 245 64 SIË6E
620 1466 114 58 DE
811 1468 107 56 LA
995 1468 298 58 REVUE
1355 1478 25 47 8
1445 1469 526 66 BRUXELLES,
2044 1473 130 63 10,
2253 1474 132 57 PL.
2461 1474 208 60 LOIX

301 1614 1030 60 DIRECTEUR-ADMINISTRATEUR
1365 1642 19 32 I
1417 1618 88 57 R.
1557 1618 620 67 VERWILGHEN,
2230 1621 185 59 ING.
2466 1624 74 56 C.
2592 1625 73 56 €.

298 1761 413 59 SECRÉTAIRE
813 1783 85 37 DE
1001 1783 78 38 LA
1155 1764 397 57 RÉDACTION
1630 1778 25 47 S
1756 1759 250 63 IMILE
2111 1767 553 60 HENVAUX

301 1903 710 68 RÉDACTEURS
1088 1924 26 47 8
1188 1919 166 38 '-DE
1406 1919 212 42 LIGNE,
1646 1920 354 42 architecte.
2029 1921 322 40 Bruxelles
2428 1939 30 16 -
2535 1925 50 37 J.
2611 1926 52 37 j.

595 2052 395 43 EGGERICKX,
1009 2053 355 43 architecte.
1392 2055 321 39 Bruxelles
1812 2071 32 17 «
1947 2057 68 37 H.
2043 2057 235 43 HOSTE.
2306 2058 354 43 architecte.

597 2175 235 41 Bruaes
909 2192 31 15 -
1020 2176 50 37 L.
1097 2176 144 39 VAN
1286 2176 132 39 DER
1459 2178 387 40 SWAELMEK,
1883 2179 739 43 architecte-paysagiste-

594 2298 347 42 urbaniste.
957 2300 322 38 Bruxelles
1354 2315 30 18 -
1460 2300 51 39 J.
1528 2301 75 38 H.
1633 2301 143 37 VAN
1804 2301 421 42 MARDEVELD.
2243 2303 417 40 Amsterdam.

392 2655 104 38 Les
532 2655 375 38 Rédacteurs
936 2656 67 37 et
1041 2655 508 40 Collaborateurs
1586 2658 145 37 sont
1766 2658 173 38 seuls
1977 2660 455 40 responsables
2471 2663 82 37 «le

391 2777 169 40 leurs
584 2777 270 41 articles.
921 2794 30 15 -
1017 2777 44 37 Il
1088 2783 145 34 sera
1261 2778 198 39 rendu
1484 2780 252 40 compte
1760 2780 163 38 dans
2100 2775 178 44 CITÉ'*
2306 2783 84 39 de
2415 2783 138 39 tout

387 2907 287 35 ouvrase
719 2900 157 38 dont
917 2902 166 36 deux
1120 2902 423 42 exemplaires
1583 2902 218 39 seront
1836 2903 278 43 envoyés
2152 2903 41 39 à
2234 2904 63 40 la
2338 2912 214 34 revue.

283 3229 688 59 ABONNEMENTS
1022 3241 26 47 s
1102 3232 410 63 Belgique
1558 3243 24 46 5
1634 3232 102 57 35
1788 3233 305 57 francs.
2170 3224 400 71 Étranger
2622 3243 20 48 s

282 3378 106 57 50
435 3378 276 57 francs
755 3389 115 46 ou
915 3378 105 57 IO
1058 3379 331 62 belgas.
1500 3393 42 23 -
1656 3380 96 58 Le
1792 3379 352 57 numéro
2184 3389 26 46 s
2246 3379 58 56 4
2343 3379 299 64 francs*

280 3525 345 64 Compte
650 3524 376 65 Chèques
1054 3525 364 59 Postaux
1442 3537 261 47 revue
1798 3526 109 58 LA
1935 3518 235 66 CITÉ**
2198 3525 112 57 N°
2329 3525 313 59 166.21.

279 3666 167 38 Pour
477 3665 63 39 la
575 3666 189 40 vente
804 3674 81 30 an
928 3666 282 42 numéro.
1249 3667 351 39 s'adresser
1636 3667 483 39 exclusivement
2161 3674 125 32 aux
2325 3666 317 40 librairies

279 3788 206 42 Dépdt
512 3789 308 41 principal
849 3797 18 29 :
898 3789 292 38 Librairie
1213 3791 349 39 LAMERTIN,
1591 3791 432 39 Coudenberg,
2048 3789 146 41 58-6
2194 3789 74 41 S,
2295 3789 344 40 Bruxelles.
