3373 4186
2620 3828 151 59 179

232 324 323 56 TEK
636 324 61 56 H
778 324 64 56 N
923 319 45 61 E

239 481 121 26 vaux
414 465 265 42 d'aération,
735 466 328 43 d'éclairement
1116 480 39 30 et
1207 468 198 54 d'équipe-

242 539 124 30 ment
401 528 72 40 des
509 527 165 42 classes.
717 525 62 46 La
816 529 130 41 classe
983 545 50 26 en
1070 529 120 54 plein
1228 530 62 42 air
1324 529 105 43 était

240 590 380 53 intelligemment
656 589 221 43 défendue
914 607 77 37 par
1029 591 313 42 l'illustration
1381 592 48 41 de

241 652 332 53 remarquables
603 653 223 52 exemples
856 653 185 53 anglais,
1074 654 155 41 suisses
1260 666 39 30 et
1331 653 74 42 hol-

240 713 188 41 landais.
468 713 88 46 Des
592 715 233 52 questions
860 715 260 54 techniques
1154 715 273 55 (chauffage,

241 775 251 42 matériaux
532 775 244 44 sanitaires,
817 787 77 30 etc.
916 777 15 53 )
972 776 163 43 étaient
1177 778 140 41 même
1357 792 48 27 ex-

241 836 125 54 posés
397 853 54 26 au
481 837 154 53 public
667 837 134 42 d'une
832 838 132 52 façon
998 837 83 43 très
1110 839 197 43 vivante.
1343 839 58 41 En-

239 899 68 41 fin
338 901 34 40 le
397 900 232 52 problème
656 900 312 53 urbanistique
996 901 50 40 de
1073 901 356 52 remplacement

240 962 72 40 des
347 960 135 42 écoles
517 960 105 42 était
658 961 129 41 traité
823 960 384 54 judicieusement.

310 1023 244 54 Signalons
577 1038 85 39 que
688 1024 37 41 la
753 1038 127 27 revue
904 1024 133 44 suisse
1071 1040 22 25 «
1121 1025 92 43 Das
1238 1025 139 42 Werk
1404 1040 22 26 »

237 1101 23 25 a
294 1085 171 53 groupé
494 1100 51 26 en
581 1100 60 26 un
676 1085 189 41 numéro
898 1086 59 40 du
991 1086 101 53 plus
1126 1087 110 44 haut
1271 1086 158 43 intérêt,

238 1147 59 40 les
335 1147 101 52 plus
472 1147 239 53 suggestifs
747 1147 72 43 des
855 1148 266 41 documents
1156 1148 273 54 graphiques

238 1220 41 29 et
310 1209 425 54 photographiques
766 1209 78 54 qui
877 1209 137 42 firent
1047 1210 159 52 l'objet
1239 1212 51 40 de
1323 1211 85 42 l'ex-

239 1270 202 53 position
500 1286 21 26 «
573 1270 90 42 Der
711 1270 123 42 Neue
883 1272 228 41 Schulbau
1163 1287 22 26 »
1234 1272 51 53 («
1337 1273 92 41 Das

240 1332 138 42 Werk
421 1348 40 28 »,
507 1340 50 33 n°
604 1348 38 39 5.
688 1333 86 41 mai
823 1333 172 54 1932).
1039 1333 130 42 Nous
1210 1334 194 53 présente-

231 1409 105 26 rons
360 1409 53 25 au
438 1409 128 28 cours
588 1395 111 40 d'un
724 1394 218 54 prochain
968 1395 202 42 numéro,
1197 1396 207 54 quelques-

240 1472 83 25 uns
358 1456 51 41 de
439 1472 62 28 ces
531 1456 204 53 précieux
767 1458 267 40 documents
1064 1458 21 41 à
1119 1472 80 31 nos
1232 1458 193 42 lecteurs.

232 1610 323 57 NOTICE

235 1709 855 57 BIBLIOGRAPHIQUE

307 1841 36 41 L
367 1841 236 41 Annuaire
631 1841 191 42 Général
849 1843 60 39 du
937 1841 250 48 Bâtiment,
1213 1844 72 42 des
1316 1844 84 41 Tra-

239 1916 123 29 vaux
397 1902 182 42 Publics
614 1912 41 32 et
689 1905 73 43 des
797 1902 249 43 Industries
1079 1905 78 52 qui
1192 1920 17 25 s
1232 1921 26 36 y
1293 1914 113 34 ratta-

236 1966 153 50 chent,
420 1964 170 43 édition
633 1979 138 40 1932,
804 1964 124 42 vient
958 1966 50 42 de
1038 1965 206 53 paraître.
1289 1966 136 42 1.268

238 2041 133 39 pages
399 2026 125 41 in-8°
558 2027 148 42 raisin.

307 2088 219 41 Première
564 2088 141 53 partie
744 2121 8 8 .
896 2088 390 43 Documentation
1324 2104 78 39 pro-

239 2149 300 50 fessionnelle,
571 2165 78 38 par
678 2150 110 41 Jean
822 2150 225 46 Delvaux,
1081 2163 155 30 avocat
1265 2152 94 52 près
1390 2151 37 43 la

237 2211 127 42 Cour
419 2211 199 53 d'Appel
675 2212 51 41 de
781 2212 253 46 Bruxelles;
1095 2213 34 41 le
1186 2214 157 41 lecteur
1397 2229 27 38 y

237 2284 159 30 trouve
425 2274 51 40 de
504 2273 204 53 précieux
738 2274 375 54 renseignements
1139 2290 73 27 sur
1239 2286 101 30 tous
1370 2274 57 45 les

233 2350 71 30 cas
331 2336 78 53 qui
437 2335 310 43 l'intéressent,
777 2347 289 30 notamment
1100 2352 8 25 :
1141 2335 286 43 Allocations

237 2396 262 47 familiales;
551 2397 261 54 Arbitrage;
865 2397 291 46 Assurances;
1206 2397 218 42 Contrats

238 2458 234 54 d'emploi,
501 2459 50 41 de
577 2460 182 45 travail;
787 2459 160 42 Droits
971 2460 226 45 d'auteur;
1225 2459 176 54 Enregis-

234 2531 218 33 trement;
489 2519 275 54 Expertises;
804 2520 277 43 Honoraires
1115 2521 72 42 des
1220 2519 184 44 architec-

234 2594 86 35 tes;
353 2581 340 55 Mitoyenneté;
726 2582 241 54 Privilèges
996 2594 40 30 et
1067 2581 360 55 responsabilités

236 2644 75 42 des
341 2644 255 47 architectes
625 2657 40 30 et
697 2655 356 43 entrepreneurs;
1088 2655 76 31 etc.

307 2705 250 43 Deuxième
594 2705 154 54 partie.
887 2705 142 45 Nom,
1067 2705 168 42 adresse
1270 2716 40 31 et
1347 2720 54 27 nu-

237 2767 123 42 méro
395 2767 50 41 de
481 2767 238 53 téléphone
755 2768 72 45 des
861 2768 268 44 architectes,
1168 2766 256 56 géomètres,

237 2841 351 42 entrepreneurs,
625 2841 94 36 etc.,
756 2829 153 42 classés
941 2844 81 39 par
1052 2828 131 43 ordre
1215 2827 186 56 alphabé-

233 2891 128 54 tique
393 2902 40 31 et
464 2906 80 38 par
575 2890 189 43 localité.

307 2952 255 44 Troisième
585 2951 153 55 partie.
855 2952 125 42 Nom
1004 2968 61 26 ou
1088 2952 144 45 firme,
1260 2951 167 43 adresse

236 3028 40 30 et
300 3015 190 41 numéro
512 3015 51 41 de
585 3014 239 53 téléphone
847 3015 51 41 de
920 3025 102 31 tous
1048 3015 55 41 les
1127 3013 300 42 fournisseurs

236 3077 52 41 de
316 3088 193 30 travaux
538 3075 176 55 publics
740 3087 40 30 et
808 3075 159 54 privés,
996 3074 152 44 classés
1177 3073 225 55 alphabéti-

237 3149 215 43 quement
481 3152 82 39 par
594 3137 210 54 produits
835 3149 41 31 et
909 3153 78 38 par
1022 3135 210 43 localités.

307 3199 261 55 Quatrième
599 3199 155 53 partie.
886 3199 258 53 Répertoire
1176 3196 225 54 alphabéti-

237 3277 85 39 que
365 3262 72 45 des
482 3276 206 40 marques
732 3262 72 41 des
849 3259 209 55 produits
1101 3258 230 56 employés
1373 3274 52 26 en

234 3324 336 43 construction;
599 3323 170 54 chaque
795 3337 110 26 nom
933 3321 263 54 de-produit
1221 3332 62 31 est
1310 3318 116 45 suivi

236 3386 138 41 d'une
400 3384 246 42 définition
672 3384 113 43 ainsi
809 3399 86 40 que
919 3384 71 41 des
1017 3398 132 27 noms
1172 3394 41 31 et
1237 3382 190 42 adresses

235 3447 74 41 des
348 3446 317 43 fournisseurs.

303 3507 131 45 Edité
455 3522 80 40 par
558 3509 57 41 les
641 3507 196 42 Anciens
859 3507 370 43 Etablissements
1251 3507 174 41 Puvrez

237 3570 41 44 S.
315 3570 73 45 A.,
428 3586 40 38 9,
504 3585 168 27 avenue
706 3570 202 52 Fonsny,
946 3568 245 43 Bruxelles.
1227 3568 198 52 Compte

230 3631 413 56 chèques-postaux
701 3645 190 40 145,91.
942 3629 109 43 Prix
1105 3646 9 26 :
1170 3644 59 41 50
1278 3629 148 42 francs

228 3694 176 42 franco.
1422 3690 5 56 j

1577 472 329 72 Table
1980 472 211 72 des
2264 472 508 72 Matières

1581 602 234 32 parues
1835 594 158 40 dans
2032 594 40 40 “
2111 594 237 40 TEKNNE
2437 594 10 40 „
2457 594 9 40 -
2495 594 51 37 5e
2566 594 206 37 année

1577 670 412 40 Supplément
2006 677 82 28 au
2109 669 43 36 X
2156 673 14 15 e
2185 669 131 36 vol.
2333 670 82 35 de
2453 663 112 47 “LA
2583 663 188 47 CITÉ„

1584 771 166 40 Etudes
1785 769 373 43 architecturales.

1586 862 24 24 •
1658 858 58 40 Le
1750 856 154 42 Musée
1937 855 238 43 Moderne,
2211 872 79 37 par

1657 919 55 41 A.
1745 919 148 41 Perret
2376 926 51 33 n°
2513 931 36 29 i,
2592 931 42 38 p,
2754 932 14 27 1

1585 986 24 23 0
1656 981 286 53 Plans-types
1965 980 51 42 de
2038 979 253 44 Chambres

1658 1043 211 41 d'Hôtels
1920 1075 9 9 .
2182 1073 9 9 .
2375 1049 51 33 n°
2507 1041 42 41 8,
2591 1055 43 38 p.
2686 1054 85 41 123

1585 1110 24 24 •
1655 1105 155 52 Projet
1843 1105 110 40 d'un
1989 1103 144 55 grand
2167 1102 96 42 théâ-

1657 1179 62 30 tre
1747 1167 26 41 d
1797 1167 119 42 Etat,
1945 1181 79 39 par
2050 1166 54 43 R.
2133 1164 125 42 Mosz-

1658 1229 180 41 kowski
2376 1234 51 33 n°
2507 1240 42 40 9,
2591 1240 43 37 p,
2686 1240 86 40 133

1585 1296 24 23 ®
1657 1291 240 52 Hôpitaux
1929 1289 249 42 modernes,
2211 1303 79 38 par

1659 1353 54 41 G.
1764 1351 234 42 Brunfaut
2090 1385 8 7 .
2177 1383 9 9 .
2264 1383 9 7 .
2370 1357 52 34 n°
2474 1364 70 30 11,
2588 1364 41 38 p.
2683 1363 86 41 157

1585 1420 24 23 •
1655 1414 155 53 Projet
1896 1413 189 42 d'Hôtel
2172 1426 116 39 pour

1657 1491 264 39 voyageurs,
1971 1491 79 38 par
2097 1475 52 42 R.
2200 1473 60 42 Mi-

1657 1540 146 40 chaux
1839 1538 54 47 (I.
1932 1536 41 42 S.
2013 1537 56 41 A.
2106 1536 59 42 D.
2187 1536 15 49 )
2267 1569 9 9 .
2478 1550 68 26 12.
2590 1551 42 37 p.
2685 1548 87 40 170

1582 1637 145 42 Etude
1759 1635 172 45 sociale.

1584 1729 24 23 9
1657 1724 79 40 Les
1766 1722 217 53 Hospices
2013 1736 117 39 pour
2162 1720 104 42 vieil-

1658 1785 129 42 lards.
1824 1800 79 37 par
1936 1784 118 53 Aug.
2093 1783 186 42 Merckx
2375 1790 51 33 n°
2506 1797 41 38 4,
2591 1797 41 37 p.
2713 1780 58 55 67

2375 1852 51 33 n°
2507 1844 40 42 6,
2591 1858 42 38 p.
2685 1858 87 27 102

2373 1921 27 26 n
2409 1913 16 16 °
2505 1920 42 40 7>
2589 1921 44 38 P*
2684 1919 48 28 11
2748 1919 22 39 3

2374 1976 52 34 n°
2507 1968 40 41 8,
2590 1984 42 38 p.
2685 1967 86 42 128

1579 2058 169 40 Etudes
1773 2067 42 31 et
1845 2058 269 40 documents
2142 2053 351 54 urbanistiques.

1584 2149 24 23 •
1654 2143 251 42 Comment
1989 2158 59 25 on
2135 2142 106 41 urba-

1667 2206 91 42 nise
1799 2205 78 53 (?)
1923 2204 234 42 Bruxelles
2198 2237 9 9 .
2285 2236 10 8 .
2373 2211 53 32 n°
2505 2218 26 37 4
2589 2218 44 38 p.
2712 2203 53 41 61

1582 2273 24 24 •
1655 2268 33 41 L
1714 2268 278 41 Urbanisme
2032 2282 53 27 en
2125 2267 61 41 U.
2229 2267 54 42 R.

1655 2330 42 43 S.
1732 2329 59 44 S.,
1824 2345 77 37 par
1931 2329 49 42 E.
2013 2328 113 53 May
2267 2361 9 9 .
2373 2335 51 32 n°
2506 2341 40 40 5,
2590 2342 42 38 p.
2712 2342 58 38 77

1583 2396 24 24 •
1655 2390 362 54 Aménagement
2050 2390 73 41 des
2154 2403 112 27 carre-

1655 2453 128 41 fours
1828 2469 51 27 en
1925 2451 336 43 Grande-Breta-

1655 2531 83 37 gne
2373 2520 52 32 n°
2505 2512 41 45 6,
2589 2526 42 38 p.
2711 2525 57 41 95

1582 2582 24 24 •
1654 2576 243 42 Méthodes
2001 2574 285 43 américaines

1653 2638 394 53 d'aménagement
2101 2647 40 32 et
2194 2636 68 42 d'é-

1651 2701 266 53 quipement
1938 2699 74 41 des
2031 2698 250 42 carrefours
2373 2704 52 33 n°
2506 2697 40 41 8,
2590 2712 41 37 p.
2684 2709 84 42 125

1578 2798 251 42 Actualités
1856 2796 359 44 architecturales
2241 2806 40 32 et
2313 2794 273 54 techniques.

1582 2890 26 24 •
1644 2885 62 41 La
1736 2885 168 41 Société
1932 2885 132 53 Belge
2092 2885 73 40 des
2193 2883 62 42 Mé-

1655 2947 101 41 tiers
1787 2947 151 42 d'Art,
1971 2961 79 38 par
2079 2945 68 42 M.
2178 2945 81 42 Cas-

1655 3009 103 41 teels
2372 3013 52 35 n°
2506 3020 39 30 2,
2588 3021 43 37 p.
2712 3019 52 27 21

1583 3076 25 24 •
1655 3071 78 43 Un
1831 3081 310 31 constructeur
2236 3069 52 41 de

1654 3132 262 54 gratte-ciel,
1949 3147 79 39 par
2055 3132 40 42 J.
2128 3130 128 43 Mout-

1653 3194 132 44 schen
2372 3199 52 33 n°
2506 3207 39 28 2,
2587 3206 44 37 p.
2713 3206 57 38 24

1583 3261 25 25 •
1655 3255 246 43 Souvenirs
1968 3271 74 28 sur
2109 3255 48 42 F.
2231 3254 49 42 L.

1655 3318 201 54 Wright,
1909 3333 80 38 par
2034 3318 41 41 J.
2128 3316 128 43 Mout-

1653 3380 131 41 schen
2372 3386 52 33 n°
2505 3393 41 40 3,
2589 3392 42 37 p.
2709 3391 55 39 41

1582 3446 26 25 •
1655 3441 369 42 L'Architecture
2048 3452 40 31 et
2117 3440 39 41 la
2177 3440 104 41 crise
2374 3446 52 34 n°
2506 3439 40 42 6,
2589 3455 43 38 p.
2712 3452 57 41 93

1582 3509 26 24 •
1653 3504 204 54 Congrès
1951 3502 334 42 International

1655 3567 51 40 de
1745 3565 243 43 Barcelone
2090 3596 10 10 .
2177 3597 9 9 .
2266 3594 9 9 .
2371 3571 52 34 n°
2505 3563 38 44 8,
2588 3577 43 38 p.
2681 3575 83 29 121

1583 3633 25 24 •
1655 3627 105 42 Etat
1783 3629 141 41 actuel
1948 3627 52 42 de
2023 3627 39 42 la
2086 3626 167 43 Norma-

1654 3688 182 43 lisation
1874 3705 52 26 en
1963 3688 233 42 Hollande
2264 3721 8 9 .
2368 3695 52 34 n°
2472 3702 54 26 10
2585 3702 41 38 p.
2680 3700 84 40 145
