3492 4417
1719 158 70 51 56

146 308 143 44 nutzt.
319 301 84 51 Nr.
437 301 51 61 3,
543 302 122 58 „Des
694 302 221 67 Morgens
950 301 49 52 in
1035 299 107 54 dem
1438 299 56 50 ist
1521 299 73 50 ein
1623 316 56 51 ge-

146 381 190 59 sundes,
374 381 186 49 frisches
590 379 95 51 und
713 381 140 51 dabei
882 383 109 50 sehr
1019 391 149 42 zartes
1197 378 254 61 Liedchen,
1489 378 226 51 während

148 461 85 49 Nr.
267 461 51 57 4,
714 461 236 52 durchaus
973 459 310 68 wehmüthig,
1314 459 199 68 elegisch
1542 458 170 66 klingt;

150 539 123 50 diese
303 541 130 47 letzte
465 539 337 70 Composition,
840 543 67 66 ja,
950 543 74 50 die
1067 541 122 51 drei
1234 539 163 49 letzten
1429 538 169 50 Lieder
1632 537 80 51 des

150 618 163 50 Heftes
342 618 211 68 gehören
582 622 241 50 sicherlich
854 641 104 31 zum
990 625 184 53 Besten,
1225 635 95 31 was
1358 618 85 48 seit
1479 617 235 49 Schubert

152 696 92 50 und
275 696 336 54 Mendelssohn
639 701 47 49 in
715 701 176 49 diesem
919 702 158 50 Fache
1105 694 306 72 geschrieben
1441 696 177 50 wurde.

270 777 186 51 Franz
486 781 281 58 Wüllner,
798 781 161 67 0p.2,
991 779 142 50 Sechs
1152 773 184 53 Lieder.
1368 777 90 66 Op.
1491 777 52 57 4,
1568 776 144 50 Sechs

392 858 186 52 Lieder.
615 861 144 49 Beide
789 860 139 49 Hefte
957 858 73 50 bei
1060 857 161 49 Kahnt
1249 854 46 50 in
1325 856 202 68 Leipzig.

272 937 137 50 Auch
441 938 123 51 diese
593 940 169 49 Lieder
797 938 100 50 sind
935 938 102 49 eine
1066 938 108 49 sehr
1203 936 246 49 dankensw
1463 936 133 51 erthe
1625 936 60 49 Be-

150 1016 283 68 reicherung
475 1018 80 50 des
585 1018 250 50 deutschen
864 1016 392 51 Liederschatzes.
1315 1016 91 67 Op.
1439 1016 52 59 2,
1533 1016 182 57 „Meine

150 1096 132 48 Lieb'
312 1096 58 49 ist
398 1100 74 48 ein
845 1097 57 50 ist
933 1097 135 50 frisch
1099 1097 95 50 und
1225 1096 185 67 kräftig,
1453 1094 261 60 „Lieb'um

618 1177 52 66 4)
713 1178 183 57 „Neues
1150 1176 103 51 sind
1281 1176 316 67 schwungvoll
1620 1174 95 53 und

154 1253 229 61 fliessend,
425 1258 165 56 „Trost
616 1257 63 48 im
990 1256 216 67 dagegen
1222 1256 56 49 ist
1293 1254 296 59 bescheiden,
1620 1253 72 51 ein-

152 1333 104 50 fach
286 1336 95 48 und
411 1336 332 67 ansprechend.
790 1337 164 66 Gegen
983 1337 84 48 Nr.
1101 1336 31 49 6
1165 1337 46 50 in
1241 1336 92 67 Op.
1364 1336 52 59 2,
1469 1334 105 60 „Ich
1606 1333 108 51 hab'

149 1411 105 50 dich
553 1416 57 48 ist
638 1414 352 60 einzuwenden,
1030 1414 106 50 dass
1165 1414 83 51 der
1279 1416 272 66 Componist
1579 1413 133 50 darin

149 1492 84 48 viel
265 1493 274 50 Chromatik
580 1495 97 49 und
720 1511 322 51 gezwungene
1070 1495 353 49 Modulationen
1452 1493 264 69 gebraucht

148 1572 96 50 hat.
272 1573 90 50 Die
381 1573 507 68 Clavier-Begleitung,
914 1575 189 49 obwohl
1127 1575 101 49 hier
1242 1575 97 49 und
1362 1575 62 50 da
1444 1594 56 30 zu
1519 1572 168 52 schwie-

146 1651 73 66 rig
249 1648 275 69 (besonders
552 1653 47 50 in
623 1655 85 48 Nr.
731 1653 30 50 6
787 1671 88 32 von
898 1653 92 68 Op.
1018 1653 70 66 4),
1117 1653 56 50 ist
1201 1653 167 50 immer
1396 1653 180 50 hübsch
1608 1670 81 33 aus-

146 1731 277 67 gearbeitet.
451 1733 116 51 Wir
595 1733 159 50 hätten
784 1732 203 51 dieselbe
1018 1751 58 32 an
1107 1733 228 50 manchen
1366 1735 174 49 Stellen
1569 1733 122 50 einfa-

148 1809 114 50 cher
291 1812 292 66 gewünscht,
627 1812 118 50 doch
789 1812 118 50 wird
949 1813 65 49 sie
1052 1820 137 42 unter
1227 1813 252 66 geübten
1508 1813 208 66 Fingern

148 1889 87 50 voll
267 1889 98 50 Und
393 1891 126 49 reich
549 1891 205 66 klingen,
784 1907 97 33 was
910 1891 72 49 die
1011 1891 187 59 Lieder,
1235 1909 138 31 wenn
1402 1892 64 48 sie
1500 1911 36 31 z.
1566 1892 54 50 B.
1651 1891 64 49 im

150 1969 229 51 Concerte
407 1977 311 61 vorgetragen
746 1969 208 60 werden,
997 1987 135 33 wozu
1169 1972 95 48 sich
1295 1972 215 51 mehrere
1540 1971 150 51 dersel-

149 2048 90 50 ben
270 2049 109 51 sehr
407 2056 85 60 gut
519 2049 185 67 eignen,
734 2067 91 32 nur
853 2069 80 30 um
963 2067 50 32 so
1044 2049 282 53 effectvoller
1348 2052 201 50 machen
1576 2049 134 51 wird.

1364 2131 36 48 N
1401 2131 43 48 ........

311 2369 243 54 Tages-
599 2370 139 43 und
771 2369 772 55 Unterhaltungs-Blatt.

232 2485 189 36 ÜSoilil.
479 2483 58 35 Im
566 2483 148 35 vierten
741 2482 499 37 Abonnements-Concerte
1270 2493 61 24 am
1361 2483 62 36 30.
1453 2492 38 25 v.
1520 2481 93 36 Mts.
1642 2479 50 36 ka-

147 2561 86 23 men
262 2559 69 23 zur
358 2544 277 47 Aufführung:
681 2544 173 36 Sinfonie
882 2545 66 35 Nr.
980 2549 23 31 4
1030 2545 42 35 in
1103 2544 151 36 D-moll
1289 2556 76 24 von
1409 2543 116 38 Rob.
1571 2542 117 36 Schu-

145 2621 161 31 mann;
348 2606 217 44 Lorelei,
607 2606 171 35 Gedicht
815 2617 76 25 von
921 2606 64 40 W*
1014 2606 155 45 Müller,
1209 2606 61 36 für
1300 2606 290 43 Solostimmen,
1614 2603 104 37 Chor

144 2673 80 35 und
252 2670 205 37 Orchester
486 2669 215 45 componirt
728 2680 78 24 von
835 2668 43 36 F.
908 2668 197 45 Hiller;
1144 2668 318 36 Violin-Concert
1489 2668 66 36 Nr.
1588 2667 21 34 5
1641 2677 77 25 von

146 2733 240 46 Molique,
430 2733 120 33 erster
576 2729 113 46 Satz;
738 2729 190 36 Cavatine
966 2742 77 23 von
1072 2730 43 35 C.
1145 2730 52 38 M.
1229 2742 95 24 von
1354 2729 177 36 Weber
1559 2729 63 34 für
1651 2728 44 35 So-

147 2807 114 35 pran;
299 2792 182 37 Andante
509 2803 74 24 von
614 2791 148 34 Ernst
789 2791 79 34 und
900 2791 131 35 Ronde
1060 2792 61 35 des
1151 2792 133 35 Lutins
1312 2803 75 24 von
1416 2790 211 35 Bazzini
1655 2789 64 36 für

150 2856 58 37 die
239 2855 175 43 Violine;
446 2853 220 36 Ouvertüre
700 2852 98 45 „Die
1079 2865 74 23 von
1184 2851 373 37 Mendelssohn.

225 2919 52 35 Es
323 2929 82 24 war
448 2918 119 33 etwas
602 2914 79 37 viel
719 2913 180 36 moderne
929 2914 209 35 Romantik
1176 2914 73 35 auf
1274 2914 141 35 einmal
1444 2914 38 35 in
1512 2913 85 36 dem
1625 2913 70 36 Pro-

145 2991 167 36 gramm;
358 2977 61 35 die
449 2976 357 36 Orchestersachen
847 2977 160 35 wurden
1044 2977 52 34 im
1124 2975 252 36 Verhältniss
1407 2975 66 36 der
1502 2975 138 35 Kräfte
1669 2986 48 24 zu

145 3043 73 35 den
248 3039 350 46 Schwierigkeiten
637 3039 104 34 einer
783 3039 127 35 feinen
940 3038 263 47 Ausführung
1239 3036 266 47 befriedigend
1534 3033 180 50 gespielt.

145 3105 73 34 Am
247 3104 162 35 meisten
449 3100 190 48 sprachen
668 3100 159 35 Hiller's
857 3100 153 36 Lorelei
1056 3102 39 33 in
1125 3100 267 47 Composition
1433 3098 81 36 und
1542 3096 150 37 Ausfüh-

145 3177 100 35 rung
287 3164 82 35 und
410 3163 60 35 die
499 3162 342 46 Violin-Vorträge
886 3162 68 35 das
984 3161 211 37 Publicum
1238 3173 62 25 an.
1355 3161 186 36 Fräulein
1571 3159 142 37 Cath.

145 3228 167 35 Deutz
359 3236 98 36 sang
487 3224 61 35 die
576 3223 155 36 Lorelei
780 3224 71 34 mit
889 3223 402 36 leidenschaftlichem
1319 3223 128 35 Feuer
1474 3222 82 35 und
1586 3221 132 36 wurde

143 3289 172 36 mehrere
344 3285 103 36 Male
491 3284 122 35 durch
659 3284 72 34 den
778 3283 265 36 lebhaftesten
1079 3284 143 35 Beifall
1265 3282 308 44 unterbrochen;
1615 3281 102 36 auch

145 3351 99 36 Herr
271 3347 199 38 Peretti
498 3350 91 42 trug
619 3345 60 35 die
698 3346 276 35 Tenor-Partie
1005 3345 66 35 des
1089 3345 318 35 Fischerknaben
1436 3356 99 35 ganz
1564 3343 153 36 hübsch

143 3424 82 26 vor.
273 3411 80 37 Der
382 3409 104 36 Chor
528 3419 80 24 war
648 3408 130 45 präcis
818 3406 78 35 und
939 3406 210 37 besonders
1192 3408 39 34 in
1268 3407 72 35 den
1381 3405 337 37 Frauenstimmen

145 3474 109 35 recht
282 3473 120 35 frisch
431 3470 80 36 und
540 3468 213 48 klangvoll.
783 3468 100 35 Herr
912 3467 323 37 Concertmeister
1263 3467 40 38 J.
1334 3466 280 37 Grunwald
1644 3478 72 24 aus

146 3535 104 35 Köln
279 3537 149 43 erregte
459 3531 121 36 durch
611 3530 82 35 sein
725 3528 280 37 vortreffliches
1025 3529 232 46 Violinspiel
1279 3530 111 34 einen
1403 3529 313 45 Enthusiasmus,

146 3598 73 35 wie
248 3608 40 25 er
314 3596 64 37 bei
407 3595 86 35 dem
521 3593 148 36 bonner
696 3591 211 36 Publicum
950 3591 122 35 selten
1101 3592 230 35 vorkommt.
1387 3591 124 36 Wenn
1540 3591 66 36 der
1634 3591 83 36 edle

148 3659 166 45 Vortrag
343 3657 66 35 des
440 3656 294 35 Concertsatzes
773 3665 77 23 von
877 3652 175 46 Molique
1093 3654 106 34 seine
1239 3653 210 46 gediegene
1478 3652 141 36 Schule
1649 3652 65 36 des

149 3718 212 37 deutschen
392 3718 123 46 Spiels
545 3714 235 42 bekundete,
810 3726 42 23 so
881 3714 74 35 riss
986 3714 61 34 die
1075 3714 264 36 meisterhafte
1359 3714 257 47 Ausführung
1647 3714 66 35 der

147 3779 295 39 Bazzinfschen
471 3777 216 36 Hexereien
731 3776 61 35 die
834 3777 140 46 Menge
1017 3788 49 23 zu
1110 3776 272 36 stürmischem
1420 3775 176 47 Applaus
1635 3775 81 36 und

146 3841 267 49 Dacapo-Ruf
447 3840 80 43 hin,
564 3838 186 35 welchem
789 3837 65 36 der
898 3837 189 36 Künstler
1125 3837 100 36 denn
1260 3837 101 36 auch
1403 3848 62 25 am
1496 3836 108 36 Ende
1646 3837 52 36 fol-

146 3917 75 36 gen
249 3906 160 35 musste.

224 4030 44 36 In
299 4029 280 36 Hannover
617 4026 161 35 wirkten
809 4025 233 37 Sonnabend
1082 4026 72 36 den
1186 4028 32 36 G.
1248 4026 177 36 Februar
1453 4025 53 34 im
1534 4024 155 37 Abonne-

145 4091 334 36 ments-Concerte
507 4087 180 48 folgende
709 4088 191 33 Künstler
929 4089 86 33 mit:
1046 4087 293 36 Alexander
1367 4085 349 48 Dreyschock,

146 4155 104 34 Frau
278 4154 183 35 Nottes
505 4149 81 37 und
625 4149 59 35 die
720 4150 124 45 junge
872 4149 224 35 Violinistin
1126 4149 132 37 Fräul.
1288 4161 95 23 von
1412 4147 303 36 Wendheim.

112 4224 27 25 •
148 4217 179 35 Letztere
358 4216 52 35 ist
439 4214 121 36 schon
587 4214 99 44 jetzt
715 4213 84 34 eine
830 4212 87 36 sehr
946 4210 242 38 bedeutende
1217 4212 241 36 Künstlerin.
1487 4210 230 36 S-onnabend

1789 299 72 37 den
1895 302 59 36 13.
1984 299 36 39 d.
2049 301 94 39 Mts.
2171 301 94 38 wird
2297 303 44 36 A.
2370 298 255 51 Dreyschock
2655 303 52 36 im
2723 303 273 41 Concertsaale
3026 306 67 37 des
3109 306 251 42 Hoftheaters

1787 363 62 35 ein
1878 362 166 38 Concert
2072 364 134 47 geben.

1868 442 104 38 Mad.
2003 443 247 38 Adelaide
2279 447 199 36 Ristori
2507 447 51 35 ist
2587 446 70 36 den
2679 447 227 38 Wünschen
2925 451 337 48 nachgekommen
3283 454 79 36 und

1789 517 61 22 am
1883 508 59 33 10.
1973 505 35 36 d.
2040 506 92 35 Mts.
2168 508 52 34 im
2248 508 232 37 Hoftheater
2526 520 87 24 zum
2657 510 163 36 zweiten
2848 511 103 37 Male
2980 515 259 46 aufgetreten,
3282 517 79 36 und

1787 578 105 24 zwar
1916 567 163 36 diesmal
2111 568 59 36 als
2199 568 149 38 Medea.

1868 736 79 35 Zur
1975 735 260 49 Mitwirkung
2262 739 52 34 im
2342 739 137 36 achten
2509 740 346 38 Privat-Concerte
2886 753 47 24 zu
2963 742 212 37 Bremen
3204 745 56 43 (9.
3288 745 48 36 Fe-

1787 796 132 48 bruar)
1937 810 128 24 waren
2086 799 68 35 Hr.
2171 799 395 48 Hof-Capellmeister
2593 803 296 37 Alexander
2916 804 338 47 Dreyschock
3281 806 80 36 und

1789 860 132 38 Fräul.
1950 860 235 48 Auguste
2216 862 189 37 Gebler
2432 863 176 48 geladen.
2638 865 79 35 Das
2737 865 207 36 Orchester
2973 865 129 38 führte
3132 867 59 36 die
3210 868 125 36 Ouver-

1789 924 112 35 türen
1930 934 47 24 zu
2006 923 157 47 „König
2191 924 170 47 Stephan
2368 927 7 15 4
2383 925 9 18 '
2424 938 76 24 von
2529 926 295 37 Beethoven
2853 926 178 50 (~König
3061 929 182 47 Stephan,
3282 931 53 35 Un-

1789 997 117 35 garns
1925 990 119 31 erster
2374 988 53 35 ist
2455 989 61 34 ein
2545 989 204 47 Festspiel,
2779 988 167 37 welches
2964 990 219 37 Beethoven
3209 1003 69 24 zur
3293 992 48 35 Er-

1790 1049 163 47 öffnung
1975 1049 65 36 des
2062 1061 125 24 neuen
2217 1050 256 36 Theaters'in
2502 1051 119 36 Pesth
2650 1053 53 34 im
2720 1052 121 35 Jahre
2876 1055 98 33 1812
3000 1053 253 50 componirte)
3282 1054 80 36 und

1791 1123 47 24 zu
1867 1111 184 37 Wilhelm
2082 1112 86 36 Teil
2197 1125 76 23 von
2303 1113 221 46 Rossini,
2568 1126 43 24 so
2654 1115 71 35 wie
2770 1115 61 35 die
2860 1115 176 37 Sinfonie
3065 1116 65 35 Nr.
3165 1119 15 31 1
3217 1115 144 37 C-moll

1790 1187 76 24 von
1895 1176 142 35 Niels
2066 1176 62 37 W.
2159 1175 134 37 Gade
2323 1188 85 26 aus.
2466 1176 255 47 Dreyschock
2752 1181 149 33 ärntete
2932 1178 123 37 durch
3088 1180 71 36 den
3187 1180 170 48 Vortrag

1791 1236 66 36 des
1889 1236 204 38 Concertes
2121 1239 40 34 in
2194 1237 148 35 Es-dur
2387 1249 76 25 von
2501 1237 224 37 Beethoven
2767 1239 79 36 und
2888 1241 126 35 seines
3044 1241 156 36 Marche
3227 1243 112 34 triom-

1785 1300 112 47 phale
1926 1299 266 37 selbstredend
2220 1312 98 24 neue
2345 1300 186 38 Lorbern.
2587 1301 133 37 Fräul.
2746 1302 141 36 Gebler
2926 1314 98 36 sang
3052 1303 83 35 eine
3165 1303 93 36 Arie
3286 1314 73 24 aus

1789 1361 66 36 der
1872 1361 228 48 Schöpfung
2129 1362 124 47 („Auf
2277 1362 171 38 starkem
2696 1363 78 36 und
2803 1365 85 35 eine
2918 1376 71 25 aus
3008 1365 199 47 Torquato
3233 1365 126 36 Tasso

1789 1436 74 24 von
1893 1425 207 45 Donizetti,
2129 1423 80 37 und
2238 1423 170 48 empfing
2436 1437 135 34 grosse
2596 1425 313 39 Beifallssalven.

1980 3632 109 34 Die
2119 3632 542 36 tfiederrlieinlsclie
2687 3634 466 44 Musik-Zeitung*

1785 3702 201 38 erscheint
2006 3702 121 47 jeden
2155 3702 188 48 Samstag
2379 3704 43 34 in
2458 3704 132 34 einem
2623 3714 158 36 ganzen
2817 3704 137 48 Bogen
2996 3706 71 34 mit
3106 3703 251 48 zwanglosen

1788 3756 202 47 Beilagen.
2007 3777 48 4 —
2073 3757 81 34 Der
2181 3754 412 47 Abonnementspreis
2607 3756 165 47 beträgt
2783 3758 68 33 für
2874 3758 73 35 das
2966 3757 201 45 Halbjahr
3197 3760 20 32 2
3237 3758 124 43 Thlr.,

1788 3808 65 36 bei
1875 3809 75 35 den
1977 3810 49 33 K.
2044 3820 156 35 preuss.
2216 3808 338 35 Post-Anstalten
2585 3812 22 31 2
2623 3808 113 35 Thlr.
2750 3810 21 35 5
2797 3809 88 48 Sgr.
2912 3811 99 35 Eine
3039 3810 184 35 einzelne
3235 3810 93 36 Num-

1789 3873 81 24 mer
1899 3865 24 32 4
1952 3862 89 48 Sgr.
2067 3860 526 47 Einrückungs-Gebühren
2618 3873 72 36 per
2715 3862 214 36 Petitzeile
2956 3867 19 31 2
3007 3862 75 47 Sgr

1841 3933 127 36 Briefe
1992 3933 83 35 und
2103 3933 294 46 Zusendungen
2426 3931 103 35 aller
2563 3932 76 36 Art
2665 3933 157 35 werden
2846 3938 120 30 unter
2998 3932 69 35 der
3094 3932 172 39 Adresse
3291 3934 71 38 der

1789 3986 52 38 M.
1868 3982 575 49 DuMont-Schauberg'schen
2467 3984 329 48 Buchhandlung
2828 3987 41 33 in
2897 3986 104 34 Köln
3029 3986 177 37 erbeten.

1906 4101 378 41 Verantwortlicher
2311 4099 304 53 Herausgeber:
2653 4101 105 38 Prof.
2788 4101 43 38 L.
2857 4099 184 40 Bischof!
3062 4100 40 39 in
3132 4101 120 38 Köln.

1855 4155 212 52 Verleger:
2097 4156 54 37 M.
2184 4154 546 51 DuMont-Schauberg'sche
2762 4153 321 51 Buchhandlung
3113 4155 40 37 in
3187 4155 117 36 Köln.

1829 4210 198 38 Drucker:
2057 4208 55 39 M.
2135 4207 437 49 DuMont-Schauberg
2600 4219 39 26 in
2672 4207 120 44 Köln,
2822 4205 260 40 Breitstrasse
3113 4207 47 38 10
3193 4217 35 30 u.
3260 4207 65 38 18*

2267 1722 614 59 Ankündigungen.

2168 1879 226 45 Neue
2465 1879 540 49 Musicalien

2483 1968 72 24 aus
2585 1957 87 35 dem

1900 2023 217 75 Verlage
2152 2040 99 42 von
2290 2022 177 60 FRITZ
2500 2023 357 61 SCHUBERTH
2895 2027 51 57 in
2984 2027 269 76 Hamburg.

1792 2112 95 37 Bab
1902 2114 106 47 nigg
2048 2110 65 46 (M
2120 2122 70 23 am
2199 2124 26 35 p
2237 2111 57 47 e),
2345 2109 176 40 Emma.
2566 2110 93 36 Drei
2685 2112 132 36 Lieder
2843 2114 66 43 für
2937 2113 304 51 Mezzo-Sopran
3271 2117 92 35 oder

2116 2164 120 35 Tenor
2262 2165 64 34 mit
2357 2163 120 36 Piano
2479 2165 108 43 forte.
2621 2164 64 49 Op.
2715 2166 34 36 6.
2812 2166 45 34 15
2888 2167 83 47 Sgr.

1795 2218 150 48 Biehl,
1976 2217 115 46 Alb.,
2124 2217 90 36 Drei
2244 2217 28 34 C
2276 2216 115 36 lavier
2394 2216 134 39 stücke.
2561 2218 63 47 Op.
2660 2218 47 35 10
2747 2218 84 46 Heft
2862 2218 28 40 I.
2932 2220 207 48 Widmung.
3172 2221 71 36 Am
3274 2222 89 36 Ka-

2109 2273 89 32 min.
2235 2269 48 36 10
2312 2270 82 46 Sgr.
2450 2270 86 46 Heft
2563 2270 51 37 11.
2646 2270 245 42 Mondnacht„
2923 2273 51 35 10
3001 2274 84 47 Sgr.

1796 2324 87 36 Cob
1897 2324 99 45 elli',
2028 2324 57 45 8.,
2121 2324 84 35 Trio
2236 2323 45 34 de
2308 2323 118 36 Salon
2458 2323 176 48 (B-durJ
2677 2337 99 34 pour
2805 2324 135 47 Piano,
2979 2326 130 37 Violon
3139 2333 31 29 et
3205 2326 155 38 Violon-

2113 2377 100 36 celle.
2246 2376 64 47 Op.
2338 2376 66 35 25.
2461 2378 20 33 1
2515 2376 97 35 Thlr.
2646 2376 50 35 10
2728 2378 85 45 Sgr.

1796 2430 231 46 Goldner,
2074 2430 67 43 W.,
2192 2429 91 35 Drei
2313 2429 337 36 Charakterstücke
2688 2429 252 48 (Ungarisch,
2971 2431 218 46 Sehnsucht,
3222 2434 138 48 Grille)

2107 2484 66 45 für
2203 2483 67 34 das
2300 2481 133 38 Piano.
2493 2482 47 35 15
2571 2482 82 47 Sgr.

2006 2535 91 36 Drei
2126 2535 169 46 Gesänge
2315 2536 69 44 für
2414 2535 93 35 Bass
2537 2535 87 36 oder
2653 2535 159 37 Bariton
2841 2538 66 35 mit
2946 2537 231 47 Pianoforte.
3227 2540 64 49 Op.
3322 2540 39 36 2.

2112 2589 48 36 12
2168 2587 33 49 y
2202 2613 11 23 2
2244 2589 81 45 Sgr.

1793 2641 59 36 Gr
1862 2655 24 22 a
1897 2642 189 46 edener,
2117 2642 37 39 C.
2187 2643 45 34 H.
2265 2641 58 44 P.,
2369 2641 232 47 Zwiegesang
2646 2641 65 36 der
2750 2641 124 47 Elfen.
2932 2643 74 36 Ein
3038 2643 123 38 Nacht
3165 2644 102 37 stück
3294 2647 67 45 für

2109 2696 311 44 sechsstimmigen
2450 2695 99 35 Chor
2575 2695 80 35 und
2683 2695 90 37 Soli.
2815 2695 64 49 Op.
2907 2696 66 38 36.
3032 2698 329 47 Ciavier-Auszug

2116 2750 14 33 1
2169 2749 96 37 Thlr.
2298 2747 50 35 10
2376 2748 82 45 Sgr.
2513 2747 86 35 Solo
2628 2748 81 34 und
2739 2748 270 37 Chorstimmen
3041 2750 19 35 1
3099 2751 97 36 Thlr.

1792 2801 221 45 Jäschke,
2044 2801 162 43 Herrn.,
2239 2800 272 37 Herbstblätter.
2549 2801 84 33 Vier
2648 2801 132 35 Lieder
2807 2801 93 35 ohne
2932 2803 120 35 Worte
3078 2805 27 45 f.
3128 2804 232 46 Pianoforte.

2112 2854 84 44 Heft
2224 2852 109 36 lIL
2364 2855 25 33 ä
2419 2853 48 35 12
2475 2851 9 21 x
2484 2854 22 43 /
2507 2879 16 23 7
2549 2853 83 47 Sgr.
2688 2853 52 35 25
2770 2853 83 47 Sgr.

1794 2906 65 36 Ko
1872 2919 17 23 e
1903 2905 117 46 hier,
2050 2907 56 42 L.,
2140 2907 68 35 Les
2237 2905 209 49 Papillons.
2486 2905 107 36 Valse
2617 2919 99 35 pour
2745 2906 135 37 Piano.
2915 2907 65 49 Op.
3011 2908 63 37 51.
3135 2909 46 35 15
3213 2909 84 45 Sgr„

1794 2959 146 47 Krug,
1973 2959 60 44 D.,
2072 2959 262 46 Waldvöglein.
2369 2959 103 36 Valse
2492 2961 234 45 romantique
2742 2973 97 35 pour
2859 2959 134 37 Piano.
3029 2961 64 49 Op.
3113 2961 66 40 98.
3209 2963 53 35 20
3278 2963 84 47 Sgt\

1796 3013 158 43 Osten,
1986 3013 71 35 Fr.
2167 3013 67 35 Die
2263 3018 118 29 ersten
2410 3013 155 44 Seufzer
2594 3013 101 35 einer
2716 3013 207 47 Jungfrau.
2963 3013 288 38 Valse-Beverie
3262 3029 101 36 pour

2109 3065 135 37 Piano.
2276 3065 66 48 Op.
2370 3065 38 36 9.
2465 3065 25 35 6
2519 3065 83 47 Sgr.

2010 3118 149 37 Uriella.
2191 3118 422 48 Potpourri-Fantaisie
2642 3130 70 23 aus
2742 3118 80 36 dem
2849 3118 296 50 gleichnamigen
3177 3122 116 36 Ballet
3321 3125 29 45 f.

2110 3171 234 45 Pianoforte.
2378 3171 63 48 Op.
2474 3171 61 36 10.
2596 3172 18 34 1
2653 3172 99 38 Thlr.

1791 3223 173 44 Schön,
1994 3222 108 40 Ant.
2130 3224 118 36 Matt
2260 3224 186 36 hFleur
2464 3225 33 33 d'
2503 3225 110 37 hiver.
2642 3225 107 35 Valse
2765 3226 163 47 elegante
2942 3240 38 36 p.
3007 3226 132 38 Piano.
3159 3228 49 35 12
3215 3225 9 25 1
3225 3229 35 47 /-,
3277 3229 81 48 Sgr.

1841 3339 84 36 Alle
1949 3342 41 34 in
2019 3340 124 36 dieser
2166 3340 325 50 Musik-7jeitnng
2517 3344 289 48 besprochenen
2839 3346 85 34 und
2948 3346 298 48 angekündigten
3273 3347 89 36 Mii-

1785 3393 158 36 sicalien
1966 3401 74 28 etc.
2063 3394 90 35 sind
2178 3406 47 25 zu
2249 3397 176 37 erkalten
2449 3398 42 34 in
2519 3397 69 35 der
2611 3405 95 29 stets
2726 3399 239 45 vollständig
2993 3402 227 34 assortirten
3239 3401 123 36 filusi-

1788 3447 353 48 calien-Handlung
2173 3450 106 35 nebst
2315 3451 245 35 Leihanstalt
2596 3464 74 23 von
2715 3451 298 36 BERNHARD
3054 3453 220 37 BREUER
3318 3457 39 33 in

1793 3500 139 44 Köln,
1962 3500 249 37 Hochstrasse
2236 3504 69 34 Nr.
2333 3504 67 36 97.
