3492 4417
346 176 1458 203 \idcrrliemisrlie
1926 171 1188 254 Miisik-Zeiliiiig

696 463 188 87 für
943 466 874 86 Kunstfreunde
1872 468 242 84 und
2170 458 596 92 Künstler.

117 677 447 86 Herausgegeben
595 694 101 39 von
729 672 272 58 Professor
1946 669 71 61 L.
2144 666 274 87 Bischoff.
1537 672 198 86 Verlag
1768 672 92 58 der
2896 666 446 87 Buchhandlung.

189 892 82 59 Kr.
310 892 29 59 7

1393 875 175 83 KÖLN,
1606 887 73 59 13.
1715 887 218 59 Februar
1971 885 143 61 1858.

2873 882 81 60 VI.
2991 882 281 76 Jahrgang.

227 1078 189 35 Inhalt.

498 1073 172 36 Michael
698 1084 77 24 von
806 1072 147 37 Glinka
983 1073 80 36 und
1091 1073 60 36 die
1179 1073 136 36 Musik
1344 1074 39 34 in
1415 1070 208 38 Russland.
1666 1071 30 37 I.
1814 1070 272 37 Friedrich
2131 1069 312 36 Kühmstedt
2485 1066 378 50 (Biographisches).
2973 1066 102 36 Aus
3120 1066 226 38 Holland

112 1139 277 44 (Amsterdam,
418 1138 129 45 Haag,
578 1134 237 47 Rotterdam,
847 1135 493 47 Musik-Aufführungen).
1449 1132 195 37 Benrth
1658 1132 254 47 eilungen.
1942 1133 82 35 Für
2051 1132 180 46 Gesang:
2263 1131 95 36 Karl
2388 1131 46 36 G.
2463 1132 41 37 P.
2537 1129 211 37 Grädener.
2783 1129 72 47 Op.
2892 1129 61 35 36.
2984 1128 85 36 Von
3098 1128 46 38 L.
3173 1129 45 37 B.
3250 1129 94 39 Joh.

113 1201 257 43 Jleuchemer,
403 1198 74 48 Op.
510 1201 37 33 4.
576 1199 129 35 Franz
736 1198 189 45 Wüllner,
957 1199 72 47 Op.
1061 1202 35 33 2.
1126 1198 86 36 Von
1241 1198 33 34 N
1541 1196 187 46 Tages-
1769 1194 100 35 und
1914 1193 564 47 Unterhaltungsblatt
2509 1193 137 46 (Bonn,
2679 1191 152 35 Viertes
2862 1189 482 39 Abonnements-Concert

192 1263 223 42 Hannover,
444 1260 490 46 Abonnements-Concert,
964 1261 105 37 Mad.
1100 1260 148 36 Ristori
1356 1259 173 44 Bremen,
1561 1258 133 36 achtes
1724 1256 355 48 Privat-Concert).

192 1507 212 61 Michael
442 1524 100 44 von
582 1507 180 61 Glinka
799 1509 100 59 und
939 1509 76 59 die
1054 1507 165 61 Musik
1257 1509 51 57 in
1346 1505 269 61 Russland.

888 1640 33 47 I.

232 1747 200 55 Michael
463 1764 87 33 von
582 1746 172 51 Glinka
794 1746 56 49 ist
878 1746 63 48 im
969 1745 146 50 Jahre
1152 1743 148 51 1804
1331 1742 75 51 bei
1438 1742 252 51 Smolensk

112 1846 92 33 von
233 1826 214 69 adeligen
475 1825 98 51 und
602 1825 190 51 reichen
807 1825 165 49 Eltern
990 1823 223 69 geboren.
1244 1823 77 50 An
1338 1822 152 50 seiner
1508 1823 179 66 Wiege

113 1909 205 66 klangen
345 1907 97 49 ihm
474 1905 74 49 die
576 1905 428 67 eigentümlichen
1028 1905 199 51 Weisen
1258 1902 148 51 seines
1436 1902 224 51 Vaterlan-

115 1989 96 57 des,
261 2005 56 31 zu
359 1985 209 51 welchen
613 2001 50 33 er
705 2001 88 33 von
836 1983 225 51 Kindheit
1100 2003 60 31 an
1203 1985 103 48 eine
1345 1999 160 50 grosse
1540 1982 148 50 Liebe

117 2067 153 57 fasste,
300 2065 74 49 die
404 2065 135 49 einen
568 2062 330 51 bedeutenden
926 2063 205 50 Einfluss
1161 2063 87 50 auf
1269 2062 98 50 sein
1396 2062 168 50 Talent
1592 2061 98 49 und

113 2147 99 50 sein
240 2143 347 51 Kunststreben
616 2143 143 50 hatte.
802 2143 114 50 Man
945 2143 136 50 weiss
1110 2142 143 59 nicht,
1282 2159 100 34 wer
1411 2141 98 49 sein
1540 2149 147 41 erster

115 2226 184 50 Lehrer
327 2225 47 49 in
403 2223 85 50 der
516 2222 155 51 Musik
700 2240 123 39 war;
874 2240 52 32 er
955 2240 102 33 war
1085 2221 171 51 bereits
1287 2220 227 50 achtzehn
1543 2220 147 49 Jahre

117 2306 79 58 alt,
226 2306 67 48 als
323 2321 52 32 er
403 2321 88 32 von
521 2301 132 51 Field
682 2302 47 48 in
759 2301 202 51 Moskau
992 2300 479 52 Clavier-Unterricht
1508 2300 180 49 erhielt.

115 2386 190 50 Diesem
336 2384 190 50 Meister
568 2399 84 34 aus
691 2381 84 51 der
818 2389 144 59 guten
992 2384 123 48 alten
1146 2381 174 49 Schule
1354 2380 255 49 verdankte
1640 2397 51 32 er

117 2465 88 49 das
235 2464 214 66 elegante
479 2461 97 50 und
606 2460 377 51 ausdrucksvolle
1014 2461 142 66 Spiel,
1187 2458 226 51 wodurch
1444 2476 52 32 er
1524 2460 46 48 in
1601 2458 65 49 sei-

115 2563 91 31 nen
230 2544 234 66 jüngeren
492 2541 178 50 Jahren
700 2541 192 66 glänzte.

237 2621 165 51 Durch
427 2621 184 51 Geburt
640 2618 96 51 und
752 2621 272 65 Vermögen
1055 2618 284 68 begünstigt,
1369 2616 122 51 trieb
1517 2617 170 50 Glinka

116 2704 213 67 Anfangs
359 2702 73 50 die
461 2701 157 50 Musik
647 2718 91 31 nur
767 2716 82 33 aus
879 2698 333 51 Liebhaberei.
1263 2698 109 50 Sein
1404 2697 283 66 glückliches

116 2784 169 49 Talent
314 2781 93 67 gab
439 2781 96 48 ihm
564 2778 266 51 Melodieen
859 2778 96 49 und
983 2777 171 50 Lieder
1197 2777 91 59 ein,
1333 2777 45 48 in
1409 2775 152 50 denen
1590 2776 94 48 sich

116 2862 74 50 ein
221 2862 144 49 feiner
394 2860 258 51 Kunstsinn
681 2858 278 50 offenbarte.
988 2857 92 50 Die
1101 2857 293 48 Dilettanten
1422 2862 170 60 trugen
1622 2855 64 49 sie

116 2942 180 59 weiter,
326 2940 95 51 und
450 2940 110 49 bald
590 2938 202 50 beeilten
827 2938 97 49 sich
954 2938 244 67 Verleger,
1242 2937 64 48 sie
1345 2955 55 29 zu
1438 2935 225 49 veröffent-

116 3021 164 48 lichen.
312 3020 148 51 Adolf
475 3019 197 49 Henselt
700 3017 83 51 hat
812 3017 151 66 einige
986 3016 246 49 derselben
1254 3034 57 30 zu
1335 3015 220 49 Thema's
1585 3031 75 31 ver-

116 3100 273 49 schiedener
439 3097 345 52 Ciavierstücke
834 3097 201 50 benutzt.
1091 3096 137 50 Auch
1283 3095 170 51 Glinka
1503 3093 184 50 schrieb

117 3179 216 49 mehrere
364 3179 204 48 kleinere
600 3176 174 50 Stücke
806 3176 78 48 für
912 3176 289 58 Pianoforte,
1231 3173 74 50 die
1334 3173 108 50 sehr
1471 3173 216 66 gefielen,

117 3257 254 51 besonders
400 3274 138 32 wenn
569 3274 52 32 er
649 3256 65 48 sie
743 3255 143 49 selbst
914 3261 207 60 vortrug.

235 3336 131 51 Nach
407 3336 150 48 einem
597 3335 224 65 längeren
850 3333 305 50 Aufenthalte
1192 3333 45 49 in
1267 3331 290 60 Warschau,
1602 3331 81 49 das

115 3435 51 31 er
196 3424 93 42 erst
317 3417 44 47 in
392 3416 147 66 Folge
569 3413 84 50 der
682 3413 267 65 Ereignisse
990 3413 80 49 des
1098 3412 169 50 Jahres
1305 3410 146 52 1830
1481 3412 203 56 verliess,

116 3496 165 50 erhielt
310 3513 50 31 er
388 3511 89 33 von
506 3493 84 50 der
618 3492 275 66 Regierung
936 3491 73 49 die
1039 3490 295 59 Erlaubniss,
1372 3490 118 49 nach
1522 3490 161 48 Italien

115 3595 56 29 zu
200 3576 162 50 reisen.
420 3575 67 48 Er
516 3571 124 52 blieb
672 3572 216 48 mehrere
922 3572 192 48 Monate
1143 3571 46 48 in
1220 3571 163 57 Wien,
1418 3570 111 67 ging
1559 3568 124 51 dann

115 3655 120 51 nach
263 3654 230 67 Venedig,
530 3670 74 32 wo
635 3669 51 33 er
714 3651 94 49 sich
839 3648 259 52 wiederum
1129 3650 153 67 einige
1310 3650 101 49 Zeit
1439 3650 111 64 lang
1580 3648 75 50 auf-

117 3735 123 49 hielt.
271 3735 52 47 In
345 3731 208 51 Mailand
581 3730 93 67 gab
704 3747 52 32 er
783 3728 283 51 italiänische
1091 3728 268 59 Canzonen,
1377 3726 306 51 Salonstücke

119 3815 78 49 für
226 3814 270 49 Pianoforte
533 3810 94 51 und
658 3811 498 48 Saiten-Instrumente
1198 3807 119 50 über
1347 3807 219 50 Thema's
1596 3824 87 31 von

116 3894 165 49 Bellini
324 3891 93 51 und
463 3890 231 49 Donizetti
738 3888 188 59 heraus,
971 3887 73 50 ein
1086 3888 181 65 Septett
1298 3883 272 69 (Serenade)
1603 3885 81 48 für

117 3972 196 57 Ciavier,
357 3971 164 57 Harfe,
559 3971 153 55 Horn,
760 3968 190 65 Fagott,
994 3966 240 58 Bratsche,
1277 3965 258 49 Violoncell
1589 3963 97 50 und

117 4051 285 50 Contrabass
427 4051 120 50 über
573 4050 170 49 Motive
770 4064 83 33 aus
869 4047 141 50 Anna
1033 4048 203 56 Bolena,
1267 4045 124 49 dann
1422 4045 73 48 ein
1524 4043 134 68 Origi-

116 4131 284 48 nal-Sextett
430 4131 81 47 für
540 4128 196 59 Ciavier,
765 4127 113 48 zwei
901 4127 232 57 Violinen,
1165 4125 239 58 Bratsche,
1427 4123 259 50 Violoncell

119 4207 93 50 und
232 4208 302 59 Contrabass,
554 4207 95 51 und
671 4207 213 50 mehrere
902 4206 307 49 Variationen
1239 4203 96 51 und
1359 4205 165 48 Tänze.

1881 1421 99 47 Das
2010 1418 119 50 Jahr
2166 1417 145 51 1833
2345 1417 197 50 brachte
2572 1416 170 51 Glinka
2779 1416 46 49 in
2855 1416 179 66 Neapel
3071 1432 73 42 zu,
3182 1432 75 33 wo
3287 1432 54 36 er

1763 1500 74 49 die
1867 1500 167 48 Salons
2063 1497 148 50 durch
2241 1497 97 50 sein
2370 1496 296 67 Clavierspiel
2706 1495 95 50 und
2831 1495 151 49 durch
3013 1496 128 48 seine
3172 1495 172 49 Lieder

1761 1578 261 60 entzückte,
2060 1577 182 51 welche
2283 1577 83 51 der
2403 1578 182 64 Sänger
2613 1575 214 59 Iwanoff,
2867 1575 85 49 der
2989 1573 184 52 damals
3215 1575 122 49 noch

1759 1660 63 49 im
1871 1658 153 50 vollen
2077 1658 178 50 Besitze
2311 1657 152 50 seiner
2519 1655 265 50 herrlichen
2829 1655 346 50 Tenorstimme
3219 1672 120 46 war,

1758 1745 210 59 vortrug.

1877 1820 70 49 Im
1977 1816 146 51 Jahre
2159 1815 146 52 1835
2346 1832 103 35 war
2486 1832 52 32 er
2576 1813 179 51 wieder
2784 1813 47 50 in
2864 1812 306 69 Petersburg.
3217 1813 122 51 Eine

1758 1896 296 52 bedeutende
2083 1895 346 67 Veränderung
2469 1911 102 33 war
2594 1895 113 64 jetzt
2736 1893 85 50 mit
2849 1892 99 51 ihm
2977 1909 362 50 vorgegangen:

1758 1995 47 33 es
1833 1995 103 33 war
1964 1977 96 48 ihm
2078 1977 144 47 Ernst
2241 1973 254 69 geworden
2520 1973 84 50 mit
2633 1972 84 51 der
2740 1972 174 58 Musik,
2946 1971 73 49 die
3050 1989 52 33 er
3131 1971 71 51 bis
3226 1972 115 67 jetzt

1757 2076 90 31 nur
1876 2075 83 30 zur
1987 2056 249 66 Erholung
2266 2055 243 67 getrieben
2538 2053 155 57 hatte;
2739 2070 50 32 er
2831 2052 155 51 fühlte
3017 2051 91 51 den
3139 2052 199 51 inneren

1758 2136 152 49 Beruf
1951 2152 106 32 zum
2086 2135 239 48 Künstler.
2382 2135 100 47 Der
2523 2132 147 50 heisse
2699 2131 240 58 Wunsch,
2990 2130 159 50 diesen
3189 2131 154 49 Beruf

1757 2217 176 48 seinem
1963 2212 287 52 Vaterlande
2293 2212 147 50 durch
2486 2212 103 48 eine
2629 2227 160 51 grosse
2821 2210 323 67 Composition
3175 2229 56 30 zu
3262 2211 46 49 of-

1758 2296 245 58 fenbaren,
2049 2293 193 51 brachte
2283 2293 80 49 ihn
2397 2311 57 29 zu
2483 2291 107 49 dem
2620 2291 319 58 Entschlüsse,
2987 2290 102 49 eine
3121 2291 133 66 Oper
3282 2309 56 30 zu

1759 2375 262 50 schreiben.
2050 2375 69 48 Er
2138 2373 171 50 wählte
2332 2371 233 52 natürlich
2584 2372 134 48 einen
2744 2370 264 49 russischen
3027 2371 142 48 Text:
3212 2371 127 57 „Das

1756 2455 163 50 Leben
1951 2455 80 48 für
2060 2453 91 50 den
2431 2451 95 49 und
2571 2451 227 49 arbeitete
2829 2450 218 49 mehrere
3074 2448 148 51 Jahre
3257 2450 85 49 mit

1756 2535 130 49 Eifer
1926 2533 95 50 und
2063 2532 161 50 Liebe.
2284 2533 68 49 Im
2388 2531 146 49 Jahre
2573 2528 145 52 1839
2752 2528 166 51 wurde
2958 2528 126 50 diese
3114 2528 135 68 Oper
3291 2530 47 48 in

1756 2613 289 66 Petersburg
2062 2611 276 67 aufgeführt
2363 2610 95 49 und
2483 2610 83 48 mit
2581 2610 344 66 Begeisterung
2942 2608 393 66 aufgenommen;

1750 2693 67 66 ja,
1847 2692 75 50 die
1951 2691 266 51 öffentliche
2247 2691 196 49 Stimme
2473 2688 150 50 erhob
2653 2688 92 50 den
2761 2688 248 50 Verfasser
3037 2687 206 67 sogleich
3273 2705 60 32 zu

1758 2772 107 50 dem
1894 2773 168 65 Range
2101 2771 83 48 der
2227 2770 357 49 berühmtesten
2617 2767 350 67 Componisten.
3026 2767 102 48 Der
3155 2766 154 51 kaiser-

1758 2852 118 50 liche
1907 2851 103 49 Hof
2034 2851 125 49 hatte
2189 2850 96 49 sich
2314 2848 143 50 selbst
2496 2848 79 49 für
2613 2847 72 50 die
2714 2847 318 65 Aufführung
3061 2845 147 52 dieses
3238 2848 65 49 Na-

1756 2930 331 50 tionalwerkes
2117 2928 271 59 intcressirt,
2420 2926 96 51 und
2533 2927 147 48 nichts
2698 2944 100 31 war
2825 2925 363 67 vernachlässigt
3211 2942 93 33 wor-

1758 3010 107 59 den,
1909 3029 81 30 um
2030 3027 47 32 es
2115 3010 102 50 aufs
2247 3006 296 70 glänzendste
2572 3007 45 47 in
2647 3007 150 48 Scene
2826 3024 56 30 zu
2911 3012 168 42 setzen.
3135 3005 199 59 Leonof,

1757 3091 75 48 ein
1861 3090 287 50 natürlicher
2177 3088 128 50 Sohn
2336 3105 88 32 von
2454 3086 147 56 Field,
2645 3087 157 46 Tenor
2833 3083 96 50 und
2958 3083 236 68 tüchtiger
3224 3085 72 48 Mu-

1756 3170 139 58 siker,
1933 3170 103 48 eine
2065 3167 246 59 russische,
2341 3167 46 48 in
2416 3165 291 50 Frankreich
2739 3163 233 68 gebildete
3003 3163 247 66 Sängerin,
3282 3163 47 50 in

1756 3250 133 48 Paris
1919 3255 138 42 unter
2086 3247 106 50 dem
2222 3247 184 48 Namen
2436 3245 210 49 Verteuil
2678 3243 224 57 bekannt,
2943 3242 74 50 die
3047 3243 286 66 Stepanowa

1757 3328 63 50 als
1870 3327 160 50 zweite
2073 3326 230 67 Sängerin
2355 3323 94 51 und
2493 3323 83 50 der
2619 3323 174 50 Bassist
2834 3322 166 50 Petrof
3037 3339 177 49 sangen
3258 3321 74 51 die

1757 3408 146 66 Oper,
1937 3406 127 49 Chor
2093 3405 94 49 und
2214 3403 257 52 Orchester
2500 3420 162 33 waren
2692 3410 99 59 gut,
2822 3401 82 51 das
2934 3402 156 50 Ganze
3121 3401 211 67 dirigirte

1757 3487 162 57 Cavos,
1950 3485 74 49 ein
2051 3485 294 48 talentvoller
2373 3482 311 51 italiänischer
2713 3480 225 52 Musiker.

1874 3565 166 49 Dieser
2072 3565 131 66 Oper
2233 3563 141 66 folgte
2405 3562 101 50 eine
2534 3562 177 56 zweite,
2751 3560 95 48 und
2876 3576 125 32 zwar
3031 3560 104 48 eine
3167 3576 163 50 grosse

1754 3646 134 65 Oper
1917 3645 47 48 in
1996 3643 109 50 fünf
2128 3645 172 48 Acten:
2344 3641 228 58 „Russlan
2601 3640 96 49 und
3051 3637 146 52 deren
3214 3638 127 51 Stoff

1754 3741 84 32 aus
1883 3723 83 50 der
2010 3723 222 50 früheren
2264 3721 274 49 Geschichte
2577 3718 83 50 der
2692 3718 336 50 Grossfürsten
3065 3736 91 32 von
3196 3720 137 49 Kiew

1754 3805 120 48 nach
1905 3805 152 48 einem
2090 3802 224 51 Gedichte
2345 3819 85 30 von
2462 3798 235 50 Puschkin
2746 3798 80 49 für
2869 3797 75 51 die
2973 3798 171 50 Bühne
3193 3798 112 50 bear-

1754 3883 146 50 beitet
1930 3901 114 32 war.
2101 3883 76 47 Sie
2219 3880 164 50 wurde
2425 3896 126 32 zwar
2594 3885 84 59 gut
2716 3878 387 68 aufgenommen,
3149 3878 181 49 machte

1757 3963 115 50 aber
1916 3962 119 51 doch
2078 3961 127 51 nicht
2243 3960 82 49 das
2368 3957 453 51 ausserordentliche
2853 3956 152 51 Glück
3047 3956 84 51 der
3160 3963 168 51 ersten,

1757 4043 203 49 welches
1988 4038 348 70 hauptsächlich
2368 4038 120 49 auch
2515 4037 150 50 durch
2694 4037 93 50 den
2810 4038 122 49 Text
2953 4036 94 49 und
3071 4036 73 48 die
3165 4033 132 50 Hand-

1757 4123 114 52 lung
1900 4118 369 57 hervorgerufen
2298 4117 197 51 worden
2524 4135 115 33 war.
2693 4117 137 50 Seine
2858 4115 281 50 Landsleute
3168 4128 161 35 waren

1843 4172 26 17 o
2073 4165 26 22 O

1750 4201 173 66 jedoch
1955 4198 281 68 einstimmig
2266 4197 85 51 der
2370 4198 247 66 Meinung,
2646 4196 105 51 dass
2780 4195 136 50 beide
2944 4193 266 50 Partituren
3239 4192 94 51 Mi-

2754 4274 33 50 7
