3377 4552
118 331 64 23 arc
211 316 224 53 électrique.
467 319 18 37 Il
515 320 57 50 n'y
603 337 19 21 a
652 322 100 38 donc
781 322 91 38 dans
899 322 122 38 l'arma-

117 378 83 32 ture
224 388 118 24 aucun
367 383 289 32 recouvrement
680 380 30 35 ni
734 378 167 39 crochet.

120 429 64 38 Les
209 435 207 34 armatures
438 432 70 38 des
533 438 153 45 poutres
710 437 227 36 entretoises
960 440 82 33 sont

121 485 222 48 également
373 490 206 37 exécutées
607 505 44 22 au
684 493 130 34 niveau
846 492 46 36 du
922 491 50 38 sol
1004 497 40 32 et

122 544 109 37 mises
256 558 45 23 en
329 543 108 50 place
463 560 44 22 au
534 560 133 35 moyen
694 546 51 38 de
769 546 31 37 la
825 562 105 32 grue.
955 548 66 36 Tou-

119 598 126 45 tefois,
280 599 50 39 les
361 600 160 49 charges
552 603 107 36 étant
693 602 76 48 plus
799 602 146 43 faibles,
978 618 64 22 ces

121 657 220 47 opérations
370 663 166 43 peuvent
565 657 224 39 s'effectuer
818 674 80 23 sans
923 666 35 31 Te
986 675 38 21 se-

121 726 106 23 cours
257 711 49 38 de
335 711 152 52 l'appui.

120 809 54 38 VI.
233 812 296 38 BETONNAGE

123 866 44 37 La
200 868 89 36 mise
319 883 46 21 en
398 868 108 50 place
537 869 46 37 du
615 869 116 37 béton
760 870 207 38 s'effectue
997 886 43 22 au

122 936 135 36 moyen
284 922 50 38 de
360 926 19 34 2
409 939 159 35 pompes
593 927 19 35 à
640 924 117 39 béton
785 925 181 51 capables
992 927 50 36 de

122 977 163 39 refouler
315 979 144 38 celui-ci
492 996 56 22 sur
578 996 70 23 une
679 981 171 38 distance
883 981 141 38 horizon-

121 1033 77 38 tale
224 1034 50 38 de
302 1038 72 35 200
401 1039 139 35 mètres
567 1042 40 32 et
633 1052 55 23 sur
714 1053 70 22 une
811 1037 155 38 hauteur
993 1038 49 37 de

121 1092 48 35 40
190 1093 151 36 mètres.
363 1092 46 37 Le
428 1097 190 46 transport
637 1093 206 38 s'effectue
864 1094 91 37 dans
976 1094 68 38 des

121 1149 234 46 tuyauteries
380 1147 50 39 de
463 1151 65 35 150
555 1164 83 22 mm.
664 1149 50 37 de
739 1149 187 38 diamètre
952 1152 74 34 inté-

123 1204 107 36 rieur.
264 1204 47 36 Le
344 1204 227 38 rendement
604 1219 65 35 par
702 1205 169 50 appareil
904 1211 57 32 est
993 1205 50 37 de

130 1260 37 35 13
190 1261 139 36 mètres
348 1259 117 39 cubes
483 1261 20 37 à
525 1259 151 40 l'heure.

123 1314 60 37 Ce
206 1315 114 38 mode
343 1315 50 38 de
416 1315 233 49 bétonnage,
673 1316 263 39 relativement
958 1332 65 22 nou-

122 1385 108 29 veau,
268 1377 149 44 permet
448 1371 160 51 l'emploi
642 1372 84 38 d'un
761 1372 174 48 mélange
967 1388 74 28 sec,

124 1426 191 39 condition
341 1428 279 50 indispensable
647 1444 90 34 pour
760 1428 148 38 obtenir
933 1428 29 37 la
989 1431 37 34 ré-

124 1485 161 36 sistance
309 1484 147 38 voulue.

126 1539 47 37 Le
205 1538 223 50 bétonnage
459 1555 40 23 se
529 1539 70 39 fait
629 1543 336 47 symétriquement
997 1555 45 23 en

127 1599 151 45 partant
306 1595 68 38 des
400 1595 136 39 rotules
564 1596 49 37 de
642 1596 87 50 pied
757 1611 83 23 vers
868 1596 30 37 la
926 1597 118 37 rotule

125 1651 51 38 de
199 1651 69 38 clé.

125 1750 68 37 VII.
251 1750 373 39 DECINTREMENT.

128 1806 46 37 Le
201 1806 21 37 d
229 1808 251 36 écintrement
505 1806 50 38 de
581 1806 86 39 l'arc
692 1822 45 22 en
764 1807 118 39 béton
909 1823 40 23 se
976 1808 70 38 fait

129 1876 64 35 par
217 1861 147 38 i'actîon
388 1863 20 36 à
433 1861 30 38 la
489 1862 66 44 clé,
580 1863 50 37 de
655 1863 95 37 deux
771 1866 137 35 verrîns
933 1863 112 38 d'une

129 1920 160 47 poussée
313 1918 236 39 individuelle
572 1919 50 37 de
645 1922 72 35 300
738 1925 148 32 tonnes.
910 1921 46 36 Le
980 1920 45 37 dé-

127 1976 224 36 cintrement
374 1975 152 50 s'opère
549 1974 99 39 donc
672 1990 65 35 par
759 1975 32 38 le
815 1976 98 44 haut,
938 1977 91 37 c'est-

127 2030 131 44 à-dire,
288 2046 65 34 par
376 2030 259 39 soulèvement
660 2032 50 37 de
734 2031 87 39 l'arc
844 2047 46 23 en
916 2032 131 38 béton.

129 2087 43 37 La
198 2087 153 37 Société
374 2102 21 22 «
419 2088 161 47 Engéma
606 2103 20 22 »
649 2103 19 22 a
694 2088 171 50 procédé
889 2087 87 52 déjà
1002 2104 44 22 au

129 2143 279 38 décintrement
440 2143 68 38 des
543 2144 95 37 deux
673 2147 178 47 premiers
886 2159 163 35 groupes

129 2199 121 38 d'arcs
271 2204 40 32 et
332 2214 56 28 ce,
414 2214 94 23 avec
532 2199 95 50 plein
651 2203 142 35 succès.

130 2257 44 36 La
209 2258 160 47 poussée
400 2255 122 38 totale
552 2258 20 35 à
607 2254 149 39 réaliser
788 2258 19 35 à
841 2255 30 38 la
904 2255 56 39 clé
991 2261 58 33 est

129 2312 191 38 d'environ
343 2314 72 36 300
435 2317 147 33 tonnes.

128 2413 83 37 VIII.
270 2413 170 36 RIPAGE
463 2413 60 36 DU
545 2412 169 37 CINTRE

132 2472 80 38 Une
239 2472 81 44 fois,
349 2471 32 39 le
408 2472 279 38 décintrement
714 2474 130 47 opéré,
873 2471 32 37 le
933 2473 116 35 cintre

132 2528 216 50 métallique
383 2533 57 33 est
475 2530 80 48 ripé
590 2543 55 22 sur
682 2543 69 22 une
787 2527 179 49 longueur
1000 2527 50 37 de

131 2588 48 35 24
207 2588 139 35 mètres
371 2590 40 33 et
437 2587 63 35 mis
527 2600 46 21 en
604 2583 107 51 place
741 2599 90 35 pour
857 2583 32 38 le
917 2583 112 37 béton-

132 2657 101 32 nage
263 2641 47 38 du
340 2656 147 35 groupe
517 2643 155 36 suivant.

133 2700 46 36 Le
205 2713 193 35 processus
420 2697 50 39 de
493 2697 223 50 l'opération
739 2701 58 33 est
821 2695 31 38 le
875 2698 143 35 suivant
1043 2710 8 23 :

139 2758 31 35 1°
202 2756 96 36 Mise
326 2769 83 23 sous
434 2755 146 37 tension
607 2753 85 37 d'un
718 2754 111 36 tirant
856 2752 148 37 destiné
1030 2752 20 36 à

201 2810 149 38 annuler
372 2811 51 37 les
445 2813 269 47 composantes
737 2808 243 38 horizontales
1001 2808 50 36 de

200 2867 30 38 la
257 2869 162 48 poussée
441 2866 48 37 du
513 2868 132 41 cîntre;

125 2926 39 36 2°
195 2922 268 39 Soulèvement
483 2922 47 37 du
552 2924 116 36 cintre
687 2936 44 23 au
753 2935 133 35 moyen
906 2920 49 37 de
973 2934 60 23 ver-

200 2982 68 35 rins
288 2979 48 38 du
358 2980 125 36 même
502 2983 94 45 type
618 2992 74 35 que
713 2992 91 23 ceux
825 2982 113 45 ayant
959 2978 92 36 servi

201 3051 43 23 au
273 3036 294 43 décintrement;

202 3092 239 37 Enlèvement
466 3091 68 38 des
557 3090 137 38 rotules
719 3089 50 38 de
795 3089 87 51 pied
909 3089 47 37 du
981 3091 54 35 cin-

200 3153 71 39 tre;
292 3163 64 24 ces
377 3147 137 38 rotules
533 3152 83 33 sont
637 3149 235 45 aménagées
893 3145 50 38 de
963 3146 89 37 telle

199 3204 114 49 façon
334 3204 109 50 qu'un
463 3203 260 38 soulèvement
741 3204 77 36 très
837 3203 147 36 minime
1004 3201 47 38 du

197 3263 118 36 cîntre
335 3265 192 45 permette
546 3260 75 37 leur
639 3259 281 48 dégagement;

131 3321 40 35 4°
204 3318 80 38 Une
309 3317 71 38 fois
405 3331 64 23 ces
494 3316 137 38 rotules
656 3316 190 42 enlevées,
875 3330 45 22 on
949 3314 104 37 laisse

201 3372 259 38 redescendre
489 3371 33 38 le
549 3374 117 36 cîntre
695 3386 46 23 en
771 3370 32 38 le
834 3374 134 46 posant
997 3384 56 22 sur

202 3432 19 35 8
251 3429 162 38 chariots
443 3428 51 38 de
523 3427 208 38 roulement
760 3427 35 50 (4
823 3427 50 37 de
903 3425 149 50 chaque

200 3486 117 49 coté).

134 3544 66 36 Les
230 3543 219 49 opérations
480 3544 31 40 2,
545 3542 18 36 3
597 3545 40 33 et
668 3544 23 34 4
722 3555 45 23 ne
800 3554 39 23 se
871 3539 83 38 font
988 3553 65 35 pas

130 3597 314 44 simultanément,
485 3599 89 35 mais
612 3596 87 38 bien
736 3597 318 37 successivement

130 3671 57 22 sur
212 3654 149 50 chaque
388 3653 103 51 pied.

132 3712 44 37 La
200 3713 161 36 traction
384 3711 152 48 s'opère
560 3724 44 23 au
630 3724 134 35 moyen
788 3708 50 38 de
861 3708 129 38 câbles
1013 3711 40 34 et

131 3768 51 38 de
210 3766 137 39 treuils.
376 3767 65 37 Les
468 3766 163 38 chemins
658 3765 50 38 de
735 3764 209 39 roulement
971 3767 82 34 sont

132 3825 206 38 constitués
360 3838 65 35 par
446 3838 43 22 un
513 3822 151 50 plateau
686 3838 46 22 en
755 3821 117 37 béton
894 3820 50 38 de
966 3822 19 35 2
1007 3834 46 23 m.

130 3890 51 29 de
202 3885 148 43 largeur
371 3894 55 23 sur
446 3878 122 51 lequel
590 3878 50 38 les
662 3878 136 38 efforts
818 3893 40 22 se
879 3878 156 48 répartis-

129 3943 85 34 sent
240 3938 118 47 grâce
384 3937 20 36 à
431 3935 282 51 l'interposition
740 3934 50 38 de
824 3937 37 34 12
888 3931 79 40 rails
993 3947 41 23 ac-

130 3994 115 40 colés.

1463 1462 73 46 Fig.
1568 1463 77 35 III.
1705 1461 143 47 Ripage
1874 1458 46 38 du
1947 1461 129 36 cintre.
2103 1460 45 36 Le
2173 1461 116 36 cintre
2315 1465 58 32 est
2400 1462 91 46 posé
2518 1475 55 22 sur
2599 1475 56 23 ses
2681 1459 158 39 chariots
2866 1459 49 39 de
2944 1459 203 39 roulement

1463 1521 40 32 et
1528 1515 32 38 le
1586 1518 132 47 ripage
1743 1520 58 32 est
1824 1531 44 21 en
1895 1530 103 22 cours
2023 1514 250 39 d'exécution.

1461 1572 61 37 On
1549 1586 198 34 remarque
1771 1573 17 34 à
1815 1569 147 50 gauche
1987 1569 31 39 le
2042 1570 109 39 câble
2177 1570 137 39 mouflé
2339 1586 43 23 au
2410 1586 132 35 moyen
2569 1570 136 51 duquel
2731 1572 164 39 s'exerce
2921 1571 28 39 la
2976 1574 171 37 traction.

1463 1629 32 35 A
1521 1626 247 50 l'avant-plan,
1795 1625 27 39 la
1849 1625 116 39 rotule
1988 1625 201 51 sphérique
2211 1626 50 39 de
2285 1626 102 49 pied.

1943 1869 72 47 Fig.
2055 1870 76 36 112.
2190 1869 45 37 Le
2268 1866 266 50 dégagement
2565 1866 45 39 du
2644 1869 115 35 cintre
2792 1865 49 38 de
2874 1881 37 22 sa
2945 1864 208 39 fondation.

1948 1928 62 35 Les
2030 1928 128 35 tirants
2182 1925 231 37 horizontaux
2436 1929 83 32 sont
2540 1926 61 35 mis
2623 1938 81 23 sous
2725 1926 158 35 tension.
2905 1923 60 36 On
2989 1921 167 50 procède

1943 2001 42 22 au
2016 1985 259 38 soulèvement
2301 1984 46 38 du
2377 1987 116 35 cintre
2522 1999 42 23 au
2595 1999 131 35 moyen
2756 1983 49 39 de
2831 1985 117 37 vérins
2978 1982 165 52 hydrauliques.

1939 1982 75 41 Une
2039 1982 99 41 fois
2163 1982 198 41 dégagée,
2386 1982 50 41 le
2461 1982 149 41 cintre
2635 1982 99 41 sera
2759 1982 198 41 descendu
2982 1982 75 41 sur
3082 1982 74 41 les

1943 2097 160 38 chariots
2129 2097 49 38 de
2206 2096 208 38 roulement
2438 2111 74 34 que
2539 2096 67 38 l'on
2635 2101 91 44 peut
2750 2098 77 35 voir
2851 2095 84 50 déjà
2963 2110 43 23 en
3036 2095 117 50 place.

136 4119 63 36 103
