3281 4356
3012 4018 62 36 113

110 265 1412 240 Organisation
1759 270 1295 231 Corporative

107 621 46 37 Le
183 620 196 51 problème
405 622 51 37 de
484 621 276 49 l'organisation
788 625 240 48 corporative

106 692 40 22 se
177 692 92 35 pose
296 693 95 23 avec
418 693 70 22 une
516 680 125 35 acuité
671 678 237 50 particulière
939 694 90 35 pour

108 731 50 39 les
179 732 241 40 architectes.
442 735 43 37 En
505 734 112 44 effet,
640 749 72 35 peu
732 734 50 38 de
804 734 226 50 professions

106 793 65 33 ont
194 788 90 45 subi,
307 805 44 23 au
376 805 105 23 cours
501 789 51 39 de
574 789 5 37 I
597 792 278 48 après-guerre,
899 794 131 34 autant

110 847 20 34 d
151 848 181 33 atteintes
360 860 73 34 que
461 847 30 35 la
522 847 117 42 nôtre,
666 851 82 32 tant
776 861 42 21 au
849 848 103 47 point
980 847 50 36 de

106 915 71 22 vue
204 900 112 37 moral
341 915 75 34 que
440 900 182 39 matériel.
647 901 105 38 Alors
777 916 73 34 que
877 901 50 38 les
953 916 77 23 car-

108 958 115 35 rières
260 955 172 38 libérales
470 956 50 37 de
557 956 185 44 médecin,
781 961 148 39 avocat,
969 972 61 21 no-

106 1013 108 41 taire,
240 1014 214 45 géomètre,
480 1017 83 32 sont
584 1010 264 39 inaccessibles
872 1026 65 22 aux
961 1026 68 22 non

109 1068 131 42 initiés,
273 1071 106 33 notre
411 1067 207 49 profession
647 1072 101 32 reste
779 1071 157 33 ouverte
965 1082 65 21 aux

112 1125 241 41 aventuriers,
386 1125 59 47 qui
477 1122 100 38 hélas
608 1137 45 23 ne
684 1137 39 23 se
755 1127 82 33 sont
868 1137 64 35 pas
960 1122 71 36 fait

108 1177 108 38 faute
242 1177 177 38 d'abuser
444 1178 47 37 du
520 1177 193 51 privilège.

113 1234 83 36 Dire
226 1238 109 32 toute
367 1233 193 38 letendue
590 1233 49 37 de
671 1233 93 37 leurs
793 1232 160 43 méfaits,
986 1247 43 22 au

113 1290 104 47 point
244 1289 51 37 de
321 1304 71 23 vue
421 1289 263 43 architecture,
714 1290 112 35 serait
853 1286 176 51 superflu;

113 1344 16 37 il
157 1344 104 38 suffit
289 1344 50 38 de
366 1360 76 21 voir
470 1344 4 49 I
493 1349 135 44 aspect
654 1344 49 36 de
733 1359 62 21 nos
823 1358 80 22 rues
933 1358 97 21 corn-

113 1415 136 34 parees
272 1414 20 22 a
316 1402 111 35 celles
449 1402 50 35 de
522 1402 28 34 la
614 1414 91 22 oan
739 1414 33 22 e.

111 1456 58 36 Au
203 1459 105 45 poinf
337 1454 51 38 de
417 1469 72 23 vue
522 1452 122 45 moral,
677 1452 50 38 les
758 1466 160 35 ravages
948 1456 83 33 sont

111 1525 143 23 encore
278 1509 75 51 plus
373 1508 116 38 terrib
505 1523 50 30 es,
579 1523 90 23 aussi
703 1523 41 22 es
767 1523 21 35 p
805 1523 37 22 us
865 1523 21 22 o
919 1522 14 23 s
956 1522 75 23 mes

114 1567 234 36 adversaires
376 1567 50 36 de
458 1567 29 35 la
518 1569 167 34 création
718 1567 50 35 de
798 1567 6 34 I
823 1567 109 34 ordre
964 1567 68 33 des

114 1621 229 38 architectes
370 1636 40 22 se
439 1620 161 38 rendent
630 1620 49 37 de
711 1619 75 50 plus
816 1635 45 21 en
894 1618 85 50 plus,
1010 1619 20 36 à

112 1692 64 22 son
208 1676 180 38 évidente
421 1678 198 35 nécessité.
651 1676 137 48 Depuis
818 1673 214 50 longtemps

115 1732 99 51 déjà,
247 1731 32 38 le
310 1731 130 38 besoin
470 1732 50 37 de
550 1746 39 23 se
619 1730 206 48 distinguer
854 1730 69 37 des
953 1745 79 22 cor-

113 1790 113 35 saîres
245 1787 50 37 de
317 1787 29 37 la
370 1786 218 51 profession,
611 1788 101 35 avait
732 1788 134 47 poussé
886 1785 50 38 les
957 1784 75 38 élé-

114 1848 119 32 ments
261 1845 93 35 sains
381 1844 20 35 à
431 1857 39 23 se
497 1856 165 35 grouper
689 1856 45 23 en
762 1843 147 35 société
937 1840 95 38 d'ar-

113 1898 198 39 chîtectes.

1133 624 99 36 Ainsi
1262 625 205 47 naquirent,
1498 622 91 37 dans
1616 620 29 38 la
1675 620 146 50 plupart
1849 618 68 37 des
1944 633 106 33 gran-

1134 678 68 38 des
1228 677 99 39 villes
1353 678 47 36 du
1428 692 100 35 pays,
1557 676 68 38 des
1650 677 164 36 sociétés
1840 673 211 48 régionales

1134 736 45 36 où
1207 734 32 38 le
1266 737 255 35 recrutement
1548 734 95 35 était
1667 730 93 39 basé
1784 745 56 23 sur
1865 728 31 39 la
1922 744 130 23 recon-

1135 803 192 25 naissance
1351 788 47 37 du
1423 787 182 38 candidat
1630 802 65 34 par
1719 800 59 24 ses
1802 800 108 35 pairs.

1136 862 95 37 Dans
1258 862 186 37 certaines
1472 858 99 38 villes
1600 861 151 40 mêmes,
1780 857 18 37 il
1826 857 76 37 s'en
1931 856 119 37 forma

1138 916 182 47 plusieurs,
1348 917 20 36 à
1397 914 29 37 la
1456 916 94 35 suite
1578 913 32 38 le
1639 913 74 50 plus
1739 916 157 33 souvent
1922 911 50 38 de
2001 910 35 38 di-

1134 986 192 33 vergence
1350 986 44 21 en
1420 972 158 35 matière
1600 970 205 47 artistique,
1829 969 77 35 voir
1929 968 123 35 même

1135 1027 232 47 divergence
1394 1040 44 22 au
1468 1027 103 47 point
1597 1028 49 33 de
1671 1038 70 23 vue
1771 1021 282 52 professionnel.

1137 1082 17 37 ||
1175 1097 45 22 ©n
1242 1080 132 39 résulta
1397 1079 226 39 fatalement
1645 1094 74 34 que
1740 1078 124 37 l'unité
1886 1077 165 38 d'action

1135 1137 69 38 des
1227 1139 93 35 vraîs
1346 1151 61 22 arc
1413 1135 171 43 hitectes,
1612 1137 135 47 auprès
1773 1133 68 37 des
1870 1134 181 48 pouvoirs,

1135 1208 14 22 s
1154 1193 5 12 '
1166 1208 45 21 en
1244 1197 129 32 trouva
1406 1190 290 38 fâcheusement
1729 1191 249 47 compromise
2014 1192 41 33 et

1135 1262 74 35 que
1230 1247 68 38 des
1318 1246 135 38 efforts
1473 1248 162 35 sincères
1658 1260 89 35 pour
1767 1243 32 39 le
1820 1243 233 38 relèvement

1136 1301 269 52 professionnel
1433 1300 274 39 s'annihilèrent
1737 1300 66 37 l'un
1834 1299 142 38 l'autre.

1136 1374 78 38 Cef
1249 1377 10 10 ,
1267 1379 58 32 +a+
1353 1377 49 34 de
1430 1373 132 37 choses
1588 1388 14 22 s
1607 1373 5 12 '
1619 1387 57 22 am
1682 1371 125 43 éliora,
1837 1370 19 38 il
1883 1376 58 33 est
1966 1372 86 42 vrai,

1454 1430 212 36 constituée
1692 1442 45 22 en
1771 1429 89 35 1906
1887 1426 30 37 la
1944 1442 21 21 «
1992 1426 63 37 Fé-

1657 1482 22 38 d
1686 1483 5 13 ,
1698 1482 241 38 Arch;tectes
1978 1480 60 38 b#|
2043 1504 12 5 .

1290 1539 177 38 Certains
1493 1543 210 43 avantages
1729 1536 125 38 furent
1881 1535 174 39 obtenus.

1136 1567 21 21 *

1136 1616 291 44 Actuellement,
1459 1616 32 37 le
1522 1617 167 48 principe
1719 1614 50 38 de
1801 1614 29 37 la
1862 1613 192 50 discipline

1137 1675 239 47 corporative
1407 1686 209 35 progresse,
1647 1685 62 23 car
1738 1670 50 37 les
1818 1669 148 39 besoins
1994 1671 59 46 qui

1137 1729 299 37 déterminèrent
1459 1727 29 37 la
1512 1728 240 37 constitution
1776 1725 50 37 de
1849 1724 30 38 la
1902 1739 20 21 «
1944 1724 111 37 fede-

1137 1786 117 35 ration
1287 1800 20 21 »
1336 1785 201 36 subsistent
1567 1781 75 50 plus
1672 1783 202 47 impérieux
1902 1795 74 34 que
2005 1781 50 48 ja-

1137 1842 101 35 mais.
1261 1840 65 37 Les
1347 1838 193 39 confrères
1561 1837 83 38 font
1667 1841 144 33 montre
1832 1835 85 38 d'un
1939 1836 116 48 esprit

1137 1897 114 35 moins
1269 1893 178 51 subjectif
1467 1908 113 35 parce
1601 1891 102 51 qu'ils
1721 1890 182 39 subissent
1921 1889 134 38 inéluc-

2155 617 212 37 tablement
2402 616 207 39 l'influence
2645 617 50 37 de
2731 617 74 37 leur
2842 619 154 48 époque
3030 623 39 32 et

2155 672 102 49 qu'ils
2280 688 45 21 en
2349 671 181 38 subissent
2553 674 91 35 aussi
2669 672 30 37 la
2723 674 157 46 rigueur,

2352 755 49 37 de
2434 758 117 34 +ravai
2557 754 16 38 ||
2578 770 39 22 er
2651 770 82 23 sans
2792 755 5 13 .
2881 756 188 38 direc+eur

2154 810 57 37 fu|
2249 825 112 23 cause
2401 810 68 38 des
2508 815 207 33 erremen+s
2756 814 203 35 an+érieurs
2964 841 7 8 .
3010 811 34 38 C
3048 826 21 23 e

2159 864 31 50 p|
2197 880 43 22 an
2270 865 188 37 directeur
2487 870 57 32 est
2574 865 267 38 actuellement
2868 868 19 35 à
2917 866 154 38 l'étude,

2159 949 94 35 Dans
2282 947 4 72 1
2305 948 110 37 é+ud<E
2415 978 7 34 ;
2453 963 29 22 c|
2488 972 12 5 -
2504 948 154 37 dessous
2686 962 73 34 que
2788 963 87 22 nous
2906 948 165 50 publions

2159 1017 47 35 P°
2213 1018 36 21 ur
2282 1003 185 37 satisfaire
2502 1003 48 37 de
2587 1003 240 37 nombreuses
2862 1003 209 38 demandes

2158 1058 373 37 d'éclaircissements
2567 1061 176 34 émanant
2777 1058 49 37 de
2862 1074 62 22 nos
2960 1074 84 21 mem-

2159 1113 94 71 bres'
2281 1113 3 71 ,
2289 1129 17 21 n
2312 1129 21 21 °
2340 1128 36 23 us
2408 1128 41 22 ex
2456 1128 21 35 P
2483 1128 107 22 osons
2620 1128 81 23 sous
2732 1118 105 33 no+re
2869 1113 73 38 seul
2949 1129 20 22 ®
3000 1129 57 22 res

2159 1168 234 50 ponsab.l.té,
2433 1184 44 22 ce
2516 1183 74 35 que
2628 1184 87 22 nous
2752 1184 155 34 croyons
2943 1169 128 37 devoir

2156 1229 84 33 etre
2268 1229 77 33 très
2375 1224 309 50 prochainement
2713 1224 31 37 le
2775 1224 80 50 plan
2884 1224 188 38 directeur

2157 1280 49 38 de
2232 1280 176 37 rac+lvl+é
2432 1280 49 37 de
2506 1280 29 36 la
2559 1280 230 38 fédération,

2156 1362 175 37 Certains
2359 1364 121 47 points
2506 1361 49 37 de
2582 1377 45 22 ce
2656 1376 237 35 programme
2994 1360 63 38 l'or-

2157 1420 208 46 ganisation
2402 1417 47 37 du
2485 1420 74 47 jury
2594 1422 40 32 et
2669 1416 51 38 les
2753 1431 178 23 concours
2965 1421 107 33 entre

2157 1478 125 33 au+res
2310 1496 51 5 _
2390 1476 82 33 son+
2504 1487 140 22 encore
2676 1473 20 35 à
2728 1470 142 39 rétude
2902 1471 90 38 dans
3022 1470 51 39 les

2156 1531 164 36 sociétés
2343 1532 40 33 et
2406 1527 162 37 devront
2589 1529 83 36 être
2695 1529 188 35 entérinés
2908 1541 65 36 par
2996 1526 62 38 l'as-

2155 1583 170 39 semblée
2347 1583 187 38 fédérale,

2159 1668 170 36 Désireux
2357 1666 49 37 de
2436 1666 142 37 donner
2606 1680 43 23 au
2679 1664 80 51 plan
2788 1664 189 38 directeur
3003 1680 68 21 une

2155 1722 122 37 forme
2302 1720 204 50 complété,
2533 1736 74 34 que
2632 1735 87 23 nous
2742 1720 212 37 souhaitons
2978 1720 76 37 défi-

2159 1779 122 42 nitive,
2316 1791 88 23 nous
2433 1792 20 34 y
2486 1791 112 22 avons
2629 1778 197 46 incorpore
2859 1790 63 22 ces
2954 1777 118 47 points

2157 1832 160 48 litigieux
2343 1847 82 23 sous
2451 1831 50 38 les
2528 1846 168 22 reserves
2723 1834 191 34 énoncées
2940 1830 114 38 ci-des-

2157 1903 68 22 sus.

114 2094 80 79 La
268 2083 448 90 Fédération
790 2083 285 109 Royale
1140 2083 142 87 des
1346 2088 348 80 Sociétés
1759 2083 47 83 d
1839 2083 459 81 Architectes
2369 2083 271 99 Belges

2163 3782 73 47 Fig.
2274 3783 77 35 134.
2415 3780 224 50 Graphique
2670 3783 185 33 montrant
2886 3776 50 39 les
2965 3775 102 55 différents

2160 3775 210 43 éléments
2396 3775 53 43 de
2475 3775 367 43 l'organisation
2868 3775 209 43 fédérale

2163 3895 86 35 ainsi
2279 3907 75 33 que
2383 3891 74 38 leur
2487 3893 238 35 mécanisme.
