3579 4399
1801 134 106 50 342

289 284 95 47 Teil
402 300 84 31 von
505 283 198 52 Rossini;
734 282 260 47 Ouvertüre
1015 296 51 29 zu
1093 278 83 47 den
1199 279 291 61 Hugenotten
1514 291 84 30 von
1622 276 146 63 Meyer-

290 362 121 47 beer.
464 362 48 46 In
544 361 79 47 der
651 359 119 47 That
797 358 97 47 eine
922 355 279 49 sonderbare
1231 353 263 63 Mischung!
1549 352 174 48 Rossini
1754 352 43 47 in

286 439 146 47 seiner
460 437 188 47 leichten
680 434 89 48 und
808 433 309 48 scherzhaften
1147 432 175 47 Manier
1352 430 72 61 (?),
1469 429 198 46 Theater
1710 428 86 46 und

287 513 273 48 erleuchtete
578 510 195 65 Rampe!
803 510 124 47 Aber
945 509 84 47 wie
1049 508 216 63 glänzend
1289 508 89 46 und
1402 504 254 48 strahlend!
1683 504 116 47 Was

287 590 84 47 den
402 589 80 47 auf
503 588 70 48 die
602 589 136 47 Sinne
770 585 260 49 wirkenden
1062 584 103 47 Reiz
1195 584 78 47 des
1302 584 201 60 Klanges
1536 580 184 54 betritt,
1749 597 48 30 so

286 665 147 49 haben
465 667 81 45 wir
577 665 70 47 nie
676 665 97 46 eine
800 662 296 64 glänzendere
1122 660 316 47 Combination
1469 658 80 47 der
1579 658 194 47 verschie-

285 742 143 48 denen
459 743 207 62 Register
695 740 79 47 mit
802 740 101 46 dem
934 739 142 47 vollen
1112 738 174 45 Werke
1314 736 76 46 des
1419 734 269 48 Orchesters
1717 749 52 47 ge-

285 820 119 54 hört,
430 820 61 46 als
515 819 85 52 die,
630 836 42 29 in
698 816 170 47 welche
892 816 119 46 Herr
1043 816 19 45 l
1077 815 136 62 hayer
1235 814 70 46 die
1330 811 264 55 fröhlichen,
1620 810 152 47 lachen-

285 895 84 48 den
394 896 126 47 Töne
543 894 212 48 Rossini's
780 893 203 47 kleidete.
1018 893 56 44 Es
1100 891 107 46 hielt
1234 891 193 52 schwer,
1456 888 90 47 sich
1576 904 53 29 zu
1660 888 110 45 über-

284 989 186 46 zeugen,
501 971 98 47 dass
630 988 101 29 man
764 970 119 46 nicht
914 970 55 45 im
995 968 198 47 Theater
1213 968 79 53 sei,
1321 965 137 47 selbst
1481 966 62 46 als
1566 964 136 47 schon
1729 964 70 45 die

282 1050 196 47 schönen
520 1048 327 47 Händel'schen
880 1045 290 47 Variationen
1211 1043 237 63 begonnen
1488 1041 167 47 hatten.
1709 1043 91 45 Das

281 1125 246 47 Rach'sche
552 1124 260 48 Präludium
842 1124 52 46 ist
925 1123 121 47 eines
1075 1121 79 47 der
1183 1124 222 58 grössten,
1435 1119 70 47 die
1529 1119 82 45 wir
1635 1117 164 64 gehört

282 1201 172 56 haben;
486 1218 92 30 wer
609 1201 117 47 kann
759 1200 69 47 die
858 1200 165 47 Grösse
1053 1197 88 47 und
1174 1197 126 46 Tiefe
1328 1196 121 47 solch
1481 1195 121 47 eines
1626 1195 171 47 Geistes

281 1279 249 48 ermessen!
569 1279 135 47 Seine
738 1276 176 50 Werke
941 1276 210 47 scheinen
1183 1272 381 65 unerschöpflich,
1608 1274 84 45 wie
1721 1271 74 47 die

281 1356 166 48 Natur!
494 1356 92 47 Wo
618 1356 118 47 blieb
765 1355 57 48 da
850 1352 207 50 Rossini?

398 1434 268 47 Betrachten
704 1432 81 47 wir
825 1431 113 47 noch
980 1429 85 47 den
1095 1429 180 47 Schluss
1307 1427 76 47 des
1415 1427 244 47 Concertes
1703 1426 89 47 und

281 1526 91 31 was
402 1511 157 46 weiter
586 1510 188 63 gespielt
804 1506 173 55 wurde,
1007 1523 75 29 um
1115 1505 70 47 die
1208 1505 202 62 Neugier
1441 1504 78 47 der
1550 1502 173 47 Kinder
1750 1502 44 47 in

282 1586 173 47 Betreff
477 1586 80 48 der
580 1586 139 64 Orgel
752 1585 89 47 und
873 1585 121 46 ihrer
1024 1582 345 47 verschiedenen
1394 1581 209 63 Register
1632 1598 52 29 zu
1719 1580 51 47 be-

280 1664 230 63 friedigen.
540 1664 300 48 Offertorium
867 1662 114 47 über
1004 1660 325 49 Offertorium!
1362 1661 91 46 Das
1482 1665 119 40 erste
1630 1658 52 46 ist
1711 1658 56 46 im-

279 1741 172 47 merhin
482 1741 81 47 auf
586 1741 99 47 eine
714 1740 212 63 gefällige
954 1738 155 47 Weise
1137 1736 459 63 zusammengestellt,
1625 1751 75 31 um
1725 1735 71 47 die

314 1817 92 51 Vox
545 1817 132 50 humana
678 1835 49 30 zu
728 1817 144 64 zeigen
897 1816 90 48 und
1011 1815 70 47 die
1107 1816 165 62 Menge
1301 1831 53 31 zu
1385 1813 254 64 gewinnen.
1670 1812 126 47 Aber

277 1896 69 47 ein
379 1893 552 51 Concert-Offertorium?
974 1895 61 45 Ist
1065 1892 78 48 das
1174 1892 122 47 nicht
1324 1892 70 47 ein
1428 1890 367 64 Widerspruch?

279 1973 83 47 Ein
386 1972 300 48 Offertorium
717 1973 53 46 ist
798 1972 70 47 ein
898 1971 230 63 religiöses
1152 1970 146 63 Opfer
1321 1968 43 49 in
1388 1968 81 47 der
1491 1968 190 55 Kirche;
1712 1967 84 47 wie

279 2050 157 48 würde
465 2050 56 48 da
550 2050 70 48 ein
652 2047 371 51 Concert-Gebet
1052 2047 215 63 klingen?

276 2282 1520 56 Jahresbericht
1795 2282 1 56 des
1794 2282 2 56 Wiener
1795 2282 1 56 Männer-Gesangvereins
1795 2282 1 56 für

365 2370 88 55 das
496 2369 323 73 Vereinsjahr
867 2387 113 36 vom
1019 2367 47 55 4.
1109 2367 221 55 October
1371 2366 126 54 1863
1537 2365 82 55 bis
1662 2365 43 53 7.

808 2456 220 54 October
1068 2455 127 55 1864

389 2564 95 48 Aus
515 2563 80 48 der
625 2563 200 48 Chronik
856 2561 77 49 des
964 2561 188 47 Vereins
1192 2560 177 47 dürften
1413 2559 146 62 einige
1599 2559 172 47 Mitthei-

275 2641 165 64 lungen
470 2641 113 47 auch
626 2641 75 46 für
733 2640 182 47 weitere
945 2639 290 48 Leserkreise
1263 2638 222 47 Interesse
1515 2635 164 48 haben.

392 2720 104 47 Erst
521 2735 145 49 gegen
696 2718 131 48 Ende
856 2718 226 48 Octobers
1118 2715 142 50 1863
1302 2715 161 47 erhielt
1500 2714 80 47 der
1620 2714 150 47 nieder-

276 2796 370 49 österreichische
666 2795 300 64 Sängerbund
983 2794 71 47 die
1072 2794 352 61 Genehmigung
1444 2791 146 47 seiner
1608 2793 160 45 Satzun-

277 2892 87 45 gen
393 2892 82 30 von
506 2874 148 48 Seiten
685 2873 79 48 der
794 2873 559 48 niederösterreichischen
1377 2870 326 55 Statthalterei,
1726 2869 47 65 je-

276 2951 114 49 doch
423 2953 78 45 mit
533 2950 433 64 Einschränkungen
1007 2949 169 63 gerade
1222 2949 42 46 in
1305 2948 85 47 den
1437 2948 358 47 wesentlichsten

276 3030 225 56 Punkten,
536 3029 57 48 da
621 3029 63 47 sie
713 3036 132 40 unter
875 3028 228 48 Anderem
1136 3028 114 47 auch
1282 3026 70 47 die
1382 3025 268 63 organische
1684 3025 84 47 Ver-

276 3108 203 63 bindung
519 3106 76 47 des
638 3105 557 48 niederösterreichischen
1236 3104 80 47 mit
1354 3104 101 47 dem
1494 3101 300 62 allgemeinen

275 3184 244 48 deutschen
538 3182 331 65 Sängerbunde
893 3182 122 49 nicht
1037 3190 252 56 gestattete.
1321 3182 87 46 Am
1433 3180 80 48 15.
1532 3179 262 48 November

272 3270 149 41 traten
464 3261 66 51 97
566 3260 323 66 Abgeordnete
930 3276 83 32 von
1054 3259 68 49 47
1166 3259 394 63 Gesangvereinen
1604 3257 164 47 Nieder-

275 3341 266 48 österreichs
582 3358 78 30 zur
701 3337 384 50 constituirenden
1126 3345 147 41 ersten
1307 3336 455 50 General-Versamm-

276 3420 108 62 lung
413 3417 76 49 des
519 3417 556 49 niederösterreichischen
1100 3415 355 65 Sängerbundes
1477 3414 42 47 in
1549 3412 137 49 Wien
1714 3430 54 29 un-

275 3505 67 38 ter
375 3495 171 48 Vorsitz
590 3495 77 47 des
710 3496 78 46 Dr.
822 3496 147 46 Bauer
1011 3509 259 32 zusammen
1319 3491 90 48 und
1455 3491 222 65 sprachen
1724 3490 71 47 die

276 3575 343 60 Constituirung
643 3574 76 45 des
743 3571 555 48 niederösterreichischen
1324 3567 352 66 Sängerbundes
1700 3585 94 31 aus.

385 3651 48 47 In
479 3650 80 48 der
587 3649 271 48 Liedertafel
902 3666 98 30 zum
1046 3650 158 46 Besten
1249 3647 80 47 der
1369 3645 271 49 Hülfsbediii
1655 3645 139 65 ftigen

275 3730 40 48 in
339 3729 479 63 Schleswig-Holstein
842 3744 72 30 am
945 3727 79 47 19.
1052 3727 253 47 December
1335 3726 201 47 lauschte
1565 3725 79 45 das
1676 3723 120 47 nicht

275 3809 114 47 eben
413 3807 103 46 sehr
539 3806 269 53 zahlreiche,
840 3805 110 48 aber
976 3809 194 43 äusserst
1192 3803 335 64 empfängliche
1551 3802 241 47 Publicum

275 3886 84 47 den
400 3886 41 46 in
473 3884 287 48 Oesterreich
806 3882 152 48 bisher
1000 3900 84 29 nur
1128 3882 147 64 wenig
1312 3881 258 47 bekannten
1606 3880 188 48 Weisen

275 3964 75 47 des
366 3960 682 66 Schleswig-Holstein-Liedes,
1071 3960 190 48 welches
1287 3960 68 47 die
1377 3960 142 47 Reihe
1545 3957 78 48 der
1649 3957 145 47 Chor-

376 4087 36 47 *)
444 4090 165 34 Verfasst
637 4100 72 23 von
739 4089 64 35 Dr.
835 4088 233 34 Heinrich
1098 4098 88 23 von
1216 4085 202 47 Billing,
1448 4084 285 45 Schriftfijjirer.

1899 274 224 62 Vorträge
2152 275 240 55 einleitete,
2424 274 91 48 und
2553 277 231 62 verlangte
2822 275 207 49 dasselbe
3067 278 239 46 stürmisch
3343 296 79 29 zur

1898 349 386 65 Wiederholung.

2012 428 88 47 Am
2138 425 81 50 17.
2252 425 207 49 Februar
2488 427 102 47 fand
2624 427 98 48 eine
2750 427 273 48 Liedertafel
3052 446 101 30 zum
3187 429 233 48 Vortheile

1896 501 82 49 der
2032 501 327 50 verwundeten
2408 504 217 47 Soldaten
2681 503 82 48 der
2803 504 404 48 österreichischen
3253 507 169 47 Armee

1896 582 135 54 Statt,
2055 580 172 47 welche
2256 580 42 47 in
2324 580 351 48 künstlerischer
2693 582 84 46 wie
2801 582 42 46 in
2872 583 272 47 materieller
3164 584 258 62 Beziehung

1896 655 218 65 glänzend
2131 655 171 48 ausfiel.
2341 658 155 62 Gegen
2523 656 142 49 1400
2693 659 228 46 Personen
2954 659 160 47 füllten
3145 659 85 47 den
3254 660 139 47 Diana-

1895 733 93 47 saal
2015 733 42 47 in
2081 734 114 46 allen
2219 734 224 47 Räumen.
2474 735 93 46 Der
2586 735 274 62 Reinertrag
2891 735 143 47 dieses
3056 736 367 47 Unternehmens

1898 809 165 62 betrug
2092 809 70 48 die
2192 810 232 47 namhafte
2445 811 189 46 Summe
2658 828 83 30 von
2772 811 140 49 1006
2940 814 64 46 Fl.
3032 811 67 50 75
3128 814 78 47 Kr.
3230 816 84 46 öst.
3344 814 78 49 W.

2012 886 86 47 Ein
2130 903 181 47 grosser
2340 888 169 45 Schritt
2548 904 79 31 zur
2658 888 272 63 Kräftigung
2961 888 77 48 des
3069 889 325 49 Schubert-Mo-

1898 963 368 48 nument-Fonds
2295 964 197 62 geschah
2524 980 71 31 am
2629 964 47 48 7.
2708 966 135 46 März.
2895 969 70 43 An
2996 965 168 48 diesem
3196 968 125 62 Tage
3352 984 47 31 er-

1898 1040 108 47 hielt
2034 1040 81 47 der
2144 1040 167 48 Verein
2351 1058 99 30 vom
2485 1041 384 49 Gemeinderathe
2899 1043 81 47 der
3020 1044 131 47 Stadt
3183 1044 138 48 Wien
3353 1044 71 49 die

1895 1116 309 65 Mittheilung,
2247 1116 102 50 dass
2388 1117 70 47 die
2490 1117 255 49 Commune
2775 1119 101 47 dem
2912 1120 194 47 Vereine
3133 1138 79 29 zur
3238 1121 158 47 Errich-

1895 1200 115 56 tung
2032 1192 77 47 des
2133 1194 504 48 Schubert-Denkmals
2661 1195 84 48 den
2772 1211 81 32 von
2878 1196 90 47 ihm
3001 1197 41 46 in
3067 1197 253 63 Vorschlag
3344 1215 52 45 ge-

1896 1270 220 47 brachten
2149 1272 121 46 PJatz
2307 1271 58 47 im
2396 1271 275 65 Stadtparke
2714 1272 103 64 (den
2848 1289 48 32 so
2926 1281 258 55 genannten
3213 1275 210 47 Zelinka-

1896 1347 172 63 Hügel)
2096 1349 322 62 unentgeltlich
2446 1347 247 57 überlasse,
2723 1349 71 48 die
2825 1351 288 64 Anordnung
3144 1352 80 46 der
3255 1352 132 63 Umge-

1894 1424 128 63 bung
2051 1424 77 48 des
2159 1426 171 46 Platzes
2356 1443 80 29 zur
2459 1425 196 65 Bildung
2684 1427 122 46 eines
2829 1427 191 64 gehörig
3046 1427 237 49 hebenden
3310 1430 86 47 Hin-

1892 1502 274 64 tergrundes
2196 1504 76 45 für
2300 1504 80 47 das
2413 1504 224 48 Denkmal
2671 1505 151 63 billige
2854 1506 88 46 und
2973 1505 102 48 dem
3112 1506 148 47 Fonds
3283 1507 136 47 «inen

1893 1578 184 64 Reitrag
2104 1595 82 30 von
2205 1578 109 50 500
2337 1581 62 46 Fl.
2425 1596 80 31 aus
2526 1581 102 47 dem
2650 1581 563 65 Communal-Vermögen
3240 1584 180 48 widme.

1893 1657 96 47 Der
2013 1656 407 48 Schubert-Fonds
2441 1658 122 47 hatte
2587 1657 141 48 durch
2761 1658 120 49 diese
2912 1661 127 46 letzte
3070 1661 258 64 Widmung
3352 1662 71 47 die

1893 1733 137 49 Höhe
2060 1750 83 30 von
2182 1732 197 57 16,700
2413 1735 65 48 Fl.
2511 1735 136 48 C.-M.
2686 1736 44 47 in
2765 1736 386 65 Werthpapieren
3184 1738 90 46 und
3307 1737 108 50 526

1895 1812 66 47 Fl.
1996 1808 68 51 73
2097 1812 80 47 Kr.
2209 1815 82 44 öst.
2323 1812 84 48 W.
2436 1812 42 47 in
2511 1813 194 47 Baarem
2739 1815 208 48 erreicht.

2012 1888 85 47 Die
2125 1890 478 64 Zusammenstellung
2642 1891 80 47 der
2766 1892 210 64 Beiträge
3023 1891 79 48 des
3146 1893 187 47 Vereins
3370 1911 52 29 zu

1896 1965 359 49 künstlerischen
2277 1967 92 47 und
2394 1968 324 63 wohlthätigen
2737 1970 225 47 Zwecken
2987 1970 126 47 weist
3137 1970 65 48 bis
3235 1971 42 47 1.
3296 1972 126 64 April

1902 2041 144 49 1864
2077 2043 99 47 eine
2205 2045 189 47 Summe
2424 2061 82 31 von
2539 2043 202 56 28,178
2775 2047 65 47 Fl.
2873 2046 27 47 7
2937 2047 78 47 Kr.
3046 2051 82 44 öst.
3163 2047 77 48 W.
3272 2064 93 31 aus.

2012 2121 97 45 Der
2133 2121 164 47 Verein
2323 2121 122 47 hatte
2472 2122 302 55 beschlossen,
2803 2123 71 47 die
2904 2125 57 45 im
2991 2125 228 63 Vorjahre
3250 2125 144 64 begon-

1895 2213 117 31 nene
2041 2198 145 47 Reihe
2228 2197 81 48 der
2350 2215 84 30 von
2477 2199 91 46 ihm
2613 2199 42 47 in
2692 2201 137 47 Wien
2860 2201 326 63 eingeführten
3219 2203 204 46 Volks-

1898 2273 282 50 Concerte
2210 2274 114 49 auch
2356 2274 41 49 in
2420 2274 166 49 diesem
2610 2276 141 48 Jahre
2775 2277 169 47 wieder
2967 2278 332 48 aufzunehmen
3332 2279 90 47 und

1895 2352 318 48 veranstaltete
2251 2353 79 47 das
2371 2361 119 40 erste
2526 2371 72 30 am
2639 2353 47 50 5.
2716 2356 105 45 Juni
2863 2356 83 47 auf
2976 2356 239 48 derselben
3250 2358 174 55 Wiese,

1896 2436 134 40 unter
2053 2429 296 64 Mitwirkung
2378 2431 80 47 der
2481 2431 359 64 Musik-Capelle
2869 2432 78 48 des
2971 2434 151 46 Herrn
3147 2434 41 47 J.
3212 2434 211 49 Kaulich.

1896 2508 94 46 Der
2020 2508 132 46 weite
2185 2508 297 65 Wiesenplan
2526 2526 78 30 vor
2641 2508 81 48 der
2751 2511 408 62 Sänger-Tribune
3203 2528 96 31 war
3337 2530 83 30 von

1895 2584 174 47 nahezu
2095 2583 147 50 6000
2269 2586 229 47 Personen
2531 2587 183 54 besetzt,
2744 2586 69 48 die
2843 2588 90 46 sich
2965 2588 141 47 durch
3139 2588 85 48 den
3255 2589 167 49 kurzen

1895 2662 156 63 Regen
2083 2662 123 47 nicht
2234 2663 308 47 abschrecken
2578 2664 173 47 liessen.
2810 2666 92 47 Das
2929 2667 271 62 Programm
3235 2666 189 49 bestand

1894 2754 81 32 aus
2006 2738 63 48 12
2093 2741 272 48 Nummern.
2396 2742 129 45 Auch
2552 2742 142 47 dieses
2714 2741 115 48 Jahr
2860 2743 124 47 hatte
3014 2743 80 48 der
3118 2744 167 47 Verein
3311 2743 111 50 300

1895 2817 371 48 Eintrittskarten
2297 2818 102 47 dem
2431 2819 104 47 löbl.
2562 2819 39 47 k.
2628 2821 39 47 k.
2693 2821 485 49 Armee-Commando
3207 2840 78 29 zur
3310 2823 84 47 Ver-

1892 2894 206 64 theilung
2134 2912 56 32 an
2231 2895 69 49 die
2331 2897 287 48 Mannschaft
2658 2895 83 50 der
2772 2898 223 48 Garnison
3027 2916 98 30 vom
3160 2899 262 50 Feldwebel

1893 2973 214 52 abwärts,
2140 2972 70 49 60
2241 2974 174 47 Karten
2446 2974 80 47 der
2557 2975 232 47 Direction
2820 2974 79 48 des
2933 2977 374 57 Waisenhauses,
3347 2978 73 48 40

1893 3049 101 47 dem
2040 3050 423 49 Blinden-Institute
2507 3053 91 46 und
2641 3052 71 49 25
2756 3053 103 47 dem
2900 3053 400 49 Conservatorium
3343 3072 80 30 zur

1895 3128 299 63 Vertheilung
2218 3146 54 30 an
2298 3129 71 47 die
2387 3130 191 47 Schüler
2603 3130 232 47 desselben
2862 3133 322 62 unentgeltlich
3208 3151 78 29 zur
3310 3133 84 47 Ver-

1894 3204 182 65 fügung
2105 3207 192 62 gestellt,
2328 3205 92 49 und
2451 3207 124 47 hatte
2604 3207 71 47 die
2709 3208 195 56 Freude,
2934 3226 50 29 zu
3014 3209 155 55 sehen,
3201 3210 103 47 dass
3334 3227 84 30 von

1893 3282 244 48 denselben
2167 3284 107 47 sehr
2302 3284 224 48 zahlreich
2561 3284 245 50 Gebrauch
2838 3287 213 63 gemacht
3080 3288 174 48 wurde.

2008 3360 116 47 Vom
2158 3360 84 50 26.
2327 3360 85 50 29.
2435 3363 105 47 Juni
2573 3363 185 47 wohnte
2785 3363 81 47 der
2892 3364 164 47 Verein
3088 3364 101 48 dem
3222 3367 169 61 Sänger-

1894 3436 108 49 feste
2031 3439 43 46 in
2106 3439 368 64 Klagenfurt,
2506 3440 80 47 der
2618 3440 279 65 Hauptstadt
2926 3458 82 31 von
3039 3443 257 54 Kärnthen,
3329 3443 88 54 bei,

1892 3530 71 31 wo
2007 3532 83 31 von
2133 3516 152 49 seinen
2333 3516 254 65 Vorträgen
2632 3516 247 50 besonders
2920 3518 80 48 das
3038 3519 111 47 Lied
3203 3522 99 54 „An
3347 3519 72 48 die

2200 3610 83 32 von
2323 3595 48 48 F.
2402 3594 282 48 Schubert
2723 3595 303 50 stürmischen
3057 3596 158 49 Beifall
3247 3598 175 47 erhielt.

2010 3671 151 47 Herrn
2194 3673 341 63 Capellmeister
2566 3673 108 48 Abt
2714 3690 52 31 zu
2798 3674 154 47 Ehren
2984 3676 316 47 versammelte
3328 3675 92 48 sich

1893 3746 81 49 der
2003 3749 127 47 rasch
2162 3750 485 50 zusammenberufene
2678 3751 165 47 Verein
2874 3768 72 30 am
2984 3751 81 49 11.
3094 3754 90 47 Juli
3215 3770 52 31 zu
3299 3754 124 47 einer

1895 3825 269 50 Liedertafel
2208 3829 56 46 im
2305 3845 199 47 engeren
2537 3830 158 47 Kreise
2739 3830 115 47 beim
2900 3833 203 62 „grünen
3349 3831 68 47 bei

1893 3904 197 47 welcher
2112 3904 101 48 dem
2241 3906 274 56 Gefeierten,
2545 3908 82 47 der
2658 3908 69 47 bei
2759 3908 167 47 seinem
2957 3909 208 48 Eintritte
3197 3911 76 45 mit
3302 3913 93 43 stür-

1894 3981 215 49 mischem
2139 3985 169 46 Zurufe
2354 3985 207 61 begrüsst
2592 3985 176 56 wurde,
2811 3985 99 48 eine
2942 3986 288 49 Blumenlese
3271 3988 148 47 seiner

1895 4059 367 65 Compositionen
2305 4064 75 44 für
2413 4063 124 48 Chor
2575 4063 90 47 und
2697 4064 284 63 Sologesang
3018 4064 197 63 geboten
3248 4064 174 49 wurde.

1208 2457 54 64 *).
