3579 4399
1708 124 101 51 341

186 251 275 51 Frankreich
487 252 383 64 eigentümliche
889 259 332 56 sentimentale,
1240 263 240 61 pastorale,
1498 265 213 47 süssliche

184 329 254 50 Charakter
466 331 305 57 vorherrscht,
812 335 209 47 meistens
1058 351 82 32 von
1174 338 350 49 Brummbässen
1559 350 126 40 unter-

182 410 149 49 stützt,
355 405 86 47 den
466 407 82 46 wir
572 407 39 47 in
639 409 304 63 Meyerbeer's
1566 456 10 17 ,
1601 418 110 49 aber

182 482 278 68 glücklicher
492 485 269 57 bearbeitet,
807 487 272 64 hinlänglich
1120 491 176 47 kennen
1336 495 177 61 gelernt
1545 495 163 50 haben.

183 564 130 44 Dann
336 559 162 48 kamen
522 564 110 44 zwei
658 562 299 49 französische
974 565 281 49 OfFerlorien
1275 569 89 45 und
1382 586 99 31 zum
1500 571 211 50 Schlüsse

182 639 77 47 das
291 637 156 47 Finale
478 654 80 32 aus
590 640 294 48 Beethoven's
917 644 173 45 fünfter
1119 645 216 48 Sinfonie.

296 716 99 46 Den
428 715 87 47 27.
546 719 195 60 August.
802 719 119 47 Herr
949 720 131 65 Lang
1119 722 156 64 spielte
1314 732 146 40 zuerst
1499 727 98 47 eine
1626 744 84 32 von

179 792 84 47 den
295 791 367 66 achtundvierzig
686 795 241 47 Präludien
960 797 88 46 und
1079 799 157 63 Fugen
1268 816 80 30 aus
1381 801 157 48 Bach's
1568 805 112 47 wohl-

177 870 312 62 temperirtem
524 871 176 48 Clavier
731 871 97 63 (Nr.
856 872 69 50 33
952 873 40 47 in
1245 877 119 47 dann
1395 880 122 47 seine
1542 882 140 47 Trans-

178 946 211 63 scription
416 947 80 47 der
524 948 548 51 Freischütz-Ouverture
1098 953 89 47 und
1214 953 183 47 hierauf
1419 956 151 50 Herrn
1594 960 87 47 Dre-

177 1025 99 47 sel's
305 1023 229 49 reizendes
565 1026 169 47 kleines
1274 1032 194 47 welches
1499 1035 98 56 wir,
1627 1036 54 47 ob-

176 1101 146 65 gleich
347 1101 41 47 in
414 1103 239 47 manchem
684 1105 153 47 Hause
860 1121 111 48 gern
996 1107 180 62 gehört,
1200 1108 72 47 nie
1296 1110 178 63 würdig
1496 1112 212 64 gehalten

176 1180 171 50 hätten,
378 1180 129 47 einen
540 1181 122 47 Platz
692 1182 41 46 in
765 1183 145 46 einem
936 1183 397 64 Orgel-Concerte
1357 1187 353 57 einzunehmen;

174 1272 46 32 es
251 1256 137 65 klang
419 1257 206 48 indessen
657 1260 80 47 mit
765 1260 154 49 seinen
952 1262 409 50 Echo-Melodieen
1392 1281 112 48 ganz
1536 1267 174 50 hübsch

177 1333 93 48 und
301 1334 176 55 wurde,
508 1336 85 47 wie
623 1352 45 32 es
698 1337 182 48 solchen
907 1338 372 65 Compositionen
1303 1342 65 47 oft
1392 1343 177 64 ergeht,
1593 1348 94 45 stür-

177 1411 140 49 misch
524 1411 63 49 da
562 1428 157 51 capo
720 1414 87 65 verlangt.
814 1416 155 47 Rink's
990 1418 384 49 Flöten-Concert
1396 1418 161 66 (erster
1573 1421 139 66 Satz),

176 1489 99 47 eine
303 1489 346 64 Improvisation
684 1492 87 47 und
804 1492 80 48 das
912 1492 186 67 Allegro
1126 1493 129 50 assai
1279 1493 155 52 vivace
1471 1515 81 32 von
1584 1500 96 48 Men-

177 1567 249 48 delssohn's
458 1576 143 40 erster
630 1569 343 64 Orgel-Sonate
1006 1573 160 47 lullten
1198 1573 71 48 die
1300 1575 162 64 übrige
1491 1577 98 48 Zeit
1617 1594 95 33 aus.

176 1647 123 46 Herr
323 1646 129 63 Lang
477 1653 106 57 trug
606 1648 285 48 sämmtliche
915 1649 169 49 Stücke
1109 1652 80 47 mit
1212 1653 358 50 musicalischem
1599 1655 84 48 Ver-

176 1722 250 48 ständnisse
458 1726 90 44 und
579 1726 246 47 Ausdruck
855 1743 91 32 vor.

292 1801 101 47 Den
421 1799 86 50 31.
535 1804 192 63 August.
761 1803 194 48 Wieder
986 1806 122 47 Herr
1131 1806 181 66 Thayer
1344 1808 79 47 mit
1454 1808 257 65 folgendem

174 1879 301 63 Programm:
506 1879 264 50 Ouvertüre
798 1900 53 29 zu
1131 1901 83 32 von
1246 1886 224 57 Gounod;
1510 1888 177 48 OfFerto-

173 1957 118 47 rium
310 1957 92 63 for
425 1957 167 49 Cornot
609 1958 191 50 bassetto
822 1977 84 31 von
925 1962 217 56 Battiste;
1173 1963 289 66 Doppelfuge
1484 1966 42 47 in
1546 1964 174 51 G-moll

173 2051 84 32 von
290 2034 202 57 Händel;
524 2037 303 48 OfFertorium
863 2038 75 47 für
968 2038 71 48 die
1084 2039 92 49 Vox
1202 2039 205 51 humana
1437 2058 82 32 von
1551 2044 165 64 Eugen

173 2112 207 64 Thayer;
412 2114 263 47 Ouvertüre
698 2132 52 29 zu
776 2114 85 49 den
1278 2117 118 63 (zum
1423 2128 147 40 ersten
1594 2122 121 47 Male

171 2190 326 64 transscribirt)
530 2208 82 31 von
643 2193 297 65 Meyerbeer;
987 2196 126 62 Fuge
1157 2196 42 47 in
1448 2215 83 31 von
1565 2199 149 56 Bach;

174 2268 527 49 Concert-OfFertorium
734 2287 84 32 von
849 2272 165 63 Eugen
1049 2273 212 65 Thayer;
1312 2276 287 64 Passacaglia
1630 2293 84 31 von

173 2344 194 48 Händel.

291 2424 100 46 Den
426 2422 47 49 3.
505 2424 285 64 September.
825 2428 210 46 Fräulein
1061 2428 51 47 L.
1136 2429 39 46 J.
1207 2429 212 48 Frohock
1451 2430 158 49 wurde
1641 2430 70 50 bei

172 2499 145 48 ihrem
347 2500 462 51 Wiedererscheinen
842 2505 41 46 in
916 2504 123 48 ihrer
1068 2507 120 47 alten
1216 2508 185 47 Heimat
1430 2508 59 47 im
1518 2509 194 48 Westen

176 2577 345 50 bewillkommt;
582 2582 105 45 Wir
717 2582 166 47 theilen
915 2599 110 47 gern
1060 2583 93 53 mit,
1185 2584 102 47 dass
1316 2585 62 47 sie
1409 2584 71 50 die
1510 2587 173 63 gewähl-

172 2663 112 41 teste
311 2658 360 48 Zuhörerschaft
701 2659 82 47 der
806 2660 157 47 Saison
996 2660 141 58 hatte,
1167 2662 91 47 und
1292 2662 212 66 bezeigen
1536 2665 174 47 sowohl

172 2734 129 48 ihren
346 2735 150 49 hohen
541 2737 360 49 künstlerischen
945 2739 371 64 Eigenschaften,
1358 2742 86 48 wie
1488 2742 80 48 der
1611 2744 101 47 echt

172 2813 269 48 weiblichen
474 2815 85 46 Art
590 2815 91 47 und
713 2815 151 57 Ruhe,
908 2817 80 48 mit
1024 2817 81 48 der
1143 2818 63 48 sie
1236 2818 230 51 dieselben
1494 2838 80 31 zur
1606 2822 78 48 Gel-

169 2898 113 58 tung
314 2890 208 59 brachte,
552 2893 85 48 alle
667 2894 231 65 Achtung.
930 2895 77 47 Ihr
1032 2897 274 63 Programm
1331 2914 96 32 war
1452 2898 259 65 folgendes:

169 2968 301 66 Pedal-Fuge
501 2970 43 47 in
993 2969 176 51 G-moll
776 2988 83 30 von
891 2972 153 57 Bach;
1076 2973 180 65 Adagio
1286 2991 81 31 aus
1397 2974 80 50 der
1508 2975 203 50 Sinfonie

168 3045 83 48 Nr.
282 3046 21 49 1
333 3063 85 32 von
449 3048 188 66 Haydn;
671 3049 242 48 Phantasie
936 3052 79 45 Nr.
1043 3049 30 50 3
1099 3068 82 31 von
1207 3052 354 66 Schellenberg;
1585 3055 100 47 Alle-

171 3132 151 54 gretto
352 3143 81 30 aus
464 3126 82 47 der
577 3126 171 49 Sonate
780 3129 79 46 Nr.
892 3129 32 46 4
955 3144 82 31 von
1070 3129 345 57 Mendelssohn;
1447 3132 263 48 Ouvertüre

169 3219 52 29 zu
253 3203 193 48 Oberon
478 3204 347 65 (transscribirt)
855 3223 83 30 von
971 3205 203 57 Weber;
1216 3206 137 66 Idylle
1383 3208 327 63 (transscribirt

172 3279 77 47 für
430 3280 95 51 Vox
670 3283 60 62 humana)
731 3298 85 33 von
817 3284 197 65 Lysberg;
1047 3285 178 48 Marsch
1258 3303 81 30 aus
1369 3286 102 49 dem
1504 3289 174 64 Prophe-

168 3364 76 42 ten
276 3375 84 32 von
393 3361 283 65 Meyerbeer.

285 3438 101 47 Den
422 3436 46 50 7.
498 3439 287 65 September.
816 3440 83 47 Ein
926 3457 142 30 neuer
1091 3439 252 49 Bewerber
1367 3458 74 32 um
1467 3441 70 49 die
1562 3443 146 47 Gunst

168 3513 77 49 des
278 3515 265 50 Publicums
573 3518 180 48 machte
792 3519 153 47 seinen
986 3526 148 40 ersten
1167 3519 204 48 Versuch
1402 3520 83 48 auf
1521 3537 187 33 unserer

168 3591 163 66 Orgel,
360 3595 39 46 H
407 3613 72 28 err
505 3596 81 47 Dr.
612 3598 31 44 P
651 3596 118 54 aine,
799 3596 221 63 Organist
1043 3613 53 30 an
1123 3595 80 48 der
1228 3598 167 47 Kirche
1425 3598 41 48 in
1494 3598 213 66 Chaucey

167 3670 166 50 Street.
381 3673 66 47 Er
475 3674 159 65 spielte
663 3673 169 48 Stücke
864 3674 349 47 verschiedenen
1245 3674 189 56 Inhalts,
1465 3675 113 48 doch
1612 3693 96 30 war

172 3763 47 31 es
249 3756 109 56 gute
389 3751 175 47 Musik:
1053 3767 43 33 a.
681 3750 166 48 Choral
892 3750 128 56 „Ein'
1052 3751 109 47 feste
1386 3768 84 32 von
1503 3753 141 57 Bach,

168 3825 169 49 Choral
369 3829 42 47 in
444 3829 180 48 A-moll
648 3847 83 30 von
756 3829 150 56 Bach;
939 3830 204 47 Menuett
1173 3845 82 32 von
1282 3830 204 56 Händel;
1519 3831 187 64 Allegro

164 3919 85 32 von
276 3906 171 56 Rinck;
479 3907 234 47 Pastorale
734 3924 84 30 von
845 3907 193 55 Corelli;
1068 3906 262 48 Ouvertüre
1353 3925 51 31 zu
1430 3907 102 49 dem
1559 3909 117 48 Occa-

164 3981 442 51 sional-Oratorium
642 4001 81 31 von
756 3984 201 56 Händel;
987 3999 41 33 a.
1058 3984 179 63 Adagio
1269 4000 83 32 von
1380 3985 325 55 Bodenschatz,

164 4057 38 49 b.
233 4060 109 48 Arie
371 4078 85 31 von
488 4061 286 56 Beethoven;
814 4061 93 51 Con
935 4059 178 69 Spirito
1141 4062 43 47 in
1214 4060 180 51 E-moll
1418 4079 82 32 von
1532 4064 171 56 Rinck;

1812 267 107 46 Arie
1950 267 75 46 für
2070 269 89 49 Vox
2186 271 203 53 humana
2394 313 10 19 ,
2448 278 185 64 Allegro
2677 298 82 31 von
2799 283 192 48 Händel.
3050 285 154 48 Gleich
3248 287 78 48 der

1811 344 182 63 Anfang
2024 348 191 47 verrieth
2250 352 154 55 Kraft;
2453 355 71 46 die
2565 356 158 48 beiden
2756 359 191 48 Choräle
2987 378 153 31 waren
3179 379 125 47 gross-

1809 428 118 56 artig
1957 421 91 47 und
2079 424 247 51 erbaulich.
2356 430 113 47 Eine
2500 433 259 48 Ouvertüre
2789 452 82 31 von
2898 438 174 48 Händel
3104 456 95 31 war
3229 441 99 47 eine

1809 498 294 49 interessante
2144 503 189 63 Zugabe
2372 524 51 29 zu
2462 508 102 47 dem
2610 512 264 62 Repertoire
2919 515 89 46 und
3046 516 158 48 wurde
3250 525 81 54 gut

1808 576 206 61 gespielt,
2057 576 114 49 eben
2201 596 48 30 so
2290 581 78 47 das
2408 584 202 49 hübsche
2638 588 205 47 Menuett
2882 607 79 30 aus
2989 593 204 47 Samson.
3243 594 86 47 Die

1810 652 232 47 Pastorale
2072 653 75 47 des
2178 658 117 46 allen
2322 659 162 49 Corelli
2516 663 114 62 glich
2662 681 112 46 ganz
2796 665 79 48 der
2900 669 429 49 Pastoral-Sinfonie

1809 745 42 28 in
1877 729 100 45 dem
2004 731 183 48 Messias
2210 750 81 31 von
2320 738 201 55 Händel;
2551 739 71 47 die
2648 742 562 51 Familien-Aehnlichkeit
3234 764 95 30 war

1809 805 120 46 nicht
1960 823 50 29 zu
2042 809 282 50 verkennen:
2366 813 205 50 derselbe
2600 818 275 63 Rhythmus,
2904 820 204 48 dasselbe
3138 824 190 63 Tempo,

1810 882 198 48 dieselbe
2034 886 315 66 Behandlung.
2380 891 86 47 Die
2497 892 161 48 beiden
2690 895 167 47 Stücke
2886 912 83 31 von
3001 898 144 47 Rinck
3177 915 154 32 waren

1809 960 127 46 recht
1968 960 74 46 für
2072 962 70 47 die
2173 966 141 62 Orgel
2357 969 211 61 gemacht
2611 970 92 47 und
2745 973 263 62 geistreich;
3053 974 70 48 die
3168 975 163 49 beiden

1810 1036 140 48 Arien
1982 1046 81 55 gut
2091 1042 199 59 gewählt
2319 1045 89 46 und
2441 1054 319 58 vorgetragen.

1928 1115 99 47 Den
2058 1115 80 49 10.
2156 1119 281 62 September.
2470 1123 333 65 Vergangenen
2826 1126 211 65 Samstag
3062 1129 160 47 hörten
3248 1130 83 47 wir

1810 1190 85 47 den
1926 1192 263 49 wirklichen
2222 1197 152 55 Paine,
2413 1200 151 47 Herrn
2593 1202 40 45 J.
2664 1203 55 46 K.
2751 1204 154 54 Paine,
2947 1205 157 48 dessen
3136 1206 194 48 Concert

1809 1268 43 47 in
1883 1268 123 48 einer
2037 1270 80 47 der
2145 1273 252 65 Zeitungen
2439 1293 80 31 aus
2554 1278 209 48 Naivetät
2798 1280 109 47 oder
2936 1282 148 47 Ironie
3127 1282 202 49 dadurch

1811 1347 259 62 empfohlen
2100 1350 175 54 wurde,
2313 1352 99 47 dass
2452 1369 45 32 es
2540 1372 103 30 nur
2684 1357 131 46 zwei
2861 1357 123 47 Com
3003 1360 328 62 positionen

1811 1439 97 31 von
1950 1425 146 47 Bach
2141 1427 229 49 enthalten
2410 1431 175 47 werde!
2644 1433 133 47 Diese
2805 1434 108 47 zwei
2943 1435 204 48 indessen
3177 1453 154 32 waren

1811 1500 170 64 gerade
2013 1501 550 69 bewunderungswerthe
2588 1510 202 56 Werke;
2821 1510 111 49 aber
2963 1512 114 47 auch
3110 1513 70 47 die
3211 1514 99 47 übri-

1811 1594 87 48 gen
1930 1595 153 32 waren
2119 1597 84 31 von
2248 1583 371 51 künstlerischem
2652 1587 211 49 Werthe.
2913 1590 263 47 Präludium
3207 1590 41 47 in
3282 1590 54 51 C~

1811 1655 92 49 dur
1929 1673 84 31 von
2046 1658 146 56 Bach;
2231 1661 168 48 Sonate
2429 1663 41 47 in
2500 1662 163 50 A-clur
2690 1681 82 31 von
2806 1667 167 55 Ritter;
3013 1667 212 48 Andante
3255 1685 80 30 aus

1813 1733 124 48 einer
1960 1735 169 48 Sonate
2150 1736 42 47 in
2220 1736 150 51 C-dur
2390 1756 82 32 von
2491 1742 197 55 Mozart;
2718 1743 243 48 Phantasie
2984 1761 80 31 aus
3087 1745 80 47 der
3195 1747 112 53 „Por-

1813 1811 301 64 tugiesischen
2402 1834 82 31 von
2513 1820 40 46 J.
2579 1820 53 47 K.
2658 1820 162 56 Paine;
2848 1837 40 32 a.
2920 1822 248 57 Pastorale,
3196 1822 35 48 b.
3262 1824 48 46 In-

1814 1889 245 47 terludium
2102 1892 76 46 für
2222 1892 77 48 das
2330 1895 185 57 Piffaro,
2557 1914 34 30 c.
2622 1895 110 50 Atta
2759 1896 209 61 Marcia,
3013 1899 207 48 Canzone
3250 1917 83 32 von

1816 1967 149 56 Bach;
2008 1968 109 48 Arie
2147 1969 92 48 und
2270 1971 124 48 Chor
2432 1989 85 31 von
2547 1975 170 54 Gluck;
2768 1976 290 47 Variationen
3104 1977 113 47 über
3255 1978 80 47 das

2308 2065 84 31 von
2430 2051 40 47 J.
2509 2052 55 46 K.
2610 2052 152 47 Paine.
2817 2054 93 46 Das
2950 2055 261 47 Präludium
3253 2072 82 31 von

1818 2123 139 54 Bach,
1989 2123 95 46 hier
2114 2142 99 29 zum
2245 2133 148 41 ersten
2420 2129 118 46 Male
2566 2129 180 63 gehört,
2775 2131 53 45 ist
2857 2131 68 46 ein
2957 2131 121 47 kühn
3111 2131 196 65 durchge-

1816 2200 194 55 führtes,
2039 2202 190 48 schönes
2259 2204 90 47 und
2382 2205 182 48 frisches
2593 2207 165 55 Stück;
2795 2208 77 46 das
2901 2208 184 55 andere,
3116 2209 70 47 die
3218 2210 87 47 Can-

1813 2294 127 37 zone,
1970 2277 80 47 mit
2070 2279 228 48 sanfteren
2324 2283 239 62 Registern
2588 2284 203 64 gespielt,
2822 2286 52 45 ist
2902 2286 97 47 eine
3024 2286 78 47 der
3133 2286 178 48 lieblich-

1813 2363 96 39 sten
1942 2355 88 47 und
2062 2357 238 49 schönsten
2332 2359 252 49 Melodieen
2624 2378 81 31 von
2735 2363 140 53 Bach,
2918 2363 97 47 eine
3048 2364 173 55 Weise,
3264 2364 71 47 die

1813 2432 127 47 recht
1967 2450 100 29 zum
2101 2435 175 48 Herzen
2307 2437 111 63 geht
2457 2438 87 46 und
2576 2438 113 48 doch
2721 2439 115 48 auch
2868 2439 166 49 wieder
3063 2441 56 47 im
3151 2443 153 62 Fugen-

1810 2510 67 47 stil
1911 2510 267 49 bearbeitet.
2234 2514 226 48 Niemand
2503 2516 129 63 spielt
2673 2516 121 48 diese
2830 2518 175 47 Sachen
3046 2519 79 45 mit
3161 2535 48 31 so
3253 2519 79 47 viel

1813 2587 315 49 Verstänaniss
2159 2591 90 46 und
2282 2591 424 66 Individualisirung
2735 2594 81 47 der
2844 2596 237 55 Stimmen,
3119 2596 63 47 als
3214 2597 119 46 Herr

1811 2665 153 47 Paine.
2021 2667 85 47 Die
2149 2669 170 47 Sonate
2362 2686 82 31 von
2486 2672 144 46 Ritter
2671 2672 55 47 ist
2765 2672 70 47 ein
2873 2673 104 46 sehr
3016 2674 315 47 interessantes

1814 2744 175 55 Werk;
2032 2744 63 48 sie
2135 2744 178 50 besteht
2354 2763 80 32 aus
2476 2749 108 47 zwei
2615 2749 210 49 Theilen:
2872 2758 148 40 zuerst
3058 2767 79 31 aus
3184 2752 145 47 einem

1808 2820 201 49 schönen
2035 2822 213 50 Andante
2267 2823 43 48 in
2335 2825 217 47 zuweilen
2576 2827 508 54 Mendelssohn'schem,
3112 2828 217 47 zuweilen

1808 2899 325 48 orchestralem
2164 2900 98 59 Stil,
2307 2902 119 49 dann
2467 2919 81 32 aus
2585 2904 124 48 einer
2742 2905 141 47 Reihe
2924 2922 82 30 von
3052 2905 278 49 kunstvollen

1809 2977 296 49 Variationen
2135 2978 116 49 über
2279 2979 72 48 die
2380 2980 216 50 deutsche
2624 2982 437 66 National-Hymne,
3093 2984 79 47 mit
3201 2984 104 47 schö-

1806 3072 88 32 nen
1927 3055 288 60 Contrasten,
2261 3058 309 65 episodischen
2609 3060 227 64 Passagen
2878 3060 90 47 und
3012 3062 317 63 angehängten

1808 3132 254 49 Cadenzen.
2092 3135 95 47 Das
2199 3130 213 54 Andante
2427 3152 84 32 von
2530 3138 173 47 Mozart
2728 3154 94 31 war
2844 3137 303 48 bezaubernd.
3179 3139 153 47 Herrn

1808 3210 175 47 Paine's
2015 3212 241 48 Phantasie
2286 3214 116 47 über
2430 3213 71 48 die
2542 3215 391 60 „Portugiesische
3235 3232 73 30 ver-

1806 3288 68 47 lor
1902 3288 144 47 nichts
2074 3288 144 49 durch
2248 3289 73 48 die
2350 3293 232 63 verlangte
2614 3293 380 65 Wiederholung.
3033 3293 301 63 Ueberhaupt

1806 3382 97 31 war
1931 3365 94 48 dies
2055 3368 153 47 Herrn
2239 3369 177 47 Paine's
2443 3370 231 49 schönstes
2705 3372 89 45 und
2827 3372 361 63 erfolgreichstes
3213 3370 90 49 Con-

1805 3450 110 50 cert,
1946 3443 210 64 obgleich
2186 3462 50 30 er
2263 3463 51 30 zu
2342 3446 183 65 Anfang
2547 3448 122 47 nicht
2689 3448 82 47 viel
2796 3449 133 47 Kraft
2953 3448 260 49 bekundete
3241 3446 92 50 und

1806 3537 104 33 man
1941 3521 122 49 seine
2093 3524 247 62 gewohnte
2368 3525 250 65 Festigkeit
2647 3526 58 47 im
2737 3528 175 63 Tempo
2942 3528 245 47 vermisste.

1924 3600 98 47 Den
2067 3600 81 50 14.
2177 3601 288 65 September.
2523 3603 337 66 Vergangenen
2904 3604 233 48 Mittwoch
3178 3604 157 65 spielte

1805 3675 173 50 wieder
2011 3679 120 47 Herr
2163 3679 196 66 Thayer.
2410 3681 271 65 Programm
2703 3700 10 31 :
2756 3683 259 49 Ouvertüre
3043 3700 52 31 zu
3126 3681 211 50 Tancred

1806 3751 117 65 (zum
1954 3761 148 41 ersten
2133 3755 138 66 Male)
2309 3773 84 33 von
2432 3759 178 48 Rossini
2642 3759 71 66 (!);
2764 3760 291 48 Variationen
3098 3761 42 47 in
3169 3759 53 49 B
3250 3777 85 33 von

1806 3830 202 57 Händel;
2067 3833 188 49 Grosses
2295 3836 266 49 Präludium
2600 3838 42 47 in
2675 3836 166 51 C-moll
2865 3836 119 65 (zum
3018 3847 148 40 ersten
3197 3838 138 64 Male)

1804 3924 82 32 von
1909 3909 146 56 Bach;
2086 3910 302 50 OfFertorium
2410 3914 76 47 für
2519 3915 308 48 Voxhumana
2841 3932 84 31 von
2945 3918 163 63 Eugen
3127 3916 208 66 Thayer;

1805 3986 526 52 Concert-OfFertorium
2377 4008 82 32 von
2498 3994 55 47 E.
2584 3994 203 65 Thayer;
2829 3995 256 65 Larghetto
3128 4012 80 31 aus
3253 3995 82 48 der

1802 4065 188 48 zweiten
2022 4066 202 49 Sinfonie
2263 4085 84 32 von
2389 4070 283 56 Beethoven;
2723 4073 234 48 Pastorale
2994 4089 81 32 aus
3108 4073 222 49 Wilhelm
