3595 4572
2022 3870 207 42 236

1240 2196 983 65 ENTWICKLUNGSLEHRE
2274 2193 193 64 UND
2512 2188 468 63 AESTHETIK

1242 2396 41 32 IE
1303 2394 104 33 Lehre
1427 2392 57 35 der
1503 2390 244 49 Entwicklung
1772 2392 41 33 ist
1833 2390 62 41 alt,
1915 2390 68 35 wie
2004 2389 52 34 die

1260 2446 109 35 Welt.
1416 2448 38 31 In
1474 2444 89 35 allen
1582 2444 180 40 Kulturen,
1782 2457 36 21 so
1840 2443 86 34 auch
1945 2443 36 33 in
2001 2442 56 34 der

1262 2512 153 27 unseren,
1435 2498 105 34 lassen
1559 2498 70 33 sich
1649 2497 70 34 ihre
1738 2500 138 45 Spuren,
1895 2495 71 35 hier
1985 2497 49 32 An-

1263 2551 119 48 fänge,
1407 2551 76 34 dort
1506 2549 213 41 Ausbauten,
1743 2548 184 48 verfolgen.
1978 2547 80 35 Wir

1262 2604 109 35 haben
1387 2618 60 20 uns
1462 2604 177 47 gewöhnt,
1652 2604 45 33 sie
1712 2604 48 33 im
1769 2604 136 32 Namen
1918 2600 141 36 Darwin

1264 2657 191 49 verkörpert
1484 2670 39 20 zu
1548 2657 115 40 sehen,
1690 2655 80 35 weil
1791 2668 32 21 er
1842 2667 31 21 es
1893 2667 89 26 war,
2003 2653 57 33 der

1265 2711 45 33 als
1331 2713 107 31 Erster
1464 2709 51 35 ihr
1540 2709 35 34 in
1597 2709 214 34 bestimmten
1838 2710 149 32 Grenzen
2007 2705 53 34 die

901 2764 324 37 wissenschaftliche
1253 2763 197 47 Grundlage
1482 2761 158 49 gegeben.
1688 2762 67 33 Seit
1789 2761 156 33 Darwins
1973 2761 88 31 That

973 2819 52 34 die
1046 2818 89 35 doch
1154 2827 63 25 nur
1237 2818 53 33 ein
1310 2814 138 49 Anfang
1466 2828 73 22 war
1629 2814 99 34 sehen
1748 2815 65 33 wir
1834 2813 52 33 die
1900 2812 97 34 Welt
2016 2812 48 33 im

903 2872 98 34 Licht
1021 2872 102 34 dieser
1143 2871 112 34 Lehre.
1293 2869 156 35 Ueberall
1469 2867 74 35 sind
1563 2867 52 35 die
1636 2865 116 36 Kräfte
1773 2879 54 22 am
1846 2864 124 41 Werk,
1995 2864 70 34 ihre

904 2928 149 31 Grenzen
1079 2938 39 21 zu
1143 2923 192 40 erweitern;
1366 2922 71 33 eine
1463 2921 89 33 noch
1573 2920 190 47 ungeahnte
1782 2917 196 48 Vertiefung
1998 2930 68 21 von

905 2977 97 34 Welt
1022 2990 38 22 zu
1075 2976 97 35 Welt
1191 2984 121 26 wartet
1331 2975 98 33 ihrer.
1458 2974 80 34 Eine
1557 2972 158 34 moderne
1730 2970 175 36 Aesthetik
1924 2969 88 36 wird
2032 2970 34 33 in

907 3029 75 35 dem
997 3028 111 36 Mafse
1124 3030 75 34 dem
1211 3028 143 34 Wollen
1369 3039 131 22 unserer
1512 3027 73 33 Zeit
1601 3027 188 45 Rechnung
1805 3032 126 39 tragen,
1947 3024 35 33 in
1993 3022 73 35 dem

906 3083 46 33 sie
971 3081 63 36 auf
1050 3083 76 34 dem
1146 3081 114 35 Boden
1281 3081 104 33 dieser
1404 3080 104 34 Lehre
1528 3079 97 34 steht.

989 3346 62 33 Die
1067 3345 99 40 Seele,
1187 3345 52 34 die
1259 3358 77 21 zum
1350 3344 117 34 Lichte
1482 3343 88 39 will,
1590 3340 122 37 schafft
1729 3340 70 35 und
1815 3340 92 35 leitet
1923 3340 52 34 die
1990 3342 61 31 Ent-

911 3397 180 49 wicklung
1117 3399 86 32 ihrer
1229 3397 244 48 Erscheinung;
1503 3396 53 34 die
1580 3394 245 47 Entwicklung
1849 3393 124 41 dessen,
1999 3405 71 22 was

912 3451 64 33 wir
995 3452 111 32 Natur
1133 3463 141 27 nennen,
1303 3451 34 33 in
1358 3449 56 35 der
1439 3462 139 35 engeren
1597 3448 197 46 Bedeutung
1813 3447 99 40 ihrer,
1937 3458 134 22 unserer

914 3503 206 34 Sinnenwelt
1156 3502 244 48 zugänglichen
1437 3506 160 31 Grenzen.
1650 3500 144 47 Solange
1832 3500 103 33 dieser
1963 3497 109 36 Wille

915 3554 71 34 sich
1011 3556 103 33 seiner
1140 3554 97 35 selbst
1262 3556 34 33 in
1322 3556 105 33 seiner
1445 3556 231 45 Erscheinung
1700 3553 89 34 noch
1810 3553 94 33 nicht
1924 3550 148 36 bewufst

915 3607 185 47 geworden
1119 3608 40 33 ist
1175 3629 48 4 -
1239 3620 59 22 wo
1317 3608 66 35 wir
1404 3608 109 34 diesen
1534 3605 208 50 gefangenen
1762 3605 131 35 Willen
1913 3606 36 33 in
1968 3605 104 33 seiner

916 3660 225 46 Bethätigung
1155 3659 219 42 beobachten,
1394 3674 129 21 nennen
1542 3660 66 35 wir
1627 3660 59 34 ihn
1700 3657 144 36 Instinkt
1923 3658 42 33 ist
1984 3657 87 34 seine

2164 2385 249 47 Entwicklung
2433 2385 72 33 eine
2525 2382 140 36 äufserst
2684 2382 183 47 langsame,
2887 2380 53 35 die
2954 2381 71 34 sich
3040 2393 139 22 unseren
3193 2378 135 37 Mafsen

2164 2439 126 35 nahezu
2310 2437 154 35 entzieht.
2497 2437 95 34 Seine
2607 2436 138 47 Energie
2765 2434 138 35 erreicht
2923 2434 71 33 eine
3011 2433 223 48 unbegrenzte
3248 2435 61 31 Ent-

2165 2488 401 50 faltungs-Möglichkeit
2591 2489 35 33 in
2652 2488 75 34 dem
2746 2490 170 37 Moment,
2944 2486 36 34 in
3008 2485 77 35 dem
3109 2485 52 34 die
3182 2484 89 35 Seele
3295 2485 34 34 in

2165 2545 87 34 ihrer
2279 2544 228 45 Erscheinung
2540 2554 76 22 zum
2648 2549 106 26 ersten
2782 2539 73 35 Mal
2887 2552 78 21 zum
2993 2537 222 36 Bewufstsein
3243 2538 87 33 ihrer

2166 2597 98 35 selbst
2293 2596 103 35 erlebt
2424 2594 99 36 wird.
2565 2596 79 32 Von
2672 2594 72 33 hier
2772 2606 43 21 an
2842 2592 163 47 vereinigt
3036 2592 72 33 sich
3139 2591 56 34 der
3222 2590 110 35 Wille

2168 2650 54 35 der
2241 2646 340 49 Erscheinungsform
2601 2646 62 35 mit
2683 2644 56 36 der
2758 2644 90 35 Seele
2863 2644 133 35 Willen
3015 2657 40 21 zu
3076 2643 75 35 dem
3170 2642 162 36 befreiten

2166 2702 151 40 Willen,
2365 2700 56 35 der
2458 2700 53 34 die
2547 2700 138 35 weitere
2721 2696 246 48 Entwicklung
3006 2697 55 34 des
3099 2696 233 35 Individuums

2168 2757 36 33 in
2229 2756 56 33 der
2309 2754 177 47 Richtung
2512 2753 105 34 seiner
2643 2749 205 36 Seelenkraft
2874 2749 147 36 bewufst
3045 2749 179 35 bestimmt.
3269 2752 66 31 Der

2170 2806 132 50 Kampf
2312 2820 74 21 ums
2401 2806 125 35 Dasein
2541 2805 86 34 wird
2644 2818 75 21 zum
2735 2802 131 50 Kampf
2876 2817 60 20 um
2952 2803 56 34 das
3024 2803 97 34 Licht
3137 2801 197 35 sublimiert.

2172 2864 121 32 Wann
2312 2861 119 33 immer
2446 2860 68 33 dies
2530 2857 184 49 geschieht,
2735 2857 41 35 da
2791 2857 42 33 ist
2848 2857 52 33 ein
2916 2855 184 35 Feier-und
3116 2857 54 32 ein
3184 2854 152 48 Jubeltag

2173 2914 54 34 des
2245 2912 143 42 Lebens;
2408 2925 61 22 wo
2484 2912 120 33 immer
2619 2910 68 34 dies
2703 2909 182 49 geschieht,
2902 2909 41 34 da
2959 2909 114 34 läuten
3090 2907 246 48 Osterglocken

2173 2966 263 47 Auferstehung.
2473 2965 64 34 Die
2558 2963 190 36 christliche
2767 2963 104 35 Lehre
2890 2963 58 34 hat
2968 2961 105 35 dieser
3092 2959 245 36 Weihestunde

2175 3020 64 34 den
2271 3021 136 33 Namen
2436 3017 144 42 „Gnade
2584 3024 23 14 cc
2636 3015 158 49 gegeben.
2912 3017 67 32 Der
3008 3015 152 39 Mensch,
3195 3013 55 35 der
3283 3013 54 34 die

2174 3071 415 36 Fundamentalwahrheit
2600 3069 55 35 des
2666 3068 203 41 bewufsten,
2882 3066 159 36 befreiten
3051 3067 149 35 Willens
3217 3067 35 33 in
3267 3066 70 34 sich

2176 3125 102 35 erlebt
2297 3126 74 39 hat,
2392 3124 57 34 der
2469 3128 87 43 trägt
2572 3136 68 22 von
2660 3135 71 21 nun
2747 3134 41 22 an
2808 3123 35 32 in
2862 3121 72 34 sich
2949 3120 63 34 alle
3026 3119 311 47 Vorbedingungen

2175 3192 40 21 zu
2235 3179 57 33 der
2311 3177 275 36 wunderbarsten
2605 3174 202 48 Entfaltung
2833 3175 55 33 der
2907 3171 134 41 Kräfte,
3062 3172 54 34 die
3143 3172 62 34 mit
3231 3173 106 32 seiner

2176 3231 91 35 Seele
2295 3244 78 21 zum
2398 3229 116 35 Lichte
2542 3229 141 35 wollen.
2730 3227 201 46 Erziehung,
2958 3224 129 35 äufsere
3113 3225 226 34 Verhältnisse

2176 3284 72 35 und
2274 3285 53 33 ein
2352 3284 100 34 Mehr
2478 3281 81 36 oder
2581 3281 136 34 Minder
2742 3293 42 21 an
2807 3281 128 33 innerer
2958 3279 141 34 Freiheit
3123 3283 126 42 mögen
3277 3278 63 33 den

2178 3340 98 44 Gang
2304 3336 102 34 dieser
2431 3333 246 49 Entwicklung
2704 3332 219 36 beeinflussen
2951 3330 70 35 und
3047 3344 68 21 von
3140 3331 200 34 vornherein

2177 3391 87 33 nach
2289 3390 57 34 der
2369 3389 175 46 Richtung
2571 3387 55 35 des
2652 3390 136 32 Ganzen
2814 3382 208 45 hinwerfen,
3048 3383 80 35 oder
3147 3383 116 34 Teilen
3283 3396 38 21 zu-

2178 3443 134 40 lenken,
2343 3441 98 35 deren
2466 3440 210 37 Gesamtheit
2704 3447 63 26 erst
2794 3439 36 33 in
2857 3441 142 45 späterer
3028 3434 244 49 Entwicklung
3300 3448 40 21 zu

2179 3497 110 33 einem
2314 3498 136 32 Ganzen
2476 3494 71 34 sich
2572 3489 369 39 zusammenschliefsen
2965 3488 109 37 kann;
3105 3489 56 34 das
3181 3492 138 31 Wesent-

2179 3549 87 35 liche
2285 3547 105 35 bleibt
2411 3547 51 35 die
2482 3546 198 40 Thatsache,
2701 3544 71 35 dafs
2793 3544 55 34 der
2868 3542 114 35 Boden
3002 3542 137 34 bereitet
3158 3542 53 40 ist,
3238 3542 103 33 dieser

2179 3601 90 35 Seele
2288 3601 54 34 die
2361 3604 199 44 Sprengung
2580 3598 85 35 ihres
2682 3596 247 48 Gefängnisses,
2950 3595 53 34 die
3023 3594 223 47 unbegrenzte
3261 3597 60 32 Ent-

2180 3653 133 49 faltung
2347 3654 87 34 ihrer
2467 3650 116 37 Kräfte
2615 3665 40 20 zu
2690 3658 177 40 gestatten;
2907 3647 72 36 dafs
3015 3648 53 33 die
3102 3648 239 46 Bedingungen

1971 2005 96 15 LUDWIG
2081 2005 49 13 VON
2146 2003 120 16 HOFMANN
