3565 4572
1280 3829 209 40 241

738 1944 173 61 DER
957 1944 279 61 STAAT
1284 1944 201 61 UND
1531 1941 142 64 DIE
1719 1941 299 61 KUNST

183 2157 91 104 U
281 2162 269 33 EBERBLICKT
577 2174 79 21 man
685 2174 54 20 am
767 2159 131 35 Schlufs
924 2160 53 34 des
1003 2160 234 45 Jahrhunderts
1262 2159 63 34 den

299 2213 101 34 Stand
420 2213 55 35 der
494 2216 125 37 Kunst,
645 2226 36 20 so
702 2212 91 34 kann
817 2225 31 21 es
868 2213 173 40 scheinen,
1069 2212 45 34 als
1134 2211 129 35 befinde
1282 2212 44 33 sie

183 2265 64 35 sich
281 2266 34 33 in
346 2265 105 34 voller
483 2265 105 35 Blüte.
641 2265 142 34 Scharen
815 2278 69 21 von
915 2265 181 33 Künstlern
1127 2264 112 34 finden
1266 2266 40 31 Be-

183 2316 209 48 schäftigung
416 2331 41 21 an
482 2318 63 34 den
570 2317 168 35 zahllosen
757 2319 141 38 Bauten,
919 2316 52 34 die
994 2330 66 20 neu
1086 2317 163 40 erstehen;
1275 2316 52 32 die

184 2369 251 47 Ausstellungen
459 2375 179 41 vermögen
663 2368 102 35 kaum
791 2372 112 31 Raum
929 2381 40 21 zu
993 2369 110 33 bieten
1126 2367 55 35 für
1206 2368 43 34 all
1275 2367 52 34 die

183 2421 231 42 Kunstwerke,
440 2421 54 34 die
513 2420 190 48 geschaffen
729 2421 155 42 werden;
910 2421 205 34 Gemeinden
1135 2421 103 34 lassen
1258 2420 70 33 ihre

184 2475 178 33 Rathäuser
381 2475 60 32 mit
462 2474 191 40 Malereien,
673 2474 70 33 ihre
764 2472 219 36 öffentlichen
997 2474 105 33 Plätze
1123 2474 61 33 mit
1202 2472 126 46 Sieges-

184 2526 66 34 und
270 2525 331 36 Kaiserdenkmälern
623 2525 219 42 schmücken;
867 2526 57 33 der
943 2529 89 31 Staat
1055 2524 129 35 bestellt
1202 2527 106 31 Kunst-

184 2577 109 36 werke
313 2577 53 34 für
384 2580 88 32 seine
491 2578 141 35 Schulen
652 2578 70 34 und
741 2577 400 48 Verwaltungsgebäude,
1162 2576 68 33 und
1250 2575 79 34 füllt

184 2631 84 33 seine
282 2630 170 35 Galerieen
471 2631 62 33 mit
548 2631 235 46 Erzeugnissen
803 2630 55 34 der
872 2630 184 33 modernen
1071 2632 118 31 Kunst.
1222 2628 90 34 Aller-

186 2691 89 25 orten
294 2683 85 34 wird
395 2681 97 49 eifrig
507 2684 80 33 über
603 2685 121 45 Fragen
739 2682 56 34 der
810 2685 107 31 Kunst
932 2681 202 40 verhandelt,
1150 2680 71 35 und
1236 2681 93 33 nicht

186 2735 110 47 gering
320 2735 42 34 ist
386 2735 53 34 die
459 2735 83 34 Zahl
569 2735 56 34 der
644 2734 144 40 Werke,
817 2734 52 34 die
893 2735 34 33 in
952 2734 64 34 den
1035 2734 101 34 Besitz
1160 2732 170 35 Einzelner

186 2785 192 49 übergehen.
442 2791 66 30 Das
541 2790 145 32 Können
724 2787 55 33 der
807 2786 157 34 Künstler
1000 2787 41 33 ist
1073 2785 167 34 erheblich
1273 2798 39 34 ge-

186 2840 169 39 wachsen,
375 2838 63 36 fast
456 2839 87 47 jedes
562 2841 75 43 Jahr
657 2838 126 35 fördert
801 2851 84 21 neue
905 2837 240 47 Bestrebungen
1170 2850 40 21 zu
1229 2839 101 44 Tage,

187 2891 122 34 welche
325 2893 142 33 Scharen
486 2905 69 21 von
570 2893 202 45 Anhängern
788 2903 57 21 um
860 2891 70 33 sich
945 2890 172 35 sammeln.
1150 2888 78 35 Und
1243 2888 88 35 doch

187 2942 72 34 läfst
283 2943 42 34 all
351 2943 85 35 diese
463 2945 134 45 rührige
616 2942 265 48 Geschäftigkeit
909 2942 93 34 nicht
1023 2942 54 34 das
1098 2940 128 36 Gefühl
1254 2940 58 35 auf-

189 2993 172 43 kommen,
388 2996 45 34 als
457 2997 139 33 schreite
622 2996 52 33 die
694 2998 110 32 Kunst
831 2996 62 32 mit
912 2994 180 35 Sicherheit
1119 2992 212 35 bestimmten

188 3047 106 34 Zielen
318 3056 162 39 entgegen
507 3049 67 34 und
600 3048 117 34 erfülle
743 3048 71 33 eine
839 3048 53 33 ihr
918 3060 67 21 von
1012 3046 54 34 der
1085 3046 72 34 Zeit
1183 3044 148 48 gestellte

188 3098 160 49 Aufgabe.

266 3155 63 31 Das
350 3153 123 39 meiste,
494 3166 69 21 was
584 3154 35 32 in
642 3152 130 34 solcher
790 3152 115 33 Weise
925 3150 63 35 den
1006 3152 120 45 Augen
1146 3149 53 34 des
1220 3149 93 34 Publi-

190 3201 94 36 kums
310 3203 196 48 vorgeführt
530 3204 106 40 wird,
666 3203 146 36 erweckt
837 3203 97 34 keine
953 3203 214 38 Teilnahme,
1193 3201 80 35 weil
1301 3214 30 20 es

189 3255 89 34 nicht
297 3256 230 35 Bedürfnissen
555 3257 113 35 weder
696 3257 54 33 des
776 3255 167 35 Bestellers
965 3256 90 33 noch
1081 3254 53 34 des
1162 3253 169 34 Künstlers

190 3309 184 47 entspricht,
389 3309 141 35 sondern
545 3323 58 21 aus
619 3308 124 35 blofser
754 3306 272 48 Handfertigkeit
1040 3307 292 45 hervorgegangen

190 3359 50 34 ist.
266 3361 110 34 Wohl
390 3362 90 47 giebt
496 3375 30 21 es
543 3361 144 35 einzelne
701 3361 169 39 Künstler,
890 3360 53 34 die
959 3360 69 34 ihre
1042 3357 291 48 selbstgewählten

190 3413 106 45 Wege
322 3413 115 47 gehen,
464 3415 88 33 ohne
581 3413 63 35 auf
664 3413 73 35 Lob
767 3414 78 33 oder
870 3411 103 35 Tadel
1002 3424 40 22 zu
1071 3411 135 40 achten;
1237 3409 97 34 deren

190 3463 123 35 Werke
332 3465 73 35 aber
424 3465 110 35 finden
555 3479 61 21 nur
635 3466 103 34 selten
762 3467 93 33 ihren
873 3467 94 44 Weg
986 3465 35 33 in
1040 3462 52 35 die
1112 3460 205 37 Oeffentlich-

191 3513 66 36 keit
275 3517 67 34 und
361 3518 133 34 werden
515 3518 87 41 dort,
622 3518 81 35 weil
722 3519 45 33 sie
787 3517 173 35 vereinzelt
979 3515 140 40 bleiben,
1138 3528 64 21 nur
1221 3514 113 47 wenig

191 3566 155 37 beachtet.
388 3571 62 34 Die
478 3573 110 32 Masse
619 3570 56 35 der
706 3570 139 48 übrigen
877 3570 84 33 sieht
988 3569 71 34 sich
1087 3566 65 36 auf
1174 3568 54 33 das
1254 3568 60 32 Ver-

191 3617 111 50 folgen
320 3631 240 38 ausgetretener
574 3624 136 33 Bahnen
729 3622 219 48 angewiesen,
969 3621 41 34 da
1029 3622 100 33 ihnen
1146 3632 85 21 neue
1246 3617 87 36 Auf-

1433 2157 103 48 gaben
1560 2157 94 34 nicht
1678 2155 129 49 gestellt
1825 2155 146 41 werden,
1999 2155 52 33 ein
2073 2154 97 34 freier
2193 2154 81 47 Flug
2296 2155 85 34 ihrer
2406 2155 172 34 Phantasie

1432 2211 92 33 nicht
1545 2209 155 47 geduldet
1719 2208 87 34 wird
1825 2208 67 33 und
1912 2208 54 33 ein
1985 2206 181 47 möglichst
2184 2207 267 47 nichtssagender
2469 2208 110 33 Inhalt

1432 2262 117 47 gerade
1569 2261 45 34 als
1634 2261 55 33 das
1710 2260 172 39 erscheint,
1901 2272 70 22 was
1992 2260 195 46 gewünscht
2206 2258 97 35 wird.

1510 2315 80 32 Eine
1606 2313 112 34 solche
1734 2312 197 46 Gestaltung
1952 2310 54 35 der
2021 2314 117 36 Kunst,
2154 2310 128 35 welche
2298 2311 75 34 dem
2389 2311 190 34 Fortschritt

1433 2366 97 33 keine
1548 2365 169 46 Nahrung
1735 2364 111 39 bietet,
1867 2363 52 34 die
1932 2362 107 35 Ideale
2058 2362 56 35 der
2129 2363 72 33 Zeit
2281 2362 52 35 die
2352 2371 76 26 stets
2449 2363 40 34 da
2507 2362 73 35 sind

1434 2418 68 34 und
1529 2418 85 33 nach
1637 2415 294 47 Verwirklichung
1957 2416 116 45 ringen
2178 2415 92 33 nicht
2298 2428 75 21 zum
2402 2414 178 35 Ausdruck

1434 2470 161 47 gelangen
1621 2467 91 41 läfst,
1734 2467 67 35 und
1827 2481 63 20 nur
1914 2467 83 35 dazu
2016 2467 90 34 dient
2131 2467 71 33 eine
2223 2465 278 43 Künstierschaft,
2528 2467 53 33 die

1434 2522 63 33 den
1513 2520 122 37 Bedarf
1647 2521 82 34 weit
1748 2520 188 46 übersteigt,
1956 2517 191 49 notdürftig
2166 2531 54 21 am
2234 2519 109 34 Leben
2362 2532 39 21 zu
2422 2519 157 39 erhalten,

1433 2587 134 34 vermag
1590 2573 97 34 keine
1709 2572 192 35 Zuversicht
1928 2572 34 33 in
1989 2571 51 33 die
2065 2569 155 35 Zukunft
2244 2584 39 21 zu
2308 2570 183 36 erwecken.
2531 2571 49 33 Sie

1434 2626 77 35 läfst
1529 2639 30 21 es
1580 2624 203 35 namentlich
1802 2622 143 48 fraglich
1964 2623 198 39 erscheinen,
2188 2623 68 34 wie
2275 2623 82 35 weit
2377 2636 30 20 es
2428 2623 152 47 gelingen

1435 2677 108 41 kann,
1569 2678 52 34 die
1640 2676 89 35 Fülle
1754 2675 220 35 thatsächlich
1993 2675 227 34 vorhandener
2243 2674 98 35 Kraft
2366 2674 48 35 bis
2440 2688 39 21 zu
2506 2675 76 34 dem

1435 2729 183 49 Zeitpunkt
1643 2742 41 21 zu
1712 2728 191 39 bewahren,
1928 2740 59 22 wo
2013 2740 30 21 es
2063 2726 109 48 gelten
2190 2727 103 41 wird,
2320 2728 88 33 auch
2427 2726 64 35 auf
2506 2727 76 34 dem

1436 2783 135 34 Gebiete
1599 2781 55 34 der
1681 2783 106 32 Kunst
1815 2780 63 33 den
1908 2778 279 35 internationalen
2215 2778 222 49 Wettkampf
2465 2777 99 36 aufzu-

1435 2836 154 33 nehmen.
1628 2834 60 33 Die
1707 2832 188 35 Anzeichen
1914 2830 54 35 für
1987 2832 71 33 eine
2078 2833 179 44 Besserung
2279 2831 73 33 sind
2371 2844 64 21 nur
2453 2831 112 34 schein-

1436 2888 69 38 bar,
1532 2887 86 33 denn
1640 2884 71 48 jede
1729 2897 84 21 neue
1832 2883 198 47 Gestaltung
2056 2882 55 35 der
2129 2886 110 31 Kunst
2262 2882 99 35 stöfst
2380 2883 125 34 wieder
2524 2881 63 36 auf

1437 2940 53 33 die
1509 2938 150 47 gleichen
1679 2935 297 47 Schwierigkeiten
1995 2936 66 34 wie
2087 2935 53 34 die
2158 2935 245 35 vorhandenen.
2441 2935 142 47 Solange

1436 2989 275 38 wirtschaftliche
1739 2987 68 35 und
1841 2987 175 49 politische
2043 2989 123 45 Fragen
2197 2987 52 33 die
2277 2985 307 36 Aufmerksamkeit

1436 3041 232 36 vornehmlich
1688 3039 64 36 auf
1764 3041 70 33 sich
1853 3040 125 39 ziehen,
1998 3039 102 34 bleibt
2119 3038 63 34 den
2196 3039 175 33 Einzelnen
2387 3052 63 21 nur
2469 3040 115 45 wenig

1437 3096 73 33 Zeit
1528 3093 70 35 und
1616 3092 128 40 Mufse,
1769 3091 70 35 sich
1861 3092 63 33 mit
1946 3092 56 34 der
2020 3094 110 31 Kunst
2149 3090 199 48 thatkräftig
2366 3104 40 21 zu
2432 3090 133 35 beschäf-

1437 3148 108 46 tigen;
1575 3146 52 33 die
1654 3147 132 32 Fürsten
1813 3149 179 41 vermögen
2016 3144 115 46 wenig
2154 3156 38 21 zu
2218 3141 124 42 helfen,
2370 3143 138 34 seitdem
2532 3142 52 35 die

1437 3199 107 47 Pflege
1563 3197 56 35 der
1632 3200 109 31 Kunst
1760 3194 178 49 aufgehört
1957 3197 68 42 hat,
2046 3194 54 35 für
2119 3196 45 33 sie
2184 3196 71 33 eine
2275 3195 206 48 persönliche
2496 3194 66 35 Auf-

1438 3251 82 47 gabe
1547 3262 40 22 zu
1620 3248 128 42 bilden;
1781 3249 53 33 die
1861 3247 194 48 Thätigkeit
2085 3247 56 34 der
2174 3246 291 36 Gemeinschaften
2497 3248 86 41 aber,

1437 3302 130 35 welche
1592 3302 35 33 in
1649 3300 156 35 früheren
1821 3300 260 44 Jahrhunderten
2107 3298 62 35 den
2194 3302 98 44 Gang
2319 3299 56 34 der
2393 3302 108 31 Kunst
2529 3300 38 33 be-

1438 3356 128 33 stimmt
1585 3353 69 34 und
1673 3353 52 34 ihr
1740 3352 52 34 die
1807 3351 175 48 Aufgaben
1998 3351 128 48 gestellt
2142 3351 120 41 haben,
2282 3352 40 33 ist
2342 3364 76 21 zum
2437 3351 148 48 gröfsten

1438 3406 72 35 Teil
1529 3419 80 22 vom
1628 3408 88 31 Staat
1735 3404 242 34 übernommen
1995 3403 152 36 worden.

1517 3462 43 30 So
1580 3458 78 33 ruht
1677 3456 85 35 denn
1780 3460 76 42 jetzt
1874 3456 54 34 die
1942 3458 285 44 Verantwortung
2246 3453 56 37 für
2317 3455 52 35 die
2386 3455 199 49 Gestaltung

1439 3511 56 34 der
1515 3514 108 31 Kunst
1648 3509 196 35 wesentlich
1870 3507 62 35 auf
1952 3509 75 33 dem
2051 3511 119 31 Staate.
2209 3507 148 35 Handelt
2383 3521 30 21 es
2439 3509 70 33 sich
2534 3508 53 35 bei

1440 3564 56 34 der
1510 3566 108 31 Kunst
1637 3562 89 34 auch
1744 3574 57 21 um
1821 3561 70 34 eine
1905 3559 271 48 Entwickelung,
2193 3559 52 35 die
2265 3561 92 33 ihren
2376 3561 212 35 natürlichen

1440 3619 156 32 Gesetzen
1626 3613 89 48 folgt
1747 3613 71 34 und
1848 3626 62 21 nur
1937 3613 34 33 in
2002 3612 254 35 beschränktem
2282 3611 171 49 Umfange
2481 3613 106 35 durch

803 1661 141 14 TINTENFASS

604 1663 20 13 E.
639 1663 25 13 M.
680 1662 105 17 GEYGER
