3633 4572
1327 3844 208 42 207

1186 1098 317 53 MAURICE
1543 1100 477 53 MAETERLINCK

1185 1185 636 62 ÜBERTRAGUNGEN
1860 1197 159 52 VON

1399 1289 405 54 GEDICHTEN

1185 1386 163 52 AUS:
1393 1386 246 52 SERRES
1682 1386 338 53 CHAUDES

253 1540 47 49 ü,
334 1538 112 40 diese
480 1550 146 28 armen
659 1538 154 40 müden
845 1536 156 43 Blicke!

252 1608 110 41 Eure
394 1606 86 42 und
517 1608 133 40 meine
683 1606 159 42 Blicke!

253 1678 77 40 Die
362 1677 150 41 einmal
543 1690 144 27 waren
720 1677 86 41 und
839 1677 110 41 noch
980 1677 197 41 kommen
1207 1675 188 42 werden!
1467 1675 80 41 Die
1579 1675 171 41 niemals
1787 1675 198 42 kommen
2017 1676 85 41 und
2142 1675 65 42 die
2245 1675 191 42 dennoch
2474 1675 108 42 sind!

255 1747 78 41 Die
367 1747 221 54 Sonntags
621 1747 135 41 Arme
788 1762 52 26 zu
870 1747 212 40 besuchen
1115 1747 204 48 scheinen,

254 1816 97 43 Und
374 1816 176 41 manche
572 1816 103 51 sind,
699 1817 79 41 wie
800 1816 171 42 Kranke
998 1816 109 42 ohne
1133 1816 131 49 Dach,
1293 1815 76 40 wie
1391 1815 197 40 Lämmer
1618 1815 74 40 auf
1719 1813 75 42 der
1815 1815 156 50 Wiese,
1992 1814 125 41 drauf
2145 1815 77 41 das
2243 1815 160 41 Linnen
2425 1815 159 41 bleicht.

252 1886 97 43 Und
384 1886 114 40 diese
529 1886 319 55 ungewohnten
880 1886 152 50 Blicke,

253 1956 59 41 als
346 1956 145 41 würde
524 1956 90 41 eine
640 1956 210 55 Jungfrau
880 1955 275 55 hingerichtet
1187 1956 55 40 im
1274 1952 139 42 hohen
1446 1952 101 42 Saal
1578 1953 85 41 und
1696 1952 139 42 Blicke
1869 1954 213 41 müfsten’s
2115 1954 143 41 sehen!

253 2025 97 43 Und
384 2025 65 41 die
483 2040 53 26 an
569 2026 65 41 nie
666 2025 213 55 gekannte
911 2027 163 40 Trauer
1108 2024 92 41 dich
1234 2024 199 50 erinnern,

253 2095 76 42 wie
362 2110 122 27 wenn
517 2096 56 41 im
605 2096 178 41 Fenster
817 2095 74 41 der
922 2094 158 42 Fabrik
1112 2094 64 41 ein
1209 2093 253 41 Landmann
1494 2092 120 50 steht,

254 2180 53 26 an
338 2166 119 40 einen
491 2165 191 50 Gärtner,
719 2164 74 41 der
826 2164 65 42 ein
924 2163 163 43 Weber
1119 2162 156 51 wurde,

254 2250 52 26 an
338 2235 118 41 einen
489 2235 459 55 Sommernachmittag
980 2234 56 40 im
1070 2230 523 57 Wachsfigurenkabinett,

254 2305 83 40 und
370 2319 89 27 was
494 2305 65 40 die
592 2305 185 54 Königin
811 2304 137 50 denkt,
981 2303 106 41 sieht
1119 2303 59 40 sie
1209 2303 56 39 im
1298 2302 160 41 Garten
1491 2302 118 40 einen
1641 2300 210 42 Kranken.

254 2375 97 41 Wie
385 2375 155 41 wenn’s
574 2375 57 40 im
663 2373 132 42 Wald
828 2374 107 41 nach
968 2373 218 54 Kampher
1219 2371 142 50 duftet,

255 2444 76 41 wie
365 2444 65 41 die
461 2445 190 41 Prinzess
685 2444 56 40 im
773 2444 135 41 Turm
940 2443 116 41 allein
1090 2457 54 26 an
1177 2441 136 42 einem
1345 2441 231 54 Feiertage,

257 2529 52 27 an
341 2514 88 41 eine
461 2513 303 55 wochenlange
797 2512 132 42 Fahrt
963 2513 76 41 auf
1065 2512 137 41 lauem
1234 2512 193 40 Wasser.

256 2651 116 41 Habt
400 2650 157 42 Mitleid
586 2651 73 40 mit
687 2650 51 41 all
767 2650 145 50 denen,
941 2650 157 41 welche
1126 2648 132 42 kleine
1280 2647 181 42 Schritte
1490 2648 111 49 thun,
1630 2647 77 41 wie
1736 2647 63 41 ein
1823 2646 271 41 Genesender
2120 2662 72 26 zur
2223 2646 91 43 Zeit
2342 2648 75 40 der
2437 2649 146 40 Ernte!

258 2721 154 40 Mitleid
445 2722 73 39 mit
552 2720 145 50 denen,
731 2720 65 41 die
829 2721 77 40 wie
939 2720 159 41 Kinder
1129 2718 171 50 blicken,
1334 2732 123 27 wenn
1490 2718 58 40 sie
1580 2732 72 26 zur
1684 2716 312 42 Essensstunde
2028 2716 86 41 sich
2146 2718 164 40 verirrt!

258 2791 115 41 Habt
406 2790 160 42 Mitleid
599 2791 73 40 mit
705 2791 97 40 dem
834 2789 116 42 Blick
982 2789 75 42 des
1090 2789 203 41 Wunden
1323 2802 51 27 zu
1407 2787 96 41 dem
1536 2788 112 48 Arzt,

257 2860 100 41 habt
391 2860 157 41 Mitleid
581 2860 73 41 mit
687 2859 97 41 dem
816 2859 114 41 Blick
963 2859 73 41 der
1061 2860 207 53 Jungfrau
1298 2859 40 40 in
1369 2857 293 54 Versuchung,

258 2930 83 41 und
374 2930 71 41 mit
478 2930 97 41 dem
607 2928 116 43 Blick
757 2929 74 41 der
856 2929 217 55 Jungfrau,
1107 2928 64 41 die
1204 2928 155 54 erliegt.

258 2998 59 42 So
350 2999 113 42 seh’n
494 3000 326 49 Prinzessinnen,
853 2999 57 40 im
943 3012 303 41 unwegsamen
1277 2997 157 55 Sumpf
1460 2996 225 41 verlassen.

258 3139 97 41 Und
383 3139 95 55 jene
512 3140 166 55 Augen,
717 3153 68 27 wo
826 3139 74 41 mit
932 3137 138 42 vollen
1103 3137 155 56 Segeln
1291 3137 65 40 die
1389 3135 149 42 lichten
1570 3135 152 41 Schiffe
1754 3135 40 40 in
1827 3133 81 41 den
1939 3133 144 41 Sturm
2115 3133 87 41 sich
2235 3135 169 54 wagen!

258 3208 89 41 Das
380 3209 115 41 Weh
525 3210 40 40 in
598 3209 51 41 all
682 3208 81 42 den
795 3208 181 50 Blicken,
1009 3207 91 41 weil
1134 3208 58 40 sie
1227 3206 50 41 all
1311 3206 88 40 dies
1432 3205 138 41 sehen.

258 3276 164 42 Soviele
453 3278 167 51 Leiden,
653 3278 129 42 kaum
814 3292 51 26 zu
896 3276 326 50 unterscheiden,
1256 3275 110 41 doch
1398 3273 290 43 verschieden!

258 3346 97 41 Und
389 3347 65 41 die
486 3348 195 41 niemand
707 3347 153 56 jemals
892 3347 224 42 verstehen
1147 3346 121 41 wird!

258 3416 97 41 Lind
388 3417 111 42 diese
532 3432 143 27 armen
708 3419 83 40 fast
822 3422 304 37 verstummten
1157 3415 160 42 Blicke!

258 3485 97 42 Und
388 3487 112 41 diese
533 3502 145 27 armen
710 3487 149 50 Blicke,
896 3487 64 40 die
993 3500 77 28 nur
1102 3486 185 41 flüstern!

258 3555 98 41 Und
388 3558 111 40 diese
533 3572 144 27 armen
709 3556 322 42 halberstickten
1062 3555 159 42 Blicke!
2262 3552 319 48 [Klosterrasen.

258 3624 45 41 In
331 3626 131 41 einem
489 3627 165 42 Schlofs
683 3627 83 41 bist
794 3626 65 52 du,
889 3627 77 40 das
994 3640 95 27 zum
1117 3625 131 55 Spital
1276 3622 277 44 verwandelt!
1588 3622 97 41 Wie
1713 3621 114 41 Zelte
1856 3620 91 42 sind
1976 3622 68 49 sie,
2072 3621 285 55 Kriegeslilien
2387 3624 75 40 auf
2485 3624 96 41 dem
