3491 4572
1942 3866 210 42 262

837 544 80 37 weil
937 558 31 21 es
988 542 287 48 minderwertiger
1289 542 62 33 Art
1370 540 55 34 sei.
1454 539 52 34 Sie
1526 550 172 35 vergessen
1718 537 97 35 dabei
1833 550 77 28 nur,
1929 538 70 34 wie

841 598 62 35 viel
928 598 103 33 näher
1056 596 44 34 sie
1124 594 97 35 selbst
1247 594 75 34 dem
1343 591 90 35 Ende
1455 590 85 35 sind.
1583 591 65 34 Die
1668 590 45 34 als
1738 590 261 47 untergeordnet

839 648 208 49 hingestellte
1063 645 273 37 Kunstindustrie
1353 643 123 48 jedoch
1495 656 147 34 gewann
1656 642 151 48 langsam
1823 656 42 20 an
1881 640 117 36 Kraft-

838 703 70 34 und
928 701 142 35 Lebens-
1093 699 71 35 und
1190 694 403 39 Zukunftsbewufstsein.
1642 695 140 34 Freilich
1807 694 135 35 dauerte
1967 708 30 21 es

838 757 119 33 immer
975 754 89 33 noch
1079 751 97 48 lange
1191 763 124 35 genug,
1332 750 49 34 bis
1397 750 45 33 sie
1463 748 172 40 erkannte,
1649 747 132 36 welche
1797 747 200 35 Bewandnis

840 821 30 21 es
896 807 61 33 mit
976 806 105 34 ihrem
1100 804 143 35 zweiten
1261 805 99 45 Rang
1379 801 72 35 und
1469 802 63 33 mit
1552 801 87 34 ihrer
1658 801 193 47 geringeren
1871 800 107 34 Bedeu-

839 869 83 37 tung
941 857 64 35 auf
1023 858 71 33 sich
1113 857 102 33 hatte.

918 911 155 41 „Schöne
1094 912 152 31 Künste“
1336 907 56 34 das
1411 904 101 37 heifst
1532 905 84 35 also:
1645 904 180 41 Gemälde,
1847 908 151 38 Statuen,

840 962 195 36 Bauwerke.
1084 965 67 31 Das
1180 960 78 35 alles
1285 959 105 35 bildet
1418 960 72 33 eine
1519 958 246 48 Vereinigung,
1795 957 76 36 aber
1901 957 98 35 keine

840 1017 132 34 Einheit
1066 1014 71 35 und
1162 1013 92 48 giebt
1278 1013 70 34 sich
1372 1019 98 27 unter
1494 1011 58 34 der
1570 1012 98 33 Form
1695 1012 88 33 einer
1802 1011 176 35 Gesamtbe-

840 1069 186 46 zeichnung
1046 1068 52 33 die
1116 1067 110 34 nichts
1245 1066 205 47 gemeinsam
1470 1065 75 41 hat,
1571 1063 45 36 als
1636 1064 71 34 ihre
1726 1064 273 48 neubegründete

840 1121 251 35 Vornehmheit.

920 1174 96 33 Diese
1041 1171 248 47 Ueberhebung
1324 1170 69 34 und
1426 1169 101 35 dieses
1552 1170 263 34 Vornehmthun
1844 1169 155 35 bedeutet

840 1226 122 48 jedoch
981 1238 63 21 nur
1063 1226 96 33 einen
1179 1223 149 35 Zustand
1349 1224 54 33 des
1418 1221 154 37 Verfalls.
1606 1222 112 35 Beides
1738 1221 75 36 sind
1833 1222 165 35 durchaus

840 1279 153 47 negative
1012 1280 177 32 Momente
1207 1276 70 35 und
1305 1277 114 33 stehen
1443 1276 49 34 im
1510 1275 246 49 Widerspruch
1775 1288 77 21 zum
1870 1277 129 32 Wesen

842 1332 54 34 der
916 1334 108 31 Kunst
1044 1329 109 36 selbst.
1190 1332 87 32 Man
1295 1328 93 35 kann
1407 1329 108 33 schon
1534 1329 131 39 daraus,
1686 1327 73 35 dafs
1779 1329 45 33 sie
1843 1341 64 21 nur
1927 1328 72 34 eine

841 1385 228 47 Vereinigung
1083 1382 70 35 und
1167 1382 98 35 keine
1279 1382 135 34 Einheit
1433 1381 124 42 bilden,
1578 1380 188 41 schliefsen,
1786 1379 72 36 dafs
1879 1394 31 20 es
1930 1381 71 34 sich

841 1436 124 35 hierbei
988 1437 93 33 nicht
1106 1448 60 22 um
1185 1434 179 36 wirkliche
1383 1437 110 32 Kunst
1519 1434 154 41 handelt,
1699 1433 82 36 weil
1800 1437 109 31 Kunst
1929 1434 72 34 sich

841 1503 63 21 nur
927 1487 169 49 begreifen
1121 1487 77 35 läfst
1223 1496 97 26 unter
1346 1487 56 34 der
1421 1487 198 48 Bedingung
1644 1488 89 32 einer
1762 1486 238 35 einheitlichen

842 1543 69 33 und
931 1541 215 47 freiwilligen
1165 1540 159 49 Hingabe
1345 1553 41 21 an
1405 1540 58 34 das
1481 1540 169 47 jeweilige
1669 1539 102 35 Ideal.

920 1597 77 31 Von
1012 1597 110 31 Kunst
1142 1592 93 36 kann
1254 1593 90 35 doch
1364 1593 98 35 wohl
1482 1606 63 21 nur
1565 1593 206 48 gesprochen
1789 1592 138 35 werden
1948 1592 53 34 bei

841 1651 272 43 Voraussetzung
1132 1659 69 23 von
1221 1646 240 48 gleichartigen
1479 1646 262 47 Bestrebungen,
1762 1646 240 46 gemeinsamer

843 1699 232 49 Zielrichtung
1099 1699 72 35 und
1194 1698 183 49 vollgültig
1402 1698 146 48 gleicher
1571 1692 252 53 Anerkennung
1846 1698 70 34 und
1941 1700 40 33 Be-

842 1753 200 47 rechtigung
1059 1751 56 35 für
1135 1752 63 34 alle
1217 1752 70 34 ihre
1306 1751 272 48 grundlegenden
1597 1750 101 37 Ziele.
1739 1752 63 34 Die
1826 1752 176 40 „schönen

842 1809 152 31 Künste“
1014 1804 75 35 aber
1102 1805 127 40 hatten,
1249 1805 71 34 sich
1334 1804 73 35 aufs
1423 1805 90 34 hohe
1532 1802 97 37 Pferd
1653 1803 141 41 setzend,
1819 1802 87 36 diese
1920 1804 61 33 Ein-

842 1858 210 35 heitlichkeit
1071 1858 72 35 und
1164 1856 394 37 Gemeinschaftlichkeit
1581 1856 207 35 wissentlich
1813 1865 186 40 gesprengt,

843 1910 137 36 sowohl
1000 1910 105 35 durch
1123 1911 72 34 ihre
1210 1910 284 47 Selbsterhöhung
1510 1910 45 34 als
1572 1910 87 34 auch
1679 1909 108 35 durch
1803 1910 53 33 die
1870 1910 35 33 in
1921 1909 80 34 aller

842 1967 97 32 Form
979 1964 284 48 ausgesprochene
1298 1963 310 48 Geringschätzung
1645 1962 159 48 jeglicher
1835 1964 62 32 Art
1932 1975 68 22 von

842 2020 110 31 Kunst
971 2017 35 34 in
1025 2016 101 40 Holz,
1146 2016 113 40 Thon,
1279 2015 133 41 Metall,
1432 2015 80 36 Glas
1534 2015 80 35 oder
1633 2015 169 35 Weberei.

921 2070 81 33 Eine
1019 2069 115 34 solche
1149 2068 299 49 Ranganweisung
1467 2067 55 36 für
1538 2068 52 35 die
1606 2068 254 35 verschiedenen
1875 2070 105 31 Kunst-

844 2122 126 48 gebiete
990 2134 74 23 war
1084 2122 71 34 eine
1173 2134 86 21 neue
1278 2122 230 47 Erscheinung
1527 2121 69 34 und
1621 2121 36 34 in
1680 2120 158 35 früheren
1856 2120 126 34 Nieder-

843 2176 232 47 gangsphasen
1094 2173 209 36 unbekannt.
1345 2177 40 31 Es
1405 2174 121 48 gehört
1545 2174 106 34 schon
1666 2174 54 33 ein
1735 2173 91 35 Grad
1843 2187 68 20 von
1928 2174 48 33 Un-

842 2228 195 35 wissenheit
1052 2227 98 41 dazu,
1164 2228 46 33 sie
1225 2228 34 33 in
1275 2227 56 34 der
1340 2227 304 48 Kunstgeschichte
1658 2226 55 35 des
1724 2226 41 35 Al
1771 2235 136 26 tertums
1919 2226 81 34 oder

842 2282 35 33 in
897 2280 56 34 der
979 2280 199 48 gothischen
1197 2279 136 36 Periode
1357 2281 189 34 anwenden
1572 2293 40 21 zu
1637 2279 140 35 wollen.
1816 2280 63 34 Die
1898 2291 102 35 ganze

844 2333 190 47 Scheidung
1059 2333 42 34 ist
1125 2346 146 22 neueren
1291 2336 143 32 Datums
1458 2333 71 34 und
1552 2332 80 35 kam
1657 2333 64 33 den
1741 2331 100 35 Alten
1860 2332 120 34 ebenso-

842 2387 115 47 wenig
977 2387 35 33 in
1031 2385 64 35 den
1114 2387 93 40 Sinn,
1227 2385 46 35 als
1293 2394 90 27 etwa
1402 2385 66 35 den
1486 2386 205 34 Primitiven.

920 2441 62 33 Für
1001 2439 45 33 sie
1065 2438 64 48 gab
1149 2451 31 21 es
1195 2452 63 21 nur
1277 2439 86 33 eine
1382 2441 123 38 Kunst,
1526 2438 80 34 oder
1620 2437 220 47 schlankweg
1854 2449 64 21 nur
1938 2435 61 35 die

842 2494 109 32 Kunst
1041 2491 53 34 die
1113 2492 45 34 sie
1178 2492 35 33 in
1228 2492 96 34 ihren
1339 2489 268 50 manigfachsten
1621 2488 378 49 Erscheinungsformen

842 2544 188 40 verehrten,
1056 2545 90 34 ohne
1171 2544 102 34 daran
1296 2557 40 21 zu
1360 2537 148 48 denken,
1534 2543 233 35 verschiedene
1785 2540 214 50 Rangstufen

842 2594 148 37 schaffen
1009 2610 40 21 zu
1068 2596 130 36 wollen
1217 2595 56 36 für
1292 2596 70 42 die,
1387 2596 54 34 die
1460 2609 64 22 nur
1544 2595 65 36 auf
1624 2597 109 33 einem
1751 2596 88 34 ihrer
1860 2595 139 35 Gebiete

840 2650 108 47 thätig
975 2663 125 21 waren.
1155 2648 76 36 Alle
1259 2650 113 47 galten
1397 2649 47 35 als
1471 2649 111 48 gleich
1611 2647 139 36 berufen
1776 2648 71 34 und
1872 2648 127 47 geehrt,

840 2702 80 34 weil
942 2702 92 45 Jeder
1058 2703 87 33 nach
1173 2703 124 33 seinem
1321 2705 147 32 Können
1493 2703 71 33 sich
1590 2702 56 34 der
1671 2702 153 47 gleichen
1845 2700 74 35 Idee
1943 2700 54 35 des

841 2756 154 34 Schönen
1019 2755 145 40 weihte,
1190 2759 30 43 je
1244 2756 88 33 nach
1357 2755 55 34 der
1431 2754 235 48 Vorstellung,
1696 2754 53 35 die
1773 2767 78 22 man
1877 2766 40 21 zu
1943 2753 56 34 der

840 2806 226 36 betreffenden
1077 2808 73 33 Zeit
1160 2807 70 35 und
1242 2809 35 33 in
1289 2808 75 34 dem
1374 2806 225 36 betreffenden
1607 2807 95 35 Land
1712 2808 120 34 hiemit
1843 2806 154 35 verband.

920 2861 166 34 Dennoch
1107 2860 75 35 aber
1202 2860 197 48 übertragen
1418 2862 66 34 wir
1503 2860 87 35 diese
1609 2860 191 47 Scheidung
1827 2858 85 36 auch
1939 2857 64 36 auf

842 2912 52 35 die
915 2913 216 48 Beurteilung
1151 2912 56 35 der
1226 2912 138 36 antiken
1384 2916 127 39 Kunst,
1539 2912 145 36 obwohl
1703 2914 62 38 sie,
1785 2913 67 34 wie
1871 2921 126 38 gesagt,

842 2965 108 48 völlig
968 2965 211 36 willkürlich
1204 2967 41 33 ist
1272 2966 70 35 und
1371 2966 144 36 obwohl
1539 2966 44 34 sie
1607 2966 164 35 schweres
1795 2964 125 35 Unheil
1943 2964 56 35 für

842 3018 52 34 die
912 3022 111 31 Kunst
1042 3018 163 35 bedeutet.
1249 3020 51 33 Sie
1319 3019 43 34 ist
1380 3020 55 33 ein
1454 3018 97 35 Fleck
1575 3020 36 33 in
1635 3019 87 34 ihrer
1740 3017 257 48 Entwicklung,

840 3072 45 33 sie
904 3071 41 34 ist
964 3070 75 37 Gift
1059 3072 34 33 in
1111 3072 107 34 ihrem
1231 3071 87 35 Blut.
1359 3072 52 34 Sie
1430 3072 182 48 entspricht
1631 3072 77 34 dem
1723 3070 190 48 Verlangen
1928 3083 69 22 von

840 3124 196 40 Menschen,
1057 3124 53 34 die
1129 3123 65 35 auf
1209 3124 120 35 Grund
1348 3124 89 35 ihrer
1451 3124 302 47 Einzelleistungen
1771 3124 71 35 sich
1861 3125 117 32 hervor-

842 3176 146 47 drängen
1006 3176 72 35 und
1098 3176 62 35 alle
1181 3176 252 49 Anerkennung
1451 3176 55 36 für
1526 3177 71 35 sich
1616 3176 101 35 allein
1736 3176 260 49 beanspruchen.

919 3228 157 35 Eitelkeit
1095 3230 70 34 und
1181 3229 246 49 Ueberhebung
1445 3231 93 34 hatte
1553 3243 58 34 gar
1626 3229 78 35 bald
1720 3229 63 35 alle
1798 3230 109 33 Ehren
1926 3229 71 34 und

842 3282 165 41 Vorteile,
1040 3281 53 35 die
1121 3282 57 34 der
1207 3285 108 32 Kunst
1347 3282 225 41 zukommen,
1604 3281 290 49 herausgefunden
1926 3282 71 35 und

841 3332 177 50 gefolgert,
1037 3333 72 36 dafs
1130 3335 86 35 diese
1235 3335 106 35 besser
1359 3349 64 21 nur
1441 3337 172 47 Wenigen
1631 3348 41 22 zu
1691 3338 90 32 Gute
1800 3334 134 36 kämen.

920 3387 96 34 Diese
1036 3387 190 49 Scheidung
1247 3387 118 35 datiert
1385 3388 177 49 allerdings
1582 3389 105 35 schon
1708 3389 108 47 einige
1835 3389 73 33 Zeit
1927 3389 70 40 her,

842 3438 44 34 sie
915 3439 40 33 ist
985 3439 75 35 aber
1089 3439 120 36 ebenso
1242 3441 292 48 vorübergehend,
1567 3443 68 34 wie
1663 3441 54 34 die
1746 3442 251 47 gegenwärtige

844 3490 372 50 Dekadenzstimmung.
1252 3494 56 34 Ihr
1323 3493 194 49 trübseliges
1536 3493 385 49 Zerbröckelungswerk
1938 3495 59 33 hat

842 3542 236 50 ebensowenig
1106 3545 239 48 nachhaltigen
1376 3547 69 34 und
1474 3547 194 35 dauernden
1696 3545 137 49 Erfolg,
1866 3546 47 35 als
1943 3547 53 34 die

841 3596 262 48 Benennungen,
1124 3598 62 33 mit
1206 3598 107 34 denen
1332 3611 80 23 man
1432 3599 53 35 die
1500 3613 67 21 von
1583 3600 56 34 der
1655 3598 134 49 grofsen
1804 3603 109 32 Kunst
1927 3599 52 35 los-

840 3656 191 38 getrennten
1059 3649 199 42 „kleineren
1281 3653 158 33 Künste“
1462 3652 141 48 belegte.
1646 3653 52 34 Sie
1722 3652 179 36 schwankt
1926 3652 70 35 und

2105 536 164 36 wechselt
2296 536 72 35 und
2395 536 106 35 bildet
2528 537 72 34 sich
2627 549 60 22 um
2714 537 70 35 und
2812 540 166 35 erweitert
3004 542 71 35 sich
3108 543 70 34 und
3207 543 55 34 bei

2106 590 158 34 näherem
2293 590 153 34 Zusehen
2473 588 139 36 erkennt
2643 602 79 22 man
2755 589 183 37 zweifellos
2969 594 96 34 einen
3098 596 165 47 gewissen

2107 645 128 44 Drang,
2255 655 104 22 wenn
2373 642 87 34 auch
2474 655 64 21 nur
2551 655 84 35 ganz
2650 642 88 41 leise,
2759 643 56 34 der
2831 644 72 34 eine
2917 645 346 51 Zurückgewinnung

2107 694 57 35 der
2199 693 158 36 früheren
2384 694 253 48 geschlossenen
2665 695 198 48 Bedeutung
2890 696 69 34 und
2991 699 272 37 Einheitlichkeit

2107 747 80 34 aller
2206 750 128 31 Künste
2355 747 155 35 anstrebt.

2186 800 170 35 Zunächst
2378 801 117 34 hatten
2517 800 71 35 sich
2611 812 71 23 nun
2709 798 52 36 die
2787 800 108 35 derart
2919 799 136 36 offiziell
3080 802 165 49 zurückge-

2107 852 161 48 drängten
2285 852 240 48 Kunstgebiete
2540 854 62 33 mit
2616 853 58 34 der
2689 853 249 47 Bezeichnung:
2958 856 152 38 „Künste
3124 856 143 34 zweiten

2106 908 159 45 Ranges“
2284 918 41 22 zu
2345 905 186 48 begnügen.
2575 909 113 45 Später
2707 904 85 35 hiefs
2809 919 30 21 es
2860 904 230 42 „Dekorative
3103 909 162 34 Künste“,

2106 958 55 35 des
2189 959 175 34 Weiteren
2397 958 221 35 unbestimmt
2651 957 67 35 und
2752 971 85 35 ganz
2869 958 271 47 unsachgemäfs:
3175 969 89 30 „arts

2107 1012 182 40 mineurs“,
2319 1011 57 35 das
2401 1011 101 35 heifst
2528 1012 71 34 also
2625 1014 157 38 „Künste
2811 1019 97 26 unter
2935 1011 332 37 Vormundschaft“.

2106 1064 89 35 Aber
2214 1078 71 21 wer
2305 1064 81 35 oder
2400 1078 72 22 was
2491 1065 93 34 hatte
2603 1064 88 35 denn
2713 1064 54 34 ein
2782 1064 285 34 Vormundsrecht
3089 1064 81 34 über
3188 1065 79 35 sie?!

2105 1117 79 35 Und
2205 1117 220 35 schliefslich:
2455 1117 233 41 „Industrielle
2706 1120 165 32 Künste“.

2187 1171 97 33 Diese
2304 1170 235 48 Bezeichnung
2558 1169 84 36 trifft
2663 1169 75 35 aber
2758 1171 87 33 auch
2864 1183 62 21 nur
2945 1169 49 35 bis
3014 1182 41 22 zu
3079 1170 108 33 einem
3213 1183 38 34 ge-

2106 1223 122 34 wissen
2248 1223 111 35 Grade
2384 1237 58 27 zu,
2469 1223 88 35 denn
2580 1224 45 33 sie
2653 1222 105 49 bezog
2782 1223 73 34 sich
2878 1223 36 33 in
2933 1221 249 36 Wirklichkeit
3210 1221 64 35 auf

2106 1278 140 39 Künste,
2267 1276 53 34 die
2339 1275 208 49 keineswegs
2567 1277 91 33 noch
2677 1275 270 36 industrialisiert
2961 1288 127 22 waren.
3130 1273 120 36 Aufser-

2107 1328 78 35 dem
2204 1329 57 47 lag
2281 1330 71 33 eine
2376 1329 163 47 gewollte
2559 1328 237 48 Mifsachtung
2820 1328 113 40 darin,
2961 1328 53 34 die
3038 1329 47 33 im
3104 1327 166 35 Hinblick

2108 1380 64 36 auf
2187 1381 55 35 das
2262 1381 207 35 industrielle
2488 1385 161 32 Moment
2668 1381 76 35 dem
2764 1381 156 35 Ansehen
2940 1381 54 34 des
3011 1381 172 34 Künstlers
3199 1381 48 34 Ab-

2108 1434 106 35 bruch
2233 1435 84 35 that.
2355 1437 119 32 Wenn
2494 1448 79 22 man
2590 1435 53 35 die
2658 1437 138 32 Summe
2814 1447 42 22 an
2870 1435 174 47 Aergernis
3060 1433 70 35 und
3145 1433 126 35 Gräuel

2107 1487 129 35 ermifst
2255 1487 72 35 und
2347 1487 43 35 all
2412 1488 64 34 den
2495 1489 116 34 Klein-
2637 1487 73 35 und
2729 1486 227 36 Grofs-Kram
2980 1485 207 42 überblickt,
3214 1486 56 34 der

2106 1540 36 34 in
2162 1541 124 33 diesem
2307 1541 144 34 Zeichen
2475 1542 180 46 gesündigt
2674 1539 136 42 wurde,
2836 1553 38 21 so
2901 1540 105 34 meint
3025 1553 79 21 man
3124 1539 53 34 die
3197 1541 73 33 Zeit

2107 1594 105 33 seiner
2244 1592 198 36 Herrschaft
2474 1600 112 30 müsse
2618 1606 68 23 von
2719 1592 219 36 unendlicher
2969 1596 112 31 Dauer
3113 1606 156 34 gewesen

2107 1659 40 21 zu
2167 1647 82 33 sein.

2187 1701 66 32 Der
2279 1708 81 25 erste
2383 1698 181 36 wirkliche
2588 1697 243 49 Aufschwung
2855 1699 87 47 zeigt
2966 1698 70 35 sich
3062 1706 64 27 erst
3150 1699 35 33 in
3213 1698 56 34 der

2106 1765 107 21 neuen
2233 1755 222 45 Benennung:
2484 1750 91 42 „auf
2594 1751 53 34 die
2666 1751 166 35 Industrie
2857 1750 223 49 angewandte
3103 1753 163 32 Künste“.

2108 1807 66 32 Das
2195 1804 156 35 bedeutet
2377 1806 73 33 eine
2470 1803 199 49 Entfaltung
2691 1817 69 22 von
2785 1803 140 36 Kräften
2956 1805 36 34 in
3017 1804 57 34 der
3093 1804 176 47 Richtung

2108 1870 55 22 zur
2178 1858 175 40 Industrie,
2373 1858 54 34 die
2447 1857 121 35 andere
2587 1858 87 33 nach
2693 1858 71 33 sich
2779 1858 115 34 ziehen
2911 1856 138 35 werden
3068 1857 70 34 und
3154 1856 115 36 wobei

2107 1909 128 36 Zweck
2256 1910 67 35 und
2343 1910 115 35 Mittel
2481 1911 71 34 sich
2572 1911 206 47 gegenseitig
2797 1910 129 48 gleiche
2945 1910 246 47 Berechtigung
3210 1922 40 21 zu-

2107 1963 167 48 gestehen.

2186 2016 176 48 Vorläufig
2381 2016 87 48 legte
2488 2029 79 21 man
2587 2016 107 35 durch
2714 2016 53 34 ein
2786 2015 129 36 solches
2930 2014 338 37 Zusammenwirken

2108 2068 58 35 der
2188 2069 165 34 Industrie
2378 2068 148 49 gröfsere
2552 2067 108 50 Opfer
2685 2067 64 36 auf
2768 2068 46 35 als
2839 2069 59 34 der
2923 2071 122 32 Kunst.
3087 2068 163 34 Selbstver-

2108 2122 167 34 ständlich
2294 2135 74 22 war
2387 2122 87 34 diese
2493 2120 207 49 Eroberung,
2721 2122 57 34 der
2797 2121 81 35 aller
2897 2120 370 35 Wahrscheinlichkeit

2107 2176 85 33 nach
2204 2175 73 34 sehr
2288 2175 126 34 schnell
2424 2174 91 35 noch
2526 2174 118 35 andere
2654 2173 116 48 folgen
2781 2174 149 40 werden,
2941 2187 65 21 nur
3016 2174 72 34 eine
3097 2173 168 34 durchaus

2104 2227 189 34 natürliche
2310 2227 245 48 Entwicklung
2573 2226 71 35 und
2663 2227 234 47 Ausdehnung
2915 2227 88 34 ihrer
3018 2225 226 49 Aeufserungs-

2105 2280 278 47 möglichkeiten,
2400 2294 32 21 es
2447 2279 79 36 darf
2536 2280 156 34 dennoch
2707 2279 78 35 aber
2797 2280 96 34 nicht
2903 2280 204 34 unerwähnt
3119 2279 144 40 bleiben,

2105 2332 72 36 dafs
2199 2332 52 35 die
2274 2333 165 35 Industrie
2461 2346 65 21 nur
2549 2334 64 33 mit
2639 2331 148 50 grofsem
2805 2332 242 36 Widerwillen
3074 2332 87 34 diese
3182 2333 61 33 Ver-

2104 2385 156 48 bindung
2279 2386 145 48 einging,
2446 2385 52 35 die
2515 2386 53 34 ihr
2582 2385 160 35 zunächst
2757 2385 107 48 völlig
2878 2383 224 36 unfruchtbar
3117 2384 146 34 erschien

2104 2438 70 34 und
2195 2439 213 47 ungeeignet,
2428 2438 54 35 die
2501 2437 135 49 grofsen
2652 2439 168 35 Gewinne
2839 2451 41 21 zu
2899 2435 161 43 schaffen,
3081 2437 52 33 die
3149 2437 45 33 sie
3213 2436 49 35 bis

2105 2491 103 34 dahin
2227 2492 35 33 in
2282 2491 79 34 aller
2380 2491 197 35 Seelenruhe
2597 2491 263 34 einzustreichen
2879 2491 166 47 gewohnt
3064 2503 84 22 war.

2183 2546 51 32 Im
2256 2543 171 48 Uebrigen
2454 2543 137 35 können
2617 2543 49 35 bis
2689 2547 78 43 jetzt
2790 2543 98 35 wohl
2914 2543 54 34 die
2994 2543 139 34 Früchte
3160 2541 103 35 dieser

2103 2596 220 48 Verbindung
2341 2597 152 48 weniger
2515 2597 51 33 ins
2586 2596 161 36 Gewicht
2770 2594 119 41 fallen,
2914 2595 47 35 als
2987 2595 54 35 die
3061 2594 122 36 Gröfse
3207 2595 55 35 des

2103 2649 118 40 Zieles,
2238 2649 76 34 dem
2330 2663 30 20 es
2377 2649 79 47 gilt;
2472 2649 54 35 die
2540 2649 233 47 Bezeichnung
2792 2648 97 35 selbst
2910 2648 77 34 aber
3001 2649 41 33 ist
3056 2649 206 47 wenigstens

2103 2701 75 35 klar
2193 2702 69 34 und
2277 2702 158 35 sachlich.
2468 2703 63 33 Die
2546 2701 114 35 früher
2674 2710 195 39 getrennten
2884 2700 70 36 und
2971 2700 101 36 brach
3085 2700 176 48 liegenden

2103 2754 171 35 Elemente
2288 2756 233 48 regruppieren
2536 2755 70 34 sich
2620 2755 36 34 in
2670 2755 52 34 ihr
2741 2755 69 34 und
2826 2754 53 35 die
2893 2754 120 35 Macht
3029 2754 55 34 der
3099 2754 164 34 Industrie

2103 2808 73 34 hält
2214 2809 46 33 sie
2291 2809 63 33 mit
2386 2807 146 35 starkem
2562 2807 92 35 Band
2691 2820 205 22 zusammen.
2943 2808 63 33 Die
3039 2808 158 33 zunächst
3225 2820 38 21 so

2103 2860 243 35 bezeichnende
2357 2860 305 49 Gleichgültigkeit
2676 2860 57 35 der
2743 2860 167 35 Industrie
2924 2872 107 35 gegen
3046 2859 79 35 alles
3136 2863 106 31 Künst-

2103 2913 138 34 lerische
2257 2912 76 36 aber
2347 2914 88 35 wird
2450 2927 65 21 nur
2528 2927 38 21 so
2585 2913 99 48 lange
2703 2912 138 42 dauern,
2862 2912 46 35 als
2924 2912 53 35 die
2992 2912 158 35 Künstler
3166 2912 97 35 selbst

2104 2965 64 35 den
2179 2966 143 35 Einflufs
2337 2966 212 42 mifsachten,
2561 2966 66 35 den
2639 2967 47 34 sie
2702 2966 106 35 durch
2822 2966 87 35 diese
2919 2966 186 48 gewinnen
3115 2965 148 36 werden.

2183 3018 89 35 Aber
2296 3020 46 34 sie
2366 3020 43 33 ist
2435 3019 60 43 da,
2524 3018 102 50 greift
2653 3020 120 33 immer
2797 3019 120 35 weiter
2944 3031 60 21 um
3032 3017 89 43 sich,
3151 3017 113 49 dringt

2103 3072 120 34 immer
2256 3070 96 36 tiefer
2384 3073 36 34 in
2448 3072 64 35 alle
2540 3072 138 36 Gebiete
2709 3072 54 35 des
2793 3070 281 49 Kunstgewerbes
3108 3071 53 34 ein
3194 3070 69 35 und

2104 3126 130 47 zwingt
2265 3126 63 40 sie,
2371 3126 171 35 entweder
2572 3126 72 34 sich
2684 3125 54 34 ihr
2775 3136 200 37 anzupassen
3008 3123 81 35 oder
3120 3137 41 21 zu
3192 3136 55 23 ver-

2104 3176 190 36 kümmern.
2339 3178 75 35 Ihre
2440 3191 86 22 neue
2550 3177 176 36 Aesthetik
2751 3176 138 37 verhilft
2914 3177 76 34 dem
3015 3178 98 33 einen
3132 3176 74 34 Teil
3225 3190 38 21 zu

2103 3229 159 36 frischem
2281 3230 241 49 Aufschwung
2549 3232 70 33 und
2648 3231 113 48 bringt
2787 3230 62 35 den
2876 3230 124 35 andern
3023 3243 76 20 zum
3118 3227 145 44 Verfall;

2103 3284 72 33 hier
2195 3286 196 45 Anregung,
2412 3284 76 35 dort
2508 3283 86 36 Gift.
2631 3285 65 34 Die
2710 3283 229 47 Vereinigung
2959 3283 88 39 aber,
3067 3282 54 34 die
3140 3283 45 33 sie
3205 3295 40 21 an-

2103 3336 118 41 bahnt,
2247 3337 89 34 wird
2355 3338 35 33 in
2409 3337 89 34 ihrer
2515 3336 178 49 Wirkung
2712 3336 63 34 den
2796 3335 314 48 augenblicklichen
3131 3335 134 34 Verlust

2105 3389 225 47 ausgleichen.
2368 3392 78 33 Nur
2465 3390 57 35 der
2541 3390 166 34 Dilettant
2725 3389 88 35 wird
2839 3388 140 35 darüber
3006 3387 134 49 klagen.
3177 3390 87 32 Wer

2103 3443 71 33 sich
2201 3441 74 36 aber
2299 3443 95 34 nicht
2420 3442 96 35 blind
2542 3443 208 35 einschwört
2775 3439 65 37 auf
2862 3442 74 44 das,
2966 3453 70 22 was
3063 3454 92 27 war,
3183 3439 81 35 oder

2103 3494 111 48 gleich
2240 3494 94 36 blind
2354 3495 77 35 dem
2451 3497 254 47 entgegentritt,
2729 3508 72 22 was
2820 3493 163 35 kommen
3002 3493 89 41 will,
3110 3493 88 35 wird
3218 3493 45 34 sie

2103 3547 91 35 ohne
2208 3548 136 34 weitere
2359 3551 125 32 Trauer
2503 3547 134 36 einfach
2653 3548 45 34 als
2717 3556 106 27 etwas
2838 3545 191 50 Gegebenes
3046 3546 216 36 hinnehmen.

2181 3603 119 32 Wenn
2322 3613 32 22 es
2380 3601 58 35 der
2456 3601 166 35 Industrie
2646 3601 123 47 jedoch
2787 3600 140 48 gelingt,
2954 3599 52 35 die
3026 3599 218 35 auseinander-

2103 3652 193 36 strebenden
2307 3656 128 32 Künste
2453 3654 128 35 wieder
2594 3667 40 22 zu
2647 3667 100 22 neuer
2757 3651 277 37 Einheitlichkeit
3053 3664 186 23 zusammen-
