3539 4572
1965 3865 214 42 254

864 535 56 34 der
957 533 241 48 geschilderten
1230 530 166 36 Zustände
1432 530 92 34 noch
1557 527 191 49 frappanter
1780 527 99 35 wird.
1935 529 84 31 Man

862 587 140 34 braucht
1027 586 93 34 nicht
1150 587 154 31 Interesse
1330 596 39 21 zu
1394 582 146 34 nehmen
1564 594 42 20 an
1633 580 76 34 dem
1733 579 159 35 Künstler
1915 582 79 32 Was-

862 653 101 21 mann
989 637 97 36 selbst
1113 638 68 33 und
1207 637 110 33 seinen
1344 633 222 36 Schicksalen.
1613 633 111 34 Allein
1752 632 55 34 das
1829 631 191 35 Stückchen

862 690 328 48 Kulturgeschichte,
1210 689 56 33 das
1282 688 75 34 dem
1373 691 94 31 Leser
1481 687 34 33 in
1531 686 103 34 dieser
1648 684 372 47 Lebensbeschreibung

860 758 40 22 zu
926 757 121 21 neuem
1073 741 108 35 Leben
1211 741 167 40 erwacht,
1406 740 98 34 lohnt
1531 738 162 35 reichlich
1719 737 52 34 die
1796 736 142 35 Lektüre
1965 737 55 34 des

861 797 143 38 Buches,
1035 795 56 34 das
1120 807 79 21 man
1227 794 67 34 wie
1324 793 96 34 einen
1445 795 135 32 Roman
1607 792 62 33 mit
1694 793 183 46 Spannung
1903 790 49 34 bis
1980 803 40 21 zu

861 849 90 35 Ende
971 849 83 34 liest.

940 904 191 32 Wasmann
1159 897 118 36 wurde
1309 898 93 45 1805
1435 897 35 34 in
1498 896 179 47 Hamburg
1711 896 156 47 geboren.
1925 896 93 34 Seine

860 954 217 46 Kinderjahre
1109 950 104 37 fallen
1244 951 62 34 mit
1339 951 57 32 der
1428 949 216 48 Hamburger
1675 948 254 36 Franzosenzeit
1962 962 39 21 zu-

859 1020 167 26 sammen,
1053 1005 97 34 deren
1174 1004 253 45 Erinnerungen
1451 1004 35 32 in
1510 1002 127 34 bunten
1667 1002 130 35 Bildern
1822 1001 197 48 aufsteigen.

859 1060 100 34 Nach
986 1058 136 34 kurzem
1150 1056 158 35 Studium
1336 1056 35 33 in
1400 1055 147 34 Dresden
1581 1054 112 49 bringt
1726 1068 33 21 er
1792 1055 53 34 ein
1876 1056 76 44 Jahr
1984 1056 36 33 in

858 1111 179 47 Hamburg
1052 1110 67 34 und
1135 1110 85 34 zwei
1235 1110 35 32 in
1282 1109 173 34 München
1472 1121 52 28 zu,
1543 1121 59 21 um
1618 1108 88 35 dann
1722 1109 86 32 eines
1825 1108 196 34 drohenden

858 1164 222 35 Brustleidens
1101 1162 115 35 halber
1236 1162 52 33 die
1307 1162 103 33 rauhe
1427 1160 80 35 Luft
1526 1161 57 34 der
1602 1161 197 47 bayrischen
1814 1161 207 34 Hochebene

858 1225 103 27 zuerst
980 1217 63 32 mit
1062 1216 76 33 dem
1159 1214 126 35 milden
1301 1214 173 46 Südtyrol,
1496 1215 56 33 das
1572 1215 60 34 ihn
1651 1214 125 35 damals
1793 1215 105 33 schon
1915 1214 106 34 durch

859 1270 51 35 die
931 1272 61 31 Art
1011 1269 54 34 des
1087 1268 124 34 Landes
1231 1268 69 33 und
1321 1267 56 34 der
1397 1270 103 31 Leute
1519 1266 167 49 gefangen
1705 1268 120 39 nahm,
1851 1267 72 34 und
1943 1266 77 35 bald

858 1321 125 36 darauf
997 1322 61 33 mit
1073 1324 90 31 Rom
1183 1334 40 21 zu
1243 1321 232 38 vertauschen,
1514 1319 109 36 lieber
1637 1321 69 34 vier
1719 1321 96 45 Jahre
1829 1319 193 35 verbrachte

858 1389 33 21 er
909 1376 35 33 in
964 1374 118 35 Italien
1103 1373 72 35 und
1202 1373 117 35 kehrte
1340 1373 45 34 als
1405 1374 180 34 Konvertit
1604 1375 87 33 nach
1712 1373 231 35 Deutschland
1964 1386 39 21 zu-

858 1427 95 41 rück,
975 1428 79 46 geht
1074 1427 86 34 nach
1180 1425 137 35 kurzem
1333 1425 202 35 Aufenthalt
1551 1427 35 33 in
1601 1427 175 34 München
1792 1425 129 36 wieder
1936 1427 86 33 nach

858 1479 191 47 Süd-Tyrol
1064 1479 69 34 und
1148 1479 103 35 findet
1268 1479 77 34 dort
1359 1479 94 34 nicht
1470 1479 99 35 allein
1582 1480 196 46 Milderung
1789 1479 68 35 und
1870 1479 153 47 Heilung

857 1534 102 34 seines
976 1532 231 40 Brustleidens,
1223 1531 144 35 sondern
1383 1533 83 38 eine,
1482 1546 102 20 wenn
1601 1533 86 34 auch
1703 1533 74 33 sehr
1793 1531 229 40 bescheidene,

857 1600 37 20 so
910 1586 88 34 doch
1014 1585 233 34 ausreichende
1263 1585 150 33 Existenz
1434 1585 44 34 als
1495 1585 236 35 Porträtmaler
1746 1584 69 35 und
1830 1585 192 35 -Zeichner.

856 1638 179 35 Trotzdem
1063 1639 190 33 vertauscht
1282 1651 32 21 er
1341 1639 91 33 noch
1460 1639 123 33 einmal
1612 1639 110 33 seinen
1749 1638 187 35 Wohnsitz
1966 1636 62 36 auf

858 1693 108 46 einige
992 1691 95 44 Jahre
1115 1691 62 33 mit
1196 1689 193 49 Hamburg,
1420 1690 97 35 kehrt
1547 1691 76 34 aber
1650 1693 48 32 im
1715 1692 96 44 Jahre
1837 1691 94 49 1846
1961 1691 62 33 mit

858 1744 55 34 der
943 1748 125 43 jungen
1098 1745 135 38 Gattin,
1267 1743 54 34 die
1350 1757 33 20 er
1409 1745 70 33 sich
1514 1745 76 33 dort
1618 1744 135 48 geholt,
1786 1743 127 35 wieder
1936 1743 87 35 nach

857 1800 117 31 Meran
994 1796 144 40 zurück,
1166 1809 60 21 um
1245 1795 54 35 für
1318 1797 121 33 immer
1458 1797 77 34 dort
1554 1810 40 21 zu
1613 1796 143 42 bleiben,
1781 1810 60 21 wo
1862 1809 33 21 er
1916 1796 48 34 bis
1984 1810 40 21 zu

854 1851 124 33 seinem
1004 1850 95 34 Tode
1126 1850 35 33 in
1186 1850 63 34 den
1278 1849 149 35 denkbar
1451 1848 209 36 einfachsten
1684 1849 266 41 Verhältnissen,
1977 1850 45 34 als

856 1902 262 48 Heiligenmaler
1138 1902 69 34 und
1228 1902 256 34 Zeichenlehrer
1510 1903 125 47 thätig,
1664 1903 154 34 wohnte.
1856 1904 80 32 Nur
1956 1916 67 21 von

854 1957 110 33 einem
992 1969 84 34 ganz
1106 1954 124 35 kurzen
1256 1956 127 33 Besuch
1412 1956 33 33 in
1467 1956 179 48 Hamburg
1675 1955 134 49 (1849)
1830 1956 108 34 hören
1959 1956 66 34 wir

853 2010 91 33 noch
963 2010 35 33 in
1018 2008 76 34 dem
1114 2008 213 47 Tagebuche,
1355 2008 56 34 das
1432 2009 63 33 mit
1515 2008 125 35 diesem
1660 2008 158 36 schliefst.
1857 2010 38 32 In
1915 2009 109 34 einem

854 2061 124 35 kurzen
997 2061 133 48 Epilog,
1159 2061 167 34 Personal-
1347 2060 69 35 und
1439 2063 174 33 Ortsnotiz
1632 2060 208 41 enthaltend,
1862 2061 111 48 klingt
1993 2075 30 21 es

2129 539 68 21 aus.
2237 526 107 41 „Hier
2371 526 105 34 enden
2505 526 53 35 die
2578 526 301 50 Aufzeichnungen
2900 532 219 43 Wasmanns;
3145 548 32 21 er
3203 536 86 35 starb

2128 592 55 21 am
2210 592 54 21 10.
2281 580 73 33 Mai
2382 580 92 34 1886
2497 580 34 33 in
2551 583 156 32 Meran.“

2208 632 76 33 Dies
2305 632 42 33 ist
2367 632 32 34 in
2422 632 64 34 den
2502 632 255 35 allerkürzesten
2773 637 116 44 Zügen
2905 634 56 34 das
2984 638 202 35 curriculum
3205 642 85 34 vitae

2128 685 54 34 des
2203 685 189 40 Künstlers,
2422 685 57 34 der
2497 687 95 33 nicht
2611 696 107 31 etwa,
2747 687 66 35 wie
2838 701 80 20 man
2938 698 107 24 zuerst
3065 692 226 36 anzunehmen

2128 738 135 48 geneigt
2277 738 53 40 ist,
2347 738 99 35 allein
2463 739 107 34 durch
2584 738 190 36 Krankheit
2789 740 67 34 und
2869 742 75 32 Not
2959 741 188 35 verhindert
3163 746 127 40 wurde,

2128 793 57 32 das
2210 790 111 48 grofse
2346 791 71 34 Ziel
2444 805 40 21 zu
2512 792 185 42 erreichen,
2719 793 56 34 das
2803 793 54 34 die
2881 793 236 47 vorliegenden
3137 795 153 37 Arbeiten

2128 842 195 37 verheifsen.
2363 847 67 31 Der
2453 845 139 40 Grund,
2616 846 154 34 weshalb
2797 859 33 21 er
2856 846 222 35 künstlerisch
3107 848 90 34 nicht
3217 850 77 34 über

2128 898 89 33 seine
2235 897 279 46 Jugendarbeiten
2540 897 204 36 hinauskam
2770 898 70 36 und
2859 899 152 35 weshalb
3031 900 111 34 seinen
3159 903 136 33 Namen

2127 951 95 33 nicht
2258 950 56 34 der
2346 952 117 33 Ruhm
2501 951 193 48 begleitete,
2737 952 64 34 den
2839 966 33 21 er
2909 952 93 35 mehr
3039 954 67 33 wie
3144 955 151 39 manche,

2128 1003 53 34 die
2218 1003 60 33 ihn
2312 1011 160 33 ernteten,
2507 1004 181 40 verdiente,
2726 1005 89 34 wird
2849 1006 109 34 einem
2991 1006 54 34 bei
3071 1006 57 33 der
3154 1006 142 35 Lektüre

2128 1056 54 34 des
2217 1056 127 34 Buches
2382 1056 238 35 vollkommen
2658 1057 84 36 klar.
2794 1061 66 32 Der
2897 1072 102 34 ganze
3027 1061 193 33 Wasmann
3257 1060 41 33 ist

2128 1109 160 47 geradezu
2319 1110 132 46 typisch
2482 1109 56 35 für
2570 1110 53 34 die
2657 1112 207 34 Generation
2898 1125 82 21 vom
3012 1113 96 44 Jahre
3142 1114 89 34 1820
3264 1114 35 33 in

2131 1162 251 40 Deutschland,
2411 1163 34 33 in
2475 1163 57 34 der
2558 1163 53 34 die
2639 1165 226 34 romantische
2893 1168 198 45 Bewegung
3119 1165 179 48 ausklang.

2131 1215 209 34 Aesthetisch
2361 1216 68 33 und
2450 1215 121 35 ebenso
2592 1216 129 35 ethisch
2740 1217 305 43 hochentwickelt,
3065 1218 114 35 fehlen
3195 1220 105 33 seiner

2130 1268 154 33 allzuzart
2317 1268 180 35 besaiteten
2524 1272 112 32 Natur
2668 1270 90 35 doch
2791 1270 54 34 die
2878 1270 224 49 Ellenbogen,
3136 1286 58 20 um
3228 1273 71 34 sich

2130 1321 151 47 Geltung
2306 1334 40 21 zu
2373 1321 216 36 verschaffen.
2635 1324 63 33 Die
2718 1324 152 47 Anlagen
2898 1325 104 33 seines
3024 1326 173 46 Ehrgeizes
3225 1325 73 34 sind

2130 1375 161 33 schwach
2312 1373 207 36 entwickelt.
2558 1377 62 32 Die
2648 1376 155 47 religiöse
2828 1379 213 46 Bewegung,
3069 1378 53 35 die
3149 1377 133 35 künstle-

2130 1427 87 34 risch
2236 1430 95 43 jenen
2346 1428 119 44 Jahren
2483 1429 34 33 in
2533 1429 230 34 Deutschland
2780 1430 160 46 geradezu
2958 1430 56 35 das
3031 1434 151 46 Gepräge
3198 1432 102 47 giebt,

2131 1477 80 37 fafst
2237 1480 60 34 ihn
2325 1480 69 34 und
2420 1482 115 33 macht
2562 1495 58 20 aus
2641 1482 76 34 dem
2737 1482 271 42 „Goethianer“,
3036 1484 68 35 wie
3124 1498 33 21 er
3177 1486 71 33 sich
3267 1485 33 33 in

2131 1536 149 45 späteren
2306 1534 119 44 Jahren
2451 1535 94 33 nicht
2573 1536 89 33 ohne
2686 1536 165 46 gewissen
2876 1537 139 46 reuigen
3039 1537 260 47 Beigeschmack

2130 1594 116 31 nennt,
2257 1587 400 35 einenßomantikerund
2670 1587 629 39 schliefslichnachseinerKonversion

2132 1639 97 34 einen
2248 1639 297 49 strenggläubigen
2565 1641 219 35 Katholiken.
2843 1642 99 34 Doch
2962 1642 174 35 bedeutete
3158 1644 66 33 dies
3248 1643 52 35 bei

2131 1691 72 34 ihm
2229 1692 111 40 nicht,
2368 1693 68 34 wie
2464 1693 52 34 bei
2542 1694 108 34 vielen
2678 1695 134 40 andern,
2834 1695 52 33 ein
2907 1696 131 40 Mittel,
3065 1710 59 20 um
3152 1697 70 34 sich
3241 1710 58 21 aus

2132 1744 57 34 der
2215 1745 207 35 nüchternen
2442 1746 215 48 Alltagswelt
2683 1747 174 35 künstlich
2883 1749 35 33 in
2944 1749 52 34 die
3020 1748 199 35 Phantastik
3243 1749 56 34 des

2132 1797 213 35 Mittelalters
2367 1799 126 34 zurück
2513 1813 41 21 zu
2574 1809 182 32 versetzen,
2784 1801 146 34 sondern
2955 1802 73 34 ihm
3048 1803 87 34 wird
3156 1803 52 33 die
3229 1803 48 34 Ab-

2131 1851 176 47 wendung
2337 1864 68 22 von
2425 1852 100 34 allem
2553 1853 186 41 Irdischen,
2761 1854 195 34 Sinnlichen
2976 1855 197 35 allmählich
3194 1855 85 35 buch-

2131 1903 181 35 stäblicher
2339 1907 107 33 Ernst.
2493 1908 198 32 Interessant
2726 1908 42 32 ist
2801 1907 57 34 das
2899 1921 40 20 zu
2968 1907 230 42 beobachten,
3231 1909 69 34 wie

2133 1957 102 33 dieses
2255 1956 297 36 lebensfeindliche
2573 1959 127 49 Prinzip
2725 1960 36 34 in
2787 1960 71 34 ihm
2884 1961 63 34 mit
2970 1962 104 34 seiner
3093 1963 48 33 im
3161 1962 138 35 Grunde

2133 2010 171 47 gesunden
2324 2011 70 33 und
2415 2010 298 50 sinnenfreudigen
2728 2015 113 32 Natur
2860 2013 134 49 kämpft
3010 2014 68 34 und
3094 2014 205 36 schliefslich

2133 2063 53 34 die
2208 2062 184 36 Oberhand
2411 2065 165 45 gewinnt.

1099 3677 242 17 PORTRÄTZEICHNUNG

899 3676 36 14 FR.
951 3676 131 19 WASMANN

2993 3680 250 17 PORTRÄTZEICHNUNG

2788 3683 36 13 FR.
2838 3681 133 18 WASMANN
