3667 4572
2085 3889 211 41 212

1923 1184 196 64 DER
2167 1181 263 64 HELD

2022 1346 311 35 ERZAEHLUNG

2147 1450 70 22 VON

1844 1530 296 39 WILHELM
2177 1524 342 42 HOLZAMER

1039 1742 81 38 Der
1150 1738 255 40 Ochsenwirt
1438 1750 49 25 zu
1517 1734 220 40 Schafbach
1769 1734 105 38 hatte
1905 1733 64 37 ein
1997 1730 102 39 Preis-

960 1802 140 52 kegeln
1128 1800 337 53 ausgeschrieben.
1513 1798 155 46 „Erster
1688 1795 120 39 Preis:
1839 1794 85 38 eine
1952 1793 169 51 goldene

960 1865 98 46 Uhr,
1079 1862 161 40 zweiter
1261 1861 121 38 Preis:
1403 1860 64 38 ein
1487 1858 247 52 Regulateur,
1756 1856 138 39 dritter
1912 1855 120 38 Preis:
2060 1854 62 38 ein

962 1926 235 39 Revolver.“

1040 1988 51 37 Er
1126 1987 105 37 hatte
1268 1983 120 39 damit
1421 1983 62 38 die
1519 1994 123 38 ganze
1672 1979 172 52 Gegend
1877 1979 42 37 in
1947 1976 175 40 Aufruhr

964 2048 198 52 gebracht.
1226 2047 51 37 So
1312 2046 106 38 hohe
1451 2044 144 45 Preise,
1633 2042 66 39 das
1734 2054 79 25 war
1848 2041 34 49 ja
1915 2040 208 38 unerhört!

964 2110 223 51 Allerdings
1230 2121 80 25 war
1353 2107 98 38 auch
1488 2105 71 38 der
1595 2103 157 39 Einsatz
1789 2102 179 39 ziemlich
2008 2102 114 38 hoch.

964 2172 109 39 Aber
1103 2171 64 38 das
1195 2183 80 25 war
1303 2170 36 50 ja
1367 2167 202 39 natürlich.

1042 2235 84 36 Der
1155 2231 255 39 Ochsenwirt
1439 2229 125 38 lachte
1594 2227 81 38 sich
1703 2227 58 38 ins
1790 2226 229 38 Fäustchen.
2074 2225 51 37 Er

965 2296 105 39 hatte
1101 2309 39 24 es
1170 2305 69 40 gut
1267 2292 179 52 gemacht
1479 2289 169 39 diesmal.
1701 2289 75 37 Die
1812 2300 121 38 ganze
1961 2286 165 38 Woche

965 2369 80 26 war
1074 2356 85 38 sein
1187 2354 123 38 Lokal
1338 2353 117 50 jeden
1483 2350 150 40 Abend
1663 2349 176 52 gestopft
1867 2348 92 39 voll.
2009 2347 119 48 Jeder

965 2418 137 38 wollte
1124 2416 62 39 die
1206 2415 128 38 Preise
1355 2415 134 38 sehen.
1532 2413 49 37 Es
1602 2425 78 25 war
1700 2413 32 47 ja
1751 2410 110 39 nicht
1880 2422 49 26 zu
1949 2409 178 51 glauben,

967 2493 47 26 so
1044 2479 105 38 hohe
1178 2477 144 39 Preise!
1379 2475 96 39 Und
1505 2485 79 28 erst
1613 2487 60 24 am
1698 2473 190 49 Sonntag!
1943 2472 59 37 Da
2029 2482 99 26 wars

968 2540 63 39 ein
1065 2538 209 40 Geschäft!
1336 2538 100 37 Von
1470 2535 250 40 Latzenbach
1757 2534 139 37 kamen
1935 2532 71 46 sie,
2048 2543 81 26 von

967 2601 197 46 Werden,
1194 2613 83 26 von
1305 2597 252 47 Bellenbach,
1593 2609 84 26 von
1705 2594 242 46 Sundsbach,
1981 2594 34 50 ja
2049 2605 82 25 von

968 2662 218 46 Hatzbach,
1216 2674 97 38 ganz
1343 2660 154 38 drüben
1525 2658 173 39 hinterm
1722 2656 188 49 Gebirge,
1938 2653 82 39 und
2049 2666 82 25 von

968 2724 159 39 Weilau
1152 2723 83 39 und
1254 2723 222 45 Buchenau,
1507 2733 97 38 ganz
1623 2719 173 38 drunten
1820 2717 53 38 im
1892 2716 115 47 Thal,
2030 2712 101 49 fünf,

971 2785 109 39 sechs
1110 2784 177 40 Stunden
1315 2784 139 49 Wegs.

1051 2848 50 37 Er
1130 2848 105 36 hatte
1265 2859 39 24 es
1334 2844 93 39 dem
1447 2843 207 38 Sternwirt
1686 2855 91 25 zum
1797 2842 151 49 Aerger
1978 2839 153 51 gethan.

971 2909 178 38 Darüber
1178 2909 151 37 konnte
1359 2906 69 38 der
1456 2905 121 39 nicht.
1624 2904 49 38 Es
1699 2916 81 25 war
1800 2902 63 38 für
1885 2901 62 38 die
1965 2900 147 51 Pfingst-

971 2970 134 47 musik,
1135 2970 62 38 die
1226 2969 70 38 der
1324 2968 82 38 ihm
1434 2968 244 50 abgespannt
1706 2964 119 39 hatte.

1050 3034 128 45 „Dem
1207 3032 153 39 hewwe
1390 3043 84 25 mer
1504 3028 104 38 emol
1717 3026 59 46 ha,
1806 3026 57 46 ha,
1893 3025 60 39 ha!

1049 3095 31 36 E
1110 3093 183 52 Schoppe
1322 3092 118 46 noch,
1470 3091 184 38 Hannes?
1747 3101 55 24 un
1830 3086 60 39 Sie
1907 3086 99 38 auch
2026 3084 109 39 noch

972 3170 58 32 an,
1059 3156 107 37 Herr
1194 3154 218 38 Nochber?
1521 3153 65 37 Na
1675 3163 56 24 un
1757 3148 84 39 sein
1865 3149 46 36 Se
1936 3147 49 38 de
2006 3147 102 38 Sunn-

973 3217 71 50 dag
1079 3217 92 37 aach
1205 3215 137 38 debei?
1460 3214 75 38 Die
1569 3213 125 37 schön
1723 3209 186 53 guldenig
1943 3209 101 38 Uhr!

974 3279 65 36 Do
1069 3278 122 50 gucke
1221 3278 47 36 Se
1298 3290 75 24 nor
1403 3275 123 39 emol!

1053 3340 132 37 Prost!
1216 3338 202 39 behumms
1447 3337 138 38 Ihne!“
1614 3356 51 6 —-

1054 3401 48 37 Es
1131 3414 80 25 war
1241 3412 79 26 erst
1348 3398 217 39 Mittwoch
1592 3398 106 45 heut,
1734 3397 93 37 aber
1855 3394 69 38 der
1953 3394 156 38 Ochsen-

976 3461 89 38 wirt
1104 3461 201 38 animierte
1344 3461 126 38 schon
1507 3459 164 51 tüchtig.
1741 3458 50 37 Er
1830 3469 80 26 war
1949 3456 64 37 ein
2053 3455 56 38 Ge-

977 3522 275 39 schäftsmann.
1324 3523 163 46 „Wann
1530 3533 83 26 mer
1657 3520 123 37 Wert
1820 3518 48 47 is,
1910 3515 101 40 mufs
2053 3528 83 26 mer

977 3584 122 38 Wert
1127 3584 124 38 sein!“
1280 3597 81 25 war
1391 3583 83 38 sein
1503 3584 137 36 Wort.
1697 3580 95 38 Und
1828 3579 110 38 darin
1971 3579 58 50 lag
2056 3577 80 38 ihm

979 3644 69 38 alle
1082 3645 182 50 Klugheit
1300 3645 82 38 und
1417 3642 371 46 Geschicklichkeit,
1827 3641 68 38 alle
1933 3639 83 39 List
2053 3638 83 38 und

979 3706 352 39 Verschmitztheit
1361 3706 50 38 als
1440 3706 128 37 Recht
1596 3704 83 38 und
1708 3703 96 38 Sinn
1832 3702 68 38 des
1929 3701 167 38 Lebens.

2309 1727 88 38 Eins
2426 1739 81 25 war
2536 1725 147 46 dumm,
2714 1722 82 40 dafs
2825 1722 80 39 ihm
2933 1723 97 50 jetzt
3058 1722 92 51 grad
3241 1735 38 24 es
3310 1734 79 25 war

2229 1804 59 23 am
2328 1790 251 48 Donnerstag
2615 1785 257 50 Nachmittag
3003 1783 109 38 seine
3152 1783 142 47 „Alte“
3330 1782 59 38 ins

2229 1850 192 39 Kindbett
2449 1850 188 37 kommen
2679 1846 154 39 mufste.
2925 1846 121 46 Wer,
3074 1844 173 47 Deiwel,
3277 1843 114 38 sollte

2231 1913 63 38 die
2333 1910 141 40 Arbeit
2510 1910 46 38 all
2592 1908 173 39 schaffen
2801 1922 60 24 am
2891 1908 190 49 Sonntag!
3137 1907 59 37 Da
3224 1904 98 39 hiefs
3352 1917 39 25 es

2230 1974 120 39 Beine
2389 1973 175 45 machen,
2682 1982 117 27 unter
2827 1968 252 40 Umständen
3112 1968 100 38 auch
3243 1968 149 36 Fäuste.

2233 2037 90 37 Vor
2342 2035 101 38 allen
2462 2034 158 50 Dingen
2639 2033 108 37 aber:
2768 2030 120 40 Hand
2907 2044 49 25 zu
2976 2030 82 39 und
3079 2030 145 50 Augen
3243 2026 78 40 auf!

2313 2097 110 38 Aber
2452 2095 69 38 der
2549 2096 115 37 Peter
2692 2093 117 38 Knoll
2846 2105 78 26 war
2953 2092 64 38 ein
3046 2089 347 40 Geschäftsmann.

2233 2159 164 47 „Wann
2424 2170 85 25 mer
2535 2157 123 37 Wert
2685 2156 43 46 is,
2757 2154 101 40 mufs
2888 2168 83 24 mer
2999 2154 124 37 Wert
3151 2151 124 39 sein!“

2314 2221 50 37 Er
2406 2218 85 40 liefs
2530 2216 239 40 ausschellen
2810 2216 83 38 und
2930 2216 59 37 ins
3032 2213 363 49 „Kreisblättchen“

2236 2294 147 34 setzen,
2413 2281 82 38 dafs
2525 2280 65 38 das
2610 2279 151 51 Kegeln
2789 2277 70 39 auf
2881 2277 78 38 den
2980 2277 176 49 Sonntag
3176 2274 119 39 drauf
3308 2287 66 26 ver-

2236 2343 177 39 schoben
2455 2342 53 38 sei
2633 2340 95 47 „auf
2757 2339 190 39 Wunsch
2989 2337 120 39 vieler
3147 2337 142 50 Kegler
3331 2349 64 24 aus

2236 2404 116 39 Schaf
2357 2404 97 37 bach
2481 2402 81 39 und
2593 2401 260 51 Umgegend“
2961 2399 83 38 und
3072 2397 83 39 dafs
3186 2397 62 39 die
3267 2396 130 39 Preise

2234 2465 55 39 im
2317 2463 162 53 grofsen
2509 2463 80 39 Saal
2616 2476 116 34 „zum
2763 2463 187 37 Ochsen“
2980 2460 222 51 ausgestellt
3231 2459 166 39 blieben.

2318 2528 76 36 Das
2423 2525 71 52 gab
2519 2526 164 50 Aerger.
2731 2525 77 37 Das
2837 2523 223 38 vermehrte
3090 2522 90 37 aber
3210 2520 98 38 auch
3336 2519 62 38 die

2237 2589 132 38 Hitze.
2420 2588 119 47 Jeder
2568 2599 78 26 war
2673 2587 97 50 jetzt
2795 2583 251 53 ungeduldig.
3103 2583 82 37 Der
3215 2581 158 39 Ochsen-

2237 2650 91 40 wirt
2365 2649 142 39 wufste
2547 2650 83 45 das,
2670 2661 41 25 er
2747 2646 186 40 verstand
2976 2645 84 38 sein
3089 2643 205 40 Geschäft.
3351 2643 50 37 Er

2239 2712 145 38 kannte
2411 2710 92 39 aber
2533 2710 97 39 auch
2664 2708 108 39 seine
2801 2709 137 37 Leute.
2991 2706 118 48 Jeder
3147 2705 106 39 hatte
3290 2705 35 50 ja
3361 2704 42 38 in

2239 2773 224 38 Gedanken
2491 2773 127 38 schon
2646 2770 63 38 die
2739 2770 146 51 goldne
2905 2769 87 39 Uhr
3020 2768 42 38 in
3086 2768 70 38 der
3175 2767 157 38 Tasche

2239 2835 99 38 oder
2368 2834 79 38 den
2476 2833 235 51 Regulateur
2741 2846 50 24 an
2820 2831 69 38 der
2909 2829 140 39 Wand
3140 2829 97 37 oder
3257 2827 122 52 wenig-

2239 2908 107 27 stens
2374 2895 143 38 knallte
2547 2908 42 25 er
2617 2895 126 37 schon
2772 2892 71 39 mit
2871 2891 90 39 dem
2991 2891 210 38 Revolver.

2319 2959 82 37 Der
2422 2956 259 40 Ochsenwirt
2709 2956 107 38 hatte
2845 2967 44 25 so
2909 2953 107 38 noch
3036 2952 140 39 einmal
3196 2965 60 24 am
3277 2951 102 37 Sonn-

2240 3032 63 39 tag
2342 3019 66 38 ein
2446 3018 278 39 vollbesetztes
2763 3015 121 38 Lokal
2923 3014 85 38 und
3050 3014 65 37 das
3151 3013 108 38 Haus
3297 3011 108 48 „voll

2240 3081 181 52 Disput“,
2448 3079 132 39 wobei
2610 3092 41 25 er
2685 3076 126 54 tapfer
2841 3076 268 39 ausschenken
3145 3076 162 36 konnte.
3353 3074 51 37 Er

2240 3144 107 38 hatte
2383 3142 160 48 „seinen
2573 3140 175 39 Schnitt“
2784 3138 144 39 bereits
2963 3137 190 51 gemacht.
3215 3135 85 48 „Ja,
3337 3135 66 38 das

2242 3203 195 40 Geschäft
2465 3202 103 39 mufs
2597 3216 89 24 man
2715 3201 253 39 verstehen!“
3024 3199 50 37 Er
3102 3199 107 37 hatte
3239 3197 165 39 beinahe

2242 3267 62 38 die
2340 3265 129 39 Preise
2506 3265 126 38 schon
2665 3263 148 38 wieder
2847 3260 190 40 verdient.
3101 3261 122 36 Denn
3256 3258 149 39 wieder

2242 3342 133 26 waren
2394 3329 54 37 sie
2469 3328 247 51 gekommen,
2737 3338 82 26 von
2838 3322 252 39 Latzenbach
3108 3321 83 38 und
3206 3319 199 46 Werden,

2242 3403 84 26 von
2354 3389 235 38 Bellenbach
2615 3387 85 39 und
2728 3384 242 47 Sundsbach,
3002 3384 34 50 ja
3072 3396 86 25 von
3185 3380 219 46 Hatzbach,

2242 3465 85 26 von
2354 3451 160 38 Weilau
2542 3449 83 39 und
2653 3449 211 37 Buchenau
2893 3459 124 38 sogar.
3062 3445 50 38 Es
3142 3457 80 26 war
3248 3444 35 50 ja
3302 3456 103 34 „was

2243 3512 285 46 Unerhörtes“,
2556 3511 113 38 kaum
2697 3523 49 25 zu
2771 3508 175 52 glauben.
2985 3507 56 37 So
3062 3506 104 38 hohe
3187 3505 146 37 Preise!

2322 3575 96 38 Man
2454 3574 106 38 hatte
2590 3572 89 47 „das
2709 3569 336 40 Kreisblättchen“
3074 3566 160 39 dreimal
3263 3565 119 39 durch-

2244 3636 167 38 studiert
2437 3635 84 38 und
2556 3634 130 52 jedem
2714 3632 181 39 Schellen
2933 3643 124 38 genau
3091 3629 208 51 zugehört,
3333 3627 72 38 obs

2245 3697 111 39 nicht
2395 3697 148 38 wieder
2590 3696 86 38 eine
2719 3692 303 51 Verschiebung
3071 3690 178 52 gegeben
3293 3689 112 38 habe.

1943 1002 184 15 WANDMALEREI
2141 999 114 21 (HERBST)

1687 1006 49 15 MAX
1751 1004 172 17 LIEBERMANN
