3640 4572
1374 3860 209 40 219

322 553 95 47 „Ha,
451 553 86 37 ha!“
571 563 103 39 sagte
711 565 51 25 er.
818 552 129 47 „Jetzt
981 553 103 51 gilts!
1139 555 111 37 Aber
1285 555 108 39 offen

245 615 80 39 und
346 613 155 46 ehrlich,
522 611 109 40 Kraft
651 625 125 38 gegen
796 612 119 39 Kraft.
957 614 69 37 Ein
1046 613 147 48 Schuft,
1222 616 70 38 der
1312 616 81 39 sich

245 676 79 39 sein
352 673 196 39 Mädchen
576 673 171 38 nehmen
774 673 98 39 läfst.
928 675 97 37 Nun
1055 689 81 24 wer
1173 676 215 51 gewinnt!“

321 736 123 37 Rasch
471 734 105 39 hatte
606 746 41 24 er
675 733 62 38 die
766 734 119 38 Anna
915 734 130 39 hinter
1074 736 81 39 sich
1184 736 70 39 auf
1276 738 117 38 einen

245 797 171 39 sicheren
444 795 103 38 Platz
576 806 162 38 gesetzt.

318 858 99 37 Nun
445 855 111 38 stand
586 868 41 25 er
655 868 90 25 zum
774 856 165 52 Kampfe
969 857 136 39 bereit.

319 916 120 48 „Hier
468 916 108 38 stehe
604 916 64 38 ich
774 917 164 39 allons!“
967 931 105 38 sagte
1102 933 53 25 er.

319 978 70 36 Ein
416 976 179 38 Italiener
630 989 78 25 war
737 977 123 39 schon
894 980 164 51 gepackt
1091 981 177 39 worden.
1312 983 81 37 Der

240 1039 94 39 habe
364 1038 62 37 das
455 1038 150 37 Messer
633 1037 216 50 geworfen.
905 1040 81 37 Der
1005 1040 280 41 Polizeidiener
1312 1056 81 25 war

243 1098 239 40 dazwischen
508 1111 247 39 gesprungen
863 1114 42 24 er
933 1115 79 24 war
1040 1103 200 38 machtlos.
1296 1105 97 38 Von

241 1160 94 38 allen
377 1159 132 38 Seiten
546 1171 155 26 sausten
738 1160 61 38 die
837 1161 144 39 Hiebe.
1046 1164 154 47 Stöcke,
1240 1165 152 47 Gläser,

240 1221 146 38 Fäuste.
442 1219 107 38 Alles
578 1220 90 50 ging
698 1221 125 39 schon
852 1222 163 39 drunter
1044 1225 82 37 und
1156 1225 155 40 drüber.

315 1280 219 47 „Ehrlich!“
553 1281 79 38 rief
647 1281 69 38 der
726 1282 109 48 Jean,
851 1283 134 47 „Kraft
1000 1298 126 38 gegen
1141 1286 120 48 Kraft,
1282 1287 109 39 nicht

241 1342 62 38 das
330 1343 167 36 Messer!
554 1341 72 38 Ein
654 1341 122 52 feiger
804 1343 149 47 Schuft,
982 1359 83 25 wer
1094 1347 159 38 sticht!“

317 1403 85 36 Vor
430 1401 80 40 ihm
537 1416 147 37 rangen
711 1404 72 47 sie,
810 1404 41 38 in
880 1405 129 39 einem
1043 1408 160 38 solchen
1234 1409 129 39 Durch-

238 1463 191 46 einander,
457 1463 82 38 dafs
560 1464 155 37 Freund
745 1465 97 38 oder
861 1467 123 38 Feind
1014 1469 152 38 schwer
1187 1483 48 25 zu
1254 1481 114 27 unter-

237 1523 179 39 scheiden
445 1537 90 25 war.
591 1526 97 37 Nun
716 1540 142 38 sprang
886 1528 69 38 der
970 1529 95 47 Jean
1088 1529 142 39 hinein.
1286 1532 103 38 Wer

240 1598 78 25 von
337 1585 77 37 ihm
437 1585 163 52 gepackt
619 1587 148 47 wurde,
787 1587 74 47 fiel,
882 1588 78 39 den
979 1590 157 38 Freund
1156 1590 163 41 befreite
1335 1606 52 34 er,

237 1645 80 39 half
329 1646 89 46 ihm,
441 1646 79 38 den
534 1647 233 39 Verletzten
782 1648 66 39 rifs
870 1663 41 25 er
930 1651 148 38 heraus.
1116 1653 123 38 Keine
1254 1654 133 37 Waife

237 1707 100 38 hatte
358 1720 53 34 er,
431 1707 106 38 seine
552 1708 124 47 Faust,
694 1709 82 38 sein
792 1712 144 38 starker
950 1713 101 37 Arm
1073 1717 201 48 genügten
1294 1715 91 39 ihm.

312 1769 81 37 Der
435 1769 270 39 verschmähte
740 1771 218 40 Liebhaber
1000 1774 172 53 kämpfte
1209 1777 175 40 wütend.

236 1830 48 36 Er
311 1830 134 38 suchte
475 1843 47 24 an
550 1830 78 38 den
651 1831 97 48 Jean
775 1833 367 40 heranzukommen.

310 1891 94 38 Und
432 1892 97 37 auch
559 1891 90 38 dem
672 1893 95 46 Jean
798 1907 94 24 wars
921 1896 121 38 recht.

306 1951 104 47 Jetzt
437 1952 106 38 hatte
573 1964 42 26 er
642 1953 96 37 freie
766 1954 118 38 Bahn.

311 2012 112 46 „Ach
453 2013 147 38 Gott!“
629 2014 124 37 schrie
783 2015 62 37 die
875 2016 127 39 Anna.

311 2072 56 38 Sie
397 2072 153 49 wufste,
578 2075 95 49 jetzt
702 2076 109 50 gings
841 2076 69 39 auf
931 2078 137 38 Leben
1095 2079 83 38 und
1207 2080 108 38 Tod.

312 2135 79 37 Der
419 2135 178 38 Italiener
625 2136 64 38 fiel
722 2137 78 38 den
823 2138 94 47 Jean
953 2152 57 24 an.
1065 2140 83 37 Der
1181 2154 78 24 war
1294 2142 91 38 aber

233 2193 145 52 gefafst.
433 2196 164 50 Kragen,
625 2198 123 46 Rock,
778 2199 58 37 W
840 2211 92 34 este,
962 2200 134 39 Hemd
1120 2202 166 38 wurden
1305 2203 78 39 ihm

235 2268 71 25 nur
332 2255 248 52 aufgerissen.

308 2317 98 38 Nun
433 2318 176 53 kämpfte
638 2333 41 24 er
708 2320 71 38 mit
805 2320 119 40 freier
952 2324 126 37 Brust.

308 2378 50 37 Er
393 2380 138 50 packte
565 2380 78 38 den
678 2382 164 50 Gegner
875 2396 45 24 an
954 2384 78 37 den
1061 2385 162 38 Armen.
1286 2385 96 38 Wie

233 2438 221 52 Eisenringe
487 2441 103 50 legte
627 2455 41 24 er
703 2443 106 38 seine
844 2443 139 52 Finger
1018 2458 67 25 um
1120 2446 68 38 des
1216 2446 164 38 Feindes

231 2500 190 38 Muskeln.
477 2503 50 37 Er
556 2502 162 40 drückte
746 2504 81 38 ihm
857 2505 62 38 die
939 2506 123 38 Arme
1087 2506 40 38 in
1156 2507 62 38 die
1239 2508 140 38 Seiten.

236 2561 75 37 Der
339 2562 179 39 Italiener
545 2564 178 39 keuchte.

310 2623 175 52 Anfangs
524 2624 152 40 leistete
717 2638 41 26 er
786 2627 273 39 Widerstand.
1121 2629 89 38 Auf
1242 2630 138 38 einmal

234 2683 102 38 ward
365 2697 42 24 er
442 2685 189 52 geringer.
687 2687 110 37 Aber
829 2688 69 38 der
924 2689 95 46 Jean
1047 2703 80 25 war
1154 2690 224 52 vorsichtig.

231 2743 72 38 Die
339 2744 109 40 Kraft
485 2746 67 38 des
582 2747 182 51 Gegners
795 2749 148 38 konnte
980 2751 33 49 ja
1051 2751 106 38 noch
1184 2752 109 39 nicht
1321 2766 40 25 er-

232 2805 154 52 schöpft
413 2808 91 37 sein.

307 2867 185 40 Plötzlich
520 2869 189 40 schnellte
739 2884 42 25 er
810 2871 107 38 denn
946 2872 96 39 auch
1072 2872 72 47 auf,
1174 2874 77 38 den
1274 2874 106 47 Jean,

231 2925 76 40 den
335 2941 41 24 er
404 2929 261 52 siegesgewifs
694 2932 169 46 wähnte,
894 2945 49 26 zu
971 2933 161 39 werfen.

308 2989 108 38 Aber
445 2991 70 38 der
542 2992 107 38 hatte
676 2992 67 39 ihn
770 2993 125 38 schon
916 3007 48 24 an
985 2994 70 38 der
1074 2995 122 39 Kehle
1218 2998 163 51 gepackt

230 3048 77 38 und
349 3054 413 50 zusammengerissen,
805 3054 82 38 dafs
932 3068 42 25 er
1018 3055 80 39 sich
1134 3058 246 51 überschlug.

308 3111 220 45 „Hurrahl“
557 3114 168 38 schrie’s.
781 3116 106 47 „Der
910 3116 97 47 Jean
1042 3117 73 39 hot
1143 3121 237 47 gewunne!“

1578 558 82 37 Der
1688 558 177 39 Italiener
1904 560 155 38 bäumte
2089 559 83 38 sich
2201 559 72 38 auf.
2330 560 82 37 Der
2436 560 94 46 Jean
2559 560 95 39 hielt

1498 618 80 38 ihm
1595 618 62 38 die
1673 619 122 38 Arme
1817 619 73 40 bei.
1927 621 117 39 Auch
2063 621 96 50 jetzt
2176 620 197 39 fürchtete
2394 633 41 25 er
2455 621 85 37 eine
2557 620 94 39 List.

1578 680 82 37 Der
1679 681 180 38 Italiener
1886 681 102 39 warf
2009 682 82 38 sich
2119 681 68 39 auf
2201 681 62 39 die
2283 681 113 38 Seite.
2443 682 51 37 Er
2514 682 136 38 suchte

1500 740 99 38 nach
1627 741 125 38 seiner
1780 744 295 37 Messertasche.

1578 802 292 48 „Freundchen,
1901 806 149 36 Messer
2078 804 148 39 nicht!“
2255 816 106 38 sagte
2392 804 70 37 der
2485 804 105 47 Jean.

1577 863 115 45 „Steh
1716 863 104 40 doch
1840 865 105 38 einer
1966 865 90 38 dem
2075 866 133 37 Herrn
2228 865 160 47 „Ober“
2415 865 104 37 bei!“
2547 863 106 40 riefs.

1578 924 163 45 „Wenn
1771 925 68 37 der
1867 926 90 38 Kerl
1987 926 82 38 sein
2098 927 151 37 Messer
2277 925 223 39 erwischt!“

1578 984 149 46 „Nicht
1763 985 149 48 helfen,
1954 987 130 38 keiner
2121 987 132 38 helfen
2379 985 108 39 Kraft
2523 999 130 38 gegen

1499 1044 126 38 Kraft!
1682 1046 48 38 So
1759 1047 78 38 will
1865 1047 64 39 ich
1957 1048 252 51 gewinnen!“
2236 1047 81 39 rief
2340 1048 69 37 der
2432 1048 96 46 Jean
2561 1047 87 39 halb

1500 1105 126 38 aufser
1644 1107 120 38 Atem
1784 1108 183 51 dagegen.
2011 1109 94 38 Und
2126 1109 69 38 mit
2214 1109 90 38 aller
2324 1107 109 39 Kraft
2452 1108 135 39 suchte
2608 1121 41 24 er

1500 1166 90 38 dem
1611 1167 162 51 Gegner
1793 1169 78 37 den
1890 1169 113 52 Kopf
2025 1168 68 39 auf
2115 1169 79 38 den
2214 1170 137 37 Boden
2380 1183 49 24 zu
2453 1169 195 51 zwingen.

1576 1229 75 45 „Er
1677 1230 72 37 hot
1781 1230 148 51 gesiegt
2046 1234 208 47 gewunne!
2300 1230 106 39 hoch
2441 1229 69 39 der
2542 1230 106 38 Herr

1498 1289 202 45 „Ober“!“
1727 1290 91 39 riefs
1848 1291 136 38 schon.

1576 1351 57 37 Da
1663 1350 114 52 gellte
1807 1352 63 38 ein
1889 1352 143 38 Schrei.
2081 1352 50 38 Er
2151 1352 115 50 gellte
2294 1351 199 39 furchtbar
2523 1351 127 39 durch

1496 1411 110 38 Mark
1634 1413 80 36 und
1742 1413 107 38 Bein.
1894 1413 74 37 Ein
1997 1413 346 38 Menschenschrei
2430 1413 83 37 und
2542 1413 107 38 doch

1495 1471 112 39 kaum
1635 1486 49 24 zu
1715 1474 174 50 glauben,
1918 1474 81 38 dafs
2029 1488 41 24 er
2099 1487 63 25 aus
2185 1474 108 38 einer
2312 1473 336 39 Menschenkehle

1494 1533 186 39 kommen
1707 1535 160 38 könnte.

1572 1595 91 46 „Ah
1759 1595 358 40 hui—u—u—io!“

1571 1657 77 37 Das
1686 1657 164 47 schnitt,
1886 1657 65 38 das
1987 1658 86 45 rifs,
2112 1656 63 39 das
2214 1656 102 52 pfiff,
2356 1656 64 39 das
2456 1655 189 41 röchelte.

1493 1717 77 38 Das
1605 1718 89 51 ging
1728 1718 123 39 durch
1884 1719 85 37 eine
2004 1731 118 37 ganze
2155 1717 228 47 Tonleiter,
2417 1717 124 38 durch
2575 1717 69 38 alle

1493 1778 160 38 Vokale.
1707 1780 212 37 Entsetzen
1946 1779 151 37 machte
2125 1778 69 38 alle
2224 1790 105 26 starr.

1570 1839 81 37 Der
1681 1840 114 39 Streit
1823 1853 80 24 war
1936 1854 76 23 aus.

1572 1900 79 37 Der
1675 1901 94 47 Jean
1797 1913 78 25 war
1903 1900 195 50 rücklings
2127 1899 311 51 hingeschlagen.

1569 1961 127 45 „Schu
1701 1974 74 24 —u
1778 1961 183 38 —uffft!“
2068 1961 158 38 stöhnte
2256 1973 51 24 er.

1570 2022 116 38 Einer
1724 2022 70 38 der
1830 2022 178 38 Italiener
2042 2023 104 37 hatte
2181 2022 79 38 ihm
2294 2021 242 39 hinterrücks
2575 2022 66 38 das

1490 2084 150 37 Messer
1665 2083 58 38 ins
1745 2084 107 37 Herz
1873 2083 209 50 gestofsen.
2126 2083 50 37 Er
2197 2083 157 37 stöhnte
2375 2083 106 38 noch
2501 2083 138 38 einmal

1560 2143 107 38 noch
1691 2143 138 38 einmal
1849 2143 101 39 warf
1964 2157 40 24 er
2024 2143 79 39 sich
2123 2143 72 38 auf.
2244 2143 49 38 Er
2314 2143 187 39 schnellte
2522 2143 117 39 hoch.

1569 2204 160 38 Schwer
1755 2204 82 38 und
1865 2203 144 52 dumpf
2030 2203 64 38 fiel
2124 2216 40 25 er
2192 2203 147 38 nieder.

1569 2265 118 37 Dann
1713 2264 59 51 lag
1802 2277 41 25 er
1872 2264 90 46 still,
1996 2264 62 38 die
2087 2265 122 37 Arme
2245 2264 93 38 weit
2373 2263 264 48 auseinander,

1490 2325 89 39 Blut
1606 2339 114 24 vorm
1748 2326 163 37 Munde.

1569 2387 73 37 Die
1677 2387 179 38 Italiener
1892 2399 130 25 waren
2059 2385 93 39 fort.
2208 2387 45 37 In
2291 2387 69 37 der
2392 2387 245 50 Bestürzung

1487 2449 106 37 hatte
1623 2448 81 38 sich
1731 2448 130 38 keiner
1889 2449 99 37 nach
2010 2448 121 38 ihnen
2150 2449 251 49 umgesehen,
2429 2448 119 38 selbst
2566 2447 71 38 der

1487 2509 280 38 Polizeidiener
1809 2509 119 38 nicht.
1992 2509 248 38 Unbemerkt
2282 2509 134 38 hatten
2458 2509 53 38 sie
2554 2509 83 38 sich

1488 2570 129 38 davon
1647 2570 187 51 gemacht.

1566 2631 191 38 Welcher
1784 2631 105 38 hatte
1918 2630 237 51 gestochen?
2211 2631 81 36 Der
2319 2630 102 39 Fiori
2449 2630 121 39 nicht.

1566 2693 94 36 Man
1689 2691 113 38 stand
1830 2705 66 24 um
1925 2691 79 38 den
2031 2691 150 38 Toten.

1566 2752 116 38 Einer
1710 2752 142 38 bückte
1881 2752 80 38 sich
1993 2751 136 38 nieder
2163 2752 85 37 und
2281 2752 104 51 legte
2422 2752 90 38 dem
2542 2752 95 47 Jean

1487 2813 65 38 das
1583 2814 87 37 Ohr
1698 2813 69 38 auf
1790 2813 61 38 die
1879 2812 96 39 freie
1995 2814 124 37 Brust.
2162 2813 73 46 „Er
2259 2812 50 39 ist
2328 2815 100 36 tot!“
2457 2824 104 40 sagte
2583 2825 53 25 er.

1566 2874 74 38 Die
1668 2875 118 37 Anna
1813 2873 72 39 safs
1915 2872 68 40 auf
2002 2874 124 38 ihrem
2153 2874 103 37 Platz
2284 2874 84 38 und
2396 2874 156 38 weinte.

1566 2936 58 37 Sie
1653 2936 148 37 konnte
1829 2935 126 38 nichts
1985 2935 164 45 denken,
2178 2934 127 39 nichts
2336 2935 213 50 begreifen.

1566 2998 81 36 Der
1670 2996 95 47 Jean
1792 3009 79 25 war
1899 3007 70 26 tot-

1565 3058 59 37 Da
1651 3057 59 51 lag
1745 3070 39 25 er
1890 3057 62 37 nie
1985 3055 146 40 wieder
2166 3056 136 39 würde
2338 3069 41 26 er
2416 3057 217 40 aufstehen.

1487 3119 96 41 Tot,
1612 3121 79 36 tot!
