3522 4572
1240 3837 208 41 261

200 1408 572 63 ALLGEMEINE
818 1408 351 63 BEMERK

1517 1403 312 64 UNGEN
1865 1401 109 63 ZU
2012 1401 246 63 EINER
2289 1401 189 61 SYN-

198 1528 259 63 THESE
485 1528 163 63 DER
668 1528 292 65 KUNST
981 1530 188 61 VON

1514 1525 290 63 HENRY
1834 1525 185 61 VAN
2055 1523 107 61 DE
2195 1520 282 64 VELDE

188 1707 426 358 Bist
626 1757 94 21 unser
733 1745 138 33 Geschick
871 1759 12 28 ',
899 1745 34 33 in
949 1745 87 33 einer
1049 1745 76 33 Zeit
1136 1757 43 21 zu
1193 1745 96 42 leben,

578 1799 105 31 Kunst
706 1810 182 21 zusammen
889 1798 167 43 gebrochen
1082 1796 40 33 ist
1150 1796 61 33 wie
1240 1796 50 33 ein

568 1848 195 44 Baumriese,
782 1851 105 31 dessen
911 1851 115 30 Geäste
1040 1850 70 31 und
1123 1848 169 44 Gezweige

568 1900 55 33 ickt
654 1902 69 32 und
750 1900 156 35 zerrissen
941 1899 209 45 umherliegen
1152 1928 6 6 .
1211 1902 79 31 Man

572 1954 135 31 unächst
727 1954 90 40 wohl,
844 1950 72 49 dafs
943 1952 52 33 ihn
1023 1952 115 44 irgend
1160 1951 49 33 ein
1234 1963 57 32 ge-

573 2004 145 44 waltiger
734 2006 134 42 Gegner,
885 2003 49 33 ein
950 2003 194 43 Blitzstrahl,
1164 2003 60 33 mit
1238 2005 54 31 der

573 2056 100 47 Kraft
697 2055 105 34 seiner
827 2055 212 45 Vernichtung
1064 2057 230 32 zerschmettert

199 2108 84 33 habe.
318 2109 37 31 In
376 2106 208 34 Wirklichkeit
600 2108 77 32 aber
690 2119 110 21 waren
814 2119 31 21 es
867 2109 153 40 Würmer,
1035 2106 47 34 die
1101 2109 76 31 ohne
1191 2108 100 31 Ruhm

200 2161 68 32 und
281 2161 75 32 ohne
374 2161 114 31 Grösse
502 2158 53 33 ihn
570 2161 143 42 langsam
729 2172 43 21 zu
788 2161 101 31 Boden
904 2159 155 32 streckten.
1097 2158 49 33 Sie
1158 2158 133 33 wirkten

200 2212 106 33 ebenso
330 2211 114 42 sicher,
468 2210 61 33 wie
553 2210 240 35 Fäulnisbrand
813 2212 69 31 und
902 2218 133 36 zeugten
1060 2210 61 33 sich
1148 2222 59 21 aus
1232 2210 59 31 den

200 2262 152 34 lichtlosen
377 2260 212 47 Grundtiefen
609 2264 57 31 der
684 2264 243 33 Menschenseele
943 2264 122 31 heraus.

278 2314 79 34 Eine
371 2316 93 31 solche
473 2314 220 44 Erscheinung
704 2314 87 45 zeigt
804 2314 61 33 sich
870 2315 92 41 jedes
974 2315 77 40 Mal,
1063 2325 92 21 wenn
1161 2311 131 45 geistige

200 2367 86 33 Ebbe
312 2366 121 34 eintritt
457 2367 70 32 und
547 2368 58 32 den
625 2368 104 32 Boden
748 2367 62 32 blos
828 2368 70 42 legt,
919 2365 71 47 auf
998 2366 69 32 dem
1085 2365 60 33 sich
1164 2363 57 35 mit
1237 2365 56 32 der

199 2419 76 33 Zeit
298 2419 112 33 immer
435 2420 87 31 mehr
543 2418 157 44 geheimer
727 2421 103 30 Unrat
851 2419 226 43 angesammelt
1099 2419 66 39 hat,
1191 2415 46 33 sei
1261 2427 32 21 es

200 2473 148 31 schneller
372 2471 70 32 und
463 2468 223 47 haufenweise,
711 2469 61 34 wie
797 2481 61 21 von
877 2472 122 30 Karren
1022 2467 50 34 ins
1096 2471 121 29 Wasser
1235 2480 57 31 ge-

199 2522 122 43 kippter
331 2524 156 41 Schmutz,
501 2521 44 34 sei
562 2534 31 21 es
605 2525 145 42 langsam
767 2523 69 31 und
844 2520 187 43 allmählich,
1047 2520 60 33 wie
1122 2521 54 32 der
1184 2520 108 42 Staub,

200 2577 60 31 den
280 2576 76 32 auch
377 2586 112 21 unsere
506 2575 136 32 höchsten
662 2572 255 46 Empfindungen
937 2572 185 33 abscheiden.

277 2629 70 30 Der
369 2624 95 47 Lauf
478 2627 54 32 der
553 2625 107 45 Dinge
683 2625 148 34 vollzieht
850 2625 60 33 sich
932 2636 31 21 so
986 2624 32 33 in
1042 2621 251 49 regelmäfsigem

1399 1745 147 32 Wechsel:
1570 1742 48 33 die
1642 1743 104 30 Kunst
1768 1739 83 34 sinkt
1874 1751 73 22 zum
1973 1738 204 44 Niedergang
2201 1738 70 32 und
2294 1735 188 35 zerbröckelt

1397 1798 66 31 und
1475 1794 132 45 beginnt
1626 1792 117 33 wieder
1767 1789 73 47 aufs
1861 1792 106 40 Neue,
1990 1789 61 34 wie
2074 1789 49 33 ein
2145 1788 94 43 Kind,
2260 1785 80 47 reift
2358 1788 102 31 Wachs-

1396 1855 67 25 tum
1483 1848 68 31 und
1565 1845 191 42 Vollendung
1772 1850 150 36 entgegen
1942 1842 69 33 und
2025 1840 174 34 entwickelt
2214 1839 60 33 sich
2293 1850 69 22 vom
2377 1838 102 33 Leben

1397 1911 74 22 zum
1492 1898 85 41 Tode,
1597 1898 75 31 ohne
1691 1893 71 49 dafs
1776 1902 97 25 etwas
1886 1905 60 21 von
1960 1893 50 33 ihr
2022 1892 61 34 sich
2097 1895 128 30 verlöre.
2254 1891 50 33 Sie
2317 1891 165 42 überträgt

1395 1950 61 33 sich
1475 1951 66 31 und
1546 1949 107 46 formt
1668 1946 60 34 sich
1746 1958 62 21 um.
1846 1945 62 34 Die
1933 1946 128 32 Ursache
2077 1945 73 32 alles
2169 1942 132 45 Verfalls
2320 1943 68 32 und
2402 1943 79 31 aller

1397 2005 89 29 Blüte
1518 1999 91 34 bleibt
1638 1998 112 33 immer
1779 1998 55 32 das
1856 1996 131 45 geistige
2015 1998 69 31 und
2105 1994 130 34 sittliche
2265 1996 139 31 Moment
2425 1994 56 31 der

1397 2052 208 47 betrejfenckn
1628 2050 134 33 Periode,

1473 2106 98 31 Unser
1587 2100 138 35 Geschick
1741 2112 67 21 nun
1827 2099 41 34 ist
1884 2112 41 30 es,
1939 2097 70 47 auf
2019 2098 86 34 einer
2121 2099 114 32 solchen
2255 2095 226 35 Grenzscheide

1397 2168 44 23 zu
1459 2158 100 31 stehen
1579 2155 68 32 und
1661 2153 32 33 in
1712 2152 87 34 einer
1811 2152 73 33 Zeit
1901 2163 43 23 zu
1962 2151 94 42 leben,
2076 2149 33 33 in
2128 2151 55 31 der
2199 2149 49 33 die
2262 2151 102 31 Kunst
2380 2147 99 33 eine??i

1394 2212 181 40 gestürzten
1587 2204 203 34 Baumriesen
1798 2203 98 45 gleich
1909 2215 51 21 am
1969 2203 103 32 Boden
2086 2201 85 44 liegt,
2181 2200 33 33 in
2228 2202 56 31 der
2293 2199 62 34 wir
2364 2198 100 45 gleich-

1397 2259 99 44 zeitig
1504 2259 105 41 jedoch
1628 2255 68 46 auf
1705 2256 106 34 Leider
1828 2254 58 34 mit
1905 2266 60 20 neu
1983 2252 60 47 auf
2044 2253 183 44 grünenden
2245 2254 114 31 Saaten
2378 2253 100 31 sehen.

1402 2312 125 32 Gerade
1558 2309 50 33 ein
1635 2309 111 32 solcher
1772 2306 173 43 Zeitpunkt
1968 2306 74 33 aber
2068 2304 40 33 ist
2133 2306 144 31 wertvoll
2301 2304 70 32 und
2388 2304 92 40 jedes

1399 2365 151 41 Symptom
1581 2359 142 34 verdient
1759 2370 107 21 unsere
1903 2360 179 41 Beachtung
2202 2356 189 33 ebensowohl
2432 2353 49 34 die

1397 2414 189 43 Zuckungen
1607 2413 57 32 der
1682 2411 179 33 sterbenden
1880 2412 47 31 als
1944 2410 74 31 auch
2035 2410 55 31 das
2109 2406 138 34 Schreien
2266 2408 55 32 der
2338 2418 61 21 neu
2418 2417 63 23 zur

1400 2468 79 31 Welt
1491 2465 203 33 kommenden.
1724 2461 93 34 Eilen
1832 2460 62 34 wir
1907 2463 75 41 also,
1993 2459 80 34 diese
2087 2462 155 31 Momente
2247 2459 230 47 festzuhalten,

1397 2519 92 32 bevor
1508 2528 30 21 es
1557 2528 43 22 zu
1618 2516 73 41 spät
1706 2513 60 43 ist,
1784 2513 91 33 bevor
1895 2524 57 22 uns
1973 2513 55 32 der
2046 2514 99 30 Strom
2164 2523 43 21 zu
2226 2509 76 34 weit
2317 2508 164 46 fortträgt

1397 2571 70 31 oder
1485 2569 94 32 bevor
1597 2579 59 21 uns
1673 2568 54 31 der
1741 2565 166 33 blendende
1924 2566 108 32 Glanz
2049 2564 51 32 des
2115 2563 298 32 Werdenwollenden
2433 2562 48 31 die

1403 2618 225 46 Trostlosigkeit
1642 2619 50 32 des
1715 2619 190 31 Gewesenen
1922 2626 163 33 vergessen
2104 2613 79 47 liefs.

278 2861 40 31 Es
337 2859 42 33 ist
398 2857 211 47 notwendig,
630 2856 108 48 gleich
756 2869 40 21 zu
815 2854 136 48 Anfang
970 2854 229 40 festzustellen,
1219 2851 72 36 dafs

201 2910 63 34 alle
297 2913 262 43 Benennungen,
588 2909 83 34 wie:
701 2908 130 34 niedere
859 2910 125 36 Kunst,
1016 2909 108 32 Kunst
1151 2906 141 35 zweiten

201 2965 145 44 Ranges,
367 2961 284 40 Kunstindustrie,
678 2959 221 48 angewandte
925 2961 126 37 Kunst,
1077 2956 215 36 Kunsthand-

201 3014 94 34 werk
320 3027 62 21 nur
407 3015 35 33 in
468 3014 120 33 soweit
608 3012 147 47 Geltung
773 3012 107 33 haben
904 3010 152 40 können,
1081 3010 45 34 als
1152 3010 45 33 sie
1222 3009 70 34 sich

201 3064 63 36 auf
278 3066 109 47 Dinge
413 3064 165 40 beziehen,
597 3065 52 33 die
668 3076 78 21 man
765 3062 336 47 übereingekommen
1125 3062 52 40 ist,
1196 3075 37 20 so
1253 3073 39 21 zu

201 3118 205 34 bezeichnen.
449 3120 40 31 Es
508 3116 89 35 kann
617 3116 76 35 aber
711 3115 204 48 keineswegs
935 3116 187 46 zugegeben
1145 3113 146 38 werden,

201 3168 70 35 dafs
302 3170 45 34 sie
374 3167 179 37 zutreffend
581 3168 73 34 sind
688 3167 79 35 oder
800 3167 85 35 auch
916 3180 82 27 nur,
1031 3165 71 35 dafs
1134 3164 158 36 wirklich

201 3229 154 32 existiert,
464 3234 44 21 sic
528 3220 206 34 bezeichnen.

278 3275 80 33 Wir
383 3273 135 35 können
546 3274 35 32 in
605 3273 56 33 der
678 3275 110 31 Kunst
806 3270 95 35 keine
922 3269 188 48 Scheidung
1136 3268 156 38 zulassen,

201 3325 51 35 die
264 3325 121 35 darauf
391 3326 148 46 ausgeht,
551 3325 150 46 einseitig
711 3325 107 33 einer
827 3323 88 33 ihrer
925 3322 104 34 vielen
1037 3322 255 43 Erscheinungs-

201 3376 129 36 formen
349 3377 70 35 und
439 3374 455 49 Ausdrucksmöglichkeiten
915 3376 95 33 einen
1028 3374 148 34 höheren
1197 3374 95 43 Rang

201 3442 58 22 vor
283 3429 63 34 den
370 3428 138 48 übrigen
532 3429 222 42 zuzuweisen;
781 3428 71 33 eine
871 3426 189 47 Scheidung
1085 3425 56 34 der
1165 3423 127 35 bilden-

201 3481 65 34 den
292 3485 108 31 Kunst
428 3482 33 33 in
494 3481 124 34 schöne
650 3483 106 32 Kunst
784 3479 68 34 und
885 3479 35 33 in
953 3479 71 33 eine
1052 3475 240 45 zweitklassige

201 3534 180 39 niederere,
406 3532 202 35 industrielle
626 3535 109 31 Kunst
755 3531 74 34 aber
847 3529 143 48 verfolgt
1009 3529 120 34 keinen
1153 3527 139 35 anderen

202 3585 134 34 Zweck.
383 3586 51 33 Sie
457 3585 41 33 ist
523 3584 165 35 durchaus
713 3582 209 36 willkürlich
948 3581 69 35 und
1043 3580 117 36 wurde
1188 3577 104 47 völlig

202 3637 228 47 unberechtigt
449 3636 68 35 und
536 3636 173 48 parteiisch
727 3648 68 22 von
814 3634 63 35 den
896 3633 146 35 schönen
1056 3636 148 30 Künsten
1219 3628 73 35 auf-

1395 2850 141 48 gestellt,
1547 2850 51 33 die
1613 2861 60 22 vor
1688 2848 103 33 ihrem
1802 2848 193 44 Untergang
2009 2845 87 33 diese
2106 2843 174 35 Ausflucht
2291 2842 190 40 brauchten,

1395 2904 52 33 ihr
1468 2902 118 34 Dasein
1606 2909 100 26 etwas
1727 2912 39 20 zu
1785 2897 201 47 verlängern.
2021 2896 75 34 Alle
2124 2896 260 46 Einrichtungen
2411 2894 71 34 und

1395 2955 97 33 Ideen
1518 2953 152 47 übrigens
1696 2951 159 47 gelangen
1883 2949 35 33 in
1944 2949 70 33 eine
2040 2948 159 45 derartige
2228 2947 110 34 Phase.
2376 2949 39 32 Es
2441 2947 41 33 ist

1396 3007 71 33 eine
1486 3002 208 37 unbewufste
1713 3005 72 36 Art,
1804 3002 71 33 sich
1893 3014 38 20 zu
1950 2999 200 48 verteidigen
2169 2999 70 34 und
2259 2999 55 33 das
2334 2998 89 34 Ende
2442 3011 40 20 zu

1396 3059 166 45 negieren,
1592 3056 45 34 als
1667 3054 111 34 könne
1808 3065 78 22 man
1913 3052 105 34 damit
2049 3052 62 33 den
2139 3050 188 34 Elementen
2355 3050 127 34 Schach

1397 3109 120 40 bieten,
1528 3108 52 34 die
1591 3105 116 36 dieses
1707 3105 78 36 Ende
1797 3104 87 34 doch
1894 3102 195 48 notwendig
2100 3100 231 37 herbeiführen
2341 3106 141 31 müssen,

1473 3163 40 32 Es
1539 3161 42 32 ist
1607 3160 47 33 im
1673 3157 115 35 Grund
1810 3155 74 35 aber
1907 3156 107 33 nichts
2041 3154 147 34 anderes:
2216 3154 45 34 als
2286 3155 72 32 eine
2378 3153 105 47 völlig

1395 3210 290 37 mifsbräuchliche
1703 3207 310 48 Rangaufstellung,
2036 3219 53 21 ein
2106 3206 140 34 brutales
2266 3205 217 47 Vordrängen

1396 3263 65 36 auf
1470 3263 63 34 den
1548 3271 101 26 ersten
1664 3261 86 34 Platz
1764 3259 69 35 und
1849 3261 70 33 eine
1933 3259 135 47 plumpe
2083 3257 269 47 Zurücksetzung
2367 3256 115 48 gerade

1396 3316 55 34 der
1478 3313 251 36 lebensvollsten
1754 3311 153 35 Gebiete:
1936 3311 55 33 der
2016 3309 152 35 niederen
2192 3312 125 31 Künste
2414 3308 69 34 und

1395 3372 64 43 just
1477 3369 35 32 in
1527 3367 75 33 dem
1616 3362 221 50 Augenblick,
1852 3363 41 34 da
1913 3363 68 33 sich
2000 3363 52 33 ein
2070 3374 97 21 neues
2183 3360 299 35 Ausdrucksmittel

1397 3418 77 36 fand
1567 3419 35 32 in
1621 3417 54 33 der
1694 3416 169 34 Industrie.
1905 3415 61 33 Die
1985 3414 148 34 schönen
2151 3416 125 31 Künste
2294 3414 100 33 sahen
2413 3413 70 34 sich

1397 3470 145 35 dadurch
1553 3469 139 34 bedroht
1703 3468 68 33 und
1786 3480 36 21 so
1833 3465 117 36 wurde
1966 3466 84 33 diese
2065 3478 83 21 neue
2159 3467 95 32 Form
2270 3463 53 36 für
2337 3464 126 35 minder-

1396 3523 121 46 wertig
1534 3520 70 35 und
1622 3518 54 35 für
1694 3520 139 34 zweiten
1852 3521 129 44 Ranges
2002 3516 130 35 erklärt.

1475 3576 38 32 Es
1534 3574 141 33 erinnert
1694 3570 67 35 dies
1780 3584 41 20 an
1836 3568 208 49 Grauköpfe,
2065 3569 51 34 die
2135 3569 52 33 ein
2203 3569 89 34 Kind
2311 3567 172 49 ohrfeigen

1397 3626 69 35 und
1492 3623 273 47 lebenslängliche
1788 3621 295 47 Unterwürfigkeit
2108 3633 68 23 von
2201 3621 71 34 ihm
2296 3621 187 48 verlangen.
