3595 4572
974 569 54 34 Ob
1054 581 79 21 man
1153 566 52 34 die
1224 564 122 35 Farben
1366 561 64 36 auf
1444 562 56 33 der
1520 560 124 34 Palette
1663 559 122 34 mischt
1807 557 80 35 oder
1907 556 43 34 ob
1971 569 80 21 man

893 623 45 33 sie
957 620 210 48 ungemischt
1187 616 214 51 punktweise
1419 611 265 38 nebeneinander
1698 609 65 36 auf
1776 609 53 35 die
1845 609 204 35 Leinewand

893 683 78 25 setzt
992 700 7 7 .
1019 700 7 7 .
1044 698 7 8 .

973 724 43 35 ob
1032 736 77 22 man
1126 735 29 20 es
1173 722 45 32 im
1234 724 125 30 Drama
1374 719 63 33 mit
1452 718 63 33 den
1524 719 148 32 Worten
1689 728 84 34 ganz
1788 714 121 34 ebenso
1926 714 125 39 macht,

894 779 43 34 ob
962 789 79 22 man
1070 775 44 33 sie
1140 772 62 36 auf
1221 773 57 33 der
1302 771 123 35 Palette
1453 770 122 34 mischt
1601 768 81 34 oder
1706 768 213 47 ungemischt
1944 766 108 34 neben

894 828 154 37 einander
1067 835 78 26 setzt
1166 853 7 8 .
1191 853 7 7 .
1216 852 7 7 .

971 881 69 34 und
1063 879 67 35 wie
1150 878 64 34 viel
1235 875 150 36 Abstand
1405 875 109 47 notig,
1540 874 106 33 damit
1671 873 71 34 sich
1766 872 56 34 das
1842 870 74 35 Bild
1942 872 34 34 in
1997 871 56 34 der

893 935 171 35 Netzhaut
1089 931 54 34 des
1164 933 111 44 Auges
1296 928 81 34 oder
1402 929 35 33 in
1461 926 56 35 der
1541 927 57 34 der
1618 925 88 35 Seele
1726 938 41 21 zu
1787 926 109 33 einem
1916 928 136 31 Ganzen

893 987 122 35 mischt
1035 1011 9 8 .
1060 1011 7 8 .
1084 1011 7 7 .

972 1039 55 33 ich
1050 1037 121 38 meine,
1197 1035 55 34 das
1276 1034 89 34 seien
1387 1032 120 46 Dinge,
1533 1030 82 35 über
1638 1029 53 35 die
1714 1043 81 21 man
1818 1030 70 34 sich
1912 1030 121 33 meinet-

893 1103 120 35 wegen
1039 1088 226 45 wochenlang
1296 1100 53 20 am
1374 1084 159 35 Biertisch
1561 1084 134 33 streiten
1724 1096 78 34 mag
1827 1110 71 9 ...
1928 1082 54 34 die
2005 1082 49 34 im

894 1143 135 37 Grunde
1054 1141 75 34 aber
1148 1139 193 50 Spielereien
1365 1136 74 35 sind
1458 1136 70 35 und
1549 1136 98 34 keine
1667 1138 130 38 Werte,
1824 1134 63 36 auf
1902 1135 54 34 die
1975 1148 78 21 man

893 1197 69 34 sein
981 1194 108 35 Leben
1110 1192 142 35 einstellt
1273 1192 81 33 oder
1372 1204 58 35 gar
1450 1190 72 33 eine
1541 1202 84 21 neue
1644 1189 124 34 Kunst!

973 1354 114 32 Wenn
1104 1352 55 33 ich
1175 1363 93 34 sage:
1285 1349 56 34 der
1357 1347 203 36 Schaffende
1576 1345 120 37 schafft
1711 1360 64 22 nur
1789 1348 72 34 sich
1876 1346 70 35 und
1963 1346 91 35 kann

894 1418 58 35 gar
966 1405 93 34 nicht
1075 1404 128 39 anders,
1219 1415 37 22 so
1267 1402 138 35 werden
1416 1399 139 50 Fünfzig
1571 1413 68 22 von
1648 1399 139 49 Fünfzig
1803 1401 88 33 ohne
1903 1400 150 34 weiteres

894 1458 210 35 zustimmen.

974 1512 116 32 Wenn
1106 1509 55 34 ich
1177 1507 205 35 aberweiter
1396 1519 91 34 sage:
1504 1519 31 21 es
1550 1505 47 34 sei
1611 1504 168 43 komisch,
1796 1505 64 34 den
1870 1505 186 34 Menschen

894 1577 80 22 vom
990 1561 159 36 Künstler
1169 1570 139 24 trennen
1322 1572 40 22 zu
1378 1558 141 40 wollen,
1539 1571 37 21 so
1592 1558 138 35 werden
1745 1556 311 49 Fünfundzwanzig

895 1629 67 22 von
981 1615 62 35 den
1061 1612 137 49 Fünfzig
1218 1613 62 34 den
1294 1610 100 50 Kopf
1408 1611 186 35 schütteln:
1615 1611 56 34 das
1691 1612 47 33 sei
1757 1611 197 47 unlogisch!
1975 1624 78 20 man

894 1674 108 29 müsse
1022 1668 55 34 das
1099 1665 349 36 auseinanderhalten!

973 1723 116 33 Wenn
1105 1720 55 34 ich
1176 1719 89 34 dann
1278 1718 91 34 noch
1385 1718 117 34 weiter
1517 1730 92 34 sage:
1627 1717 86 34 Wer
1728 1716 45 35 als
1789 1716 142 34 Mensch
1946 1716 109 34 nichts

895 1782 98 34 wert,
1014 1775 45 33 sei
1079 1773 86 34 auch
1185 1772 47 34 als
1247 1771 140 34 Dichter
1401 1771 109 33 nichts
1526 1778 96 32 wert,
1643 1782 37 21 so
1697 1770 137 34 werden
1848 1769 53 34 die
1916 1767 140 49 Fünfzig

896 1826 131 35 brüllen
1043 1827 65 34 wie
1124 1825 173 34 Hundert:
1313 1837 79 21 man
1407 1823 114 34 könne
1536 1823 51 34 ein
1604 1821 128 49 grofser
1747 1823 138 34 Dichter
1900 1822 68 33 sein
1984 1821 72 34 und

897 1881 51 33 ein
970 1892 83 35 ganz
1074 1878 125 34 kleiner
1218 1878 158 33 Mensch!
1407 1877 56 33 das
1491 1876 85 34 habe
1601 1888 58 34 gar
1682 1876 108 33 nichts
1818 1876 63 33 mit
1900 1874 157 35 einander

896 1945 40 21 zu
956 1932 97 40 thun,
1074 1931 67 35 wie
1162 1931 52 33 die
1234 1928 371 49 Litteraturgeschichte
1625 1926 63 36 auf
1701 1928 90 47 jeder
1810 1928 142 35 zweiten
1969 1926 87 37 Seite

897 1984 163 48 glänzend
1079 1984 144 34 beweise
1244 2010 7 8 .
1269 2010 8 7 .
1294 2010 8 7 .

964 2041 99 31 Dann
1075 2036 152 47 schweig
1237 2036 104 35 ich...
1355 2034 87 35 denn
1452 2035 62 33 mit
1524 2046 141 22 unseren
1672 2033 368 48 Litteraturgeschichts-

898 2090 186 36 schreibern
1103 2090 118 34 möcht
1240 2089 70 34 ichs
1330 2088 95 35 nicht
1444 2100 99 35 gerne
1562 2086 193 35 verderben!

1464 2173 28 33 ❖

979 2250 63 33 Die
1058 2251 111 32 Kunst
1190 2246 63 35 soll
1268 2246 108 34 nichts
1392 2245 126 34 sollen?
1557 2248 32 31 O
1610 2245 93 34 nein!
1724 2245 45 34 sie
1788 2243 79 35 soll
1886 2245 73 34 sehr
1978 2244 80 35 viel!

899 2302 45 34 sie
972 2301 63 34 soll
1066 2301 55 34 das
1155 2299 171 35 Höchste!
1366 2299 45 34 sie
1443 2297 64 35 soll
1535 2297 106 35 Alles!
1680 2298 51 33 Sie
1759 2297 65 35 soll
1858 2297 53 34 die
1947 2298 111 34 innere

899 2354 252 35 Lebenseinheit
1178 2352 126 35 wieder
1330 2349 167 43 schaffen,
1526 2351 54 34 die
1599 2351 65 34 wir
1689 2363 61 21 uns
1776 2356 136 28 zerstört
1935 2349 123 35 haben!

2157 557 52 33 Sie
2230 555 65 35 soll
2319 554 56 36 für
2401 567 99 22 unser
2519 557 87 31 Herz
2632 554 152 48 möglich
2803 555 160 40 machen,
2991 568 71 22 was
3090 555 52 34 die
3161 555 134 34 Wissen-

2158 607 110 37 schaft
2288 609 54 33 des
2357 607 239 46 Jahrhunderts
2617 606 168 41 entdeckt,
2802 620 163 21 ersonnen
2979 608 71 33 und
3066 620 163 34 errungen
3243 608 73 40 hat,

2157 661 73 35 und
2250 674 60 21 uns
2330 661 125 47 zeigen,
2476 673 32 21 es
2528 672 40 22 zu
2587 659 96 35 leben
2702 658 71 35 und
2787 660 94 33 nicht
2898 659 88 34 blofs
3003 674 30 20 es
3054 674 39 19 zu
3112 660 122 34 wissen
3257 688 7 8 .
3283 687 7 7 .
3308 686 6 7 .

2239 714 63 34 Die
2327 711 250 37 Wissenschaft
2603 713 42 33 ist
2672 725 98 22 unser
2794 710 112 50 Kopf,
2935 712 53 34 die
3017 715 108 32 Kunst
3156 714 40 32 ist
3221 726 97 21 unser

2158 769 99 34 Herz.
2293 769 108 32 Unser
2429 764 99 50 Kopf
2549 765 76 35 aber
2655 766 42 33 ist
2723 764 65 35 viel
2813 765 119 34 weiter
2958 764 45 35 als
3025 778 96 21 unser
3145 768 86 31 Herz
3250 792 7 8 .
3279 792 8 8 .
3309 792 7 8 .

2159 820 101 35 daher
2279 820 58 35 der
2355 832 101 35 ganze
2473 818 159 45 Jammer!

2239 876 67 31 Das
2327 872 76 35 aber
2422 872 46 35 sei
2488 871 120 34 darum
2628 870 56 35 das
2699 870 72 35 Ziel
2791 883 132 21 unserer
2942 872 119 38 Kunst,
3082 870 67 33 wie
3169 883 31 21 es
3220 870 98 35 wohl

2159 938 41 22 zu
2221 926 87 34 allen
2327 926 116 33 Zeiten
2464 924 56 35 das
2541 924 71 35 Ziel
2633 923 79 35 aller
2731 926 112 31 Kunst
2864 936 90 21 war:
2982 935 71 21 was
3081 922 57 34 der
3156 921 99 50 Kopf
3270 936 34 20 er-

2159 992 83 21 sann
2261 992 39 21 zu
2321 978 76 35 Blut
2417 976 218 35 umzubilden
2656 975 56 36 für
2731 989 96 21 unser
2846 976 103 34 Herz!

2240 1031 63 35 den
2324 1031 126 40 Boden,
2477 1029 63 36 den
2566 1030 52 35 die
2639 1027 247 37 Wissenschaft
2911 1027 141 40 erobert,
3082 1027 240 49 umzupflügen

2159 1085 73 35 und
2247 1085 99 34 urbar
2366 1097 40 22 zu
2422 1084 152 41 machen,
2602 1083 105 34 damit
2723 1082 65 35 wir
2808 1082 57 34 ihn
2887 1081 96 35 leben
3003 1080 148 41 können,
3173 1081 68 34 wie
3257 1081 66 33 wir

2161 1139 99 34 heute
2285 1138 65 34 den
2375 1136 111 41 leben,
2514 1135 64 36 den
2599 1136 52 34 die
2670 1139 112 31 Kunst
2809 1133 150 36 früherer
2979 1135 117 33 Zeiten
3116 1133 108 35 derart
3243 1147 52 21 um-

2160 1189 193 50 geschaffen
2372 1190 70 35 hat.

2239 1244 84 34 Wie
2338 1244 82 34 weit
2439 1256 78 35 weg
2535 1242 142 35 hiervon
2693 1241 76 35 aber
2784 1242 43 33 ist
2847 1240 55 35 der
2918 1239 253 35 Naturalismus
3187 1238 71 35 und
3279 1237 44 35 all

2161 1298 57 34 der
2237 1296 214 40 Kleinkram,
2479 1295 65 35 auf
2565 1296 66 33 den
2658 1295 54 34 die
2737 1294 117 34 letzten
2876 1293 153 47 zwanzig
3052 1293 97 44 Jahre
3175 1305 38 21 so
3240 1291 85 35 stolz

2161 1364 127 26 waren,
2309 1350 68 34 wie
2397 1347 65 36 auf
2476 1350 72 33 eine
2568 1348 201 47 Erlösung!?

2241 1401 296 49 Anfangsgründe,
2557 1401 76 35 aber
2653 1400 96 34 keine
2764 1399 104 35 Ziele!
2891 1399 68 35 und
2977 1397 88 36 Ziele
3085 1396 101 41 sinds,
3208 1397 52 34 die
3281 1396 42 34 da

2161 1464 61 26 not
2241 1456 104 34 thun!

2727 1518 29 32 ❖

2241 1606 57 35 Ich
2327 1604 133 49 glaube,
2489 1604 55 34 ich
2573 1603 57 34 bin
2658 1604 73 40 irre,
2763 1602 87 40 aber,
2879 1600 98 36 weifs
3007 1604 95 37 Gott,
3132 1601 55 33 ich
3213 1601 111 33 meine

2162 1660 136 39 immer,
2328 1672 31 20 es
2388 1657 122 35 handle
2536 1657 71 34 sich
2635 1669 58 21 um
2719 1655 65 35 viel
2803 1655 243 46 Wichtigeres,
3071 1653 47 35 als
3142 1666 60 21 um
3229 1665 95 28 ,neue

2162 1716 108 31 Kunst
2274 1719 9 13 c
2287 1739 8 7 .

2242 1765 59 34 Ich
2317 1764 119 39 meine,
2452 1764 67 34 wir
2538 1763 115 34 hätten
2671 1761 194 47 übergenug
2881 1773 41 20 an
2938 1760 126 33 Kunst!
3084 1759 70 33 und
3175 1759 53 32 ein
3247 1770 79 35 paar

2164 1831 84 22 neue
2268 1816 186 36 Schnörkel
2473 1829 41 21 zu
2534 1814 163 40 erfinden,
2725 1815 45 33 sei
2796 1812 80 35 kein
2894 1811 87 42 Ziel,
3007 1811 56 35 das
3090 1811 87 33 eines
3198 1820 129 24 ernsten

2165 1874 144 31 Mannes
2331 1869 110 35 Leben
2461 1869 103 34 lohne
2584 1895 8 7 .
2610 1895 7 7 .
2635 1895 7 7 .

2244 1926 98 32 Neue
2361 1923 186 34 Menschen
2574 1921 62 47 gilt
2663 1933 31 21 es
2718 1933 41 21 zu
2785 1918 152 36 werden!
2968 1930 84 22 neue
3072 1916 114 35 Seelen
3213 1915 63 48 gilt
3296 1928 31 21 es

2164 1990 42 21 zu
2231 1974 161 42 schaffen,
2417 1987 85 22 neue
2527 1973 251 35 Lebenswerte!
2813 1971 91 35 dann
2930 1970 102 35 findet
3059 1970 70 34 sich
3154 1969 52 34 die
3233 1981 94 27 ,neue

2164 2032 110 32 Kunst
2278 2036 10 14 c
2308 2042 67 22 von
2394 2028 118 34 selber!

2244 2082 137 35 Wohin
2397 2081 55 34 ich
2469 2081 76 34 aber
2560 2079 88 40 sehe,
2664 2079 105 47 hängt
2785 2077 102 40 Alles,
2904 2090 70 21 was
2991 2076 83 34 dazu
3089 2073 113 37 helfen
3218 2074 109 40 sollte,

2166 2137 68 34 wie
2254 2135 133 47 Fliegen
2406 2132 160 51 zappelnd
2585 2133 49 33 im
2653 2129 258 51 Spinnwebnetz
2929 2130 131 34 ältester
3079 2128 195 34 Tradition!

2246 2243 100 33 Neue
2366 2240 185 35 Menschen
2570 2238 76 48 gilts
2667 2250 40 21 zu
2726 2236 152 36 werden!

2924 2343 131 31 Caesar
3075 2341 198 32 Flaischlen

2226 3642 122 16 FRÜHLING

1905 3646 95 14 LUDWIG
2015 3645 50 15 VON
2081 3645 121 14 HOFMANN
