3586 4572
1248 3837 208 42 251

148 542 119 37 Farben
286 542 68 34 und
373 542 59 35 hat
450 542 157 35 dennoch
627 541 65 36 fast
712 542 139 35 dieselbe
870 542 110 46 Tiefe,
1008 543 68 35 und
1100 544 86 34 nach
1210 543 83 34 Blau

148 595 66 36 und
230 594 84 35 Gelb
333 594 59 34 hat
411 607 79 22 man
509 595 53 34 die
576 595 122 34 Farben
717 596 153 34 ziemlich
889 597 89 34 reich
994 596 69 34 und
1078 596 214 47 vollständig.

147 648 96 35 Auch
263 650 94 31 Grün
383 647 150 47 mangelt
557 648 94 33 nicht
681 648 102 47 (grün
811 648 218 44 Ultramarin,
1055 649 121 46 jedoch
1203 649 92 34 noch

148 698 212 50 unerprobt!)

705 759 28 32 ❖

222 854 109 35 Ueber
358 855 69 34 sein
456 854 143 35 Fresko
625 857 14 32 I
663 856 54 33 im
736 858 188 32 Museum
952 855 154 35 schwebe
1132 857 72 34 ihm
1231 870 64 21 nur

148 909 69 33 eine
249 906 237 35 unbestimmte
512 908 75 33 Idee
620 905 55 37 für
702 908 97 34 Farbe
826 908 70 34 und
922 907 178 49 Wirkung
1131 922 70 21 vor.
1244 909 51 34 Sie

147 958 116 37 würde
282 959 72 34 sich
372 967 63 26 erst
455 958 88 35 beim
557 959 117 34 Malen
693 960 202 35 bestimmter
914 960 69 35 und
1002 960 107 35 klarer
1123 961 170 47 gestalten.

148 1015 39 32 Er
206 1010 118 42 denke,
345 1024 31 21 es
397 1016 108 29 müsse
523 1011 168 35 vielleicht
710 1021 104 26 etwas
834 1025 68 22 von
922 1012 56 35 der
996 1013 226 47 Erscheinung
1241 1013 54 34 des

147 1068 152 43 jüngsten
327 1064 152 34 Gerichts
507 1076 69 23 von
602 1064 251 47 Michelangelo
888 1064 217 35 bekommen:
1140 1065 156 48 plastisch

149 1115 206 36 vortretende
374 1116 171 35 Gestalten
564 1116 69 34 und
653 1117 119 34 andere
790 1118 35 33 in
843 1116 208 35 Silhouetten
1070 1118 221 34 erscheinend.

148 1169 60 33 Die
222 1168 152 34 hinteren
391 1167 102 35 obern
508 1170 117 32 Putten
641 1182 82 34 ganz
738 1170 35 33 in
787 1168 155 41 Luftton,
958 1170 67 34 wie
1040 1170 34 33 in
1088 1169 209 49 gedämpfter

148 1221 238 46 Erscheinung.
432 1223 42 32 Er
503 1219 107 36 denke
637 1222 45 34 sie
709 1221 167 35 vielleicht
904 1234 83 35 ganz
1014 1223 62 33 mit
1103 1223 109 33 einem
1240 1223 57 33 der

147 1271 78 36 Luft
242 1272 215 34 verwandten
473 1273 176 35 Mittelton
663 1286 39 22 zu
717 1273 228 42 modellieren,
966 1273 89 35 dann
1070 1275 108 47 einige
1193 1273 104 36 kecke

148 1324 81 48 (wie
249 1337 33 21 er
300 1333 105 38 sagte:
435 1323 129 50 freche)
592 1326 132 34 Lichter
751 1325 125 35 darauf
898 1326 70 34 und
996 1327 54 33 ein
1072 1340 79 34 paar
1170 1328 126 34 Striche

147 1377 60 35 mit
232 1377 105 33 reiner
362 1376 99 35 Farbe
490 1377 184 47 (vielleicht
702 1377 178 35 hellrotem
903 1379 216 46 Eisenoxyd.)
1175 1381 38 32 In
1241 1379 56 35 der

147 1428 198 36 weiblichen
373 1430 97 46 Figur
497 1429 145 35 müfsten
675 1430 88 34 dann
796 1430 74 35 aber
897 1431 99 33 Farbe
1023 1431 69 33 und
1120 1431 96 35 Licht
1248 1433 49 33 im

147 1480 161 36 höchsten
338 1482 167 48 Triumph
535 1482 236 35 heraustreten.
820 1487 67 30 Das
919 1486 70 31 Rot
1020 1484 54 33 des
1107 1484 190 34 Gewandes

148 1532 101 35 denkt
269 1546 32 21 er
320 1534 70 33 sich
409 1534 47 33 als
476 1535 53 33 ein
545 1548 141 21 warmes
702 1538 80 31 Rot.
810 1536 58 33 Ich
883 1535 118 35 würde
1019 1536 71 34 ihm
1105 1536 52 34 bei
1173 1536 124 34 diesem

148 1585 91 34 Bilde
267 1586 115 47 wenig
409 1585 113 35 helfen
550 1586 147 35 können.
735 1590 67 31 Das
830 1601 101 34 ganze
956 1588 74 34 Bild
1057 1588 63 34 soll
1149 1588 45 34 als
1224 1589 73 34 eine

148 1637 171 47 lebendige
334 1637 110 48 grofse
459 1637 111 36 Skizze
590 1640 200 33 erscheinen.
820 1641 68 33 Mir
903 1639 88 35 fehle
1006 1640 52 34 die
1074 1640 223 48 Leichtigkeit

149 1689 53 35 der
216 1689 221 48 Behandlung
456 1691 70 34 und
540 1692 139 33 Freiheit
698 1692 49 33 im
764 1692 125 35 Malen.
917 1693 59 34 Ich
990 1692 119 35 würde
1128 1693 168 34 vielleicht

148 1743 34 33 in
201 1741 130 49 penible
345 1742 268 48 Aengstlichkeit
632 1743 171 36 verfallen.
830 1748 42 31 Er
886 1744 104 35 wolle
1010 1745 63 34 den
1091 1745 204 48 morgenden

150 1797 148 43 Sonntag
312 1795 35 33 in
361 1795 211 35 Nichtsthun
588 1796 207 48 verbringen,
812 1797 105 34 damit
931 1809 34 22 er
977 1810 53 21 am
1048 1800 147 45 Montag
1210 1798 86 33 seine

149 1859 98 35 ganze
275 1845 100 36 Kraft
404 1847 202 35 beisammen
637 1848 86 34 habe
755 1848 69 35 und
856 1851 63 32 mit
950 1848 161 48 gröfserer
1143 1851 154 46 geistiger

149 1899 196 47 Sammlung
364 1899 68 34 sein
451 1899 110 35 Werk
579 1900 166 47 beginnen
764 1901 125 34 könne.
935 1905 38 30 Es
994 1903 46 33 sei
1065 1903 86 33 seine
1170 1901 106 35 Ueber-

148 1964 165 34 zeugung,
341 1950 71 35 dafs
437 1965 64 21 nur
527 1951 53 35 bei
597 1953 157 34 höchster
773 1954 152 46 geistiger
943 1955 232 47 Anspannung
1193 1964 103 25 etwas

148 2004 179 46 Tüchtiges
353 2004 70 33 und
450 2004 224 35 Bedeutendes
709 2005 149 47 geleistet
885 2005 135 35 werden
1048 2005 123 35 könne.
1217 2006 79 34 Und

148 2068 58 23 wo
227 2056 52 33 die
294 2055 101 35 Alten
410 2064 104 27 etwas
530 2056 135 35 Grofses
681 2058 69 34 und
766 2058 186 34 Herrliches
969 2057 201 48 geschaffen,
1188 2058 108 35 haben

149 2108 43 33 sie
212 2120 31 21 es
262 2107 121 48 gewifs
404 2108 148 35 dadurch
572 2110 149 33 erreicht.
758 2109 142 35 Böcklin
924 2109 150 48 überlegt
1100 2110 99 35 daher
1218 2110 79 48 lang

150 2160 67 34 und
237 2160 97 33 sucht
352 2161 71 34 sich
442 2160 116 35 scharf
578 2162 35 33 in
639 2162 52 33 die
711 2162 103 34 Sache
832 2162 300 37 hineinzudenken.
1171 2162 126 35 Glaubt

151 2225 31 21 er
207 2225 32 21 es
266 2212 88 34 dann
380 2225 40 22 zu
445 2212 120 41 haben,
592 2226 36 21 so
657 2214 109 33 merkt
793 2227 79 21 man
897 2214 73 35 ihm
996 2213 88 36 beim
1102 2216 116 33 Malen
1244 2214 53 34 die

150 2265 110 34 innere
274 2263 200 49 Aufregung
488 2266 69 33 und
573 2266 52 33 die
639 2266 139 34 höchste
792 2266 241 47 Lebendigkeit
1046 2265 56 36 für
1117 2267 51 34 die
1182 2266 114 35 Arbeit

151 2329 52 28 an,
232 2330 36 20 so
296 2316 70 35 dafs
392 2317 71 35 ihm
488 2317 140 35 darüber
655 2318 54 34 die
733 2319 101 33 Hand
862 2320 118 40 zittert,
1009 2319 113 34 indem
1147 2320 45 33 sie
1220 2319 76 34 dem

152 2369 181 47 gleichsam
352 2369 173 35 fieberhaft
544 2369 337 36 vorausschaffenden
899 2373 97 45 Auge
1015 2369 98 50 folgt.

550 2470 53 21 22.
623 2458 194 34 November
838 2458 59 35 68.

229 2527 113 47 Später
361 2534 90 39 sagte
470 2538 49 23 er:
547 2539 33 21 er
597 2526 91 35 stelle
707 2527 71 34 sich
796 2528 36 34 in
851 2527 77 34 dem
947 2526 91 35 Bilde
1058 2529 72 32 eine
1149 2527 147 35 schwere

152 2577 89 34 hohe
258 2576 155 49 Aufgabe
439 2578 70 34 und
535 2577 148 42 riskiere,
710 2580 44 33 ob
783 2592 33 21 er
842 2580 57 34 der
924 2580 102 34 Sache
1051 2582 85 31 Herr
1162 2580 135 34 werden

152 2628 123 42 könne,
301 2629 80 34 oder
407 2629 43 34 ob
479 2643 33 21 er
536 2629 96 36 dabei
656 2631 117 35 Fiasko
800 2633 126 34 mache.
969 2630 63 36 Oft
1051 2632 98 34 käme
1173 2645 33 21 er
1229 2633 70 34 sich

152 2680 94 35 dabei
278 2694 61 23 vor
371 2683 66 34 wie
470 2684 53 33 ein
555 2683 188 40 Seiltänzer,
776 2684 56 34 der
865 2683 64 35 auf
954 2684 127 34 hohem
1109 2684 64 35 Seil
1206 2685 92 46 gehe.

152 2734 182 34 Aehnliche
355 2733 148 36 Gefühle
529 2740 133 29 müssen
683 2736 60 34 ihn
769 2736 86 34 auch
879 2737 100 34 heute
998 2736 161 35 bedrückt
1178 2737 120 41 haben,

153 2785 86 35 denn
258 2799 34 21 er
310 2799 73 22 war
402 2786 63 34 den
484 2800 125 34 ganzen
628 2790 72 45 Tag
718 2790 194 33 verstimmt.

227 2838 291 36 Naturstudien
534 2840 59 34 hat
604 2853 33 21 er
648 2841 114 46 wenig
773 2853 40 22 zu
824 2840 123 34 diesem
958 2840 92 34 Bilde
1061 2841 165 46 gemacht.
1248 2842 50 33 Zu

153 2889 62 35 den
234 2891 161 34 Tritonen
413 2892 59 34 hat
491 2905 32 21 er
546 2892 71 34 sich
640 2892 97 34 selbst
763 2893 46 33 im
829 2893 127 47 Spiegel
981 2893 203 47 gezeichnet,
1211 2893 32 36 d.
1263 2894 34 33 h.

153 2943 52 32 nie
237 2941 110 35 direkt
377 2942 145 48 kopiert,
555 2944 144 34 sondern
726 2945 36 33 in
789 2944 99 35 allem
916 2945 109 47 gleich
1054 2945 63 35 auf
1139 2945 52 35 die
1217 2948 61 32 Ver-

153 2994 170 48 wendung
342 2994 187 36 Rücksicht
547 3009 212 34 genommen.
790 2999 67 32 Zur
876 2997 201 34 weiblichen
1096 2997 127 35 Gestalt
1241 2998 57 34 hat

152 3058 32 23 er
208 3059 65 22 nur
294 3060 75 21 2
378 3060 14 32 3
416 3048 92 33 Male
536 3051 73 43 jene
637 3048 258 36 obenerwähnle
919 3052 106 31 Dame
1048 3049 153 41 besucht,
1228 3050 71 34 sich

152 3097 83 41 aber,
254 3100 68 34 wie
342 3112 31 21 es
392 3100 139 40 scheint,
551 3113 64 22 nur
635 3099 65 36 auf
714 3101 55 34 das
785 3102 200 34 Anschauen
1004 3101 70 35 und
1088 3103 211 33 Beobachten

151 3149 203 36 beschieden.
397 3154 51 32 Zu
472 3152 64 35 den
562 3155 121 32 Putten
709 3153 133 34 endlich
870 3154 165 34 zeichnete
1060 3154 70 34 sich
1156 3153 143 35 Böcklin

152 3202 106 48 einige
277 3202 111 49 Köpfe
406 3205 87 34 nach
507 3204 148 35 Kindern
674 3206 103 33 seiner
791 3206 156 40 Freunde,
967 3207 123 33 meinte
1104 3206 77 34 aber
1196 3206 101 40 dann,

152 3267 32 21 er
202 3254 113 35 könne
334 3256 46 33 sie
398 3256 93 35 nicht
510 3256 91 35 recht
619 3257 180 40 brauchen,
825 3258 45 33 sie
890 3258 157 34 brächten
1066 3259 58 34 ihn
1144 3271 58 22 aus
1222 3259 77 34 dem

150 3308 91 34 Text.
283 3310 37 32 In
339 3321 37 21 so
396 3308 178 47 allgemein
593 3309 159 48 gedachte
771 3310 171 34 Gestalten
967 3308 133 36 dürften
1123 3310 97 35 keine
1241 3324 38 34 ge-

151 3371 84 22 naue
253 3359 251 49 Naturkopien,
533 3361 53 34 die
613 3375 68 21 von
710 3361 56 35 der
784 3364 111 32 Natur
920 3361 138 49 zufällig
1086 3376 37 21 so
1152 3362 78 35 oder
1259 3376 38 21 so

152 3411 161 46 gebildete
341 3415 139 32 Formen
507 3415 135 45 zeigten.
693 3414 120 35 Solche
841 3415 140 34 würden
1013 3415 76 34 dem
1117 3416 181 33 Beschauer

152 3463 146 47 sogleich
329 3477 57 21 aus
420 3465 75 34 dem
526 3465 92 35 Bilde
651 3465 165 35 auffallen
848 3467 70 35 und
950 3467 75 34 dem
1062 3468 236 34 einheitlichen

152 3516 151 34 Interesse
331 3516 151 36 schaden.
530 3521 43 31 So
602 3519 88 34 auch
717 3518 134 35 verläfst
877 3520 72 34 sich
975 3519 142 35 Böcklin
1149 3519 55 35 für
1235 3520 63 34 den

152 3567 96 48 Kopf
269 3568 57 34 der
351 3571 154 45 Magna
529 3583 148 35 parens
703 3571 69 33 rein
797 3569 65 36 auf
882 3571 56 35 das
960 3571 163 49 Gelingen
1150 3574 35 33 in
1209 3573 89 34 einer

152 3621 173 47 günstigen
344 3622 135 40 Stunde,
503 3622 65 34 auf
582 3622 52 34 die
654 3624 140 33 erhöhte
812 3624 136 48 geistige
966 3625 203 47 Stimmung,
1196 3637 102 22 wenn

1399 557 33 22 er
1458 546 70 33 sich
1553 558 60 22 vor
1639 546 75 35 dem
1732 546 118 36 Fresko
1878 547 96 35 selbst
2001 547 143 36 befindet
2163 547 71 35 und
2254 545 64 36 auf
2338 546 53 35 die
2410 548 137 47 geistige

1399 599 230 46 Anspannung
1637 600 23 38 3
1660 600 47 38 in
1733 599 53 34 die
1811 600 58 35 ihn
1890 600 55 35 das
1966 601 158 35 Arbeiten
2142 601 35 34 in
2196 600 57 33 der
2273 599 274 35 entscheidenden

1399 650 125 33 Stunde
1544 650 138 48 bringen
1700 652 98 35 wird.
1834 654 58 33 Bei
1911 652 76 35 dem
2006 666 126 35 ganzen
2151 652 92 35 Bilde
2262 651 59 35 bat
2340 665 33 21 er
2392 651 77 34 dem
2488 654 40 32 Er-

1399 701 110 34 finden
1529 716 42 20 an
1592 706 63 31 Ort
1675 704 69 34 und
1763 704 97 35 Stelle
1880 704 55 35 das
1956 706 120 34 Meiste
2095 704 199 42 überlassen,
2321 704 70 34 und
2412 704 135 35 deshalb

1399 755 146 34 verstehe
1563 755 56 34 ich
1638 756 86 34 auch
1743 757 72 34 sehr
1833 758 114 41 wohl,
1968 757 71 36 dafs
2059 758 52 34 ein
2130 757 147 36 Anderer
2300 757 95 34 nicht
2420 766 60 38 gut
2506 769 40 22 an

1398 805 65 35 den
1481 806 157 35 Arbeiten
1658 808 203 35 teilnehmen
1880 809 106 42 kann,
2013 810 42 35 da
2073 823 31 22 es
2125 809 200 48 unmöglich
2344 810 57 39 ist,
2420 809 72 34 sich
2510 808 36 34 in

1399 857 53 35 die
1478 857 72 36 Idee
1578 860 86 34 eines
1683 860 153 35 Anderen
1868 862 70 34 und
1963 862 88 35 noch
2079 862 83 35 dazu
2189 862 86 34 eines
2301 862 151 34 Meisters
2480 862 67 34 wie

1399 909 144 36 Böcklin
1561 924 83 34 ganz
1662 912 282 43 hineinzufinden,
1969 928 102 22 wenn
2090 927 62 22 nur
2176 915 53 34 ein
2255 927 37 22 so
2313 913 135 35 leichter
2466 916 61 32 Ent-

1399 960 98 38 wurf
1510 976 41 21 zu
1570 964 137 34 Grunde
1726 965 90 47 liegt.

1803 1067 55 32 23.
1878 1054 194 34 November
2095 1054 57 35 68.

1479 1120 56 33 Ich
1546 1117 105 50 fragte
1662 1121 153 42 Böcklin,
1835 1123 43 35 ob
1898 1123 53 34 die
1965 1123 109 35 Bilder
2087 1123 214 48 Iphigenia
2318 1123 70 47 (bei
2399 1120 145 49 Schack)

1400 1171 71 34 und
1504 1173 156 47 Sappho
1699 1175 163 47 (Sarasin)
1895 1176 36 34 in
1963 1176 55 34 der
2043 1176 150 34 Technik
2235 1176 71 33 sich
2335 1176 72 33 sehr
2434 1183 93 26 unter-

1401 1224 169 40 schieden,
1594 1224 70 35 und
1687 1226 56 35 das
1763 1228 80 33 Eine
1868 1236 88 27 etwa
1980 1227 218 48 vorwiegend
2220 1228 149 34 Wachs-
2394 1227 68 34 und
2488 1226 58 35 das

1401 1276 118 34 andere
1537 1278 224 35 Harzmalerei
1780 1281 55 33 sei.
1925 1282 42 31 Er
1987 1288 213 27 antwortete:
2220 1281 47 32 im
2284 1278 262 51 Iphigeniabilde

1401 1329 68 34 wie
1497 1328 35 34 in
1558 1329 57 33 der
1648 1332 134 47 Sappho
1811 1333 87 32 seien
1921 1334 106 32 Harze
2057 1332 216 47 vorwiegend
2302 1332 84 48 (und
2412 1331 55 34 das
2493 1330 53 34 bei

1402 1380 86 35 allen
1518 1381 110 34 seinen
1654 1384 187 34 Versuchen
1865 1384 61 35 mit
1950 1383 275 48 Wachsfarben).
2328 1388 66 30 Das
2413 1383 131 35 Wachs

1402 1433 93 34 diene
1514 1445 63 22 nur
1594 1433 45 34 als
1659 1435 269 36 Schmelzmittel.

1956 1550 32 29 &

1479 1641 143 36 Böcklin
1641 1644 140 34 erzählte
1800 1657 68 22 von
1886 1644 155 35 Lenbach
2059 1645 69 33 und
2147 1647 129 45 Hagen.
2305 1645 51 33 Sie
2371 1644 172 34 beredeten

1401 1694 151 40 Böcklin,
1573 1696 62 33 mit
1653 1696 101 34 ihnen
1773 1709 190 22 zusammen
1982 1697 53 34 ein
2055 1696 124 35 Atelier
2204 1710 40 21 zu
2267 1697 152 34 nehmen.
2475 1699 67 32 Das

1401 1747 80 46 ging
1501 1746 76 35 aber
1612 1760 62 21 nur
1697 1750 132 46 wenige
1860 1751 150 33 Monate.
2057 1751 69 32 Aus
2161 1750 117 34 Anlass
2309 1762 68 21 von
2408 1750 134 46 Hägens

1401 1800 141 33 Portrait
1564 1798 65 48 gab
1657 1813 31 20 es
1715 1802 70 33 eine
1811 1800 268 48 Mißstimmung
2102 1802 167 34 zwischen
2293 1800 153 35 Lenbach
2473 1800 68 35 und

1401 1851 153 40 Böcklin,
1574 1865 37 20 so
1632 1851 70 34 dafs
1723 1853 102 34 dieser
1843 1853 71 34 sich
1932 1852 197 48 zurückzog.

1481 1903 127 35 Schack
1627 1905 118 34 wollte
1763 1905 70 34 sich
1852 1904 155 35 Böcklins
2026 1905 194 47 Thätigkeit
2243 1905 108 48 gleich
2375 1905 56 34 der
2459 1907 64 31 Len-

1402 1955 99 35 bachs
1522 1955 211 48 verpfänden,
1761 1957 71 34 und
1850 1957 142 34 Böcklin
2017 1966 89 38 sagte
2128 1971 50 22 zu.
2239 1958 58 34 Als
2316 1956 128 36 Schack
2469 1955 75 36 aber

1403 2007 123 35 einmal
1545 2009 53 33 ein
1616 2008 72 34 Bild
1707 2008 158 36 Böcklins
1885 2009 147 42 mifsfiel,
2060 2009 126 34 schrieb
2212 2009 72 34 ihm
2303 2009 118 42 dieser,
2448 2021 33 21 er
2499 2009 45 33 sei

1402 2061 93 33 nicht
1514 2059 187 48 gebunden,
1722 2074 31 20 es
1772 2075 40 21 zu
1830 2062 143 34 nehmen
1994 2062 133 47 (Erste
2146 2061 256 49 Iphigenia),
2422 2060 70 36 und
2506 2073 36 21 so

1402 2112 97 34 hörte
1517 2112 56 34 der
1591 2112 167 35 Kontrakt
1769 2112 69 43 auf,
1858 2113 109 35 zumal
1979 2112 127 36 Schack
2116 2114 59 33 ihn
2186 2113 214 49 verpflichten
2413 2112 131 40 wollte,

1402 2165 53 33 nie
1474 2164 125 35 wieder
1618 2164 108 35 Bilder
1745 2166 63 33 mit
1825 2164 245 36 Wachsfarben
2089 2179 41 20 zu
2149 2165 119 35 malen.
2330 2167 116 46 Einige
2474 2165 72 34 Zeit

1401 2219 107 44 später
1528 2216 146 35 bestellte
1693 2230 33 21 er
1742 2218 122 45 jedoch
1878 2218 55 34 das
1950 2218 208 47 Quellbild
2177 2218 71 34 und
2267 2218 72 34 liess
2360 2219 71 33 ihm
2450 2216 96 35 dabei

1401 2268 124 47 völlige
1538 2269 148 34 Freiheit.
1715 2270 83 47 (Das
1813 2278 80 26 erste
1909 2270 70 33 Bild
1995 2270 55 34 der
2064 2270 172 47 Iphigenia
2252 2271 34 33 in
2300 2268 246 37 Wachsfarben

1401 2320 92 34 hatte
1512 2321 62 33 mit
1594 2320 56 34 der
1669 2322 82 40 Zeit,
1771 2321 166 35 vielleicht
1963 2320 131 49 infolge
2119 2322 56 33 der
2199 2322 259 47 Bewunderung
2477 2333 69 23 von

1401 2373 101 34 seiten
1523 2371 54 35 des
1596 2373 205 40 Publikums,
1822 2375 118 33 immer
1959 2375 94 33 mehr
2080 2375 112 32 seinen
2211 2373 117 36 Beifall
2347 2372 197 49 gefunden.)

1956 2487 33 29 &

1480 2582 111 32 Heute
1617 2580 55 34 das
1698 2580 143 34 Fresko
1867 2581 81 33 lim
1968 2583 187 32 Museum
2173 2581 187 48 begonnen.
2410 2595 17 21 2
2455 2581 48 35 bis
2528 2595 13 33 3

1403 2631 260 36 Kalkschichten
1682 2633 61 33 mit
1767 2632 87 35 Sand
1873 2646 68 22 von
1960 2637 11 19 3
1976 2631 2 52 |
1982 2664 12 18 4
2013 2633 91 42 Zoll,
2130 2637 9 14 x
2145 2631 2 52 |
2151 2663 11 14 2
2182 2633 77 35 Zoll
2282 2634 71 34 und
2377 2647 14 32 3
2416 2635 131 38 Linien,

1404 2683 123 36 darauf
1550 2684 71 34 eine
1647 2684 133 35 Schicht
1807 2697 67 22 von
1903 2698 16 21 2
1951 2686 118 33 Linien
2098 2698 58 21 aus
2182 2685 90 35 Kalk
2302 2687 63 33 mit
2393 2687 152 33 weissem

1403 2736 268 48 Marmorpulver
1688 2736 71 34 und
1778 2736 87 35 diese
1878 2738 63 33 mit
1956 2737 257 48 Schlaghölzern
2233 2738 208 48 geschlagen,
2457 2740 90 33 dann

1403 2790 62 33 mit
1485 2789 76 34 dem
1580 2789 172 34 Brettchen
1762 2788 84 47 glatt
1856 2789 177 36 verrieben.
2071 2793 66 31 Der
2147 2790 117 35 Grund
2283 2792 40 33 ist
2337 2791 73 34 sehr
2421 2790 126 35 delikat

1403 2841 69 34 und
1491 2840 79 41 hell,
1587 2840 121 47 jedoch
1726 2842 93 33 nicht
1838 2854 37 21 so
1893 2841 68 34 hell
1980 2843 67 34 wie
2065 2843 105 33 reiner
2189 2842 98 40 Kalk,
2314 2842 65 35 auf
2393 2843 77 34 dem
2490 2842 56 35 das

1403 2893 280 48 daraufgestreute
1697 2893 115 34 weisse
1831 2894 267 48 Marmorpulver
2117 2894 105 35 durch
2241 2894 53 35 die
2304 2894 242 49 Feuchtigkeit,

1403 2945 53 35 die
1476 2959 31 20 es
1532 2944 135 48 aufsog,
1696 2945 124 34 dunkel
1846 2946 129 34 wurde.
2010 2947 195 47 (Vielleicht
2231 2947 138 34 enthielt
2389 2949 86 33 auch
2494 2947 52 34 die

1403 2998 155 34 vorletzte
1568 2997 135 35 Schicht
1722 2997 104 35 neben
1846 2997 75 35 dem
1937 2999 87 33 Sand
2034 3001 89 32 noch
2134 3008 104 26 etwas
2250 2999 294 49 Marmorpulver.)

1480 3052 69 32 Um
1568 3049 52 34 die
1638 3050 196 46 Zeichnung
1861 3049 241 49 aufzupausen,
2128 3051 117 35 wurde
2271 3051 63 35 auf
2353 3053 55 33 das
2434 3060 95 26 unter-

1403 3101 237 36 zuschiebende
1658 3102 195 48 Pauspapier
1877 3103 125 33 Röthel
2027 3103 134 47 (Bolus)
2191 3103 167 35 verrieben
2386 3105 69 34 und
2484 3105 47 33 als-

1403 3154 90 34 dann
1521 3154 52 33 die
1595 3157 175 31 Konturen
1797 3155 62 33 mit
1886 3155 109 33 einem
2023 3153 119 36 Griffel
2171 3155 185 46 (vielleicht
2383 3155 161 48 Bleistift)

1403 3204 276 49 durchgedrückt.

1481 3262 100 31 Dann
1619 3258 85 47 legte
1728 3257 141 36 Böcklin
1902 3258 64 35 den
1992 3258 120 35 oberen
2139 3259 73 34 Teil
2239 3260 63 33 mit
2339 3260 64 35 den
2428 3260 118 32 Putten

1402 3310 83 35 flink
1505 3311 62 33 mit
1587 3310 75 34 dem
1681 3308 141 36 Luftton
1840 3310 34 33 in
1893 3310 176 48 Wirkung
2088 3324 52 28 an,
2168 3311 54 34 das
2242 3312 97 33 Licht
2358 3313 61 33 mit
2440 3311 106 33 einem

1403 3366 74 31 Ton
1490 3362 106 48 (ohne
1616 3375 107 34 grosse
1733 3361 320 49 Berücksichtigung
2072 3363 56 34 der
2142 3365 193 46 Konturen)
2358 3364 70 34 und
2447 3362 101 35 malte

1403 3416 88 33 dann
1512 3415 63 33 den
1593 3413 143 35 Luftton
1756 3423 99 31 etwa,
1884 3416 68 33 wie
1980 3428 33 21 er
2038 3415 135 35 werden
2197 3415 108 34 sollte.
2362 3417 185 47 (Schwarz,

1402 3467 100 40 Kalk,
1535 3475 103 27 etwas
1666 3466 113 35 blauer
1793 3467 206 34 Ultramarin
2022 3467 72 35 und
2120 3477 103 25 etwas
2248 3473 136 43 grüner;
2412 3469 44 34 als
2477 3468 71 34 sich

1402 3520 56 34 das
1479 3519 74 35 aber
1571 3532 40 21 zu
1639 3518 70 34 kalt
1737 3520 128 39 erwies,
1892 3521 89 33 noch
2006 3521 132 46 tüchtig
2165 3520 173 47 hellgrüne
2362 3521 83 35 Erde
2473 3521 57 34 dar-

1402 3571 126 47 unter.)
1566 3574 98 31 Dann
1673 3571 139 35 wurden
1832 3571 51 34 die
1903 3571 151 35 obersten
2066 3575 120 31 Putten
2196 3573 116 34 weiter
2322 3574 36 33 in
2372 3573 177 46 Wirkung

1402 3637 56 22 zur
1477 3623 197 49 plastischen
1701 3624 225 46 Erscheinung
1954 3624 277 48 herausgebracht
2259 3625 68 35 und
2357 3639 105 23 zwar:
2488 3634 61 26 erst
