3599 4572
1397 3866 70 35 237

236 569 184 52 geschaffen
435 570 84 39 sind,
535 571 52 32 ein
606 569 119 34 immer
744 569 135 35 helleres
900 569 67 34 und
984 569 156 33 reicheres
1156 568 70 34 und
1245 568 137 34 volleres

236 625 94 36 Licht
350 623 153 34 scheinen
522 635 39 20 zu
581 621 104 34 lassen
705 635 55 20 aus
777 622 57 34 der
843 621 97 35 Welt
959 622 35 32 in
1014 621 52 34 die
1076 620 115 42 Welt;
1210 620 71 35 dafs
1302 619 80 35 freie

236 677 89 35 Bahn
351 675 153 47 gemacht
530 675 42 32 ist
595 672 55 36 für
677 675 95 33 einen
796 673 103 35 freien
918 673 150 44 Willen;
1098 672 80 35 Luft
1198 673 68 34 und
1287 673 95 35 Licht

236 728 67 36 und
323 726 94 36 freies
437 726 94 34 Land
551 725 54 35 für
624 726 56 34 der
700 726 96 34 Welt
815 726 138 34 Blühen.

310 988 104 32 Unter
433 985 61 34 den
515 984 142 40 Bildern,
678 985 53 33 die
751 998 68 21 von
838 985 174 47 Richtung
1031 985 68 34 und
1114 988 194 45 Bewegung
1327 987 56 33 der

235 1036 396 48 Welten-Entwicklung
650 1037 70 34 eine
739 1037 161 34 sinnliche
912 1037 216 47 Vorstellung
1147 1051 39 20 zu
1207 1038 175 35 erwecken

236 1091 122 35 suchen
373 1091 40 33 ist
429 1089 56 34 das
500 1087 199 41 treffendste,
721 1089 52 33 die
789 1088 63 35 auf
862 1089 227 47 ansteigender
1104 1090 115 34 Fläche
1234 1091 148 34 ruhende

236 1142 127 50 Spirale.
385 1143 110 33 Dieses
507 1141 70 35 Bild
594 1142 35 33 in
643 1142 103 33 seiner
756 1142 231 47 Anwendung
1001 1141 65 35 auf
1076 1155 96 21 unser
1182 1144 178 34 Menschen-

235 1194 183 50 geschlecht
438 1192 78 36 darf
530 1194 94 34 nicht
644 1207 169 34 vergessen
833 1194 120 40 lassen,
979 1194 69 34 dafs
1075 1194 80 34 über
1175 1196 72 33 eine
1265 1195 117 35 relativ

234 1261 35 22 so
288 1247 97 34 kurze
405 1247 211 47 Zeitspanne,
644 1247 67 34 wie
735 1247 44 33 sie
803 1260 60 20 uns
883 1247 35 33 in
937 1260 132 21 unserer
1088 1248 198 34 Geschichte
1305 1261 58 21 vor-

233 1301 89 46 liegt,
342 1299 52 33 die
413 1298 167 47 steigende
595 1301 193 44 Bewegung
807 1298 105 35 kaum
927 1298 195 35 bemerkbar
1141 1300 69 34 und
1224 1302 36 31 in
1274 1301 108 34 ihrem

234 1356 114 43 Gange
367 1349 55 36 für
441 1364 61 21 uns
522 1350 115 35 relativ
652 1350 257 35 Nahestehende
928 1350 104 35 kaum
1052 1364 39 21 zu
1113 1352 196 34 bestimmen
1327 1354 48 33 ist.

233 1404 220 35 Andererseits
474 1401 78 36 darf
568 1404 51 33 die
638 1402 257 48 Beobachtung,
923 1403 70 34 dafs
1017 1404 106 33 durch
1148 1418 113 21 unsere
1281 1418 101 34 ganze

234 1456 193 36 Geschichte
445 1455 169 34 hindurch
632 1456 52 33 die
704 1456 119 33 Führer
843 1456 56 34 der
917 1456 211 34 Menschheit
1154 1456 63 35 auf
1237 1457 145 47 gleicher

233 1511 118 32 Warte
371 1521 110 33 ragen,
500 1508 94 33 nicht
615 1521 40 20 zu
675 1508 55 34 der
746 1507 126 36 Gefahr
888 1508 169 41 verleiten,
1078 1522 67 21 von
1164 1510 71 33 hier
1250 1523 57 20 aus
1323 1509 63 34 auf

233 1561 50 34 die
303 1561 207 33 Gesamtheit
529 1559 356 42 zurückzuschliessen,
916 1561 86 33 denn
1029 1561 56 33 der
1104 1562 101 34 Stand
1226 1562 57 34 der
1300 1565 61 31 Ent-

232 1611 176 49 wicklung
438 1613 101 33 dieser
565 1613 175 33 Höchsten
766 1613 42 33 ist
836 1613 164 47 vorläufig
1025 1611 54 36 für
1103 1627 59 21 uns
1192 1614 191 34 unmefsbar

232 1665 68 35 und
326 1665 79 46 liegt
429 1665 90 33 hoch
545 1663 80 35 über
648 1677 151 22 unserem
819 1667 121 45 Wege.
979 1669 66 31 Der
1072 1665 134 40 Grund,
1232 1666 150 35 weshalb

234 1718 49 34 die
309 1716 243 47 Entwicklung
577 1717 53 33 des
658 1720 135 31 Ganzen
815 1731 37 20 so
878 1717 182 35 unendlich
1085 1719 221 46 verlangsamt
1332 1732 34 20 er-

234 1770 124 34 scheint
384 1782 103 34 gegen
514 1769 52 34 die
592 1769 171 47 mögliche
789 1769 244 48 Entwicklung
1058 1770 53 34 des
1135 1771 246 41 Individuums,

232 1823 77 46 liegt
335 1822 109 40 darin,
475 1820 71 35 dafs
575 1822 56 33 der
657 1825 47 30 im
728 1822 216 34 Individuum
972 1826 181 30 souveräne
1177 1823 205 35 Einzelwille

233 1876 92 32 einen
352 1874 108 47 völlig
488 1874 186 47 adäquaten
698 1874 133 34 Willen
860 1875 33 32 in
923 1874 63 33 den
1014 1874 142 35 anderen
1184 1876 197 33 Individuen

232 1928 92 33 nicht
339 1926 176 40 vorfindet,
537 1927 122 33 womit
680 1926 52 33 die
746 1926 229 47 Möglichkeit
990 1925 97 41 fehlt,
1108 1927 52 34 die
1177 1928 205 34 Gesamtheit

232 1992 37 21 zu
292 1980 107 33 einem
424 1978 135 33 solchen
588 1978 255 35 Gesamtwillen
872 1979 424 41 zusammenzuschliefsen,
1325 1980 56 34 der

232 2032 67 33 ihre
324 2029 124 35 fernere
472 2029 244 48 Entwicklung
739 2030 146 35 bewufst
911 2030 101 34 leiten
1037 2030 137 35 könnte.
1214 2032 87 33 Aber
1324 2032 56 34 das

231 2087 177 30 souveräne
427 2083 218 34 Individuum
666 2081 77 35 darf
757 2083 69 33 und
847 2096 89 20 muss
956 2083 68 34 sich
1050 2097 38 20 zu
1109 2083 55 34 der
1183 2083 197 34 Erkenntnis

232 2135 210 40 durchleben,
464 2133 83 42 dafs,
567 2148 58 21 wo
647 2135 86 33 auch
752 2135 121 34 immer
892 2135 56 34 der
967 2135 110 34 Punkt
1096 2137 51 38 ist,
1172 2137 101 33 dahin
1293 2137 88 33 seine

234 2187 157 47 bisherige
410 2187 245 47 Entwicklung
674 2188 59 33 ihn
752 2187 131 47 gestellt
902 2187 70 40 hat,
994 2200 30 21 es
1043 2189 35 32 in
1099 2189 87 33 seine
1205 2188 102 34 Hand
1326 2202 36 34 ge-

231 2239 101 49 geben
359 2241 54 40 ist,
441 2253 68 21 von
535 2253 70 20 nun
631 2253 41 20 an
697 2241 87 32 seine
803 2240 138 34 weitere
960 2239 243 48 Entwicklung
1222 2240 98 34 selbst
1339 2254 41 20 zu

231 2293 208 39 bestimmen,
469 2293 88 32 Stein
587 2291 65 34 auf
674 2293 89 32 Stein
793 2305 39 21 zu
862 2292 171 34 schichten
1062 2293 34 32 in
1127 2292 113 41 stiller,
1274 2301 107 25 treuer

232 2344 112 34 Arbeit
372 2344 70 34 und
469 2357 36 20 so
535 2345 52 33 die
615 2345 127 47 Treppe
768 2344 70 33 sich
864 2358 38 20 zu
926 2344 121 41 bauen,
1076 2343 125 35 hinauf
1219 2358 39 20 zu
1281 2349 98 42 jenen

231 2398 133 37 Höhen,
383 2410 58 21 wo
463 2397 183 34 Beethoven
667 2396 72 34 und
758 2396 94 34 Plato
873 2396 71 34 sich
965 2396 51 34 die
1036 2396 122 35 Hände
1177 2397 141 35 reichen.

306 2659 108 31 Kunst
439 2657 40 33 ist
504 2657 57 33 das
587 2657 129 33 Blühen
741 2657 56 33 der
820 2659 113 31 Natur
957 2657 47 33 im
1030 2657 195 34 Menschen.
1272 2659 108 32 Kunst

232 2709 39 33 ist
290 2708 51 35 die
360 2709 140 47 Sprache
519 2709 57 33 der
595 2709 88 33 Seele
703 2709 106 33 durch
829 2708 63 34 den
910 2709 195 35 Menschen.

306 2763 33 42 Je
367 2761 92 33 mehr
487 2761 55 34 ich
570 2761 63 33 den
658 2760 115 35 Boden
800 2760 135 34 bereitet
961 2760 96 40 habe,
1086 2774 59 20 um
1174 2761 76 33 dem
1277 2760 104 35 tiefen

233 2813 75 34 Sinn
329 2813 158 34 lauschen
506 2826 39 21 zu
560 2812 139 36 können
715 2814 103 33 dieser
836 2815 123 37 Natur,
980 2812 95 35 deren
1096 2814 106 33 meine
1218 2813 89 34 Seele
1326 2814 54 33 ein

233 2865 70 34 Teil
322 2866 40 33 ist
381 2866 68 33 und
470 2866 52 33 ein
543 2866 141 47 Spiegel,
703 2879 57 20 um
781 2878 35 21 so
837 2866 122 33 reinere
978 2865 197 34 Erkenntnis
1194 2866 112 33 werde
1325 2866 55 33 ich

234 2930 64 21 von
324 2918 76 33 dem
423 2918 133 44 Jenseits
583 2931 131 21 unserer
741 2916 326 47 Erscheinungswelt
1094 2918 198 46 gewinnen,
1321 2930 60 21 um

233 2982 35 20 so
295 2968 93 36 tiefer
407 2970 85 35 wird
513 2970 77 34 alles
610 2970 148 39 werden,
778 2982 71 22 was
868 2970 55 33 ich
941 2969 72 34 lebe
1032 2970 68 33 und
1121 2982 74 35 sage
1214 2970 68 33 und
1302 2970 60 33 mit-

234 3021 83 40 teile,
349 3035 58 21 um
440 3036 36 20 so
505 3022 196 47 gewaltiger
729 3021 114 35 werde
870 3022 55 33 ich
953 3021 109 34 meine
1089 3022 91 33 Seele
1207 3035 39 20 zu
1275 3025 106 30 einem

234 3086 102 22 neuen
352 3073 62 35 auf
425 3074 62 34 den
503 3075 240 46 Bedingungen
758 3075 86 33 ihrer
858 3073 336 47 Erscheinungsform
1211 3073 171 35 ruhenden

234 3125 118 41 Leben,
371 3140 55 20 zur
446 3130 109 31 Kunst
576 3127 186 34 erwecken.

312 3178 128 36 Gewifs
467 3180 73 34 sind
568 3179 52 34 die
640 3178 253 48 Aeufserungen
914 3177 55 34 der
988 3176 203 35 Seclenkraft
1210 3190 37 21 so
1266 3177 116 47 wenig

237 3229 61 35 auf
318 3230 52 34 die
393 3231 239 48 Bedingungen
658 3232 89 33 ihrer
774 3231 159 47 heutigen
961 3228 336 49 Erscheinungsform
1324 3228 39 35 be-

235 3282 169 42 schränkt,
431 3284 67 34 wie
524 3284 70 33 ihre
614 3287 152 31 Grenzen
785 3283 151 34 endliche
957 3282 85 34 sind.
1088 3282 87 34 Aber
1194 3282 100 34 dieses
1315 3284 45 31 Ge-

234 3333 65 35 biet
327 3336 86 33 eines
437 3337 152 43 Jenseits,
619 3336 86 34 diese
736 3336 178 46 Regionen
942 3335 88 34 einer
1058 3347 122 28 neuen,
1210 3334 171 39 weiteren,

235 3384 146 37 ferneren
402 3391 106 31 Kunst
527 3388 137 34 können
684 3389 65 33 wir
767 3401 65 21 nur
851 3388 126 39 ahnen,
1001 3387 94 34 nicht
1114 3384 179 50 begreifen.
1331 3386 51 33 Sie

238 3439 150 34 scheiden
413 3453 56 21 aus
496 3440 57 34 der
578 3440 174 35 Aesthetik
778 3453 75 27 aus,
880 3439 53 34 die
957 3453 30 21 es
1011 3451 64 22 nur
1099 3439 60 34 mit
1185 3439 132 46 Dingen
1342 3451 39 20 zu

237 3490 82 35 thun
341 3492 69 40 hat,
437 3493 51 34 die
513 3506 138 21 unseren
670 3494 125 33 Sinnen
813 3491 201 48 zugänglich
1032 3491 83 34 sind.
1154 3491 174 34 Teilweise
1348 3491 34 33 in

238 3541 98 36 dieses
357 3544 117 35 Gebiet
498 3544 130 41 hinein,
655 3546 122 34 soweit
801 3546 72 33 hier
899 3544 93 34 nicht
1016 3543 196 40 mitteilbar,
1238 3551 73 39 ragt
1330 3542 52 34 die

237 3594 136 35 höchste
392 3598 96 33 Form
507 3597 56 35 der
581 3600 124 39 Kunst,
726 3597 52 34 die
797 3597 176 47 Religion;
1002 3596 67 35 wie
1088 3596 45 34 sie
1153 3609 41 21 zu
1213 3593 169 50 begreifen

237 3646 40 34 ist
296 3647 44 35 als
359 3662 80 21 vom
458 3649 217 35 Individuum
698 3650 99 33 selbst
821 3649 127 34 erlebt
973 3649 71 34 und
1068 3650 35 32 in
1127 3648 52 34 die
1199 3649 88 33 That
1306 3661 51 21 um-

1489 577 138 38 gesetzt;
1654 569 45 35 als
1721 570 55 34 der
1794 571 108 34 Wille
1923 571 54 34 der
1996 568 344 50 Erscheinungsform,
2360 569 34 33 in
2413 569 75 34 dem
2507 568 133 34 Willen

1489 622 57 33 der
1569 622 87 34 Seele
1680 623 116 35 restlos
1821 622 207 49 aufzugehen
2053 623 69 35 und
2145 636 37 21 so
2206 622 54 34 die
2282 620 201 36 unendliche
2507 620 133 35 Einheit

1489 673 284 36 herbeizuführen.

1567 726 253 42 Schrankenlos,
1835 729 67 33 wie
1917 728 51 34 die
1983 731 122 37 Natur,
2121 741 36 21 so
2171 728 42 34 ist
2229 726 52 35 die
2295 729 127 38 Kunst;
2437 724 182 36 schranken-

1489 778 50 35 los
1559 780 34 32 in
1609 779 51 34 die
1676 780 113 41 Höhe,
1809 782 67 33 wie
1891 781 35 34 in
1940 781 54 34 die
2008 782 115 33 Breite.
2153 783 40 31 Es
2208 779 87 35 wird
2311 778 51 35 die
2377 779 73 34 Zeit
2464 778 174 40 kommen,

1489 831 41 33 da
1562 832 202 35 Beethovens
1803 830 275 50 Offenbarungen
2116 841 159 26 anmuten
2307 831 136 35 werden
2479 831 63 34 mit
2576 830 63 34 den

1488 883 281 48 Empfindungen,
1808 886 50 33 die
1891 886 35 33 in
1958 886 186 33 Beethoven
2177 885 56 34 das
2266 882 150 36 einfache
2449 886 189 31 Ornament

1489 936 85 35 eiaes
1594 936 162 35 Urvolkes
1778 937 152 34 auslösen
1949 938 151 40 mochte;
2122 936 67 35 und
2209 937 89 33 doch
2318 936 85 33 steht
2420 939 73 43 jene
2514 933 105 37 Offen-

1488 987 129 49 barung
1646 990 202 33 Beethovens
1876 990 61 33 mit
1963 993 88 43 jener
2079 992 109 31 Kunst
2215 989 57 33 der
2299 987 154 35 Zukunft
2481 988 68 34 wie
2575 988 63 34 mit

1486 1043 110 44 jenem
1621 1043 186 32 Ornament
1834 1040 62 36 auf
1919 1041 141 47 gleicher
2086 1040 92 36 Stufe
2205 1041 168 39 insoweit,
2403 1041 45 34 als
2478 1040 62 34 alle
2569 1039 69 35 drei

1488 1093 52 33 die
1573 1091 130 35 tiefsten
1731 1097 202 43 Deutungen
1966 1094 92 40 sind,
2093 1095 52 33 die
2178 1093 117 34 derzeit
2328 1092 52 34 die
2408 1092 91 35 Seele
2530 1093 108 33 ihrem

1488 1145 109 33 Leben
1616 1145 103 47 geben
1740 1145 137 36 konnte.
1916 1146 78 34 Und
2020 1145 64 35 auf
2098 1145 145 48 gleicher
2262 1144 105 41 Stufe,
2395 1158 57 22 aus
2472 1145 166 47 gleichem

1489 1197 148 40 Grunde,
1657 1199 86 32 steht
1759 1198 73 46 jede
1851 1197 244 49 schöpferische
2113 1200 88 33 That
2220 1197 56 34 der
2295 1197 101 40 Seele,
2425 1199 86 32 steht
2530 1198 53 33 ein
2602 1198 33 32 in

1488 1248 85 35 allen
1593 1251 110 32 seinen
1723 1250 115 34 Teilen
1856 1251 248 33 harmonisches
2124 1251 119 38 Leben,
2271 1251 71 32 eine
2361 1263 111 34 grosse
2491 1249 126 34 Freund-

1488 1299 121 43 schaft,
1629 1303 73 33 eine
1721 1315 111 35 grosse
1853 1302 107 35 Liebe.

1565 1357 138 37 Darum,
1723 1355 79 34 weil
1822 1355 68 33 ihre
1905 1353 190 35 Schranken
2116 1362 62 25 erst
2192 1354 106 34 enden
2318 1355 60 33 mit
2398 1354 62 34 den
2476 1357 160 37 Grenzen,

1488 1405 53 34 die
1569 1406 101 34 ihnen
1697 1406 56 34 für
1780 1419 97 21 unser
1902 1405 172 48 Begreifen
2102 1406 105 33 durch
2236 1407 52 32 die
2311 1406 326 47 Erscheinungswelt

1487 1458 147 47 gesteckt
1652 1459 85 39 sind,
1764 1458 69 34 und
1853 1459 79 34 weil
1958 1460 45 32 sie
2023 1458 97 34 deren
2144 1471 125 33 ganzen
2288 1457 151 48 Umfang
2458 1457 178 41 umfassen,

1488 1509 115 35 darum
1632 1511 71 33 sind
1731 1511 52 34 die
1810 1513 118 31 Werte
1957 1514 106 31 Kunst
2091 1511 70 33 und
2190 1511 181 33 Schönheit
2403 1511 132 39 relativ,
2568 1511 68 34 wie

1488 1562 113 35 Glück
1616 1563 67 33 und
1700 1562 169 48 Seligkeit,
1889 1563 68 34 und
1973 1562 136 34 können
2124 1575 63 21 nur
2201 1562 84 34 dem
2300 1563 185 33 Menschen
2499 1562 137 40 blühen,

1489 1614 56 34 der
1564 1615 44 33 sie
1629 1616 60 32 mit
1708 1616 69 33 sich
1797 1616 47 33 im
1862 1617 125 32 Herzen
2008 1618 97 43 trägt.
2145 1617 126 31 Darum
2290 1615 86 33 wird
2397 1615 85 33 auch
2502 1614 62 34 alle
2584 1613 52 35 die

1488 1667 195 40 Schönheit,
1703 1667 54 34 die
1775 1668 64 33 wir
1858 1681 37 20 so
1916 1681 76 20 zum
2008 1666 108 34 Leben
2137 1665 146 36 erweckt
2302 1666 119 41 haben,
2441 1667 118 33 immer
2574 1679 63 21 nur

1488 1718 90 34 dann
1606 1719 103 34 durch
1736 1719 53 34 die
1814 1721 98 32 Sinne
1942 1720 87 32 einer
2057 1718 141 34 anderen
2226 1719 88 33 Seele
2342 1732 38 21 zu
2407 1719 104 33 dieser
2538 1718 98 34 selbst

1488 1771 157 47 sprechen
1682 1770 147 41 können,
1866 1784 102 22 wenn
2003 1771 86 34 ihrer
2124 1769 198 49 Entfaltung
2353 1771 191 34 verwandte
2577 1773 40 32 Be-

1488 1823 193 47 dingungen
1710 1823 194 34 entwickelt
1931 1824 150 33 wurden.
2128 1826 57 31 Du
2217 1823 120 34 kannst
2364 1823 175 34 Hunderte
2566 1836 70 21 von

1488 1875 148 34 Büchern
1660 1875 89 34 lesen
1773 1875 78 34 über
1870 1874 173 36 Aesthetik
2067 1874 69 35 und
2154 1878 110 31 Kunst
2288 1875 70 34 und
2383 1875 182 34 Schönheit

1488 1940 31 21 es
1544 1928 41 33 ist
1610 1928 52 33 ein
1682 1928 144 33 Zeichen
1850 1928 84 33 eines
1963 1927 169 47 gesunden
2157 1928 132 39 Sinnes,
2314 1928 71 46 jede
2404 1927 232 47 Abhandlung

1489 1978 78 35 über
1585 1980 181 33 Schönheit
1794 1980 177 46 ungelesen
2000 1979 52 34 bei
2077 1979 85 34 Seite
2190 1992 39 21 zn
2258 1979 94 47 legen
2371 1980 115 33 —du
2514 1978 121 35 kannst

1487 2031 77 34 dich
1585 2037 171 28 ausrüsten
1775 2032 61 33 mit
1855 2032 86 33 allen
1951 2029 151 43 Waffen,
2123 2031 52 34 die
2194 2031 122 34 bessere
2337 2032 79 33 oder
2434 2031 201 34 schlechtere

1486 2083 213 42 Beobachter,
1730 2083 44 35 als
1803 2083 45 35 du
1874 2097 29 21 es
1929 2083 74 40 bist,
2030 2082 57 35 für
2112 2083 78 34 dich
2215 2082 195 48 geschliffen
2433 2083 126 42 haben;
2588 2084 45 34 du

1486 2136 95 34 wirst
1599 2137 54 32 nie
1673 2137 95 32 einen
1789 2136 141 34 anderen
1949 2134 161 36 Mafsstab
2129 2135 122 40 finden,
2278 2137 62 33 mit
2360 2136 76 34 dem
2457 2135 45 34 du
2521 2138 113 32 Natur

1486 2187 70 34 und
1580 2191 109 31 Kunst
1716 2201 125 21 messen
1868 2187 133 40 kannst,
2030 2187 44 33 als
2099 2200 64 21 nur
2189 2187 76 35 dich
2290 2188 107 34 selbst.
2435 2188 128 34 Soweit
2588 2187 46 34 du

1486 2239 111 34 deiner
1616 2239 89 35 Seele
1723 2243 111 30 Raum
1858 2238 185 48 geschaffen
2067 2240 89 39 hast,
2182 2241 122 33 soweit
2329 2239 88 35 wird
2441 2241 45 33 sie
2511 2239 50 34 dir
2582 2239 52 34 die

1484 2293 113 32 Natur
1616 2305 56 20 zur
1692 2292 182 34 Schönheit
1894 2292 135 41 deuten;
2056 2292 121 33 soweit
2196 2292 86 34 wird
2304 2292 71 40 das,
2401 2306 69 20 was
2491 2292 143 34 anderen

1486 2344 70 34 sich
1575 2356 55 21 zur
1649 2344 182 34 Schönheit
1851 2344 141 39 deutete,
2013 2345 35 32 in
2068 2343 49 34 dir
2141 2357 39 20 zu
2199 2344 174 46 gleichem,
2399 2357 107 21 neuen
2525 2343 109 35 Leben

1486 2394 222 36 auferstehen.
1745 2396 78 35 Und
1844 2396 78 35 weil
1942 2396 46 33 du
2014 2395 97 34 selbst
2131 2408 31 21 es
2182 2396 80 39 bist,
2290 2396 55 34 der
2369 2396 50 34 dir
2444 2396 52 33 die
2516 2398 118 32 Werte

1486 2447 181 41 bestimmt,
1687 2447 116 35 darum
1823 2448 92 34 sollst
1935 2448 44 33 du
2000 2448 84 33 auch
2101 2448 62 33 den
2178 2448 112 35 vollen
2306 2451 79 31 Mut
2399 2447 110 35 haben
2523 2448 111 34 deiner

1484 2499 280 48 Ueberzeugung,
1790 2500 94 34 sollst
1903 2500 112 34 deiner
2034 2500 182 33 Schönheit
2236 2500 53 34 ein
2309 2499 234 36 Geniefsender
2561 2500 72 34 und

1486 2553 52 33 ein
1556 2553 138 47 Apostel
1714 2553 76 34 sein.
1831 2556 65 30 Das
1921 2551 62 35 soll
2003 2551 118 47 gewifs
2142 2553 93 33 nicht
2258 2551 141 42 heifsen,
2425 2552 71 35 dafs
2516 2553 46 33 du
2582 2553 52 33 die

1484 2604 97 35 Welt
1608 2605 109 33 deiner
1743 2604 181 34 Schönheit
1952 2602 130 49 gefragt
2110 2605 67 33 und
2208 2603 177 48 ungefragt
2410 2604 224 35 allenthalben

1486 2655 198 36 auskramen
1712 2656 105 36 sollst.
1855 2660 56 30 Du
1935 2656 94 34 wirst
2055 2655 76 35 bald
2156 2655 52 35 die
2232 2657 160 46 Klugheit
2420 2657 127 40 lernen,
2577 2657 56 33 das

1486 2711 90 32 Beste
1604 2707 55 35 für
1687 2708 77 34 dich
1791 2709 71 33 und
1889 2708 95 34 deine
2013 2708 143 34 Freunde
2184 2721 40 21 zu
2251 2708 168 40 behalten,
2446 2709 106 33 damit
2580 2709 54 33 die

1485 2760 97 34 Welt
1601 2761 92 33 nicht
1713 2761 61 33 mit
1792 2761 158 47 plumpen
1970 2760 137 47 Fingern
2127 2774 41 20 an
2188 2760 75 34 dem
2282 2768 107 32 tastet,
2413 2760 55 34 das
2488 2761 50 33 dir
2558 2760 77 34 dein

1485 2812 191 47 Heiligtum
1700 2814 50 33 ist.
1794 2812 87 35 Aber
1908 2825 61 21 vor
1997 2812 49 33 dir
2074 2811 103 34 selber
2200 2813 68 33 und
2296 2826 61 21 vor
2384 2813 87 39 dem,
2501 2813 73 34 dem
2603 2826 30 21 es

1486 2863 162 36 ernsthaft
1674 2878 57 21 um
1755 2865 95 34 deine
1873 2864 167 47 Meinung
2065 2877 39 20 zu
2130 2865 83 33 thun
2239 2866 51 40 ist,
2319 2864 148 35 bekenne
2491 2865 79 34 dich
2592 2878 42 21 zu

1486 2917 111 34 deiner
1616 2916 273 49 Ueberzeugung.
1926 2919 99 31 Dann
2045 2916 87 34 wird
2153 2916 84 35 auch
2257 2916 53 35 die
2329 2916 126 48 gleiche
2470 2916 145 35 Erkennt-

1485 2970 62 38 nis,
1568 2970 51 33 die
1639 2968 75 35 dich
1733 2982 55 21 zur
1808 2968 111 35 vollen
1940 2970 169 45 Wertung
2128 2968 111 35 deiner
2258 2969 183 34 Schönheit
2460 2970 101 38 leitet,
2582 2969 52 34 die

1486 3022 161 46 Achtung
1671 3035 105 33 gegen
1803 3021 52 34 die
1874 3021 182 33 Schönheit
2080 3020 133 34 anderer
2237 3022 34 33 in
2300 3021 51 33 dir
2375 3020 159 42 wecken;
2563 3021 71 34 und

1486 3073 87 35 wird
1606 3073 77 34 dich
1714 3073 124 40 lehren,
1872 3072 70 35 dafs
1975 3072 52 34 die
2055 3075 109 31 Kunst
2191 3073 175 47 vielzählig
2394 3075 53 38 ist,
2480 3074 69 34 wie
2582 3073 52 35 die

1486 3125 183 34 Menschen
1688 3125 69 34 und
1777 3124 71 35 dafs
1868 3125 45 34 du
1933 3125 131 33 deinem
2082 3124 159 35 Nachbar
2261 3125 55 33 das
2341 3125 127 47 gleiche
2488 3126 147 34 Anrecht

1486 3177 106 35 lassen
1620 3177 94 34 sollst
1742 3175 64 36 auf
1827 3178 87 32 seine
1939 3177 202 40 Kunstwelt,
2170 3177 55 34 das
2256 3177 44 34 du
2324 3176 54 36 für
2403 3178 52 34 die
2479 3177 94 35 deine
2598 3179 36 33 in

1486 3230 175 47 Anspruch
1688 3230 145 34 nimmst.
1870 3232 40 30 Es
1938 3229 41 33 ist
2007 3229 52 33 ein
2088 3230 141 33 Zeichen
2253 3228 54 34 für
2331 3229 52 34 die
2403 3231 231 46 Verwirrung,

1488 3282 51 33 die
1568 3282 52 33 die
1648 3280 426 35 Schönheits-Aesthetiker
2103 3282 201 46 angerichtet
2332 3281 119 41 haben,
2481 3281 71 36 dafs
2581 3283 53 33 die

1487 3333 121 47 Klage;
1636 3334 102 40 „ach,
1768 3334 54 33 ich
1846 3334 146 33 verstehe
2016 3337 31 42 ja
2075 3334 109 33 nichts
2212 3347 67 21 von
2304 3337 134 32 Kunst“
2466 3334 64 35 auf
2549 3334 86 35 allen

1488 3389 122 32 Gassen
1638 3386 90 46 liegt.
1765 3384 88 36 Aber
1880 3386 92 33 nein!
2003 3398 30 21 es
2061 3386 41 33 ist
2126 3389 33 43 ja
2186 3386 93 34 nicht
2301 3388 107 33 wahr.
2452 3388 77 33 Sieh
2556 3388 79 33 dich

1488 3438 88 33 doch
1599 3450 70 22 um.
1707 3438 76 33 Und
1810 3450 101 22 wenn
1936 3438 52 33 ein
2008 3437 148 35 Anblick
2180 3437 56 35 der
2253 3441 113 32 Natur
2392 3439 49 34 dir
2467 3440 56 33 das
2547 3442 87 31 Herz

1487 3490 128 39 weitet,
1638 3502 102 22 wenn
1765 3489 50 34 dir
1838 3490 52 33 ein
1910 3490 93 33 Buch
2023 3490 53 33 ein
2094 3491 128 33 inneres
2241 3490 145 35 Erlebnis
2405 3492 229 47 wiedergiebt,

1488 3555 101 21 wenn
1618 3541 46 35 du
1692 3543 34 33 in
1756 3543 106 33 einem
1886 3541 108 41 Bilde,
2020 3543 89 33 einer
2130 3544 184 33 Harmonie
2337 3543 51 34 die
2407 3544 228 49 Empfindung

1487 3593 129 42 findest,
1643 3593 52 35 die
1715 3594 53 34 die
1785 3596 111 32 Natur
1916 3595 49 33 dir
1983 3594 105 48 geben
2107 3595 139 40 konnte,
2273 3595 89 35 dann
2380 3596 74 35 hast
2474 3596 44 35 du
2538 3596 97 35 deine

1487 3649 119 38 Kunst,
1627 3645 89 35 dann
1734 3646 89 34 halte
1843 3647 44 33 sie
1906 3645 88 36 doch
2013 3645 62 36 fest
2099 3648 69 34 und
2195 3647 150 36 bekenne
2364 3649 77 34 dich
2461 3649 83 35 dazu
2563 3650 71 35 und
