3595 4572
2038 3875 211 41 240

925 552 55 35 der
999 550 87 34 diese
1105 546 111 39 tiefste
1230 543 99 38 Kraft
1348 558 52 22 am
1417 542 130 36 tiefsten
1562 541 110 49 gelebt
1688 541 69 39 hat,
1778 541 94 34 mehr
1888 541 125 46 gethan
2029 537 55 36 für

925 616 115 22 unsere
1059 599 258 47 Entwicklung,
1345 597 46 35 als
1416 596 63 34 alle
1498 593 158 36 Satiriker
1681 593 56 35 der
1755 592 98 35 Welt
1873 605 189 22 zusammen-

926 667 212 36 genommen.
1167 653 119 33 Seinen
1300 652 135 32 Namen
1456 647 122 35 sollten
1593 646 63 34 alle
1672 646 52 34 die
1743 646 49 33 im
1806 647 130 32 Herzen
1955 653 129 40 tragen,

925 708 53 35 die
999 707 60 34 den
1080 707 35 33 in
1138 705 104 34 seiner
1267 701 267 36 bescheidensten
1554 699 97 34 Blüte
1672 698 191 48 geweihten
1882 701 126 32 Garten
2030 697 56 34 der

925 763 108 32 Kunst
1053 758 153 34 betreten.

1004 971 66 31 Das
1096 965 210 36 neunzehnte
1324 961 224 47 Jahrhundert
1567 974 74 22 war
1660 962 167 34 durchaus
1848 962 54 34 ein
1919 961 146 45 Jahrhun-

926 1021 70 34 dert
1011 1020 56 34 der
1082 1020 97 33 That.
1210 1017 77 34 Alte
1302 1016 125 35 Reiche
1442 1014 142 35 wurden
1604 1020 240 34 zertrümmert,
1858 1027 86 21 neue
1959 1014 126 35 Reiche

927 1072 204 39 entstanden,
1152 1083 85 22 neue
1256 1072 112 43 Wege
1388 1068 148 34 bahnten
1555 1067 70 34 sich
1646 1067 65 35 den
1729 1066 261 42 Naturkräften,
2015 1067 70 34 und

926 1126 121 36 wohin
1079 1124 66 35 wir
1176 1124 113 38 sehen,
1326 1121 183 48 gewahren
1541 1121 65 34 wir
1640 1120 202 49 sprühendes
1875 1120 108 35 Leben
2016 1120 70 35 und

926 1176 195 51 springende
1136 1174 108 37 Kraft.
1270 1175 113 34 Dieses
1397 1173 223 45 Jahrhundert
1635 1174 56 34 der
1705 1174 89 34 That
1814 1175 58 33 hat
1891 1174 71 34 sich
1982 1173 103 35 selber

926 1230 145 49 glauben
1095 1229 142 34 machen
1263 1227 142 40 wollen,
1435 1225 71 35 dafs
1534 1240 30 20 es
1589 1225 78 35 kein
1692 1227 108 34 Recht
1825 1239 55 21 zur
1900 1227 185 34 Schönheit

926 1283 95 36 habe.
1058 1286 66 31 Das
1150 1294 87 27 war,
1264 1293 32 21 es
1320 1281 92 33 hatte
1438 1292 40 21 zu
1498 1278 66 36 viel
1589 1279 142 48 gelernt,
1757 1293 31 21 es
1808 1279 125 35 wufste
1956 1293 39 21 zu
2022 1279 63 35 viel

927 1350 66 21 von
1014 1335 56 34 der
1089 1334 184 35 Schönheit
1291 1345 224 35 vergangener
1533 1334 108 46 Tage;
1670 1346 36 20 so
1733 1332 82 34 hielt
1840 1346 30 20 es
1892 1333 51 33 die
1962 1335 122 45 Augen

926 1389 87 34 nach
1032 1387 187 36 rückwärts
1240 1385 161 48 gewandt
1420 1385 69 34 und
1508 1399 59 21 wo
1588 1387 117 33 immer
1724 1398 30 21 es
1775 1385 147 47 glaubte,
1945 1385 52 35 die
2016 1389 46 31 Ge-

926 1442 167 47 legenheit
1112 1438 167 36 erfordere
1299 1439 52 33 die
1369 1436 202 50 Entfaltung
1589 1451 68 21 von
1675 1439 197 39 Schönheit,
1894 1438 41 34 da
1954 1436 85 50 griff
2053 1451 31 21 es

919 1496 34 33 in
979 1494 64 34 den
1067 1494 117 33 Schatz
1211 1492 103 34 seines
1341 1493 165 38 Wissens,
1538 1499 123 26 anstatt
1689 1491 35 33 in
1753 1491 55 34 das
1839 1491 114 47 eigene
1978 1493 106 41 Herz;

920 1547 69 35 und
1018 1547 115 34 suchte
1161 1545 53 34 die
1243 1543 384 49 Erscheinungsformen
1655 1543 215 35 verflossener
1898 1545 186 33 Schönheit

920 1601 64 34 den
998 1612 108 22 neuen
1121 1597 264 35 Erfordernissen
1404 1610 209 35 anzupassen.
1637 1600 53 31 Da
1705 1597 63 47 gab
1784 1610 31 20 es
1832 1597 88 34 dann
1935 1597 131 48 Spiegel-

920 1652 105 35 bilder
1063 1663 223 35 vergangener
1319 1650 243 41 Schönheiten;
1601 1649 70 35 und
1710 1651 53 33 oft
1800 1663 114 21 waren
1952 1663 30 21 es
2020 1663 63 21 nur

920 1704 195 36 Zerrbilder.
1160 1703 88 35 Aber
1277 1703 53 34 die
1358 1705 113 33 Natur
1496 1716 74 22 war
1597 1702 126 34 stärker
1751 1716 165 33 gewesen,
1951 1703 46 35 als
2030 1703 53 34 die

2191 538 195 33 Menschen.
2417 535 167 42 Ueberall,
2605 550 60 21 wo
2682 536 54 35 die
2750 549 108 21 neuen
2873 537 411 47 Existenz-Bedingungen
3301 534 57 35 der

2190 592 127 38 Natur,
2350 589 99 34 deren
2479 588 141 35 Kräften
2651 589 89 34 diese
2768 590 272 34 Thatmenschen
3067 590 186 47 gelauscht,
3286 588 72 35 ihre

2192 642 110 35 diesen
2318 641 142 36 Kräften
2474 642 109 47 völlig
2598 641 165 49 adäquate
2775 644 96 32 Form
2886 640 183 49 gefunden,
3085 642 41 35 da
3138 656 74 21 war
3227 642 110 34 Schön-

2192 696 70 34 heit
2288 694 196 35 entstanden
2510 695 72 34 und
2609 698 123 32 Kunst.
2779 695 64 34 Die
2871 694 123 35 diesem
3018 695 133 34 Willen
3181 694 57 35 der
3262 697 96 44 Weg

2192 762 127 26 waren,
2339 762 116 21 waren
2474 748 71 34 sich
2565 747 114 35 dessen
2700 747 100 35 selbst
2815 760 64 21 nur
2895 747 128 35 dunkel
3039 747 165 43 bewufst;
3225 747 68 34 und
3312 747 46 34 all

2193 801 53 34 die
2267 800 145 35 anderen
2432 802 115 33 hatten
2568 801 95 34 nicht
2683 800 64 35 den
2767 799 155 36 Glauben
2943 814 42 21 an
3006 800 70 34 sich
3096 801 68 34 und
3186 801 71 34 ihre
3272 800 85 41 Zeit,

2194 855 55 34 der
2276 855 102 34 ihnen
2403 854 54 34 die
2481 856 122 46 Augen
2628 851 152 50 geöffnet
2805 854 102 34 hätte.
2946 853 90 34 Aber
3064 853 106 34 damit
3198 853 59 35 hat
3286 853 72 34 sich

2192 908 102 34 dieses
2319 907 221 45 Jahrhundert
2570 907 55 34 der
2649 907 88 34 That
2766 907 70 34 und
2865 906 157 35 dennoch
3051 906 56 34 der
3135 905 223 35 ästhetischen

2192 959 190 36 Romantik
2403 973 59 22 um
2483 961 95 34 einen
2594 969 104 39 guten
2713 960 72 34 Teil
2801 961 103 33 seines
2920 959 246 35 Lebenswertes
3182 959 175 47 betrogen.

2192 1016 77 32 Nur
2284 1027 73 21 wer
2376 1013 53 35 die
2446 1016 205 44 Gegenwart
2667 1013 161 35 wirklich
2842 1012 81 41 lebt,
2942 1025 72 22 wer
3033 1013 94 33 nicht
3143 1012 62 34 mit
3220 1011 138 35 blinden

2192 1069 120 45 Augen
2334 1067 35 33 in
2389 1066 52 34 die
2456 1063 156 37 Zukunft
2631 1067 119 33 schaut
2769 1065 55 35 für
2844 1065 123 35 bessere
2982 1066 118 34 Zeiten
3118 1064 71 35 und
3208 1065 95 33 nicht
3322 1065 36 33 in

2193 1120 53 34 die
2272 1120 285 48 Vergangenheit,
2587 1132 59 21 um
2675 1127 70 26 tote
2775 1122 118 32 Werte
2921 1132 40 21 zu
2990 1131 122 21 neuem
3142 1117 216 35 Scheinleben

2192 1173 150 34 erstehen
2361 1185 40 21 zu
2421 1173 116 41 lassen,
2558 1185 72 22 wer
2651 1173 54 33 ein
2719 1174 93 45 Weg
2831 1173 41 33 ist
2890 1172 63 34 den
2973 1171 139 35 tausend
3128 1170 229 35 Schönheiten

2192 1226 55 34 des
2263 1228 105 45 Tages
2389 1225 69 34 und
2479 1225 86 35 diese
2581 1225 226 35 Schönheiten
2822 1226 33 33 in
2873 1225 176 48 Anspruch
3069 1225 123 33 nimmt
3213 1222 55 35 für
3286 1223 72 34 sich

2192 1279 46 34 als
2260 1278 64 34 den
2338 1277 131 41 Tribut,
2490 1278 55 34 der
2565 1278 72 34 ihm
2653 1277 205 49 geschuldet,
2879 1277 82 35 weil
2982 1291 31 21 er
3032 1279 61 33 ihn
3111 1277 71 33 sich
3197 1276 159 41 verdient,

2190 1345 65 21 nur
2274 1331 56 35 der
2349 1332 41 33 ist
2404 1331 138 35 Meister
2563 1331 100 34 dieses
2683 1331 125 33 Lebens
2828 1331 196 47 geworden,
3045 1343 64 21 nur
3127 1331 74 33 ihm
3220 1329 60 34 hat
3300 1329 56 34 das

2192 1384 108 35 Leben
2322 1385 88 33 seine
2430 1397 101 35 ganze
2551 1384 184 34 Schönheit
2755 1382 165 36 offenbart
2947 1383 70 35 und
3036 1383 59 35 hat
3114 1383 59 33 ihn
3194 1383 54 34 die
3267 1382 91 35 volle

2190 1436 100 36 Kraft
2319 1435 120 37 fühlen
2466 1437 69 35 und
2564 1437 129 35 erleben
2721 1436 121 42 lassen,
2876 1437 61 33 mit
2966 1437 56 34 der
3051 1435 128 49 täglich
3208 1449 66 21 neu
3304 1435 52 34 die

2191 1490 88 34 Seele
2305 1503 77 21 zum
2401 1491 116 33 Lichte
2543 1491 100 47 ringt.
2689 1493 66 31 Das
2782 1503 73 21 war
2879 1503 41 28 es,
2947 1503 71 21 was
3046 1489 56 34 der
3128 1489 103 47 greise
3257 1489 100 33 Seher

2192 1557 56 20 aus
2268 1544 105 33 seiner
2392 1544 150 34 Einsicht
2561 1544 36 33 in
2617 1543 55 35 das
2693 1542 198 34 scheidende
2906 1542 223 45 Jahrhundert
3148 1542 64 34 mit
3231 1542 125 34 seinem

2190 1594 174 36 Mahnruf
2377 1609 101 35 sagen
2497 1596 139 35 wollte:
2666 1597 141 40 „Wenn
2826 1596 66 34 wir
2912 1597 109 32 Toten
3041 1595 217 35 erwachen.“

2270 1652 40 31 Es
2338 1663 75 21 war
2442 1649 52 34 die
2523 1648 109 36 tiefste
2651 1649 195 40 Wahrheit,
2876 1648 53 34 die
2958 1648 56 34 das
3042 1647 225 46 Jahrhundert
3295 1660 60 21 aus

2190 1702 103 34 seiner
2321 1701 198 48 Vertiefung
2554 1702 54 34 der
2636 1700 355 49 Entwicklungslehre
3022 1699 163 50 schöpfen
3215 1699 139 36 konnte.

2824 1782 36 32 E.
2880 1782 98 32 Frhr.
3000 1793 30 21 v.
3052 1782 251 31 Bodenhausen

1999 3497 95 14 LUDWIG
2108 3497 49 14 VON
2171 3497 120 14 HOFMANN
