<?xml version="1.0" encoding="UTF-8"?>
<alto xmlns:xsi="http://www.w3.org/2001/XMLSchema-instance" xmlns="http://www.loc.gov/standards/alto/ns-v2#" xsi:schemaLocation="http://www.loc.gov/standards/alto/ns-v2# http://www.loc.gov/standards/alto/v2/alto-2-0.xsd" xmlns:xlink="http://www.w3.org/1999/xlink">
	<Description>
		<MeasurementUnit>mm10</MeasurementUnit>
		<sourceImageInformation>
			<fileName>//lib-docworks1/IN/PUL-BlueMountain-RQA/periodicals/bmtnabe/issues/1900/04_01/00000051.jp2</fileName>
		</sourceImageInformation>
		<OCRProcessing ID="OCRPROCESSING_1">
			<preProcessingStep>
				<processingSoftware>
					<softwareCreator>CCS Content Conversion Specialists GmbH, Germany</softwareCreator>
					<softwareName>CCS docWorks</softwareName>
					<softwareVersion>6.8-1.24</softwareVersion>
				</processingSoftware>
			</preProcessingStep>
			<ocrProcessingStep>
				<processingSoftware>
					<softwareCreator>ABBYY (BIT Software), Russia</softwareCreator>
					<softwareName>FineReader</softwareName>
					<softwareVersion>11.0</softwareVersion>
				</processingSoftware>
			</ocrProcessingStep>
			<postProcessingStep>
				<processingSoftware>
					<softwareCreator>CCS Content Conversion Specialists GmbH, Germany</softwareCreator>
					<softwareName>CCS docWorks</softwareName>
					<softwareVersion>6.8-1.24</softwareVersion>
					<applicationDescription>docWorks: Text modified manually, or automatically replaced</applicationDescription>
				</processingSoftware>
			</postProcessingStep>
		</OCRProcessing>
	</Description>
	<Styles>
		<TextStyle ID="TXT_0" FONTSIZE="43" FONTFAMILY="Courier New"/>
		<TextStyle ID="TXT_1" FONTSIZE="16" FONTFAMILY="Times New Roman"/>
		<TextStyle ID="TXT_2" FONTSIZE="27" FONTFAMILY="Times New Roman"/>
		<TextStyle ID="TXT_3" FONTSIZE="13" FONTFAMILY="Times New Roman"/>
		<TextStyle ID="TXT_4" FONTSIZE="12" FONTFAMILY="Times New Roman"/>
		<TextStyle ID="TXT_5" FONTSIZE="13" FONTFAMILY="Times New Roman" FONTSTYLE="italics"/>
		<TextStyle ID="TXT_6" FONTSIZE="5" FONTFAMILY="Times New Roman"/>
		<TextStyle ID="TXT_7" FONTSIZE="15" FONTFAMILY="Times New Roman"/>
		<ParagraphStyle ID="PAR_LEFT" ALIGN="Left"/>
	</Styles>
	<Layout>
		<Page ID="P51" PHYSICAL_IMG_NR="51" HEIGHT="4572" WIDTH="3586" PRINTED_IMG_NR="231" PC="0.922">
			<TopMargin ID="P51_TM00001" HPOS="0" VPOS="0" WIDTH="3586" HEIGHT="581"/>
			<LeftMargin ID="P51_LM00001" HPOS="0" VPOS="581" WIDTH="223" HEIGHT="3272"/>
			<RightMargin ID="P51_RM00001" HPOS="3492" VPOS="581" WIDTH="94" HEIGHT="3272"/>
			<BottomMargin ID="P51_BM00001" HPOS="0" VPOS="3853" WIDTH="3586" HEIGHT="719">
				<TextBlock ID="P51_TB00001" HPOS="1320" VPOS="3856" WIDTH="210" HEIGHT="42" STYLEREFS="TXT_0 PAR_LEFT">
					<TextLine ID="P51_TL00001" HPOS="1320" VPOS="3856" WIDTH="210" HEIGHT="42">
						<String ID="P51_ST00001" HPOS="1320" VPOS="3856" WIDTH="210" HEIGHT="42" CONTENT="231" WC="1.00" CC="000"/>
					</TextLine>
				</TextBlock>
			</BottomMargin>
			<PrintSpace ID="P51_PS00001" HPOS="223" VPOS="581" WIDTH="3269" HEIGHT="3272">
				<TextBlock ID="P51_TB00002" HPOS="942" VPOS="1421" WIDTH="965" HEIGHT="175" STYLEREFS="TXT_1 PAR_LEFT">
					<TextLine ID="P51_TL00002" HPOS="1135" VPOS="1421" WIDTH="584" HEIGHT="66">
						<String ID="P51_ST00002" HPOS="1135" VPOS="1421" WIDTH="584" HEIGHT="66" CONTENT="FRAGMENTE" WC="0.99" CC="340400540" STYLEREFS="TXT_2"/>
					</TextLine>
					<TextLine ID="P51_TL00003" HPOS="942" VPOS="1555" WIDTH="963" HEIGHT="41">
						<String ID="P51_ST00003" HPOS="942" VPOS="1558" WIDTH="114" HEIGHT="38" CONTENT="AUS" WC="0.95" CC="354"/>
						<SP ID="P51_SP00001" HPOS="1056" VPOS="1596" WIDTH="38"/>
						<String ID="P51_ST00004" HPOS="1094" VPOS="1558" WIDTH="196" HEIGHT="38" CONTENT="EINEM" WC="0.97" CC="52625"/>
						<SP ID="P51_SP00002" HPOS="1290" VPOS="1596" WIDTH="35"/>
						<String ID="P51_ST00005" HPOS="1325" VPOS="1555" WIDTH="580" HEIGHT="41" CONTENT="TAGEBUCHROMAN" WC="1.00" CC="0630400173535"/>
					</TextLine>
				</TextBlock>
				<TextBlock ID="P51_TB00003" HPOS="223" VPOS="1716" WIDTH="1152" HEIGHT="1984" STYLEREFS="TXT_3 PAR_LEFT">
					<TextLine ID="P51_TL00004" HPOS="302" VPOS="1717" WIDTH="1069" HEIGHT="46">
						<String ID="P51_ST00006" HPOS="302" VPOS="1720" WIDTH="95" HEIGHT="39" CONTENT="Dich," WC="0.96" CC="65374"/>
						<SP ID="P51_SP00003" HPOS="397" VPOS="1759" WIDTH="20"/>
						<String ID="P51_ST00007" HPOS="417" VPOS="1719" WIDTH="77" HEIGHT="33" CONTENT="dein" WC="0.99" CC="0040"/>
						<SP ID="P51_SP00004" HPOS="494" VPOS="1759" WIDTH="19"/>
						<String ID="P51_ST00008" HPOS="513" VPOS="1718" WIDTH="110" HEIGHT="34" CONTENT="Leben" WC="0.98" CC="07630"/>
						<SP ID="P51_SP00005" HPOS="623" VPOS="1759" WIDTH="19"/>
						<String ID="P51_ST00009" HPOS="642" VPOS="1731" WIDTH="40" HEIGHT="21" CONTENT="zu" WC="0.75" CC="04"/>
						<SP ID="P51_SP00006" HPOS="682" VPOS="1759" WIDTH="21"/>
						<String ID="P51_ST00010" HPOS="703" VPOS="1721" WIDTH="108" HEIGHT="31" CONTENT="Kunst" WC="0.98" CC="07323"/>
						<SP ID="P51_SP00007" HPOS="811" VPOS="1759" WIDTH="20"/>
						<String ID="P51_ST00011" HPOS="831" VPOS="1717" WIDTH="126" HEIGHT="40" CONTENT="klären," WC="0.99" CC="2504300"/>
						<SP ID="P51_SP00008" HPOS="957" VPOS="1759" WIDTH="27"/>
						<String ID="P51_ST00012" HPOS="984" VPOS="1718" WIDTH="61" HEIGHT="33" CONTENT="mit" WC="0.97" CC="060"/>
						<SP ID="P51_SP00009" HPOS="1045" VPOS="1759" WIDTH="19"/>
						<String ID="P51_ST00013" HPOS="1064" VPOS="1717" WIDTH="121" HEIGHT="41" CONTENT="Allem," WC="0.98" CC="034404"/>
						<SP ID="P51_SP00010" HPOS="1185" VPOS="1759" WIDTH="25"/>
						<String ID="P51_ST00014" HPOS="1210" VPOS="1729" WIDTH="70" HEIGHT="22" CONTENT="was" WC="1.00" CC="000"/>
						<SP ID="P51_SP00011" HPOS="1280" VPOS="1759" WIDTH="19"/>
						<String ID="P51_ST00015" HPOS="1299" VPOS="1718" WIDTH="72" HEIGHT="45" CONTENT="Tag" WC="1.00" CC="000"/>
					</TextLine>
					<TextLine ID="P51_TL00005" HPOS="223" VPOS="1766" WIDTH="1146" HEIGHT="52">
						<String ID="P51_ST00016" HPOS="223" VPOS="1771" WIDTH="66" HEIGHT="35" CONTENT="und" WC="0.95" CC="760"/>
						<SP ID="P51_SP00012" HPOS="289" VPOS="1806" WIDTH="26"/>
						<String ID="P51_ST00017" HPOS="315" VPOS="1771" WIDTH="112" HEIGHT="47" CONTENT="Alltag" WC="0.99" CC="024000"/>
						<SP ID="P51_SP00013" HPOS="427" VPOS="1818" WIDTH="25"/>
						<String ID="P51_ST00018" HPOS="452" VPOS="1772" WIDTH="52" HEIGHT="33" CONTENT="ein" WC="0.97" CC="060"/>
						<SP ID="P51_SP00014" HPOS="504" VPOS="1818" WIDTH="25"/>
						<String ID="P51_ST00019" HPOS="529" VPOS="1771" WIDTH="108" HEIGHT="33" CONTENT="Recht" WC="0.98" CC="62060"/>
						<SP ID="P51_SP00015" HPOS="637" VPOS="1818" WIDTH="23"/>
						<String ID="P51_ST00020" HPOS="660" VPOS="1771" WIDTH="70" HEIGHT="40" CONTENT="hat," WC="0.99" CC="7000"/>
						<SP ID="P51_SP00016" HPOS="730" VPOS="1818" WIDTH="25"/>
						<String ID="P51_ST00021" HPOS="755" VPOS="1784" WIDTH="66" HEIGHT="21" CONTENT="von" WC="0.95" CC="056"/>
						<SP ID="P51_SP00017" HPOS="821" VPOS="1818" WIDTH="26"/>
						<String ID="P51_ST00022" HPOS="847" VPOS="1770" WIDTH="49" HEIGHT="33" CONTENT="dir" WC="0.97" CC="016"/>
						<SP ID="P51_SP00018" HPOS="896" VPOS="1818" WIDTH="24"/>
						<String ID="P51_ST00023" HPOS="920" VPOS="1783" WIDTH="40" HEIGHT="21" CONTENT="zu" WC="0.78" CC="04"/>
						<SP ID="P51_SP00019" HPOS="960" VPOS="1818" WIDTH="26"/>
						<String ID="P51_ST00024" HPOS="986" VPOS="1768" WIDTH="148" HEIGHT="41" CONTENT="fordern," WC="0.99" CC="70500154"/>
						<SP ID="P51_SP00020" HPOS="1134" VPOS="1818" WIDTH="28"/>
						<String ID="P51_ST00025" HPOS="1162" VPOS="1795" WIDTH="8" HEIGHT="8" CONTENT="." WC="0.55" CC="4"/>
						<SP ID="P51_SP00021" HPOS="1170" VPOS="1818" WIDTH="20"/>
						<String ID="P51_ST00026" HPOS="1190" VPOS="1797" WIDTH="9" HEIGHT="8" CONTENT="." WC="0.55" CC="4"/>
						<SP ID="P51_SP00022" HPOS="1199" VPOS="1818" WIDTH="24"/>
						<String ID="P51_ST00027" HPOS="1223" VPOS="1769" WIDTH="49" HEIGHT="34" CONTENT="bis" WC="0.95" CC="632"/>
						<SP ID="P51_SP00023" HPOS="1272" VPOS="1818" WIDTH="24"/>
						<String ID="P51_ST00028" HPOS="1296" VPOS="1766" WIDTH="73" HEIGHT="36" CONTENT="aufs" WC="0.97" CC="0770"/>
					</TextLine>
					<TextLine ID="P51_TL00006" HPOS="225" VPOS="1824" WIDTH="355" HEIGHT="34">
						<String ID="P51_ST00029" HPOS="225" VPOS="1825" WIDTH="142" HEIGHT="33" CONTENT="Kleinste" WC="0.99" CC="63300040"/>
						<SP ID="P51_SP00024" HPOS="367" VPOS="1858" WIDTH="19"/>
						<String ID="P51_ST00030" HPOS="386" VPOS="1824" WIDTH="115" HEIGHT="34" CONTENT="hinein" WC="0.98" CC="730540"/>
						<SP ID="P51_SP00025" HPOS="501" VPOS="1858" WIDTH="21"/>
						<String ID="P51_ST00031" HPOS="522" VPOS="1849" WIDTH="7" HEIGHT="8" CONTENT="." WC="1.00" CC="0"/>
						<SP ID="P51_SP00026" HPOS="529" VPOS="1858" WIDTH="18"/>
						<String ID="P51_ST00032" HPOS="547" VPOS="1850" WIDTH="7" HEIGHT="7" CONTENT="." WC="1.00" CC="0"/>
						<SP ID="P51_SP00027" HPOS="554" VPOS="1858" WIDTH="18"/>
						<String ID="P51_ST00033" HPOS="572" VPOS="1850" WIDTH="8" HEIGHT="8" CONTENT="." WC="0.59" CC="4"/>
					</TextLine>
					<TextLine ID="P51_TL00007" HPOS="299" VPOS="1872" WIDTH="1071" HEIGHT="47">
						<String ID="P51_ST00034" HPOS="299" VPOS="1877" WIDTH="93" HEIGHT="33" CONTENT="deine" WC="0.99" CC="04400"/>
						<SP ID="P51_SP00028" HPOS="392" VPOS="1910" WIDTH="13"/>
						<String ID="P51_ST00035" HPOS="405" VPOS="1879" WIDTH="111" HEIGHT="31" CONTENT="Kunst" WC="0.99" CC="07000"/>
						<SP ID="P51_SP00029" HPOS="516" VPOS="1910" WIDTH="19"/>
						<String ID="P51_ST00036" HPOS="535" VPOS="1874" WIDTH="102" HEIGHT="35" CONTENT="selber" WC="0.98" CC="014746"/>
						<SP ID="P51_SP00030" HPOS="637" VPOS="1910" WIDTH="19"/>
						<String ID="P51_ST00037" HPOS="656" VPOS="1874" WIDTH="107" HEIGHT="40" CONTENT="leben," WC="1.00" CC="000000"/>
						<SP ID="P51_SP00031" HPOS="763" VPOS="1914" WIDTH="20"/>
						<String ID="P51_ST00038" HPOS="783" VPOS="1875" WIDTH="94" HEIGHT="33" CONTENT="nicht" WC="0.98" CC="06050"/>
						<SP ID="P51_SP00032" HPOS="877" VPOS="1914" WIDTH="15"/>
						<String ID="P51_ST00039" HPOS="892" VPOS="1873" WIDTH="73" HEIGHT="34" CONTENT="blos" WC="0.70" CC="7400"/>
						<SP ID="P51_SP00033" HPOS="965" VPOS="1914" WIDTH="18"/>
						<String ID="P51_ST00040" HPOS="983" VPOS="1874" WIDTH="134" HEIGHT="34" CONTENT="dichten" WC="0.99" CC="0606020"/>
						<SP ID="P51_SP00034" HPOS="1117" VPOS="1914" WIDTH="19"/>
						<String ID="P51_ST00041" HPOS="1136" VPOS="1899" WIDTH="8" HEIGHT="8" CONTENT="." WC="0.57" CC="4"/>
						<SP ID="P51_SP00035" HPOS="1144" VPOS="1914" WIDTH="18"/>
						<String ID="P51_ST00042" HPOS="1162" VPOS="1900" WIDTH="7" HEIGHT="7" CONTENT="." WC="0.68" CC="3"/>
						<SP ID="P51_SP00036" HPOS="1169" VPOS="1914" WIDTH="21"/>
						<String ID="P51_ST00043" HPOS="1190" VPOS="1872" WIDTH="41" HEIGHT="35" CONTENT="da" WC="0.70" CC="05"/>
						<SP ID="P51_SP00037" HPOS="1231" VPOS="1914" WIDTH="19"/>
						<String ID="P51_ST00044" HPOS="1250" VPOS="1872" WIDTH="120" HEIGHT="47" CONTENT="liegt’s!" WC="0.67" CC="44003831"/>
					</TextLine>
					<TextLine ID="P51_TL00008" HPOS="291" VPOS="1925" WIDTH="1079" HEIGHT="51">
						<String ID="P51_ST00045" HPOS="291" VPOS="1930" WIDTH="43" HEIGHT="33" CONTENT="sie" WC="0.97" CC="304"/>
						<SP ID="P51_SP00038" HPOS="334" VPOS="1963" WIDTH="21"/>
						<String ID="P51_ST00046" HPOS="355" VPOS="1943" WIDTH="39" HEIGHT="20" CONTENT="an" WC="0.96" CC="00"/>
						<SP ID="P51_SP00039" HPOS="394" VPOS="1963" WIDTH="22"/>
						<String ID="P51_ST00047" HPOS="416" VPOS="1928" WIDTH="49" HEIGHT="34" CONTENT="dir" WC="0.97" CC="025"/>
						<SP ID="P51_SP00040" HPOS="465" VPOS="1963" WIDTH="19"/>
						<String ID="P51_ST00048" HPOS="484" VPOS="1929" WIDTH="170" HEIGHT="47" CONTENT="erproben," WC="0.98" CC="656506044"/>
						<SP ID="P51_SP00041" HPOS="654" VPOS="1976" WIDTH="28"/>
						<String ID="P51_ST00049" HPOS="682" VPOS="1928" WIDTH="77" HEIGHT="33" CONTENT="dich" WC="0.97" CC="0316"/>
						<SP ID="P51_SP00042" HPOS="759" VPOS="1976" WIDTH="20"/>
						<String ID="P51_ST00050" HPOS="779" VPOS="1940" WIDTH="40" HEIGHT="20" CONTENT="an" WC="1.00" CC="00"/>
						<SP ID="P51_SP00043" HPOS="819" VPOS="1976" WIDTH="21"/>
						<String ID="P51_ST00051" HPOS="840" VPOS="1926" WIDTH="66" HEIGHT="34" CONTENT="ihr;" WC="0.95" CC="4747"/>
						<SP ID="P51_SP00044" HPOS="906" VPOS="1976" WIDTH="20"/>
						<String ID="P51_ST00052" HPOS="926" VPOS="1926" WIDTH="67" HEIGHT="35" CONTENT="wie" WC="0.96" CC="046"/>
						<SP ID="P51_SP00045" HPOS="993" VPOS="1976" WIDTH="19"/>
						<String ID="P51_ST00053" HPOS="1012" VPOS="1927" WIDTH="82" HEIGHT="34" CONTENT="weit" WC="0.98" CC="0630"/>
						<SP ID="P51_SP00046" HPOS="1094" VPOS="1976" WIDTH="21"/>
						<String ID="P51_ST00054" HPOS="1115" VPOS="1925" WIDTH="164" HEIGHT="47" CONTENT="möglich," WC="0.99" CC="00022564"/>
						<SP ID="P51_SP00047" HPOS="1279" VPOS="1976" WIDTH="20"/>
						<String ID="P51_ST00055" HPOS="1299" VPOS="1938" WIDTH="71" HEIGHT="20" CONTENT="was" WC="1.00" CC="000"/>
					</TextLine>
					<TextLine ID="P51_TL00009" HPOS="225" VPOS="1976" WIDTH="753" HEIGHT="40">
						<String ID="P51_ST00056" HPOS="225" VPOS="1982" WIDTH="41" HEIGHT="33" CONTENT="du" WC="0.77" CC="04"/>
						<SP ID="P51_SP00048" HPOS="266" VPOS="2015" WIDTH="21"/>
						<String ID="P51_ST00057" HPOS="287" VPOS="1981" WIDTH="101" HEIGHT="35" CONTENT="willst" WC="0.99" CC="044130"/>
						<SP ID="P51_SP00049" HPOS="388" VPOS="2016" WIDTH="19"/>
						<String ID="P51_ST00058" HPOS="407" VPOS="1980" WIDTH="69" HEIGHT="35" CONTENT="und" WC="0.98" CC="050"/>
						<SP ID="P51_SP00050" HPOS="476" VPOS="2016" WIDTH="19"/>
						<String ID="P51_ST00059" HPOS="495" VPOS="1994" WIDTH="67" HEIGHT="21" CONTENT="von" WC="0.98" CC="040"/>
						<SP ID="P51_SP00051" HPOS="562" VPOS="2016" WIDTH="21"/>
						<String ID="P51_ST00060" HPOS="583" VPOS="1979" WIDTH="156" HEIGHT="34" CONTENT="Anderen" WC="0.99" CC="0000630"/>
						<SP ID="P51_SP00052" HPOS="739" VPOS="2016" WIDTH="19"/>
						<String ID="P51_ST00061" HPOS="758" VPOS="1976" WIDTH="141" HEIGHT="36" CONTENT="forderst" WC="0.99" CC="73600630"/>
						<SP ID="P51_SP00053" HPOS="899" VPOS="2016" WIDTH="21"/>
						<String ID="P51_ST00062" HPOS="920" VPOS="2004" WIDTH="7" HEIGHT="8" CONTENT="." WC="0.62" CC="3"/>
						<SP ID="P51_SP00054" HPOS="927" VPOS="2016" WIDTH="18"/>
						<String ID="P51_ST00063" HPOS="945" VPOS="2005" WIDTH="7" HEIGHT="7" CONTENT="." WC="1.00" CC="0"/>
						<SP ID="P51_SP00055" HPOS="952" VPOS="2016" WIDTH="19"/>
						<String ID="P51_ST00064" HPOS="971" VPOS="2004" WIDTH="7" HEIGHT="9" CONTENT="." WC="0.63" CC="3"/>
					</TextLine>
					<TextLine ID="P51_TL00010" HPOS="300" VPOS="2031" WIDTH="411" HEIGHT="36">
						<String ID="P51_ST00065" HPOS="300" VPOS="2033" WIDTH="55" HEIGHT="34" CONTENT="das" WC="0.97" CC="070"/>
						<SP ID="P51_SP00056" HPOS="355" VPOS="2067" WIDTH="20"/>
						<String ID="P51_ST00066" HPOS="375" VPOS="2033" WIDTH="100" HEIGHT="34" CONTENT="allein" WC="0.98" CC="634260"/>
						<SP ID="P51_SP00057" HPOS="475" VPOS="2067" WIDTH="21"/>
						<String ID="P51_ST00067" HPOS="496" VPOS="2031" WIDTH="215" HEIGHT="35" CONTENT="entscheidet!" WC="1.00" CC="100007540000"/>
					</TextLine>
					<TextLine ID="P51_TL00011" HPOS="301" VPOS="2083" WIDTH="494" HEIGHT="37">
						<String ID="P51_ST00068" HPOS="301" VPOS="2086" WIDTH="54" HEIGHT="34" CONTENT="das" WC="0.94" CC="960"/>
						<SP ID="P51_SP00058" HPOS="355" VPOS="2120" WIDTH="21"/>
						<String ID="P51_ST00069" HPOS="376" VPOS="2086" WIDTH="99" HEIGHT="33" CONTENT="allein" WC="0.99" CC="053140"/>
						<SP ID="P51_SP00059" HPOS="475" VPOS="2120" WIDTH="21"/>
						<String ID="P51_ST00070" HPOS="496" VPOS="2083" WIDTH="76" HEIGHT="36" CONTENT="reift" WC="0.98" CC="60370"/>
						<SP ID="P51_SP00060" HPOS="572" VPOS="2120" WIDTH="19"/>
						<String ID="P51_ST00071" HPOS="591" VPOS="2085" WIDTH="72" HEIGHT="33" CONTENT="eine" WC="0.98" CC="5200"/>
						<SP ID="P51_SP00061" HPOS="663" VPOS="2120" WIDTH="19"/>
						<String ID="P51_ST00072" HPOS="682" VPOS="2084" WIDTH="113" HEIGHT="33" CONTENT="Ernte!" WC="0.99" CC="230026"/>
					</TextLine>
					<TextLine ID="P51_TL00012" HPOS="301" VPOS="2184" WIDTH="1069" HEIGHT="52">
						<String ID="P51_ST00073" HPOS="301" VPOS="2193" WIDTH="106" HEIGHT="31" CONTENT="Kunst" WC="0.99" CC="03010"/>
						<SP ID="P51_SP00062" HPOS="407" VPOS="2224" WIDTH="20"/>
						<String ID="P51_ST00074" HPOS="427" VPOS="2189" WIDTH="87" HEIGHT="35" CONTENT="mufs" WC="0.82" CC="0600"/>
						<SP ID="P51_SP00063" HPOS="514" VPOS="2224" WIDTH="22"/>
						<String ID="P51_ST00075" HPOS="536" VPOS="2188" WIDTH="106" HEIGHT="48" CONTENT="gelebt" WC="0.99" CC="002065"/>
						<SP ID="P51_SP00064" HPOS="642" VPOS="2236" WIDTH="20"/>
						<String ID="P51_ST00076" HPOS="662" VPOS="2188" WIDTH="135" HEIGHT="34" CONTENT="werden" WC="0.99" CC="044030"/>
						<SP ID="P51_SP00065" HPOS="797" VPOS="2236" WIDTH="21"/>
						<String ID="P51_ST00077" HPOS="818" VPOS="2187" WIDTH="147" HEIGHT="40" CONTENT="können," WC="1.00" CC="4000000"/>
						<SP ID="P51_SP00066" HPOS="965" VPOS="2236" WIDTH="25"/>
						<String ID="P51_ST00078" HPOS="990" VPOS="2194" WIDTH="91" HEIGHT="26" CONTENT="sonst" WC="0.99" CC="00600"/>
						<SP ID="P51_SP00067" HPOS="1081" VPOS="2236" WIDTH="20"/>
						<String ID="P51_ST00079" HPOS="1101" VPOS="2186" WIDTH="55" HEIGHT="33" CONTENT="ists" WC="0.89" CC="4000"/>
						<SP ID="P51_SP00068" HPOS="1156" VPOS="2236" WIDTH="20"/>
						<String ID="P51_ST00080" HPOS="1176" VPOS="2211" WIDTH="7" HEIGHT="8" CONTENT="." WC="0.65" CC="3"/>
						<SP ID="P51_SP00069" HPOS="1183" VPOS="2236" WIDTH="19"/>
						<String ID="P51_ST00081" HPOS="1202" VPOS="2211" WIDTH="7" HEIGHT="8" CONTENT="." WC="1.00" CC="0"/>
						<SP ID="P51_SP00070" HPOS="1209" VPOS="2236" WIDTH="17"/>
						<String ID="P51_ST00082" HPOS="1226" VPOS="2211" WIDTH="7" HEIGHT="8" CONTENT="." WC="0.58" CC="4"/>
						<SP ID="P51_SP00071" HPOS="1233" VPOS="2236" WIDTH="21"/>
						<String ID="P51_ST00083" HPOS="1254" VPOS="2184" WIDTH="93" HEIGHT="34" CONTENT="Hand" SUBS_TYPE="HypPart1" SUBS_CONTENT="Handwerk!" WC="0.99" CC="6000"/>
						<HYP HPOS="1347" VPOS="2184" WIDTH="23" CONTENT="-"/>
					</TextLine>
					<TextLine ID="P51_TL00013" HPOS="226" VPOS="2242" WIDTH="572" HEIGHT="35">
						<String ID="P51_ST00084" HPOS="226" VPOS="2242" WIDTH="106" HEIGHT="35" CONTENT="werk!" SUBS_TYPE="HypPart2" SUBS_CONTENT="Handwerk!" WC="0.99" CC="00303"/>
						<SP ID="P51_SP00072" HPOS="332" VPOS="2277" WIDTH="463"/>
						<String ID="P51_ST00085" HPOS="795" VPOS="2242" WIDTH="3" HEIGHT="35" CONTENT="." WC="0.65" CC="3"/>
					</TextLine>
					<TextLine ID="P51_TL00014" HPOS="783" VPOS="2274" WIDTH="28" HEIGHT="31">
						<String ID="P51_ST00086" HPOS="783" VPOS="2274" WIDTH="28" HEIGHT="31" CONTENT="$" WC="1.00" CC="9" STYLEREFS="TXT_4"/>
					</TextLine>
					<TextLine ID="P51_TL00015" HPOS="301" VPOS="2340" WIDTH="1069" HEIGHT="46">
						<String ID="P51_ST00087" HPOS="301" VPOS="2348" WIDTH="77" HEIGHT="33" CONTENT="Eine" WC="0.98" CC="2400"/>
						<SP ID="P51_SP00073" HPOS="378" VPOS="2381" WIDTH="15"/>
						<String ID="P51_ST00088" HPOS="393" VPOS="2349" WIDTH="118" HEIGHT="37" CONTENT="Kunst," WC="0.99" CC="030204"/>
						<SP ID="P51_SP00074" HPOS="511" VPOS="2386" WIDTH="21"/>
						<String ID="P51_ST00089" HPOS="532" VPOS="2345" WIDTH="52" HEIGHT="34" CONTENT="die" WC="0.96" CC="036"/>
						<SP ID="P51_SP00075" HPOS="584" VPOS="2386" WIDTH="18"/>
						<String ID="P51_ST00090" HPOS="602" VPOS="2344" WIDTH="87" HEIGHT="35" CONTENT="blofs" WC="0.90" CC="04000"/>
						<SP ID="P51_SP00076" HPOS="689" VPOS="2386" WIDTH="17"/>
						<String ID="P51_ST00091" HPOS="706" VPOS="2345" WIDTH="101" HEIGHT="33" CONTENT="bunte" WC="0.99" CC="04020"/>
						<SP ID="P51_SP00077" HPOS="807" VPOS="2386" WIDTH="15"/>
						<String ID="P51_ST00092" HPOS="822" VPOS="2345" WIDTH="144" HEIGHT="32" CONTENT="Träume" WC="0.98" CC="540602"/>
						<SP ID="P51_SP00078" HPOS="966" VPOS="2386" WIDTH="16"/>
						<String ID="P51_ST00093" HPOS="982" VPOS="2340" WIDTH="108" HEIGHT="44" CONTENT="weifs," WC="0.83" CC="000054"/>
						<SP ID="P51_SP00079" HPOS="1090" VPOS="2386" WIDTH="22"/>
						<String ID="P51_ST00094" HPOS="1112" VPOS="2342" WIDTH="51" HEIGHT="33" CONTENT="die" WC="1.00" CC="000"/>
						<SP ID="P51_SP00080" HPOS="1163" VPOS="2386" WIDTH="15"/>
						<String ID="P51_ST00095" HPOS="1178" VPOS="2340" WIDTH="102" HEIGHT="40" CONTENT="Alles," WC="0.98" CC="435144"/>
						<SP ID="P51_SP00081" HPOS="1280" VPOS="2386" WIDTH="20"/>
						<String ID="P51_ST00096" HPOS="1300" VPOS="2354" WIDTH="70" HEIGHT="21" CONTENT="was" WC="1.00" CC="000"/>
					</TextLine>
					<TextLine ID="P51_TL00016" HPOS="225" VPOS="2394" WIDTH="964" HEIGHT="48">
						<String ID="P51_ST00097" HPOS="225" VPOS="2400" WIDTH="52" HEIGHT="34" CONTENT="ich" WC="0.93" CC="556"/>
						<SP ID="P51_SP00082" HPOS="277" VPOS="2434" WIDTH="19"/>
						<String ID="P51_ST00098" HPOS="296" VPOS="2400" WIDTH="67" HEIGHT="41" CONTENT="bin," WC="0.96" CC="6344"/>
						<SP ID="P51_SP00083" HPOS="363" VPOS="2441" WIDTH="21"/>
						<String ID="P51_ST00099" HPOS="384" VPOS="2400" WIDTH="34" HEIGHT="32" CONTENT="in" WC="0.77" CC="40"/>
						<SP ID="P51_SP00084" HPOS="418" VPOS="2441" WIDTH="19"/>
						<String ID="P51_ST00100" HPOS="437" VPOS="2398" WIDTH="187" HEIGHT="34" CONTENT="Sehnsucht" WC="0.99" CC="006007070"/>
						<SP ID="P51_SP00085" HPOS="624" VPOS="2441" WIDTH="20"/>
						<String ID="P51_ST00101" HPOS="644" VPOS="2396" WIDTH="69" HEIGHT="35" CONTENT="und" WC="0.99" CC="020"/>
						<SP ID="P51_SP00086" HPOS="713" VPOS="2441" WIDTH="21"/>
						<String ID="P51_ST00102" HPOS="734" VPOS="2396" WIDTH="226" HEIGHT="46" CONTENT="Selbstbetrug" WC="0.99" CC="006630640260"/>
						<SP ID="P51_SP00087" HPOS="960" VPOS="2442" WIDTH="21"/>
						<String ID="P51_ST00103" HPOS="981" VPOS="2394" WIDTH="131" HEIGHT="35" CONTENT="einlullt" WC="1.00" CC="03010020"/>
						<SP ID="P51_SP00088" HPOS="1112" VPOS="2442" WIDTH="20"/>
						<String ID="P51_ST00104" HPOS="1132" VPOS="2421" WIDTH="7" HEIGHT="7" CONTENT="." WC="0.64" CC="3"/>
						<SP ID="P51_SP00089" HPOS="1139" VPOS="2442" WIDTH="18"/>
						<String ID="P51_ST00105" HPOS="1157" VPOS="2420" WIDTH="7" HEIGHT="7" CONTENT="." WC="0.66" CC="3"/>
						<SP ID="P51_SP00090" HPOS="1164" VPOS="2442" WIDTH="17"/>
						<String ID="P51_ST00106" HPOS="1181" VPOS="2420" WIDTH="8" HEIGHT="8" CONTENT="." WC="1.00" CC="0"/>
					</TextLine>
					<TextLine ID="P51_TL00017" HPOS="301" VPOS="2444" WIDTH="1070" HEIGHT="50">
						<String ID="P51_ST00107" HPOS="301" VPOS="2453" WIDTH="69" HEIGHT="32" CONTENT="eine" WC="0.97" CC="1454"/>
						<SP ID="P51_SP00091" HPOS="370" VPOS="2485" WIDTH="16"/>
						<String ID="P51_ST00108" HPOS="386" VPOS="2454" WIDTH="118" HEIGHT="36" CONTENT="Kunst," WC="0.99" CC="060004"/>
						<SP ID="P51_SP00092" HPOS="504" VPOS="2490" WIDTH="21"/>
						<String ID="P51_ST00109" HPOS="525" VPOS="2451" WIDTH="52" HEIGHT="33" CONTENT="die" WC="0.99" CC="012"/>
						<SP ID="P51_SP00093" HPOS="577" VPOS="2490" WIDTH="18"/>
						<String ID="P51_ST00110" HPOS="595" VPOS="2449" WIDTH="95" HEIGHT="34" CONTENT="keine" WC="0.99" CC="03200"/>
						<SP ID="P51_SP00094" HPOS="690" VPOS="2490" WIDTH="16"/>
						<String ID="P51_ST00111" HPOS="706" VPOS="2447" WIDTH="260" HEIGHT="47" CONTENT="Rückwirkung" WC="1.00" CC="60000360400"/>
						<SP ID="P51_SP00095" HPOS="966" VPOS="2494" WIDTH="15"/>
						<String ID="P51_ST00112" HPOS="981" VPOS="2446" WIDTH="64" HEIGHT="35" CONTENT="auf" WC="0.95" CC="067"/>
						<SP ID="P51_SP00096" HPOS="1045" VPOS="2494" WIDTH="9"/>
						<String ID="P51_ST00113" HPOS="1054" VPOS="2447" WIDTH="91" HEIGHT="33" CONTENT="mein" WC="0.97" CC="0434"/>
						<SP ID="P51_SP00097" HPOS="1145" VPOS="2494" WIDTH="16"/>
						<String ID="P51_ST00114" HPOS="1161" VPOS="2446" WIDTH="108" HEIGHT="34" CONTENT="Leben" WC="0.99" CC="01050"/>
						<SP ID="P51_SP00098" HPOS="1269" VPOS="2494" WIDTH="15"/>
						<String ID="P51_ST00115" HPOS="1284" VPOS="2444" WIDTH="87" HEIGHT="40" CONTENT="will," WC="0.98" CC="03434"/>
					</TextLine>
					<TextLine ID="P51_TL00018" HPOS="226" VPOS="2499" WIDTH="1145" HEIGHT="50">
						<String ID="P51_ST00116" HPOS="226" VPOS="2504" WIDTH="49" HEIGHT="33" CONTENT="die" WC="0.97" CC="051"/>
						<SP ID="P51_SP00099" HPOS="275" VPOS="2537" WIDTH="23"/>
						<String ID="P51_ST00117" HPOS="298" VPOS="2505" WIDTH="92" HEIGHT="33" CONTENT="nicht" WC="0.97" CC="33570"/>
						<SP ID="P51_SP00100" HPOS="390" VPOS="2538" WIDTH="24"/>
						<String ID="P51_ST00118" HPOS="414" VPOS="2517" WIDTH="40" HEIGHT="21" CONTENT="zu" WC="0.70" CC="05"/>
						<SP ID="P51_SP00101" HPOS="454" VPOS="2538" WIDTH="24"/>
						<String ID="P51_ST00119" HPOS="478" VPOS="2504" WIDTH="191" HEIGHT="45" CONTENT="erzwingen" WC="0.99" CC="150037015"/>
						<SP ID="P51_SP00102" HPOS="669" VPOS="2549" WIDTH="23"/>
						<String ID="P51_ST00120" HPOS="692" VPOS="2514" WIDTH="145" HEIGHT="33" CONTENT="vermag," WC="1.00" CC="0020000"/>
						<SP ID="P51_SP00103" HPOS="837" VPOS="2549" WIDTH="25"/>
						<String ID="P51_ST00121" HPOS="862" VPOS="2499" WIDTH="70" HEIGHT="35" CONTENT="dafs" WC="1.00" CC="0000"/>
						<SP ID="P51_SP00104" HPOS="932" VPOS="2549" WIDTH="23"/>
						<String ID="P51_ST00122" HPOS="955" VPOS="2500" WIDTH="54" HEIGHT="33" CONTENT="ich" WC="0.96" CC="207"/>
						<SP ID="P51_SP00105" HPOS="1009" VPOS="2549" WIDTH="20"/>
						<String ID="P51_ST00123" HPOS="1029" VPOS="2500" WIDTH="91" HEIGHT="33" CONTENT="mich" WC="0.98" CC="0127"/>
						<SP ID="P51_SP00106" HPOS="1120" VPOS="2549" WIDTH="19"/>
						<String ID="P51_ST00124" HPOS="1139" VPOS="2499" WIDTH="52" HEIGHT="33" CONTENT="ihr" WC="0.94" CC="176"/>
						<SP ID="P51_SP00107" HPOS="1191" VPOS="2549" WIDTH="19"/>
						<String ID="P51_ST00125" HPOS="1210" VPOS="2506" WIDTH="161" HEIGHT="39" CONTENT="entgegen" WC="1.00" CC="00004023"/>
					</TextLine>
					<TextLine ID="P51_TL00019" HPOS="226" VPOS="2556" WIDTH="271" HEIGHT="47">
						<String ID="P51_ST00126" HPOS="226" VPOS="2556" WIDTH="195" HEIGHT="47" CONTENT="umgestalte" WC="0.99" CC="7003200321"/>
						<SP ID="P51_SP00108" HPOS="421" VPOS="2603" WIDTH="20"/>
						<String ID="P51_ST00127" HPOS="441" VPOS="2583" WIDTH="8" HEIGHT="8" CONTENT="." WC="0.55" CC="4"/>
						<SP ID="P51_SP00109" HPOS="449" VPOS="2603" WIDTH="17"/>
						<String ID="P51_ST00128" HPOS="466" VPOS="2582" WIDTH="7" HEIGHT="8" CONTENT="." WC="1.00" CC="0"/>
						<SP ID="P51_SP00110" HPOS="473" VPOS="2603" WIDTH="17"/>
						<String ID="P51_ST00129" HPOS="490" VPOS="2582" WIDTH="7" HEIGHT="8" CONTENT="." WC="0.57" CC="4"/>
					</TextLine>
					<TextLine ID="P51_TL00020" HPOS="302" VPOS="2601" WIDTH="1069" HEIGHT="51">
						<String ID="P51_ST00130" HPOS="302" VPOS="2610" WIDTH="70" HEIGHT="33" CONTENT="eine" WC="0.97" CC="1660"/>
						<SP ID="P51_SP00111" HPOS="372" VPOS="2643" WIDTH="18"/>
						<String ID="P51_ST00131" HPOS="390" VPOS="2611" WIDTH="121" HEIGHT="37" CONTENT="Kunst," WC="0.99" CC="260100"/>
						<SP ID="P51_SP00112" HPOS="511" VPOS="2648" WIDTH="21"/>
						<String ID="P51_ST00132" HPOS="532" VPOS="2608" WIDTH="52" HEIGHT="33" CONTENT="die" WC="0.97" CC="026"/>
						<SP ID="P51_SP00113" HPOS="584" VPOS="2648" WIDTH="20"/>
						<String ID="P51_ST00133" HPOS="604" VPOS="2607" WIDTH="62" HEIGHT="33" CONTENT="mir" WC="0.96" CC="046"/>
						<SP ID="P51_SP00114" HPOS="666" VPOS="2648" WIDTH="19"/>
						<String ID="P51_ST00134" HPOS="685" VPOS="2606" WIDTH="94" HEIGHT="34" CONTENT="nicht" WC="0.98" CC="03370"/>
						<SP ID="P51_SP00115" HPOS="779" VPOS="2648" WIDTH="20"/>
						<String ID="P51_ST00135" HPOS="799" VPOS="2605" WIDTH="52" HEIGHT="34" CONTENT="die" WC="0.96" CC="054"/>
						<SP ID="P51_SP00116" HPOS="851" VPOS="2648" WIDTH="17"/>
						<String ID="P51_ST00136" HPOS="868" VPOS="2607" WIDTH="120" HEIGHT="45" CONTENT="Augen" WC="0.99" CC="07030"/>
						<SP ID="P51_SP00117" HPOS="988" VPOS="2652" WIDTH="19"/>
						<String ID="P51_ST00137" HPOS="1007" VPOS="2603" WIDTH="66" HEIGHT="35" CONTENT="hell" WC="0.96" CC="6622"/>
						<SP ID="P51_SP00118" HPOS="1073" VPOS="2652" WIDTH="21"/>
						<String ID="P51_ST00138" HPOS="1094" VPOS="2602" WIDTH="111" HEIGHT="35" CONTENT="macht" WC="0.99" CC="00370"/>
						<SP ID="P51_SP00119" HPOS="1205" VPOS="2652" WIDTH="20"/>
						<String ID="P51_ST00139" HPOS="1225" VPOS="2601" WIDTH="69" HEIGHT="35" CONTENT="und" WC="0.98" CC="600"/>
						<SP ID="P51_SP00120" HPOS="1294" VPOS="2652" WIDTH="21"/>
						<String ID="P51_ST00140" HPOS="1315" VPOS="2601" WIDTH="56" HEIGHT="34" CONTENT="das" WC="0.97" CC="070"/>
					</TextLine>
					<TextLine ID="P51_TL00021" HPOS="228" VPOS="2659" WIDTH="241" HEIGHT="37">
						<String ID="P51_ST00141" HPOS="228" VPOS="2663" WIDTH="82" HEIGHT="32" CONTENT="Herz" WC="0.97" CC="3045"/>
						<SP ID="P51_SP00121" HPOS="310" VPOS="2695" WIDTH="19"/>
						<String ID="P51_ST00142" HPOS="329" VPOS="2659" WIDTH="61" HEIGHT="36" CONTENT="frei" WC="0.96" CC="0556"/>
						<SP ID="P51_SP00122" HPOS="390" VPOS="2695" WIDTH="20"/>
						<String ID="P51_ST00143" HPOS="410" VPOS="2687" WIDTH="29" HEIGHT="8" CONTENT=".." WC="0.76" CC="13"/>
						<SP ID="P51_SP00123" HPOS="439" VPOS="2695" WIDTH="22"/>
						<String ID="P51_ST00144" HPOS="461" VPOS="2688" WIDTH="8" HEIGHT="8" CONTENT="." WC="0.79" CC="2"/>
					</TextLine>
					<TextLine ID="P51_TL00022" HPOS="303" VPOS="2709" WIDTH="634" HEIGHT="50">
						<String ID="P51_ST00145" HPOS="303" VPOS="2714" WIDTH="128" HEIGHT="33" CONTENT="Andere" WC="1.00" CC="000050"/>
						<SP ID="P51_SP00124" HPOS="431" VPOS="2747" WIDTH="19"/>
						<String ID="P51_ST00146" HPOS="450" VPOS="2718" WIDTH="124" HEIGHT="41" CONTENT="mögen" WC="0.99" CC="07030"/>
						<SP ID="P51_SP00125" HPOS="574" VPOS="2759" WIDTH="21"/>
						<String ID="P51_ST00147" HPOS="595" VPOS="2711" WIDTH="114" HEIGHT="34" CONTENT="anders" WC="1.00" CC="000050"/>
						<SP ID="P51_SP00126" HPOS="709" VPOS="2759" WIDTH="20"/>
						<String ID="P51_ST00148" HPOS="729" VPOS="2709" WIDTH="130" HEIGHT="35" CONTENT="denken" WC="1.00" CC="020200"/>
						<SP ID="P51_SP00127" HPOS="859" VPOS="2759" WIDTH="20"/>
						<String ID="P51_ST00149" HPOS="879" VPOS="2736" WIDTH="8" HEIGHT="7" CONTENT="." WC="0.97" CC="0"/>
						<SP ID="P51_SP00128" HPOS="887" VPOS="2759" WIDTH="18"/>
						<String ID="P51_ST00150" HPOS="905" VPOS="2736" WIDTH="7" HEIGHT="7" CONTENT="." WC="0.97" CC="0"/>
						<SP ID="P51_SP00129" HPOS="912" VPOS="2759" WIDTH="17"/>
						<String ID="P51_ST00151" HPOS="929" VPOS="2735" WIDTH="8" HEIGHT="8" CONTENT="." WC="0.62" CC="3"/>
					</TextLine>
					<TextLine ID="P51_TL00023" HPOS="305" VPOS="2762" WIDTH="539" HEIGHT="46">
						<String ID="P51_ST00152" HPOS="305" VPOS="2766" WIDTH="62" HEIGHT="33" CONTENT="mir" WC="0.96" CC="036"/>
						<SP ID="P51_SP00130" HPOS="367" VPOS="2799" WIDTH="18"/>
						<String ID="P51_ST00153" HPOS="385" VPOS="2769" WIDTH="92" HEIGHT="31" CONTENT="wäre" WC="0.97" CC="0950"/>
						<SP ID="P51_SP00131" HPOS="477" VPOS="2800" WIDTH="19"/>
						<String ID="P51_ST00154" HPOS="496" VPOS="2778" WIDTH="31" HEIGHT="20" CONTENT="es" WC="0.77" CC="40"/>
						<SP ID="P51_SP00132" HPOS="527" VPOS="2800" WIDTH="20"/>
						<String ID="P51_ST00155" HPOS="547" VPOS="2764" WIDTH="89" HEIGHT="34" CONTENT="doch" WC="0.97" CC="0627"/>
						<SP ID="P51_SP00133" HPOS="636" VPOS="2800" WIDTH="20"/>
						<String ID="P51_ST00156" HPOS="656" VPOS="2776" WIDTH="38" HEIGHT="22" CONTENT="zu" WC="0.66" CC="06"/>
						<SP ID="P51_SP00134" HPOS="694" VPOS="2800" WIDTH="20"/>
						<String ID="P51_ST00157" HPOS="714" VPOS="2762" WIDTH="130" HEIGHT="46" CONTENT="wenig!" WC="0.99" CC="000405"/>
					</TextLine>
					<TextLine ID="P51_TL00024" HPOS="302" VPOS="2914" WIDTH="1071" HEIGHT="56">
						<String ID="P51_ST00158" HPOS="302" VPOS="2924" WIDTH="39" HEIGHT="31" CONTENT="Es" WC="0.75" CC="40"/>
						<SP ID="P51_SP00135" HPOS="341" VPOS="2955" WIDTH="19"/>
						<String ID="P51_ST00159" HPOS="360" VPOS="2921" WIDTH="79" HEIGHT="49" CONTENT="liegt" WC="0.98" CC="34002"/>
						<SP ID="P51_SP00136" HPOS="439" VPOS="2970" WIDTH="19"/>
						<String ID="P51_ST00160" HPOS="458" VPOS="2922" WIDTH="93" HEIGHT="34" CONTENT="nicht" WC="0.98" CC="04060"/>
						<SP ID="P51_SP00137" HPOS="551" VPOS="2970" WIDTH="20"/>
						<String ID="P51_ST00161" HPOS="571" VPOS="2935" WIDTH="55" HEIGHT="20" CONTENT="am" WC="0.50" CC="90"/>
						<SP ID="P51_SP00138" HPOS="626" VPOS="2970" WIDTH="14"/>
						<String ID="P51_ST00162" HPOS="640" VPOS="2918" WIDTH="247" HEIGHT="36" CONTENT="Nichtkönnen" WC="1.00" CC="00060000010"/>
						<SP ID="P51_SP00139" HPOS="887" VPOS="2970" WIDTH="16"/>
						<String ID="P51_ST00163" HPOS="903" VPOS="2945" WIDTH="7" HEIGHT="7" CONTENT="." WC="0.59" CC="4"/>
						<SP ID="P51_SP00140" HPOS="910" VPOS="2970" WIDTH="17"/>
						<String ID="P51_ST00164" HPOS="927" VPOS="2945" WIDTH="7" HEIGHT="7" CONTENT="." WC="0.62" CC="3"/>
						<SP ID="P51_SP00141" HPOS="934" VPOS="2970" WIDTH="17"/>
						<String ID="P51_ST00165" HPOS="951" VPOS="2944" WIDTH="7" HEIGHT="7" CONTENT="." WC="0.63" CC="3"/>
						<SP ID="P51_SP00142" HPOS="958" VPOS="2970" WIDTH="17"/>
						<String ID="P51_ST00166" HPOS="975" VPOS="2918" WIDTH="65" HEIGHT="33" CONTENT="wir" WC="0.99" CC="030"/>
						<SP ID="P51_SP00143" HPOS="1040" VPOS="2970" WIDTH="16"/>
						<String ID="P51_ST00167" HPOS="1056" VPOS="2915" WIDTH="136" HEIGHT="34" CONTENT="können" WC="1.00" CC="000050"/>
						<SP ID="P51_SP00144" HPOS="1192" VPOS="2970" WIDTH="14"/>
						<String ID="P51_ST00168" HPOS="1206" VPOS="2914" WIDTH="167" HEIGHT="35" CONTENT="vielleicht" WC="0.99" CC="0204102070"/>
					</TextLine>
					<TextLine ID="P51_TL00025" HPOS="227" VPOS="2974" WIDTH="277" HEIGHT="35">
						<String ID="P51_ST00169" HPOS="227" VPOS="2974" WIDTH="61" HEIGHT="34" CONTENT="viel" WC="0.98" CC="0603"/>
						<SP ID="P51_SP00145" HPOS="288" VPOS="3008" WIDTH="19"/>
						<String ID="P51_ST00170" HPOS="307" VPOS="2987" WIDTH="39" HEIGHT="21" CONTENT="zu" WC="0.42" CC="56"/>
						<SP ID="P51_SP00146" HPOS="346" VPOS="3008" WIDTH="19"/>
						<String ID="P51_ST00171" HPOS="365" VPOS="2975" WIDTH="64" HEIGHT="34" CONTENT="viel" WC="0.98" CC="0612"/>
						<SP ID="P51_SP00147" HPOS="429" VPOS="3009" WIDTH="18"/>
						<String ID="P51_ST00172" HPOS="447" VPOS="3001" WIDTH="8" HEIGHT="7" CONTENT="." WC="0.56" CC="4"/>
						<SP ID="P51_SP00148" HPOS="455" VPOS="3009" WIDTH="17"/>
						<String ID="P51_ST00173" HPOS="472" VPOS="3001" WIDTH="8" HEIGHT="7" CONTENT="." WC="0.93" CC="0"/>
						<SP ID="P51_SP00149" HPOS="480" VPOS="3009" WIDTH="17"/>
						<String ID="P51_ST00174" HPOS="497" VPOS="3001" WIDTH="7" HEIGHT="7" CONTENT="." WC="0.93" CC="0"/>
					</TextLine>
					<TextLine ID="P51_TL00026" HPOS="304" VPOS="3020" WIDTH="889" HEIGHT="53">
						<String ID="P51_ST00175" HPOS="304" VPOS="3039" WIDTH="29" HEIGHT="21" CONTENT="es" WC="0.95" CC="00"/>
						<SP ID="P51_SP00150" HPOS="333" VPOS="3060" WIDTH="20"/>
						<String ID="P51_ST00176" HPOS="353" VPOS="3027" WIDTH="80" HEIGHT="46" CONTENT="liegt" WC="0.98" CC="56000"/>
						<SP ID="P51_SP00151" HPOS="433" VPOS="3073" WIDTH="19"/>
						<String ID="P51_ST00177" HPOS="452" VPOS="3027" WIDTH="88" HEIGHT="33" CONTENT="auch" WC="0.98" CC="0007"/>
						<SP ID="P51_SP00152" HPOS="540" VPOS="3073" WIDTH="19"/>
						<String ID="P51_ST00178" HPOS="559" VPOS="3026" WIDTH="93" HEIGHT="34" CONTENT="nicht" WC="0.98" CC="00370"/>
						<SP ID="P51_SP00153" HPOS="652" VPOS="3073" WIDTH="21"/>
						<String ID="P51_ST00179" HPOS="673" VPOS="3038" WIDTH="54" HEIGHT="21" CONTENT="am" WC="1.00" CC="00"/>
						<SP ID="P51_SP00154" HPOS="727" VPOS="3073" WIDTH="19"/>
						<String ID="P51_ST00180" HPOS="746" VPOS="3020" WIDTH="369" HEIGHT="50" CONTENT="Weniggelernthaben" WC="1.00" CC="00030033250060720"/>
						<SP ID="P51_SP00155" HPOS="1115" VPOS="3073" WIDTH="19"/>
						<String ID="P51_ST00181" HPOS="1134" VPOS="3046" WIDTH="9" HEIGHT="9" CONTENT="." WC="0.55" CC="4"/>
						<SP ID="P51_SP00156" HPOS="1143" VPOS="3073" WIDTH="17"/>
						<String ID="P51_ST00182" HPOS="1160" VPOS="3046" WIDTH="7" HEIGHT="7" CONTENT="." WC="0.93" CC="0"/>
						<SP ID="P51_SP00157" HPOS="1167" VPOS="3073" WIDTH="18"/>
						<String ID="P51_ST00183" HPOS="1185" VPOS="3046" WIDTH="8" HEIGHT="8" CONTENT="." WC="0.79" CC="2"/>
					</TextLine>
					<TextLine ID="P51_TL00027" HPOS="303" VPOS="3073" WIDTH="773" HEIGHT="53">
						<String ID="P51_ST00184" HPOS="303" VPOS="3092" WIDTH="30" HEIGHT="20" CONTENT="es" WC="0.82" CC="21"/>
						<SP ID="P51_SP00158" HPOS="333" VPOS="3112" WIDTH="20"/>
						<String ID="P51_ST00185" HPOS="353" VPOS="3079" WIDTH="78" HEIGHT="47" CONTENT="liegt" WC="0.99" CC="34200"/>
						<SP ID="P51_SP00159" HPOS="431" VPOS="3126" WIDTH="20"/>
						<String ID="P51_ST00186" HPOS="451" VPOS="3092" WIDTH="54" HEIGHT="21" CONTENT="am" WC="1.00" CC="00"/>
						<SP ID="P51_SP00160" HPOS="505" VPOS="3126" WIDTH="19"/>
						<String ID="P51_ST00187" HPOS="524" VPOS="3073" WIDTH="472" HEIGHT="39" CONTENT="Nichtweiterlernenwollen" WC="1.00" CC="02569065031405030005560"/>
						<SP ID="P51_SP00161" HPOS="996" VPOS="3126" WIDTH="21"/>
						<String ID="P51_ST00188" HPOS="1017" VPOS="3099" WIDTH="7" HEIGHT="8" CONTENT="." WC="0.85" CC="1"/>
						<SP ID="P51_SP00162" HPOS="1024" VPOS="3126" WIDTH="16"/>
						<String ID="P51_ST00189" HPOS="1040" VPOS="3100" WIDTH="7" HEIGHT="7" CONTENT="." WC="0.63" CC="3"/>
						<SP ID="P51_SP00163" HPOS="1047" VPOS="3126" WIDTH="21"/>
						<String ID="P51_ST00190" HPOS="1068" VPOS="3099" WIDTH="8" HEIGHT="8" CONTENT="." WC="0.83" CC="1"/>
					</TextLine>
					<TextLine ID="P51_TL00028" HPOS="303" VPOS="3123" WIDTH="1070" HEIGHT="51">
						<String ID="P51_ST00191" HPOS="303" VPOS="3144" WIDTH="112" HEIGHT="21" CONTENT="unsere" WC="0.99" CC="600050"/>
						<SP ID="P51_SP00164" HPOS="415" VPOS="3165" WIDTH="23"/>
						<String ID="P51_ST00192" HPOS="438" VPOS="3132" WIDTH="138" HEIGHT="33" CONTENT="Dichter" WC="0.98" CC="3640026"/>
						<SP ID="P51_SP00165" HPOS="576" VPOS="3165" WIDTH="27"/>
						<String ID="P51_ST00193" HPOS="603" VPOS="3129" WIDTH="121" HEIGHT="34" CONTENT="sollten" WC="0.99" CC="0435060"/>
						<SP ID="P51_SP00166" HPOS="724" VPOS="3165" WIDTH="24"/>
						<String ID="P51_ST00194" HPOS="748" VPOS="3128" WIDTH="151" HEIGHT="46" CONTENT="weniger" WC="0.99" CC="0304006"/>
						<SP ID="P51_SP00167" HPOS="899" VPOS="3174" WIDTH="26"/>
						<String ID="P51_ST00195" HPOS="925" VPOS="3126" WIDTH="135" HEIGHT="34" CONTENT="dichten" WC="1.00" CC="0200220"/>
						<SP ID="P51_SP00168" HPOS="1060" VPOS="3174" WIDTH="24"/>
						<String ID="P51_ST00196" HPOS="1084" VPOS="3125" WIDTH="69" HEIGHT="33" CONTENT="und" WC="0.97" CC="700"/>
						<SP ID="P51_SP00169" HPOS="1153" VPOS="3174" WIDTH="27"/>
						<String ID="P51_ST00197" HPOS="1180" VPOS="3123" WIDTH="100" HEIGHT="35" CONTENT="lieber" WC="0.98" CC="204526"/>
						<SP ID="P51_SP00170" HPOS="1280" VPOS="3174" WIDTH="23"/>
						<String ID="P51_ST00198" HPOS="1303" VPOS="3123" WIDTH="70" HEIGHT="33" CONTENT="ihre" WC="0.99" CC="0021"/>
					</TextLine>
					<TextLine ID="P51_TL00029" HPOS="227" VPOS="3175" WIDTH="1146" HEIGHT="42">
						<String ID="P51_ST00199" HPOS="227" VPOS="3183" WIDTH="84" HEIGHT="34" CONTENT="Seele" WC="0.98" CC="02423"/>
						<SP ID="P51_SP00171" HPOS="311" VPOS="3217" WIDTH="14"/>
						<String ID="P51_ST00200" HPOS="325" VPOS="3182" WIDTH="102" HEIGHT="35" CONTENT="reifen" WC="0.98" CC="544613"/>
						<SP ID="P51_SP00172" HPOS="427" VPOS="3217" WIDTH="17"/>
						<String ID="P51_ST00201" HPOS="444" VPOS="3209" WIDTH="58" HEIGHT="8" CONTENT="..." WC="0.97" CC="404"/>
						<SP ID="P51_SP00173" HPOS="502" VPOS="3217" WIDTH="20"/>
						<String ID="P51_ST00202" HPOS="522" VPOS="3184" WIDTH="45" HEIGHT="33" CONTENT="sie" WC="0.99" CC="020"/>
						<SP ID="P51_SP00174" HPOS="567" VPOS="3217" WIDTH="19"/>
						<String ID="P51_ST00203" HPOS="586" VPOS="3182" WIDTH="122" HEIGHT="34" CONTENT="sollten" WC="0.99" CC="6310020"/>
						<SP ID="P51_SP00175" HPOS="708" VPOS="3217" WIDTH="19"/>
						<String ID="P51_ST00204" HPOS="727" VPOS="3181" WIDTH="70" HEIGHT="34" CONTENT="sich" WC="0.99" CC="0500"/>
						<SP ID="P51_SP00176" HPOS="797" VPOS="3217" WIDTH="19"/>
						<String ID="P51_ST00205" HPOS="816" VPOS="3180" WIDTH="94" HEIGHT="33" CONTENT="nicht" WC="0.99" CC="03200"/>
						<SP ID="P51_SP00177" HPOS="910" VPOS="3217" WIDTH="15"/>
						<String ID="P51_ST00206" HPOS="925" VPOS="3177" WIDTH="87" HEIGHT="35" CONTENT="blofs" WC="0.69" CC="64301"/>
						<SP ID="P51_SP00178" HPOS="1012" VPOS="3217" WIDTH="17"/>
						<String ID="P51_ST00207" HPOS="1029" VPOS="3191" WIDTH="39" HEIGHT="20" CONTENT="zu" WC="0.80" CC="04"/>
						<SP ID="P51_SP00179" HPOS="1068" VPOS="3217" WIDTH="16"/>
						<String ID="P51_ST00208" HPOS="1084" VPOS="3177" WIDTH="130" HEIGHT="38" CONTENT="Genies," WC="0.98" CC="0355324"/>
						<SP ID="P51_SP00180" HPOS="1214" VPOS="3217" WIDTH="16"/>
						<String ID="P51_ST00209" HPOS="1230" VPOS="3175" WIDTH="143" HEIGHT="34" CONTENT="sondern" WC="0.99" CC="2000370"/>
					</TextLine>
					<TextLine ID="P51_TL00030" HPOS="227" VPOS="3231" WIDTH="861" HEIGHT="38">
						<String ID="P51_ST00210" HPOS="227" VPOS="3247" WIDTH="37" HEIGHT="21" CONTENT="zu" WC="0.69" CC="06"/>
						<SP ID="P51_SP00181" HPOS="264" VPOS="3268" WIDTH="22"/>
						<String ID="P51_ST00211" HPOS="286" VPOS="3236" WIDTH="83" HEIGHT="33" CONTENT="auch" WC="0.98" CC="7020"/>
						<SP ID="P51_SP00182" HPOS="369" VPOS="3269" WIDTH="19"/>
						<String ID="P51_ST00212" HPOS="388" VPOS="3244" WIDTH="90" HEIGHT="25" CONTENT="sonst" WC="0.99" CC="00630"/>
						<SP ID="P51_SP00183" HPOS="478" VPOS="3269" WIDTH="21"/>
						<String ID="P51_ST00213" HPOS="499" VPOS="3234" WIDTH="228" HEIGHT="35" CONTENT="brauchbaren" WC="0.99" CC="56000060525"/>
						<SP ID="P51_SP00184" HPOS="727" VPOS="3269" WIDTH="19"/>
						<String ID="P51_ST00214" HPOS="746" VPOS="3233" WIDTH="181" HEIGHT="34" CONTENT="Menschen" WC="0.99" CC="50540700"/>
						<SP ID="P51_SP00185" HPOS="927" VPOS="3269" WIDTH="20"/>
						<String ID="P51_ST00215" HPOS="947" VPOS="3231" WIDTH="141" HEIGHT="34" CONTENT="machen" WC="1.00" CC="000010"/>
						<SP ID="P51_SP00186" HPOS="1088" VPOS="3269" WIDTH="0"/>
					</TextLine>
					<TextLine ID="P51_TL00031" HPOS="303" VPOS="3280" WIDTH="1070" HEIGHT="52">
						<String ID="P51_ST00216" HPOS="303" VPOS="3287" WIDTH="234" HEIGHT="35" CONTENT="Glockenrock" WC="0.99" CC="04434206041"/>
						<SP ID="P51_SP00187" HPOS="537" VPOS="3322" WIDTH="13"/>
						<String ID="P51_ST00217" HPOS="550" VPOS="3287" WIDTH="68" HEIGHT="34" CONTENT="und" WC="0.99" CC="200"/>
						<SP ID="P51_SP00188" HPOS="618" VPOS="3322" WIDTH="13"/>
						<String ID="P51_ST00218" HPOS="631" VPOS="3286" WIDTH="158" HEIGHT="46" CONTENT="Cylinder" WC="0.54" CC="36544056"/>
						<SP ID="P51_SP00189" HPOS="789" VPOS="3332" WIDTH="16"/>
						<String ID="P51_ST00219" HPOS="805" VPOS="3284" WIDTH="100" HEIGHT="35" CONTENT="allein" WC="0.99" CC="040040"/>
						<SP ID="P51_SP00190" HPOS="905" VPOS="3332" WIDTH="15"/>
						<String ID="P51_ST00220" HPOS="920" VPOS="3284" WIDTH="91" HEIGHT="32" CONTENT="thuts" WC="0.76" CC="06500"/>
						<SP ID="P51_SP00191" HPOS="1011" VPOS="3332" WIDTH="9"/>
						<String ID="P51_ST00221" HPOS="1020" VPOS="3282" WIDTH="106" HEIGHT="39" CONTENT="nicht," WC="0.98" CC="043704"/>
						<SP ID="P51_SP00192" HPOS="1126" VPOS="3332" WIDTH="17"/>
						<String ID="P51_ST00222" HPOS="1143" VPOS="3280" WIDTH="139" HEIGHT="34" CONTENT="sondern" WC="0.98" CC="4000566"/>
						<SP ID="P51_SP00193" HPOS="1282" VPOS="3332" WIDTH="14"/>
						<String ID="P51_ST00223" HPOS="1296" VPOS="3292" WIDTH="77" HEIGHT="21" CONTENT="man" WC="1.00" CC="000"/>
					</TextLine>
					<TextLine ID="P51_TL00032" HPOS="227" VPOS="3337" WIDTH="809" HEIGHT="38">
						<String ID="P51_ST00224" HPOS="227" VPOS="3339" WIDTH="85" HEIGHT="34" CONTENT="mufs" WC="0.82" CC="0700"/>
						<SP ID="P51_SP00194" HPOS="312" VPOS="3373" WIDTH="20"/>
						<String ID="P51_ST00225" HPOS="332" VPOS="3341" WIDTH="69" HEIGHT="33" CONTENT="sich" WC="0.98" CC="0340"/>
						<SP ID="P51_SP00195" HPOS="401" VPOS="3374" WIDTH="20"/>
						<String ID="P51_ST00226" HPOS="421" VPOS="3342" WIDTH="87" HEIGHT="33" CONTENT="auch" WC="0.97" CC="7600"/>
						<SP ID="P51_SP00196" HPOS="508" VPOS="3375" WIDTH="20"/>
						<String ID="P51_ST00227" HPOS="528" VPOS="3340" WIDTH="94" HEIGHT="33" CONTENT="darin" WC="0.99" CC="00640"/>
						<SP ID="P51_SP00197" HPOS="622" VPOS="3375" WIDTH="20"/>
						<String ID="P51_ST00228" HPOS="642" VPOS="3352" WIDTH="38" HEIGHT="21" CONTENT="zu" WC="0.82" CC="03"/>
						<SP ID="P51_SP00198" HPOS="680" VPOS="3375" WIDTH="21"/>
						<String ID="P51_ST00229" HPOS="701" VPOS="3339" WIDTH="184" HEIGHT="33" CONTENT="benehmen" WC="0.99" CC="60230001"/>
						<SP ID="P51_SP00199" HPOS="885" VPOS="3375" WIDTH="21"/>
						<String ID="P51_ST00230" HPOS="906" VPOS="3337" WIDTH="130" HEIGHT="34" CONTENT="wissen." WC="0.99" CC="0400003"/>
					</TextLine>
					<TextLine ID="P51_TL00033" HPOS="303" VPOS="3492" WIDTH="1070" HEIGHT="38">
						<String ID="P51_ST00231" HPOS="303" VPOS="3496" WIDTH="76" HEIGHT="34" CONTENT="Und" WC="0.98" CC="500"/>
						<SP ID="P51_SP00200" HPOS="379" VPOS="3530" WIDTH="28"/>
						<String ID="P51_ST00232" HPOS="407" VPOS="3510" WIDTH="101" HEIGHT="20" CONTENT="wenn" WC="1.00" CC="0020"/>
						<SP ID="P51_SP00201" HPOS="508" VPOS="3530" WIDTH="33"/>
						<String ID="P51_ST00233" HPOS="541" VPOS="3497" WIDTH="43" HEIGHT="33" CONTENT="sie" WC="0.96" CC="046"/>
						<SP ID="P51_SP00202" HPOS="584" VPOS="3530" WIDTH="33"/>
						<String ID="P51_ST00234" HPOS="617" VPOS="3497" WIDTH="120" HEIGHT="32" CONTENT="immer" WC="0.99" CC="10006"/>
						<SP ID="P51_SP00203" HPOS="737" VPOS="3530" WIDTH="32"/>
						<String ID="P51_ST00235" HPOS="769" VPOS="3494" WIDTH="69" HEIGHT="34" CONTENT="und" WC="0.98" CC="600"/>
						<SP ID="P51_SP00204" HPOS="838" VPOS="3530" WIDTH="33"/>
						<String ID="P51_ST00236" HPOS="871" VPOS="3494" WIDTH="119" HEIGHT="33" CONTENT="immer" WC="0.99" CC="20004"/>
						<SP ID="P51_SP00205" HPOS="990" VPOS="3530" WIDTH="27"/>
						<String ID="P51_ST00237" HPOS="1017" VPOS="3492" WIDTH="125" HEIGHT="35" CONTENT="wieder" WC="0.99" CC="020035"/>
						<SP ID="P51_SP00206" HPOS="1142" VPOS="3530" WIDTH="26"/>
						<String ID="P51_ST00238" HPOS="1168" VPOS="3503" WIDTH="69" HEIGHT="22" CONTENT="von" WC="0.99" CC="001"/>
						<SP ID="P51_SP00207" HPOS="1237" VPOS="3530" WIDTH="26"/>
						<String ID="P51_ST00239" HPOS="1263" VPOS="3492" WIDTH="110" HEIGHT="31" CONTENT="Kunst" WC="0.99" CC="05000"/>
					</TextLine>
					<TextLine ID="P51_TL00034" HPOS="228" VPOS="3544" WIDTH="1139" HEIGHT="49">
						<String ID="P51_ST00240" HPOS="228" VPOS="3560" WIDTH="39" HEIGHT="21" CONTENT="an" WC="1.00" CC="00"/>
						<SP ID="P51_SP00208" HPOS="267" VPOS="3581" WIDTH="25"/>
						<String ID="P51_ST00241" HPOS="292" VPOS="3548" WIDTH="67" HEIGHT="34" CONTENT="sich" WC="0.99" CC="0040"/>
						<SP ID="P51_SP00209" HPOS="359" VPOS="3582" WIDTH="25"/>
						<String ID="P51_ST00242" HPOS="384" VPOS="3548" WIDTH="106" HEIGHT="45" CONTENT="reden," WC="0.98" CC="500604"/>
						<SP ID="P51_SP00210" HPOS="490" VPOS="3593" WIDTH="27"/>
						<String ID="P51_ST00243" HPOS="517" VPOS="3549" WIDTH="45" HEIGHT="33" CONTENT="als" WC="0.98" CC="040"/>
						<SP ID="P51_SP00211" HPOS="562" VPOS="3593" WIDTH="27"/>
						<String ID="P51_ST00244" HPOS="589" VPOS="3548" WIDTH="44" HEIGHT="34" CONTENT="ob" WC="0.64" CC="07"/>
						<SP ID="P51_SP00212" HPOS="633" VPOS="3593" WIDTH="25"/>
						<String ID="P51_ST00245" HPOS="658" VPOS="3561" WIDTH="31" HEIGHT="20" CONTENT="es" WC="1.00" CC="00"/>
						<SP ID="P51_SP00213" HPOS="689" VPOS="3593" WIDTH="24"/>
						<String ID="P51_ST00246" HPOS="713" VPOS="3547" WIDTH="56" HEIGHT="34" CONTENT="das" WC="1.00" CC="000"/>
						<SP ID="P51_SP00214" HPOS="769" VPOS="3593" WIDTH="26"/>
						<String ID="P51_ST00247" HPOS="795" VPOS="3546" WIDTH="132" HEIGHT="35" CONTENT="Endziel" WC="0.99" CC="3000714"/>
						<SP ID="P51_SP00215" HPOS="927" VPOS="3593" WIDTH="26"/>
						<String ID="P51_ST00248" HPOS="953" VPOS="3544" WIDTH="79" HEIGHT="35" CONTENT="aller" WC="0.98" CC="92104"/>
						<SP ID="P51_SP00216" HPOS="1032" VPOS="3593" WIDTH="21"/>
						<String ID="P51_ST00249" HPOS="1053" VPOS="3545" WIDTH="111" HEIGHT="46" CONTENT="Dinge" WC="0.98" CC="05503"/>
						<SP ID="P51_SP00217" HPOS="1164" VPOS="3593" WIDTH="23"/>
						<String ID="P51_ST00250" HPOS="1187" VPOS="3546" WIDTH="91" HEIGHT="31" CONTENT="wäre" WC="0.99" CC="0004"/>
						<SP ID="P51_SP00218" HPOS="1278" VPOS="3593" WIDTH="27"/>
						<String ID="P51_ST00251" HPOS="1305" VPOS="3568" WIDTH="6" HEIGHT="7" CONTENT="." WC="0.97" CC="0"/>
						<SP ID="P51_SP00219" HPOS="1311" VPOS="3593" WIDTH="22"/>
						<String ID="P51_ST00252" HPOS="1333" VPOS="3568" WIDTH="7" HEIGHT="7" CONTENT="." WC="0.85" CC="1"/>
						<SP ID="P51_SP00220" HPOS="1340" VPOS="3593" WIDTH="20"/>
						<String ID="P51_ST00253" HPOS="1360" VPOS="3568" WIDTH="7" HEIGHT="7" CONTENT="." WC="0.77" CC="2"/>
					</TextLine>
					<TextLine ID="P51_TL00035" HPOS="228" VPOS="3594" WIDTH="1143" HEIGHT="41">
						<String ID="P51_ST00254" HPOS="228" VPOS="3600" WIDTH="114" HEIGHT="34" CONTENT="immer" WC="0.97" CC="49035"/>
						<SP ID="P51_SP00221" HPOS="342" VPOS="3634" WIDTH="14"/>
						<String ID="P51_ST00255" HPOS="356" VPOS="3601" WIDTH="124" HEIGHT="34" CONTENT="wieder" WC="0.99" CC="030045"/>
						<SP ID="P51_SP00222" HPOS="480" VPOS="3635" WIDTH="19"/>
						<String ID="P51_ST00256" HPOS="499" VPOS="3602" WIDTH="91" HEIGHT="32" CONTENT="stehe" WC="0.99" CC="00053"/>
						<SP ID="P51_SP00223" HPOS="590" VPOS="3635" WIDTH="20"/>
						<String ID="P51_ST00257" HPOS="610" VPOS="3601" WIDTH="54" HEIGHT="33" CONTENT="ich" WC="0.99" CC="020"/>
						<SP ID="P51_SP00224" HPOS="664" VPOS="3635" WIDTH="16"/>
						<String ID="P51_ST00258" HPOS="680" VPOS="3600" WIDTH="66" HEIGHT="34" CONTENT="wie" WC="0.96" CC="046"/>
						<SP ID="P51_SP00225" HPOS="746" VPOS="3635" WIDTH="16"/>
						<String ID="P51_ST00259" HPOS="762" VPOS="3600" WIDTH="52" HEIGHT="33" CONTENT="ein" WC="0.99" CC="020"/>
						<SP ID="P51_SP00226" HPOS="814" VPOS="3635" WIDTH="15"/>
						<String ID="P51_ST00260" HPOS="829" VPOS="3598" WIDTH="150" HEIGHT="35" CONTENT="Fremder" WC="0.99" CC="6600022"/>
						<SP ID="P51_SP00227" HPOS="979" VPOS="3635" WIDTH="16"/>
						<String ID="P51_ST00261" HPOS="995" VPOS="3596" WIDTH="111" HEIGHT="35" CONTENT="dabei:" WC="0.98" CC="097340"/>
						<SP ID="P51_SP00228" HPOS="1106" VPOS="3635" WIDTH="23"/>
						<String ID="P51_ST00262" HPOS="1129" VPOS="3610" WIDTH="20" HEIGHT="20" CONTENT="o" WC="1.00" CC="0"/>
						<SP ID="P51_SP00229" HPOS="1149" VPOS="3635" WIDTH="17"/>
						<String ID="P51_ST00263" HPOS="1166" VPOS="3596" WIDTH="88" HEIGHT="33" CONTENT="mein" WC="0.98" CC="0124"/>
						<SP ID="P51_SP00230" HPOS="1254" VPOS="3635" WIDTH="18"/>
						<String ID="P51_ST00264" HPOS="1272" VPOS="3594" WIDTH="99" HEIGHT="34" CONTENT="Gott!" WC="1.00" CC="00000"/>
					</TextLine>
					<TextLine ID="P51_TL00036" HPOS="228" VPOS="3648" WIDTH="1146" HEIGHT="52">
						<String ID="P51_ST00265" HPOS="228" VPOS="3665" WIDTH="69" HEIGHT="21" CONTENT="was" WC="0.99" CC="002"/>
						<SP ID="P51_SP00231" HPOS="297" VPOS="3686" WIDTH="18"/>
						<String ID="P51_ST00266" HPOS="315" VPOS="3654" WIDTH="103" HEIGHT="46" CONTENT="gehen" WC="1.00" CC="03000"/>
						<SP ID="P51_SP00232" HPOS="418" VPOS="3700" WIDTH="15"/>
						<String ID="P51_ST00267" HPOS="433" VPOS="3654" WIDTH="91" HEIGHT="33" CONTENT="mich" WC="0.99" CC="0320"/>
						<SP ID="P51_SP00233" HPOS="524" VPOS="3700" WIDTH="15"/>
						<String ID="P51_ST00268" HPOS="539" VPOS="3654" WIDTH="43" HEIGHT="33" CONTENT="all" WC="0.94" CC="852"/>
						<SP ID="P51_SP00234" HPOS="582" VPOS="3700" WIDTH="22"/>
						<String ID="P51_ST00269" HPOS="604" VPOS="3653" WIDTH="62" HEIGHT="34" CONTENT="die" WC="0.99" CC="020"/>
						<SP ID="P51_SP00235" HPOS="666" VPOS="3700" WIDTH="19"/>
						<String ID="P51_ST00270" HPOS="685" VPOS="3654" WIDTH="122" HEIGHT="45" CONTENT="Fragen" WC="0.98" CC="556040"/>
						<SP ID="P51_SP00236" HPOS="807" VPOS="3700" WIDTH="18"/>
						<String ID="P51_ST00271" HPOS="825" VPOS="3664" WIDTH="52" HEIGHT="27" CONTENT="an," WC="0.98" CC="004"/>
						<SP ID="P51_SP00237" HPOS="877" VPOS="3700" WIDTH="21"/>
						<String ID="P51_ST00272" HPOS="898" VPOS="3664" WIDTH="57" HEIGHT="20" CONTENT="um" WC="0.67" CC="60"/>
						<SP ID="P51_SP00238" HPOS="955" VPOS="3700" WIDTH="14"/>
						<String ID="P51_ST00273" HPOS="969" VPOS="3650" WIDTH="54" HEIGHT="33" CONTENT="die" WC="0.97" CC="034"/>
						<SP ID="P51_SP00239" HPOS="1023" VPOS="3700" WIDTH="16"/>
						<String ID="P51_ST00274" HPOS="1039" VPOS="3650" WIDTH="50" HEIGHT="33" CONTENT="ihr" WC="0.97" CC="206"/>
						<SP ID="P51_SP00240" HPOS="1089" VPOS="3700" WIDTH="14"/>
						<String ID="P51_ST00275" HPOS="1103" VPOS="3648" WIDTH="128" HEIGHT="34" CONTENT="solches" WC="0.99" CC="4042000"/>
						<SP ID="P51_SP00241" HPOS="1231" VPOS="3700" WIDTH="15"/>
						<String ID="P51_ST00276" HPOS="1246" VPOS="3650" WIDTH="128" HEIGHT="31" CONTENT="Wesen" WC="0.99" CC="03033"/>
					</TextLine>
				</TextBlock>
				<TextBlock ID="P51_TB00004" HPOS="1474" VPOS="1708" WIDTH="1155" HEIGHT="1983" STYLEREFS="TXT_3 PAR_LEFT">
					<TextLine ID="P51_TL00037" HPOS="1476" VPOS="1709" WIDTH="1149" HEIGHT="43">
						<String ID="P51_ST00277" HPOS="1476" VPOS="1716" WIDTH="129" HEIGHT="33" CONTENT="macht!" WC="0.98" CC="274605"/>
						<SP ID="P51_SP00242" HPOS="1605" VPOS="1749" WIDTH="53"/>
						<String ID="P51_ST00278" HPOS="1658" VPOS="1719" WIDTH="113" HEIGHT="31" CONTENT="Wenn" WC="0.98" CC="7120"/>
						<SP ID="P51_SP00243" HPOS="1771" VPOS="1750" WIDTH="20"/>
						<String ID="P51_ST00279" HPOS="1791" VPOS="1728" WIDTH="75" HEIGHT="21" CONTENT="euer" WC="0.96" CC="0636"/>
						<SP ID="P51_SP00244" HPOS="1866" VPOS="1750" WIDTH="19"/>
						<String ID="P51_ST00280" HPOS="1885" VPOS="1713" WIDTH="130" HEIGHT="36" CONTENT="Glaube" WC="0.97" CC="039660"/>
						<SP ID="P51_SP00245" HPOS="2015" VPOS="1750" WIDTH="20"/>
						<String ID="P51_ST00281" HPOS="2035" VPOS="1712" WIDTH="93" HEIGHT="35" CONTENT="nicht" WC="0.98" CC="06160"/>
						<SP ID="P51_SP00246" HPOS="2128" VPOS="1750" WIDTH="19"/>
						<String ID="P51_ST00282" HPOS="2147" VPOS="1713" WIDTH="107" HEIGHT="34" CONTENT="höher" WC="0.96" CC="77706"/>
						<SP ID="P51_SP00247" HPOS="2254" VPOS="1750" WIDTH="18"/>
						<String ID="P51_ST00283" HPOS="2272" VPOS="1712" WIDTH="102" HEIGHT="40" CONTENT="kann," WC="0.98" CC="09004"/>
						<SP ID="P51_SP00248" HPOS="2374" VPOS="1752" WIDTH="20"/>
						<String ID="P51_ST00284" HPOS="2394" VPOS="1711" WIDTH="85" HEIGHT="34" CONTENT="habe" WC="0.97" CC="7070"/>
						<SP ID="P51_SP00249" HPOS="2479" VPOS="1752" WIDTH="19"/>
						<String ID="P51_ST00285" HPOS="2498" VPOS="1711" WIDTH="55" HEIGHT="32" CONTENT="ich" WC="0.94" CC="536"/>
						<SP ID="P51_SP00250" HPOS="2553" VPOS="1752" WIDTH="18"/>
						<String ID="P51_ST00286" HPOS="2571" VPOS="1709" WIDTH="54" HEIGHT="34" CONTENT="nie" WC="0.96" CC="064"/>
					</TextLine>
					<TextLine ID="P51_TL00038" HPOS="1476" VPOS="1762" WIDTH="1149" HEIGHT="51">
						<String ID="P51_ST00287" HPOS="1476" VPOS="1776" WIDTH="103" HEIGHT="26" CONTENT="etwas" WC="0.99" CC="10700"/>
						<SP ID="P51_SP00251" HPOS="1579" VPOS="1802" WIDTH="16"/>
						<String ID="P51_ST00288" HPOS="1595" VPOS="1769" WIDTH="61" HEIGHT="32" CONTENT="mit" WC="0.99" CC="020"/>
						<SP ID="P51_SP00252" HPOS="1656" VPOS="1802" WIDTH="15"/>
						<String ID="P51_ST00289" HPOS="1671" VPOS="1770" WIDTH="105" HEIGHT="31" CONTENT="Kunst" WC="0.97" CC="66600"/>
						<SP ID="P51_SP00253" HPOS="1776" VPOS="1802" WIDTH="15"/>
						<String ID="P51_ST00290" HPOS="1791" VPOS="1780" WIDTH="40" HEIGHT="21" CONTENT="zu" WC="0.63" CC="06"/>
						<SP ID="P51_SP00254" HPOS="1831" VPOS="1802" WIDTH="16"/>
						<String ID="P51_ST00291" HPOS="1847" VPOS="1767" WIDTH="85" HEIGHT="33" CONTENT="thun" WC="0.74" CC="0703"/>
						<SP ID="P51_SP00255" HPOS="1932" VPOS="1802" WIDTH="15"/>
						<String ID="P51_ST00292" HPOS="1947" VPOS="1765" WIDTH="132" HEIGHT="48" CONTENT="gehabt," WC="0.98" CC="3470704"/>
						<SP ID="P51_SP00256" HPOS="2079" VPOS="1813" WIDTH="22"/>
						<String ID="P51_ST00293" HPOS="2101" VPOS="1764" WIDTH="68" HEIGHT="35" CONTENT="und" WC="1.00" CC="001"/>
						<SP ID="P51_SP00257" HPOS="2169" VPOS="1813" WIDTH="16"/>
						<String ID="P51_ST00294" HPOS="2185" VPOS="1764" WIDTH="136" HEIGHT="35" CONTENT="möchte" WC="0.98" CC="075700"/>
						<SP ID="P51_SP00258" HPOS="2321" VPOS="1813" WIDTH="14"/>
						<String ID="P51_ST00295" HPOS="2335" VPOS="1765" WIDTH="53" HEIGHT="33" CONTENT="nie" WC="0.99" CC="030"/>
						<SP ID="P51_SP00259" HPOS="2388" VPOS="1813" WIDTH="15"/>
						<String ID="P51_ST00296" HPOS="2403" VPOS="1771" WIDTH="102" HEIGHT="27" CONTENT="etwas" WC="0.98" CC="50900"/>
						<SP ID="P51_SP00260" HPOS="2505" VPOS="1813" WIDTH="16"/>
						<String ID="P51_ST00297" HPOS="2521" VPOS="1762" WIDTH="104" HEIGHT="33" CONTENT="damit" WC="0.97" CC="99030"/>
					</TextLine>
					<TextLine ID="P51_TL00039" HPOS="1475" VPOS="1819" WIDTH="493" HEIGHT="35">
						<String ID="P51_ST00298" HPOS="1475" VPOS="1833" WIDTH="39" HEIGHT="20" CONTENT="zu" WC="0.60" CC="16"/>
						<SP ID="P51_SP00261" HPOS="1514" VPOS="1853" WIDTH="21"/>
						<String ID="P51_ST00299" HPOS="1535" VPOS="1820" WIDTH="84" HEIGHT="33" CONTENT="thun" WC="0.65" CC="0706"/>
						<SP ID="P51_SP00262" HPOS="1619" VPOS="1853" WIDTH="19"/>
						<String ID="P51_ST00300" HPOS="1638" VPOS="1820" WIDTH="108" HEIGHT="34" CONTENT="haben" WC="0.97" CC="70740"/>
						<SP ID="P51_SP00263" HPOS="1746" VPOS="1854" WIDTH="20"/>
						<String ID="P51_ST00301" HPOS="1766" VPOS="1819" WIDTH="126" HEIGHT="34" CONTENT="wollen" WC="0.99" CC="004200"/>
						<SP ID="P51_SP00264" HPOS="1892" VPOS="1854" WIDTH="20"/>
						<String ID="P51_ST00302" HPOS="1912" VPOS="1844" WIDTH="8" HEIGHT="9" CONTENT="." WC="0.55" CC="4"/>
						<SP ID="P51_SP00265" HPOS="1920" VPOS="1854" WIDTH="16"/>
						<String ID="P51_ST00303" HPOS="1936" VPOS="1845" WIDTH="7" HEIGHT="7" CONTENT="." WC="0.67" CC="3"/>
						<SP ID="P51_SP00266" HPOS="1943" VPOS="1854" WIDTH="18"/>
						<String ID="P51_ST00304" HPOS="1961" VPOS="1846" WIDTH="7" HEIGHT="7" CONTENT="." WC="1.00" CC="0"/>
					</TextLine>
					<TextLine ID="P51_TL00040" HPOS="1555" VPOS="1867" WIDTH="962" HEIGHT="45">
						<String ID="P51_ST00305" HPOS="1555" VPOS="1871" WIDTH="101" HEIGHT="41" CONTENT="Seele," WC="1.00" CC="000001"/>
						<SP ID="P51_SP00267" HPOS="1656" VPOS="1912" WIDTH="22"/>
						<String ID="P51_ST00306" HPOS="1678" VPOS="1872" WIDTH="105" HEIGHT="33" CONTENT="Seele!" WC="0.99" CC="020432"/>
						<SP ID="P51_SP00268" HPOS="1783" VPOS="1912" WIDTH="21"/>
						<String ID="P51_ST00307" HPOS="1804" VPOS="1872" WIDTH="93" HEIGHT="33" CONTENT="nicht" WC="0.98" CC="04070"/>
						<SP ID="P51_SP00269" HPOS="1897" VPOS="1912" WIDTH="20"/>
						<String ID="P51_ST00308" HPOS="1917" VPOS="1870" WIDTH="123" HEIGHT="33" CONTENT="Kunst!" WC="0.99" CC="470000"/>
						<SP ID="P51_SP00270" HPOS="2040" VPOS="1912" WIDTH="24"/>
						<String ID="P51_ST00309" HPOS="2064" VPOS="1896" WIDTH="6" HEIGHT="7" CONTENT="." WC="0.83" CC="1"/>
						<SP ID="P51_SP00271" HPOS="2070" VPOS="1912" WIDTH="18"/>
						<String ID="P51_ST00310" HPOS="2088" VPOS="1896" WIDTH="7" HEIGHT="7" CONTENT="." WC="0.83" CC="1"/>
						<SP ID="P51_SP00272" HPOS="2095" VPOS="1912" WIDTH="18"/>
						<String ID="P51_ST00311" HPOS="2113" VPOS="1896" WIDTH="7" HEIGHT="7" CONTENT="." WC="0.85" CC="1"/>
						<SP ID="P51_SP00273" HPOS="2120" VPOS="1912" WIDTH="21"/>
						<String ID="P51_ST00312" HPOS="2141" VPOS="1869" WIDTH="107" HEIGHT="34" CONTENT="Nicht" WC="0.98" CC="64060"/>
						<SP ID="P51_SP00274" HPOS="2248" VPOS="1912" WIDTH="19"/>
						<String ID="P51_ST00313" HPOS="2267" VPOS="1867" WIDTH="125" HEIGHT="35" CONTENT="Kunst!" WC="0.99" CC="036002"/>
						<SP ID="P51_SP00275" HPOS="2392" VPOS="1912" WIDTH="23"/>
						<String ID="P51_ST00314" HPOS="2415" VPOS="1867" WIDTH="102" HEIGHT="34" CONTENT="Seele!" WC="0.98" CC="015305"/>
					</TextLine>
					<TextLine ID="P51_TL00041" HPOS="2032" VPOS="1966" WIDTH="31" HEIGHT="28">
						<String ID="P51_ST00315" HPOS="2032" VPOS="1966" WIDTH="31" HEIGHT="28" CONTENT="&amp;" WC="1.00" CC="9" STYLEREFS="TXT_5"/>
					</TextLine>
					<TextLine ID="P51_TL00042" HPOS="1554" VPOS="2039" WIDTH="1070" HEIGHT="49">
						<String ID="P51_ST00316" HPOS="1554" VPOS="2044" WIDTH="81" HEIGHT="35" CONTENT="Dafs" WC="0.81" CC="0070"/>
						<SP ID="P51_SP00276" HPOS="1635" VPOS="2079" WIDTH="25"/>
						<String ID="P51_ST00317" HPOS="1660" VPOS="2057" WIDTH="78" HEIGHT="21" CONTENT="man" WC="0.97" CC="070"/>
						<SP ID="P51_SP00277" HPOS="1738" VPOS="2079" WIDTH="24"/>
						<String ID="P51_ST00318" HPOS="1762" VPOS="2043" WIDTH="55" HEIGHT="34" CONTENT="das" WC="0.95" CC="094"/>
						<SP ID="P51_SP00278" HPOS="1817" VPOS="2079" WIDTH="27"/>
						<String ID="P51_ST00319" HPOS="1844" VPOS="2043" WIDTH="89" HEIGHT="34" CONTENT="Alles" WC="0.98" CC="45030"/>
						<SP ID="P51_SP00279" HPOS="1933" VPOS="2079" WIDTH="27"/>
						<String ID="P51_ST00320" HPOS="1960" VPOS="2043" WIDTH="75" HEIGHT="34" CONTENT="aber" WC="0.95" CC="7743"/>
						<SP ID="P51_SP00280" HPOS="2035" VPOS="2079" WIDTH="25"/>
						<String ID="P51_ST00321" HPOS="2060" VPOS="2044" WIDTH="118" HEIGHT="33" CONTENT="immer" WC="0.98" CC="50006"/>
						<SP ID="P51_SP00281" HPOS="2178" VPOS="2079" WIDTH="25"/>
						<String ID="P51_ST00322" HPOS="2203" VPOS="2043" WIDTH="88" HEIGHT="33" CONTENT="noch" WC="0.99" CC="0006"/>
						<SP ID="P51_SP00282" HPOS="2291" VPOS="2079" WIDTH="24"/>
						<String ID="P51_ST00323" HPOS="2315" VPOS="2054" WIDTH="98" HEIGHT="34" CONTENT="sagen" WC="0.98" CC="40630"/>
						<SP ID="P51_SP00283" HPOS="2413" VPOS="2088" WIDTH="19"/>
						<String ID="P51_ST00324" HPOS="2432" VPOS="2039" WIDTH="106" HEIGHT="36" CONTENT="mufs]" WC="0.59" CC="06077"/>
						<SP ID="P51_SP00284" HPOS="2538" VPOS="2088" WIDTH="46"/>
						<String ID="P51_ST00325" HPOS="2584" VPOS="2042" WIDTH="40" HEIGHT="31" CONTENT="Es" WC="0.77" CC="04"/>
					</TextLine>
					<TextLine ID="P51_TL00043" HPOS="1475" VPOS="2095" WIDTH="674" HEIGHT="47">
						<String ID="P51_ST00326" HPOS="1475" VPOS="2097" WIDTH="73" HEIGHT="34" CONTENT="sind" WC="0.99" CC="2400"/>
						<SP ID="P51_SP00285" HPOS="1548" VPOS="2131" WIDTH="19"/>
						<String ID="P51_ST00327" HPOS="1567" VPOS="2110" WIDTH="37" HEIGHT="20" CONTENT="so" WC="1.00" CC="00"/>
						<SP ID="P51_SP00286" HPOS="1604" VPOS="2131" WIDTH="20"/>
						<String ID="P51_ST00328" HPOS="1624" VPOS="2095" WIDTH="382" HEIGHT="35" CONTENT="urselbstverständliche" WC="0.75" CC="710007310250070043070"/>
						<SP ID="P51_SP00287" HPOS="2006" VPOS="2131" WIDTH="19"/>
						<String ID="P51_ST00329" HPOS="2025" VPOS="2095" WIDTH="124" HEIGHT="47" CONTENT="Dinge!" WC="0.99" CC="350005"/>
					</TextLine>
					<TextLine ID="P51_TL00044" HPOS="1558" VPOS="2144" WIDTH="1066" HEIGHT="39">
						<String ID="P51_ST00330" HPOS="1558" VPOS="2149" WIDTH="70" HEIGHT="34" CONTENT="und" WC="0.97" CC="700"/>
						<SP ID="P51_SP00288" HPOS="1628" VPOS="2183" WIDTH="21"/>
						<String ID="P51_ST00331" HPOS="1649" VPOS="2149" WIDTH="155" HEIGHT="33" CONTENT="dennoch" WC="1.00" CC="0000007"/>
						<SP ID="P51_SP00289" HPOS="1804" VPOS="2183" WIDTH="19"/>
						<String ID="P51_ST00332" HPOS="1823" VPOS="2148" WIDTH="76" HEIGHT="34" CONTENT="sehe" WC="0.98" CC="0170"/>
						<SP ID="P51_SP00290" HPOS="1899" VPOS="2183" WIDTH="20"/>
						<String ID="P51_ST00333" HPOS="1919" VPOS="2149" WIDTH="54" HEIGHT="32" CONTENT="ich" WC="0.97" CC="026"/>
						<SP ID="P51_SP00291" HPOS="1973" VPOS="2183" WIDTH="20"/>
						<String ID="P51_ST00334" HPOS="1993" VPOS="2148" WIDTH="119" HEIGHT="33" CONTENT="immer" WC="0.98" CC="60004"/>
						<SP ID="P51_SP00292" HPOS="2112" VPOS="2183" WIDTH="13"/>
						<String ID="P51_ST00335" HPOS="2125" VPOS="2147" WIDTH="140" HEIGHT="34" CONTENT="wieder:" WC="0.99" CC="0200324"/>
						<SP ID="P51_SP00293" HPOS="2265" VPOS="2183" WIDTH="22"/>
						<String ID="P51_ST00336" HPOS="2287" VPOS="2145" WIDTH="72" HEIGHT="35" CONTENT="dafs" WC="0.64" CC="0670"/>
						<SP ID="P51_SP00294" HPOS="2359" VPOS="2183" WIDTH="16"/>
						<String ID="P51_ST00337" HPOS="2375" VPOS="2145" WIDTH="52" HEIGHT="34" CONTENT="die" WC="0.98" CC="033"/>
						<SP ID="P51_SP00295" HPOS="2427" VPOS="2183" WIDTH="15"/>
						<String ID="P51_ST00338" HPOS="2442" VPOS="2144" WIDTH="182" HEIGHT="34" CONTENT="Menschen" WC="0.99" CC="60450630"/>
					</TextLine>
					<TextLine ID="P51_TL00045" HPOS="1476" VPOS="2196" WIDTH="1149" HEIGHT="50">
						<String ID="P51_ST00339" HPOS="1476" VPOS="2202" WIDTH="44" HEIGHT="33" CONTENT="sie" WC="0.99" CC="010"/>
						<SP ID="P51_SP00296" HPOS="1520" VPOS="2235" WIDTH="24"/>
						<String ID="P51_ST00340" HPOS="1544" VPOS="2201" WIDTH="74" HEIGHT="34" CONTENT="sehr" WC="0.97" CC="3065"/>
						<SP ID="P51_SP00297" HPOS="1618" VPOS="2235" WIDTH="18"/>
						<String ID="P51_ST00341" HPOS="1636" VPOS="2200" WIDTH="96" HEIGHT="35" CONTENT="wohl" WC="0.97" CC="0464"/>
						<SP ID="P51_SP00298" HPOS="1732" VPOS="2235" WIDTH="25"/>
						<String ID="P51_ST00342" HPOS="1757" VPOS="2199" WIDTH="197" HEIGHT="47" CONTENT="auswendig" WC="0.99" CC="770000050"/>
						<SP ID="P51_SP00299" HPOS="1954" VPOS="2246" WIDTH="19"/>
						<String ID="P51_ST00343" HPOS="1973" VPOS="2199" WIDTH="132" HEIGHT="39" CONTENT="wissen," WC="0.99" CC="0500104"/>
						<SP ID="P51_SP00300" HPOS="2105" VPOS="2246" WIDTH="24"/>
						<String ID="P51_ST00344" HPOS="2129" VPOS="2199" WIDTH="66" HEIGHT="33" CONTENT="wie" WC="0.99" CC="030"/>
						<SP ID="P51_SP00301" HPOS="2195" VPOS="2246" WIDTH="20"/>
						<String ID="P51_ST00345" HPOS="2215" VPOS="2198" WIDTH="126" HEIGHT="34" CONTENT="Kinder" WC="0.99" CC="010005"/>
						<SP ID="P51_SP00302" HPOS="2341" VPOS="2246" WIDTH="24"/>
						<String ID="P51_ST00346" HPOS="2365" VPOS="2197" WIDTH="69" HEIGHT="34" CONTENT="ihre" WC="0.96" CC="0765"/>
						<SP ID="P51_SP00303" HPOS="2434" VPOS="2246" WIDTH="19"/>
						<String ID="P51_ST00347" HPOS="2453" VPOS="2196" WIDTH="153" HEIGHT="34" CONTENT="Katechis" SUBS_TYPE="HypPart1" SUBS_CONTENT="Katechismussprüche" WC="0.99" CC="00001650"/>
						<HYP HPOS="2606" VPOS="2196" WIDTH="19" CONTENT="-"/>
					</TextLine>
					<TextLine ID="P51_TL00046" HPOS="1476" VPOS="2248" WIDTH="1148" HEIGHT="52">
						<String ID="P51_ST00348" HPOS="1476" VPOS="2253" WIDTH="213" HEIGHT="47" CONTENT="mussprüche" SUBS_TYPE="HypPart2" SUBS_CONTENT="Katechismussprüche" WC="0.99" CC="0400660676"/>
						<SP ID="P51_SP00304" HPOS="1689" VPOS="2300" WIDTH="16"/>
						<String ID="P51_ST00349" HPOS="1705" VPOS="2279" WIDTH="8" HEIGHT="7" CONTENT="." WC="0.55" CC="4"/>
						<SP ID="P51_SP00305" HPOS="1713" VPOS="2300" WIDTH="18"/>
						<String ID="P51_ST00350" HPOS="1731" VPOS="2279" WIDTH="7" HEIGHT="8" CONTENT="." WC="1.00" CC="0"/>
						<SP ID="P51_SP00306" HPOS="1738" VPOS="2300" WIDTH="18"/>
						<String ID="P51_ST00351" HPOS="1756" VPOS="2279" WIDTH="8" HEIGHT="7" CONTENT="." WC="1.00" CC="0"/>
						<SP ID="P51_SP00307" HPOS="1764" VPOS="2300" WIDTH="16"/>
						<String ID="P51_ST00352" HPOS="1780" VPOS="2251" WIDTH="192" HEIGHT="35" CONTENT="wirkliches" WC="0.99" CC="0050433611"/>
						<SP ID="P51_SP00308" HPOS="1972" VPOS="2300" WIDTH="16"/>
						<String ID="P51_ST00353" HPOS="1988" VPOS="2251" WIDTH="110" HEIGHT="33" CONTENT="Leben" WC="0.98" CC="33600"/>
						<SP ID="P51_SP00309" HPOS="2098" VPOS="2300" WIDTH="19"/>
						<String ID="P51_ST00354" HPOS="2117" VPOS="2250" WIDTH="75" HEIGHT="34" CONTENT="aber" WC="0.95" CC="7626"/>
						<SP ID="P51_SP00310" HPOS="2192" VPOS="2300" WIDTH="19"/>
						<String ID="P51_ST00355" HPOS="2211" VPOS="2251" WIDTH="41" HEIGHT="33" CONTENT="ist" WC="0.99" CC="300"/>
						<SP ID="P51_SP00311" HPOS="2252" VPOS="2300" WIDTH="20"/>
						<String ID="P51_ST00356" HPOS="2272" VPOS="2251" WIDTH="99" HEIGHT="33" CONTENT="ihnen" WC="0.98" CC="07050"/>
						<SP ID="P51_SP00312" HPOS="2371" VPOS="2300" WIDTH="19"/>
						<String ID="P51_ST00357" HPOS="2390" VPOS="2250" WIDTH="107" HEIGHT="33" CONTENT="nichts" WC="0.98" CC="035700"/>
						<SP ID="P51_SP00313" HPOS="2497" VPOS="2300" WIDTH="15"/>
						<String ID="P51_ST00358" HPOS="2512" VPOS="2248" WIDTH="112" HEIGHT="35" CONTENT="davon" WC="1.00" CC="00000"/>
					</TextLine>
					<TextLine ID="P51_TL00047" HPOS="1478" VPOS="2305" WIDTH="196" HEIGHT="48">
						<String ID="P51_ST00359" HPOS="1478" VPOS="2305" WIDTH="196" HEIGHT="48" CONTENT="geworden!" WC="0.99" CC="910060005"/>
					</TextLine>
					<TextLine ID="P51_TL00048" HPOS="1555" VPOS="2356" WIDTH="366" HEIGHT="35">
						<String ID="P51_ST00360" HPOS="1555" VPOS="2357" WIDTH="103" HEIGHT="34" CONTENT="Noch" WC="0.97" CC="6206"/>
						<SP ID="P51_SP00314" HPOS="1658" VPOS="2391" WIDTH="21"/>
						<String ID="P51_ST00361" HPOS="1679" VPOS="2358" WIDTH="116" HEIGHT="33" CONTENT="immer" WC="0.98" CC="00065"/>
						<SP ID="P51_SP00315" HPOS="1795" VPOS="2391" WIDTH="18"/>
						<String ID="P51_ST00362" HPOS="1813" VPOS="2356" WIDTH="108" HEIGHT="35" CONTENT="nicht!" WC="0.99" CC="024600"/>
					</TextLine>
					<TextLine ID="P51_TL00049" HPOS="1555" VPOS="2472" WIDTH="1072" HEIGHT="49">
						<String ID="P51_ST00363" HPOS="1555" VPOS="2479" WIDTH="62" HEIGHT="33" CONTENT="Ein" WC="0.98" CC="330"/>
						<SP ID="P51_SP00316" HPOS="1617" VPOS="2512" WIDTH="20"/>
						<String ID="P51_ST00364" HPOS="1637" VPOS="2478" WIDTH="144" HEIGHT="35" CONTENT="Gedicht" WC="0.99" CC="1502260"/>
						<SP ID="P51_SP00317" HPOS="1781" VPOS="2513" WIDTH="19"/>
						<String ID="P51_ST00365" HPOS="1800" VPOS="2477" WIDTH="152" HEIGHT="39" CONTENT="machen," WC="0.99" CC="0907000"/>
						<SP ID="P51_SP00318" HPOS="1952" VPOS="2516" WIDTH="21"/>
						<String ID="P51_ST00366" HPOS="1973" VPOS="2477" WIDTH="51" HEIGHT="33" CONTENT="ein" WC="0.98" CC="140"/>
						<SP ID="P51_SP00319" HPOS="2024" VPOS="2516" WIDTH="20"/>
						<String ID="P51_ST00367" HPOS="2044" VPOS="2475" WIDTH="159" HEIGHT="35" CONTENT="Bildchen" WC="0.99" CC="03100710"/>
						<SP ID="P51_SP00320" HPOS="2203" VPOS="2516" WIDTH="24"/>
						<String ID="P51_ST00368" HPOS="2227" VPOS="2474" WIDTH="119" HEIGHT="42" CONTENT="malen," WC="0.99" CC="051204"/>
						<SP ID="P51_SP00321" HPOS="2346" VPOS="2516" WIDTH="26"/>
						<String ID="P51_ST00369" HPOS="2372" VPOS="2475" WIDTH="53" HEIGHT="32" CONTENT="ein" WC="0.98" CC="300"/>
						<SP ID="P51_SP00322" HPOS="2425" VPOS="2516" WIDTH="19"/>
						<String ID="P51_ST00370" HPOS="2444" VPOS="2472" WIDTH="183" HEIGHT="49" CONTENT="Figürchen" WC="0.62" CC="530530742"/>
					</TextLine>
					<TextLine ID="P51_TL00050" HPOS="1476" VPOS="2531" WIDTH="295" HEIGHT="34">
						<String ID="P51_ST00371" HPOS="1476" VPOS="2531" WIDTH="217" HEIGHT="34" CONTENT="modellieren" WC="1.00" CC="00010063600"/>
						<SP ID="P51_SP00323" HPOS="1693" VPOS="2565" WIDTH="21"/>
						<String ID="P51_ST00372" HPOS="1714" VPOS="2557" WIDTH="7" HEIGHT="7" CONTENT="." WC="0.62" CC="3"/>
						<SP ID="P51_SP00324" HPOS="1721" VPOS="2565" WIDTH="18"/>
						<String ID="P51_ST00373" HPOS="1739" VPOS="2556" WIDTH="7" HEIGHT="8" CONTENT="." WC="1.00" CC="0"/>
						<SP ID="P51_SP00325" HPOS="1746" VPOS="2565" WIDTH="18"/>
						<String ID="P51_ST00374" HPOS="1764" VPOS="2557" WIDTH="7" HEIGHT="7" CONTENT="." WC="0.85" CC="1"/>
					</TextLine>
					<TextLine ID="P51_TL00051" HPOS="1555" VPOS="2577" WIDTH="1072" HEIGHT="48">
						<String ID="P51_ST00375" HPOS="1555" VPOS="2584" WIDTH="54" HEIGHT="33" CONTENT="ich" WC="0.94" CC="437"/>
						<SP ID="P51_SP00326" HPOS="1609" VPOS="2617" WIDTH="16"/>
						<String ID="P51_ST00376" HPOS="1625" VPOS="2581" WIDTH="106" HEIGHT="35" CONTENT="denke" WC="0.98" CC="06204"/>
						<SP ID="P51_SP00327" HPOS="1731" VPOS="2617" WIDTH="16"/>
						<String ID="P51_ST00377" HPOS="1747" VPOS="2583" WIDTH="128" HEIGHT="42" CONTENT="immer," WC="0.99" CC="000653"/>
						<SP ID="P51_SP00328" HPOS="1875" VPOS="2625" WIDTH="19"/>
						<String ID="P51_ST00378" HPOS="1894" VPOS="2581" WIDTH="56" HEIGHT="34" CONTENT="das" WC="1.00" CC="000"/>
						<SP ID="P51_SP00329" HPOS="1950" VPOS="2625" WIDTH="16"/>
						<String ID="P51_ST00379" HPOS="1966" VPOS="2585" WIDTH="110" HEIGHT="29" CONTENT="müsse" WC="0.99" CC="00205"/>
						<SP ID="P51_SP00330" HPOS="2076" VPOS="2625" WIDTH="14"/>
						<String ID="P51_ST00380" HPOS="2090" VPOS="2592" WIDTH="79" HEIGHT="21" CONTENT="man" WC="1.00" CC="000"/>
						<SP ID="P51_SP00331" HPOS="2169" VPOS="2625" WIDTH="16"/>
						<String ID="P51_ST00381" HPOS="2185" VPOS="2578" WIDTH="195" HEIGHT="35" CONTENT="allmählich" WC="0.99" CC="7000562306"/>
						<SP ID="P51_SP00332" HPOS="2380" VPOS="2625" WIDTH="15"/>
						<String ID="P51_ST00382" HPOS="2395" VPOS="2577" WIDTH="148" HEIGHT="40" CONTENT="können," WC="0.99" CC="3000700"/>
						<SP ID="P51_SP00333" HPOS="2543" VPOS="2625" WIDTH="17"/>
						<String ID="P51_ST00383" HPOS="2560" VPOS="2577" WIDTH="67" HEIGHT="34" CONTENT="wie" WC="1.00" CC="000"/>
					</TextLine>
					<TextLine ID="P51_TL00052" HPOS="1477" VPOS="2633" WIDTH="651" HEIGHT="41">
						<String ID="P51_ST00384" HPOS="1477" VPOS="2639" WIDTH="113" HEIGHT="35" CONTENT="Lesen," WC="0.99" CC="050003"/>
						<SP ID="P51_SP00334" HPOS="1590" VPOS="2674" WIDTH="21"/>
						<String ID="P51_ST00385" HPOS="1611" VPOS="2634" WIDTH="176" HEIGHT="35" CONTENT="Schreiben" WC="0.99" CC="056503605"/>
						<SP ID="P51_SP00335" HPOS="1787" VPOS="2674" WIDTH="19"/>
						<String ID="P51_ST00386" HPOS="1806" VPOS="2633" WIDTH="67" HEIGHT="34" CONTENT="und" WC="0.98" CC="500"/>
						<SP ID="P51_SP00336" HPOS="1873" VPOS="2674" WIDTH="19"/>
						<String ID="P51_ST00387" HPOS="1892" VPOS="2633" WIDTH="159" HEIGHT="34" CONTENT="Rechnen" WC="0.99" CC="6036020"/>
						<SP ID="P51_SP00337" HPOS="2051" VPOS="2674" WIDTH="20"/>
						<String ID="P51_ST00388" HPOS="2071" VPOS="2658" WIDTH="7" HEIGHT="8" CONTENT="." WC="1.00" CC="0"/>
						<SP ID="P51_SP00338" HPOS="2078" VPOS="2674" WIDTH="17"/>
						<String ID="P51_ST00389" HPOS="2095" VPOS="2658" WIDTH="8" HEIGHT="7" CONTENT="." WC="0.55" CC="4"/>
						<SP ID="P51_SP00339" HPOS="2103" VPOS="2674" WIDTH="18"/>
						<String ID="P51_ST00390" HPOS="2121" VPOS="2658" WIDTH="7" HEIGHT="8" CONTENT="." WC="0.55" CC="4"/>
					</TextLine>
					<TextLine ID="P51_TL00053" HPOS="1555" VPOS="2685" WIDTH="599" HEIGHT="40">
						<String ID="P51_ST00391" HPOS="1555" VPOS="2686" WIDTH="68" HEIGHT="35" CONTENT="und" WC="0.99" CC="200"/>
						<SP ID="P51_SP00340" HPOS="1623" VPOS="2721" WIDTH="20"/>
						<String ID="P51_ST00392" HPOS="1643" VPOS="2700" WIDTH="71" HEIGHT="21" CONTENT="wer" WC="0.99" CC="010"/>
						<SP ID="P51_SP00341" HPOS="1714" VPOS="2721" WIDTH="19"/>
						<String ID="P51_ST00393" HPOS="1733" VPOS="2686" WIDTH="85" HEIGHT="39" CONTENT="will," WC="0.98" CC="00434"/>
						<SP ID="P51_SP00342" HPOS="1818" VPOS="2725" WIDTH="20"/>
						<String ID="P51_ST00394" HPOS="1838" VPOS="2685" WIDTH="114" HEIGHT="34" CONTENT="kann’s" WC="0.69" CC="370080"/>
						<SP ID="P51_SP00343" HPOS="1952" VPOS="2725" WIDTH="21"/>
						<String ID="P51_ST00395" HPOS="1973" VPOS="2685" WIDTH="101" HEIGHT="34" CONTENT="auch!" WC="0.97" CC="06373"/>
						<SP ID="P51_SP00344" HPOS="2074" VPOS="2725" WIDTH="21"/>
						<String ID="P51_ST00396" HPOS="2095" VPOS="2710" WIDTH="8" HEIGHT="8" CONTENT="." WC="0.55" CC="4"/>
						<SP ID="P51_SP00345" HPOS="2103" VPOS="2725" WIDTH="18"/>
						<String ID="P51_ST00397" HPOS="2121" VPOS="2711" WIDTH="8" HEIGHT="8" CONTENT="." WC="0.55" CC="4"/>
						<SP ID="P51_SP00346" HPOS="2129" VPOS="2725" WIDTH="17"/>
						<String ID="P51_ST00398" HPOS="2146" VPOS="2711" WIDTH="8" HEIGHT="8" CONTENT="." WC="0.59" CC="4"/>
					</TextLine>
					<TextLine ID="P51_TL00054" HPOS="1559" VPOS="2733" WIDTH="1039" HEIGHT="50">
						<String ID="P51_ST00399" HPOS="1559" VPOS="2743" WIDTH="66" HEIGHT="30" CONTENT="Das" WC="0.95" CC="272"/>
						<SP ID="P51_SP00347" HPOS="1625" VPOS="2773" WIDTH="19"/>
						<String ID="P51_ST00400" HPOS="1644" VPOS="2737" WIDTH="184" HEIGHT="35" CONTENT="Wertmafs" WC="0.81" CC="06500003"/>
						<SP ID="P51_SP00348" HPOS="1828" VPOS="2773" WIDTH="21"/>
						<String ID="P51_ST00401" HPOS="1849" VPOS="2737" WIDTH="74" HEIGHT="35" CONTENT="aber" WC="0.97" CC="0623"/>
						<SP ID="P51_SP00349" HPOS="1923" VPOS="2773" WIDTH="19"/>
						<String ID="P51_ST00402" HPOS="1942" VPOS="2736" WIDTH="88" HEIGHT="35" CONTENT="mufs" WC="0.86" CC="0500"/>
						<SP ID="P51_SP00350" HPOS="2030" VPOS="2773" WIDTH="21"/>
						<String ID="P51_ST00403" HPOS="2051" VPOS="2736" WIDTH="87" HEIGHT="34" CONTENT="dann" WC="0.98" CC="0064"/>
						<SP ID="P51_SP00351" HPOS="2138" VPOS="2773" WIDTH="20"/>
						<String ID="P51_ST00404" HPOS="2158" VPOS="2748" WIDTH="81" HEIGHT="35" CONTENT="ganz" WC="0.99" CC="0002"/>
						<SP ID="P51_SP00352" HPOS="2239" VPOS="2783" WIDTH="19"/>
						<String ID="P51_ST00405" HPOS="2258" VPOS="2747" WIDTH="61" HEIGHT="22" CONTENT="wo" WC="0.81" CC="03"/>
						<SP ID="P51_SP00353" HPOS="2319" VPOS="2783" WIDTH="21"/>
						<String ID="P51_ST00406" HPOS="2340" VPOS="2733" WIDTH="114" HEIGHT="35" CONTENT="anders" WC="0.99" CC="000340"/>
						<SP ID="P51_SP00354" HPOS="2454" VPOS="2783" WIDTH="20"/>
						<String ID="P51_ST00407" HPOS="2474" VPOS="2733" WIDTH="124" HEIGHT="47" CONTENT="liegen!" WC="0.99" CC="3436000"/>
					</TextLine>
					<TextLine ID="P51_TL00055" HPOS="1557" VPOS="2907" WIDTH="1067" HEIGHT="49">
						<String ID="P51_ST00408" HPOS="1557" VPOS="2915" WIDTH="70" HEIGHT="32" CONTENT="Vor" WC="0.94" CC="625"/>
						<SP ID="P51_SP00355" HPOS="1627" VPOS="2947" WIDTH="15"/>
						<String ID="P51_ST00409" HPOS="1642" VPOS="2912" WIDTH="81" HEIGHT="34" CONTENT="zehn" WC="0.98" CC="2070"/>
						<SP ID="P51_SP00356" HPOS="1723" VPOS="2947" WIDTH="14"/>
						<String ID="P51_ST00410" HPOS="1737" VPOS="2911" WIDTH="118" HEIGHT="45" CONTENT="Jahren" WC="0.97" CC="696510"/>
						<SP ID="P51_SP00357" HPOS="1855" VPOS="2956" WIDTH="14"/>
						<String ID="P51_ST00411" HPOS="1869" VPOS="2911" WIDTH="173" HEIGHT="45" CONTENT="begannen" WC="0.99" CC="70060000"/>
						<SP ID="P51_SP00358" HPOS="2042" VPOS="2956" WIDTH="15"/>
						<String ID="P51_ST00412" HPOS="2057" VPOS="2908" WIDTH="62" HEIGHT="34" CONTENT="alle" WC="0.97" CC="0524"/>
						<SP ID="P51_SP00359" HPOS="2119" VPOS="2956" WIDTH="10"/>
						<String ID="P51_ST00413" HPOS="2129" VPOS="2907" WIDTH="146" HEIGHT="35" CONTENT="Artikel:" WC="0.99" CC="55040041"/>
						<SP ID="P51_SP00360" HPOS="2275" VPOS="2956" WIDTH="16"/>
						<String ID="P51_ST00414" HPOS="2291" VPOS="2907" WIDTH="80" HEIGHT="33" CONTENT="Wir" WC="0.94" CC="736"/>
						<SP ID="P51_SP00361" HPOS="2371" VPOS="2956" WIDTH="14"/>
						<String ID="P51_ST00415" HPOS="2385" VPOS="2907" WIDTH="122" HEIGHT="34" CONTENT="wissen" WC="1.00" CC="040000"/>
						<SP ID="P51_SP00362" HPOS="2507" VPOS="2956" WIDTH="14"/>
						<String ID="P51_ST00416" HPOS="2521" VPOS="2907" WIDTH="83" HEIGHT="33" CONTENT="nach" SUBS_TYPE="HypPart1" SUBS_CONTENT="nachgerade," WC="0.98" CC="0047"/>
						<HYP HPOS="2604" VPOS="2907" WIDTH="20" CONTENT="-"/>
					</TextLine>
					<TextLine ID="P51_TL00056" HPOS="1479" VPOS="2958" WIDTH="1145" HEIGHT="55">
						<String ID="P51_ST00417" HPOS="1479" VPOS="2965" WIDTH="128" HEIGHT="48" CONTENT="gerade," SUBS_TYPE="HypPart2" SUBS_CONTENT="nachgerade," WC="0.99" CC="0450043"/>
						<SP ID="P51_SP00363" HPOS="1607" VPOS="3013" WIDTH="21"/>
						<String ID="P51_ST00418" HPOS="1628" VPOS="2963" WIDTH="71" HEIGHT="35" CONTENT="dafs" WC="0.82" CC="0070"/>
						<SP ID="P51_SP00364" HPOS="1699" VPOS="3013" WIDTH="21"/>
						<String ID="P51_ST00419" HPOS="1720" VPOS="2963" WIDTH="61" HEIGHT="35" CONTENT="alle" WC="0.96" CC="9330"/>
						<SP ID="P51_SP00365" HPOS="1781" VPOS="3013" WIDTH="20"/>
						<String ID="P51_ST00420" HPOS="1801" VPOS="2962" WIDTH="91" HEIGHT="34" CONTENT="echte" WC="0.98" CC="50605"/>
						<SP ID="P51_SP00366" HPOS="1892" VPOS="3013" WIDTH="19"/>
						<String ID="P51_ST00421" HPOS="1911" VPOS="2965" WIDTH="108" HEIGHT="31" CONTENT="Kunst" WC="0.99" CC="05000"/>
						<SP ID="P51_SP00367" HPOS="2019" VPOS="3013" WIDTH="20"/>
						<String ID="P51_ST00422" HPOS="2039" VPOS="2960" WIDTH="181" HEIGHT="34" CONTENT="realistisch" WC="0.99" CC="54055004137"/>
						<SP ID="P51_SP00368" HPOS="2220" VPOS="3013" WIDTH="18"/>
						<String ID="P51_ST00423" HPOS="2238" VPOS="2960" WIDTH="57" HEIGHT="34" CONTENT="ist!" WC="0.99" CC="0012"/>
						<SP ID="P51_SP00369" HPOS="2295" VPOS="3013" WIDTH="20"/>
						<String ID="P51_ST00424" HPOS="2315" VPOS="2959" WIDTH="69" HEIGHT="34" CONTENT="und" WC="0.98" CC="500"/>
						<SP ID="P51_SP00370" HPOS="2384" VPOS="3013" WIDTH="20"/>
						<String ID="P51_ST00425" HPOS="2404" VPOS="2972" WIDTH="78" HEIGHT="20" CONTENT="man" WC="0.98" CC="005"/>
						<SP ID="P51_SP00371" HPOS="2482" VPOS="3013" WIDTH="18"/>
						<String ID="P51_ST00426" HPOS="2500" VPOS="2958" WIDTH="124" HEIGHT="34" CONTENT="bewies" WC="0.99" CC="700200"/>
					</TextLine>
					<TextLine ID="P51_TL00057" HPOS="1479" VPOS="3017" WIDTH="319" HEIGHT="34">
						<String ID="P51_ST00427" HPOS="1479" VPOS="3031" WIDTH="30" HEIGHT="20" CONTENT="es" WC="0.88" CC="02"/>
						<SP ID="P51_SP00372" HPOS="1509" VPOS="3051" WIDTH="21"/>
						<String ID="P51_ST00428" HPOS="1530" VPOS="3030" WIDTH="42" HEIGHT="21" CONTENT="an" WC="1.00" CC="00"/>
						<SP ID="P51_SP00373" HPOS="1572" VPOS="3051" WIDTH="20"/>
						<String ID="P51_ST00429" HPOS="1592" VPOS="3017" WIDTH="130" HEIGHT="34" CONTENT="Goethe" WC="0.99" CC="050060"/>
						<SP ID="P51_SP00374" HPOS="1722" VPOS="3051" WIDTH="19"/>
						<String ID="P51_ST00430" HPOS="1741" VPOS="3041" WIDTH="8" HEIGHT="8" CONTENT="." WC="1.00" CC="0"/>
						<SP ID="P51_SP00375" HPOS="1749" VPOS="3051" WIDTH="18"/>
						<String ID="P51_ST00431" HPOS="1767" VPOS="3042" WIDTH="7" HEIGHT="8" CONTENT="." WC="0.55" CC="4"/>
						<SP ID="P51_SP00376" HPOS="1774" VPOS="3051" WIDTH="17"/>
						<String ID="P51_ST00432" HPOS="1791" VPOS="3041" WIDTH="7" HEIGHT="8" CONTENT="." WC="0.93" CC="0"/>
					</TextLine>
					<TextLine ID="P51_TL00058" HPOS="1557" VPOS="3062" WIDTH="1067" HEIGHT="52">
						<String ID="P51_ST00433" HPOS="1557" VPOS="3071" WIDTH="111" HEIGHT="31" CONTENT="Heute" WC="0.98" CC="62401"/>
						<SP ID="P51_SP00377" HPOS="1668" VPOS="3102" WIDTH="15"/>
						<String ID="P51_ST00434" HPOS="1683" VPOS="3069" WIDTH="163" HEIGHT="45" CONTENT="beginnen" WC="0.99" CC="60050036"/>
						<SP ID="P51_SP00378" HPOS="1846" VPOS="3114" WIDTH="12"/>
						<String ID="P51_ST00435" HPOS="1858" VPOS="3067" WIDTH="59" HEIGHT="34" CONTENT="sie:" WC="0.96" CC="4454"/>
						<SP ID="P51_SP00379" HPOS="1917" VPOS="3114" WIDTH="15"/>
						<String ID="P51_ST00436" HPOS="1932" VPOS="3066" WIDTH="64" HEIGHT="33" CONTENT="wir" WC="0.98" CC="006"/>
						<SP ID="P51_SP00380" HPOS="1996" VPOS="3114" WIDTH="10"/>
						<String ID="P51_ST00437" HPOS="2006" VPOS="3066" WIDTH="122" HEIGHT="34" CONTENT="wissen" WC="0.99" CC="004100"/>
						<SP ID="P51_SP00381" HPOS="2128" VPOS="3114" WIDTH="10"/>
						<String ID="P51_ST00438" HPOS="2138" VPOS="3063" WIDTH="216" HEIGHT="48" CONTENT="nachgerade," WC="0.99" CC="00150056010"/>
						<SP ID="P51_SP00382" HPOS="2354" VPOS="3114" WIDTH="16"/>
						<String ID="P51_ST00439" HPOS="2370" VPOS="3062" WIDTH="71" HEIGHT="35" CONTENT="dafs" WC="0.76" CC="0072"/>
						<SP ID="P51_SP00383" HPOS="2441" VPOS="3114" WIDTH="16"/>
						<String ID="P51_ST00440" HPOS="2457" VPOS="3062" WIDTH="62" HEIGHT="35" CONTENT="alle" WC="0.98" CC="0250"/>
						<SP ID="P51_SP00384" HPOS="2519" VPOS="3114" WIDTH="12"/>
						<String ID="P51_ST00441" HPOS="2531" VPOS="3062" WIDTH="93" HEIGHT="34" CONTENT="echte" WC="0.97" CC="60760"/>
					</TextLine>
					<TextLine ID="P51_TL00059" HPOS="1479" VPOS="3116" WIDTH="1085" HEIGHT="51">
						<String ID="P51_ST00442" HPOS="1479" VPOS="3125" WIDTH="106" HEIGHT="30" CONTENT="Kunst" WC="1.00" CC="03000"/>
						<SP ID="P51_SP00385" HPOS="1585" VPOS="3155" WIDTH="20"/>
						<String ID="P51_ST00443" HPOS="1605" VPOS="3119" WIDTH="202" HEIGHT="48" CONTENT="symbolisch" WC="0.99" CC="0706254016"/>
						<SP ID="P51_SP00386" HPOS="1807" VPOS="3167" WIDTH="20"/>
						<String ID="P51_ST00444" HPOS="1827" VPOS="3120" WIDTH="55" HEIGHT="33" CONTENT="ist!" WC="1.00" CC="0100"/>
						<SP ID="P51_SP00387" HPOS="1882" VPOS="3167" WIDTH="21"/>
						<String ID="P51_ST00445" HPOS="1903" VPOS="3118" WIDTH="66" HEIGHT="34" CONTENT="und" WC="0.98" CC="400"/>
						<SP ID="P51_SP00388" HPOS="1969" VPOS="3167" WIDTH="21"/>
						<String ID="P51_ST00446" HPOS="1990" VPOS="3130" WIDTH="77" HEIGHT="21" CONTENT="man" WC="1.00" CC="000"/>
						<SP ID="P51_SP00389" HPOS="2067" VPOS="3167" WIDTH="20"/>
						<String ID="P51_ST00447" HPOS="2087" VPOS="3117" WIDTH="138" HEIGHT="35" CONTENT="beweist" WC="0.99" CC="6206300"/>
						<SP ID="P51_SP00390" HPOS="2225" VPOS="3167" WIDTH="19"/>
						<String ID="P51_ST00448" HPOS="2244" VPOS="3129" WIDTH="31" HEIGHT="21" CONTENT="es" WC="0.89" CC="20"/>
						<SP ID="P51_SP00391" HPOS="2275" VPOS="3167" WIDTH="21"/>
						<String ID="P51_ST00449" HPOS="2296" VPOS="3129" WIDTH="40" HEIGHT="21" CONTENT="an" WC="0.50" CC="90"/>
						<SP ID="P51_SP00392" HPOS="2336" VPOS="3167" WIDTH="20"/>
						<String ID="P51_ST00450" HPOS="2356" VPOS="3116" WIDTH="132" HEIGHT="34" CONTENT="Goethe" WC="0.99" CC="400070"/>
						<SP ID="P51_SP00393" HPOS="2488" VPOS="3167" WIDTH="21"/>
						<String ID="P51_ST00451" HPOS="2509" VPOS="3141" WIDTH="6" HEIGHT="8" CONTENT="." WC="0.77" CC="2"/>
						<SP ID="P51_SP00394" HPOS="2515" VPOS="3167" WIDTH="17"/>
						<String ID="P51_ST00452" HPOS="2532" VPOS="3141" WIDTH="8" HEIGHT="8" CONTENT="." WC="0.55" CC="4"/>
						<SP ID="P51_SP00395" HPOS="2540" VPOS="3167" WIDTH="17"/>
						<String ID="P51_ST00453" HPOS="2557" VPOS="3141" WIDTH="7" HEIGHT="7" CONTENT="." WC="1.00" CC="0"/>
					</TextLine>
					<TextLine ID="P51_TL00060" HPOS="1558" VPOS="3168" WIDTH="1013" HEIGHT="42">
						<String ID="P51_ST00454" HPOS="1558" VPOS="3177" WIDTH="62" HEIGHT="30" CONTENT="Das" WC="1.00" CC="000"/>
						<SP ID="P51_SP00396" HPOS="1620" VPOS="3207" WIDTH="22"/>
						<String ID="P51_ST00455" HPOS="1642" VPOS="3172" WIDTH="183" HEIGHT="38" CONTENT="Bleibende," WC="0.99" CC="0264660044"/>
						<SP ID="P51_SP00397" HPOS="1825" VPOS="3210" WIDTH="21"/>
						<String ID="P51_ST00456" HPOS="1846" VPOS="3170" WIDTH="51" HEIGHT="34" CONTENT="die" WC="0.98" CC="030"/>
						<SP ID="P51_SP00398" HPOS="1897" VPOS="3210" WIDTH="19"/>
						<String ID="P51_ST00457" HPOS="1916" VPOS="3170" WIDTH="138" HEIGHT="34" CONTENT="Wurzel" WC="0.99" CC="054001"/>
						<SP ID="P51_SP00399" HPOS="2054" VPOS="3210" WIDTH="20"/>
						<String ID="P51_ST00458" HPOS="2074" VPOS="3170" WIDTH="117" HEIGHT="33" CONTENT="daraus" WC="0.99" CC="005020"/>
						<SP ID="P51_SP00400" HPOS="2191" VPOS="3210" WIDTH="22"/>
						<String ID="P51_ST00459" HPOS="2213" VPOS="3169" WIDTH="69" HEIGHT="34" CONTENT="also" WC="0.97" CC="7220"/>
						<SP ID="P51_SP00401" HPOS="2282" VPOS="3210" WIDTH="20"/>
						<String ID="P51_ST00460" HPOS="2302" VPOS="3169" WIDTH="41" HEIGHT="32" CONTENT="ist" WC="0.96" CC="630"/>
						<SP ID="P51_SP00402" HPOS="2343" VPOS="3210" WIDTH="21"/>
						<String ID="P51_ST00461" HPOS="2364" VPOS="3168" WIDTH="131" HEIGHT="35" CONTENT="Goethe" WC="0.99" CC="102070"/>
						<SP ID="P51_SP00403" HPOS="2495" VPOS="3210" WIDTH="21"/>
						<String ID="P51_ST00462" HPOS="2516" VPOS="3194" WIDTH="6" HEIGHT="7" CONTENT="." WC="0.93" CC="0"/>
						<SP ID="P51_SP00404" HPOS="2522" VPOS="3210" WIDTH="18"/>
						<String ID="P51_ST00463" HPOS="2540" VPOS="3194" WIDTH="7" HEIGHT="7" CONTENT="." WC="0.55" CC="4"/>
						<SP ID="P51_SP00405" HPOS="2547" VPOS="3210" WIDTH="17"/>
						<String ID="P51_ST00464" HPOS="2564" VPOS="3194" WIDTH="7" HEIGHT="7" CONTENT="." WC="0.55" CC="4"/>
					</TextLine>
					<TextLine ID="P51_TL00061" HPOS="1555" VPOS="3220" WIDTH="1070" HEIGHT="51">
						<String ID="P51_ST00465" HPOS="1555" VPOS="3225" WIDTH="146" HEIGHT="46" CONTENT="Nörgelt" WC="0.99" CC="0050040"/>
						<SP ID="P51_SP00406" HPOS="1701" VPOS="3271" WIDTH="25"/>
						<String ID="P51_ST00466" HPOS="1726" VPOS="3236" WIDTH="77" HEIGHT="22" CONTENT="man" WC="0.99" CC="003"/>
						<SP ID="P51_SP00407" HPOS="1803" VPOS="3271" WIDTH="23"/>
						<String ID="P51_ST00467" HPOS="1826" VPOS="3223" WIDTH="127" HEIGHT="39" CONTENT="weiter," WC="0.98" CC="0058560"/>
						<SP ID="P51_SP00408" HPOS="1953" VPOS="3271" WIDTH="25"/>
						<String ID="P51_ST00468" HPOS="1978" VPOS="3234" WIDTH="70" HEIGHT="23" CONTENT="was" WC="0.99" CC="002"/>
						<SP ID="P51_SP00409" HPOS="2048" VPOS="3271" WIDTH="26"/>
						<String ID="P51_ST00469" HPOS="2074" VPOS="3221" WIDTH="163" HEIGHT="34" CONTENT="demnach" WC="0.98" CC="0306747"/>
						<SP ID="P51_SP00410" HPOS="2237" VPOS="3271" WIDTH="25"/>
						<String ID="P51_ST00470" HPOS="2262" VPOS="3230" WIDTH="95" HEIGHT="24" CONTENT="unter" WC="0.98" CC="40426"/>
						<SP ID="P51_SP00411" HPOS="2357" VPOS="3271" WIDTH="23"/>
						<String ID="P51_ST00471" HPOS="2380" VPOS="3220" WIDTH="156" HEIGHT="40" CONTENT="„Goethe" WC="0.74" CC="5003071"/>
						<String ID="P51_ST00472" HPOS="2539" VPOS="3225" WIDTH="22" HEIGHT="15" CONTENT="cc" STYLE="superscript" WC="0.34" CC="75"/>
						<SP ID="P51_SP00412" HPOS="2561" VPOS="3271" WIDTH="24"/>
						<String ID="P51_ST00473" HPOS="2585" VPOS="3232" WIDTH="40" HEIGHT="21" CONTENT="zu" WC="0.70" CC="23"/>
					</TextLine>
					<TextLine ID="P51_TL00062" HPOS="1479" VPOS="3271" WIDTH="1145" HEIGHT="42">
						<String ID="P51_ST00474" HPOS="1479" VPOS="3278" WIDTH="167" HEIGHT="34" CONTENT="verstehen" WC="0.99" CC="504100700"/>
						<SP ID="P51_SP00413" HPOS="1646" VPOS="3312" WIDTH="10"/>
						<String ID="P51_ST00475" HPOS="1656" VPOS="3278" WIDTH="44" HEIGHT="33" CONTENT="sei" WC="0.96" CC="144"/>
						<SP ID="P51_SP00414" HPOS="1700" VPOS="3312" WIDTH="8"/>
						<String ID="P51_ST00476" HPOS="1708" VPOS="3280" WIDTH="9" HEIGHT="30" CONTENT="?" WC="0.43" CC="5"/>
						<SP ID="P51_SP00415" HPOS="1717" VPOS="3312" WIDTH="16"/>
						<String ID="P51_ST00477" HPOS="1733" VPOS="3289" WIDTH="36" HEIGHT="20" CONTENT="so" WC="0.92" CC="00"/>
						<SP ID="P51_SP00416" HPOS="1769" VPOS="3312" WIDTH="9"/>
						<String ID="P51_ST00478" HPOS="1778" VPOS="3276" WIDTH="158" HEIGHT="34" CONTENT="verlautet" WC="0.99" CC="046203030"/>
						<SP ID="P51_SP00417" HPOS="1936" VPOS="3312" WIDTH="11"/>
						<String ID="P51_ST00479" HPOS="1947" VPOS="3283" WIDTH="103" HEIGHT="25" CONTENT="etwas" WC="1.00" CC="00000"/>
						<SP ID="P51_SP00418" HPOS="2050" VPOS="3312" WIDTH="10"/>
						<String ID="P51_ST00480" HPOS="2060" VPOS="3274" WIDTH="66" HEIGHT="34" CONTENT="wie" WC="0.98" CC="040"/>
						<SP ID="P51_SP00419" HPOS="2126" VPOS="3312" WIDTH="11"/>
						<String ID="P51_ST00481" HPOS="2137" VPOS="3271" WIDTH="487" HEIGHT="42" CONTENT="„Persönlichkeitskunst“..." WC="1.00" CC="5536074420732400004008434"/>
					</TextLine>
					<TextLine ID="P51_TL00063" HPOS="1557" VPOS="3323" WIDTH="1069" HEIGHT="41">
						<String ID="P51_ST00482" HPOS="1557" VPOS="3330" WIDTH="78" HEIGHT="34" CONTENT="Wir" WC="0.96" CC="047"/>
						<SP ID="P51_SP00420" HPOS="1635" VPOS="3364" WIDTH="15"/>
						<String ID="P51_ST00483" HPOS="1650" VPOS="3327" WIDTH="148" HEIGHT="36" CONTENT="wüfsten" WC="0.87" CC="0071000"/>
						<SP ID="P51_SP00421" HPOS="1798" VPOS="3364" WIDTH="16"/>
						<String ID="P51_ST00484" HPOS="1814" VPOS="3327" WIDTH="87" HEIGHT="34" CONTENT="dann" WC="1.00" CC="0000"/>
						<SP ID="P51_SP00422" HPOS="1901" VPOS="3364" WIDTH="16"/>
						<String ID="P51_ST00485" HPOS="1917" VPOS="3327" WIDTH="86" HEIGHT="34" CONTENT="also:" WC="0.98" CC="70203"/>
						<SP ID="P51_SP00423" HPOS="2003" VPOS="3364" WIDTH="21"/>
						<String ID="P51_ST00486" HPOS="2024" VPOS="3325" WIDTH="71" HEIGHT="35" CONTENT="dafs" WC="0.81" CC="0070"/>
						<SP ID="P51_SP00424" HPOS="2095" VPOS="3364" WIDTH="17"/>
						<String ID="P51_ST00487" HPOS="2112" VPOS="3325" WIDTH="61" HEIGHT="35" CONTENT="alle" WC="0.98" CC="0330"/>
						<SP ID="P51_SP00425" HPOS="2173" VPOS="3364" WIDTH="16"/>
						<String ID="P51_ST00488" HPOS="2189" VPOS="3327" WIDTH="92" HEIGHT="33" CONTENT="echte" WC="0.98" CC="60505"/>
						<SP ID="P51_SP00426" HPOS="2281" VPOS="3364" WIDTH="15"/>
						<String ID="P51_ST00489" HPOS="2296" VPOS="3328" WIDTH="107" HEIGHT="31" CONTENT="Kunst" WC="0.98" CC="07041"/>
						<SP ID="P51_SP00427" HPOS="2403" VPOS="3364" WIDTH="15"/>
						<String ID="P51_ST00490" HPOS="2418" VPOS="3323" WIDTH="190" HEIGHT="35" CONTENT="Persönlich" SUBS_TYPE="HypPart1" SUBS_CONTENT="Persönlichkeitskunst" WC="0.99" CC="6561004407"/>
						<HYP HPOS="2608" VPOS="3323" WIDTH="18" CONTENT="-"/>
					</TextLine>
					<TextLine ID="P51_TL00064" HPOS="1479" VPOS="3381" WIDTH="309" HEIGHT="35">
						<String ID="P51_ST00491" HPOS="1479" VPOS="3381" WIDTH="186" HEIGHT="35" CONTENT="keitskunst" SUBS_TYPE="HypPart2" SUBS_CONTENT="Persönlichkeitskunst" WC="0.99" CC="1158007010"/>
						<SP ID="P51_SP00428" HPOS="1665" VPOS="3416" WIDTH="19"/>
						<String ID="P51_ST00492" HPOS="1684" VPOS="3381" WIDTH="104" HEIGHT="34" CONTENT="wäre!" WC="0.97" CC="09605"/>
					</TextLine>
					<TextLine ID="P51_TL00065" HPOS="1557" VPOS="3429" WIDTH="1069" HEIGHT="40">
						<String ID="P51_ST00493" HPOS="1557" VPOS="3434" WIDTH="88" HEIGHT="34" CONTENT="Geht" WC="0.98" CC="0160"/>
						<SP ID="P51_SP00429" HPOS="1645" VPOS="3468" WIDTH="18"/>
						<String ID="P51_ST00494" HPOS="1663" VPOS="3446" WIDTH="76" HEIGHT="21" CONTENT="man" WC="1.00" CC="000"/>
						<SP ID="P51_SP00430" HPOS="1739" VPOS="3468" WIDTH="17"/>
						<String ID="P51_ST00495" HPOS="1756" VPOS="3432" WIDTH="89" HEIGHT="34" CONTENT="noch" WC="0.98" CC="0046"/>
						<SP ID="P51_SP00431" HPOS="1845" VPOS="3468" WIDTH="15"/>
						<String ID="P51_ST00496" HPOS="1860" VPOS="3431" WIDTH="127" HEIGHT="38" CONTENT="weiter," WC="0.99" CC="0020464"/>
						<SP ID="P51_SP00432" HPOS="1987" VPOS="3469" WIDTH="20"/>
						<String ID="P51_ST00497" HPOS="2007" VPOS="3443" WIDTH="71" HEIGHT="22" CONTENT="was" WC="1.00" CC="000"/>
						<SP ID="P51_SP00433" HPOS="2078" VPOS="3469" WIDTH="20"/>
						<String ID="P51_ST00498" HPOS="2098" VPOS="3430" WIDTH="203" HEIGHT="34" CONTENT="hierunter" WC="0.99" CC="610660003"/>
						<SP ID="P51_SP00434" HPOS="2301" VPOS="3469" WIDTH="18"/>
						<String ID="P51_ST00499" HPOS="2319" VPOS="3443" WIDTH="40" HEIGHT="20" CONTENT="zu" WC="0.76" CC="04"/>
						<SP ID="P51_SP00435" HPOS="2359" VPOS="3469" WIDTH="23"/>
						<String ID="P51_ST00500" HPOS="2382" VPOS="3429" WIDTH="168" HEIGHT="35" CONTENT="verstehen" WC="0.99" CC="046000713"/>
						<SP ID="P51_SP00436" HPOS="2550" VPOS="3469" WIDTH="19"/>
						<String ID="P51_ST00501" HPOS="2569" VPOS="3429" WIDTH="57" HEIGHT="39" CONTENT="sei," WC="0.98" CC="0054"/>
					</TextLine>
					<TextLine ID="P51_TL00066" HPOS="1478" VPOS="3479" WIDTH="1149" HEIGHT="42">
						<String ID="P51_ST00502" HPOS="1478" VPOS="3500" WIDTH="36" HEIGHT="21" CONTENT="so" WC="0.50" CC="36"/>
						<SP ID="P51_SP00437" HPOS="1514" VPOS="3521" WIDTH="20"/>
						<String ID="P51_ST00503" HPOS="1534" VPOS="3486" WIDTH="128" HEIGHT="34" CONTENT="könnte" WC="1.00" CC="000003"/>
						<SP ID="P51_SP00438" HPOS="1662" VPOS="3521" WIDTH="15"/>
						<String ID="P51_ST00504" HPOS="1677" VPOS="3485" WIDTH="52" HEIGHT="35" CONTENT="die" WC="0.97" CC="060"/>
						<SP ID="P51_SP00439" HPOS="1729" VPOS="3521" WIDTH="16"/>
						<String ID="P51_ST00505" HPOS="1745" VPOS="3487" WIDTH="161" HEIGHT="32" CONTENT="Antwort" WC="1.00" CC="0000060"/>
						<SP ID="P51_SP00440" HPOS="1906" VPOS="3521" WIDTH="14"/>
						<String ID="P51_ST00506" HPOS="1920" VPOS="3483" WIDTH="97" HEIGHT="35" CONTENT="wohl" WC="0.98" CC="0074"/>
						<SP ID="P51_SP00441" HPOS="2017" VPOS="3521" WIDTH="15"/>
						<String ID="P51_ST00507" HPOS="2032" VPOS="3495" WIDTH="63" HEIGHT="21" CONTENT="nur" WC="0.95" CC="066"/>
						<SP ID="P51_SP00442" HPOS="2095" VPOS="3521" WIDTH="15"/>
						<String ID="P51_ST00508" HPOS="2110" VPOS="3483" WIDTH="106" HEIGHT="33" CONTENT="derart" WC="0.99" CC="036003"/>
						<SP ID="P51_SP00443" HPOS="2216" VPOS="3521" WIDTH="16"/>
						<String ID="P51_ST00509" HPOS="2232" VPOS="3483" WIDTH="80" HEIGHT="38" CONTENT="sein," WC="0.98" CC="05560"/>
						<SP ID="P51_SP00444" HPOS="2312" VPOS="3521" WIDTH="20"/>
						<String ID="P51_ST00510" HPOS="2332" VPOS="3480" WIDTH="71" HEIGHT="36" CONTENT="dafs" WC="0.82" CC="0060"/>
						<SP ID="P51_SP00445" HPOS="2403" VPOS="3521" WIDTH="17"/>
						<String ID="P51_ST00511" HPOS="2420" VPOS="3481" WIDTH="61" HEIGHT="34" CONTENT="alle" WC="0.98" CC="0232"/>
						<SP ID="P51_SP00446" HPOS="2481" VPOS="3521" WIDTH="17"/>
						<String ID="P51_ST00512" HPOS="2498" VPOS="3479" WIDTH="129" HEIGHT="36" CONTENT="Artikel" WC="0.99" CC="0000463"/>
					</TextLine>
					<TextLine ID="P51_TL00067" HPOS="1478" VPOS="3533" WIDTH="1147" HEIGHT="51">
						<String ID="P51_ST00513" HPOS="1478" VPOS="3553" WIDTH="67" HEIGHT="21" CONTENT="von" WC="0.99" CC="002"/>
						<SP ID="P51_SP00447" HPOS="1545" VPOS="3574" WIDTH="14"/>
						<String ID="P51_ST00514" HPOS="1559" VPOS="3551" WIDTH="69" HEIGHT="21" CONTENT="nun" WC="0.98" CC="060"/>
						<SP ID="P51_SP00448" HPOS="1628" VPOS="3574" WIDTH="11"/>
						<String ID="P51_ST00515" HPOS="1639" VPOS="3537" WIDTH="39" HEIGHT="35" CONTENT="ab" WC="0.64" CC="07"/>
						<SP ID="P51_SP00449" HPOS="1678" VPOS="3574" WIDTH="13"/>
						<String ID="P51_ST00516" HPOS="1691" VPOS="3537" WIDTH="163" HEIGHT="47" CONTENT="beginnen" WC="0.99" CC="00060340"/>
						<SP ID="P51_SP00450" HPOS="1854" VPOS="3584" WIDTH="15"/>
						<String ID="P51_ST00517" HPOS="1869" VPOS="3534" WIDTH="158" HEIGHT="35" CONTENT="müfsten:" WC="0.97" CC="00000001"/>
						<SP ID="P51_SP00451" HPOS="2027" VPOS="3584" WIDTH="15"/>
						<String ID="P51_ST00518" HPOS="2042" VPOS="3535" WIDTH="79" HEIGHT="34" CONTENT="Wir" WC="0.97" CC="006"/>
						<SP ID="P51_SP00452" HPOS="2121" VPOS="3584" WIDTH="14"/>
						<String ID="P51_ST00519" HPOS="2135" VPOS="3535" WIDTH="121" HEIGHT="34" CONTENT="wissen" WC="1.00" CC="040000"/>
						<SP ID="P51_SP00453" HPOS="2256" VPOS="3584" WIDTH="16"/>
						<String ID="P51_ST00520" HPOS="2272" VPOS="3534" WIDTH="217" HEIGHT="47" CONTENT="nachgerade," WC="1.00" CC="00050060004"/>
						<SP ID="P51_SP00454" HPOS="2489" VPOS="3584" WIDTH="21"/>
						<String ID="P51_ST00521" HPOS="2510" VPOS="3533" WIDTH="70" HEIGHT="34" CONTENT="dafs" WC="0.70" CC="0704"/>
						<SP ID="P51_SP00455" HPOS="2580" VPOS="3584" WIDTH="16"/>
						<String ID="P51_ST00522" HPOS="2596" VPOS="3546" WIDTH="29" HEIGHT="21" CONTENT="es" WC="0.56" CC="44"/>
					</TextLine>
					<TextLine ID="P51_TL00068" HPOS="1479" VPOS="3586" WIDTH="1145" HEIGHT="48">
						<String ID="P51_ST00523" HPOS="1479" VPOS="3592" WIDTH="68" HEIGHT="34" CONTENT="sich" WC="0.97" CC="0326"/>
						<SP ID="P51_SP00456" HPOS="1547" VPOS="3626" WIDTH="18"/>
						<String ID="P51_ST00524" HPOS="1565" VPOS="3591" WIDTH="51" HEIGHT="34" CONTENT="bei" WC="0.96" CC="523"/>
						<SP ID="P51_SP00457" HPOS="1616" VPOS="3626" WIDTH="16"/>
						<String ID="P51_ST00525" HPOS="1632" VPOS="3590" WIDTH="108" HEIGHT="34" CONTENT="echter" WC="0.98" CC="337006"/>
						<SP ID="P51_SP00458" HPOS="1740" VPOS="3626" WIDTH="15"/>
						<String ID="P51_ST00526" HPOS="1755" VPOS="3592" WIDTH="108" HEIGHT="30" CONTENT="Kunst" WC="0.98" CC="06600"/>
						<SP ID="P51_SP00459" HPOS="1863" VPOS="3626" WIDTH="14"/>
						<String ID="P51_ST00527" HPOS="1877" VPOS="3588" WIDTH="118" HEIGHT="33" CONTENT="immer" WC="0.98" CC="30026"/>
						<SP ID="P51_SP00460" HPOS="1995" VPOS="3626" WIDTH="14"/>
						<String ID="P51_ST00528" HPOS="2009" VPOS="3600" WIDTH="61" HEIGHT="21" CONTENT="um" WC="0.63" CC="70"/>
						<SP ID="P51_SP00461" HPOS="2070" VPOS="3626" WIDTH="14"/>
						<String ID="P51_ST00529" HPOS="2084" VPOS="3588" WIDTH="108" HEIGHT="46" CONTENT="Dinge" WC="0.98" CC="24600"/>
						<SP ID="P51_SP00462" HPOS="2192" VPOS="3634" WIDTH="16"/>
						<String ID="P51_ST00530" HPOS="2208" VPOS="3586" WIDTH="146" HEIGHT="40" CONTENT="handelt," WC="0.99" CC="60000500"/>
						<SP ID="P51_SP00463" HPOS="2354" VPOS="3634" WIDTH="21"/>
						<String ID="P51_ST00531" HPOS="2375" VPOS="3586" WIDTH="53" HEIGHT="34" CONTENT="die" WC="0.99" CC="030"/>
						<SP ID="P51_SP00464" HPOS="2428" VPOS="3634" WIDTH="16"/>
						<String ID="P51_ST00532" HPOS="2444" VPOS="3612" WIDTH="47" HEIGHT="10" CONTENT="..." WC="0.97" CC="033"/>
						<SP ID="P51_SP00465" HPOS="2491" VPOS="3634" WIDTH="18"/>
						<String ID="P51_ST00533" HPOS="2509" VPOS="3586" WIDTH="51" HEIGHT="34" CONTENT="die" WC="0.97" CC="070"/>
						<SP ID="P51_SP00466" HPOS="2560" VPOS="3634" WIDTH="16"/>
						<String ID="P51_ST00534" HPOS="2576" VPOS="3612" WIDTH="48" HEIGHT="9" CONTENT="..." WC="0.85" CC="102"/>
					</TextLine>
					<TextLine ID="P51_TL00069" HPOS="1479" VPOS="3638" WIDTH="1055" HEIGHT="51">
						<String ID="P51_ST00535" HPOS="1479" VPOS="3645" WIDTH="51" HEIGHT="34" CONTENT="die" WC="0.97" CC="044"/>
						<SP ID="P51_SP00467" HPOS="1530" VPOS="3679" WIDTH="19"/>
						<String ID="P51_ST00536" HPOS="1549" VPOS="3643" WIDTH="107" HEIGHT="34" CONTENT="bisher" WC="0.98" CC="740625"/>
						<SP ID="P51_SP00468" HPOS="1656" VPOS="3679" WIDTH="19"/>
						<String ID="P51_ST00537" HPOS="1675" VPOS="3641" WIDTH="177" HEIGHT="48" CONTENT="eigentlich" WC="0.99" CC="2406003406"/>
						<SP ID="P51_SP00469" HPOS="1852" VPOS="3689" WIDTH="21"/>
						<String ID="P51_ST00538" HPOS="1873" VPOS="3640" WIDTH="46" HEIGHT="34" CONTENT="als" WC="1.00" CC="000"/>
						<SP ID="P51_SP00470" HPOS="1919" VPOS="3689" WIDTH="19"/>
						<String ID="P51_ST00539" HPOS="1938" VPOS="3640" WIDTH="217" HEIGHT="33" CONTENT="Nebensache" WC="0.99" CC="0460000070"/>
						<SP ID="P51_SP00471" HPOS="2155" VPOS="3689" WIDTH="21"/>
						<String ID="P51_ST00540" HPOS="2176" VPOS="3639" WIDTH="182" HEIGHT="34" CONTENT="betrachtet" WC="0.99" CC="5205007610"/>
						<SP ID="P51_SP00472" HPOS="2358" VPOS="3689" WIDTH="18"/>
						<String ID="P51_ST00541" HPOS="2376" VPOS="3638" WIDTH="158" HEIGHT="35" CONTENT="wurden!" WC="0.99" CC="0360000"/>
					</TextLine>
				</TextBlock>
				<TextBlock ID="P51_TB00005" HPOS="961" VPOS="1195" WIDTH="73" HEIGHT="18" STYLEREFS="TXT_6 PAR_LEFT">
					<TextLine ID="P51_TL00070" HPOS="961" VPOS="1195" WIDTH="68" HEIGHT="15">
						<String ID="P51_ST00542" HPOS="961" VPOS="1195" WIDTH="68" HEIGHT="15" CONTENT="LÖWE" WC="0.99" CC="0002"/>
					</TextLine>
				</TextBlock>
				<TextBlock ID="P51_TB00006" HPOS="642" VPOS="1196" WIDTH="305" HEIGHT="18" STYLEREFS="TXT_6 PAR_LEFT">
					<TextLine ID="P51_TL00071" HPOS="643" VPOS="1197" WIDTH="303" HEIGHT="17">
						<String ID="P51_ST00543" HPOS="643" VPOS="1198" WIDTH="94" HEIGHT="14" CONTENT="LUDWIG" WC="0.99" CC="005300"/>
						<SP ID="P51_SP00473" HPOS="737" VPOS="1212" WIDTH="14"/>
						<String ID="P51_ST00544" HPOS="751" VPOS="1198" WIDTH="48" HEIGHT="14" CONTENT="VON" WC="0.96" CC="134"/>
						<SP ID="P51_SP00474" HPOS="799" VPOS="1212" WIDTH="18"/>
						<String ID="P51_ST00545" HPOS="817" VPOS="1197" WIDTH="129" HEIGHT="17" CONTENT="HOFMANN" WC="0.98" CC="3120556"/>
					</TextLine>
				</TextBlock>
				<ComposedBlock ID="P51_CB00001" HPOS="465" VPOS="581" WIDTH="1945" HEIGHT="599" STYLEREFS="TXT_7 PAR_LEFT" TYPE="Illustration">
					<GraphicalElement ID="P51_CB00001_SUB" HPOS="465" VPOS="581" WIDTH="1945" HEIGHT="599"/>
				</ComposedBlock>
			</PrintSpace>
		</Page>
	</Layout>
</alto>
