3434 4495
1676 156 56 54 6

116 283 312 67 Historische
467 284 166 66 Noten
675 303 91 45 zur
806 285 273 77 „Leonore“
1119 303 101 45 von
1257 286 283 64 Beethoven

1557 292 67 73 *)•

527 393 92 40 Von
651 393 68 40 Dr.
749 392 43 39 L.
821 392 406 41 Sonnleithner.

209 485 157 54 Schon
410 487 66 52 oft
515 487 58 51 ist
613 487 70 50 die
715 487 153 68 Frage
913 486 289 70 besprochen
1247 489 204 59 worden,
1496 489 43 50 in
1572 489 86 52 wie

89 572 100 51 fern
220 590 48 33 es
300 590 102 33 vom
434 570 323 68 Standpunkte
788 571 82 52 der
902 572 152 51 Kunst
1095 590 81 33 aus
1223 572 197 69 zulässig
1460 572 78 60 sei,
1582 574 80 50 das

86 656 291 51 Privatleben
409 654 255 52 wirklicher
689 657 256 59 Personen,
975 656 329 51 insbesondere
1332 657 302 68 hervorragen-

90 741 83 51 der
202 739 235 59 Künstler,
467 737 46 53 in
543 739 91 52 den
660 741 192 50 Bereich
884 740 80 51 des
982 741 231 50 Romanes
1244 741 94 50 und
1370 741 81 50 der
1474 741 187 51 Novelle

93 843 57 33 zu
183 823 172 52 ziehen.
416 824 73 49 Da
514 823 169 68 jedoch
736 824 72 51 die
841 824 396 68 Weltgeschichte
1281 824 144 51 selbst
1455 843 87 33 von
1573 825 88 51 den

90 905 451 53 Romanschreibern
581 906 169 52 bereits
787 908 65 50 als
884 915 110 60 gute
1025 909 147 49 Beute
1215 908 42 50 in
1288 908 149 50 Besitz
1472 927 158 49 genom-

87 1008 107 33 men
226 990 75 61 ist,
345 991 56 51 da
446 991 83 51 wir
562 991 70 51 die
674 995 214 64 grössten
931 991 195 60 Helden,
1172 993 348 49 Staatsmänner
1568 993 94 51 und

86 1075 229 51 Künstler
343 1075 169 68 täglich
542 1075 116 51 über
689 1075 72 51 die
783 1077 185 49 Bretter
992 1077 80 49 der
1095 1075 307 51 Schaubühne
1435 1077 226 50 schreiten

90 1159 159 61 sehen,
282 1177 52 33 so
366 1158 102 51 darf
494 1177 103 33 man
628 1177 50 33 es
721 1159 117 51 auch
884 1159 80 51 mit
1011 1159 86 51 den
1128 1159 278 51 Novellisten
1451 1159 124 52 nicht
1606 1179 56 32 zu

90 1251 163 59 streng
282 1243 212 51 nehmen.
552 1244 64 50 So
645 1243 81 51 viel
757 1243 117 51 kann
907 1243 91 51 und
1032 1261 125 33 muss
1189 1259 104 35 man
1321 1243 109 51 aber
1462 1244 199 61 fordern,

91 1328 107 50 dass
228 1327 72 51 die
330 1327 235 67 Dichtung
594 1327 126 51 nicht
748 1327 43 51 in
823 1325 216 70 geradem
1073 1327 366 70 Widerspruche
1470 1329 80 50 mit
1581 1329 81 50 der

93 1411 325 53 Wirklichkeit
448 1411 144 59 stehe,
625 1411 103 50 dass
758 1411 123 50 nicht
898 1411 81 50 der
997 1411 255 50 Charakter
1284 1412 81 51 der
1390 1412 243 67 vorgeführ-

90 1505 79 41 ten
200 1498 252 56 Personen,
484 1494 70 51 die
583 1494 195 52 Periode
809 1496 122 49 ihrer
954 1496 282 67 Leistungen
1261 1496 113 52 oder
1404 1496 70 50 die
1502 1501 132 47 äusse-

89 1596 81 33 ren
204 1577 315 52 Verhältnisse
551 1578 241 51 derselben
825 1579 226 68 geradezu
1088 1579 137 51 falsch
1257 1579 268 67 dargestellt
1566 1581 92 51 und

93 1680 50 33 so
183 1662 127 51 nicht
350 1662 70 51 die
451 1663 249 50 Kenntniss
733 1662 95 51 und
858 1663 332 68 Beurtheilung
1230 1663 83 50 der
1343 1665 134 50 Welt
1507 1665 123 50 muth-

98 1746 138 67 vvillig
265 1746 211 51 verwirrt
507 1746 91 51 und
623 1747 45 50 in
697 1747 203 50 Irrthum
935 1747 184 67 geführt
1148 1747 202 51 werden.
1406 1748 137 50 Diese
1575 1750 58 48 Be-

95 1830 311 68 trachlungen
437 1830 226 67 drängten
697 1830 93 52 sich
823 1831 84 49 mir
940 1831 169 49 wieder
1152 1831 89 60 auf,
1285 1831 64 51 als
1396 1831 68 51 ich
1507 1831 43 51 in
1581 1833 79 50 Nr.

96 1915 74 49 96
207 1915 81 51 der
329 1915 209 58 „Blätter
569 1915 71 49 für
895 1934 45 30 u.
964 1933 34 31 s.
1032 1934 56 32 w.
1122 1915 88 51 den
1242 1915 181 67 Anfang
1456 1916 82 50 der
1567 1916 63 51 No-

93 1999 146 49 velle:
284 1997 469 60 EineLeonore,
808 2016 86 33 von
926 1999 64 49 E1
1008 1997 87 52 ise
1124 2000 76 49 Po
1216 1999 12 49 1
1249 1999 87 58 ko,
1383 1999 79 59 las,
1496 2018 165 33 wovon

87 2081 108 67 jede
226 2081 124 51 Zeile
381 2081 70 50 die
482 2081 346 52 aulfallendsten
861 2082 355 50 Unwahrheiten
1247 2081 189 61 enthält,
1469 2084 93 49 und
1591 2084 70 50 die

93 2165 238 67 gänzliche
363 2164 423 53 Unbekanntschaft
818 2166 81 50 der
929 2166 282 50 Verfasserin
1244 2166 83 50 mit
1357 2167 304 51 Beethoven's

89 2250 519 51 Lebensverhältnissen
641 2251 93 50 und
755 2250 414 67 Kunstleistungen
1200 2250 220 52 beweis't.
1451 2251 78 50 Ich
1553 2253 109 49 sehe

90 2350 116 50 ganz
237 2333 146 50 davon
416 2333 71 58 ab,
519 2334 103 49 dass
648 2334 265 51 Beethoven
931 2334 144 66 gleich
1098 2334 206 67 Anfangs
1329 2334 64 49 als
1423 2334 70 51 ein
1523 2335 112 51 hoch-

94 2416 327 68 gewachsener
452 2418 140 49 Mann
622 2418 259 66 eingeführt
913 2418 128 57 wird,
1073 2418 220 50 während
1336 2434 49 33 er
1416 2419 117 49 doch
1564 2419 100 49 eine

93 2500 298 68 gedrungene
406 2500 192 60 Gestalt,
631 2500 189 51 beinahe
844 2510 135 41 unter
995 2502 328 66 Mittelgrösse,
1342 2519 109 33 war.
1484 2503 181 49 Höchst

95 2584 240 51 auffallend
381 2585 57 49 ist
482 2584 111 50 aber
637 2585 71 50 die
752 2587 325 66 Behauptung,
1135 2585 104 50 dass
1293 2603 50 32 er
1389 2585 99 51 eine
1534 2587 131 67 Oper

487 2668 60 51 im
579 2669 138 50 Jahre
757 2669 152 51 1822
946 2669 197 50 beendet
1171 2668 129 58 habe,
1326 2669 103 51 dass
1462 2669 69 51 die
1550 2670 86 50 Auf-

95 2752 203 67 führung
330 2752 144 49 durch
508 2753 86 48 den
625 2752 199 67 Abgang
856 2753 123 49 einer
1011 2753 270 66 geeigneten
1324 2754 224 65 Sängerin
1594 2754 72 50 für

96 2837 71 49 die
199 2837 306 67 Hauptpartie
537 2841 257 63 verzögert,
825 2838 92 50 und
951 2837 103 49 dass
1086 2837 153 51 hierzu
1265 2837 400 52 Wilhelmine

98 2921 311 50 Schröder
442 2919 355 68 vorgeschlagen
832 2921 188 50 worden
1051 2921 77 50 sei.

203 3006 99 48 Der
334 3004 155 50 wahre
521 3004 294 50 Sachverhalt
857 3004 57 50 ist
946 3022 108 40 nun,
1097 3004 103 49 dass
1242 3003 70 51 die
1345 3004 156 69 Oper:
1564 3003 79 60 „Fi-

95 3087 132 61 delio,
259 3088 113 51 oder
402 3088 72 50 die
504 3088 202 50 eheliche
968 3090 41 48 in
1042 3090 80 48 der
1166 3097 152 41 ersten
1360 3087 309 67 Bearbeitung

171 3241 34 45 *)
234 3238 108 39 Herr
383 3239 70 38 Dr.
485 3239 44 39 L.
562 3238 389 46 Sonnleithner,
999 3239 91 40 dem
1135 3239 63 40 die
1244 3239 277 40 musicalische
1564 3239 111 39 Welt

230 3312 68 26 vor
327 3301 176 39 Kurzem
534 3301 64 39 die
628 3301 264 40 historischen
922 3301 343 52 Berichtigungen
1308 3302 102 39 über
1448 3301 63 40 die
1540 3301 135 40 Musik

233 3361 258 40 Beethoven's
537 3376 48 25 zu
628 3364 92 38 dem
768 3364 127 39 Ballet
1293 3363 216 40 verdankte
1549 3363 125 50 (siehe

233 3423 135 51 Jahrg.
393 3424 71 39 IV.
492 3425 68 39 Nr.
590 3426 49 38 47
672 3437 92 28 vom
793 3425 64 40 22.
886 3425 99 40 Nov.
1016 3438 35 26 v.
1080 3425 69 51 J.),
1180 3424 290 40 veröffentlicht
1517 3424 39 39 in
1596 3425 78 39 den

238 3485 194 47 „Wiener
461 3486 178 40 Blättern
667 3490 64 36 für
760 3487 135 41 Musik
898 3491 21 16 44
922 3518 9 15 ,
961 3488 135 38 indem
1128 3500 43 26 er
1215 3488 69 38 der
1314 3487 254 39 talentvollen
1597 3486 52 39 No-

236 3548 170 40 vellistin
434 3549 109 39 Elise
573 3551 123 40 Polko
727 3551 117 40 einen
874 3551 116 39 mehr
1019 3551 55 38 als
1103 3550 164 39 kühnen
1298 3549 108 40 Griff
1436 3549 40 39 in
1505 3550 146 39 Beetho-

231 3611 106 38 ven's
368 3611 138 39 Leben
537 3611 70 39 mit
627 3612 379 51 liebenswürdigem
1026 3613 128 38 Zorne
1175 3611 188 47 vorwirft,
1380 3611 116 51 obige
1507 3611 166 39 Notizen

232 3673 98 39 über
359 3672 69 39 das
458 3672 249 41 Historische
736 3675 70 39 der
835 3674 112 51 Oper
978 3674 164 44 Fidelio,
1162 3674 148 38 welche
1341 3674 68 38 das
1440 3673 235 51 allgemeine

228 3735 196 38 Interesse
454 3733 39 39 in
524 3735 216 50 Anspruch
782 3737 174 39 nehmen
1001 3736 83 39 und
1113 3735 185 41 desshalb
1328 3747 78 27 von
1450 3746 74 29 uns
1555 3737 96 38 eben-

230 3796 86 38 falls
345 3794 236 52 mitgetheilt
609 3796 175 42 würden.
830 3797 53 39 Es
913 3797 49 39 ist
990 3797 93 39 sehr
1112 3796 212 40 dankensw
1324 3809 7 11 r
1336 3797 98 47 erth,
1462 3810 118 26 wenn
1610 3798 63 39 die

230 3858 104 38 alten
364 3857 159 40 Herren
554 3858 193 39 zuweilen
790 3857 86 40 ihre
905 3858 265 53 Tagebücher
1215 3860 99 38 über
1358 3858 64 40 die
1451 3860 199 39 musicaali-

235 3919 92 39 sche
358 3919 326 51 Vergangenheit
729 3920 256 51 aufschlagen
1027 3922 82 38 und
1159 3921 64 40 ein
1267 3921 98 40 oder
1408 3922 69 38 das
1526 3923 147 39 andere

229 3981 105 39 Blatt
363 3980 144 39 daraus
536 3980 338 46 veröffentlichen,
902 3982 127 38 zumal
1077 3983 48 38 da
1157 3982 40 40 in
1222 3983 94 51 jene
1347 3983 326 51 Vergangenheit

232 4042 96 40 heut
357 4054 47 27 zu
435 4043 108 50 Tage
573 4054 43 27 so
648 4042 186 39 manches
864 4042 337 53 hineingedichtet
1242 4045 81 39 und
1368 4045 303 51 hineingefaselt

227 4104 112 45 wird,
384 4116 81 27 was
514 4104 95 40 eher
655 4104 102 38 allen
788 4104 176 40 anderen
994 4106 206 48 Zwecken,
1232 4108 56 38 als
1333 4107 70 39 der
1442 4107 224 48 Wahrheit,

228 4165 127 43 dient.
1371 4169 94 42 Die
1495 4170 117 41 Red.

1759 298 47 53 in
1835 298 95 52 drei
1961 298 166 64 Acten,
2158 299 143 52 schon
2332 317 72 33 am
2439 298 92 52 20.
2561 296 262 54 November
2874 297 152 53 1805
3076 297 75 71 (zu
3198 298 125 55 einer

1759 384 113 60 Zeit,
1897 383 56 52 da
1986 384 141 52 Wien
2158 403 88 33 von
2278 386 104 50 dem
2415 384 334 51 französischen
2789 383 157 51 Heere
2987 383 180 52 besetzt
3210 387 115 66 war)

1759 467 59 52 im
1864 468 201 52 Theater
2095 487 56 33 an
2183 470 81 49 der
2295 470 141 52 Wien
2469 468 223 69 gegeben,
2734 467 112 52 nach
2895 467 287 69 dreimaliger
3212 470 86 50 Auf-

1756 551 202 68 führung
1990 552 344 69 zurückgelegt,
2380 553 91 50 und
2521 552 58 51 im
2634 553 139 51 Jahre
2822 551 153 52 1806
3027 551 114 67 (29.
3172 552 148 70 März)

1755 642 138 45 unter
1923 637 104 51 dem
2057 636 118 52 Titel
2547 636 44 51 in
2624 636 111 51 zwei
2771 637 118 50 Acte
2920 652 374 51 zusammengezo-

1756 737 104 50 gen,
1892 721 173 51 wieder
2094 722 44 50 in
2170 722 148 50 Scene
2349 729 177 61 gesetzt
2551 722 174 51 wurde.
2760 722 88 50 Am
2888 720 87 50 10.
3006 720 129 68 April
3166 718 155 52 1806

1755 804 105 52 fand
1893 804 172 53 damals
2097 805 72 51 die
2199 806 139 50 letzte
2380 806 296 67 Aufführung
2713 807 135 49 Statt.
2923 805 84 48 Die
3052 811 123 43 erste
3203 805 92 49 Vor-

1756 889 201 67 stellung
1986 890 81 51 des
2099 890 175 52 sowohl
2307 889 41 50 in
2379 889 80 50 der
2479 889 151 50 Musik
2662 890 63 49 als
2757 889 114 50 auch
2903 889 57 49 im
2987 889 148 49 Texte
3161 887 164 69 (durch

1756 972 233 51 Friedrich
2031 972 287 69 Treitschke)
2359 972 397 69 umgearbeiteten
3107 971 102 51 fand
3262 971 60 51 im

1756 1056 603 52 Kärnthnerthor-Theater
2389 1074 70 32 am
2495 1055 92 51 23.
2619 1058 88 49 Mai
2746 1056 154 50 1814
2936 1056 136 50 Statt.
3097 1056 79 49 Bei
3207 1055 116 51 allen

1756 1140 155 51 diesen
1957 1141 361 68 Vorstellungen
2365 1141 41 49 in
2452 1140 88 51 den
2583 1140 171 51 Jahren
2809 1139 173 61 1805,
3031 1139 153 51 1806
3232 1139 93 52 und

1763 1224 156 52 1814
1966 1225 164 51 wurde
2174 1225 71 51 die
2288 1224 132 51 Rolle
2467 1224 82 51 der
2592 1225 212 48 Leonore
2851 1242 86 33 von
2983 1225 118 48 Frau
3149 1224 171 51 Anna

1755 1308 223 52 Milder
2023 1325 254 53 gesungen,
2332 1309 68 48 für
2445 1308 172 51 welche
2660 1306 199 51 dieselbe
2911 1308 257 67 componirt
3214 1324 112 35 war.

1752 1393 179 51 Ausser
1963 1394 70 50 ihr
2065 1412 95 33 war
2192 1393 110 51 aber
2332 1393 115 49 auch
2480 1392 117 50 noch
2652 1393 120 48 Frau
2822 1392 266 50 Antonia
3123 1392 203 68 Campi

1755 1477 223 67 engagirt,
2010 1478 174 51 welche
2215 1478 43 49 in
2293 1480 214 64 späteren
2537 1475 172 51 Jahren
2735 1475 124 51 diese
2883 1475 131 50 Rolle
3031 1475 143 51 öfters
3199 1492 126 51 sang.

1754 1560 63 51 Es
1846 1560 141 53 fehlte
2014 1563 136 50 somit
2183 1562 283 64 keineswegs
2494 1578 55 32 an
2578 1559 315 67 Sängerinnen
2925 1559 72 50 für
3021 1559 123 51 diese
3160 1560 165 49 Partie.

1916 1646 297 52 Wilhelmine
2255 1644 234 51 Schröder
2531 1643 57 51 ist
2631 1661 73 32 am
2739 1643 50 50 6.
2820 1642 209 51 October
3067 1642 154 51 1805
3271 1662 54 31 zu

1756 1728 248 69 Hamburg
2034 1728 221 69 geboren,
2300 1728 92 50 und
2427 1745 95 33 war
2563 1727 166 66 gerade
2773 1727 129 49 einen
2935 1728 155 48 Monat
3123 1728 91 48 und
3254 1727 69 49 14

1756 1813 127 66 Tage
1915 1813 75 57 alt,
2022 1813 64 51 als
2117 1814 305 50 Beethoven's
2457 1812 129 67 Oper
2627 1828 101 32 zum
2782 1817 153 42 ersten
2968 1811 115 49 Male
3118 1811 207 66 gegeben

1757 1897 177 52 wurde.
1966 1900 63 49 Es
2060 1898 57 51 ist
2149 1898 142 51 daher
2320 1896 126 51 nicht
2478 1913 54 32 zu
2561 1894 319 56 verwundern,
2918 1894 104 50 dass
3074 1912 47 31 er
3156 1894 170 50 damals

1757 1980 125 50 nicht
1896 1981 140 51 daran
2057 1982 178 56 dachte,
2260 1980 70 49 ihr
2354 1978 69 51 die
2438 1977 305 69 Hauptpartie
2758 1986 377 48 anzuvertrauen,
3151 1977 174 50 welche

1759 2065 65 50 sie
1854 2072 95 43 erst
1978 2084 73 33 am
2072 2066 91 51 22.
2182 2062 260 55 November
2475 2061 151 51 1822
2650 2079 101 31 zum
2772 2068 151 42 ersten
2939 2062 118 50 Male
3080 2062 247 51 darstellte.

1886 2148 137 51 Diese
2051 2150 254 49 Irrthümer
2335 2147 42 48 in
2409 2146 287 49 Thatsachen
2729 2145 95 49 sind
2856 2161 50 33 so
2931 2145 130 66 grell,
3094 2145 101 50 dass
3224 2162 103 33 man

1759 2232 212 52 Anstand
2001 2234 197 50 nehmen
2232 2234 186 53 könnte,
2450 2230 63 49 sie
2555 2228 222 51 ernsthaft
2809 2248 51 30 zu
2894 2228 297 69 besprechen.
3254 2230 73 49 Sie

1760 2315 267 52 erscheinen
2060 2316 110 51 aber
2201 2316 70 50 für
2302 2315 79 49 das
2414 2312 253 59 Publicum,
2700 2311 195 50 welches
2930 2312 138 50 derlei
3102 2311 225 69 Angaben

1760 2399 146 50 selten
1937 2400 142 51 näher
2111 2397 287 59 untersucht,
2431 2396 122 51 nicht
2584 2395 308 67 gleichgültig,
2926 2413 131 31 wenn
3092 2414 101 32 man
3240 2396 86 50 den

1761 2482 300 68 ungeheuren
2091 2485 129 65 Weg
2250 2481 275 59 betrachtet,
2558 2479 203 50 welchen
2794 2479 261 49 Beethoven
3104 2480 40 49 in
3176 2480 149 49 seiner

1760 2568 470 66 Kunstentwicklung
2259 2583 102 33 vom
2394 2565 139 50 Jahre
2572 2562 153 51 1805
2763 2561 65 51 bis
2861 2580 102 32 zum
2994 2564 140 48 Jahre
3172 2562 154 51 1822

1761 2650 332 67 zurückgelegt
2126 2651 90 59 hat,
2248 2650 43 50 in
2325 2648 220 50 welchem
2578 2648 221 48 letzteren
2845 2663 49 32 er
2927 2646 167 50 bereits
3134 2648 80 49 mit
3245 2648 81 49 der

1764 2733 314 68 Composition
2111 2735 148 50 seiner
2277 2739 204 44 neunten
2500 2730 201 51 Sinfonie
2720 2730 90 48 und
2845 2729 80 49 der
2956 2730 191 50 zweiten
3179 2731 152 50 Messe

1763 2816 149 69 (beide
1944 2825 155 45 zuerst
2128 2836 70 33 am
2236 2816 50 53 7.
2318 2815 87 51 Mai
2432 2815 152 50 1824
2616 2814 278 66 aufgeführt)
2923 2813 271 68 beschäftigt
3222 2833 108 32 war.

1764 2900 136 51 Seine
1944 2902 455 63 Kunstanschauung
2428 2916 95 31 war
2568 2896 171 51 damals
2785 2914 85 32 von
2911 2896 130 67 jener
3086 2898 57 48 im
3189 2898 141 49 Jahre

1770 2983 156 52 1805
1961 2984 293 51 himmelweit
2285 2982 318 57 verschieden;
2636 2980 92 50 und
2762 2980 122 50 diese
2917 2980 160 50 beiden
3106 2982 221 49 Perioden

1766 3084 58 35 zu
1857 3084 292 50 vermengen,
2180 3068 58 49 ist
2269 3068 69 49 ein
2370 3065 158 50 Frevel
2563 3083 54 31 an
2649 3064 103 50 dem
2785 3081 190 49 grossen
3007 3065 188 49 Meister
3236 3065 92 51 und

1766 3170 56 33 an
1854 3150 81 51 der
1966 3152 419 66 Kunstgeschichte
2417 3148 279 69 überhaupt.

1893 3236 70 49 Da
1994 3234 70 51 ich
2095 3236 141 49 schon
2265 3234 73 50 für
2667 3232 70 48 die
2768 3232 149 48 Feder
2947 3232 211 66 ergriffen
3201 3233 133 60 habe,

1768 3333 53 36 so
1846 3335 107 49 mag
1984 3318 119 51 noch
2133 3318 99 50 eine
2264 3317 177 51 minder
2489 3314 229 51 bekannte
2748 3314 131 50 Notiz
2912 3314 114 51 über
3064 3316 71 48 die
3167 3316 137 50 ander-

1766 3401 215 66 weitigen
2033 3401 370 64 Bearbeitungen
2447 3399 79 50 des
2566 3398 251 50 nämlichen
2861 3399 166 49 Stoffes
3073 3398 94 50 hier
3209 3399 123 50 Platz

1768 3484 169 51 finden.
1998 3486 67 48 Im
2097 3486 142 49 Jahre
2279 3483 153 51 1798
2470 3482 160 51 wurde
2672 3500 52 31 zu
2760 3482 121 49 Paris
2931 3482 237 66 gegeben:

1765 3586 122 42 nore,
1918 3587 59 32 ou
2009 3571 198 48 l'amour
2236 3568 231 68 conjugal,
2508 3585 138 47 opera
2674 3585 52 33 en
2757 3568 110 49 Irois
2908 3577 127 46 uctes,
3074 3570 180 62 paroles
3283 3571 51 47 de

1787 3653 43 49 J.
1910 3652 62 51 N.
2079 3652 206 66 Bouilly,
2549 3652 212 66 musique
3026 3653 54 49 de
3203 3651 131 49 Gavea
2747 3650 138 48 Diese
2918 3648 129 66 Oper
3071 3651 150 63 gefiel,
3240 3651 91 49 und

1768 3735 80 49 der
1892 3736 123 49 Text
2045 3736 163 49 wurde
2238 3736 114 49 nach
2385 3733 175 68 einigen
2593 3733 170 51 Jahren
2810 3750 87 32 von
2941 3732 102 50 dem
3077 3733 251 68 damaligen

1768 3817 513 51 Hoftheater-Secretär
2312 3818 171 68 Joseph
2516 3815 325 52 Sonnleithner
2870 3815 70 48 für
2973 3816 260 51 Beethoven
3265 3817 67 48 ins

1768 3901 251 60 Deutsche,
2051 3902 94 50 und
2177 3920 85 32 von
2295 3902 146 50 einem
2475 3901 333 65 Ungenannten
2841 3899 68 48 für
2940 3899 245 50 Fernando
3218 3901 116 48 Paer

1764 3985 67 51 ins
1878 3985 286 51 Italiänische
2212 3985 248 51 übersetzt.
2532 3985 153 47 Paer's
2732 3982 155 68 Oper:
2946 3984 221 58 Lconora,
3217 3986 117 48 ossia

1764 4071 185 50 l'amore
1975 4070 251 67 conjugale,
2262 4070 158 51 wurde
2453 4086 54 31 zu
2539 4067 209 50 Dresden
2781 4067 57 49 im
2870 4066 138 50 Jahre
3035 4066 151 51 1805
3222 4067 112 68 (also

1769 4151 284 70 gleichzeitig
2083 4154 81 51 mit
2196 4153 310 52 Beethoven's
2539 4150 187 67 Fidelio)
2761 4150 90 49 und
2884 4153 154 64 später
3066 4168 69 31 am
3171 4150 48 52 8.
3248 4153 56 49 Fe-
