3230 4572
936 469 167 50 Ernst
1466 469 93 57 Scßwaßacß,
1560 470 223 51 Das
1978 467 94 49 der
2095 465 152 51 Ließe

2541 465 91 47 263

1338 672 355 60 Octavian

472 766 274 78 Traurig?
794 764 187 64 Nein!
1032 764 274 62 Warum!
1349 766 149 59 Man
1540 764 97 61 hat
1677 764 139 60 nicht
1857 772 194 51 immer
2091 762 157 59 Lust,
2293 762 86 59 Es
2422 759 213 62 kommt

402 865 165 61 schon
607 859 228 63 wieder.

1410 952 211 60 Karo!

472 1050 218 61 Meinst
715 1047 135 61 Du?
883 1046 81 61 Ich
1001 1045 158 61 freue
1192 1046 152 69 mich,
1380 1045 108 60 daß
1523 1045 74 60 ich
1631 1045 138 60 Dich
1802 1044 275 77 getroffen
2110 1041 162 62 habe.
2308 1041 150 61 Man
2492 1040 142 62 sieht

394 1144 137 60 Dich
573 1164 99 55 gar
713 1139 259 77 nirgends
1014 1138 171 62 mehr,
1228 1136 223 61 Früher
1491 1136 182 61 kamst
1712 1136 102 60 Du
1856 1135 213 61 abends
2111 1159 133 37 zum
2276 1134 198 70 Wein,
2516 1133 118 62 und

395 1235 348 82 plaudertest
783 1243 97 51 mit
921 1233 109 60 den
1071 1232 325 61 Künstlern,
1446 1230 166 61 Aber
1660 1239 106 52 seit
1805 1230 102 61 Du
1957 1239 125 52 eine
2123 1229 157 61 Frau
2331 1228 145 71 hast,
2524 1227 110 63 bist

395 1332 101 58 Du
539 1329 109 61 den
690 1326 306 62 Freunden
1035 1326 259 61 verloren
1336 1347 305 56 gegangen.

1338 1467 62 61 O
1413 1475 270 51 ctavian

472 1564 148 60 Eine
663 1578 136 63 gute
840 1562 159 59 Frau
1040 1569 70 52 ist
1150 1559 157 61 mehr
1348 1576 142 44 wert
1529 1559 82 60 als
1653 1558 106 61 alle
1806 1558 317 77 geistreiche
2164 1555 385 63 Gesellschaft.

1397 1715 211 63 Karo!

470 1815 82 59 Ich
587 1813 215 61 möchte
837 1812 108 61 den
982 1811 169 62 Geist
1190 1811 139 59 nicht
1369 1820 226 59 missen,
1636 1807 235 62 obzwar
1910 1808 75 60 ich
2029 1807 135 61 auch
2205 1816 125 52 eine
2370 1804 258 63 herrliche

397 1906 261 62 Geliebte
699 1905 161 62 habe.
905 1905 101 61 Du
1039 1903 163 61 trafst
1232 1903 134 60 mich
1407 1902 108 60 auf
1548 1901 129 62 dem
1708 1901 192 76 Wege
1933 1924 74 37 zu
2041 1900 97 62 ihr.
2183 1900 96 62 Sie
2312 1898 98 61 hat
2434 1897 190 62 heißes

390 2000 130 60 Blut
560 1999 117 61 und
718 1997 165 61 kühle
924 1997 177 60 Haut,

1326 2105 348 61 Octavian

469 2202 103 60 Du
618 2202 228 77 sprichst
877 2223 116 37 von
1026 2198 331 62 Katharina,
1400 2199 61 60 In
1503 2198 99 61 der
1634 2193 127 65 Tat,
1799 2196 95 62 Sie
1926 2206 70 50 ist
2020 2196 423 60 wunderschön.
2482 2194 142 61 Und

389 2319 131 37 man
563 2292 262 62 beneidet
861 2293 139 60 Dich
1042 2316 96 36 um
1180 2301 95 51 sie,

1394 2414 217 61 Karo!

465 2509 272 60 Obschon
772 2517 81 51 sie
886 2508 132 58 mich
1051 2507 129 59 sehr
1211 2507 110 61 viel
1354 2507 200 61 kostet.
1583 2508 81 60 Ich
1689 2507 146 59 habe
1861 2505 340 77 ihretwegen
2227 2504 174 78 große
2427 2504 163 61 Schul-

388 2603 108 60 den
536 2602 261 76 gemacht.

1330 2707 62 60 O
1405 2717 273 50 ctavian

465 2800 100 60 Du
585 2798 303 62 Schulden?
905 2798 151 59 Was
1090 2798 165 60 tut's?
1287 2799 101 58 Du
1421 2798 202 60 kannst
1655 2809 80 51 sie
1768 2799 291 68 bezahlen,
2093 2799 74 59 da
2192 2799 102 59 Du
2326 2799 138 59 reich
2491 2798 124 62 bist,

1392 2937 211 60 Karo!

459 3030 166 60 Mein
665 3029 185 59 Vater
889 3036 70 51 ist
997 3029 154 58 reich.
1195 3027 125 61 Das
1363 3036 70 51 ist
1472 3029 139 58 nicht
1651 3027 275 61 dasselbe,

1315 3167 61 61 O
1390 3176 273 51 ctavian

459 3261 183 60 Doch!
686 3260 172 59 Denn
899 3259 101 60 Du
1040 3267 157 52 wirst
1236 3259 91 59 ihn
1369 3259 259 62 beerben.

1394 3399 210 60 Karol

461 3492 98 61 Zu
592 3501 191 52 seinen
814 3492 301 61 Lebzeiten
1156 3493 156 70 nicht,
1353 3492 117 61 und
1510 3515 59 38 er
1609 3492 143 61 wird
1791 3493 133 60 mich
1968 3492 372 62 überdauern.
2385 3495 87 59 Er
2514 3493 99 63 hat

379 3595 133 67 jung
552 3585 318 77 geheiratet.
922 3586 87 61 Es
1051 3596 69 51 ist
1169 3586 519 61 unverantwortlich
1736 3610 117 37 von
1893 3586 224 62 Vätern
2167 3586 317 78 gehandelt,
2542 3612 68 36 so

378 3679 123 60 früh
545 3679 215 61 Kinder
800 3689 53 51 in
896 3679 89 61 die
1024 3679 163 61 Welt
1225 3703 73 38 zu
1340 3695 207 45 setzen,

1314 3821 346 61 Octavian

458 3913 234 63 Gewiß!
737 3914 165 62 Aber
941 3915 124 62 lebe
1105 3939 116 37 nun
1261 3914 169 62 wohl.
1474 3915 81 60 Ich
1597 3914 113 62 will
1749 3924 211 52 meiner
1998 3915 160 61 Frau
2200 3932 291 61 entgegen.
