3270 4572
1046 464 319 51 Erik*Ernst
1391 455 304 56 Scßwaßacß,
1732 455 115 51 Das
1879 451 347 64 Puppenspief
2239 450 91 48 der
2357 447 153 51 Ließe

647 467 98 49 258

1674 657 194 61 Uriel

654 768 98 61 Sie
792 782 82 44 tat
913 773 101 50 mir
1054 761 181 61 nichts.
1280 757 81 61 Ich
1402 754 157 62 stehe
1604 752 139 61 über
1784 750 84 61 ihr

655 859 117 61 und
811 859 250 60 kümmre
1102 854 131 61 midi
1277 851 108 60 den
1428 848 182 61 Dreck
1653 869 96 36 um
1790 844 210 59 Brunst
2039 840 120 61 und
2198 840 249 60 Küssen,

655 953 159 61 Doch
856 950 132 60 midi
1028 956 308 53 verstimmt
1378 942 99 59 das
1521 940 183 76 ew'ge
1746 936 442 68 Sehenmüssen,

656 1055 111 50 wie
807 1042 307 62 Mensdien
1154 1062 75 37 zu
1271 1036 127 60 dem
1442 1033 235 61 Götzen
1718 1030 174 61 Liebe
1934 1028 182 61 beten.

659 1137 141 62 Und
840 1137 89 60 er?
971 1135 97 61 Ihn
1110 1133 195 68 freuts,
1350 1137 81 52 sie
1472 1136 56 51 in
1569 1126 110 61 den
1722 1123 181 62 Staub
1945 1147 74 36 zu
2060 1137 197 45 treten.

1530 1251 141 60 Der
1712 1246 307 80 Jüngling

656 1356 140 61 Wie
835 1353 146 61 kann
1022 1350 74 61 idi
1138 1349 224 60 Deinen
1404 1344 209 62 wilden
1655 1343 252 61 Worten
1948 1338 274 80 glauben?

658 1450 149 62 Midi
849 1447 115 61 hält
1003 1444 89 61 die
1134 1442 314 62 Sehnsucht
1491 1438 118 62 und
1651 1437 90 61 die
1782 1434 171 61 Liebe
1994 1444 150 67 jung,

1686 1559 193 63 Uriel

656 1668 82 61 Ich
778 1664 111 62 will
931 1663 105 61 Dir
1077 1662 188 61 Deine
1305 1659 306 61 Illusionen
1652 1653 236 70 rauben,

656 1759 117 63 und
813 1758 213 61 Deiner
1065 1754 188 63 Ideale
1294 1752 175 62 tollen
1512 1751 296 73 Sdiwung,

658 1855 106 61 Dir
804 1851 144 71 sind,
989 1850 127 61 weil
1159 1847 324 69 unerreicht,
1526 1843 139 61 noch
1707 1841 104 62 süß
1854 1839 89 61 die
1983 1833 286 66 Trauben,

1539 1970 140 59 Der
1719 1965 305 80 Jüngling

659 2072 140 62 Wie
839 2069 168 63 willst
1045 2069 103 60 Du
1188 2076 102 50 mir
1332 2064 102 61 das
1479 2060 303 79 Gegenteil
1823 2060 305 66 beweisen,

663 2175 109 52 wie
811 2162 318 64 Liebeslust
1171 2170 53 50 in
1263 2157 317 62 Leideslast
1619 2152 340 65 verkehren?

1693 2276 193 63 Uriel

665 2384 88 61 Es
793 2380 145 64 wird
978 2380 139 60 nicht
1158 2378 210 61 schwer
1408 2384 139 61 sein.
1589 2373 140 61 Dich
1771 2368 173 63 herab
1986 2392 74 37 zu
2100 2365 187 61 reißen

668 2502 105 37 aus
815 2477 226 61 Deinen
1083 2471 306 62 dichterisch
1431 2466 446 82 phantast'sdien
1920 2460 270 80 Sphären.

670 2571 115 61 Ein
827 2567 153 80 Spiel
1022 2566 104 62 soll
1166 2576 133 66 jetzt
1337 2587 108 37 vor
1484 2562 226 60 Deinen
1751 2558 216 75 Augen
2008 2554 287 66 flimmern,

670 2688 97 38 wo
807 2661 319 62 Liebeslust
1164 2683 132 37 zum
1337 2652 356 65 Totentänze
1735 2650 158 71 wird,

672 2755 118 64 und
830 2755 92 70 da,
964 2777 96 37 wo
1102 2749 403 63 Frauenleiber
1545 2745 176 77 seidig
1763 2745 340 66 schimmern.

672 2850 114 63 Ein
828 2844 409 65 Totenschädel
1279 2867 106 38 nur
1426 2866 132 38 zum
1600 2840 196 61 Kusse
1836 2847 146 67 girrt.

672 2944 174 61 Dann
887 2941 176 62 sinkst
1102 2939 102 61 Du
1244 2962 106 37 aus
1392 2937 109 61 den
1542 2934 223 61 Armen
1807 2939 154 52 eines
1995 2925 242 64 Weibes

674 3048 53 51 in
768 3046 182 52 meine
989 3036 205 68 Arme,
1237 3032 99 61 der
1376 3032 75 60 ich
1492 3028 175 61 Liebe
1710 3026 186 68 hasse,

675 3131 117 61 und
832 3131 209 60 schützt
1081 3151 106 37 vor
1229 3126 81 61 ihr
1352 3125 89 59 die
1482 3123 228 60 Anmut
1751 3120 216 59 Deines
2008 3115 219 60 Leibes.

677 3224 116 63 Gib
835 3224 136 70 acht,
1012 3230 109 52 wie
1163 3221 75 60 ich
1281 3219 90 61 die
1411 3217 233 78 Puppen
1686 3211 212 80 spielen
1940 3210 164 61 lasse.

679 3318 95 62 Sie
815 3316 105 61 alle
961 3314 126 62 sind
1126 3313 116 62 voll
1282 3313 145 59 Lust
1468 3308 118 62 und
1625 3305 427 67 Liebessinnen,

679 3410 141 61 Und
860 3408 195 63 wilder
1093 3408 225 61 Brunst,
1361 3404 151 62 Nun
1553 3423 129 55 mag
1724 3399 101 60 das
1869 3396 153 79 Spiel
2062 3395 294 76 beginnen.

1395 3529 98 48 Der
1523 3521 542 59 Zwischenaktvorhang
2098 3518 115 51 fällt.
