3240 4572
639 424 94 50 230

1014 431 135 51 Max
1178 432 198 59 scftefer,
1424 435 230 51 Versuctie
1685 442 135 44 einer
2186 442 90 49 des
2306 441 75 50 Le
2382 441 121 51 Bens

637 633 77 61 ob
764 634 142 61 eben
953 644 154 68 jener
1145 632 123 66 Teil
1316 637 99 61 des
1466 637 249 73 Geistes,
1766 639 109 63 den
1925 652 104 52 wir
2068 643 295 66 Verstand
2410 675 240 49 nennen,
2701 656 174 63 über*

637 726 178 81 haupt
863 728 147 62 dazu
1060 729 245 78 befähigt
1352 740 84 52 ist.
1489 731 140 62 Sind
1668 732 90 63 die
1806 733 417 82 Kategorien
2266 742 183 64 dieses
2492 746 377 76 Verstandes,

636 821 91 62 die
759 822 289 78 Inbegriffe
1086 848 116 36 von
1241 823 348 73 Relationen,
1625 826 104 62 das
1771 827 162 64 Netz
1965 830 101 63 des
2100 832 441 79 Medianismus,
2582 849 54 53 in
2678 842 91 63 die
2810 868 61 38 er

634 922 56 54 in
732 915 98 61 der
862 915 403 63 Wissenschaft
1306 917 98 61 der
1442 934 157 46 toten
1633 920 163 62 Weh
1837 922 89 63 die
1967 920 312 70 Tatsachen
2330 930 99 62 der
2468 934 399 82 Beobachtung

632 1008 266 78 einfängt,
947 1019 56 67 ja
1041 1018 80 53 sie
1161 1027 113 44 erst
1320 1036 72 35 zu
1441 1015 550 64 wissenschaftlichen
2031 1014 313 71 Tatsachen
2392 1027 277 76 gestaltet,
2717 1053 147 55 ganz

632 1100 141 63 oder
818 1126 133 37 zum
999 1098 122 66 Teif
1168 1126 105 38 nur
1329 1104 123 60 auf
1494 1104 241 65 Grund
1790 1132 117 38 von
1963 1112 340 78 praktischen
2359 1117 352 67 Reaktionen
2762 1124 100 63 des

628 1194 221 61 Lebens
897 1194 109 61 auf
1044 1204 153 52 seine
1238 1196 256 63 Umweh
1542 1208 74 52 im
1664 1201 311 64 Menschen
2022 1208 331 75 geworden,
2411 1236 67 37 so
2528 1223 71 53 ist
2646 1240 75 37 zu
2769 1241 94 38 er*

627 1303 233 55 warten,
902 1287 108 62 daß
1052 1288 210 62 diesem
1302 1284 397 88 Teilgeschöpf
1739 1295 99 62 des
1889 1300 371 62 universellen
2302 1303 222 65 Lebens
2575 1310 287 62 innerhalb

625 1404 106 37 nur
794 1390 181 53 einer
1029 1391 181 52 seiner
1264 1383 742 86 Entwicklungsrichtungen
2080 1394 101 62 das
2246 1396 193 64 Leben
2505 1401 174 63 selbst
2744 1406 118 61 und

623 1472 173 61 damit
826 1474 135 61 auch
994 1484 117 52 sein
1138 1485 221 69 eigener
1386 1477 238 80 Urquell
1648 1484 385 63 verschlossen
2067 1488 117 61 und
2215 1494 400 62 transzendent
2638 1495 220 65 bleiben

620 1577 207 52 müsse.
871 1568 60 59 In
973 1566 210 64 diesem
1216 1569 160 63 Falle
1417 1574 231 62 müßten
1688 1585 157 52 seine
1876 1578 348 80 Kategorien
2268 1584 115 61 und
2416 1587 335 80 Handgriffe
2784 1616 73 37 an

618 1659 99 61 der
756 1660 352 78 Eigennatur
1149 1663 183 63 dieser
1370 1665 243 65 Realität
1652 1672 342 79 zersplittern
2137 1677 118 61 und
2295 1702 107 38 nur
2443 1690 87 53 ein
2574 1684 284 64 anderer

615 1752 173 79 Weg,
844 1762 124 55 eine
1025 1754 100 63 der
1171 1757 393 81 Bewegungs*
1619 1763 118 61 und
1785 1763 289 66 Werdens
2087 1785 102 46 art
2245 1771 99 62 des
2401 1773 223 65 Lebens
2682 1777 175 64 selbst

611 1845 290 78 gleichsam
942 1847 349 80 kongeniale,
1333 1853 288 79 flüssigere
1655 1856 447 82 Bewegungsart
2135 1862 99 63 des
2270 1864 232 66 Geistes
2535 1872 318 63 vermöchte

614 1938 98 63 der
744 1940 336 81 Entfaltung
1121 1944 99 62 des
1255 1946 223 64 Lebens
1512 1950 109 61 auf
1645 1960 183 55 seiner
1857 1954 554 81 Entwicklungslinie
2445 1964 405 63 nachzulaufen

611 2032 117 61 und
783 2035 107 61 sich
947 2035 84 62 ihr
1085 2039 544 81 nachzuschwingen.
1688 2045 113 62 Als
1852 2041 344 85 Teilgebilde
2246 2052 99 63 des
2396 2064 161 54 einen
2605 2058 242 74 Lebens,

611 2125 101 62 das
746 2137 103 52 wir
881 2129 143 71 sind,
1058 2132 135 60 muß
1226 2134 136 60 auch
1396 2135 110 60 auf
1531 2135 128 63 dem
1693 2137 390 82 Quellpunkte
2118 2168 306 51 unseres,
2459 2148 99 64 des
2591 2154 254 60 mensch*

608 2218 167 63 liehen
810 2220 233 65 Geistes
1078 2232 124 53 eine
1232 2226 178 62 Reihe
1442 2251 118 38 von
1587 2229 223 79 Spuren
1845 2233 115 61 und
1988 2233 423 81 Quellpunkten
2445 2241 71 62 all
2551 2243 99 61 der
2682 2269 166 39 man*

608 2313 317 80 nigfaltigen
958 2316 252 64 Formen
1243 2319 100 61 des
1377 2321 393 66 Bewußtseins
1804 2327 135 60 noch
1973 2330 329 63 vorhanden
2344 2342 137 64 sein,
2523 2336 89 62 die
2651 2339 194 63 Leben

608 2405 317 82 überhaupt
973 2419 54 52 in
1076 2420 193 53 seinen
1319 2413 360 79 divergenten
1719 2417 590 84 Entwicklungslinien
2359 2436 55 52 in
2452 2429 224 63 Pflanze
2727 2435 118 61 und

605 2493 135 68 Tier
787 2501 242 78 gebildet
1070 2502 124 75 hat,-
1232 2514 82 53 sie
1354 2507 125 61 sind
1518 2514 325 58 versteckt
1883 2513 164 62 durch
2090 2516 108 63 den
2240 2518 312 76 Verstand,
2594 2524 100 62 der
2735 2526 104 63 das

601 2586 151 67 Tote
793 2594 319 76 berechnet,*
1150 2598 136 62 aber
1325 2609 81 53 sie
1446 2601 124 63 sind
1602 2604 265 62 vielleicht
1906 2632 74 37 zu
2014 2613 223 61 wecken
2279 2614 119 61 und
2438 2626 99 52 mit
2576 2617 113 63 ihm
2730 2645 104 36 zur

599 2684 232 65 Einheit
878 2698 151 53 eines
1079 2687 551 72 Totalbewußtseins
1679 2722 75 38 zu
1801 2703 432 75 verschmelzen,
2292 2707 103 63 das
2455 2711 202 62 »durch
2716 2723 127 52 eine

592 2778 130 75 jähe
761 2780 441 83 Rückwendung
1239 2810 178 54 gegen
1459 2788 107 62 den
1606 2789 373 78 Lebensstoß,
2029 2796 109 63 den
2186 2822 62 40 es
2292 2800 179 64 hinter
2518 2806 105 60 sich
2675 2806 160 72 fühlt,

592 2895 116 38 von
749 2872 111 62 ihm
895 2885 142 62 eine,
1079 2901 165 38 wenn
1279 2881 135 61 auch
1448 2881 364 67 dämmernde
1845 2882 381 71 Totalansicht
2266 2895 262 79 erlangen
2561 2897 264 66 könnte.«

591 2965 81 62 So
707 2966 122 62 also
862 2970 134 61 muß
1029 2970 562 68 Erkenntnistheorie
1633 2979 116 61 und
1781 2980 442 68 Lebenstheorie
2265 2996 55 52 in
2353 2989 58 61 E
2420 2999 169 53 inem
2632 3009 201 47 unter*

589 3083 261 39 nommen
884 3064 249 72 werden,
1177 3066 116 62 und
1334 3068 163 63 beide
1539 3081 229 53 müssen
1810 3075 107 61 sich
1958 3089 343 70 gegenseitig
2340 3084 105 61 in's
2480 3084 349 66 Unendliche

586 3159 509 62 vorwärtstreiben.
1158 3160 236 65 Gerade
1443 3164 156 62 darin
1650 3165 223 65 besteht
1921 3169 101 64 das
2073 3173 181 63 Neue
2304 3175 183 64 dieser
2533 3179 295 64 Problem*

583 3247 256 80 Stellung,
874 3250 110 63 daß
1017 3252 251 80 Bergson
1304 3266 97 52 mit
1434 3258 294 64 äußerster
1761 3261 226 64 Schärfe
2020 3266 109 62 den
2162 3267 229 65 Zirkel
2434 3271 248 73 erkennt,
2725 3276 101 61 der

581 3348 55 52 in
663 3341 107 62 den
797 3342 311 81 bisherigen
1127 3347 330 65 Versuchen
1478 3361 152 52 einer
1654 3356 1163 87 entwicklungsgeschichtlich*biologischen

580 3432 311 83 Ableitung
933 3438 98 63 der
1070 3440 319 80 Intelligenz
1431 3469 48 37 z,
1516 3446 62 62 B,
1624 3446 165 62 durch
1822 3450 249 63 Herbert
2104 3452 254 80 Spencer
2397 3457 231 79 gelegen
2671 3485 158 50 war,*

581 3527 113 61 und
744 3530 107 62 den
904 3532 88 63 die
1050 3534 298 64 deutschen
1399 3537 226 64 Schüler
1666 3540 185 63 Kants
1909 3553 117 59 <am
2076 3545 242 65 klarsten
2367 3551 196 80 Aloys
2613 3555 209 73 Riehl),

578 3619 201 64 dessen
812 3624 180 63 Lehre
1032 3652 137 38 vom
1201 3630 237 79 Apriori
1472 3633 256 78 Spencer
1763 3636 464 67 »überwunden«
2266 3667 75 37 zu
2374 3643 184 63 haben
2593 3658 223 62 meinte,

577 3723 103 51 seit
719 3715 216 80 langem
977 3722 234 62 erkannt
1250 3723 200 65 haben.
1494 3727 151 62 Eine
1685 3733 445 79 gattungsmäßig
2165 3737 331 63 erworbene
2530 3741 117 61 und
2679 3766 136 38 ver*

577 3805 153 63 erbte
784 3809 353 84 Anpassung
1197 3841 71 37 an
1326 3818 108 62 den
1484 3819 606 70 Naturmechanismus
2147 3827 170 63 kann
2377 3831 100 62 der
2516 3833 295 66 Verstand

577 3897 197 63 darum
815 3904 136 60 nicht
991 3917 137 61 sein,
1179 3910 73 60 da
1291 3921 154 67 jener
1483 3913 443 77 Mechanismus,
1968 3920 109 62 den
2119 3945 61 38 er
2221 3922 179 65 hinter
2439 3926 90 64 die
2570 3929 239 63 Sinnes*
