3197 4572
961 414 134 50 Max
1121 410 198 55 SSeßer,
1364 404 229 55 Verstieße
1624 410 137 44 einer
1785 400 311 61 PßiCosopßie
2125 399 89 50 des
2245 398 196 51 Leßens

589 419 96 50 206

594 623 221 67 zurück,
849 619 108 60 daß
998 640 60 37 er
1097 615 102 60 das
1243 610 279 69 »Leben«,
1557 606 100 60 das
1700 628 66 37 so
1799 602 220 79 größer,
2052 601 342 78 gewaltiger,
2429 600 393 62 umfassender

595 727 193 51 immer
828 734 105 39 vor
973 718 208 53 seinem
1213 700 412 65 verzehrenden
1661 698 216 62 Suchen
1917 695 313 70 aufwuchs,
2272 695 136 58 auch
2451 704 211 51 seinem

609 807 271 79 logischen
920 803 138 62 Sinn
1098 799 130 61 nach
1276 818 111 38 neu
1435 793 357 77 konzipierte.
1851 790 106 70 Er,
2006 788 99 61 der
2154 811 118 38 von
2312 786 254 77 Biologie
2617 811 66 36 so
2733 803 100 60 gut

603 910 109 50 wie
753 898 165 61 nichts
964 891 280 69 verstand,
1373 911 58 37 er
1461 908 122 37 war
1616 886 136 59 doch
1788 883 297 77 derjenige,
2127 880 99 64 der
2268 880 89 60 die
2390 878 312 62 Falschheit
2737 879 97 61 der

598 993 124 60 Ur*
771 990 114 61 und
937 983 545 77 Grundkonzeption
1531 978 101 61 des
1682 977 237 77 größten
1958 971 191 64 Teiles
2198 973 100 61 der
2345 973 312 61 modernen
2704 973 98 60 bio-

597 1085 269 77 logischen
900 1075 408 66 Wissenschaft
1338 1074 116 59 klar
1487 1071 289 61 erkannte:
1812 1070 118 61 klar
1963 1068 117 61 und
2192 1067 348 76 ohnmächtig
2571 1066 263 77 zugleich,

597 1178 116 61 hier
752 1175 227 61 Rechtes
1021 1194 71 37 an
1134 1169 89 59 die
1263 1166 173 62 Stelle
1484 1165 101 60 des
1627 1164 271 61 Falschen
1947 1187 75 36 zu
2063 1178 224 54 setzen,-
2337 1160 147 61 denn
2535 1159 148 61 dazu
2733 1183 66 53 ge-

597 1270 156 60 brach
810 1267 110 59 ihm
979 1264 100 60 das
1133 1261 234 61 Wissen
1425 1258 116 61 und
1599 1258 91 59 die
1745 1255 311 79 Begabung
2112 1278 103 37 zur
2262 1253 428 61 Wissenschaft.
2751 1253 86 59 Er

597 1362 119 68 sah,
769 1359 107 60 daß
917 1358 240 60 Darwin
1209 1352 114 62 und
1373 1352 254 78 Spencer
1679 1350 90 61 die
1821 1348 415 62 »Aktivität«
2290 1347 128 61 dem
2466 1345 194 61 Leben
2710 1362 128 44 enfc*

599 1453 225 61 wendet
870 1451 198 59 hätten,
1129 1448 250 78 Spencer
1428 1446 251 59 definiert
1724 1444 193 60 Leben
1967 1443 81 60 als
2103 1442 454 77 »Anpassung
2616 1449 222 51 innerer

598 1545 391 75 Beziehungen
1025 1565 71 36 an
1130 1541 267 68 äußere«,
1439 1538 116 60 und
1590 1561 67 37 so
1694 1537 173 60 findet
1897 1536 325 70 Nietzsche,
2265 1533 110 61 daß
2408 1533 170 61 bloße
2615 1532 226 62 »Reak*

603 1648 210 50 tivität«
858 1660 73 36 an
974 1634 171 62 Stelle
1187 1631 438 80 ursprünglicher
1658 1630 286 61 Aktivität
1982 1645 216 61 gesetzt
2237 1627 158 61 wird.
2438 1627 168 60 Aber
2645 1626 193 61 Leben

603 1740 67 52 ist
719 1730 137 60 nicht
904 1744 198 53 etwas,
1153 1726 101 61 das
1305 1726 106 60 sich
1458 1725 279 77 »anpaßt«
1790 1722 140 61 oder
1982 1722 349 79 »angepaßt«
2376 1721 157 60 wird,
2585 1720 253 69 Leben,

602 1824 99 60 das
744 1832 69 50 ist
843 1820 276 62 vielmehr
1159 1829 123 51 eine
1314 1814 274 65 Tendenz
1621 1841 102 36 zur
1759 1815 363 78 Gestaltung,
2163 1838 102 38 zur
2297 1814 313 76 Formung,
2651 1823 54 67 ja
2737 1837 104 35 zur

609 1916 460 63 herrschaftlichen
1086 1913 469 76 Überwältigung
1581 1921 154 52 eines
1759 1910 315 61 Materials,
2110 1909 113 61 Die
2250 1909 287 61 einzelnen
2556 1907 286 77 Organist

604 2034 125 36 men
772 2008 117 61 und
920 2009 193 60 Arten
1149 2007 183 61 haben
1370 2004 420 63 »Umwelten«.
1834 2003 166 61 Aber
2041 2002 171 61 deren
2245 2001 334 62 Strukturen
2621 1999 124 63 sind
2786 2009 53 51 in

604 2103 107 60 den
754 2101 546 76 Sonderrichtungen
1343 2098 99 61 des
1484 2107 55 51 in
1581 2097 165 60 ihnen
1788 2096 359 61 strömenden
2188 2095 222 61 Lebens
2451 2117 120 37 vor
2580 2092 256 79 gebildet.

592 2196 222 61 Leben
936 2195 101 60 das
1082 2204 68 51 ist
1194 2194 90 59 für
1314 2192 306 61 Nietzsche
1663 2200 73 51 im
1769 2190 292 60 Kleinsten
2103 2190 117 60 und
2254 2189 262 61 Größten
2557 2210 68 37 so
2659 2204 178 43 etwas

594 2298 109 51 wie
745 2297 88 52 ein
875 2286 374 78 waghalsiges
1284 2283 448 69 Unternehmen,
1775 2293 88 49 ein
1896 2281 471 79 metaphysisches
2406 2280 432 67 »Abenteuer«,

599 2390 88 51 ein
729 2380 214 60 kühner
975 2379 265 61 Vorstoß
1282 2388 54 51 in
1367 2377 431 77 Möglichkeiten
1834 2375 99 60 des
1968 2375 181 69 Seins,
2192 2374 89 61 die
2315 2375 104 60 sich
2455 2389 115 45 erst
2602 2383 72 51 im

597 2474 182 75 lingen
821 2497 74 36 zu
946 2482 181 51 einem
1169 2472 134 61 Sein
1343 2471 271 77 gestalten
1743 2493 74 37 zu
1860 2469 146 69 dem,
2047 2492 122 37 was
2221 2468 150 60 dann
2423 2468 105 58 alle
2577 2465 264 78 mögliche

604 2566 478 61 »Wissenschaft«
1126 2566 313 59 betrachtet,
1481 2563 191 61 Leben
1801 2562 100 61 das
1943 2571 70 52 ist
2053 2562 99 61 der
2193 2562 116 61 Ort
2347 2585 122 37 vor
2510 2559 129 61 dem
2683 2559 156 70 Sein,

702 2683 71 35 an
816 2657 127 61 dem
986 2658 105 60 sich
1134 2657 156 62 Sein
1341 2656 115 61 und
1496 2657 289 60 Nichtsein
1834 2653 250 63 allererst
2132 2653 347 63 entscheidet.
2544 2653 127 60 Das
2714 2652 125 60 Bild

611 2751 97 61 der
755 2751 275 70 Flamme,
1088 2750 172 61 deren
1308 2750 260 76 Züngeln
1618 2765 113 45 erst
1785 2749 89 59 die
1925 2747 230 63 Gestalt
2211 2746 354 71 entscheidet,
2624 2746 87 60 die
2761 2755 80 51 sie

599 2845 127 61 dem
752 2845 134 60 Betr
903 2846 179 59 achter
1113 2844 186 70 bietet,
1333 2845 131 60 liebt
1496 2867 59 38 er
1587 2853 97 51 mit
1717 2843 127 61 dem
1878 2841 222 61 antiken
2133 2840 285 70 Freunde,
2458 2850 98 52 mit
2587 2839 258 61 Heraklit

600 2939 107 60 auf
743 2938 101 61 das
882 2938 341 77 Unsagbare
1263 2937 407 61 anzuwenden.
1714 2935 142 61 Und
1897 2944 109 51 wie
2047 2935 131 71 ihm,
2212 2944 70 52 ist
2321 2937 139 59 auch
2502 2934 339 61 Nietzsches

595 3032 193 60 letztes
849 3031 179 62 Wort
1072 3031 329 61 »Werden«
1455 3029 117 61 und
1620 3053 156 37 zwar
1823 3029 336 63 werdendes
2208 3029 193 61 Leben
2452 3028 140 61 oder
2649 3027 194 61 besser

605 3125 210 69 Leben,
858 3125 101 61 das
1000 3149 144 53 ganz
1181 3125 330 61 »Werden«
1549 3133 84 53 ist.
1677 3123 143 61 Und
1853 3126 402 73 ebensowenig
2288 3132 70 51 ist
2381 3121 223 61 Leben
2639 3130 204 69 primär

608 3217 617 78 »Daseinserhaltung«
1356 3226 80 52 sei
1479 3240 60 38 es
1581 3216 364 71 IndividuaL,
1989 3226 80 51 sei
2110 3239 61 38 es
2203 3213 428 78 Arterhaltung.
2676 3213 167 60 Auch

602 3311 151 60 diese
785 3310 309 62 Definition
1127 3321 80 51 sei
1240 3310 317 79 Fälschung
1591 3310 100 61 des
1724 3310 501 77 Lebensbegriffes,
2268 3309 222 61 Leben
2606 3306 118 61 das
2758 3316 85 51 ist

599 3403 264 62 vielmehr
918 3413 127 51 eine
1092 3399 273 66 Tendenz
1413 3428 103 36 zur
1564 3403 337 77 Steigerung
1949 3403 144 61 ihrer
2141 3401 192 72 selbst,
2382 3418 200 52 etwas,
2640 3399 203 61 dessen

603 3494 260 62 Werden
919 3498 134 58 auch
1105 3498 165 60 schon
1317 3521 117 37 von
1483 3497 206 61 Hause
1737 3521 105 37 aus
1891 3495 288 63 Wachsen
2229 3504 69 52 ist
2345 3494 120 61 und
2521 3503 62 52 in
2632 3493 213 61 diesem

607 3588 283 61 Wachsen
933 3606 114 44 erst
1080 3589 445 78 Einverleibung
1558 3600 152 50 eines
1743 3589 317 63 Materials.
2104 3589 114 61 Ein
2251 3588 352 76 Lebendiges
2636 3587 209 60 wächst

614 3681 153 68 nicht,
818 3682 128 60 weil
986 3705 63 38 es
1089 3683 106 60 sich
1237 3683 251 73 ernährt,-
1536 3707 60 39 es
1641 3683 224 61 ernährt
1905 3685 125 68 sich,
2079 3682 129 61 weil
2256 3705 63 38 es
2359 3682 225 60 wächst.
2644 3680 82 62 So
2777 3688 68 51 ist

611 3771 574 81 »Machtsteigerung«
1223 3785 118 51 sein
1371 3776 334 76 geheimster
1738 3776 139 62 Sinn
1910 3776 118 61 und
2060 3774 472 80 metaphysischer
2563 3774 180 59 Atem

611 3862 115 60 und
764 3864 168 61 lieber
971 3869 169 58 nicht
1181 3878 117 50 sein
1340 3869 118 61 und
1488 3869 476 76 zugrundegehen
1999 3870 81 61 als
2121 3879 153 66 jener
2306 3864 274 64 Tendenz
2612 3866 233 62 Einhalt
