3279 4572
724 452 96 52 280

1427 464 118 56 Bfei,
1582 464 104 51 Die
1715 466 295 54 Katßofißen
2043 478 53 44 in
2128 474 352 56 Deutscßfand

887 1205 168 71 DIE
1095 1205 681 89 KATHOLIKEN
1817 1220 111 76 IN
1977 1225 784 89 DEUTSCHLAND

694 1402 298 163 AUF
1023 1419 212 70 einigen
1270 1414 509 86 Katholikentagen
1822 1449 122 40 war
1983 1430 112 63 viel
2127 1432 198 66 Reden
2370 1439 138 64 über
2551 1443 90 62 die
2682 1448 262 65 inferiore

910 1500 252 81 Stellung
1201 1507 99 61 der
1338 1509 343 67 Katholiken
1724 1527 54 53 in
1821 1521 385 68 Deutschland
2283 1533 230 65 inferior
2552 1548 154 54 seien
2749 1552 82 52 sie

729 1613 42 37 1S
995 1621 94 91 w?
1188 1620 322 47 ro2entsat2
1511 1655 18 22 '
1627 1632 68 38 en
1755 1622 82 53 sie
1886 1640 72 37 an
2011 1618 388 83 Gefängnisse
2447 1631 197 64 stellen
2696 1637 118 61 und
2864 1664 73 37 an

686 1684 267 75 geistliche
995 1689 453 87 Würdenträger
1486 1733 62 16 -
1587 1705 109 61 auf
1737 1707 145 64 allen
1928 1711 284 67 Gebieten
2263 1721 118 61 und
2430 1724 129 62 dem
2603 1728 99 62 der
2745 1730 152 65 Geld-

684 1778 262 64 macherei
985 1806 145 55 ganz
1171 1787 332 79 besonders,
1536 1808 182 53 worin
1754 1801 88 62 die
1876 1804 393 70 Protestanten
2303 1815 119 61 und
2455 1819 449 69 selbstverständ-

680 1876 92 53 lich
807 1876 88 59 die
926 1876 176 76 Juden
1136 1882 110 61 viel
1280 1885 382 80 erfolgreicher
1695 1904 211 56 wären.
1950 1900 88 62 Es
2071 1904 111 76 gab
2216 1908 81 60 oft
2330 1919 125 52 eine
2488 1912 444 72 herzbrechende

675 1965 397 84 Jammerklage
1129 1974 259 67 darüber.
1449 1982 103 63 Dr.
1604 1985 166 65 Hans
1821 1990 164 74 Rost,
2043 2007 89 52 ein
2189 1998 363 70 katholischer
2607 2009 320 79 Journalist,

675 2079 94 38 wo
811 2076 54 45 te
899 2065 180 61 dieser
1114 2068 175 65 Sache
1322 2074 108 61 auf
1455 2076 108 63 den
1585 2078 210 66 Grund
1829 2084 293 80 kommen,-
2155 2116 60 38 er
2248 2097 181 64 stellte
2461 2124 222 54 genaue
2702 2106 186 65 Unter-

673 2156 316 77 suchungen
1040 2183 93 49 an,
1185 2163 217 81 fertigte
1442 2176 327 62 statistische
1812 2173 203 71 Tafeln
2060 2186 116 61 und
2218 2189 135 63 fand
2395 2203 53 52 in
2493 2205 181 55 einem
2714 2201 185 64 Budie

670 2244 202 65 dessen
913 2251 336 68 Ehrlichkeit
1287 2271 121 53 sein
1450 2263 187 67 bestes
1680 2265 123 68 Teil
1846 2283 88 63 ist,
1976 2277 109 64 den
2121 2280 223 67 Schluß;
2392 2289 150 62 »Die
2582 2307 303 64 gegenwär-

666 2355 110 61 tige
818 2347 428 66 wirtschaftliche
1285 2354 490 85 Rückständigkeit
1823 2366 99 63 der
1963 2369 297 68 deutschen
2303 2378 343 70 Katholiken
2688 2397 73 53 ist
2803 2415 74 38 un-

665 2432 383 68 bestreitbar.«

742 2527 132 63 Wir
915 2532 124 64 sind
1082 2537 82 61 als
1204 2563 145 55 ganz
1390 2547 378 74 gewöhnliche
1801 2555 341 69 Katholiken
2177 2565 351 69 mißtrauisch
2558 2598 180 48 gegen
2784 2588 125 58 jene

661 2641 233 46 unserer
945 2626 526 84 Glaubensbrüder,
1519 2641 176 66 Laien
1745 2649 117 63 und
1910 2651 272 77 Kleriker,
2243 2659 89 64 die
2388 2687 63 41 es
2500 2669 111 61 auf
2650 2672 106 61 sich
2807 2697 72 48 ge-

658 2735 262 43 nommen
978 2717 203 79 haben,
1247 2751 206 43 unsere
1514 2735 320 79 politischen
1893 2743 302 71 Geschäfte
2251 2778 76 39 zu
2385 2756 221 76 führen,
2766 2768 143 61 nicht

656 2822 147 48 etwa
861 2814 346 66 mißtrauisch
1263 2847 178 56 gegen
1499 2829 155 64 diese
1702 2834 320 79 Geschäfte,
2081 2844 91 64 die
2230 2872 107 41 uns
2385 2852 84 64 als
2520 2857 158 64 strikt
2723 2885 186 53 gegen

653 2903 107 61 den
795 2903 270 68 Glauben
1105 2913 221 79 gehend
1367 2918 183 81 längst
1590 2926 226 66 evident
1847 2933 142 64 sind.
2035 2936 86 63 Es
2162 2941 119 79 gibt
2322 2944 160 66 keine
2523 2949 375 71 katholischen

653 2999 297 64 Geschäfte
973 3005 308 66 außerhalb
1308 3012 100 64 der
1433 3015 213 68 Kirche.
1684 3022 135 64 Daß
1844 3027 209 66 andere
2083 3032 244 69 darüber
2350 3040 241 66 anderer
2606 3045 290 79 Meinung

648 3096 142 66 and,
828 3111 122 61 regt
991 3121 104 41 uns
1131 3104 139 63 nicht
1301 3116 195 56 weiter
1527 3114 117 61 auf.
1689 3116 135 64 Wir
1849 3129 227 69 wissen,
2103 3126 112 64 daß
2248 3142 135 53 weit
2416 3137 140 63 über
2589 3139 91 64 die
2698 3142 195 66 Hälfte

648 3187 132 56 aller
811 3187 99 61 der
940 3187 269 79 Männer,
1242 3198 89 63 die
1364 3210 56 54 in
1453 3203 102 63 der
1580 3205 325 71 Geschichte
1938 3218 102 61 der
2063 3220 200 66 Kirche
2297 3236 124 53 eine
2436 3231 168 63 Rolle
2634 3236 237 73 spielten

646 3294 162 43 wenn
859 3281 134 61 auch
1047 3284 150 66 bona
1247 3292 125 73 fiele,
1430 3304 125 56 eine
1601 3299 165 66 Rolle
1811 3330 214 56 gegen
2076 3337 208 43 unsern
2332 3319 272 69 Glauben
2652 3332 241 76 gespielt

681 3391 33 38 a
757 3393 84 48 en,
940 3401 163 40 essen
1156 3383 351 71 Göttlichkeit
1562 3398 107 61 sich
1717 3401 270 66 vielleicht
2035 3408 155 64 darin
2241 3436 94 38 am
2383 3419 279 66 stärksten
2718 3436 168 64 zeigt,

643 3467 107 56 daß
798 3487 61 38 er
907 3467 153 66 diese
1098 3474 218 66 Feinde
1367 3492 71 54 im
1489 3495 231 71 eigenen
1763 3492 206 66 Hause
2009 3500 150 63 ohne
2203 3502 251 69 Schaden
2497 3530 229 59 vertrug
2769 3520 117 64 und

643 3573 190 46 weiter
879 3581 292 64 vertragen
1222 3576 158 61 wird.
1433 3579 132 63 Wir
1603 3586 226 64 machen
1870 3589 162 66 keine
2096 3596 353 82 Ausflüchte,
2507 3632 168 41 wenn
2733 3637 132 41 man

640 3667 105 44 uns
793 3652 421 76 dutzendweise
1255 3667 206 82 Päpste
1509 3678 117 61 und
1664 3678 259 68 Prälaten
1966 3690 272 74 aufzählt,
2289 3695 91 64 die
2418 3700 280 84 Lumpen,
2749 3708 134 64 sehr

640 3840 39 38 ti
714 3764 51 114 I
770 3767 25 38 S
844 3838 58 40 u
953 3800 18 20 '
1019 3754 135 63 ater
1347 3767 139 60 nidlt
1535 3772 254 63 dlristli<ll
2088 3787 183 63 »Rom
2314 3800 71 53 ist
2424 3794 91 64 die
2556 3800 287 78 apokalyp-

640 3921 97 61 der
780 3863 325 132 ElftHünf
1136 3873 76 122 R°
1212 3876 24 35 r
1237 3853 46 142 l
1284 3876 65 40 en
1336 3949 26 46 f
1357 3883 28 33 8
1390 3906 18 23 '
1811 3868 71 66 he
1885 3899 15 35 ‘
1905 3873 107 79 ,ige
2050 3878 409 71 Bonaventura
2459 3937 18 20 '
2517 3914 36 35 a
2556 3891 45 61 ls
2647 3891 231 84 Gregor

861 3939 69 56 fte
973 3939 132 61 fünf
1136 3942 251 71 Bischöfe
1430 3954 552 87 exkommunizierte,
2032 3975 127 61 weil
2203 3985 81 53 sie
2324 3980 92 63 die
2454 3982 424 86 Ernennungs-
