3262 4572
782 483 133 48 Max
943 482 201 55 Scßefer,
1192 483 230 51 Verstieße
1454 490 137 44 einer
1617 484 310 60 Pßifosopßie
1958 483 89 49 des
2078 482 198 50 Leßens

2559 483 93 48 207

413 704 100 43 tun
555 685 117 61 und
712 686 106 61 sich
860 695 97 51 mit
997 686 223 62 bloßem
1253 687 256 61 Dasein
1552 687 117 60 und
1702 687 420 78 Anpassung
2154 710 75 36 zu
2263 685 296 79 begnügen

414 789 154 51 seine
599 779 235 77 Losung
866 779 140 61 oder
1039 779 89 61 die
1161 780 171 78 Regel
1366 789 183 52 seines
1584 779 373 62 Verfahrens,
1995 780 116 60 Ein
2144 779 373 70 Lebewesen,
2551 779 102 61 das

415 897 106 35 nur
561 871 156 63 mehr
758 883 53 49 in
855 871 107 63 den
996 873 720 78 LehnsesseLKategorien
1759 874 99 61 des
1895 873 162 62 Seins
2092 873 154 59 Platz
2282 871 222 72 nähme,
2547 874 106 58 sich

424 965 117 63 hier
587 991 104 37 zur
736 965 166 63 Ruhe
951 991 74 37 zu
1074 983 209 55 setzen,
1333 967 101 62 das
1486 978 153 50 wäre
1689 968 124 61 kein
1855 968 372 69 Lebewesen,
2277 965 248 63 sondern
2568 976 87 50 ein

414 1057 195 65 Totes.
670 1059 87 61 Es
806 1059 149 60 kann
1004 1084 106 36 nur
1158 1061 301 61 zweierlei:
1511 1061 160 61 Über
1730 1062 104 61 sich
1886 1061 200 61 hinaus
2137 1085 74 35 zu
2269 1061 385 76 mächtigerem

425 1153 192 61 Leben
665 1176 210 37 rennen
926 1153 139 60 oder
1112 1155 104 59 sich
1266 1164 206 68 positiv
1517 1153 352 63 vernichtend
1919 1153 322 61 hinstürzen
2292 1178 132 35 zum
2466 1148 186 74 Tode,

409 1246 147 61 kann
579 1246 349 78 »aufgehen«
951 1246 140 61 oder
1111 1246 441 79 »niedergehen«
1665 1258 233 50 nimmer
1923 1247 137 61 aber
2085 1256 125 52 eine
2226 1242 274 65 Tendenz
2527 1255 120 52 sein

410 1366 74 35 zu
518 1350 182 51 seiner
719 1340 599 78 Selbsterhaltung,
1355 1341 302 61 Nietzsche
1690 1341 208 61 könnte
1934 1364 58 37 es
2028 1340 283 78 geradezu
2347 1340 300 61 definieren

413 1433 80 61 als
528 1442 88 51 ein
646 1433 313 71 »Werden,
994 1433 101 61 das
1130 1458 106 36 nur
1267 1434 278 76 aufgehen
1575 1434 116 60 und
1716 1434 372 76 niedergehen
2114 1433 183 61 kann«
2413 1433 232 61 niemals

411 1527 135 59 aber
593 1528 105 60 sidi
748 1537 109 51 wie
898 1552 48 36 z,
983 1528 61 60 B,
1091 1537 86 51 ein
1219 1528 243 78 Körper,
1512 1528 98 60 der
1660 1528 127 60 dem
1830 1528 170 62 Satze
2050 1527 99 61 der
2189 1523 270 81 Trägheit
2508 1527 139 77 folgt

405 1621 104 59 sich
543 1630 55 50 in
630 1620 430 77 gleichförmiger
1084 1622 333 75 Bewegung
1454 1621 338 61 »erhalten«.
1827 1622 132 76 Jene
1987 1621 521 76 Grundfassungen
2542 1620 101 60 der

409 1713 543 60 wissenschaftlichen
985 1712 253 78 Biologie
1280 1712 124 61 sind
1445 1738 104 35 nur
1582 1713 325 77 Analogien
1942 1738 104 35 aus
2081 1713 99 60 der
2212 1712 300 61 Mechanik
2545 1713 108 60 auf

411 1815 88 51 ein
541 1806 312 60 wesentlich
894 1806 481 60 Amechanisdies,

479 1898 304 61 Nietzsche
824 1898 97 59 hat
960 1898 154 61 diese
1154 1899 314 75 großartige
1510 1899 362 79 Konzeption
1916 1900 88 60 für
2046 1900 89 60 die
2168 1899 254 77 Biologie
2464 1899 174 61 selbst

407 1992 139 59 nicht
587 1992 415 76 ausgeschöpft/
1050 1993 135 58 auch
1228 1990 95 60 hat
1365 2013 57 37 er
1472 2001 80 50 sie
1601 1993 139 58 nicht
1788 1992 284 61 innerhalb
2123 1992 346 77 irgendeiner
2517 1993 131 60 bio**

407 2084 274 77 logischen
724 2084 435 77 Untersuchung
1206 2106 334 55 gewonnen.
1595 2084 93 61 Sie
1737 2086 249 59 erwuchs
2037 2084 110 60 ihm
2188 2108 145 54 ganz
2382 2086 118 59 und
2547 2108 101 54 gar

409 2201 104 36 aus
564 2187 209 51 seinem
830 2177 268 71 Erleben,
1156 2187 204 51 soweit
1416 2201 60 37 es
1535 2202 96 36 um
1689 2177 89 61 die
1835 2178 93 60 ihn
1986 2178 277 77 eigentlich
2323 2178 162 61 allein
2542 2178 68 61 be-

413 2270 309 76 wegenden
772 2271 224 76 Fragen
1046 2271 99 60 des
1197 2271 201 61 Sinnes
1459 2270 117 61 und
1633 2270 99 61 der
1787 2271 282 61 Herkunft
2125 2272 349 60 moralischer
2531 2272 118 60 und

396 2364 285 75 religiöser
714 2362 367 61 Werturteile
1114 2362 228 61 kreiste.
1393 2364 124 61 Das
1556 2374 69 51 ist
1660 2364 100 61 das
1794 2364 505 77 Merkwürdigste:
2334 2365 173 61 Nicht
2539 2374 109 51 wie

407 2455 286 60 innerhalb
735 2454 98 61 der
874 2479 246 36 neueren
1163 2455 306 78 englischen
1504 2456 254 77 Biologie
1798 2456 163 61 sollte
2003 2456 116 61 hier
2161 2467 89 50 ein
2292 2456 353 79 naturphilo**

411 2548 315 77 sophischer
766 2549 210 75 Begriff
1018 2548 99 61 des
1159 2548 221 62 Lebens
1434 2548 100 62 das
1577 2549 339 62 Moralische
1968 2550 331 72 erleuchten,
2347 2561 110 50 wie
2498 2576 48 35 z,
2583 2552 62 59 B,

411 2649 54 51 in
499 2639 279 78 Spencers
814 2639 190 70 Ethik,
1046 2641 247 59 sondern
1335 2666 104 36 aus
1476 2651 210 51 seinem
1727 2643 171 60 tiefen
1934 2643 218 61 Gefühl
2188 2643 185 70 dafür,
2417 2643 109 61 daß
2560 2643 90 61 die

409 2732 185 61 Ideale
636 2732 116 60 und
791 2732 205 61 Werte
1037 2732 101 61 des
1180 2733 279 78 spezifisch
1511 2735 309 61 modernen
1862 2736 330 70 Menschen,
2243 2736 99 61 des
2385 2737 264 76 Bürgers,

410 2825 99 59 des
551 2825 390 77 Kapitalisten,
984 2825 98 61 des
1117 2826 320 70 Forschers,
1481 2827 99 60 des
1615 2829 300 61 Künstlers
1959 2829 183 61 dieser
2174 2830 133 60 Zeit
2419 2830 109 61 daß
2563 2830 82 60 ihr

1229 2919 337 71 Charakter,
1609 2920 109 61 daß
1760 2923 136 58 auch
1939 2921 170 60 deren
2151 2923 395 77 Ausprägung
2588 2933 55 49 in

397 3010 98 60 der
534 3011 458 78 positivistischen
1023 3010 375 79 Philosophie,
1443 3011 97 61 der
1582 3036 59 36 er
1681 3014 106 58 sich
1829 3014 133 60 nach
2003 3023 182 51 seiner
2226 3015 405 61 romantischen

402 3103 259 76 Wagner
664 3102 695 78 **Schopenhauerperiode
1393 3113 161 51 einen
1587 3105 352 77 Augenblick
1972 3116 353 67 zuzuneigen
2359 3108 181 60 schien
2566 3140 58 14 —
2624 3138 5 8 ■

395 3196 204 61 Werte
626 3206 150 51 eines
795 3197 482 76 Menschentypus
1305 3206 171 59 seien,
1496 3207 53 50 in
1577 3197 127 61 dem
1727 3197 262 62 »Leben«
2012 3198 326 78 niedergeht
2356 3199 117 60 und
2495 3201 139 59 nicht

401 3288 280 78 aufsteigt,
708 3290 205 59 daraus
932 3300 76 49 ier
1018 3291 209 58 wuchs
1262 3288 111 61 ihm
1399 3306 112 45 erst
1544 3290 89 61 die
1651 3291 265 70 Einsicht,
1943 3291 109 61 daß
2080 3292 182 61 dieser
2285 3293 346 61 Menschen**

409 3398 171 62 typus
696 3384 134 59 auch
872 3384 149 59 noch
1064 3392 53 50 in
1159 3392 181 51 seiner
1371 3382 392 79 Ausprägung
1803 3385 82 60 als
1928 3385 538 62 wissenschaftlicher
2499 3387 141 60 Bio**

409 3478 127 76 löge
648 3476 107 61 den
788 3476 230 61 wahren
1046 3475 317 62 Charakter
1396 3475 97 62 des
1528 3476 221 61 Lebens
1774 3476 320 62 verkennen
2130 3478 116 60 und
2281 3479 91 59 ihn
2400 3479 240 62 fälschen

409 3570 236 60 mußte.
689 3570 166 60 Auch
898 3570 89 60 die
1018 3569 252 77 Biologie
1310 3569 147 60 kann
1482 3570 159 60 'eben
1683 3570 138 60 nicht
1860 3570 195 61 besser
2095 3580 120 51 sein
2258 3572 80 60 als
2384 3572 99 60 der
2516 3573 129 59 bio**

427 3664 214 76 ogische
674 3664 503 79 Menschentypus,
1220 3663 98 61 der
1359 3672 80 52 sie
1481 3664 189 60 macht.
1717 3664 168 61 Seine
1930 3665 266 60 »Moral«
2328 3665 103 61 das
2465 3667 180 59 Wort

409 3766 53 51 in
498 3757 127 61 dem
659 3767 203 51 weiten
896 3757 172 63 Sinne
1101 3767 152 51 einer
1276 3756 569 78 Wertrangordnung
1878 3781 335 53 genommen
2239 3789 63 17 —•
2328 3759 143 61 wird
2506 3762 135 60 auch

411 3860 153 52 seine
604 3851 545 62 wissenschaftlichen
1190 3850 204 69 Ideale,
1435 3848 339 73 Methoden,
1816 3852 499 79 Forschungsziele
2357 3855 133 59 nach
2541 3856 107 60 sich

413 3944 345 63 bestimmen.
792 3946 305 61 Nietzsche
1131 3945 134 61 aber
1296 3944 227 76 glaubte
1557 3944 99 61 der
1686 3944 309 63 modernen
2033 3946 480 62 »Wissenschaft«
2551 3950 106 60 auf
