3219 4572
2517 428 99 50 289

1006 445 137 50 Car[
1156 445 242 53 Einstein,
1441 433 143 59 Üßer
1611 440 144 51 Pauf
1776 437 195 52 Cfände
1974 436 33 49 f

929 1112 279 74 ÜBER
1243 1112 280 74 PAUL
1556 1107 513 76 CLAUDEL

386 1306 240 166 DIE
666 1305 224 76 heutige
929 1301 193 61 Kunst
1162 1298 147 63 zieht
1348 1300 106 59 sich
1495 1297 106 61 auf
1625 1296 89 61 die
1746 1295 83 62 ihr
1860 1291 414 80 eigentümliche
2309 1303 312 46 autonome

583 1397 165 63 Kraft
795 1397 219 60 zurück.
1067 1394 113 61 Die
1219 1392 190 61 Maler
1456 1390 299 79 gedachten
1804 1387 101 63 des
1947 1385 207 80 optisch
2196 1382 422 65 Elementaren,

388 1498 98 61 der
527 1490 366 81 apriorischen
927 1486 372 77 Grundlagen
1331 1484 143 62 ihrer
1506 1484 204 60 Kunst,
1755 1480 132 62 Wir
1920 1479 174 61 sehen
2127 1476 90 61 die
2243 1475 187 75 Dinge
2465 1472 157 68 nicht,

390 1601 78 53 sie
517 1582 489 67 umschmeichelnd
1054 1580 138 61 oder
1233 1579 165 61 ihnen
1440 1577 400 67 unterworfen,
1881 1570 268 64 vielmehr
2189 1569 132 61 nach
2364 1568 110 59 den
2516 1587 108 39 uns

390 1682 269 79 gemäßen
699 1677 359 67 Elementen,
1106 1671 278 63 wodurch
1434 1679 78 52 sie
1561 1671 224 76 Körper
1825 1664 246 62 werden.
2123 1664 123 60 Der
2284 1662 188 59 Raum
2521 1658 106 61 he*

391 1776 190 61 deutet
622 1795 107 38 uns
771 1770 138 61 nicht
948 1777 89 52 ein
1079 1775 367 68 suggeriertes
1477 1762 283 69 Medium,
1802 1759 140 61 oder
1975 1757 209 77 farbige
2217 1756 409 67 Assoziation,*

391 1892 60 38 er
505 1867 94 77 gilt
655 1888 105 37 uns
819 1862 81 61 als
959 1860 138 63 Sinn
1153 1858 99 61 des
1308 1857 231 61 Malens
1596 1853 330 78 überhaupt.
1985 1850 202 62 Malen
2244 1847 150 61 heißt
2433 1846 188 59 Raum

392 1960 254 67 schaffen,
688 1980 74 37 zu
802 1954 450 78 gesetzmäßigen
1293 1950 262 77 Körpern
1596 1946 332 69 verdichten,
1977 1944 89 61 die
2107 1941 106 62 auf
2248 1949 123 52 eine
2413 1937 208 76 heftige

393 2052 284 78 plastische
719 2048 232 61 Einheit
990 2043 602 77 zusammengedrängt
1630 2039 247 61 werden.

468 2146 61 59 In
585 2143 151 76 jeder
793 2163 232 38 unserer
1082 2139 260 75 heutigen
1399 2137 224 59 Künste
1679 2130 249 64 bemerkt
1982 2152 131 38 man
2170 2137 89 52 ein
2307 2124 317 62 Erwachen

390 2255 335 43 autonomer
764 2233 217 70 Kräfte,
1025 2242 123 51 eine
1180 2229 303 63 Zunahme
1524 2227 292 62 bewußter
1840 2223 297 62 Aktivität,
2185 2220 178 61 Diese
2404 2227 70 52 ist
2516 2238 106 38 nur

387 2330 375 77 gesetzmäßig
801 2351 75 36 zu
926 2326 212 60 äußern
1186 2323 258 77 möglich,-
1498 2328 168 54 somit
1712 2327 298 69 gewinnen
2060 2323 103 52 wir
2208 2312 267 61 vielleicht
2532 2308 90 61 die

390 2422 162 60 Kraft
593 2421 99 60 der
731 2420 216 60 Demut
987 2417 222 69 zurück,
1251 2415 109 61 den
1402 2412 213 62 Willen
1657 2435 131 38 zum
1831 2408 119 70 Stil,
1994 2407 99 61 der
2133 2406 102 61 das
2277 2401 349 65 Absonder**

392 2515 128 58 liehe
560 2513 268 60 verstößt.

467 2607 147 59 Man
656 2604 151 60 warf
849 2627 104 35 uns
995 2626 106 36 vor
1246 2600 122 60 »Ihr
1408 2600 121 61 seid
1571 2598 405 68 Schulmeister,
2018 2618 117 38 von
2175 2590 449 64 Abstraktionen

390 2697 280 70 verführt,-
717 2694 148 61 steril
915 2703 69 51 ist
1033 2694 133 59 euch
1206 2693 145 58 Hirn
1394 2692 116 59 und
1549 2692 197 75 Auge,
1797 2689 82 60 ihr
1919 2687 233 76 vergaßt
2193 2685 90 60 die
2325 2683 164 61 Kraft
2531 2680 98 62 der

392 2788 404 75 Anwendung.
854 2784 375 61 Abstraktion
1286 2793 70 51 ist
1412 2783 319 69 unsinnlich,
1780 2779 408 69 undichterisch,
2239 2787 70 51 ist
2358 2777 102 59 das
2509 2791 118 44 tote

393 2880 169 61 Ende
602 2880 161 74 jeden
804 2878 354 59 Prozesses.«

470 2972 87 59 Es
599 2980 69 49 ist
707 2994 74 35 zu
823 2985 332 58 entgegnen:
1204 2965 166 62 »Wir
1411 2966 344 75 gebrauchen
1788 2963 160 60 keine
1980 2960 466 62 Abstraktionen,
2491 2957 134 62 Ge®

395 3062 134 61 rade
585 3070 103 51 wir
743 3061 236 60 schaffen
1021 3059 100 61 das
1171 3057 409 61 unmittelbare:
1643 3056 316 67 Elemente,
2010 3054 89 59 die
2147 3052 484 74 Voraussetzung

398 3155 100 60 des
538 3154 220 61 Lebens
800 3151 152 73 sind,-
993 3150 101 61 das
1136 3159 205 67 nötige.
1374 3150 550 75 Langvergessene.«

475 3248 147 60 Man
673 3245 129 61 darf
843 3245 188 60 manch
1080 3243 260 76 heutigen
1388 3240 280 78 geradezu
1718 3240 81 61 als
1849 3238 272 62 Künstler
2173 3238 100 61 des
2325 3235 307 62 Unmittel®

401 3339 170 63 baren
607 3338 352 78 ansprechen.

479 3432 81 61 So
608 3429 304 63 verfuhren
960 3429 134 60 auch
1145 3437 176 67 einige
1370 3450 230 37 unserer
1648 3426 252 71 Dichter,-
1947 3433 80 51 sie
2075 3422 422 62 verschmähten
2538 3422 92 61 die

402 3522 499 70 Einzelanekdote,
951 3521 89 61 die
1087 3520 256 62 Nuance
1390 3517 454 64 beschreibender
1891 3516 344 77 Übergänge
2284 3516 117 61 und
2450 3515 181 78 geben

404 3626 160 51 einen
607 3615 164 70 Stoff,
821 3614 98 62 der
969 3614 105 59 auf
1116 3612 88 61 die
1244 3612 315 69 Elemente,
1610 3610 100 61 das
1751 3610 224 76 Nötige
2024 3609 461 77 zurückgebracht
2535 3617 100 63 ist,-

402 3719 122 51 eine
575 3708 255 78 Sprache,
889 3706 87 61 die
1033 3715 73 52 im
1154 3706 422 68 Dichterischen,
1634 3704 128 61 dem
1813 3701 299 70 Gleichnis,
2161 3701 291 70 verbleibt,
2512 3710 124 52 eine

404 3802 294 76 Dichtung,
740 3800 98 61 der
885 3799 124 62 kein
1059 3798 297 62 stoffliches
1404 3798 234 77 Prinzip,
1689 3805 109 52 wie
1837 3795 207 61 Milieu
2095 3795 117 61 und
2253 3819 44 37 s,
2326 3795 60 70 f,,
2437 3812 199 44 unter®

407 3894 237 60 schoben
686 3903 83 51 ist.
