3251 4572
795 482 155 52 Erik*
955 482 160 50 Ernst
1140 480 301 58 Scßwaßacß,
1478 482 116 49 Das
1625 480 348 62 Puppenspief
1987 480 93 48 der
2105 479 152 49 Ließe

2552 480 95 49 269

1442 687 187 61 Peter

1008 780 147 60 Kein
1199 780 331 60 Erbarmen,
1575 781 226 61 Kämen

414 875 148 65 Tote
603 899 104 37 aus
750 873 108 61 den
903 872 263 62 Gräbern
1209 872 89 61 für
1338 873 150 61 Dein
1520 873 192 63 Leben
1754 873 188 72 bitten.

415 971 100 60 Du
557 969 202 61 stirbst,

790 1074 283 57 {Ferdinand
1105 1075 176 50 kommt
1313 1077 95 48 und
1439 1077 200 59 schleppt
1670 1078 259 49 Mäuschen
1963 1077 150 50 hinter
2147 1078 126 55 sich.)

1356 1204 377 61 Ferdinand

419 1282 99 60 Du
560 1281 137 61 büßt
738 1304 59 38 es
839 1290 118 52 mir,

1371 1376 74 60 M
1455 1376 275 61 äusdien
1770 1389 172 50 {stürzt
1972 1402 62 32 zu
2065 1385 173 49 Louise
2271 1384 97 51 und
2400 1385 154 57 Peter)

496 1467 265 77 Gnädige
777 1468 175 70 Frau,
984 1467 267 78 gnädiger
1271 1468 178 72 Herr,-
1481 1469 257 60 schützen
1773 1469 95 61 Sie
1910 1470 133 60 midi
2077 1493 108 37 vor
2218 1469 213 62 diesem
2465 1470 183 61 Men=

421 1562 176 60 sehen,
641 1568 95 55 {Sie
768 1568 325 51 umklammert
1124 1571 208 54 Louise,)

1458 1688 183 59 Peter

423 1779 166 61 Zwei
620 1778 332 71 Mäuschen,
988 1779 89 61 die
1114 1780 104 61 sidi
1258 1779 646 62 aneinanderklammern

425 1870 117 61 und
581 1870 135 63 doch
766 1872 264 62 ersaufen
1078 1873 245 61 werden,
1375 1882 191 54 {Louise
1596 1882 368 56 zurückreißend)
2005 1872 103 62 Ah
2149 1874 237 62 Louise!
2432 1888 68 51 {er
2532 1884 123 50 zieht

426 1969 130 44 einen
589 1964 179 58 Dolch.)

1409 2060 251 59 Louise
1702 2069 105 53 {auf
1835 2067 89 50 den
1948 2069 175 55 Knien)

426 2133 178 70 Peter,
646 2136 74 58 ich
762 2135 105 61 fleh
910 2137 138 60 Dich
1089 2161 89 37 an,

1440 2262 184 61 Peter

429 2348 140 61 Fleh
613 2350 144 61 Gott
796 2376 72 35 an
912 2353 115 61 und
1069 2354 139 60 nicht
1247 2356 150 59 mich.

430 2441 149 62 War
620 2444 73 59 ich
735 2453 53 51 in
830 2446 224 61 Deinen
1079 2447 248 61 Händen
1361 2450 168 59 weich
1571 2457 110 52 wie
1712 2443 151 76 Ton,
1944 2448 13 16 *

432 2533 148 61 Dein
622 2535 241 62 Freveln
905 2537 96 61 hat
1040 2563 131 36 zum
1213 2540 194 62 harten
1450 2541 192 62 Steine
1683 2542 133 60 mich

432 2625 287 76 gebrannt,
761 2651 71 36 an
874 2629 127 61 dem
1042 2630 100 61 Du
1183 2631 138 60 Dich
1361 2634 328 61 zerschellst.

1362 2772 360 64 Mäuschen
1765 2782 112 55 {will
1909 2784 179 53 fliehen)

434 2839 97 60 Zu
570 2841 170 61 Hilfe,

1356 2941 377 61 Ferdinand
1774 2950 117 55 {hält
1921 2958 87 48 sie)

437 3024 100 59 Du
575 3025 212 62 bleibst-
832 3027 138 63 Erst
1008 3030 173 61 siehst
1213 3031 100 61 Du
1354 3031 122 70 das,
1517 3032 148 61 dann
1705 3035 179 61 rechte
1917 3036 75 59 ich
2027 3045 100 51 mit
2163 3036 122 61 Dir.

1432 3171 251 62 Louise

438 3257 248 63 Verzeih
727 3270 119 61 mir,
886 3262 175 61 Peter,

1470 3359 191 60 Peter

440 3443 196 62 Wenn
678 3447 100 59 Du
818 3463 85 44 tot
942 3448 107 62 bist
1088 3450 278 61 vielleicht.
1411 3459 90 55 {Er
1531 3459 179 50 ersticht
1742 3466 102 52 sie.)

1441 3591 249 61 Louise

443 3664 116 71 Ha,
600 3665 75 60 ich
716 3666 199 61 sterbe,
962 3675 93 57 {Säe
1086 3676 169 56 stirbt.)

1458 3779 190 60 Peter

447 3869 136 55 {sieht
614 3882 120 38 starr
763 3871 91 57 hin,
888 3878 148 42 stürzt
1068 3873 87 48 sich
1188 3872 122 49 dann
1343 3873 86 48 auf
1454 3872 276 56 Ferdinand,
1764 3872 133 61 packt
1930 3873 95 60 ihn,
2057 3873 208 51 schüttelt
2288 3873 79 51 ihn
2401 3874 98 50 und
2519 3874 160 59 brüllt)

446 3946 116 61 Bist
602 3948 100 61 Du
743 3972 75 37 zu
858 3949 157 63 Stein
1054 3949 322 78 geworden.
1421 3949 202 63 Schuft,
1670 3949 162 63 Steht
1873 3951 74 61 da
