3255 4572
708 434 94 51 302

1362 435 167 51 Emife
1562 435 145 57 Zofa,
1743 435 169 62 Briefe
1941 456 67 30 an
2049 435 239 52 Ce’zanne

708 658 221 62 zusagt,
957 665 122 38 was
1099 641 100 61 Du
1216 656 101 63 gut
1349 640 219 72 findest,
1597 640 117 62 und
1731 641 149 62 lache
1904 642 139 63 über
2069 641 103 64 das
2201 642 212 80 übrige,
2441 644 150 62 ohne
2627 668 61 39 es
2716 661 153 46 ernst
2885 670 73 38 zu

708 735 256 62 nehmen.
1010 734 140 63 Und
1188 745 135 68 jetzt
1361 734 143 80 gehe
1545 735 77 61 ich
1662 758 146 57 ganz
1851 735 141 64 frech
2027 738 108 61 auf
2161 736 101 64 das
2306 734 220 67 Thema
2566 739 245 63 Malerei
2853 740 104 64 los.

787 829 196 62 Wenn
1018 830 73 60 ich
1128 838 87 53 ein
1244 828 286 63 Gemälde
1555 829 156 72 sehe,
1745 830 96 73 ich,
1869 830 100 64 der
2002 830 326 65 bestenfalls
2347 833 177 62 Weiß
2558 858 117 38 von
2695 834 262 64 Schwarz

705 946 75 38 zu
816 922 416 62 unterscheiden
1259 923 166 71 weiß,
1461 923 133 62 darf
1618 924 77 61 ich
1730 934 103 53 mir
1866 926 263 62 natürlich
2165 928 141 60 nicht
2331 927 288 72 erlauben,
2655 928 101 62 das
2777 924 181 66 Tech*

705 1017 179 62 nische
924 1040 75 38 zu
1041 1017 325 62 beurteilen.
1418 1018 82 61 Ich
1544 1018 337 64 beschränke
1930 1022 134 61 mich
2107 1021 223 72 darauf,
2380 1047 75 37 zu
2497 1046 195 56 sagen,
2735 1023 75 63 ob
2853 1025 103 63 das

704 1110 161 76 Sujet
921 1119 103 52 mir
1079 1110 211 78 gefällt,
1348 1111 76 62 ob
1484 1111 101 63 das
1646 1112 210 65 Ganze
1905 1124 102 52 mir
2057 1124 123 53 eine
2231 1116 362 80 Erinnerung
2642 1141 74 39 an
2775 1135 179 47 etwas

704 1204 229 63 Großes
983 1205 119 61 und
1143 1205 340 65 Erhabenes
1533 1209 286 71 wachruft,
1878 1209 76 62 ob
2005 1209 90 63 die
2137 1210 405 80 Komposition
2594 1211 364 65 Sdiönheits*

699 1298 192 78 gefühf
933 1309 203 52 verrät.
1197 1299 117 62 Mit
1354 1309 182 55 einem
1578 1301 202 64 Wort:
1843 1303 150 62 ohne
2035 1304 281 79 eigentlich
2360 1304 100 64 das
2505 1305 335 64 Handwerk
2881 1332 73 39 zu

699 1393 319 72 verstehen,
1061 1395 223 79 spreche
1319 1397 75 61 ich
1429 1395 141 64 über
1611 1397 90 63 die
1734 1397 212 73 Kunst,
1991 1398 139 63 über
2165 1399 109 64 den
2309 1399 341 74 Gedanken,
2693 1401 99 63 der
2826 1402 128 63 dem

700 1487 184 62 Werk
919 1488 353 80 vorherging.
1303 1491 143 62 Und
1472 1492 75 61 ich
1582 1492 227 79 glaube,
1842 1493 147 62 recht
2021 1519 74 38 zu
2129 1511 132 57 tun,-
2302 1495 148 62 denn
2486 1496 167 62 nichts
2689 1497 267 62 erscheint

699 1590 102 53 mir
858 1581 383 63 erbärmlicher
1298 1585 83 62 als
1433 1586 91 62 die
1564 1586 267 63 Ausrufe
1881 1587 99 62 der
2029 1605 391 62 sogenannten
2471 1590 334 72 Liebhaber,
2864 1591 90 64 die

699 1685 179 70 einige
911 1677 301 64 technische
1239 1679 343 64 Ausdrücke
1624 1690 53 53 in
1712 1681 110 64 den
1856 1682 251 64 Ateliers
2143 1684 441 81 aufgeschnappt
2617 1685 184 62 haben
2838 1686 116 63 und

698 1780 81 52 sie
828 1795 117 39 nun
995 1780 100 54 mit
1143 1774 356 79 ungeheurer
1540 1775 374 80 Wichtigkeit,
1971 1788 112 53 wie
2132 1778 335 81 Papageien,
2526 1780 423 80 nachplappern.

696 1865 101 63 Bei
840 1867 105 61 Dir
987 1865 294 82 hingegen,
1324 1868 100 63 der
1465 1870 103 63 Du
1608 1870 301 74 verstehst,
1950 1881 112 53 wie
2104 1873 212 62 schwer
2356 1897 63 39 es
2462 1883 86 64 ist,
2593 1874 88 62 die
2723 1874 229 64 Farben

698 1961 132 61 nach
881 1971 184 52 seiner
1104 1962 301 65 Phantasie
1456 1966 108 61 auf
1606 1966 90 62 die
1735 1967 318 62 Leinwand
2101 1991 74 38 zu
2227 1985 212 54 setzen,
2490 1968 89 64 bei
2622 1969 106 61 Dir
2778 1978 71 54 ist
2890 1994 61 40 es

696 2053 336 79 begreiflich,
1091 2056 111 62 daß
1251 2056 103 63 Du
1404 2057 140 62 Dich
1593 2058 149 63 beim
1786 2060 243 62 Anblick
2086 2070 152 53 eines
2284 2061 314 63 Gemäldes
2648 2063 158 63 mehr
2854 2074 98 53 mit

698 2149 128 62 dem
859 2145 371 68 Technischen
1272 2152 369 80 beschäftigst,
1686 2154 110 62 daß
1831 2155 138 61 Dich
2006 2155 183 63 dieser
2229 2155 140 63 oder
2401 2166 153 69 jener
2586 2157 365 74 Pinselstrich,

698 2251 122 54 eine
862 2243 516 82 Farbenmischung
1429 2246 117 63 und
1585 2272 70 38 so
1697 2258 196 52 weiter
1936 2248 117 63 und
2102 2273 69 38 so
2213 2259 197 53 weiter
2450 2260 54 52 in
2546 2251 406 82 Begeisterung

695 2354 262 46 versetzt.
996 2339 126 62 Das
1157 2348 70 53 ist
1260 2340 292 75 natürlich,-
1594 2342 90 63 die
1717 2342 150 72 Idee,
1911 2343 99 62 der
2041 2343 205 63 Funke
2286 2353 70 55 ist
2389 2356 55 52 in
2478 2345 125 74 Dir,
2631 2347 101 62 Du
2767 2348 185 62 suchst

698 2432 89 61 die
820 2432 198 72 Form,
1061 2433 89 62 die
1184 2434 103 63 Du
1329 2436 137 62 noch
1508 2437 141 61 nicht
1681 2436 345 64 beherrschst
2058 2438 118 62 und
2209 2438 368 65 bewunderst
2609 2450 81 54 sie
2723 2442 229 79 gläubig

698 2524 233 73 überall,
975 2551 95 38 wo
1113 2527 102 62 Du
1256 2528 83 63 ihr
1380 2530 321 80 begegnest.
1745 2531 167 62 Aber
1951 2532 93 79 gib
2086 2533 143 63 acht!
2281 2533 155 64 diese
2477 2535 179 62 Form
2699 2545 71 53 ist
2811 2538 141 61 nicht

695 2618 158 74 alles,
903 2621 119 62 und
1070 2624 236 62 worauf
1354 2624 102 62 Du
1499 2625 138 62 Dich
1687 2627 136 61 auch
1872 2627 238 63 berufen
2153 2629 177 72 mußt.
2380 2630 102 62 Du
2533 2631 161 62 sollst
2735 2631 82 64 ihr
2859 2631 90 64 die

694 2715 133 62 Idee
868 2718 396 62 voranstellen.
1310 2719 81 62 Ich
1434 2719 113 63 will
1589 2720 102 62 das
1735 2720 281 76 erklären,-
2065 2733 89 53 ein
2199 2723 286 64 Gemälde
2526 2725 106 64 soll
2676 2726 91 63 für
2808 2728 139 62 Dich

694 2810 140 61 nicht
864 2809 133 63 bloß
1032 2820 89 54 ein
1155 2811 467 82 Farbengemisch
1657 2815 109 63 auf
1791 2825 153 54 einer
1966 2818 315 63 Leinwand
2314 2819 300 64 bedeuten.
2652 2820 102 63 Du
2789 2822 160 62 sollst

691 2903 139 62 Dich
874 2905 140 61 nicht
1048 2905 386 64 fortwährend
1469 2908 200 62 darum
1710 2909 312 74 kümmern,
2058 2911 165 63 durch
2259 2913 243 64 welchen
2537 2916 410 62 mechanischen

690 2998 241 74 Prozeß,
985 2999 165 63 durch
1201 3001 205 63 welche
1447 3002 189 63 Farbe
1688 3005 90 62 die
1820 3005 287 81 Wirkung
2148 3008 226 61 erreicht
2415 3008 238 63 worden
2706 3019 85 54 ist.
2844 3011 103 62 Du

690 3092 160 64 sollst
900 3118 106 38 nur
1048 3093 103 64 das
1196 3095 207 63 Ganze
1444 3096 195 72 sehen,
1691 3099 118 62 und
1850 3100 138 61 Dich
2032 3100 211 80 fragen,
2303 3102 76 61 ob
2430 3102 103 63 das
2576 3104 184 62 Werk
2810 3105 137 62 auch

691 3187 102 63 das
837 3198 88 62 ist,
976 3214 123 38 was
1150 3213 61 39 es
1263 3200 120 53 sein
1434 3191 125 73 soll,
1608 3192 76 63 ob
1729 3194 99 62 der
1869 3195 274 64 Künstler
2184 3196 304 64 tatsächlich
2543 3208 88 53 ein
2673 3199 274 65 Künstler

689 3290 85 54 ist.
820 3283 61 61 In
924 3283 109 62 den
1067 3284 216 79 Augen
1326 3295 154 54 eines
1514 3286 177 64 Laien
1733 3288 117 80 gibt
1889 3312 62 39 es
1984 3299 56 69 ja
2072 3313 68 40 so
2176 3300 185 70 wenig
2397 3292 372 64 Unterschied
2801 3304 146 52 zwi*

689 3377 161 62 sehen
892 3386 182 54 einem
1108 3379 189 62 Kitsch
1342 3380 118 63 und
1493 3389 181 55 einem
1709 3383 415 63 Meisterwerk,
2170 3386 100 62 Bei
2311 3387 144 62 allen
2497 3387 203 62 beiden
2733 3388 119 79 gibt
2882 3412 61 40 es

689 3471 195 72 Weiß,
934 3473 117 61 Rot
1091 3497 167 49 usw,,
1307 3476 398 72 Pinselstriche,
1756 3478 315 64 Leinwand
2120 3480 118 62 und
2280 3490 163 53 einen
2483 3481 276 65 Rahmen.
2820 3485 124 61 Der

690 3563 370 65 Unterschied
1103 3576 70 53 ist
1213 3593 107 38 nur
1362 3577 53 55 in
1458 3570 213 62 diesem
1714 3571 227 72 Etwas,
1993 3572 103 62 das
2137 3573 200 63 keinen
2379 3575 238 63 Namen
2660 3576 114 72 hat,
2827 3577 119 63 und

690 3657 100 64 das
826 3660 164 62 allein
1024 3660 100 63 der
1149 3662 297 64 Verstand
1480 3665 117 61 und
1632 3666 99 62 der
1767 3666 344 64 Geschmack
2145 3667 296 65 offenbart.
2478 3670 209 62 Dieses
2714 3670 229 72 Etwas,

690 3753 100 62 das
840 3753 394 66 künstlerische
1283 3758 343 81 Empfinden
1678 3769 155 55 eines
1876 3761 540 64 Unbestimmbaren
2459 3764 139 72 ist's,
2657 3765 103 62 das
2811 3789 131 40 man

689 3871 106 37 vor
828 3848 162 63 allem
1025 3850 303 65 entdecken
1363 3853 118 62 und
1513 3854 353 64 bewundern
1893 3857 151 62 muß.
2090 3857 174 63 Dann
2298 3874 113 46 erst
2443 3858 204 65 kannst
2673 3861 101 62 Du
2808 3885 135 39 ver*

693 3941 219 71 suchen,
955 3943 88 61 die
1069 3943 250 75 Manier,
1361 3947 91 63 die
1486 3971 61 39 er
1580 3972 73 38 an
1657 3949 246 73 wendet,
1938 3949 219 65 kennen
2192 3976 74 38 zu
2302 3952 219 75 lernen,-
2554 3953 150 64 dann
2739 3954 204 64 kannst
