3245 4572
1177 458 164 49 ‘Franz
1374 452 120 55 Bfei,
1886 451 104 50 Die
2151 444 274 55 Katßofißen
1993 451 49 43 in
2075 442 350 53 Deutscßfand

667 462 93 50 284

673 691 73 38 zu
787 663 356 63 Verbrechen
1183 656 193 64 stellen
1417 652 81 61 als
1540 651 103 61 das
1684 647 180 70 Land,
1907 647 109 60 auf
2049 645 129 62 dem
2221 645 89 61 die
2343 644 344 62 Katholiken
2730 644 181 62 leben.

753 760 126 61 Das
919 765 192 53 wären
1160 751 88 60 die
1287 746 220 64 Zahlen
1557 743 100 61 der
1704 739 414 63 unstreitbaren
2159 739 238 61 Fakten.
2442 739 155 61 Was
2646 738 127 62 sind
2823 738 91 60 die

674 853 287 62 Ursachen
1003 848 97 61 der
1138 839 410 78 Erscheinung?
1587 835 127 63 Wo
1756 834 126 62 sind
1924 834 91 61 die
2164 833 341 62 Remedien?

753 946 112 61 Die
882 945 383 59 Protestanten
1290 934 222 61 machen
1539 931 90 61 für
1655 929 109 61 den
1782 929 303 78 Rückgang
2110 927 110 62 den
2246 927 376 61 katholischen
2643 924 273 62 Glauben

682 1040 179 62 selber
899 1030 453 67 verantwortlich.
1403 1027 149 61 Man
1601 1023 170 62 kennt
1820 1023 123 70 das,
1994 1023 118 61 und
2152 1022 228 61 braucht
2420 1022 107 61 sich
2570 1021 165 61 dabei
2777 1022 142 58 nicht

678 1130 375 63 aufzuhalten.
1097 1126 84 61 Es
1215 1121 141 62 wird
1397 1129 89 53 ein
1520 1119 128 60 aufs
1682 1117 336 61 Intensivste
2051 1125 362 70 gesteigerter
2438 1115 479 61 Industrialismus

683 1225 81 61 als
815 1232 175 67 einzig
1037 1220 214 75 richtige
1294 1215 190 62 Norm
1533 1234 337 57 genommen
1914 1210 118 61 und
2074 1234 123 38 was
2239 1234 72 37 an
2354 1209 184 61 dieser
2579 1209 197 61 Norm

675 1341 219 39 messen
934 1339 74 37 zu
1047 1314 136 60 kurz
1224 1312 212 59 kommt
1478 1308 90 61 für
1608 1305 354 78 rückständig
2002 1305 218 61 erklärt.
2265 1305 115 61 Die
2411 1304 366 77 Vergottung
2818 1303 103 61 des

678 1412 259 62 irdischen
976 1407 385 76 Lebensgutes
1406 1402 221 62 schließt
1666 1400 164 78 jeden
1872 1399 213 61 andern
2122 1398 396 63 Gottesdienst
2559 1421 125 47 aus,
2728 1397 193 61 sofern

678 1529 58 38 er
783 1502 155 62 mehr
986 1501 80 59 als
1117 1508 123 52 eine
1290 1497 179 61 kleine
1519 1493 410 80 Seitenkapelle
1978 1492 385 80 beansprucht.
2417 1493 125 60 Der
2584 1491 341 61 katholische

675 1596 228 65 Glaube
952 1593 252 78 verlangt
1252 1592 109 61 den
1402 1588 360 82 Hauptaltar,
1816 1588 189 60 Dabei
2047 1588 135 60 muß
2225 1587 101 61 das
2372 1586 272 63 Geschäft
2684 1587 242 59 zurück*»

673 1691 197 78 gehen,
912 1690 146 60 denn
1101 1687 108 61 auf
1243 1686 128 61 dem
1413 1684 346 78 Hauptaltar
1799 1682 106 61 soll
1948 1682 118 60 und
2107 1681 133 61 muß
2283 1691 126 51 eine
2451 1680 129 61 aufs
2613 1679 312 62 Praktische

675 1784 285 77 gerichtete
1025 1781 204 61 Messe
1295 1779 292 62 celebriert
1651 1775 249 62 werden.
1967 1775 168 61 Nach
2199 1774 256 77 heutiger
2510 1774 413 75 Anschauung.

673 1878 164 61 Aber
876 1886 103 50 wir
1020 1875 207 61 wollen
1268 1874 125 61 kein
1436 1872 332 62 asketisches
1809 1870 152 61 Ideal
2004 1869 283 80 predigen,
2329 1868 209 62 wollen
2580 1877 98 50 mit
2711 1868 214 59 nichten

677 1971 87 61 die
805 1969 157 63 Erde
1013 1968 118 61 und
1181 1968 103 61 das
1324 1967 195 61 Leben
1569 1966 226 61 schlecht
1836 1964 246 70 machen,
2126 1963 147 61 denn
2315 1986 118 37 von
2476 1985 208 38 unsern
2728 1971 202 49 natür*»

678 2065 165 61 liehen
876 2063 351 77 Neigungen
1268 2084 145 54 ganz
1456 2058 339 79 abgesehen,
1839 2057 151 61 heißt
2030 2080 106 38 uns
2173 2056 268 62 Christus
2484 2056 89 59 die
2607 2054 159 61 Erde
2809 2053 121 61 und

679 2159 100 59 das
829 2157 192 61 Leben
1070 2155 201 70 lieben,
1322 2162 112 54 wie
1481 2154 189 59 keiner
1719 2152 192 60 diesen
1953 2150 199 62 Zuruf
2190 2150 369 77 jauchzender
2601 2165 167 60 getan
2810 2147 115 60 hat.

754 2251 170 61 Denn
959 2250 133 61 dass
1122 2249 216 62 Christi
1362 2248 185 60 Lehre
1581 2246 118 61 und
1729 2245 242 79 Beispiel
2005 2245 105 61 sich
2145 2267 176 54 gegen
2357 2242 103 63 das
2479 2241 448 62 Wohlbefmden

679 2345 107 61 auf
818 2345 198 61 Erden
1058 2342 299 81 gewendet
1398 2342 114 69 hat,
1554 2350 125 52 eine
1719 2340 183 61 solche
1935 2339 379 79 Behauptung
2345 2338 141 61 ließe
2521 2338 106 59 sich
2662 2336 268 61 vielleicht

678 2448 98 51 mit
816 2437 440 79 irgendwelchen
1305 2435 328 61 christlichen
1684 2429 334 81 Theologen
2067 2443 243 59 stützen,
2359 2430 234 61 niemals
2654 2429 136 61 aber
2831 2438 100 51 mit

680 2532 101 62 der
835 2556 117 37 von
1012 2531 269 62 Christus
1340 2529 359 79 gepredigten
1746 2527 183 63 Lehre
1980 2527 115 60 und
2146 2526 128 61 dem
2331 2550 117 37 von
2500 2524 120 61 Ihm
2671 2523 257 79 gelebten

679 2625 194 62 Leben
908 2625 198 61 selber.
1143 2623 87 63 Es
1265 2648 129 53 mag
1427 2648 107 36 uns
1563 2622 219 61 erlaubt
1804 2631 140 61 sein,
1969 2645 116 37 von
2113 2620 99 62 der
2237 2616 317 81 Theologie
2580 2617 351 70 abzusehen,

680 2719 148 62 denn
871 2719 98 61 der
1012 2717 232 63 Glaube
1286 2728 70 50 ist
1394 2728 55 66 ja
1489 2717 168 60 nichts
1691 2715 591 70 Wissenschaftliches,
2315 2738 170 37 wenn
2519 2714 138 59 auch
2692 2711 239 61 ethische

682 2811 117 61 und
840 2810 374 79 theologische
1256 2810 266 79 Systeme
1562 2834 118 37 von
1722 2809 112 61 ihm
1868 2809 289 77 ausgehen
2192 2808 244 69 können,
2590 2829 60 37 er
2683 2815 71 51 ist
2787 2828 145 55 ganz

680 2904 211 71 Leben,
934 2905 117 61 und
1092 2904 193 62 Leben
1328 2904 150 61 heißt
1519 2900 151 75 Tun,
1712 2904 138 61 nicht
1884 2903 383 79 Spekulieren,
2303 2902 80 78 Ja,
2419 2900 103 61 das
2556 2899 195 62 Leben
2785 2898 151 62 steht

683 2999 138 61 nicht
861 2998 195 71 höher,
1100 2998 134 61 aber
1276 2999 136 60 auch
1454 2999 140 60 nicht
1633 2997 276 79 niedriger
1949 2997 83 61 als
2076 2996 100 61 der
2218 2994 253 71 Glaube,
2514 2993 120 62 und
2684 3003 89 51 ein
2824 3016 112 37 un*

684 3092 441 62 vollkommener
1145 3093 233 63 Glaube
1395 3092 414 80 disqualifiziert
1834 3092 139 60 nicht
1997 3091 158 61 mehr
2182 3091 82 60 als
2292 3100 88 51 ein
2409 3087 528 62 unvollkommenes

685 3185 208 62 Leben,
938 3186 112 61 Die
1092 3187 184 78 Klage
1319 3186 140 61 über
1500 3186 109 61 den
1655 3184 370 62 wachsenden
2066 3182 314 79 Mißerfolg
2430 3182 102 61 der
2573 3180 363 70 Katholiken,

688 3279 81 61 als
810 3280 204 61 welche
1064 3280 90 61 die
1201 3280 432 62 Nachkommen
1684 3279 99 62 der
1832 3295 187 45 ersten
2062 3278 271 62 Christen
2383 3276 126 62 sind
2560 3275 118 61 und
2720 3274 218 62 Christi

689 3371 202 73 Werk,
932 3374 110 77 legt
1083 3374 90 61 die
1213 3374 188 79 Frage
1441 3398 117 37 nun
1600 3375 289 60 zunächst:
1934 3396 221 38 warum
2198 3371 147 61 hatte
2389 3370 270 62 Christus
2701 3369 239 76 Erfolg?

691 3465 133 63 Wir
879 3468 205 61 wollen
1143 3478 123 52 eine
1314 3469 277 61 Antwort
1646 3468 329 70 versuchen,
2032 3467 82 62 als
2174 3467 75 61 ob
2307 3490 64 38 es
2428 3465 162 61 keine
2650 3464 294 61 christliche

693 3556 311 82 Theologie
1046 3562 163 77 gäbe,
1251 3563 246 61 sondern
1539 3565 168 59 nichts
1750 3562 81 61 als
1883 3561 90 62 die
2023 3559 448 63 unbestreitbare
2512 3554 278 66 Tatsache
2839 3557 101 61 des

694 3651 285 79 Erfolges,
1020 3655 226 61 nämlich
1289 3656 90 61 die
1420 3655 289 62 christliche
1742 3656 219 70 Kirche,
2005 3655 118 61 und
2164 3653 126 63 kein
2333 3653 240 61 anderes
2608 3651 336 62 Dokument

697 3745 81 61 als
819 3746 89 61 die
947 3758 118 50 vier
1106 3750 372 79 Biographien
1521 3773 234 39 unseres
1797 3750 209 70 Herrn,
2049 3749 172 61 deren
2263 3749 249 61 kritische
2552 3747 254 77 Prüfung
2838 3754 108 52 wir

701 3839 137 60 nicht
893 3840 214 62 kennen
1163 3843 293 71 brauchen,
1515 3844 73 61 da
1644 3854 82 51 sie
1775 3844 221 61 Details
2055 3843 227 71 betrifft,
2331 3841 92 63 die
2471 3866 108 36 uns
2630 3840 118 61 hier
2804 3840 144 60 nicht

705 3928 303 67 kümmern.
1051 3935 248 63 Warum
1350 3938 122 61 also
1512 3962 123 36 war
1668 3937 268 62 Christus
1972 3938 352 76 erfolgreich?
2370 3935 196 79 »Jeder
2598 3932 350 64 Bestandteil
