3240 4572
1021 456 135 50 Max
1182 453 200 56 Scßefer,
1427 451 233 52 Verstieße
1692 457 138 43 einer
1854 449 314 60 Pßifosopßie
2197 449 89 49 des
2316 447 195 51 Leßens

647 456 95 49 224

651 670 110 52 tritt
785 672 54 50 in
855 659 308 62 Menschen
1191 666 87 51 ein
1305 655 200 61 freier
1521 651 385 62 Überschuß
1932 650 100 62 des
2054 650 232 62 Geistes
2314 650 141 61 über
2479 650 89 61 die
2586 647 304 63 Lebens®

654 753 310 63 notdurft
1003 750 248 61 hervor
1285 746 116 61 und
1434 745 172 61 damit
1639 754 125 52 eine
1796 744 265 77 mögliche
2093 741 395 79 Entwindung
2521 741 100 63 des
2657 740 233 62 Geistes

655 872 106 37 aus
822 847 109 61 den
988 854 250 51 eisernen
1286 839 329 62 Klammern
1665 837 99 61 der
1811 835 457 64 Milieustruktur
2316 835 119 63 und
2483 835 101 63 des
2634 834 82 62 ihr
2765 852 127 44 ent®

655 937 372 83 sprechenden
1053 937 589 75 Kategoriensystems
1667 955 75 37 zu
1775 940 183 52 einem
1993 931 210 61 freien
2230 929 168 61 Blick
2438 938 55 52 in
2528 929 102 61 das
2655 928 103 61 All
2793 928 99 62 der

658 1035 166 62 Welt
857 1032 187 62 selbst.
1078 1028 296 77 Analoges
1413 1041 145 46 setzt
1589 1026 105 61 sich
1730 1035 56 51 in
1819 1025 99 61 der
1937 1023 325 63 Geschichte
2295 1023 100 63 des
2413 1023 312 61 Menschen
2760 1023 127 61 fort.

663 1129 124 61 Der
841 1141 249 64 gesamte
1128 1121 419 62 Mechanismus
1604 1141 235 39 unserer
1877 1117 574 63 Arbeitszivilisation
2509 1116 119 61 und
2685 1116 204 62 dessen

657 1220 210 62 soziale
900 1219 402 76 Organisation
1335 1223 180 52 sowie
1556 1213 104 61 das
1695 1211 113 63 ihm
1840 1235 188 55 genau
2062 1211 433 79 entsprechende
2527 1210 363 62 theoretische

659 1310 273 64 Weltbild
965 1310 98 60 der
1093 1307 406 62 mechanischen
1516 1305 408 63 Naturansicht
1956 1304 118 62 und
2107 1304 100 62 der
2236 1304 657 79 Assoziationspsycho®

657 1407 162 76 logie,
852 1413 292 69 gewinnen
1177 1425 116 37 von
1326 1399 221 63 dieser
1573 1399 587 78 Grundbestimmung
2183 1399 285 78 Bergsons
2497 1398 89 61 für
2611 1398 93 61 ihn
2730 1407 160 52 einen

657 1521 184 38 neuen
884 1497 154 69 Sinn,
1093 1503 88 52 ein
1231 1516 176 38 neues
1448 1493 188 70 Recht,
1685 1493 136 60 aber
1869 1493 136 60 auch
2055 1502 124 51 eine
2228 1515 147 38 neue
2426 1491 290 62 Schranke.
2777 1491 115 59 Die

659 1590 568 62 Arbeitszivilisation
1284 1586 212 62 enthält
1546 1587 161 60 nicht
1755 1586 92 61 die
1893 1595 281 70 positiven
2215 1585 391 62 Kulturwerte
2655 1608 234 38 unseres

653 1684 240 71 Lebens,
927 1682 89 63 die
1041 1681 388 78 Rechtsregeln
1460 1690 154 67 jener
1639 1680 409 77 Organisation
2081 1680 164 61 nicht
2277 1679 104 62 das
2414 1689 241 68 positive
2681 1677 211 72 Ethos,

653 1788 152 67 jenes
847 1776 371 61 mechanische
1257 1774 126 62 Bild
1421 1798 118 37 von
1571 1773 199 62 Natur
1812 1773 118 61 und
1963 1773 168 62 Seele
2169 1773 163 61 nicht
2372 1773 103 61 das
2517 1770 197 62 wahre
2753 1771 139 61 An®

654 1872 104 61 sich
809 1870 98 61 der
946 1869 179 62 Welt.
1178 1869 97 61 Sie
1331 1868 126 61 sind
1504 1867 270 62 vielmehr
1830 1867 107 62 alle
1991 1889 332 39 zusammen
2379 1865 242 78 lediglich
2677 1864 216 62 dienst®

654 1964 235 63 leistend
930 1963 91 61 für
1053 1963 91 61 die
1185 1972 333 52 successive
1558 1961 305 77 Befreiung
1902 1959 102 63 des
2040 1959 231 63 Geistes
2313 1983 102 37 zur
2446 1959 447 77 Anschauung

657 2057 133 61 und
827 2057 204 61 Liebe
1073 2056 254 62 Gottes
1370 2055 134 61 und
1561 2053 117 63 der
1717 2053 202 61 Welt,
1979 2053 162 79 Jedes
2182 2053 345 61 Fortrücken
2586 2051 99 62 der
2741 2051 149 61 tech®

657 2151 218 61 nischen
916 2150 376 70 Zivilisation,
1342 2149 101 61 der
1482 2146 505 78 Rechtsbildungen
2029 2146 118 61 und
2196 2146 99 61 der
2342 2146 251 61 sozialen
2635 2145 257 77 Organi®

657 2254 256 51 sationen
947 2244 282 61 bestimmt
1262 2243 139 59 nicht
1434 2240 283 77 eindeutig
1750 2239 90 62 die
1859 2240 346 77 Gestaltung
2238 2239 99 62 der
2367 2248 268 68 geistigen
2661 2237 229 72 Kultur,

657 2347 110 52 wie
818 2338 99 61 der
968 2337 320 60 historische
1326 2335 447 61 Materialismus
1821 2334 117 61 und
1984 2333 437 62 Rationalismus
2471 2342 186 53 meint.
2708 2331 185 61 Wohl

660 2431 137 60 aber
843 2431 239 60 schaffen
1131 2438 82 52 sie
1261 2438 89 52 ein
1392 2428 230 77 System
1664 2450 174 38 neuer
1877 2427 552 61 Durchbruchstellen
2473 2427 90 61 für
2602 2425 109 61 den
2753 2442 137 44 stets

663 2522 435 79 andrängenden
1140 2522 432 77 schöpferischen
1608 2519 169 63 Geist
1816 2519 116 61 und
1972 2530 155 52 seine
2168 2542 185 40 neuen
2394 2519 232 70 Inhalte,
2667 2518 226 70 Werte,

662 2615 118 61 und
819 2615 332 77 Bildungen,
1192 2613 89 61 die
1330 2613 81 61 als
1462 2622 86 52 ein
1604 2636 117 37 von
1779 2612 99 61 der
1928 2611 344 80 Gestaltung
2328 2612 99 61 der
2474 2608 260 74 Technik,
2791 2611 101 61 des

658 2709 198 61 Rechts
899 2709 117 59 und
1049 2707 99 63 der
1187 2707 407 61 Wissenschaft
1634 2705 455 72 Unableitbares,
2131 2706 208 62 Neues
2390 2706 118 61 und
2550 2704 344 63 Unvorher®

657 2801 266 64 sehbares
958 2801 358 79 schöpferisch
1350 2810 84 51 ins
1468 2800 216 61 Dasein
1718 2815 195 45 treten.
1957 2799 752 77 Problemverschlingungen
2749 2822 145 54 ganz

655 2905 224 68 eigener
919 2895 117 61 und
1077 2897 80 59 oft
1206 2894 403 79 fragwürdiger
1648 2894 118 61 Art
1813 2893 242 79 ergeben
2104 2895 106 60 sich
2259 2918 106 37 aus
2417 2894 192 60 diesen
2653 2892 244 62 Grund®

657 2988 444 79 bestimmungen
1134 3012 117 38 von
1283 2988 221 61 Aktion
1538 2988 118 61 und
1688 2987 493 79 Wahrnehmung.
2217 2988 124 61 Der
2375 2986 371 62 Unterschied
2776 3010 117 36 von

653 3082 226 79 Körper
911 3082 116 61 und
1062 3081 163 62 Seele
1258 3091 248 68 gewinnt
1538 3090 161 52 einen
1726 3079 505 79 Zusammenhang
2263 3090 98 50 mit
2385 3079 128 61 dem
2539 3104 116 36 von
2673 3078 224 62 Wahr®

654 3175 283 77 nehmung
978 3175 115 61 und
1134 3176 376 76 Erinnerung,
1556 3175 113 61 Die
1711 3198 165 55 pure
1907 3173 572 78 Wahrnehmung,
2515 3173 88 60 die
2635 3182 101 51 mit
2769 3172 127 61 dem

653 3270 133 61 Sein
838 3269 98 62 der
977 3270 226 79 Körper
1251 3270 475 70 zusammenfiele,
1775 3278 72 52 ist
1893 3269 133 61 nach
2076 3269 253 76 Bergson
2379 3284 189 61 streng
2615 3276 281 51 instantan

653 3387 75 35 zu
770 3361 232 63 denken.
1048 3361 97 63 Ihn
1189 3361 81 63 ihr
1311 3363 147 61 kann
1501 3363 168 59 nichts
1716 3361 285 61 »dauern«
2048 3360 117 61 und
2206 3361 166 60 nichts
2417 3369 123 52 eine
2574 3359 323 62 Geschichte

657 3455 198 63 haben.
907 3457 113 61 Die
1062 3455 212 63 Inhalte
1325 3455 127 63 sind
1501 3466 53 50 in
1606 3455 83 61 ihr
1728 3466 141 50 rein
1910 3455 305 61 räumlich
2264 3454 275 78 geordnet
2677 3477 69 38 so
2788 3453 109 61 daß

660 3549 167 61 bloße
866 3549 198 63 Natur
1106 3560 72 50 im
1222 3549 247 63 Grunde
1518 3581 61 17 ■—
1632 3548 209 61 ähnlich
1883 3558 111 51 wie
2034 3548 89 61 bei
2164 3548 312 61 Descartes
2518 3579 63 16 ■—
2621 3556 54 52 in
2715 3547 183 77 jedem

658 3642 349 78 Augenblick
1048 3666 111 38 neu
1194 3642 244 62 entsteht
1479 3642 117 62 und
1629 3641 249 79 vergeht.
1925 3641 97 62 Sie
2062 3641 212 61 enthält
2314 3640 376 78 ursprünglich
2730 3641 167 60 nichts

660 3759 117 37 von
820 3736 223 71 »Zeit«,
1085 3736 245 62 sondern
1372 3760 106 37 nur
1523 3737 437 78 »gleichzeitige«
2003 3735 232 70 Inhalte,
2277 3734 90 60 die
2409 3744 53 50 in
2498 3734 400 62 funktionellen

664 3828 485 78 Abhängigkeiten
1205 3831 423 77 geometrischer
1674 3830 118 61 Art
1847 3829 214 62 stehen.
2113 3829 122 59 Für
2282 3829 253 76 Bergson
2584 3828 135 60 muß
2767 3852 131 36 man

665 3919 167 61 schon
886 3929 54 52 in
997 3921 98 61 der
1140 3923 299 60 Mechanik
1495 3924 139 59 nicht
1689 3947 107 36 nur
1852 3921 88 61 die
1990 3920 329 62 Zeitmaße
2375 3920 108 61 auf
2515 3920 383 62 Raummaße
