3244 4572
1320 458 166 53 ACaitt,
1522 454 174 51 Kfeine
2049 452 113 52 VorscßCä
2163 471 97 29 zum
2261 450 105 50 Leßen

718 461 96 50 250

725 667 227 62 können
993 673 81 53 sie
1113 663 106 61 sich
1261 659 134 61 dock
1437 668 52 51 in
1531 656 173 61 ihrem
1736 650 165 83 Topf
1934 663 291 67 eingeengt
2265 653 209 61 fühlen.
2517 651 143 63 Von
2701 651 258 79 Karpfen

734 761 97 61 hat
871 782 131 40 man
1042 766 102 52 mir
1185 763 121 52 eine
1339 750 321 64 Geschichte
1701 747 228 62 erzählt.
1973 747 97 62 Sie
2103 745 184 63 lebten
2320 755 55 53 in
2408 755 180 53 einem
2621 745 241 63 Weiher
2895 769 70 39 so

727 870 120 62 gut,
889 851 109 62 daß
1038 858 82 54 sie
1160 848 96 60 fett
1286 844 117 63 und
1435 843 128 61 sehr
1595 839 510 64 wohlschmeckend
2138 838 256 62 wurden.
2437 839 139 63 Nur
2608 838 219 62 Kinder

730 947 201 61 kamen
971 954 81 52 sie
1092 942 151 60 nicht.
1287 938 96 63 Sie
1417 936 213 62 fühlten
1672 936 106 61 sich
1820 959 74 37 zu
1927 933 154 61 wohl
2117 933 165 61 dazu.
2326 933 123 61 Der
2481 933 482 79 Karpfenzüchter

730 1056 178 47 setzte
948 1062 116 36 nun
1105 1044 176 67 einige
1313 1031 343 79 Exemplare
1696 1029 183 60 dieser
1919 1030 106 59 sich
2067 1027 174 62 selbst
2273 1026 369 79 genügenden
2676 1027 196 61 Fische
2905 1035 58 53 in

732 1143 160 52 einen
933 1131 276 60 kleineren
1242 1121 172 83 Topf,
1456 1124 102 61 das
1592 1121 150 62 heißt
1774 1131 56 51 in
1864 1130 88 52 ein
1986 1120 456 71 Elendswasser,
2482 1129 111 52 wie
2626 1119 90 62 die
2742 1120 226 61 Fischer

731 1237 161 52 einen
933 1222 240 62 Weiher
1212 1242 241 46 nennen,
1501 1227 54 52 in
1599 1216 128 61 dem
1769 1215 90 61 die
1898 1215 197 61 Fische
2134 1237 192 54 mager
2367 1213 235 62 bleiben.
2663 1213 143 61 Und
2847 1213 118 62 hier

731 1319 253 63 brachten
1041 1324 81 54 sie
1171 1313 342 76 Unmengen
1568 1309 207 62 kleiner
1822 1309 257 79 Karpfen
2127 1332 103 37 zur
2278 1307 180 71 Welt,
2515 1307 91 61 die
2654 1331 131 37 man
2834 1331 134 37 zum

731 1408 357 66 Fettwerden
1129 1407 212 62 wieder
1381 1415 55 52 in
1477 1404 109 61 den
1625 1420 173 61 guten
1839 1401 242 63 Weiher
2121 1417 193 45 setzte,

807 1504 328 76 Analogien
1177 1498 166 63 dafür
1383 1509 53 52 in
1478 1498 99 61 der
1615 1495 654 78 Menschengesellschaft
2308 1519 75 37 zu
2424 1493 205 70 finden,
2678 1502 71 54 ist
2796 1493 169 61 leicht.

730 1600 261 61 Woraus
1033 1619 131 37 man
1206 1594 150 61 dann
1389 1592 269 61 schließen
1700 1590 211 70 müßte,
1953 1589 110 61 daß
2104 1587 103 61 das
2240 1587 190 61 Elend
2471 1587 102 61 das
2608 1586 189 62 Elend
2837 1610 99 38 ver-

732 1691 216 63 ursacht
1003 1689 141 61 nicht
1191 1686 82 63 als
1331 1697 88 50 ein
1468 1684 193 62 Effekt
1717 1707 104 37 aus
1870 1683 412 69 Institutionen,
2339 1680 246 62 sondern
2642 1679 168 62 durch
2869 1680 101 61 das

734 1784 152 80 Spiel
937 1782 377 62 animalischer
1353 1780 214 61 Kräfte,
1628 1778 113 61 Die
1789 1775 325 79 glücklichen
2155 1774 222 62 Völker
2424 1774 335 61 bekommen
2810 1774 160 61 keine

734 1878 236 69 Kinder,
1012 1874 119 63 und
1169 1872 419 65 verschwinden
1630 1895 87 45 so,
1759 1879 213 69 getötet
2010 1892 117 37 von
2169 1868 174 62 ihrem
2377 1867 199 62 Glück.
2620 1868 125 61 Das
2780 1867 190 61 Elend

736 1971 334 62 verbreitete
1110 1968 106 61 sich
1266 1976 54 52 in
1370 1966 99 62 der
1508 1963 164 62 Welt
1719 1973 112 51 wie
1880 1972 88 51 ein
2011 1959 229 64 Ölfleck.
2300 1959 142 63 Und
2491 1959 99 63 der
2637 1968 336 69 gutregierte

737 2066 181 69 Staat,
960 2074 54 52 in
1056 2062 129 61 dem
1226 2060 100 62 der
1357 2060 240 76 Hunger
1639 2056 324 63 unbekannt
1995 2065 174 60 wäre,
2211 2053 199 63 würde
2449 2078 117 38 von
2608 2053 109 61 den
2759 2052 212 62 andern

737 2158 238 77 vertilgt,
1016 2155 256 76 beseitigt
1312 2151 247 61 werden.
1602 2151 113 60 Die
1751 2147 409 78 Gerechtigkeit
2199 2146 192 62 stürbe
2430 2170 74 37 an
2546 2146 99 61 der
2676 2146 298 62 Fettsucht,

823 2250 200 62 »Aber
1064 2248 242 78 glauben
1350 2245 95 62 Sie
1492 2245 157 69 nicht,
1700 2243 144 77 frägt
1891 2243 133 59 mich
2075 2250 87 52 ein
2212 2257 212 44 ernster
2463 2240 206 70 Mann,
2728 2239 109 62 daß
2889 2239 89 61 die

739 2344 312 62 Menschen
1110 2342 105 61 sich
1273 2339 130 61 sehr
1456 2362 117 37 von
1632 2337 109 61 den
1797 2332 204 64 Tieren
2058 2333 416 62 unterscheiden
2540 2333 116 61 und
2714 2333 110 61 daß
2890 2333 90 61 die

741 2437 390 63 menschlichen
1173 2433 201 70 Fakta,
1414 2456 117 38 von
1573 2432 182 60 denen
1798 2431 95 61 Sie
1934 2429 278 79 sprechen,
2253 2427 109 62 viel
2401 2428 158 61 mehr
2597 2451 137 38 vom
2766 2427 216 61 Willen

744 2531 297 76 abhängen
1083 2528 81 61 als
1205 2550 117 38 von
1364 2526 331 61 natürlichen
1738 2523 355 61 Ursachen?«

824 2621 333 64 Zweifellos
1206 2620 219 77 hängen
1474 2627 80 53 sie
1593 2641 135 37 vom
1770 2616 215 61 Willen
2035 2613 88 63 ab.
2181 2613 168 63 Aber
2397 2638 214 38 wovon
2662 2612 171 78 hängt
2881 2612 101 61 der

745 2716 177 63 Wille
964 2715 104 61 ab?
1113 2715 270 60 Könnten
1426 2711 89 61 die
1554 2710 255 79 Karpfen
1850 2710 281 77 sprechen,
2174 2732 67 38 so
2282 2724 197 61 sagten
2519 2716 83 52 sie
2642 2707 187 70 sicher,
2871 2705 111 62 daß

745 2820 83 54 sie
868 2808 303 62 willentlich
1214 2807 115 60 ihre
1371 2805 299 62 Geburten
1719 2803 412 70 einschränken,
2181 2826 96 38 um
2326 2801 129 61 dem
2495 2800 191 61 Elend
2734 2824 74 37 zu

743 2903 196 79 gehen.
976 2903 115 60 Die
1121 2901 239 77 gleichen
1386 2901 205 74 Dinge,
1625 2898 89 61 die
1748 2921 107 37 uns
1889 2895 242 63 handeln
2164 2895 245 69 machen,
2443 2894 225 60 machen
2702 2917 107 37 uns
2843 2893 136 60 auch

743 2998 223 60 wollen.

1841 3162 53 59 6.

819 3278 83 60 Ich
943 3276 152 62 stelle
1134 3271 218 65 Tolstoi
1401 3274 127 61 sehr
1575 3271 156 62 hoch;
1783 3280 88 52 ein
1919 3270 215 61 Pharus
2182 3267 137 61 über
2368 3266 107 61 den
2517 3266 252 61 Meeren,
2811 3265 165 61 Aber

743 3373 76 61 ich
861 3373 93 59 bin
1004 3370 270 61 durchaus
1316 3369 138 60 nicht
1492 3366 229 79 gepackt
1759 3389 116 37 von
1924 3364 148 71 dem,
2121 3385 121 37 was
2290 3384 131 37 man
2469 3360 311 76 gemeinhin
2830 3368 153 53 seine

746 3465 167 61 Ideen
957 3481 184 43 nennt.
1183 3462 94 61 Sie
1310 3460 123 61 sind
1466 3460 126 60 sehr
1625 3458 208 62 einfach
1867 3458 116 61 und
2017 3453 386 63 einleuchtend.
2439 3453 141 61 Fast
2610 3477 74 35 zu
2715 3452 143 60 sehr.
2895 3452 88 60 Es

748 3559 115 78 gibt
903 3556 551 78 Ungerechtigkeiten
1496 3553 209 61 überall
1745 3576 97 37 wo
1884 3575 59 37 es
1976 3549 306 63 Menschen
2323 3547 144 77 gibt/
2497 3570 60 36 es
2590 3556 68 50 ist
2691 3545 167 72 leicht,
2901 3554 80 54 sie

751 3676 73 37 zu
865 3651 188 71 sehen,
1099 3648 103 61 auf
1245 3648 114 61 ihre
1400 3647 286 61 Ursachen
1727 3643 455 78 zurückzugehen
2224 3641 117 61 und
2373 3664 72 36 zu
2478 3662 189 55 sagen,
2703 3638 109 61 daß
2846 3638 134 61 alles

755 3769 146 53 ganz
941 3761 99 61 gut
1080 3752 178 68 ginge,
1308 3765 167 37 wenn
1526 3741 101 60 alle
1675 3739 308 60 Menschen
2035 3736 312 75 vernünftig
2394 3732 198 71 lebten,
2651 3750 128 43 statt
2826 3732 155 60 ihren

750 3839 450 60 Leidenschaften
1244 3860 73 36 zu
1349 3835 202 78 folgen.
1588 3834 124 59 Das
1746 3833 327 74 Schwierige
2106 3839 68 52 ist
2207 3839 122 51 eine
2361 3826 621 64 Bastardkombination

755 3953 72 37 zu
883 3930 202 71 finden,
1145 3933 87 58 die
1289 3938 87 52 ein
1425 3929 221 60 bißchen
1687 3923 242 79 Tugend
1976 3924 195 61 mittels
2220 3933 151 51 eines
2417 3920 403 62 Räderwerkes
2862 3942 118 38 von
