3365 4267
2696 3707 70 56 27

331 365 1184 91 L'ARCHITECTURE
1591 372 1178 93 INTERNATIONALE

336 617 653 60 ALLEMAGNE

1441 775 290 47 Bâtiments
1809 777 402 46 administratifs
2268 784 52 39 et
2378 786 393 40 commerciaux

1444 1627 286 47 Immeuble
1766 1627 67 47 de
1870 1628 217 46 bureaux
2087 1628 32 46 ,
2155 1633 30 41 à
2222 1629 389 57 Magdebourg.

1444 1700 267 44 Architectes
1745 1719 7 25 :
1784 1702 226 42 Schaeffer
2039 1709 45 36 et
2117 1703 367 56 Heyrothsberge.

1446 1764 47 41 La
1535 1763 83 55 plus
1658 1763 126 44 haute
1823 1768 280 40 construction
2143 1766 57 42 de
2242 1766 317 55 Magdebourg,
2601 1771 136 39 récem-

1446 1832 113 35 ment
1592 1831 218 43 terminée,
1849 1834 65 36 est
1947 1827 167 44 décrite
2148 1829 103 42 dans
2288 1828 35 43 le
2422 1827 21 47 “
2464 1827 168 47 Deutsche
2670 1832 71 40 Bau-

1442 1889 151 55 zeitung
1615 1889 21 55 ”
1658 1889 193 55 (Berlin),
1884 1894 170 39 numéro
2082 1891 52 42 du
2174 1895 42 39 16
2245 1891 93 43 avril
2377 1895 114 38 1931.

1443 2309 140 45 Deux
1620 2309 287 47 bâtiments
1943 2310 403 47 administratifs

1439 2381 56 43 de
1525 2382 262 43 l'architecte
1819 2385 50 41 H.
1901 2383 174 55 Poelzig.

1441 2445 220 42 Ci-contre
1698 2463 5 24 :
1741 2448 196 40 Intérieur
1967 2446 56 43 de
2056 2446 186 44 l'édifice
2274 2448 184 42 abritant
2489 2447 35 43 le
2556 2451 120 51 siège
2707 2448 55 43 de

1441 2507 32 42 la
1509 2509 20 40 I.
1562 2507 55 42 G.
1651 2509 157 41 Farben
1846 2509 208 49 Industrie,
2090 2514 20 38 à
2146 2510 447 43 Francfort-sur-Main.

1440 2570 67 42 Ce
1538 2570 218 49 bâtiment,
1788 2575 85 38 très
1905 2575 238 52 important,
2178 2591 21 24 a
2230 2576 122 51 exigé
2382 2573 106 43 deux
2520 2577 157 39 années
2707 2574 55 42 de

1440 2631 155 43 travail.
1641 2634 189 54 (D'après
1875 2633 35 43 le
2001 2631 21 61 “
2043 2631 168 61 Deutsche
2258 2638 245 52 Bauzeitung
2529 2638 18 11 ”
2593 2636 166 56 (Berlin),

1468 2697 9 16 1
1477 2697 20 16 er
1520 2695 93 41 avril
1647 2699 113 37 1931.

1440 2929 127 54 Siège
1593 2929 56 42 de
1675 2929 32 42 la
1735 2930 173 43 Société
1936 2929 484 60 Radiophonique
2430 2929 114 60 Berlinoise,
2573 2936 20 39 à
2623 2933 138 43 Berlin.

1440 2991 92 60 (“
1552 2991 137 60 Bauwelt
1723 2994 31 46 ”,
1792 2993 135 48 Berlin,
1971 2998 43 38 16
2046 2994 93 43 avril
2182 2996 126 55 1931.)
