3365 4267
310 340 316 56 TEK
706 342 58 56 H
848 344 61 55 N
992 346 45 53 E

2725 3858 106 57 27

312 484 315 48 Examen
683 486 101 46 de
842 487 396 50 méthodes
1292 491 529 49 constructives

315 620 777 87 L'lsolement
1236 620 1156 87 phonique

311 758 131 84 et
1479 758 457 94 l'acoustique
1974 758 76 94 du
2088 758 304 94 Bâtiment

383 929 76 41 On
536 929 188 44 connaît
797 931 229 43 l'autorité
1104 934 51 41 de
1231 933 266 54 l'ingénieur

315 990 33 45 I.
375 991 147 48 Katel,
546 1008 53 26 en
624 992 181 43 matière
830 993 264 44 d'isolation
1120 996 272 54 acoustique„
1420 996 76 42 On

314 1052 82 44 lira
424 1054 117 42 donc
570 1067 101 30 avec
699 1055 161 44 intérêt
888 1056 36 42 le
950 1067 189 43 rapport
1167 1056 185 56 ci-après
1381 1058 113 54 quil

311 1115 204 52 présenta
550 1117 23 41 à
609 1116 306 44 VAssocation
953 1119 215 53 française
1202 1135 117 38 pour
1354 1120 140 42 l'essai

313 1176 73 44 des
414 1178 265 44 matériaux.

382 1313 37 43 Il
489 1327 61 31 est
617 1314 237 48 étonnant,
924 1317 115 44 alors
1108 1333 83 40 que
1259 1319 39 44 la
1364 1335 102 27 cons-

312 1376 199 42 truction
551 1391 51 27 en
640 1376 138 43 béton
818 1378 118 43 armé
972 1394 58 26 ou
1070 1395 98 27 avec
1205 1393 197 32 ossature
1440 1399 50 26 en

311 1437 65 43 fer
412 1450 63 31 est
510 1439 196 44 devenue
740 1455 185 41 presque
961 1455 224 35 courante,
1226 1444 154 54 depuis
1416 1460 50 26 en-

311 1501 133 46 viron
486 1517 62 26 un
591 1516 133 41 quart
769 1503 50 42 de
861 1504 135 46 siècle,
1042 1521 84 39 que
1167 1507 11 40 I
1201 1522 59 27 on
1305 1507 111 42 fasse
1458 1509 33 41 si

311 1579 99 38 peu,
448 1564 133 42 sinon
617 1565 90 43 rien
744 1566 60 42 du
840 1580 115 35 tout,
993 1583 116 39 pour
1141 1583 124 40 parer
1300 1585 88 28 aux
1423 1571 46 41 in-

311 1627 291 45 convénients
642 1629 218 43 résultant
899 1630 51 43 de
989 1633 39 41 la
1068 1633 313 42 transmission
1419 1634 72 42 des

311 1705 105 27 sons
452 1706 80 38 par
565 1706 65 27 ces
666 1692 266 43 matériaux.
971 1694 62 42 Ce
1066 1693 84 47 fait
1185 1707 61 31 est
1283 1696 208 44 d'autant

310 1753 104 53 plus
455 1769 270 39 surprenant
770 1771 60 39 qu
853 1756 31 43 il
929 1769 61 30 est
1036 1758 310 45 actuellement
1391 1775 75 38 par-

309 1815 237 46 faitement
583 1818 208 53 possible,
832 1834 79 39 par
950 1821 311 53 l'application
1301 1823 51 41 de
1386 1838 79 38 pro-

309 1879 122 44 cédés
464 1881 286 43 d'isolement
787 1883 249 55 phonique,
1078 1884 51 42 de
1166 1885 121 53 jouir
1324 1885 143 54 pleine-

311 1956 125 30 ment
470 1944 72 41 des
576 1945 276 54 importants
889 1959 236 43 avantages
1161 1949 71 45 des
1265 1961 201 30 construc-

311 2006 120 44 tions
468 2007 249 44 modernes.

379 2070 250 45 Comment
659 2072 119 44 est-il
810 2072 115 42 donc
956 2073 194 54 possible
1183 2090 85 40 que
1299 2074 58 43 les
1385 2089 79 41 pro-

311 2131 165 44 blèmes
522 2132 286 45 d'isolement
851 2135 236 56 phonique
1131 2152 52 26 ne
1227 2137 144 43 soient
1416 2154 76 38 pas

312 2195 192 46 dûment
542 2197 274 42 considérés?
856 2198 63 43 La
957 2214 123 27 cause
1120 2200 51 43 de
1211 2212 63 31 cet
1313 2201 88 42 état
1440 2203 51 40 de

309 2259 164 51 choses,
507 2275 84 40 que
621 2260 112 54 j'ose
762 2261 210 55 qualifier
1003 2263 269 48 d'anormal,
1306 2279 52 26 ne
1387 2276 106 42 peut

310 2322 272 57 s'expliquer
612 2338 84 41 que
731 2340 8 26 :

383 2394 44 33 i°
472 2386 86 43 Par
602 2401 86 28 une
731 2388 313 43 connaissance
1087 2389 290 43 insuffisante
1419 2391 72 41 des

310 2448 233 44 méthodes
576 2449 287 46 d'isolement
895 2452 51 41 de
979 2452 39 45 la
1049 2466 100 40 part
1179 2453 72 44 des
1283 2453 184 43 architec-

308 2524 61 30 tes
398 2526 40 32 et
468 2512 72 42 des
567 2513 315 54 propriétaires
913 2515 72 41 des
1015 2514 284 48 immeubles;

383 2583 48 34 2°
468 2575 87 42 Par
590 2576 189 44 l'inertie
813 2592 73 28 ou,
921 2579 274 52 passez-moi
1231 2579 36 43 le
1301 2591 111 37 mot,
1451 2584 38 41 la

309 2638 192 53 routine,
536 2652 41 31 et
608 2639 40 44 la
680 2655 109 38 peur
820 2641 71 41 des
923 2641 272 43 nouveautés
1226 2643 92 54 qui,
1352 2657 111 39 pour-

311 2713 113 36 tant,
464 2713 82 31 ont
582 2702 152 43 donné
771 2704 112 42 leurs
918 2719 204 39 preuves;

377 2773 51 47 3°
480 2765 71 47 Et,
602 2766 141 47 enfin,
795 2782 78 38 par
920 2782 86 27 une
1054 2768 242 43 soi-disant
1342 2768 147 43 raison

308 2827 292 45 d'économie.

379 2892 76 41 On
497 2891 152 44 oublie
691 2907 85 42 que
819 2894 34 43 si
896 2909 134 38 ,pour
1073 2894 246 43 l'ancienne
1362 2910 102 27 cons-

311 2954 214 47 truction,
571 2966 294 44 comportant
908 2957 72 42 des
1023 2957 233 54 planchers
1299 2972 51 28 en
1393 2958 98 42 bois

306 3017 128 54 posés
461 3033 73 27 sur
560 3019 74 45 des
661 3019 160 43 solives
849 3035 50 27 en
929 3020 97 42 bois
1054 3034 40 31 et
1122 3020 228 55 composés
1378 3020 111 44 ainsi

312 3081 51 42 de
405 3081 189 44 diverses
634 3081 165 55 parties
840 3083 136 42 d'une
1016 3083 216 54 épaisseur
1273 3085 50 41 de
1367 3100 59 39 30
1469 3085 22 41 à

313 3158 60 40 40
415 3160 100 36 cm.,
559 3145 72 42 des
670 3160 123 29 murs
833 3146 136 42 d'une
1010 3146 218 54 épaisseur
1268 3147 51 42 de
1364 3163 24 26 2
1431 3163 58 26 ou

310 3207 142 42 même
494 3222 24 27 2
567 3208 89 52 1/2
697 3207 180 57 briques
916 3210 112 42 ainsi
1065 3225 85 39 que
1188 3211 71 41 des
1296 3209 195 43 cloisons

309 3285 51 29 en
404 3269 179 56 briques
624 3271 180 53 pleines,
851 3272 40 43 la
932 3271 209 56 question
1183 3273 50 41 de
1275 3273 212 45 sonorité,

307 3332 100 43 sauf
440 3334 111 41 dans
583 3334 214 55 quelques
830 3349 67 28 cas
930 3334 221 54 spéciaux,
1187 3351 52 26 ne
1272 3351 40 26 se
1343 3337 146 52 posait

303 3410 92 38 pas,
430 3398 40 42 la
499 3396 313 44 construction
846 3397 510 50 moderne-monolithe,
1391 3414 98 27 avec

310 3458 72 43 des
421 3459 236 54 planchers
696 3460 52 42 de
788 3461 24 41 8
854 3461 23 41 à
926 3476 53 26 12
1018 3477 85 28 cm.
1146 3461 265 54 d'épaisseur
1451 3478 39 26 se

306 3535 271 42 composant
617 3523 51 42 de
708 3523 250 43 matériaux
997 3525 50 42 de
1088 3525 165 54 grande
1292 3525 198 42 sonorité

308 3586 62 53 (la
424 3586 155 42 vitesse
635 3586 60 42 du
751 3602 82 27 son
891 3586 123 44 étant
1068 3588 110 43 dans
1234 3589 36 43 le
1321 3587 65 42 fer
1440 3588 51 41 de

309 3662 146 40 5,100
487 3649 158 43 mètres
671 3664 80 40 par
779 3650 185 43 seconde
994 3664 41 31 et
1063 3651 111 42 dans
1205 3652 36 41 le
1270 3650 137 42 béton
1440 3650 51 42 de

310 3727 145 31 2,200
484 3712 159 44 mètres
668 3729 80 38 par
775 3714 218 53 seconde)
1023 3726 40 31 et
1089 3729 154 28 encore
1269 3713 102 54 plus
1399 3729 67 27 sus-

1642 936 209 52 ceptibles
1886 936 50 42 de
1969 937 123 43 subir
2127 938 72 41 des
2232 935 255 47 vibrations
2519 956 80 38 par
2633 941 111 43 suite
2779 943 51 41 de

1642 999 92 41 leur
1762 999 138 43 faible
1927 999 218 54 épaisseur
2171 1014 40 30 et
2239 1001 52 42 de
2317 1002 91 42 leur
2435 1004 166 52 grande
2628 1004 199 45 étendue,

1645 1062 122 53 exige
1806 1063 49 41 de
1894 1062 133 53 façon
2070 1075 183 42 urgente
2295 1065 311 54 l'application
2648 1068 50 41 de
2740 1068 60 41 mé-

1643 1124 161 43 thodes
1855 1126 288 43 d'isolement
2194 1128 236 55 phonique
2480 1145 116 38 pour
2649 1146 52 27 ne
2752 1147 78 37 pas

1645 1189 189 41 annuler
1878 1189 58 43 les
1980 1201 240 43 avantages
2263 1206 84 39 que
2389 1207 81 27 son
2514 1193 168 53 emploi
2723 1208 107 40 peut

1640 1265 223 38 procurer.

1711 1325 63 43 La
1806 1326 210 54 question
2048 1327 288 43 d'isolement
2364 1343 40 30 se
2432 1344 107 38 pose
2569 1331 117 42 donc
2714 1346 117 39 pour

1646 1399 101 31 tous
1790 1389 57 41 les
1893 1404 151 39 genres
2090 1390 51 42 de
2183 1390 247 44 bâtiments
2481 1408 9 26 :
2538 1393 198 42 maisons
2780 1394 50 42 de

1642 1463 200 41 rapport,
1882 1451 246 44 bâtiments
2161 1453 177 54 publics
2375 1465 53 37 et,
2468 1470 51 26 en
2556 1456 269 53 particulier,

1639 1513 242 53 hôpitaux,
1924 1515 200 42 maisons
2162 1516 51 41 de
2252 1516 137 47 santé,
2429 1517 149 53 écoles,
2621 1518 203 48 théâtres,

1640 1576 192 44 cinémas
1867 1592 184 28 sonores
2086 1591 40 31 et
2162 1578 160 45 usines.

1707 1639 295 46 L'isolement
2033 1641 237 56 phonique
2304 1643 36 42 le
2370 1643 102 54 plus
2505 1643 177 43 efficace
2716 1645 110 41 d'un

1641 1702 224 43 bâtiment
1906 1703 112 49 doit,
2066 1703 317 50 évidemment,
2430 1721 277 28 commencer
2749 1723 80 38 par

1644 1764 57 42 les
1736 1765 286 54 fondations,
2063 1768 59 42 les
2156 1779 201 42 poteaux
2393 1769 51 42 de
2481 1770 175 41 soutien
2694 1782 41 30 et
2773 1773 55 40 les

1641 1843 122 28 murs
1796 1839 224 43 portants,
2060 1830 111 42 mais
2207 1831 29 42 il
2272 1831 97 45 doit
2404 1832 275 56 s'appliquer
2714 1834 114 42 aussi

1642 1905 88 28 aux
1792 1891 250 54 planchers,
2109 1893 210 45 cloisons,
2387 1895 235 42 conduites
2684 1897 141 43 d'eau,

1639 1968 174 28 canaux
1844 1955 50 41 de
1921 1955 274 43 ventilation
2226 1969 54 34 et,
2312 1957 141 49 enfin,
2486 1973 89 28 aux
2603 1959 225 42 machines

1642 2017 303 55 domestiques
1974 2033 174 27 comme
2178 2019 57 43 les
2263 2034 261 37 ascenseurs,
2556 2021 57 43 les
2639 2021 167 42 ventila-

1640 2090 129 41 teurs,
1805 2081 56 41 les
1892 2092 200 31 moteurs
2123 2081 256 56 électriques
2410 2094 41 31 et
2481 2095 147 32 toutes
2660 2084 58 44 les
2750 2100 52 27 au-

1639 2153 83 33 tres
1751 2142 227 43 machines
2005 2144 80 54 qui
2113 2156 105 30 sont
2248 2158 194 30 souvent
2469 2146 221 42 installées
2718 2147 111 43 dans

1641 2205 57 41 les
1732 2205 267 43 immeubles
2032 2207 348 46 d'habitations.

1710 2267 37 44 Il
1774 2285 54 26 va
1858 2283 103 29 sans
1987 2270 92 41 dire
2107 2285 85 40 que
2221 2271 59 43 les
2310 2270 188 43 diverses
2525 2273 162 53 parties
2717 2273 111 41 d'un

1640 2330 238 48 bâtiment,
1917 2333 34 41 si
1987 2332 262 43 différentes
2286 2349 55 27 au
2375 2335 134 52 point
2545 2335 51 42 de
2632 2351 84 26 vue
2754 2337 71 41 des

1635 2394 261 42 conditions
1927 2395 260 56 techniques
2225 2412 9 26 :
2266 2397 159 54 charge
2456 2398 207 55 statique,
2698 2399 127 54 degré

1639 2469 39 30 et
1717 2472 129 39 genre
1886 2457 51 42 de
1978 2459 317 42 transmission
2335 2460 74 42 des
2445 2460 158 47 bruits,
2647 2461 179 55 exigent

1637 2519 71 42 des
1740 2520 252 43 matériaux
2023 2521 188 43 isolants
2241 2521 237 46 différents
2508 2535 145 44 quant
2681 2526 21 41 à
2735 2525 91 43 leur

1635 2584 308 52 composition
1975 2598 41 31 et
2044 2584 23 42 à
2095 2587 114 42 leurs
2237 2586 247 53 propriétés
2510 2587 246 55 physiques
2786 2600 40 30 et

1639 2645 222 45 isolantes.

1708 2709 37 42 Il
1773 2709 188 43 n'existe
1988 2725 93 38 pas,
2112 2722 41 31 et
2180 2710 31 44 il
2241 2726 52 28 ne
2321 2724 107 41 peut
2453 2728 78 38 pas
2559 2713 172 48 exister,
2763 2729 60 27 un

1635 2771 171 42 remède
1853 2773 222 43 universel
2122 2789 118 39 pour
2286 2775 131 42 isoler
2460 2775 365 56 phoniquement

1644 2835 57 42 les
1745 2836 250 52 planchers,
2042 2838 58 42 les
2146 2853 137 35 murs,
2335 2838 57 42 les
2438 2838 284 48 fondations,
2771 2841 58 40 les

1639 2898 208 50 cloisons,
1884 2910 81 31 etc.
1981 2914 9 31 ;
2032 2900 31 43 il
2101 2912 63 32 est
2202 2900 117 42 donc
2357 2901 291 47 absolument
2684 2902 118 42 indis-

1641 2961 210 53 pensable
1888 2962 51 41 de
1977 2961 110 45 faire
2126 2963 170 43 étudier
2334 2977 103 31 tous
2474 2980 63 27 ces
2573 2965 255 54 problèmes

1638 3039 79 37 par
1754 3040 61 26 un
1851 3024 233 55 ingénieur
2120 3026 242 54 spécialiste
2400 3027 95 43 afin
2533 3027 186 44 d'éviter
2754 3029 73 42 des

1641 3087 256 54 déceptions
1936 3102 194 32 souvent
2169 3089 85 43 très
2291 3105 164 39 graves.

1708 3150 190 43 D'autre
1927 3163 115 41 part,
2074 3152 31 42 il
2136 3167 53 28 ne
2218 3153 131 54 s'agit
2375 3168 78 39 pas
2481 3154 244 42 seulement
2755 3154 72 42 des

1640 3213 251 42 matériaux
1931 3215 280 42 eux-mêmes
2246 3217 78 54 qui
2360 3216 188 43 doivent
2583 3216 100 55 être,
2724 3217 101 42 bien

1642 3277 212 44 entendu,
1902 3278 163 42 choisis
2107 3278 385 54 judicieusement,
2539 3279 111 42 mais
2696 3280 129 45 aussi,

1640 3339 385 47 essentiellement,
2058 3342 50 42 de
2139 3341 312 54 l'application
2482 3343 267 43 rationnelle
2778 3342 51 41 de

1636 3416 64 27 ces
1729 3401 267 46 matériaux.

1707 3464 123 43 Pour
1872 3465 273 46 l'isolement
2183 3466 237 56 phonique
2462 3468 111 41 d'un
2615 3468 207 54 dancing,

1639 3542 80 38 par
1756 3528 215 53 exemple,
2013 3528 29 46 il
2082 3545 52 27 ne
2174 3528 134 46 suffit
2347 3546 91 37 pas,
2478 3546 174 26 comme
2688 3530 30 42 il
2757 3546 44 27 ar-

1638 3605 88 27 rive
1756 3591 187 52 parfois,
1978 3592 181 43 d'isoler
2191 3594 57 41 les
2281 3608 122 27 murs
2434 3608 79 39 par
2543 3608 84 27 une
2658 3593 167 42 double

1641 3668 57 26 ou
1734 3653 141 42 même
1908 3669 81 38 par
2023 3669 85 28 une
2143 3655 131 54 triple
2305 3657 164 41 couche
2503 3656 51 42 de
2585 3669 242 39 panneaux

1639 3715 283 53 absorbants,
1961 3717 110 42 mais
2103 3717 32 45 il
2164 3717 101 46 faut
2296 3719 116 43 aussi
2444 3718 132 42 isoler
2608 3720 58 42 les
2697 3717 104 54 plan-
