3365 4267
2695 3736 70 56 25

338 403 132 33 ment
501 394 151 43 l'a-t-il
686 395 86 42 fait
802 395 57 42 de
890 395 42 42 la
962 397 157 43 bonne
1149 398 239 52 manière;
1423 414 80 27 car

339 468 30 40 il
411 484 56 26 en
509 485 24 25 a
574 477 170 34 retenu
783 470 182 50 l'esprit
1006 481 44 33 et
1088 488 95 26 non
1223 472 43 42 la
1308 473 138 42 lettre
1467 491 36 25 ».

340 542 118 42 Ceci
495 552 70 33 est
600 543 124 51 juste
759 553 45 34 et
837 554 113 33 vaut
983 547 141 49 qu'on
1159 547 43 41 le
1237 548 266 49 considère,

339 633 143 34 parce
515 634 93 35 que
643 618 198 43 d'abord
873 620 42 40 le
950 620 84 42 fait
1067 630 70 33 est
1170 637 109 26 rare
1313 622 163 51 aujour-

341 691 141 50 d'hui,
516 691 62 43 où
609 692 93 42 l'on
734 702 137 33 court
903 709 93 26 aux
1027 694 105 51 plus
1166 705 145 33 sottes
1345 696 132 43 élucu-

341 765 212 44 brations
578 782 111 27 sous
712 768 216 49 prétexte
952 769 56 41 de
1030 785 22 24 «
1075 769 120 42 faire
1216 771 232 42 moderne
1468 788 36 26 ».

343 840 201 42 Ensuite
575 841 270 43 n'oublions
877 858 83 34 pas
992 844 144 50 qu'un
1169 844 107 50 bon,
1308 862 63 25 un
1402 846 101 42 vrai

343 914 369 43 traditionaliste
749 925 71 33 est
854 916 110 42 bien
1002 918 110 50 près
1151 919 56 41 de
1244 919 237 43 l'architec-

341 998 106 34 ture
476 989 300 44 rationnelle.
807 990 37 41 Il
874 992 76 50 n'y
980 1008 25 25 a
1034 993 144 49 qu'un
1210 1009 81 34 pas
1323 994 25 42 à
1379 994 100 42 fran-

341 1063 116 44 chir.
492 1063 139 42 Acke
668 1063 43 43 le
750 1064 338 44 franchira-t-il
1102 1067 25 41 ?

341 1211 138 42 Nous
509 1227 208 27 sommes
745 1212 217 43 heureux
991 1213 56 43 de
1077 1225 261 33 soumettre
1366 1215 24 43 à
1418 1233 85 26 nos

343 1284 206 44 lecteurs
583 1286 346 51 quelques-uns
965 1288 82 43 des
1082 1289 188 43 récents
1305 1299 199 34 travaux

343 1360 57 41 de
442 1361 57 42 R.
538 1361 153 48 Acke,
732 1377 58 26 en
832 1361 201 43 matière
1074 1363 321 44 d'habitation.
1436 1366 68 41 Le

1602 401 105 50 plus
1745 401 396 52 caractéristique
2177 411 70 33 est
2283 418 108 26 sans
2430 403 142 43 doute
2610 404 137 42 l'habi-

1602 475 148 42 tation
1793 491 120 35 pour
1957 493 62 24 un
2062 476 221 42 médecin
2326 478 332 43 courtraisien.
2702 480 67 41 Le

1601 550 111 49 plan
1748 566 58 26 en
1844 560 71 32 est
1950 550 133 49 clair,
2119 560 45 33 et
2201 551 40 41 la
2280 552 206 42 division
2525 554 82 41 des
2646 555 123 41 deux

1601 624 211 43 services
1848 625 62 42 du
1943 625 425 43 rez-de-chaussée
2408 627 283 50 (habitation
2726 637 43 33 et

1600 699 343 48 consultation)
1997 699 110 41 bien
2154 701 216 41 accusée.
2416 702 204 50 L'étage,
2668 718 76 34 spa-

1601 773 152 49 cieux,
1790 783 70 33 est
1895 774 218 42 ordonné
2147 790 116 26 avec
2299 775 270 50 simplicité.
2604 777 137 41 L'exé-

1600 848 161 42 cution
1798 848 58 41 de
1891 857 124 33 cette
2049 848 264 43 habitation
2349 858 69 33 est
2453 850 315 43 méticuleuse

1600 931 45 33 et
1670 922 96 42 très
1793 938 177 35 propre
1997 922 25 42 à
2049 922 41 42 la
2119 924 329 42 construction
2475 940 58 25 en
2559 924 210 52 briques.

1601 996 76 42 On
1721 996 163 51 jugera
1928 997 58 41 de
2025 997 196 50 l'aspect
2263 1014 84 34 par
2389 998 67 42 les
2498 999 167 49 photos
2707 1000 41 41 ci-

1601 1070 187 43 devant.

1599 1145 93 42 Les
1732 1154 161 33 autres
1935 1145 289 43 habitations
2265 1147 312 43 manifestent
2617 1148 125 50 égale-

1597 1228 131 34 ment
1755 1236 61 25 un
1844 1220 132 42 souci
2006 1220 57 42 de
2091 1220 225 49 sobriété,
2343 1221 307 43 étroitement
2678 1222 90 42 liée

1597 1309 93 26 aux
1739 1293 239 43 fonctions
2027 1295 184 41 mêmes
2262 1295 57 41 de
2367 1295 43 41 la
2460 1295 306 43 distribution

1597 1367 276 43 intérieure.

340 1778 151 47 Plans
528 1780 66 45 de
631 1779 337 49 l'Habitation
1005 1783 66 48 du
1110 1783 69 46 Dr
1213 1782 56 47 Y.
1306 1787 29 42 à
1372 1784 245 48 Courtrai

343 3342 202 53 Légende
578 3360 8 24 :
628 3348 26 38 I.
691 3345 161 48 Entrée;
885 3349 35 39 2.
955 3346 159 47 Parloir;
1147 3349 36 39 3.
1215 3346 191 43 Consulta-

341 3407 102 45 tion;
473 3409 39 38 4.
548 3405 105 48 Hall;
689 3410 35 39 5.
757 3409 219 47 Vestiaire;
1009 3413 35 39 6.
1079 3410 127 45 Cour;
1240 3413 35 39 7.
1311 3411 95 41 Buan-

341 3466 134 49 derie;
508 3472 35 38 8.
574 3469 185 47 Cuisine;
788 3473 37 40 9.
858 3473 234 46 Provisions;
1131 3475 56 38 10.
1217 3471 212 44 Chambre

341 3528 209 49 d'enfant;
610 3535 56 39 11.
715 3528 138 60 Salle
881 3528 27 60 à
936 3528 193 60 manger;
1189 3537 55 39 12.
1294 3535 135 47 Salon;

371 3594 34 39 13.
436 3592 193 54 Garage.

1666 3352 131 53 Etage
1824 3369 8 24 :
1868 3356 57 38 14.
1951 3352 236 43 Chambres
2212 3357 20 38 à
2258 3353 197 47 coucher;
2491 3356 55 39 15.
2572 3352 106 43 Salle
2703 3352 54 43 de

1667 3413 110 48 bain;
1824 3418 56 38 16.
1920 3417 132 40 Petite
2088 3414 216 48 chambre;
2350 3419 55 39 17.
2443 3417 314 52 Dégagement;

1675 3475 56 44 18.
1765 3475 217 44 Chambre
2016 3480 126 39 noire.
