3365 4267
2739 3787 64 55 17

347 974 895 92 ARCHITECTURE
1268 999 33 33 •
1329 963 665 94 URBANISME
2020 989 30 30 •
2070 958 226 87 ART
2368 948 415 92 PUBLIC

346 1141 335 93 ANNÉE
737 1156 183 74 1931
1298 1146 409 79 VOLUME
1763 1146 56 71 X
2263 1116 425 94 NUMÉRO
2743 1134 44 68 2

351 1454 1026 94 ARCHITECTURE
1473 1451 148 86 ET
1712 1433 1074 102 CONSTRUCTION

351 1598 152 84 EN
577 1581 1323 101 GRANDE-BRETAGNE

353 1802 45 42 Si
442 1801 93 41 l'on
574 1816 60 25 ne
675 1797 231 51 craignait
947 1796 68 42 les
1057 1794 283 52 périlleuses
1383 1790 109 52 géné-

352 1876 179 49 ralités,
578 1891 60 26 on
685 1872 216 52 pourrait
947 1886 207 26 avancer
1201 1884 57 26 en
1305 1866 216 43 manière

354 1950 237 44 d'axiome
619 1966 9 25 :
664 1948 105 51 plus
802 1963 63 26 un
894 1962 115 35 pays
1039 1954 71 33 est
1140 1943 198 51 éloigné,
1369 1940 127 43 archi-

353 2025 370 44 tecturalement
750 2021 201 52 parlant,
979 2020 62 42 du
1068 2018 250 49 rationnel,
1345 2025 45 34 et
1417 2016 105 50 plus

354 2101 31 43 il
423 2101 228 50 éprouve,
691 2097 69 43 s'il
800 2107 72 32 est
908 2095 181 49 vivace,
1126 2094 43 41 le
1207 2091 168 43 besoin
1411 2090 110 43 d'un

354 2174 431 44 renouvellement.
814 2171 59 42 Et
897 2169 341 43 inversément.
1263 2166 118 42 Ceci
1407 2166 93 49 s'ap-

355 2249 258 54 pliquerait
640 2248 96 42 fort
763 2246 110 42 bien
901 2261 92 27 aux
1020 2259 113 36 pays
1158 2241 279 51 nordiques,
1463 2238 62 43 où

356 2326 41 42 la
442 2324 230 44 tradition
715 2320 326 44 constructive
1084 2326 84 40 est,
1211 2315 105 52 plus
1362 2314 139 52 qu'ail-

357 2401 144 48 leurs,
556 2397 396 52 singulièrement
1006 2392 201 52 logique.
1261 2391 94 41 Les
1411 2404 113 35 pays

358 2474 318 43 Scandinaves
722 2488 56 26 en
825 2479 106 34 sont
974 2484 64 27 un
1081 2466 296 50 témoignage
1420 2463 105 51 plus

357 2550 118 42 clair
501 2562 176 28 encore
703 2562 93 35 que
823 2545 42 42 la
893 2542 477 48 Grande-Bretagne.
1396 2536 130 44 Mais

357 2624 188 44 celle-ci
571 2622 238 43 constitue
836 2620 117 42 dans
981 2617 181 42 l'effort
1188 2611 339 46 international

359 2717 64 26 un
457 2699 142 51 enjeu
634 2696 112 43 bien
780 2695 105 51 plus
920 2690 348 46 considérable.

418 2775 37 41 Il
489 2789 60 26 ne
583 2771 146 44 serait
763 2770 122 42 donc
918 2784 82 35 pas
1035 2763 258 54 paradoxal
1332 2763 56 41 de
1425 2761 103 43 dire

358 2866 93 36 que
476 2849 164 40 l'atout
665 2844 235 52 principal
928 2844 58 41 de
1011 2857 53 27 ce
1089 2855 113 36 pays
1229 2847 70 34 est
1326 2853 86 26 son
1437 2845 69 33 tra-

361 2922 325 45 ditionalisme
710 2919 223 52 profond.
955 2917 79 42 Ne
1058 2915 193 52 parlons
1275 2928 82 35 pas
1383 2910 58 42 ici
1467 2910 60 42 du

360 2996 433 45 sentimentalisme
821 2991 225 45 artificiel
1077 2990 77 51 qui
1186 3006 25 24 a
1239 3004 76 34 pu,
1342 2999 187 29 comme

362 3074 117 43 dans
510 3073 69 41 les
610 3080 162 33 autres
805 3084 114 35 pays
951 3064 284 52 européens,
1266 3078 49 26 se
1348 3059 180 53 greffer

362 3166 81 25 sur
475 3148 44 41 le
553 3145 116 44 fond
702 3142 309 45 raisonnable
1044 3140 57 42 de
1134 3139 42 41 la
1209 3152 123 27 race.

360 3223 291 51 Quiconque
701 3226 227 44 parcourt
978 3216 42 41 la
1069 3211 462 48 Grande-Bretagne

361 3300 260 41 observera
651 3293 236 49 combien,
915 3308 58 25 en
1003 3289 130 51 dépit
1162 3288 82 42 des
1276 3284 184 48 Ecoles,
1489 3283 43 40 le

360 3374 178 41 niveau
569 3367 340 46 architectural
944 3374 71 34 est
1048 3362 149 44 élevé.
1229 3358 272 50 Technique-

361 3457 132 33 ment
524 3454 44 34 et
598 3443 412 52 organiquement.
1042 3438 47 43 Si
1121 3438 92 41 l'on
1241 3450 60 27 ne
1331 3441 112 43 peut
1474 3448 58 25 en

364 3523 104 42 dire
520 3529 165 34 autant
738 3518 58 42 de
848 3517 43 41 la
945 3514 189 43 science
1187 3508 345 50 urbanistique,

362 3599 115 40 c'est
499 3611 94 37 que
614 3592 187 44 celle-ci
824 3608 25 26 a
872 3589 167 52 épuisé
1063 3603 92 27 une
1181 3584 220 47 formule,
1424 3582 81 42 adé-

363 3680 143 43 quate
535 3670 31 41 il
595 3686 28 35 y
651 3685 26 26 a
705 3667 233 52 quelques
968 3663 194 47 années,
1191 3658 121 44 mais
1341 3655 168 43 insuffi-

1616 1797 133 33 santé
1799 1781 325 54 aujourd'hui.
2172 1777 258 44 Toutefois
2479 1773 313 45 l'urbanisme

1615 1862 235 42 moderne
1883 1875 24 26 a
1942 1856 202 52 conquis
2180 1870 75 26 ses
2291 1851 238 52 premiers
2563 1850 136 42 titres
2733 1863 59 26 en

1616 1934 481 49 Grande-Bretagne.

1618 2013 69 40 La
1725 2010 191 42 science
1953 2004 258 44 raisonnée
2248 2003 63 42 du
2347 2017 23 26 «
2404 1999 207 50 housing
2643 2014 22 25 »
2702 1996 91 43 elle

1617 2085 145 42 aussi.
1791 2083 285 43 Observons
2104 2094 107 37 que,
2241 2077 118 42 dans
2387 2075 44 42 la
2457 2072 225 52 majorité
2711 2071 83 42 des

1618 2176 94 33 cas,
1754 2156 286 44 l'extension
2082 2154 83 42 des
2206 2150 242 54 quartiers
2486 2146 309 44 résidentiels

1620 2234 212 48 urbains,
1863 2228 292 46 accessibles
2189 2227 26 43 à
2248 2227 43 42 la
2323 2226 155 42 classe
2509 2221 288 48 laborieuse,

1620 2318 80 34 eut
1724 2324 121 35 pour
1869 2307 115 41 base
2008 2300 388 49 architecturale,
2419 2314 97 27 non
2541 2299 43 41 la
2609 2296 187 42 maison

1620 2381 319 45 individuelle
1991 2380 59 41 de
2100 2378 111 50 plan
2262 2385 45 33 et
2359 2375 57 41 de
2467 2370 328 45 construction

1619 2457 345 53 quelconques,
2011 2453 122 42 mais
2183 2449 298 44 l'habitation
2529 2444 241 45 standardi-

1622 2534 94 48 sée,
1764 2528 500 46 traditionnellement
2310 2522 341 47 constructive,
2700 2519 73 42 édi-

1623 2608 95 41 fiée
1742 2606 191 43 suivant
1956 2604 69 42 les
2047 2602 218 43 diverses
2290 2599 241 42 variantes
2556 2596 107 42 d'un
2687 2594 108 51 plan

1622 2680 374 44 véritablement
2025 2675 255 44 rationnel.

1625 2757 74 41 En
1726 2766 153 37 outre,
1907 2755 69 41 les
2004 2752 260 42 bâtiments
2293 2750 67 41 les
2389 2748 106 51 plus
2524 2746 177 47 divers,
2731 2743 68 42 les

1623 2830 204 44 édifices
1866 2829 68 42 les
1972 2827 107 51 plus
2117 2826 301 50 importants,
2456 2820 220 44 élaborés
2715 2834 84 35 par

1623 2907 68 42 les
1736 2903 287 44 architectes
2069 2900 228 48 officiels,
2341 2895 356 51 académiques,
2738 2908 62 25 ne

1625 2979 252 44 sacrifient
1907 2993 98 36 pas,
2035 2992 60 26 en
2124 2973 208 53 général,
2363 2974 67 40 les
2460 2968 339 45 élémentaires

1625 3053 349 53 prescriptions
2006 3051 57 42 de
2093 3049 234 52 l'hygiène
2354 3047 249 41 moderne.
2632 3043 46 42 Si
2709 3043 89 41 l'on

1625 3131 162 42 admet
1820 3143 93 35 que
1947 3142 80 26 ces
2062 3122 362 54 prescriptions,
2459 3133 281 29 communes
2776 3116 25 42 à

1627 3214 105 33 tous
1757 3204 69 41 les
1853 3201 250 43 domaines
2130 3199 57 42 de
2211 3196 370 46 l'architecture,
2607 3209 58 26 en
2692 3207 81 26 con-

1628 3279 271 43 ditionnent
1918 3292 60 26 au
1999 3274 212 52 premier
2231 3272 110 42 chef
2363 3279 101 35 tout
2483 3276 318 43 programme,

1627 3370 61 26 on
1716 3353 165 51 jugera
1907 3351 113 51 qu'il
2048 3350 76 49 n'y
2150 3365 25 25 a
2203 3347 105 42 rien
2337 3343 252 51 d'exagéré
2617 3342 24 42 à
2669 3340 106 51 espé-

1627 3444 80 26 rer
1734 3427 251 49 beaucoup
2015 3425 58 42 de
2103 3424 41 41 la
2176 3420 465 48 Grande-Bretagne
2671 3425 45 32 et
2745 3415 56 41 de

1628 3519 75 26 ses
1732 3509 379 35 constructeurs.
2140 3493 525 46 Vraisemblablement
2696 3488 105 43 d'ici

1628 3594 93 35 peu
1758 3577 58 41 de
1851 3584 155 41 temps
2041 3586 350 29 verrons-nous
2426 3566 274 52 apparaître
2735 3566 66 39 les

1628 3650 268 53 premières
1929 3646 390 44 manifestations
2354 3643 251 43 décisives.
