2610 3710
165 345 104 48 292

567 352 66 36 &
663 342 70 47 IS
825 343 288 47 POETIC
1147 346 274 53 DRAMA
1461 348 221 55 BORN
1710 352 298 48 AGAIN?
2102 367 65 37 &

169 454 66 36 &
267 447 229 46 Neither
529 461 92 32 are
656 463 80 30 we
770 454 302 42 concerned
1109 465 57 32 as
1202 457 160 41 much
1399 469 58 32 as
1498 456 321 48 Americans
1844 464 177 51 might
2045 466 64 42 be
2143 465 87 45 led
2253 469 60 42 to
2336 480 99 44 sup-

164 545 132 43 pose
329 537 136 44 with
498 539 149 42 what
680 540 45 42 is
758 539 174 43 called
967 551 237 36 success.
1239 544 111 43 You
1388 546 138 44 have
1560 549 56 42 in
1651 548 252 47 America
1935 563 31 33 a
1998 555 187 50 poet...
2219 558 239 53 perhaps

164 625 99 43 the
295 629 249 49 greatest
576 630 55 41 in
667 629 97 43 the
797 629 109 44 last
940 634 313 53 century....
1286 638 124 42 who
1444 649 112 32 was
1592 640 327 55 practically
1961 643 151 44 what
2144 645 47 44 is
2224 645 174 46 called
2432 661 32 31 a

233 714 199 44 failure
553 718 18 40 I
607 729 158 32 mean
792 720 146 42 Walt
962 722 299 47 Whitman.
1298 727 108 42 But
1438 739 82 31 we
1554 739 95 33 are
1682 729 72 43 all
1790 732 303 54 beginning
2124 734 61 44 to
2219 746 91 33 see
2333 737 129 44 that

164 804 69 45 he
267 807 46 40 is
344 817 69 32 an
449 808 331 44 irresistible
813 821 219 34 success
1065 816 106 42 and
1207 827 112 33 was
1368 830 31 30 a
1449 830 218 34 success
1712 821 59 43 in
1823 822 125 52 1856
2001 824 158 45 when
2211 827 69 43 he
2327 827 132 46 first

164 894 288 51 published
548 899 200 44 Leaves
783 898 56 45 of
870 902 165 43 Grass
1146 906 94 43 We
1275 907 136 43 have
1447 908 105 43 had
1585 910 117 53 just
1734 912 133 43 such
1903 925 32 30 a
1966 913 162 54 giant
2159 917 55 41 in
2241 916 212 55 Europe

164 995 136 35 once
336 997 143 42 upon
512 1000 33 32 a
576 990 136 43 time
833 993 282 45 Leonardo
1151 997 69 42 da
1242 998 173 44 Vinci.
1439 998 142 46 Each
1607 1000 56 44 of
1684 1001 85 43 his
1792 1004 217 43 statues
2031 1002 94 45 fell
2149 1007 311 56 crumbling

163 1080 58 42 to
252 1078 96 44 the
383 1081 235 50 ground,
653 1080 70 44 all
758 1084 86 41 his
877 1085 282 54 paintings
1190 1086 182 45 scaled
1409 1087 77 45 off
1517 1090 97 43 the
1647 1090 157 46 walls
1837 1104 63 32 or
1931 1092 113 45 else
2078 1099 286 42 remained
2396 1100 58 43 in

163 1179 70 34 an
268 1166 315 48 unfinished
614 1174 165 42 state.
817 1175 77 42 He
927 1186 113 32 was
1072 1175 236 55 laughed
1354 1181 59 41 at
1462 1181 69 51 by
1579 1181 126 44 that
1750 1180 88 46 far
1868 1185 96 42 too
2084 1188 303 44 successful

164 1260 338 55 gentleman,
535 1261 197 45 Michel
766 1263 229 53 Angelo.
1028 1264 118 44 And
1179 1269 96 52 yet
1307 1269 167 52 today
1526 1282 82 30 we
1658 1282 91 31 see
1797 1274 126 42 that
1970 1275 56 41 in
2075 1277 134 42 each
2265 1275 54 46 of
2374 1279 84 43 his

163 1363 162 43 many
360 1353 269 43 branches
662 1354 67 42 he
765 1366 110 31 was
908 1367 32 30 a
974 1358 225 55 master,
1233 1360 105 42 and
1373 1372 32 29 a
1439 1363 207 41 master
1678 1363 203 42 second
1931 1367 57 40 to
2023 1377 166 34 none.

262 1442 85 44 All
380 1443 86 44 his
497 1446 263 52 projects,
792 1446 254 44 whether
1076 1447 175 56 flying
1274 1453 335 55 machinery,
1632 1456 272 53 scrapnel,
1926 1454 89 46 for
2036 1458 154 43 canal
2214 1461 244 54 cutting,

157 1531 87 44 for
277 1543 206 45 quarry
518 1536 240 52 cutting,
797 1534 85 45 for
913 1538 177 42 water
1123 1538 236 54 raising,
1391 1542 108 42 and
1534 1553 167 45 many
1733 1545 165 44 other
1926 1547 196 53 things
2158 1548 297 49 besides....

159 1621 42 44 if
233 1623 132 54 they
397 1635 146 33 were
577 1627 100 41 not
710 1626 244 53 brought
985 1628 59 42 to
1077 1640 32 32 a
1141 1628 136 44 final
1312 1633 104 41 and
1454 1631 215 52 perfect
1702 1632 207 50 form...
1943 1637 138 45 have
2114 1641 205 51 proved
2352 1642 97 42 the

159 1712 131 45 first
320 1713 304 45 indication
659 1713 56 45 of
747 1716 215 53 setting
993 1720 171 42 about
1197 1721 57 42 to
1286 1720 149 44 solve
1470 1722 96 44 the
1589 1724 276 52 problems
1889 1726 179 45 which
2092 1729 133 54 they
2249 1731 205 43 under=

160 1804 136 44 took
329 1806 57 42 to
418 1804 173 45 solve.

257 1894 128 44 This
417 1896 166 44 artist
614 1898 306 44 resembled
957 1900 207 43 Nature
1188 1901 167 46 itself.
1381 1904 75 42 He
1480 1904 221 46 worked
1728 1905 193 59 slowly
1942 1910 107 42 and
2074 1922 172 33 never
2266 1912 182 44 would

159 1985 69 43 he
259 1995 69 44 go
361 1985 220 43 further
610 1987 137 43 than
781 1989 97 42 the
912 1989 221 45 natural
1167 1993 155 49 point
1355 1993 58 44 in
1448 2006 32 30 a
1513 1993 134 46 slow
1694 1997 411 56 development.
2155 2002 78 43 He
2288 2002 160 44 knew

155 2075 127 42 that
313 2077 188 52 things
535 2077 137 44 have
706 2079 59 42 to
797 2088 172 45 grow,
1001 2081 249 44 whereas
1283 2084 85 41 Mr
1401 2084 208 54 Binyon
1659 2086 193 45 thinks
1904 2089 135 55 they
2086 2091 138 44 have
2271 2093 61 42 to
2382 2094 66 42 be

154 2166 273 52 produced
463 2168 100 42 out
595 2167 56 43 of
682 2180 32 30 a
746 2168 117 46 hat.
897 2169 98 45 Let
1030 2181 63 32 us
1126 2171 129 44 take
1291 2173 283 45 Leonardo
1608 2177 107 42 and
1748 2178 284 45 Whitman
2082 2192 61 32 as
2190 2181 96 44 the
2335 2185 110 42 two

151 2258 159 50 great
343 2257 231 45 masters
609 2256 57 46 of
698 2258 214 54 Europe
946 2261 106 42 and
1090 2263 251 42 America
1376 2266 106 41 and
1519 2263 82 45 let
1634 2277 63 32 us
1730 2267 160 43 abide
1926 2270 67 54 by
2026 2270 151 44 their
2201 2274 243 53 method,

149 2345 88 45 for
270 2346 47 44 it
350 2348 45 44 is
428 2348 97 44 the
559 2348 222 45 method
807 2347 56 46 of
896 2351 230 46 Nature.
1621 2364 66 35 &
1868 2368 65 34 &
2116 2369 66 37 &
2361 2373 66 36 &
