<?xml version="1.0" encoding="UTF-8"?>
<alto xmlns:xsi="http://www.w3.org/2001/XMLSchema-instance" xmlns="http://www.loc.gov/standards/alto/ns-v2#" xsi:schemaLocation="http://www.loc.gov/standards/alto/ns-v2# http://www.loc.gov/standards/alto/alto-v2.0.xsd" xmlns:xlink="http://www.w3.org/1999/xlink">
	<Description>
		<MeasurementUnit>mm10</MeasurementUnit>
		<sourceImageInformation>
			<fileName>//fileserver7/IN2-2/Princeton/bmtnaau/1913/04_01/00000315.tif</fileName>
		</sourceImageInformation>
		<OCRProcessing ID="OCRPROCESSING_1">
			<preProcessingStep>
				<processingSoftware>
					<softwareCreator>CCS Content Conversion Specialists GmbH, Germany</softwareCreator>
					<softwareName>CCS docWorks</softwareName>
					<softwareVersion>6.7-1.24</softwareVersion>
				</processingSoftware>
			</preProcessingStep>
			<ocrProcessingStep>
				<processingSoftware>
					<softwareCreator>ABBYY (BIT Software), Russia</softwareCreator>
					<softwareName>NA</softwareName>
				</processingSoftware>
			</ocrProcessingStep>
		</OCRProcessing>
		<OCRProcessing ID="OCRPROCESSING_2">
			<preProcessingStep>
				<processingSoftware>
					<softwareCreator>CCS Content Conversion Specialists GmbH, Germany</softwareCreator>
					<softwareName>CCS docWorks</softwareName>
					<softwareVersion>6.7-1.24</softwareVersion>
				</processingSoftware>
			</preProcessingStep>
			<ocrProcessingStep>
				<processingSoftware>
					<softwareCreator>ABBYY (BIT Software), Russia</softwareCreator>
					<softwareName>FineReader</softwareName>
					<softwareVersion>10.0</softwareVersion>
				</processingSoftware>
			</ocrProcessingStep>
		</OCRProcessing>
	</Description>
	<Styles>
		<TextStyle ID="TXT_0" FONTSIZE="26" FONTFAMILY="Arial" FONTSTYLE="italics"/>
		<TextStyle ID="TXT_1" FONTSIZE="28" FONTFAMILY="Times New Roman" FONTSTYLE="bold italics"/>
		<TextStyle ID="TXT_2" FONTSIZE="28" FONTFAMILY="Times New Roman" FONTSTYLE="italics"/>
		<TextStyle ID="TXT_3" FONTSIZE="16" FONTFAMILY="Times New Roman"/>
		<TextStyle ID="TXT_4" FONTSIZE="19" FONTFAMILY="Times New Roman" FONTSTYLE="bold italics"/>
		<TextStyle ID="TXT_5" FONTSIZE="15" FONTFAMILY="Times New Roman" FONTSTYLE="bold"/>
		<TextStyle ID="TXT_6" FONTSIZE="22" FONTFAMILY="Times New Roman" FONTSTYLE="bold"/>
		<TextStyle ID="TXT_7" FONTSIZE="10" FONTFAMILY="Times New Roman"/>
		<ParagraphStyle ID="PAR_LEFT" ALIGN="Left"/>
		<ParagraphStyle ID="PAR_RIGHT" ALIGN="Right"/>
	</Styles>
	<Layout>
		<Page ID="P11" PHYSICAL_IMG_NR="11" HEIGHT="3711" WIDTH="2588" PC="0.880">
			<TopMargin ID="P11_TM00001" HPOS="0" VPOS="0" WIDTH="2588" HEIGHT="286"/>
			<LeftMargin ID="P11_LM00001" HPOS="0" VPOS="286" WIDTH="154" HEIGHT="3173"/>
			<RightMargin ID="P11_RM00001" HPOS="2421" VPOS="286" WIDTH="167" HEIGHT="3173"/>
			<BottomMargin ID="P11_BM00001" HPOS="0" VPOS="3459" WIDTH="2588" HEIGHT="252"/>
			<PrintSpace ID="P11_PS00001" HPOS="154" VPOS="286" WIDTH="2275" HEIGHT="3173">
				<TextBlock ID="P11_TB00001" HPOS="161" VPOS="286" WIDTH="2260" HEIGHT="226" STYLEREFS="TXT_0 PAR_LEFT">
					<Shape>
						<Polygon POINTS="161,286 2421,286 2421,399 915,399 915,512 161,512"/>
					</Shape>
					<TextLine ID="P11_TL00001" HPOS="161" VPOS="286" WIDTH="2246" HEIGHT="90">
						<String ID="P11_ST00001" HPOS="161" VPOS="286" WIDTH="94" HEIGHT="68" CONTENT="IS" WC="1.00" CC="00"/>
						<SP ID="P11_SP00001" HPOS="255" VPOS="354" WIDTH="87"/>
						<String ID="P11_ST00002" HPOS="342" VPOS="286" WIDTH="470" HEIGHT="73" CONTENT='"POETIC' WC="0.99" CC="0314024"/>
						<SP ID="P11_SP00002" HPOS="812" VPOS="359" WIDTH="73"/>
						<String ID="P11_ST00003" HPOS="885" VPOS="290" WIDTH="386" HEIGHT="81" CONTENT="DRAMA" WC="0.98" CC="36120"/>
						<SP ID="P11_SP00003" HPOS="1271" VPOS="371" WIDTH="82"/>
						<String ID="P11_ST00004" HPOS="1353" VPOS="298" WIDTH="310" HEIGHT="78" CONTENT="BORN" WC="0.96" CC="6480"/>
						<SP ID="P11_SP00004" HPOS="1663" VPOS="376" WIDTH="81"/>
						<String ID="P11_ST00005" HPOS="1744" VPOS="298" WIDTH="505" HEIGHT="68" CONTENT='AGAIN?"' WC="0.99" CC="0304070"/>
						<SP ID="P11_SP00005" HPOS="2249" VPOS="376" WIDTH="92"/>
						<String ID="P11_ST00006" HPOS="2341" VPOS="300" WIDTH="66" HEIGHT="69" CONTENT="A" WC="1.00" CC="0"/>
					</TextLine>
					<TextLine ID="P11_TL00002" HPOS="161" VPOS="404" WIDTH="567" HEIGHT="89">
						<String ID="P11_ST00007" HPOS="161" VPOS="404" WIDTH="277" HEIGHT="89" CONTENT="Reply" WC="0.98" CC="07060"/>
						<SP ID="P11_SP00006" HPOS="438" VPOS="493" WIDTH="31"/>
						<String ID="P11_ST00008" HPOS="469" VPOS="407" WIDTH="259" HEIGHT="86" CONTENT="given" WC="0.98" CC="00195"/>
						<SP ID="P11_SP00007" HPOS="728" VPOS="493" WIDTH="0"/>
					</TextLine>
				</TextBlock>
				<TextBlock ID="P11_TB00002" HPOS="160" VPOS="404" WIDTH="2269" HEIGHT="204" STYLEREFS="TXT_1 PAR_LEFT">
					<Shape>
						<Polygon POINTS="160,518 931,518 931,404 2429,404 2429,521 1009,521 1009,608 160,608"/>
					</Shape>
					<TextLine ID="P11_TL00003" HPOS="160" VPOS="412" WIDTH="2260" HEIGHT="91">
						<String ID="P11_ST00009" HPOS="160" VPOS="412" WIDTH="551" HEIGHT="91" CONTENT="by" WC="0.96" CC="00"/>
						<SP ID="P11_SP00008" HPOS="711" VPOS="503" WIDTH="275"/>
						<String ID="P11_ST00010" HPOS="986" VPOS="412" WIDTH="348" HEIGHT="70" CONTENT="Gordon" WC="1.00" CC="306054"/>
						<SP ID="P11_SP00009" HPOS="1334" VPOS="503" WIDTH="82"/>
						<String ID="P11_ST00011" HPOS="1416" VPOS="417" WIDTH="264" HEIGHT="86" CONTENT="Craig" WC="0.96" CC="69723"/>
						<SP ID="P11_SP00010" HPOS="1680" VPOS="503" WIDTH="65"/>
						<String ID="P11_ST00012" HPOS="1745" VPOS="420" WIDTH="172" HEIGHT="64" CONTENT="and" WC="0.96" CC="450"/>
						<SP ID="P11_SP00011" HPOS="1917" VPOS="503" WIDTH="64"/>
						<String ID="P11_ST00013" HPOS="1981" VPOS="420" WIDTH="439" HEIGHT="66" CONTENT="recorded" WC="0.99" CC="06300063"/>
					</TextLine>
					<TextLine ID="P11_TL00004" HPOS="163" VPOS="520" WIDTH="1243" HEIGHT="86">
						<String ID="P11_ST00014" HPOS="163" VPOS="520" WIDTH="115" HEIGHT="85" CONTENT="by" WC="0.97" CC="00"/>
						<SP ID="P11_SP00012" HPOS="278" VPOS="605" WIDTH="22"/>
						<String ID="P11_ST00015" HPOS="300" VPOS="521" WIDTH="229" HEIGHT="85" CONTENT="John" WC="0.97" CC="0139"/>
						<SP ID="P11_SP00013" HPOS="529" VPOS="606" WIDTH="453"/>
						<String ID="P11_ST00016" HPOS="982" VPOS="525" WIDTH="424" HEIGHT="71" CONTENT="Cournos." WC="0.77" CC="60400304" STYLEREFS="TXT_2"/>
					</TextLine>
				</TextBlock>
				<TextBlock ID="P11_TB00003" HPOS="371" VPOS="676" WIDTH="2042" HEIGHT="269" STYLEREFS="TXT_3 PAR_LEFT">
					<TextLine ID="P11_TL00005" HPOS="371" VPOS="677" WIDTH="2039" HEIGHT="69">
						<String ID="P11_ST00017" HPOS="371" VPOS="677" WIDTH="104" HEIGHT="43" CONTENT="few" WC="0.97" CC="710"/>
						<SP ID="P11_SP00014" HPOS="475" VPOS="720" WIDTH="34"/>
						<String ID="P11_ST00018" HPOS="509" VPOS="682" WIDTH="221" HEIGHT="42" CONTENT="months" WC="0.98" CC="092060"/>
						<SP ID="P11_SP00015" HPOS="730" VPOS="724" WIDTH="33"/>
						<String ID="P11_ST00019" HPOS="763" VPOS="695" WIDTH="99" HEIGHT="41" CONTENT="ago" WC="0.97" CC="204"/>
						<SP ID="P11_SP00016" HPOS="862" VPOS="736" WIDTH="33"/>
						<String ID="P11_ST00020" HPOS="895" VPOS="696" WIDTH="67" HEIGHT="31" CONTENT="an" WC="0.96" CC="00"/>
						<SP ID="P11_SP00017" HPOS="962" VPOS="736" WIDTH="35"/>
						<String ID="P11_ST00021" HPOS="997" VPOS="687" WIDTH="288" HEIGHT="44" CONTENT="Interview" WC="0.99" CC="350600050"/>
						<SP ID="P11_SP00018" HPOS="1285" VPOS="736" WIDTH="32"/>
						<String ID="P11_ST00022" HPOS="1317" VPOS="691" WIDTH="132" HEIGHT="42" CONTENT="with" WC="0.97" CC="0705"/>
						<SP ID="P11_SP00019" HPOS="1449" VPOS="736" WIDTH="34"/>
						<String ID="P11_ST00023" HPOS="1483" VPOS="694" WIDTH="81" HEIGHT="40" CONTENT="Mr" WC="1.00" CC="00"/>
						<SP ID="P11_SP00020" HPOS="1564" VPOS="736" WIDTH="33"/>
						<String ID="P11_ST00024" HPOS="1597" VPOS="694" WIDTH="271" HEIGHT="44" CONTENT="Laurence" WC="0.99" CC="79000210"/>
						<SP ID="P11_SP00021" HPOS="1868" VPOS="738" WIDTH="34"/>
						<String ID="P11_ST00025" HPOS="1902" VPOS="694" WIDTH="207" HEIGHT="52" CONTENT="Binyon" WC="0.81" CC="033040"/>
						<SP ID="P11_SP00022" HPOS="2109" VPOS="746" WIDTH="34"/>
						<String ID="P11_ST00026" HPOS="2143" VPOS="692" WIDTH="267" HEIGHT="54" CONTENT="appeared" WC="0.99" CC="40032635"/>
					</TextLine>
					<TextLine ID="P11_TL00006" HPOS="374" VPOS="766" WIDTH="2039" HEIGHT="67">
						<String ID="P11_ST00027" HPOS="374" VPOS="769" WIDTH="54" HEIGHT="40" CONTENT="in" WC="0.39" CC="47"/>
						<SP ID="P11_SP00023" HPOS="428" VPOS="809" WIDTH="34"/>
						<String ID="P11_ST00028" HPOS="462" VPOS="770" WIDTH="95" HEIGHT="39" CONTENT="the" WC="0.96" CC="065"/>
						<SP ID="P11_SP00024" HPOS="557" VPOS="809" WIDTH="48"/>
						<String ID="P11_ST00029" HPOS="605" VPOS="766" WIDTH="227" HEIGHT="47" CONTENT="Boston" WC="0.98" CC="340700" STYLEREFS="TXT_4"/>
						<SP ID="P11_SP00025" HPOS="832" VPOS="813" WIDTH="54"/>
						<String ID="P11_ST00030" HPOS="886" VPOS="769" WIDTH="347" HEIGHT="62" CONTENT="Transcript" WC="0.99" CC="6096060057" STYLEREFS="TXT_4"/>
						<SP ID="P11_SP00026" HPOS="1233" VPOS="831" WIDTH="48"/>
						<String ID="P11_ST00031" HPOS="1281" VPOS="779" WIDTH="174" HEIGHT="42" CONTENT="under" WC="0.99" CC="02700"/>
						<SP ID="P11_SP00027" HPOS="1455" VPOS="831" WIDTH="47"/>
						<String ID="P11_ST00032" HPOS="1502" VPOS="780" WIDTH="94" HEIGHT="42" CONTENT="the" WC="0.98" CC="060"/>
						<SP ID="P11_SP00028" HPOS="1596" VPOS="831" WIDTH="48"/>
						<String ID="P11_ST00033" HPOS="1644" VPOS="781" WIDTH="234" HEIGHT="52" CONTENT="heading" WC="0.99" CC="1500540"/>
						<SP ID="P11_SP00029" HPOS="1878" VPOS="833" WIDTH="52"/>
						<String ID="P11_ST00034" HPOS="1930" VPOS="780" WIDTH="239" HEIGHT="43" CONTENT='"Poetic' WC="0.99" CC="4025025"/>
						<SP ID="P11_SP00030" HPOS="2169" VPOS="833" WIDTH="47"/>
						<String ID="P11_ST00035" HPOS="2216" VPOS="781" WIDTH="197" HEIGHT="42" CONTENT="Drama" WC="0.97" CC="10775"/>
					</TextLine>
					<TextLine ID="P11_TL00007" HPOS="373" VPOS="854" WIDTH="2038" HEIGHT="67">
						<String ID="P11_ST00036" HPOS="373" VPOS="856" WIDTH="140" HEIGHT="41" CONTENT="Born" WC="0.97" CC="6036"/>
						<SP ID="P11_SP00031" HPOS="513" VPOS="897" WIDTH="34"/>
						<String ID="P11_ST00037" HPOS="547" VPOS="854" WIDTH="244" HEIGHT="53" CONTENT='Again",' WC="0.98" CC="4096524"/>
						<SP ID="P11_SP00032" HPOS="791" VPOS="907" WIDTH="32"/>
						<String ID="P11_ST00038" HPOS="823" VPOS="869" WIDTH="67" HEIGHT="30" CONTENT="an" WC="0.57" CC="80"/>
						<SP ID="P11_SP00033" HPOS="890" VPOS="907" WIDTH="55"/>
						<String ID="P11_ST00039" HPOS="945" VPOS="860" WIDTH="290" HEIGHT="43" CONTENT="Interview" WC="0.99" CC="000050630"/>
						<SP ID="P11_SP00034" HPOS="1235" VPOS="907" WIDTH="52"/>
						<String ID="P11_ST00040" HPOS="1287" VPOS="864" WIDTH="55" HEIGHT="40" CONTENT="in" WC="0.61" CC="43"/>
						<SP ID="P11_SP00035" HPOS="1342" VPOS="907" WIDTH="53"/>
						<String ID="P11_ST00041" HPOS="1395" VPOS="865" WIDTH="174" HEIGHT="43" CONTENT="which" WC="0.97" CC="05446"/>
						<SP ID="P11_SP00036" HPOS="1569" VPOS="908" WIDTH="52"/>
						<String ID="P11_ST00042" HPOS="1621" VPOS="868" WIDTH="84" HEIGHT="42" CONTENT="Mr" WC="0.69" CC="06"/>
						<SP ID="P11_SP00037" HPOS="1705" VPOS="910" WIDTH="52"/>
						<String ID="P11_ST00043" HPOS="1757" VPOS="869" WIDTH="205" HEIGHT="52" CONTENT="Binyon" WC="0.94" CC="000030"/>
						<SP ID="P11_SP00038" HPOS="1962" VPOS="921" WIDTH="48"/>
						<String ID="P11_ST00044" HPOS="2010" VPOS="868" WIDTH="250" HEIGHT="53" CONTENT="glorified" WC="1.00" CC="020106001"/>
						<SP ID="P11_SP00039" HPOS="2260" VPOS="921" WIDTH="55"/>
						<String ID="P11_ST00045" HPOS="2315" VPOS="868" WIDTH="96" HEIGHT="42" CONTENT="the" WC="1.00" CC="000"/>
					</TextLine>
				</TextBlock>
				<TextBlock ID="P11_TB00004" HPOS="157" VPOS="943" WIDTH="2257" HEIGHT="2175" STYLEREFS="TXT_3 PAR_LEFT">
					<TextLine ID="P11_TL00008" HPOS="162" VPOS="944" WIDTH="2252" HEIGHT="66">
						<String ID="P11_ST00046" HPOS="162" VPOS="948" WIDTH="155" HEIGHT="50" CONTENT="stage" WC="0.97" CC="00597"/>
						<SP ID="P11_SP00040" HPOS="317" VPOS="998" WIDTH="32"/>
						<String ID="P11_ST00047" HPOS="349" VPOS="945" WIDTH="354" HEIGHT="53" CONTENT="productions" WC="0.99" CC="07067555360"/>
						<SP ID="P11_SP00041" HPOS="703" VPOS="998" WIDTH="52"/>
						<String ID="P11_ST00048" HPOS="755" VPOS="944" WIDTH="55" HEIGHT="43" CONTENT="of" WC="0.56" CC="08"/>
						<SP ID="P11_SP00042" HPOS="810" VPOS="998" WIDTH="32"/>
						<String ID="P11_ST00049" HPOS="842" VPOS="948" WIDTH="81" HEIGHT="40" CONTENT="Mr" WC="0.29" CC="67"/>
						<SP ID="P11_SP00043" HPOS="923" VPOS="998" WIDTH="33"/>
						<String ID="P11_ST00050" HPOS="956" VPOS="948" WIDTH="271" HEIGHT="43" CONTENT="Granville" WC="0.99" CC="600500676"/>
						<SP ID="P11_SP00044" HPOS="1227" VPOS="998" WIDTH="34"/>
						<String ID="P11_ST00051" HPOS="1261" VPOS="950" WIDTH="220" HEIGHT="55" CONTENT="Barker," WC="0.98" CC="0407672"/>
						<SP ID="P11_SP00045" HPOS="1481" VPOS="1005" WIDTH="31"/>
						<String ID="P11_ST00052" HPOS="1512" VPOS="954" WIDTH="33" HEIGHT="22" CONTENT='"' WC="0.36" CC="6"/>
						<SP ID="P11_SP00046" HPOS="1545" VPOS="1005" WIDTH="21"/>
						<String ID="P11_ST00053" HPOS="1566" VPOS="958" WIDTH="280" HEIGHT="49" CONTENT="compared" WC="0.99" CC="03700079"/>
						<SP ID="P11_SP00047" HPOS="1846" VPOS="1007" WIDTH="52"/>
						<String ID="P11_ST00054" HPOS="1898" VPOS="958" WIDTH="149" HEIGHT="42" CONTENT="them" WC="0.95" CC="0569"/>
						<SP ID="P11_SP00048" HPOS="2047" VPOS="1007" WIDTH="48"/>
						<String ID="P11_ST00055" HPOS="2095" VPOS="954" WIDTH="319" HEIGHT="56" CONTENT="favourably" WC="0.98" CC="3962209611"/>
					</TextLine>
					<TextLine ID="P11_TL00009" HPOS="165" VPOS="1033" WIDTH="2249" HEIGHT="62">
						<String ID="P11_ST00056" HPOS="165" VPOS="1037" WIDTH="132" HEIGHT="40" CONTENT="with" WC="0.99" CC="3300"/>
						<SP ID="P11_SP00049" HPOS="297" VPOS="1077" WIDTH="33"/>
						<String ID="P11_ST00057" HPOS="330" VPOS="1035" WIDTH="94" HEIGHT="41" CONTENT="the" WC="0.98" CC="005"/>
						<SP ID="P11_SP00050" HPOS="424" VPOS="1077" WIDTH="33"/>
						<String ID="P11_ST00058" HPOS="457" VPOS="1035" WIDTH="242" HEIGHT="41" CONTENT="schemes" WC="0.99" CC="0066030"/>
						<SP ID="P11_SP00051" HPOS="699" VPOS="1077" WIDTH="33"/>
						<String ID="P11_ST00059" HPOS="732" VPOS="1035" WIDTH="103" HEIGHT="40" CONTENT="and" WC="1.00" CC="000"/>
						<SP ID="P11_SP00052" HPOS="835" VPOS="1077" WIDTH="36"/>
						<String ID="P11_ST00060" HPOS="871" VPOS="1034" WIDTH="237" HEIGHT="51" CONTENT="projects" WC="0.99" CC="00264060"/>
						<SP ID="P11_SP00053" HPOS="1108" VPOS="1085" WIDTH="22"/>
						<String ID="P11_ST00061" HPOS="1130" VPOS="1033" WIDTH="38" HEIGHT="21" CONTENT='"' WC="0.36" CC="6"/>
						<SP ID="P11_SP00054" HPOS="1168" VPOS="1085" WIDTH="28"/>
						<String ID="P11_ST00062" HPOS="1196" VPOS="1035" WIDTH="56" HEIGHT="43" CONTENT="of" WC="0.32" CC="67"/>
						<SP ID="P11_SP00055" HPOS="1252" VPOS="1085" WIDTH="28"/>
						<String ID="P11_ST00063" HPOS="1280" VPOS="1039" WIDTH="84" HEIGHT="41" CONTENT="Mr" WC="0.51" CC="63"/>
						<SP ID="P11_SP00056" HPOS="1364" VPOS="1085" WIDTH="33"/>
						<String ID="P11_ST00064" HPOS="1397" VPOS="1040" WIDTH="212" HEIGHT="44" CONTENT="Gordon" WC="0.98" CC="703052"/>
						<SP ID="P11_SP00057" HPOS="1609" VPOS="1085" WIDTH="35"/>
						<String ID="P11_ST00065" HPOS="1644" VPOS="1043" WIDTH="177" HEIGHT="52" CONTENT="Craig," WC="0.98" CC="795003"/>
						<SP ID="P11_SP00058" HPOS="1821" VPOS="1095" WIDTH="30"/>
						<String ID="P11_ST00066" HPOS="1851" VPOS="1045" WIDTH="103" HEIGHT="41" CONTENT="and" WC="0.91" CC="579"/>
						<SP ID="P11_SP00059" HPOS="1954" VPOS="1095" WIDTH="24"/>
						<String ID="P11_ST00067" HPOS="1978" VPOS="1044" WIDTH="132" HEIGHT="43" CONTENT="then" WC="0.99" CC="0030"/>
						<SP ID="P11_SP00060" HPOS="2110" VPOS="1095" WIDTH="27"/>
						<String ID="P11_ST00068" HPOS="2137" VPOS="1044" WIDTH="154" HEIGHT="43" CONTENT="made" WC="0.96" CC="9800"/>
						<SP ID="P11_SP00061" HPOS="2291" VPOS="1095" WIDTH="26"/>
						<String ID="P11_ST00069" HPOS="2317" VPOS="1044" WIDTH="97" HEIGHT="42" CONTENT="the" WC="0.94" CC="456"/>
					</TextLine>
					<TextLine ID="P11_TL00010" HPOS="165" VPOS="1122" WIDTH="1982" HEIGHT="54">
						<String ID="P11_ST00070" HPOS="165" VPOS="1123" WIDTH="261" HEIGHT="52" CONTENT="startling" WC="1.00" CC="060000020"/>
						<SP ID="P11_SP00062" HPOS="426" VPOS="1175" WIDTH="35"/>
						<String ID="P11_ST00071" HPOS="461" VPOS="1122" WIDTH="336" HEIGHT="43" CONTENT="declaration" WC="0.99" CC="60078080400"/>
						<SP ID="P11_SP00063" HPOS="797" VPOS="1175" WIDTH="33"/>
						<String ID="P11_ST00072" HPOS="830" VPOS="1124" WIDTH="126" HEIGHT="41" CONTENT="that" WC="0.98" CC="0700"/>
						<SP ID="P11_SP00064" HPOS="956" VPOS="1175" WIDTH="30"/>
						<String ID="P11_ST00073" HPOS="986" VPOS="1125" WIDTH="33" HEIGHT="40" CONTENT="'f" WC="0.36" CC="48"/>
						<SP ID="P11_SP00065" HPOS="1019" VPOS="1175" WIDTH="35"/>
						<String ID="P11_ST00074" HPOS="1054" VPOS="1125" WIDTH="92" HEIGHT="41" CONTENT="the" WC="1.00" CC="000"/>
						<SP ID="P11_SP00066" HPOS="1146" VPOS="1175" WIDTH="32"/>
						<String ID="P11_ST00075" HPOS="1178" VPOS="1128" WIDTH="182" HEIGHT="48" CONTENT="poetic" WC="1.00" CC="000002"/>
						<SP ID="P11_SP00067" HPOS="1360" VPOS="1176" WIDTH="32"/>
						<String ID="P11_ST00076" HPOS="1392" VPOS="1129" WIDTH="185" HEIGHT="43" CONTENT="drama" WC="0.97" CC="04709"/>
						<SP ID="P11_SP00068" HPOS="1577" VPOS="1176" WIDTH="32"/>
						<String ID="P11_ST00077" HPOS="1609" VPOS="1131" WIDTH="45" HEIGHT="43" CONTENT="is" WC="0.58" CC="80"/>
						<SP ID="P11_SP00069" HPOS="1654" VPOS="1176" WIDTH="32"/>
						<String ID="P11_ST00078" HPOS="1686" VPOS="1131" WIDTH="150" HEIGHT="43" CONTENT="freed" WC="0.99" CC="63000"/>
						<SP ID="P11_SP00070" HPOS="1836" VPOS="1176" WIDTH="34"/>
						<String ID="P11_ST00079" HPOS="1870" VPOS="1136" WIDTH="58" HEIGHT="39" CONTENT="at" WC="0.63" CC="70"/>
						<SP ID="P11_SP00071" HPOS="1928" VPOS="1176" WIDTH="31"/>
						<String ID="P11_ST00080" HPOS="1959" VPOS="1132" WIDTH="123" HEIGHT="44" CONTENT="last." WC="0.97" CC="87024"/>
						<SP ID="P11_SP00072" HPOS="2082" VPOS="1176" WIDTH="35"/>
						<String ID="P11_ST00081" HPOS="2117" VPOS="1132" WIDTH="30" HEIGHT="20" CONTENT='"' WC="0.99" CC="0"/>
					</TextLine>
					<TextLine ID="P11_TL00011" HPOS="165" VPOS="1212" WIDTH="2246" HEIGHT="63">
						<String ID="P11_ST00082" HPOS="165" VPOS="1221" WIDTH="63" HEIGHT="35" CONTENT="£?" WC="0.24" CC="77"/>
						<SP ID="P11_SP00073" HPOS="228" VPOS="1256" WIDTH="35"/>
						<String ID="P11_ST00083" HPOS="263" VPOS="1212" WIDTH="108" HEIGHT="43" CONTENT="The" WC="0.96" CC="270"/>
						<SP ID="P11_SP00074" HPOS="371" VPOS="1256" WIDTH="33"/>
						<String ID="P11_ST00084" HPOS="404" VPOS="1213" WIDTH="289" HEIGHT="41" CONTENT="Interview" WC="1.00" CC="030020610"/>
						<SP ID="P11_SP00075" HPOS="693" VPOS="1256" WIDTH="33"/>
						<String ID="P11_ST00085" HPOS="726" VPOS="1222" WIDTH="109" HEIGHT="30" CONTENT="was" WC="0.98" CC="060"/>
						<SP ID="P11_SP00076" HPOS="835" VPOS="1256" WIDTH="36"/>
						<String ID="P11_ST00086" HPOS="871" VPOS="1212" WIDTH="239" HEIGHT="51" CONTENT="brought" WC="0.99" CC="1230004"/>
						<SP ID="P11_SP00077" HPOS="1110" VPOS="1263" WIDTH="30"/>
						<String ID="P11_ST00087" HPOS="1140" VPOS="1213" WIDTH="59" HEIGHT="41" CONTENT="to" WC="0.81" CC="03"/>
						<SP ID="P11_SP00078" HPOS="1199" VPOS="1263" WIDTH="33"/>
						<String ID="P11_ST00088" HPOS="1232" VPOS="1214" WIDTH="94" HEIGHT="41" CONTENT="the" WC="0.99" CC="003"/>
						<SP ID="P11_SP00079" HPOS="1326" VPOS="1263" WIDTH="35"/>
						<String ID="P11_ST00089" HPOS="1361" VPOS="1218" WIDTH="178" HEIGHT="41" CONTENT="notice" WC="0.99" CC="030310"/>
						<SP ID="P11_SP00080" HPOS="1539" VPOS="1263" WIDTH="55"/>
						<String ID="P11_ST00090" HPOS="1594" VPOS="1217" WIDTH="53" HEIGHT="43" CONTENT="of" WC="0.34" CC="66"/>
						<SP ID="P11_SP00081" HPOS="1647" VPOS="1263" WIDTH="51"/>
						<String ID="P11_ST00091" HPOS="1698" VPOS="1221" WIDTH="82" HEIGHT="39" CONTENT="Mr" WC="0.54" CC="53"/>
						<SP ID="P11_SP00082" HPOS="1780" VPOS="1263" WIDTH="51"/>
						<String ID="P11_ST00092" HPOS="1831" VPOS="1221" WIDTH="212" HEIGHT="43" CONTENT="Gordon" WC="1.00" CC="000000"/>
						<SP ID="P11_SP00083" HPOS="2043" VPOS="1264" WIDTH="37"/>
						<String ID="P11_ST00093" HPOS="2080" VPOS="1221" WIDTH="160" HEIGHT="52" CONTENT="Craig" WC="0.97" CC="50069"/>
						<SP ID="P11_SP00084" HPOS="2240" VPOS="1273" WIDTH="32"/>
						<String ID="P11_ST00094" HPOS="2272" VPOS="1221" WIDTH="139" HEIGHT="54" CONTENT="who," WC="0.98" CC="0054"/>
					</TextLine>
					<TextLine ID="P11_TL00012" HPOS="165" VPOS="1298" WIDTH="2246" HEIGHT="64">
						<String ID="P11_ST00095" HPOS="165" VPOS="1299" WIDTH="165" HEIGHT="44" CONTENT="asked" WC="0.99" CC="30100"/>
						<SP ID="P11_SP00085" HPOS="330" VPOS="1343" WIDTH="33"/>
						<String ID="P11_ST00096" HPOS="363" VPOS="1301" WIDTH="249" HEIGHT="42" CONTENT="whether" WC="0.98" CC="0506705"/>
						<SP ID="P11_SP00086" HPOS="612" VPOS="1343" WIDTH="34"/>
						<String ID="P11_ST00097" HPOS="646" VPOS="1301" WIDTH="64" HEIGHT="40" CONTENT="he" WC="0.95" CC="00"/>
						<SP ID="P11_SP00087" HPOS="710" VPOS="1343" WIDTH="35"/>
						<String ID="P11_ST00098" HPOS="745" VPOS="1298" WIDTH="113" HEIGHT="43" CONTENT="also" WC="0.98" CC="0700"/>
						<SP ID="P11_SP00088" HPOS="858" VPOS="1343" WIDTH="34"/>
						<String ID="P11_ST00099" HPOS="892" VPOS="1299" WIDTH="121" HEIGHT="42" CONTENT="held" WC="0.98" CC="0080"/>
						<SP ID="P11_SP00089" HPOS="1013" VPOS="1343" WIDTH="37"/>
						<String ID="P11_ST00100" HPOS="1050" VPOS="1302" WIDTH="124" HEIGHT="39" CONTENT="that" WC="0.96" CC="2690"/>
						<SP ID="P11_SP00090" HPOS="1174" VPOS="1343" WIDTH="32"/>
						<String ID="P11_ST00101" HPOS="1206" VPOS="1302" WIDTH="94" HEIGHT="42" CONTENT="the" WC="0.96" CC="406"/>
						<SP ID="P11_SP00091" HPOS="1300" VPOS="1344" WIDTH="33"/>
						<String ID="P11_ST00102" HPOS="1333" VPOS="1305" WIDTH="181" HEIGHT="49" CONTENT="poetic" WC="1.00" CC="002030"/>
						<SP ID="P11_SP00092" HPOS="1514" VPOS="1354" WIDTH="31"/>
						<String ID="P11_ST00103" HPOS="1545" VPOS="1307" WIDTH="187" HEIGHT="41" CONTENT="drama" WC="0.98" CC="00807"/>
						<SP ID="P11_SP00093" HPOS="1732" VPOS="1354" WIDTH="30"/>
						<String ID="P11_ST00104" HPOS="1762" VPOS="1320" WIDTH="113" HEIGHT="30" CONTENT="was" WC="0.96" CC="090"/>
						<SP ID="P11_SP00094" HPOS="1875" VPOS="1354" WIDTH="36"/>
						<String ID="P11_ST00105" HPOS="1911" VPOS="1310" WIDTH="131" HEIGHT="40" CONTENT="born" WC="0.97" CC="5053"/>
						<SP ID="P11_SP00095" HPOS="2042" VPOS="1354" WIDTH="53"/>
						<String ID="P11_ST00106" HPOS="2095" VPOS="1311" WIDTH="178" HEIGHT="51" CONTENT="again," WC="0.97" CC="009593"/>
						<SP ID="P11_SP00096" HPOS="2273" VPOS="1362" WIDTH="51"/>
						<String ID="P11_ST00107" HPOS="2324" VPOS="1319" WIDTH="58" HEIGHT="33" CONTENT="re" SUBS_TYPE="HypPart1" SUBS_CONTENT="replied," WC="0.92" CC="77"/>
						<HYP HPOS="2382" VPOS="1319" WIDTH="29" CONTENT="-"/>
					</TextLine>
					<TextLine ID="P11_TL00013" HPOS="164" VPOS="1386" WIDTH="2244" HEIGHT="61">
						<String ID="P11_ST00108" HPOS="164" VPOS="1386" WIDTH="163" HEIGHT="53" CONTENT="plied," SUBS_TYPE="HypPart2" SUBS_CONTENT="replied," WC="0.99" CC="070400"/>
						<SP ID="P11_SP00097" HPOS="327" VPOS="1439" WIDTH="32"/>
						<String ID="P11_ST00109" HPOS="359" VPOS="1388" WIDTH="33" HEIGHT="24" CONTENT='"' WC="1.00" CC="9"/>
						<SP ID="P11_SP00098" HPOS="392" VPOS="1439" WIDTH="36"/>
						<String ID="P11_ST00110" HPOS="428" VPOS="1387" WIDTH="48" HEIGHT="41" CONTENT="It" WC="0.66" CC="60"/>
						<SP ID="P11_SP00099" HPOS="476" VPOS="1439" WIDTH="35"/>
						<String ID="P11_ST00111" HPOS="511" VPOS="1387" WIDTH="238" HEIGHT="50" CONTENT="depends" WC="1.00" CC="0100000"/>
						<SP ID="P11_SP00100" HPOS="749" VPOS="1439" WIDTH="32"/>
						<String ID="P11_ST00112" HPOS="781" VPOS="1387" WIDTH="249" HEIGHT="42" CONTENT="whether" WC="0.98" CC="9650045"/>
						<SP ID="P11_SP00101" HPOS="1030" VPOS="1439" WIDTH="30"/>
						<String ID="P11_ST00113" HPOS="1060" VPOS="1399" WIDTH="106" HEIGHT="40" CONTENT="you" WC="0.95" CC="435"/>
						<SP ID="P11_SP00102" HPOS="1166" VPOS="1439" WIDTH="38"/>
						<String ID="P11_ST00114" HPOS="1204" VPOS="1400" WIDTH="94" HEIGHT="30" CONTENT="are" WC="0.95" CC="452"/>
						<SP ID="P11_SP00103" HPOS="1298" VPOS="1439" WIDTH="22"/>
						<String ID="P11_ST00115" HPOS="1320" VPOS="1390" WIDTH="261" HEIGHT="53" CONTENT="speaking" WC="0.99" CC="00090050"/>
						<SP ID="P11_SP00104" HPOS="1581" VPOS="1443" WIDTH="23"/>
						<String ID="P11_ST00116" HPOS="1604" VPOS="1391" WIDTH="54" HEIGHT="43" CONTENT="of" WC="0.32" CC="67"/>
						<SP ID="P11_SP00105" HPOS="1658" VPOS="1443" WIDTH="23"/>
						<String ID="P11_ST00117" HPOS="1681" VPOS="1392" WIDTH="224" HEIGHT="55" CONTENT="literary" WC="0.98" CC="76002606"/>
						<SP ID="P11_SP00106" HPOS="1905" VPOS="1447" WIDTH="24"/>
						<String ID="P11_ST00118" HPOS="1929" VPOS="1396" WIDTH="184" HEIGHT="42" CONTENT="drama" WC="0.99" CC="00009"/>
						<SP ID="P11_SP00107" HPOS="2113" VPOS="1447" WIDTH="24"/>
						<String ID="P11_ST00119" HPOS="2137" VPOS="1406" WIDTH="62" HEIGHT="32" CONTENT="or" WC="0.76" CC="04"/>
						<SP ID="P11_SP00108" HPOS="2199" VPOS="1447" WIDTH="22"/>
						<String ID="P11_ST00120" HPOS="2221" VPOS="1397" WIDTH="187" HEIGHT="41" CONTENT="mimo&gt;" WC="0.60" CC="50643"/>
					</TextLine>
					<TextLine ID="P11_TL00014" HPOS="166" VPOS="1475" WIDTH="2243" HEIGHT="61">
						<String ID="P11_ST00121" HPOS="166" VPOS="1477" WIDTH="205" HEIGHT="49" CONTENT="drama," WC="0.97" CC="900953"/>
						<SP ID="P11_SP00109" HPOS="371" VPOS="1526" WIDTH="33"/>
						<String ID="P11_ST00122" HPOS="404" VPOS="1476" WIDTH="174" HEIGHT="41" CONTENT="which" WC="0.97" CC="80706"/>
						<SP ID="P11_SP00110" HPOS="578" VPOS="1526" WIDTH="35"/>
						<String ID="P11_ST00123" HPOS="613" VPOS="1475" WIDTH="46" HEIGHT="42" CONTENT="is" WC="0.65" CC="60"/>
						<SP ID="P11_SP00111" HPOS="659" VPOS="1526" WIDTH="33"/>
						<String ID="P11_ST00124" HPOS="692" VPOS="1486" WIDTH="30" HEIGHT="31" CONTENT="a" WC="0.10" CC="8"/>
						<SP ID="P11_SP00112" HPOS="722" VPOS="1526" WIDTH="33"/>
						<String ID="P11_ST00125" HPOS="755" VPOS="1476" WIDTH="182" HEIGHT="41" CONTENT="better" WC="0.99" CC="450002"/>
						<SP ID="P11_SP00113" HPOS="937" VPOS="1526" WIDTH="33"/>
						<String ID="P11_ST00126" HPOS="970" VPOS="1486" WIDTH="155" HEIGHT="32" CONTENT="name" WC="0.99" CC="0600"/>
						<SP ID="P11_SP00114" HPOS="1125" VPOS="1526" WIDTH="30"/>
						<String ID="P11_ST00127" HPOS="1155" VPOS="1475" WIDTH="88" HEIGHT="43" CONTENT="for" WC="0.94" CC="745"/>
						<SP ID="P11_SP00115" HPOS="1243" VPOS="1526" WIDTH="30"/>
						<String ID="P11_ST00128" HPOS="1273" VPOS="1480" WIDTH="332" HEIGHT="48" CONTENT="pantomimo" WC="0.98" CC="000000000"/>
						<SP ID="P11_SP00116" HPOS="1605" VPOS="1528" WIDTH="34"/>
						<String ID="P11_ST00129" HPOS="1639" VPOS="1482" WIDTH="206" HEIGHT="44" CONTENT="drama." WC="0.98" CC="040093"/>
						<SP ID="P11_SP00117" HPOS="1845" VPOS="1528" WIDTH="32"/>
						<String ID="P11_ST00130" HPOS="1877" VPOS="1482" WIDTH="108" HEIGHT="42" CONTENT="The" WC="0.96" CC="650"/>
						<SP ID="P11_SP00118" HPOS="1985" VPOS="1528" WIDTH="33"/>
						<String ID="P11_ST00131" HPOS="2018" VPOS="1482" WIDTH="127" HEIGHT="44" CONTENT="first" WC="0.98" CC="76400"/>
						<SP ID="P11_SP00119" HPOS="2145" VPOS="1528" WIDTH="43"/>
						<String ID="P11_ST00132" HPOS="2188" VPOS="1485" WIDTH="44" HEIGHT="41" CONTENT="is" WC="0.77" CC="40"/>
						<SP ID="P11_SP00120" HPOS="2232" VPOS="1528" WIDTH="23"/>
						<String ID="P11_ST00133" HPOS="2255" VPOS="1485" WIDTH="154" HEIGHT="51" CONTENT="quite" WC="0.98" CC="50108"/>
					</TextLine>
					<TextLine ID="P11_TL00015" HPOS="164" VPOS="1564" WIDTH="2246" HEIGHT="57">
						<String ID="P11_ST00134" HPOS="164" VPOS="1574" WIDTH="30" HEIGHT="30" CONTENT="a" WC="0.43" CC="5"/>
						<SP ID="P11_SP00121" HPOS="194" VPOS="1604" WIDTH="33"/>
						<String ID="P11_ST00135" HPOS="227" VPOS="1573" WIDTH="290" HEIGHT="40" CONTENT="grown-up" WC="0.99" CC="03405400"/>
						<SP ID="P11_SP00122" HPOS="517" VPOS="1613" WIDTH="34"/>
						<String ID="P11_ST00136" HPOS="551" VPOS="1573" WIDTH="123" HEIGHT="30" CONTENT="man" WC="0.95" CC="606"/>
						<SP ID="P11_SP00123" HPOS="674" VPOS="1613" WIDTH="22"/>
						<String ID="P11_ST00137" HPOS="696" VPOS="1571" WIDTH="14" HEIGHT="40" CONTENT=";" WC="0.40" CC="5"/>
						<SP ID="P11_SP00124" HPOS="710" VPOS="1613" WIDTH="33"/>
						<String ID="P11_ST00138" HPOS="743" VPOS="1564" WIDTH="92" HEIGHT="39" CONTENT="the" WC="1.00" CC="000"/>
						<SP ID="P11_SP00125" HPOS="835" VPOS="1613" WIDTH="36"/>
						<String ID="P11_ST00139" HPOS="871" VPOS="1564" WIDTH="157" HEIGHT="42" CONTENT="other" WC="0.99" CC="00520"/>
						<SP ID="P11_SP00126" HPOS="1028" VPOS="1613" WIDTH="33"/>
						<String ID="P11_ST00140" HPOS="1061" VPOS="1564" WIDTH="45" HEIGHT="40" CONTENT="is" WC="0.70" CC="14"/>
						<SP ID="P11_SP00127" HPOS="1106" VPOS="1613" WIDTH="34"/>
						<String ID="P11_ST00141" HPOS="1140" VPOS="1564" WIDTH="161" HEIGHT="52" CONTENT="being" WC="0.99" CC="33030"/>
						<SP ID="P11_SP00128" HPOS="1301" VPOS="1616" WIDTH="27"/>
						<String ID="P11_ST00142" HPOS="1328" VPOS="1567" WIDTH="241" HEIGHT="42" CONTENT="re-born." WC="0.98" CC="53462052"/>
						<SP ID="P11_SP00129" HPOS="1569" VPOS="1616" WIDTH="55"/>
						<String ID="P11_ST00143" HPOS="1624" VPOS="1566" WIDTH="107" HEIGHT="43" CONTENT="The" WC="0.97" CC="033"/>
						<SP ID="P11_SP00130" HPOS="1731" VPOS="1616" WIDTH="50"/>
						<String ID="P11_ST00144" HPOS="1781" VPOS="1567" WIDTH="228" HEIGHT="54" CONTENT="literary" WC="0.99" CC="60003055"/>
						<SP ID="P11_SP00131" HPOS="2009" VPOS="1621" WIDTH="52"/>
						<String ID="P11_ST00145" HPOS="2061" VPOS="1571" WIDTH="188" HEIGHT="40" CONTENT="drama" WC="0.98" CC="50046"/>
						<SP ID="P11_SP00132" HPOS="2249" VPOS="1621" WIDTH="51"/>
						<String ID="P11_ST00146" HPOS="2300" VPOS="1580" WIDTH="110" HEIGHT="32" CONTENT="was" WC="1.00" CC="000"/>
					</TextLine>
					<TextLine ID="P11_TL00016" HPOS="161" VPOS="1649" WIDTH="2248" HEIGHT="59">
						<String ID="P11_ST00147" HPOS="161" VPOS="1650" WIDTH="237" HEIGHT="52" CONTENT="brought" WC="0.98" CC="6503060"/>
						<SP ID="P11_SP00133" HPOS="398" VPOS="1702" WIDTH="31"/>
						<String ID="P11_ST00148" HPOS="429" VPOS="1649" WIDTH="118" HEIGHT="43" CONTENT="Into" WC="0.95" CC="8746"/>
						<SP ID="P11_SP00134" HPOS="547" VPOS="1702" WIDTH="36"/>
						<String ID="P11_ST00149" HPOS="583" VPOS="1650" WIDTH="160" HEIGHT="52" CONTENT="being" WC="0.98" CC="50050"/>
						<SP ID="P11_SP00135" HPOS="743" VPOS="1702" WIDTH="34"/>
						<String ID="P11_ST00150" HPOS="777" VPOS="1653" WIDTH="67" HEIGHT="49" CONTENT="by" WC="0.32" CC="66"/>
						<SP ID="P11_SP00136" HPOS="844" VPOS="1702" WIDTH="29"/>
						<String ID="P11_ST00151" HPOS="873" VPOS="1651" WIDTH="160" HEIGHT="42" CONTENT="Yeats" WC="0.97" CC="15980"/>
						<SP ID="P11_SP00137" HPOS="1033" VPOS="1702" WIDTH="32"/>
						<String ID="P11_ST00152" HPOS="1065" VPOS="1651" WIDTH="104" HEIGHT="42" CONTENT="and" WC="0.99" CC="030"/>
						<SP ID="P11_SP00138" HPOS="1169" VPOS="1702" WIDTH="35"/>
						<String ID="P11_ST00153" HPOS="1204" VPOS="1653" WIDTH="195" HEIGHT="50" CONTENT="Synge," WC="0.93" CC="000004"/>
						<SP ID="P11_SP00139" HPOS="1399" VPOS="1703" WIDTH="36"/>
						<String ID="P11_ST00154" HPOS="1435" VPOS="1655" WIDTH="96" HEIGHT="41" CONTENT="but" WC="0.97" CC="520"/>
						<SP ID="P11_SP00140" HPOS="1531" VPOS="1703" WIDTH="51"/>
						<String ID="P11_ST00155" HPOS="1582" VPOS="1666" WIDTH="80" HEIGHT="31" CONTENT="we" WC="0.84" CC="03"/>
						<SP ID="P11_SP00141" HPOS="1662" VPOS="1703" WIDTH="53"/>
						<String ID="P11_ST00156" HPOS="1715" VPOS="1655" WIDTH="135" HEIGHT="42" CONTENT="have" WC="0.99" CC="5000"/>
						<SP ID="P11_SP00142" HPOS="1850" VPOS="1703" WIDTH="57"/>
						<String ID="P11_ST00157" HPOS="1907" VPOS="1668" WIDTH="68" HEIGHT="30" CONTENT="no" WC="0.37" CC="75"/>
						<SP ID="P11_SP00143" HPOS="1975" VPOS="1703" WIDTH="54"/>
						<String ID="P11_ST00158" HPOS="2029" VPOS="1658" WIDTH="158" HEIGHT="50" CONTENT="great" WC="0.98" CC="94000"/>
						<SP ID="P11_SP00144" HPOS="2187" VPOS="1708" WIDTH="33"/>
						<String ID="P11_ST00159" HPOS="2220" VPOS="1658" WIDTH="152" HEIGHT="40" CONTENT="mimo" SUBS_TYPE="HypPart1" SUBS_CONTENT="mimodrama." WC="0.93" CC="0003"/>
						<HYP HPOS="2372" VPOS="1658" WIDTH="37" CONTENT="-"/>
					</TextLine>
					<TextLine ID="P11_TL00017" HPOS="164" VPOS="1740" WIDTH="2242" HEIGHT="59">
						<String ID="P11_ST00160" HPOS="164" VPOS="1741" WIDTH="204" HEIGHT="42" CONTENT="drama." SUBS_TYPE="HypPart2" SUBS_CONTENT="mimodrama." WC="0.53" CC="009494"/>
						<SP ID="P11_SP00145" HPOS="368" VPOS="1783" WIDTH="32"/>
						<String ID="P11_ST00161" HPOS="400" VPOS="1740" WIDTH="291" HEIGHT="42" CONTENT="Therefore" WC="0.99" CC="000026054"/>
						<SP ID="P11_SP00146" HPOS="691" VPOS="1783" WIDTH="31"/>
						<String ID="P11_ST00162" HPOS="722" VPOS="1741" WIDTH="96" HEIGHT="41" CONTENT="the" WC="0.95" CC="066"/>
						<SP ID="P11_SP00147" HPOS="818" VPOS="1783" WIDTH="34"/>
						<String ID="P11_ST00163" HPOS="852" VPOS="1741" WIDTH="179" HEIGHT="51" CONTENT="poetic" WC="0.99" CC="002060"/>
						<SP ID="P11_SP00148" HPOS="1031" VPOS="1792" WIDTH="33"/>
						<String ID="P11_ST00164" HPOS="1064" VPOS="1743" WIDTH="207" HEIGHT="50" CONTENT="drama," WC="0.99" CC="029004"/>
						<SP ID="P11_SP00149" HPOS="1271" VPOS="1793" WIDTH="30"/>
						<String ID="P11_ST00165" HPOS="1301" VPOS="1754" WIDTH="58" HEIGHT="29" CONTENT="as" WC="0.52" CC="90"/>
						<SP ID="P11_SP00150" HPOS="1359" VPOS="1793" WIDTH="31"/>
						<String ID="P11_ST00166" HPOS="1390" VPOS="1754" WIDTH="31" HEIGHT="31" CONTENT="a" WC="1.00" CC="0"/>
						<SP ID="P11_SP00151" HPOS="1421" VPOS="1793" WIDTH="32"/>
						<String ID="P11_ST00167" HPOS="1453" VPOS="1743" WIDTH="190" HEIGHT="53" CONTENT="whole," WC="0.99" CC="000603"/>
						<SP ID="P11_SP00152" HPOS="1643" VPOS="1796" WIDTH="25"/>
						<String ID="P11_ST00168" HPOS="1668" VPOS="1757" WIDTH="121" HEIGHT="42" CONTENT="may" WC="1.00" CC="000"/>
						<SP ID="P11_SP00153" HPOS="1789" VPOS="1799" WIDTH="18"/>
						<String ID="P11_ST00169" HPOS="1807" VPOS="1748" WIDTH="63" HEIGHT="40" CONTENT="be" WC="0.69" CC="60"/>
						<SP ID="P11_SP00154" HPOS="1870" VPOS="1799" WIDTH="23"/>
						<String ID="P11_ST00170" HPOS="1893" VPOS="1747" WIDTH="113" HEIGHT="41" CONTENT="said" WC="0.97" CC="0770"/>
						<SP ID="P11_SP00155" HPOS="2006" VPOS="1799" WIDTH="24"/>
						<String ID="P11_ST00171" HPOS="2030" VPOS="1749" WIDTH="56" HEIGHT="39" CONTENT="to" WC="0.73" CC="05"/>
						<SP ID="P11_SP00156" HPOS="2086" VPOS="1799" WIDTH="26"/>
						<String ID="P11_ST00172" HPOS="2112" VPOS="1748" WIDTH="134" HEIGHT="42" CONTENT="have" WC="0.98" CC="4005"/>
						<SP ID="P11_SP00157" HPOS="2246" VPOS="1799" WIDTH="26"/>
						<String ID="P11_ST00173" HPOS="2272" VPOS="1748" WIDTH="134" HEIGHT="40" CONTENT="been" WC="0.98" CC="2340"/>
					</TextLine>
					<TextLine ID="P11_TL00018" HPOS="164" VPOS="1828" WIDTH="2000" HEIGHT="56">
						<String ID="P11_ST00174" HPOS="164" VPOS="1829" WIDTH="130" HEIGHT="42" CONTENT="both" WC="0.98" CC="5005"/>
						<SP ID="P11_SP00158" HPOS="294" VPOS="1871" WIDTH="55"/>
						<String ID="P11_ST00175" HPOS="349" VPOS="1829" WIDTH="132" HEIGHT="42" CONTENT="born" WC="0.96" CC="5047"/>
						<SP ID="P11_SP00159" HPOS="481" VPOS="1871" WIDTH="51"/>
						<String ID="P11_ST00176" HPOS="532" VPOS="1829" WIDTH="179" HEIGHT="51" CONTENT="again," WC="0.99" CC="000733"/>
						<SP ID="P11_SP00160" HPOS="711" VPOS="1880" WIDTH="33"/>
						<String ID="P11_ST00177" HPOS="744" VPOS="1829" WIDTH="103" HEIGHT="41" CONTENT="and" WC="0.97" CC="070"/>
						<SP ID="P11_SP00161" HPOS="847" VPOS="1880" WIDTH="34"/>
						<String ID="P11_ST00178" HPOS="881" VPOS="1829" WIDTH="57" HEIGHT="41" CONTENT="to" WC="0.68" CC="06"/>
						<SP ID="P11_SP00162" HPOS="938" VPOS="1880" WIDTH="37"/>
						<String ID="P11_ST00179" HPOS="975" VPOS="1830" WIDTH="64" HEIGHT="40" CONTENT="be" WC="0.59" CC="61"/>
						<SP ID="P11_SP00163" HPOS="1039" VPOS="1880" WIDTH="34"/>
						<String ID="P11_ST00180" HPOS="1073" VPOS="1828" WIDTH="54" HEIGHT="42" CONTENT="In" WC="0.60" CC="70"/>
						<SP ID="P11_SP00164" HPOS="1127" VPOS="1880" WIDTH="33"/>
						<String ID="P11_ST00181" HPOS="1160" VPOS="1829" WIDTH="94" HEIGHT="41" CONTENT="the" WC="1.00" CC="010"/>
						<SP ID="P11_SP00165" HPOS="1254" VPOS="1880" WIDTH="33"/>
						<String ID="P11_ST00182" HPOS="1287" VPOS="1840" WIDTH="213" HEIGHT="40" CONTENT="process" WC="0.99" CC="0600080"/>
						<SP ID="P11_SP00166" HPOS="1500" VPOS="1880" WIDTH="35"/>
						<String ID="P11_ST00183" HPOS="1535" VPOS="1829" WIDTH="53" HEIGHT="43" CONTENT="of" WC="0.38" CC="57"/>
						<SP ID="P11_SP00167" HPOS="1588" VPOS="1880" WIDTH="32"/>
						<String ID="P11_ST00184" HPOS="1620" VPOS="1832" WIDTH="163" HEIGHT="52" CONTENT="being" WC="0.98" CC="40600"/>
						<SP ID="P11_SP00168" HPOS="1783" VPOS="1884" WIDTH="32"/>
						<String ID="P11_ST00185" HPOS="1815" VPOS="1834" WIDTH="154" HEIGHT="42" CONTENT="born." WC="0.98" CC="20572"/>
						<SP ID="P11_SP00169" HPOS="1969" VPOS="1884" WIDTH="35"/>
						<String ID="P11_ST00186" HPOS="2004" VPOS="1833" WIDTH="33" HEIGHT="20" CONTENT='"' WC="0.65" CC="3"/>
						<SP ID="P11_SP00170" HPOS="2037" VPOS="1884" WIDTH="62"/>
						<String ID="P11_ST00187" HPOS="2099" VPOS="1842" WIDTH="65" HEIGHT="34" CONTENT="&amp;" WC="0.14" CC="8"/>
					</TextLine>
					<TextLine ID="P11_TL00019" HPOS="260" VPOS="1915" WIDTH="2148" HEIGHT="61">
						<String ID="P11_ST00188" HPOS="260" VPOS="1918" WIDTH="385" HEIGHT="49" CONTENT='"Stupendous' WC="0.99" CC="23050579740"/>
						<SP ID="P11_SP00171" HPOS="645" VPOS="1967" WIDTH="21"/>
						<String ID="P11_ST00189" HPOS="666" VPOS="1915" WIDTH="51" HEIGHT="44" CONTENT='1"' WC="0.50" CC="81"/>
						<SP ID="P11_SP00172" HPOS="717" VPOS="1967" WIDTH="26"/>
						<String ID="P11_ST00190" HPOS="743" VPOS="1928" WIDTH="108" HEIGHT="32" CONTENT="was" WC="1.00" CC="000"/>
						<SP ID="P11_SP00173" HPOS="851" VPOS="1967" WIDTH="34"/>
						<String ID="P11_ST00191" HPOS="885" VPOS="1919" WIDTH="82" HEIGHT="40" CONTENT="Mr" WC="0.72" CC="05"/>
						<SP ID="P11_SP00174" HPOS="967" VPOS="1967" WIDTH="26"/>
						<String ID="P11_ST00192" HPOS="993" VPOS="1917" WIDTH="202" HEIGHT="52" CONTENT="Craig's" WC="0.99" CC="6106030"/>
						<SP ID="P11_SP00175" HPOS="1195" VPOS="1969" WIDTH="23"/>
						<String ID="P11_ST00193" HPOS="1218" VPOS="1917" WIDTH="353" HEIGHT="44" CONTENT="exclamation" WC="0.99" CC="24060000632"/>
						<SP ID="P11_SP00176" HPOS="1571" VPOS="1969" WIDTH="25"/>
						<String ID="P11_ST00194" HPOS="1596" VPOS="1931" WIDTH="66" HEIGHT="30" CONTENT="on" WC="0.59" CC="34"/>
						<SP ID="P11_SP00177" HPOS="1662" VPOS="1969" WIDTH="26"/>
						<String ID="P11_ST00195" HPOS="1688" VPOS="1923" WIDTH="222" HEIGHT="50" CONTENT="reading" WC="1.00" CC="0000060"/>
						<SP ID="P11_SP00178" HPOS="1910" VPOS="1973" WIDTH="21"/>
						<String ID="P11_ST00196" HPOS="1931" VPOS="1923" WIDTH="146" HEIGHT="41" CONTENT="what" WC="0.96" CC="9600"/>
						<SP ID="P11_SP00179" HPOS="2077" VPOS="1973" WIDTH="21"/>
						<String ID="P11_ST00197" HPOS="2098" VPOS="1923" WIDTH="82" HEIGHT="41" CONTENT="Mr" WC="0.73" CC="05"/>
						<SP ID="P11_SP00180" HPOS="2180" VPOS="1973" WIDTH="22"/>
						<String ID="P11_ST00198" HPOS="2202" VPOS="1922" WIDTH="206" HEIGHT="54" CONTENT="Binyon" WC="0.70" CC="650005"/>
					</TextLine>
					<TextLine ID="P11_TL00020" HPOS="164" VPOS="2004" WIDTH="2242" HEIGHT="57">
						<String ID="P11_ST00199" HPOS="164" VPOS="2006" WIDTH="102" HEIGHT="41" CONTENT="had" WC="1.00" CC="000"/>
						<SP ID="P11_SP00181" HPOS="266" VPOS="2047" WIDTH="36"/>
						<String ID="P11_ST00200" HPOS="302" VPOS="2004" WIDTH="114" HEIGHT="42" CONTENT="said" WC="0.98" CC="3030"/>
						<SP ID="P11_SP00182" HPOS="416" VPOS="2047" WIDTH="36"/>
						<String ID="P11_ST00201" HPOS="452" VPOS="2016" WIDTH="67" HEIGHT="30" CONTENT="on" WC="0.36" CC="66"/>
						<SP ID="P11_SP00183" HPOS="519" VPOS="2047" WIDTH="34"/>
						<String ID="P11_ST00202" HPOS="553" VPOS="2006" WIDTH="94" HEIGHT="41" CONTENT="the" WC="1.00" CC="000"/>
						<SP ID="P11_SP00184" HPOS="647" VPOS="2047" WIDTH="33"/>
						<String ID="P11_ST00203" HPOS="680" VPOS="2004" WIDTH="228" HEIGHT="51" CONTENT="subject," WC="0.99" CC="00680202"/>
						<SP ID="P11_SP00185" HPOS="908" VPOS="2055" WIDTH="35"/>
						<String ID="P11_ST00204" HPOS="943" VPOS="2006" WIDTH="121" HEIGHT="50" CONTENT="and," WC="1.00" CC="0000"/>
						<SP ID="P11_SP00186" HPOS="1064" VPOS="2056" WIDTH="34"/>
						<String ID="P11_ST00205" HPOS="1098" VPOS="2006" WIDTH="320" HEIGHT="52" CONTENT="questioned" WC="0.99" CC="9790040000"/>
						<SP ID="P11_SP00187" HPOS="1418" VPOS="2058" WIDTH="33"/>
						<String ID="P11_ST00206" HPOS="1451" VPOS="2017" WIDTH="57" HEIGHT="30" CONTENT="as" WC="1.00" CC="00"/>
						<SP ID="P11_SP00188" HPOS="1508" VPOS="2058" WIDTH="32"/>
						<String ID="P11_ST00207" HPOS="1540" VPOS="2008" WIDTH="57" HEIGHT="41" CONTENT="to" WC="1.00" CC="00"/>
						<SP ID="P11_SP00189" HPOS="1597" VPOS="2058" WIDTH="35"/>
						<String ID="P11_ST00208" HPOS="1632" VPOS="2008" WIDTH="146" HEIGHT="41" CONTENT="what" WC="1.00" CC="0000"/>
						<SP ID="P11_SP00190" HPOS="1778" VPOS="2058" WIDTH="29"/>
						<String ID="P11_ST00209" HPOS="1807" VPOS="2008" WIDTH="264" HEIGHT="53" CONTENT="precisely" WC="0.99" CC="001400460"/>
						<SP ID="P11_SP00191" HPOS="2071" VPOS="2061" WIDTH="32"/>
						<String ID="P11_ST00210" HPOS="2103" VPOS="2011" WIDTH="67" HEIGHT="40" CONTENT="he" WC="0.57" CC="62"/>
						<SP ID="P11_SP00192" HPOS="2170" VPOS="2061" WIDTH="50"/>
						<String ID="P11_ST00211" HPOS="2220" VPOS="2013" WIDTH="186" HEIGHT="40" CONTENT="meant" WC="0.98" CC="90060"/>
					</TextLine>
					<TextLine ID="P11_TL00021" HPOS="165" VPOS="2093" WIDTH="2243" HEIGHT="57">
						<String ID="P11_ST00212" HPOS="165" VPOS="2096" WIDTH="67" HEIGHT="49" CONTENT="by" WC="0.73" CC="50"/>
						<SP ID="P11_SP00193" HPOS="232" VPOS="2145" WIDTH="33"/>
						<String ID="P11_ST00213" HPOS="265" VPOS="2094" WIDTH="33" HEIGHT="25" CONTENT='"' WC="0.96" CC="0"/>
						<SP ID="P11_SP00194" HPOS="298" VPOS="2145" WIDTH="33"/>
						<String ID="P11_ST00214" HPOS="331" VPOS="2094" WIDTH="337" HEIGHT="51" CONTENT="stupendous" WC="0.99" CC="0260070336"/>
						<SP ID="P11_SP00195" HPOS="668" VPOS="2145" WIDTH="33"/>
						<String ID="P11_ST00215" HPOS="701" VPOS="2093" WIDTH="33" HEIGHT="19" CONTENT='"' WC="0.59" CC="4"/>
						<SP ID="P11_SP00196" HPOS="734" VPOS="2145" WIDTH="35"/>
						<String ID="P11_ST00216" HPOS="769" VPOS="2094" WIDTH="66" HEIGHT="41" CONTENT="he" WC="0.82" CC="30"/>
						<SP ID="P11_SP00197" HPOS="835" VPOS="2145" WIDTH="35"/>
						<String ID="P11_ST00217" HPOS="870" VPOS="2093" WIDTH="228" HEIGHT="52" CONTENT="replied," WC="0.99" CC="00084103"/>
						<SP ID="P11_SP00198" HPOS="1098" VPOS="2145" WIDTH="29"/>
						<String ID="P11_ST00218" HPOS="1127" VPOS="2096" WIDTH="33" HEIGHT="23" CONTENT='"' WC="0.54" CC="4"/>
						<SP ID="P11_SP00199" HPOS="1160" VPOS="2145" WIDTH="35"/>
						<String ID="P11_ST00219" HPOS="1195" VPOS="2093" WIDTH="138" HEIGHT="43" CONTENT="That" WC="0.99" CC="0040"/>
						<SP ID="P11_SP00200" HPOS="1333" VPOS="2145" WIDTH="46"/>
						<String ID="P11_ST00220" HPOS="1379" VPOS="2097" WIDTH="91" HEIGHT="41" CONTENT="the" WC="0.97" CC="060"/>
						<SP ID="P11_SP00201" HPOS="1470" VPOS="2145" WIDTH="46"/>
						<String ID="P11_ST00221" HPOS="1516" VPOS="2101" WIDTH="156" HEIGHT="47" CONTENT="great" WC="0.99" CC="00040"/>
						<SP ID="P11_SP00202" HPOS="1672" VPOS="2148" WIDTH="51"/>
						<String ID="P11_ST00222" HPOS="1723" VPOS="2097" WIDTH="282" HEIGHT="53" CONTENT="authority" WC="0.99" CC="902553710"/>
						<SP ID="P11_SP00203" HPOS="2005" VPOS="2150" WIDTH="51"/>
						<String ID="P11_ST00223" HPOS="2056" VPOS="2108" WIDTH="68" HEIGHT="33" CONTENT="on" WC="0.50" CC="27"/>
						<SP ID="P11_SP00204" HPOS="2124" VPOS="2150" WIDTH="54"/>
						<String ID="P11_ST00224" HPOS="2178" VPOS="2100" WIDTH="230" HEIGHT="43" CONTENT="Chinese" WC="0.98" CC="0755254"/>
					</TextLine>
					<TextLine ID="P11_TL00022" HPOS="164" VPOS="2182" WIDTH="2118" HEIGHT="56">
						<String ID="P11_ST00225" HPOS="164" VPOS="2182" WIDTH="275" HEIGHT="51" CONTENT="paintings" WC="1.00" CC="000032700"/>
						<SP ID="P11_SP00205" HPOS="439" VPOS="2233" WIDTH="32"/>
						<String ID="P11_ST00226" HPOS="471" VPOS="2185" WIDTH="103" HEIGHT="38" CONTENT="and" WC="0.98" CC="060"/>
						<SP ID="P11_SP00206" HPOS="574" VPOS="2233" WIDTH="35"/>
						<String ID="P11_ST00227" HPOS="609" VPOS="2182" WIDTH="264" HEIGHT="52" CONTENT="Japanese" WC="1.00" CC="00000205"/>
						<SP ID="P11_SP00207" HPOS="873" VPOS="2234" WIDTH="35"/>
						<String ID="P11_ST00228" HPOS="908" VPOS="2182" WIDTH="178" HEIGHT="50" CONTENT="prints" WC="1.00" CC="002000"/>
						<SP ID="P11_SP00208" HPOS="1086" VPOS="2234" WIDTH="33"/>
						<String ID="P11_ST00229" HPOS="1119" VPOS="2182" WIDTH="191" HEIGHT="42" CONTENT="should" WC="1.00" CC="001040"/>
						<SP ID="P11_SP00209" HPOS="1310" VPOS="2234" WIDTH="36"/>
						<String ID="P11_ST00230" HPOS="1346" VPOS="2185" WIDTH="62" HEIGHT="39" CONTENT="be" WC="0.64" CC="60"/>
						<SP ID="P11_SP00210" HPOS="1408" VPOS="2234" WIDTH="32"/>
						<String ID="P11_ST00231" HPOS="1440" VPOS="2183" WIDTH="261" HEIGHT="52" CONTENT="speaking" WC="1.00" CC="00060040"/>
						<SP ID="P11_SP00211" HPOS="1701" VPOS="2235" WIDTH="32"/>
						<String ID="P11_ST00232" HPOS="1733" VPOS="2187" WIDTH="168" HEIGHT="40" CONTENT="about" WC="0.98" CC="60520"/>
						<SP ID="P11_SP00212" HPOS="1901" VPOS="2235" WIDTH="30"/>
						<String ID="P11_ST00233" HPOS="1931" VPOS="2187" WIDTH="94" HEIGHT="41" CONTENT="the" WC="0.94" CC="753"/>
						<SP ID="P11_SP00213" HPOS="2025" VPOS="2235" WIDTH="33"/>
						<String ID="P11_ST00234" HPOS="2058" VPOS="2185" WIDTH="224" HEIGHT="53" CONTENT='stage."' WC="1.00" CC="0000044"/>
					</TextLine>
					<TextLine ID="P11_TL00023" HPOS="161" VPOS="2268" WIDTH="2243" HEIGHT="56">
						<String ID="P11_ST00235" HPOS="161" VPOS="2276" WIDTH="62" HEIGHT="34" CONTENT="&amp;" WC="1.00" CC="9"/>
						<SP ID="P11_SP00214" HPOS="223" VPOS="2310" WIDTH="36"/>
						<String ID="P11_ST00236" HPOS="259" VPOS="2268" WIDTH="76" HEIGHT="42" CONTENT="On" WC="0.50" CC="27"/>
						<SP ID="P11_SP00215" HPOS="335" VPOS="2310" WIDTH="34"/>
						<String ID="P11_ST00237" HPOS="369" VPOS="2271" WIDTH="163" HEIGHT="50" CONTENT="being" WC="0.96" CC="55279"/>
						<SP ID="P11_SP00216" HPOS="532" VPOS="2321" WIDTH="33"/>
						<String ID="P11_ST00238" HPOS="565" VPOS="2268" WIDTH="161" HEIGHT="42" CONTENT="asked" WC="0.97" CC="00666"/>
						<SP ID="P11_SP00217" HPOS="726" VPOS="2321" WIDTH="36"/>
						<String ID="P11_ST00239" HPOS="762" VPOS="2270" WIDTH="250" HEIGHT="42" CONTENT="whether" WC="0.99" CC="0500490"/>
						<SP ID="P11_SP00218" HPOS="1012" VPOS="2321" WIDTH="34"/>
						<String ID="P11_ST00240" HPOS="1046" VPOS="2271" WIDTH="65" HEIGHT="41" CONTENT="he" WC="1.00" CC="00"/>
						<SP ID="P11_SP00219" HPOS="1111" VPOS="2321" WIDTH="34"/>
						<String ID="P11_ST00241" HPOS="1145" VPOS="2271" WIDTH="184" HEIGHT="41" CONTENT="meant" WC="0.96" CC="33966"/>
						<SP ID="P11_SP00220" HPOS="1329" VPOS="2321" WIDTH="31"/>
						<String ID="P11_ST00242" HPOS="1360" VPOS="2272" WIDTH="122" HEIGHT="41" CONTENT="that" WC="1.00" CC="0000"/>
						<SP ID="P11_SP00221" HPOS="1482" VPOS="2321" WIDTH="32"/>
						<String ID="P11_ST00243" HPOS="1514" VPOS="2272" WIDTH="82" HEIGHT="41" CONTENT="Mr" WC="1.00" CC="00"/>
						<SP ID="P11_SP00222" HPOS="1596" VPOS="2321" WIDTH="53"/>
						<String ID="P11_ST00244" HPOS="1649" VPOS="2271" WIDTH="205" HEIGHT="53" CONTENT="Binyon" WC="0.77" CC="074000"/>
						<SP ID="P11_SP00223" HPOS="1854" VPOS="2324" WIDTH="47"/>
						<String ID="P11_ST00245" HPOS="1901" VPOS="2272" WIDTH="192" HEIGHT="42" CONTENT="should" WC="0.98" CC="000259"/>
						<SP ID="P11_SP00224" HPOS="2093" VPOS="2324" WIDTH="56"/>
						<String ID="P11_ST00246" HPOS="2149" VPOS="2271" WIDTH="144" HEIGHT="43" CONTENT="stick" WC="0.99" CC="00530"/>
						<SP ID="P11_SP00225" HPOS="2293" VPOS="2324" WIDTH="52"/>
						<String ID="P11_ST00247" HPOS="2345" VPOS="2275" WIDTH="59" HEIGHT="39" CONTENT="to" WC="1.00" CC="00"/>
					</TextLine>
					<TextLine ID="P11_TL00024" HPOS="164" VPOS="2357" WIDTH="2245" HEIGHT="56">
						<String ID="P11_ST00248" HPOS="164" VPOS="2357" WIDTH="82" HEIGHT="42" CONTENT="his" WC="0.96" CC="350"/>
						<SP ID="P11_SP00226" HPOS="246" VPOS="2399" WIDTH="34"/>
						<String ID="P11_ST00249" HPOS="280" VPOS="2369" WIDTH="120" HEIGHT="30" CONTENT="own" WC="0.98" CC="400"/>
						<SP ID="P11_SP00227" HPOS="400" VPOS="2399" WIDTH="35"/>
						<String ID="P11_ST00250" HPOS="435" VPOS="2359" WIDTH="249" HEIGHT="42" CONTENT="business" WC="0.99" CC="30206600"/>
						<SP ID="P11_SP00228" HPOS="684" VPOS="2401" WIDTH="32"/>
						<String ID="P11_ST00251" HPOS="716" VPOS="2359" WIDTH="83" HEIGHT="40" CONTENT="Mr" WC="1.00" CC="00"/>
						<SP ID="P11_SP00229" HPOS="799" VPOS="2401" WIDTH="33"/>
						<String ID="P11_ST00252" HPOS="832" VPOS="2357" WIDTH="156" HEIGHT="52" CONTENT="Craig" WC="0.98" CC="00840"/>
						<SP ID="P11_SP00230" HPOS="988" VPOS="2409" WIDTH="31"/>
						<String ID="P11_ST00253" HPOS="1019" VPOS="2357" WIDTH="227" HEIGHT="52" CONTENT="replied," WC="0.99" CC="02005004"/>
						<SP ID="P11_SP00231" HPOS="1246" VPOS="2409" WIDTH="31"/>
						<String ID="P11_ST00254" HPOS="1277" VPOS="2360" WIDTH="33" HEIGHT="20" CONTENT='"' WC="0.80" CC="1"/>
						<SP ID="P11_SP00232" HPOS="1310" VPOS="2409" WIDTH="35"/>
						<String ID="P11_ST00255" HPOS="1345" VPOS="2357" WIDTH="153" HEIGHT="54" CONTENT="Well," WC="0.97" CC="53643"/>
						<SP ID="P11_SP00233" HPOS="1498" VPOS="2411" WIDTH="33"/>
						<String ID="P11_ST00256" HPOS="1531" VPOS="2360" WIDTH="19" HEIGHT="41" CONTENT="I" WC="0.41" CC="5" STYLEREFS="TXT_5"/>
						<SP ID="P11_SP00234" HPOS="1550" VPOS="2411" WIDTH="33"/>
						<String ID="P11_ST00257" HPOS="1583" VPOS="2359" WIDTH="191" HEIGHT="43" CONTENT="should" WC="0.99" CC="050040"/>
						<SP ID="P11_SP00235" HPOS="1774" VPOS="2411" WIDTH="35"/>
						<String ID="P11_ST00258" HPOS="1809" VPOS="2361" WIDTH="61" HEIGHT="41" CONTENT="be" WC="0.61" CC="43"/>
						<SP ID="P11_SP00236" HPOS="1870" VPOS="2411" WIDTH="35"/>
						<String ID="P11_ST00259" HPOS="1905" VPOS="2371" WIDTH="129" HEIGHT="41" CONTENT="very" WC="0.99" CC="0400"/>
						<SP ID="P11_SP00237" HPOS="2034" VPOS="2412" WIDTH="32"/>
						<String ID="P11_ST00260" HPOS="2066" VPOS="2361" WIDTH="100" HEIGHT="52" CONTENT="shy" WC="0.99" CC="010"/>
						<SP ID="P11_SP00238" HPOS="2166" VPOS="2413" WIDTH="32"/>
						<String ID="P11_ST00261" HPOS="2198" VPOS="2360" WIDTH="53" HEIGHT="43" CONTENT="of" WC="0.71" CC="05"/>
						<SP ID="P11_SP00239" HPOS="2251" VPOS="2413" WIDTH="23"/>
						<String ID="P11_ST00262" HPOS="2274" VPOS="2359" WIDTH="108" HEIGHT="43" CONTENT="offe" SUBS_TYPE="HypPart1" SUBS_CONTENT="offering" WC="0.98" CC="0060"/>
						<HYP HPOS="2382" VPOS="2359" WIDTH="27" CONTENT="-"/>
					</TextLine>
					<TextLine ID="P11_TL00025" HPOS="162" VPOS="2446" WIDTH="2244" HEIGHT="52">
						<String ID="P11_ST00263" HPOS="162" VPOS="2448" WIDTH="123" HEIGHT="49" CONTENT="ring" SUBS_TYPE="HypPart2" SUBS_CONTENT="offering" WC="0.99" CC="0030"/>
						<SP ID="P11_SP00240" HPOS="285" VPOS="2497" WIDTH="32"/>
						<String ID="P11_ST00264" HPOS="317" VPOS="2458" WIDTH="89" HEIGHT="40" CONTENT="my" WC="1.00" CC="00"/>
						<SP ID="P11_SP00241" HPOS="406" VPOS="2498" WIDTH="32"/>
						<String ID="P11_ST00265" HPOS="438" VPOS="2446" WIDTH="220" HEIGHT="50" CONTENT="opinion" WC="0.99" CC="0013030"/>
						<SP ID="P11_SP00242" HPOS="658" VPOS="2498" WIDTH="34"/>
						<String ID="P11_ST00266" HPOS="692" VPOS="2456" WIDTH="68" HEIGHT="31" CONTENT="on" WC="0.86" CC="02"/>
						<SP ID="P11_SP00243" HPOS="760" VPOS="2498" WIDTH="35"/>
						<String ID="P11_ST00267" HPOS="795" VPOS="2446" WIDTH="96" HEIGHT="42" CONTENT="the" WC="1.00" CC="000"/>
						<SP ID="P11_SP00244" HPOS="891" VPOS="2498" WIDTH="33"/>
						<String ID="P11_ST00268" HPOS="924" VPOS="2446" WIDTH="229" HEIGHT="42" CONTENT="Chinese" WC="1.00" CC="0200000"/>
						<SP ID="P11_SP00245" HPOS="1153" VPOS="2498" WIDTH="33"/>
						<String ID="P11_ST00269" HPOS="1186" VPOS="2448" WIDTH="103" HEIGHT="40" CONTENT="and" WC="0.97" CC="700"/>
						<SP ID="P11_SP00246" HPOS="1289" VPOS="2498" WIDTH="34"/>
						<String ID="P11_ST00270" HPOS="1323" VPOS="2448" WIDTH="264" HEIGHT="50" CONTENT="Japanese" WC="0.99" CC="66000000"/>
						<SP ID="P11_SP00247" HPOS="1587" VPOS="2498" WIDTH="33"/>
						<String ID="P11_ST00271" HPOS="1620" VPOS="2446" WIDTH="313" HEIGHT="43" CONTENT="collections" WC="0.99" CC="00713204500"/>
						<SP ID="P11_SP00248" HPOS="1933" VPOS="2498" WIDTH="34"/>
						<String ID="P11_ST00272" HPOS="1967" VPOS="2449" WIDTH="53" HEIGHT="40" CONTENT="in" WC="1.00" CC="00"/>
						<SP ID="P11_SP00249" HPOS="2020" VPOS="2498" WIDTH="35"/>
						<String ID="P11_ST00273" HPOS="2055" VPOS="2449" WIDTH="95" HEIGHT="40" CONTENT="the" WC="1.00" CC="000"/>
						<SP ID="P11_SP00250" HPOS="2150" VPOS="2498" WIDTH="53"/>
						<String ID="P11_ST00274" HPOS="2203" VPOS="2448" WIDTH="203" HEIGHT="41" CONTENT="British" WC="0.99" CC="0060013"/>
					</TextLine>
					<TextLine ID="P11_TL00026" HPOS="158" VPOS="2534" WIDTH="2248" HEIGHT="55">
						<String ID="P11_ST00275" HPOS="158" VPOS="2535" WIDTH="267" HEIGHT="42" CONTENT="Museum." WC="0.98" CC="0014694"/>
						<SP ID="P11_SP00251" HPOS="425" VPOS="2577" WIDTH="34"/>
						<String ID="P11_ST00276" HPOS="459" VPOS="2534" WIDTH="16" HEIGHT="42" CONTENT="1" WC="0.58" CC="4"/>
						<SP ID="P11_SP00252" HPOS="475" VPOS="2577" WIDTH="35"/>
						<String ID="P11_ST00277" HPOS="510" VPOS="2534" WIDTH="159" HEIGHT="43" CONTENT="know" WC="0.98" CC="0460"/>
						<SP ID="P11_SP00253" HPOS="669" VPOS="2577" WIDTH="30"/>
						<String ID="P11_ST00278" HPOS="699" VPOS="2535" WIDTH="126" HEIGHT="41" CONTENT="that" WC="0.98" CC="0009"/>
						<SP ID="P11_SP00254" HPOS="825" VPOS="2577" WIDTH="22"/>
						<String ID="P11_ST00279" HPOS="847" VPOS="2534" WIDTH="207" HEIGHT="53" CONTENT="Binyon" WC="0.98" CC="001000"/>
						<SP ID="P11_SP00255" HPOS="1054" VPOS="2587" WIDTH="34"/>
						<String ID="P11_ST00280" HPOS="1088" VPOS="2535" WIDTH="97" HEIGHT="42" CONTENT="has" WC="0.96" CC="504"/>
						<SP ID="P11_SP00256" HPOS="1185" VPOS="2587" WIDTH="22"/>
						<String ID="P11_ST00281" HPOS="1207" VPOS="2534" WIDTH="224" HEIGHT="42" CONTENT="written" WC="1.00" CC="0060001"/>
						<SP ID="P11_SP00257" HPOS="1431" VPOS="2587" WIDTH="24"/>
						<String ID="P11_ST00282" HPOS="1455" VPOS="2534" WIDTH="170" HEIGHT="52" CONTENT="plays," WC="0.98" CC="070812"/>
						<SP ID="P11_SP00258" HPOS="1625" VPOS="2587" WIDTH="23"/>
						<String ID="P11_ST00283" HPOS="1648" VPOS="2535" WIDTH="104" HEIGHT="41" CONTENT="and" WC="0.97" CC="800"/>
						<SP ID="P11_SP00259" HPOS="1752" VPOS="2587" WIDTH="24"/>
						<String ID="P11_ST00284" HPOS="1776" VPOS="2545" WIDTH="130" HEIGHT="41" CONTENT="very" WC="1.00" CC="0020"/>
						<SP ID="P11_SP00260" HPOS="1906" VPOS="2587" WIDTH="24"/>
						<String ID="P11_ST00285" HPOS="1930" VPOS="2534" WIDTH="267" HEIGHT="43" CONTENT="beautiful" WC="0.99" CC="600452705"/>
						<SP ID="P11_SP00261" HPOS="2197" VPOS="2587" WIDTH="23"/>
						<String ID="P11_ST00286" HPOS="2220" VPOS="2535" WIDTH="150" HEIGHT="54" CONTENT="plays" WC="0.99" CC="08000"/>
						<SP ID="P11_SP00262" HPOS="2370" VPOS="2589" WIDTH="21"/>
						<String ID="P11_ST00287" HPOS="2391" VPOS="2548" WIDTH="15" HEIGHT="41" CONTENT=";" WC="0.21" CC="7"/>
					</TextLine>
					<TextLine ID="P11_TL00027" HPOS="160" VPOS="2622" WIDTH="2245" HEIGHT="53">
						<String ID="P11_ST00288" HPOS="160" VPOS="2624" WIDTH="104" HEIGHT="41" CONTENT="and" WC="0.96" CC="740"/>
						<SP ID="P11_SP00263" HPOS="264" VPOS="2665" WIDTH="32"/>
						<String ID="P11_ST00289" HPOS="296" VPOS="2624" WIDTH="95" HEIGHT="51" CONTENT="yet" WC="0.99" CC="030"/>
						<SP ID="P11_SP00264" HPOS="391" VPOS="2675" WIDTH="30"/>
						<String ID="P11_ST00290" HPOS="421" VPOS="2634" WIDTH="31" HEIGHT="31" CONTENT="a" WC="0.41" CC="5"/>
						<SP ID="P11_SP00265" HPOS="452" VPOS="2675" WIDTH="34"/>
						<String ID="P11_ST00291" HPOS="486" VPOS="2634" WIDTH="123" HEIGHT="31" CONTENT="man" WC="0.95" CC="093"/>
						<SP ID="P11_SP00266" HPOS="609" VPOS="2675" WIDTH="35"/>
						<String ID="P11_ST00292" HPOS="644" VPOS="2634" WIDTH="120" HEIGHT="41" CONTENT="may" WC="1.00" CC="000"/>
						<SP ID="P11_SP00267" HPOS="764" VPOS="2675" WIDTH="31"/>
						<String ID="P11_ST00293" HPOS="795" VPOS="2624" WIDTH="157" HEIGHT="41" CONTENT="write" WC="1.00" CC="00003"/>
						<SP ID="P11_SP00268" HPOS="952" VPOS="2675" WIDTH="32"/>
						<String ID="P11_ST00294" HPOS="984" VPOS="2624" WIDTH="150" HEIGHT="50" CONTENT="plays" WC="0.98" CC="08600"/>
						<SP ID="P11_SP00269" HPOS="1134" VPOS="2675" WIDTH="18"/>
						<String ID="P11_ST00295" HPOS="1152" VPOS="2623" WIDTH="118" HEIGHT="42" CONTENT='"and' WC="0.97" CC="7700"/>
						<SP ID="P11_SP00270" HPOS="1270" VPOS="2675" WIDTH="35"/>
						<String ID="P11_ST00296" HPOS="1305" VPOS="2623" WIDTH="158" HEIGHT="42" CONTENT="know" WC="0.99" CC="0030"/>
						<SP ID="P11_SP00271" HPOS="1463" VPOS="2675" WIDTH="34"/>
						<String ID="P11_ST00297" HPOS="1497" VPOS="2622" WIDTH="229" HEIGHT="52" CONTENT="nothing" WC="0.99" CC="0006600"/>
						<SP ID="P11_SP00272" HPOS="1726" VPOS="2675" WIDTH="31"/>
						<String ID="P11_ST00298" HPOS="1757" VPOS="2624" WIDTH="168" HEIGHT="41" CONTENT="about" WC="0.99" CC="05003"/>
						<SP ID="P11_SP00273" HPOS="1925" VPOS="2675" WIDTH="33"/>
						<String ID="P11_ST00299" HPOS="1958" VPOS="2624" WIDTH="90" HEIGHT="41" CONTENT="the" WC="0.97" CC="061"/>
						<SP ID="P11_SP00274" HPOS="2048" VPOS="2675" WIDTH="23"/>
						<String ID="P11_ST00300" HPOS="2071" VPOS="2624" WIDTH="173" HEIGHT="50" CONTENT="stage," WC="0.97" CC="009954"/>
						<SP ID="P11_SP00275" HPOS="2244" VPOS="2675" WIDTH="23"/>
						<String ID="P11_ST00301" HPOS="2267" VPOS="2633" WIDTH="57" HEIGHT="32" CONTENT="as" WC="0.85" CC="20"/>
						<SP ID="P11_SP00276" HPOS="2324" VPOS="2675" WIDTH="25"/>
						<String ID="P11_ST00302" HPOS="2349" VPOS="2624" WIDTH="56" HEIGHT="41" CONTENT="in" WC="0.35" CC="66"/>
					</TextLine>
					<TextLine ID="P11_TL00028" HPOS="160" VPOS="2709" WIDTH="2246" HEIGHT="55">
						<String ID="P11_ST00303" HPOS="160" VPOS="2712" WIDTH="95" HEIGHT="40" CONTENT="the" WC="0.98" CC="004"/>
						<SP ID="P11_SP00277" HPOS="255" VPOS="2752" WIDTH="24"/>
						<String ID="P11_ST00304" HPOS="279" VPOS="2722" WIDTH="119" HEIGHT="30" CONTENT="case" WC="0.99" CC="3003"/>
						<SP ID="P11_SP00278" HPOS="398" VPOS="2752" WIDTH="25"/>
						<String ID="P11_ST00305" HPOS="423" VPOS="2710" WIDTH="53" HEIGHT="42" CONTENT="of" WC="0.49" CC="27"/>
						<SP ID="P11_SP00279" HPOS="476" VPOS="2752" WIDTH="23"/>
						<String ID="P11_ST00306" HPOS="499" VPOS="2710" WIDTH="306" HEIGHT="53" CONTENT="Browning," WC="1.00" CC="000006203"/>
						<SP ID="P11_SP00280" HPOS="805" VPOS="2763" WIDTH="25"/>
						<String ID="P11_ST00307" HPOS="830" VPOS="2710" WIDTH="309" HEIGHT="53" CONTENT="Tennyson," WC="0.99" CC="080500003"/>
						<SP ID="P11_SP00281" HPOS="1139" VPOS="2763" WIDTH="27"/>
						<String ID="P11_ST00308" HPOS="1166" VPOS="2710" WIDTH="195" HEIGHT="54" CONTENT="Byron," WC="0.99" CC="000033"/>
						<SP ID="P11_SP00282" HPOS="1361" VPOS="2764" WIDTH="23"/>
						<String ID="P11_ST00309" HPOS="1384" VPOS="2710" WIDTH="103" HEIGHT="41" CONTENT="and" WC="0.97" CC="410"/>
						<SP ID="P11_SP00283" HPOS="1487" VPOS="2764" WIDTH="25"/>
						<String ID="P11_ST00310" HPOS="1512" VPOS="2722" WIDTH="31" HEIGHT="29" CONTENT="a" WC="0.34" CC="6"/>
						<SP ID="P11_SP00284" HPOS="1543" VPOS="2764" WIDTH="33"/>
						<String ID="P11_ST00311" HPOS="1576" VPOS="2712" WIDTH="227" HEIGHT="40" CONTENT="number" WC="0.98" CC="040731"/>
						<SP ID="P11_SP00285" HPOS="1803" VPOS="2764" WIDTH="20"/>
						<String ID="P11_ST00312" HPOS="1823" VPOS="2709" WIDTH="55" HEIGHT="42" CONTENT="of" WC="0.83" CC="03"/>
						<SP ID="P11_SP00286" HPOS="1878" VPOS="2764" WIDTH="23"/>
						<String ID="P11_ST00313" HPOS="1901" VPOS="2712" WIDTH="93" HEIGHT="40" CONTENT="the" WC="0.95" CC="570"/>
						<SP ID="P11_SP00287" HPOS="1994" VPOS="2764" WIDTH="24"/>
						<String ID="P11_ST00314" HPOS="2018" VPOS="2712" WIDTH="156" HEIGHT="51" CONTENT="great" WC="0.99" CC="00400"/>
						<SP ID="P11_SP00288" HPOS="2174" VPOS="2764" WIDTH="20"/>
						<String ID="P11_ST00315" HPOS="2194" VPOS="2710" WIDTH="212" HEIGHT="51" CONTENT='poets."' WC="0.99" CC="0000035"/>
					</TextLine>
					<TextLine ID="P11_TL00029" HPOS="259" VPOS="2798" WIDTH="2145" HEIGHT="53">
						<String ID="P11_ST00316" HPOS="259" VPOS="2799" WIDTH="92" HEIGHT="44" CONTENT="We" WC="0.66" CC="23"/>
						<SP ID="P11_SP00289" HPOS="351" VPOS="2843" WIDTH="32"/>
						<String ID="P11_ST00317" HPOS="383" VPOS="2799" WIDTH="215" HEIGHT="52" CONTENT="reprint" WC="0.99" CC="0200552"/>
						<SP ID="P11_SP00290" HPOS="598" VPOS="2851" WIDTH="33"/>
						<String ID="P11_ST00318" HPOS="631" VPOS="2801" WIDTH="128" HEIGHT="42" CONTENT="here" WC="0.99" CC="0060"/>
						<SP ID="P11_SP00291" HPOS="759" VPOS="2851" WIDTH="33"/>
						<String ID="P11_ST00319" HPOS="792" VPOS="2812" WIDTH="31" HEIGHT="31" CONTENT="a" WC="1.00" CC="9"/>
						<SP ID="P11_SP00292" HPOS="823" VPOS="2851" WIDTH="33"/>
						<String ID="P11_ST00320" HPOS="856" VPOS="2802" WIDTH="124" HEIGHT="49" CONTENT="part" WC="0.99" CC="0030"/>
						<SP ID="P11_SP00293" HPOS="980" VPOS="2851" WIDTH="32"/>
						<String ID="P11_ST00321" HPOS="1012" VPOS="2799" WIDTH="54" HEIGHT="44" CONTENT="of" WC="0.40" CC="38"/>
						<SP ID="P11_SP00294" HPOS="1066" VPOS="2851" WIDTH="31"/>
						<String ID="P11_ST00322" HPOS="1097" VPOS="2801" WIDTH="94" HEIGHT="40" CONTENT="the" WC="1.00" CC="000"/>
						<SP ID="P11_SP00295" HPOS="1191" VPOS="2851" WIDTH="37"/>
						<String ID="P11_ST00323" HPOS="1228" VPOS="2799" WIDTH="388" HEIGHT="44" CONTENT="Conversation" WC="1.00" CC="033000000050"/>
						<SP ID="P11_SP00296" HPOS="1616" VPOS="2851" WIDTH="36"/>
						<String ID="P11_ST00324" HPOS="1652" VPOS="2809" WIDTH="57" HEIGHT="32" CONTENT="as" WC="0.63" CC="70"/>
						<SP ID="P11_SP00297" HPOS="1709" VPOS="2851" WIDTH="33"/>
						<String ID="P11_ST00325" HPOS="1742" VPOS="2798" WIDTH="46" HEIGHT="42" CONTENT="it" WC="0.76" CC="40"/>
						<SP ID="P11_SP00298" HPOS="1788" VPOS="2851" WIDTH="32"/>
						<String ID="P11_ST00326" HPOS="1820" VPOS="2798" WIDTH="130" HEIGHT="42" CONTENT="took" WC="1.00" CC="0000"/>
						<SP ID="P11_SP00299" HPOS="1950" VPOS="2851" WIDTH="32"/>
						<String ID="P11_ST00327" HPOS="1982" VPOS="2798" WIDTH="150" HEIGHT="53" CONTENT="place" WC="0.98" CC="07002"/>
						<SP ID="P11_SP00300" HPOS="2132" VPOS="2851" WIDTH="24"/>
						<String ID="P11_ST00328" HPOS="2156" VPOS="2801" WIDTH="248" HEIGHT="42" CONTENT="between" WC="0.98" CC="6300356"/>
					</TextLine>
					<TextLine ID="P11_TL00030" HPOS="161" VPOS="2883" WIDTH="2245" HEIGHT="55">
						<String ID="P11_ST00329" HPOS="161" VPOS="2887" WIDTH="83" HEIGHT="42" CONTENT="Mr" WC="0.69" CC="06"/>
						<SP ID="P11_SP00301" HPOS="244" VPOS="2929" WIDTH="17"/>
						<String ID="P11_ST00330" HPOS="261" VPOS="2887" WIDTH="158" HEIGHT="51" CONTENT="Craig" WC="1.00" CC="00020"/>
						<SP ID="P11_SP00302" HPOS="419" VPOS="2938" WIDTH="18"/>
						<String ID="P11_ST00331" HPOS="437" VPOS="2887" WIDTH="104" HEIGHT="42" CONTENT="and" WC="0.95" CC="680"/>
						<SP ID="P11_SP00303" HPOS="541" VPOS="2938" WIDTH="19"/>
						<String ID="P11_ST00332" HPOS="560" VPOS="2888" WIDTH="81" HEIGHT="41" CONTENT="Mr" WC="1.00" CC="00"/>
						<SP ID="P11_SP00304" HPOS="641" VPOS="2938" WIDTH="15"/>
						<String ID="P11_ST00333" HPOS="656" VPOS="2888" WIDTH="141" HEIGHT="42" CONTENT="John" WC="0.97" CC="0542"/>
						<SP ID="P11_SP00305" HPOS="797" VPOS="2938" WIDTH="22"/>
						<String ID="P11_ST00334" HPOS="819" VPOS="2888" WIDTH="259" HEIGHT="48" CONTENT="Cournos," WC="0.85" CC="03003004"/>
						<SP ID="P11_SP00306" HPOS="1078" VPOS="2938" WIDTH="19"/>
						<String ID="P11_ST00335" HPOS="1097" VPOS="2898" WIDTH="30" HEIGHT="31" CONTENT="a" WC="0.03" CC="9"/>
						<SP ID="P11_SP00307" HPOS="1127" VPOS="2938" WIDTH="18"/>
						<String ID="P11_ST00336" HPOS="1145" VPOS="2887" WIDTH="428" HEIGHT="51" CONTENT="representative" WC="0.99" CC="54052065003600"/>
						<SP ID="P11_SP00308" HPOS="1573" VPOS="2938" WIDTH="21"/>
						<String ID="P11_ST00337" HPOS="1594" VPOS="2883" WIDTH="54" HEIGHT="45" CONTENT="of" WC="0.40" CC="47"/>
						<SP ID="P11_SP00309" HPOS="1648" VPOS="2938" WIDTH="22"/>
						<String ID="P11_ST00338" HPOS="1670" VPOS="2886" WIDTH="94" HEIGHT="42" CONTENT="the" WC="0.96" CC="604"/>
						<SP ID="P11_SP00310" HPOS="1764" VPOS="2938" WIDTH="23"/>
						<String ID="P11_ST00339" HPOS="1787" VPOS="2883" WIDTH="226" HEIGHT="46" CONTENT="Boston" WC="0.97" CC="376762" STYLEREFS="TXT_4"/>
						<SP ID="P11_SP00311" HPOS="2013" VPOS="2938" WIDTH="374"/>
						<String ID="P11_ST00340" HPOS="2387" VPOS="2912" WIDTH="19" HEIGHT="21" CONTENT="•" WC="0.20" CC="8" STYLEREFS="TXT_4"/>
					</TextLine>
					<TextLine ID="P11_TL00031" HPOS="164" VPOS="2973" WIDTH="2242" HEIGHT="55">
						<String ID="P11_ST00341" HPOS="164" VPOS="2976" WIDTH="174" HEIGHT="41" CONTENT="which" WC="0.99" CC="05030"/>
						<SP ID="P11_SP00312" HPOS="338" VPOS="3017" WIDTH="35"/>
						<String ID="P11_ST00342" HPOS="373" VPOS="2976" WIDTH="95" HEIGHT="41" CONTENT="has" WC="0.95" CC="480"/>
						<SP ID="P11_SP00313" HPOS="468" VPOS="3017" WIDTH="51"/>
						<String ID="P11_ST00343" HPOS="519" VPOS="2987" WIDTH="69" HEIGHT="31" CONTENT="an" WC="0.69" CC="60"/>
						<SP ID="P11_SP00314" HPOS="588" VPOS="3018" WIDTH="52"/>
						<String ID="P11_ST00344" HPOS="640" VPOS="2976" WIDTH="231" HEIGHT="52" CONTENT="especial" WC="1.00" CC="00000306"/>
						<SP ID="P11_SP00315" HPOS="871" VPOS="3028" WIDTH="55"/>
						<String ID="P11_ST00345" HPOS="926" VPOS="2976" WIDTH="237" HEIGHT="42" CONTENT="interest" WC="0.99" CC="37022100"/>
						<SP ID="P11_SP00316" HPOS="1163" VPOS="3028" WIDTH="50"/>
						<String ID="P11_ST00346" HPOS="1213" VPOS="2976" WIDTH="157" HEIGHT="41" CONTENT="when" WC="0.99" CC="0400"/>
						<SP ID="P11_SP00317" HPOS="1370" VPOS="3028" WIDTH="55"/>
						<String ID="P11_ST00347" HPOS="1425" VPOS="2973" WIDTH="165" HEIGHT="42" CONTENT="taken" WC="0.98" CC="08023"/>
						<SP ID="P11_SP00318" HPOS="1590" VPOS="3028" WIDTH="53"/>
						<String ID="P11_ST00348" HPOS="1643" VPOS="2973" WIDTH="56" HEIGHT="42" CONTENT="in" WC="0.80" CC="30"/>
						<SP ID="P11_SP00319" HPOS="1699" VPOS="3028" WIDTH="55"/>
						<String ID="P11_ST00349" HPOS="1754" VPOS="2975" WIDTH="323" HEIGHT="42" CONTENT="connection" WC="0.99" CC="0030203760"/>
						<SP ID="P11_SP00320" HPOS="2077" VPOS="3028" WIDTH="50"/>
						<String ID="P11_ST00350" HPOS="2127" VPOS="2976" WIDTH="133" HEIGHT="41" CONTENT="with" WC="0.98" CC="0206"/>
						<SP ID="P11_SP00321" HPOS="2260" VPOS="3028" WIDTH="50"/>
						<String ID="P11_ST00351" HPOS="2310" VPOS="2976" WIDTH="96" HEIGHT="42" CONTENT="the" WC="1.00" CC="000"/>
					</TextLine>
					<TextLine ID="P11_TL00032" HPOS="157" VPOS="3061" WIDTH="2242" HEIGHT="56">
						<String ID="P11_ST00352" HPOS="157" VPOS="3065" WIDTH="330" HEIGHT="40" CONTENT="statements" WC="0.99" CC="1790090500"/>
						<SP ID="P11_SP00322" HPOS="487" VPOS="3105" WIDTH="32"/>
						<String ID="P11_ST00353" HPOS="519" VPOS="3063" WIDTH="243" HEIGHT="54" CONTENT="recently" WC="0.99" CC="05505040"/>
						<SP ID="P11_SP00323" HPOS="762" VPOS="3117" WIDTH="33"/>
						<String ID="P11_ST00354" HPOS="795" VPOS="3065" WIDTH="153" HEIGHT="40" CONTENT="made" WC="0.98" CC="0900"/>
						<SP ID="P11_SP00324" HPOS="948" VPOS="3117" WIDTH="33"/>
						<String ID="P11_ST00355" HPOS="981" VPOS="3065" WIDTH="68" HEIGHT="51" CONTENT="by" WC="0.76" CC="40"/>
						<SP ID="P11_SP00325" HPOS="1049" VPOS="3117" WIDTH="31"/>
						<String ID="P11_ST00356" HPOS="1080" VPOS="3065" WIDTH="84" HEIGHT="40" CONTENT="Mr" WC="1.00" CC="00"/>
						<SP ID="P11_SP00326" HPOS="1164" VPOS="3117" WIDTH="35"/>
						<String ID="P11_ST00357" HPOS="1199" VPOS="3062" WIDTH="157" HEIGHT="51" CONTENT="Craig" WC="0.99" CC="00070"/>
						<SP ID="P11_SP00327" HPOS="1356" VPOS="3117" WIDTH="31"/>
						<String ID="P11_ST00358" HPOS="1387" VPOS="3072" WIDTH="58" HEIGHT="32" CONTENT="as" WC="0.57" CC="43"/>
						<SP ID="P11_SP00328" HPOS="1445" VPOS="3117" WIDTH="32"/>
						<String ID="P11_ST00359" HPOS="1477" VPOS="3063" WIDTH="57" HEIGHT="40" CONTENT="to" WC="1.00" CC="00"/>
						<SP ID="P11_SP00329" HPOS="1534" VPOS="3117" WIDTH="48"/>
						<String ID="P11_ST00360" HPOS="1582" VPOS="3061" WIDTH="94" HEIGHT="42" CONTENT="the" WC="0.98" CC="230"/>
						<SP ID="P11_SP00330" HPOS="1676" VPOS="3117" WIDTH="33"/>
						<String ID="P11_ST00361" HPOS="1709" VPOS="3062" WIDTH="203" HEIGHT="51" CONTENT="system" WC="0.99" CC="000009"/>
						<SP ID="P11_SP00331" HPOS="1912" VPOS="3117" WIDTH="35"/>
						<String ID="P11_ST00362" HPOS="1947" VPOS="3063" WIDTH="64" HEIGHT="41" CONTENT="be" WC="0.57" CC="80"/>
						<SP ID="P11_SP00332" HPOS="2011" VPOS="3117" WIDTH="55"/>
						<String ID="P11_ST00363" HPOS="2066" VPOS="3063" WIDTH="221" HEIGHT="41" CONTENT="intends" WC="0.99" CC="0000800"/>
						<SP ID="P11_SP00333" HPOS="2287" VPOS="3117" WIDTH="51"/>
						<String ID="P11_ST00364" HPOS="2338" VPOS="3066" WIDTH="61" HEIGHT="41" CONTENT="to" WC="0.93" CC="01"/>
					</TextLine>
				</TextBlock>
				<TextBlock ID="P11_TB00005" HPOS="157" VPOS="3147" WIDTH="1994" HEIGHT="58" STYLEREFS="TXT_3 PAR_LEFT">
					<TextLine ID="P11_TL00033" HPOS="158" VPOS="3147" WIDTH="1328" HEIGHT="57">
						<String ID="P11_ST00365" HPOS="158" VPOS="3151" WIDTH="183" HEIGHT="43" CONTENT="follow" WC="0.97" CC="707606"/>
						<SP ID="P11_SP00334" HPOS="341" VPOS="3194" WIDTH="33"/>
						<String ID="P11_ST00366" HPOS="374" VPOS="3154" WIDTH="55" HEIGHT="40" CONTENT="in" WC="0.57" CC="26"/>
						<SP ID="P11_SP00335" HPOS="429" VPOS="3194" WIDTH="32"/>
						<String ID="P11_ST00367" HPOS="461" VPOS="3152" WIDTH="246" HEIGHT="52" CONTENT="training" WC="0.98" CC="56740606"/>
						<SP ID="P11_SP00336" HPOS="707" VPOS="3204" WIDTH="32"/>
						<String ID="P11_ST00368" HPOS="739" VPOS="3152" WIDTH="94" HEIGHT="42" CONTENT="the" WC="0.98" CC="310"/>
						<SP ID="P11_SP00337" HPOS="833" VPOS="3204" WIDTH="32"/>
						<String ID="P11_ST00369" HPOS="865" VPOS="3150" WIDTH="181" HEIGHT="53" CONTENT="pupils" WC="0.98" CC="516250"/>
						<SP ID="P11_SP00338" HPOS="1046" VPOS="3204" WIDTH="32"/>
						<String ID="P11_ST00370" HPOS="1078" VPOS="3151" WIDTH="56" HEIGHT="42" CONTENT="In" WC="0.14" CC="79"/>
						<SP ID="P11_SP00339" HPOS="1134" VPOS="3204" WIDTH="35"/>
						<String ID="P11_ST00371" HPOS="1169" VPOS="3150" WIDTH="84" HEIGHT="42" CONTENT="his" WC="0.95" CC="660"/>
						<SP ID="P11_SP00340" HPOS="1253" VPOS="3204" WIDTH="32"/>
						<String ID="P11_ST00372" HPOS="1285" VPOS="3147" WIDTH="201" HEIGHT="45" CONTENT="school." WC="0.98" CC="0160077"/>
					</TextLine>
				</TextBlock>
				<TextBlock ID="P11_TB00006" HPOS="2264" VPOS="3148" WIDTH="141" HEIGHT="49" STYLEREFS="TXT_6 PAR_RIGHT">
					<TextLine ID="P11_TL00034" HPOS="2267" VPOS="3150" WIDTH="136" HEIGHT="43">
						<String ID="P11_ST00373" HPOS="2267" VPOS="3150" WIDTH="48" HEIGHT="42" CONTENT="J." WC="0.98" CC="00"/>
						<SP ID="P11_SP00341" HPOS="2315" VPOS="3192" WIDTH="35"/>
						<String ID="P11_ST00374" HPOS="2350" VPOS="3151" WIDTH="53" HEIGHT="42" CONTENT="S." WC="0.98" CC="00"/>
					</TextLine>
				</TextBlock>
				<TextBlock ID="P11_TB00007" HPOS="154" VPOS="3312" WIDTH="2249" HEIGHT="147" STYLEREFS="TXT_3 PAR_LEFT">
					<TextLine ID="P11_TL00035" HPOS="157" VPOS="3312" WIDTH="2246" HEIGHT="56">
						<String ID="P11_ST00375" HPOS="157" VPOS="3318" WIDTH="151" HEIGHT="43" CONTENT="'T'he" WC="0.39" CC="48375"/>
						<SP ID="P11_SP00342" HPOS="308" VPOS="3361" WIDTH="32"/>
						<String ID="P11_ST00376" HPOS="340" VPOS="3319" WIDTH="153" HEIGHT="49" CONTENT="stage" WC="0.99" CC="00600"/>
						<SP ID="P11_SP00343" HPOS="493" VPOS="3368" WIDTH="36"/>
						<String ID="P11_ST00377" HPOS="529" VPOS="3315" WIDTH="33" HEIGHT="20" CONTENT='"' WC="0.61" CC="3"/>
						<SP ID="P11_SP00344" HPOS="562" VPOS="3368" WIDTH="33"/>
						<String ID="P11_ST00378" HPOS="595" VPOS="3318" WIDTH="113" HEIGHT="40" CONTENT="said" WC="0.98" CC="0070"/>
						<SP ID="P11_SP00345" HPOS="708" VPOS="3368" WIDTH="34"/>
						<String ID="P11_ST00379" HPOS="742" VPOS="3318" WIDTH="83" HEIGHT="42" CONTENT="Mr" WC="1.00" CC="00"/>
						<SP ID="P11_SP00346" HPOS="825" VPOS="3368" WIDTH="33"/>
						<String ID="P11_ST00380" HPOS="858" VPOS="3316" WIDTH="175" HEIGHT="51" CONTENT="Craig," WC="0.99" CC="621103"/>
						<SP ID="P11_SP00347" HPOS="1033" VPOS="3368" WIDTH="32"/>
						<String ID="P11_ST00381" HPOS="1065" VPOS="3315" WIDTH="32" HEIGHT="22" CONTENT='"' WC="0.65" CC="3"/>
						<SP ID="P11_SP00348" HPOS="1097" VPOS="3368" WIDTH="38"/>
						<String ID="P11_ST00382" HPOS="1135" VPOS="3314" WIDTH="44" HEIGHT="42" CONTENT="is" WC="0.99" CC="00"/>
						<SP ID="P11_SP00349" HPOS="1179" VPOS="3368" WIDTH="33"/>
						<String ID="P11_ST00383" HPOS="1212" VPOS="3324" WIDTH="67" HEIGHT="30" CONTENT="an" WC="0.77" CC="04"/>
						<SP ID="P11_SP00350" HPOS="1279" VPOS="3368" WIDTH="33"/>
						<String ID="P11_ST00384" HPOS="1312" VPOS="3313" WIDTH="422" HEIGHT="52" CONTENT="Interpretative" WC="1.00" CC="80135030300500"/>
						<SP ID="P11_SP00351" HPOS="1734" VPOS="3368" WIDTH="33"/>
						<String ID="P11_ST00385" HPOS="1767" VPOS="3314" WIDTH="122" HEIGHT="47" CONTENT="art;" WC="0.98" CC="1036"/>
						<SP ID="P11_SP00352" HPOS="1889" VPOS="3368" WIDTH="32"/>
						<String ID="P11_ST00386" HPOS="1921" VPOS="3313" WIDTH="124" HEIGHT="40" CONTENT="that" WC="0.98" CC="8010"/>
						<SP ID="P11_SP00353" HPOS="2045" VPOS="3368" WIDTH="23"/>
						<String ID="P11_ST00387" HPOS="2068" VPOS="3313" WIDTH="64" HEIGHT="48" CONTENT="is," WC="0.96" CC="603"/>
						<SP ID="P11_SP00354" HPOS="2132" VPOS="3368" WIDTH="31"/>
						<String ID="P11_ST00388" HPOS="2163" VPOS="3312" WIDTH="94" HEIGHT="41" CONTENT="the" WC="1.00" CC="000"/>
						<SP ID="P11_SP00355" HPOS="2257" VPOS="3368" WIDTH="24"/>
						<String ID="P11_ST00389" HPOS="2281" VPOS="3321" WIDTH="92" HEIGHT="41" CONTENT="pro" SUBS_TYPE="HypPart1" SUBS_CONTENT="production" WC="0.98" CC="046"/>
						<HYP HPOS="2373" VPOS="3321" WIDTH="30" CONTENT="-"/>
					</TextLine>
					<TextLine ID="P11_TL00036" HPOS="242" VPOS="3398" WIDTH="2160" HEIGHT="61">
						<String ID="P11_ST00390" HPOS="242" VPOS="3404" WIDTH="222" HEIGHT="44" CONTENT="duction" SUBS_TYPE="HypPart2" SUBS_CONTENT="production" WC="0.98" CC="9400530"/>
						<SP ID="P11_SP00356" HPOS="464" VPOS="3448" WIDTH="36"/>
						<String ID="P11_ST00391" HPOS="500" VPOS="3403" WIDTH="54" HEIGHT="44" CONTENT="of" WC="0.51" CC="09"/>
						<SP ID="P11_SP00357" HPOS="554" VPOS="3448" WIDTH="32"/>
						<String ID="P11_ST00392" HPOS="586" VPOS="3415" WIDTH="29" HEIGHT="31" CONTENT="a" WC="1.00" CC="0"/>
						<SP ID="P11_SP00358" HPOS="615" VPOS="3448" WIDTH="32"/>
						<String ID="P11_ST00393" HPOS="647" VPOS="3403" WIDTH="122" HEIGHT="56" CONTENT="play" WC="0.97" CC="0690"/>
						<SP ID="P11_SP00359" HPOS="769" VPOS="3459" WIDTH="32"/>
						<String ID="P11_ST00394" HPOS="801" VPOS="3405" WIDTH="45" HEIGHT="41" CONTENT="is" WC="0.79" CC="40"/>
						<SP ID="P11_SP00360" HPOS="846" VPOS="3459" WIDTH="31"/>
						<String ID="P11_ST00395" HPOS="877" VPOS="3415" WIDTH="30" HEIGHT="31" CONTENT="a" WC="1.00" CC="0"/>
						<SP ID="P11_SP00361" HPOS="907" VPOS="3459" WIDTH="33"/>
						<String ID="P11_ST00396" HPOS="940" VPOS="3401" WIDTH="216" HEIGHT="45" CONTENT="craft...." WC="0.99" CC="000970303"/>
						<SP ID="P11_SP00362" HPOS="1156" VPOS="3459" WIDTH="32"/>
						<String ID="P11_ST00397" HPOS="1188" VPOS="3400" WIDTH="46" HEIGHT="43" CONTENT="it" WC="0.75" CC="50"/>
						<SP ID="P11_SP00363" HPOS="1234" VPOS="3459" WIDTH="31"/>
						<String ID="P11_ST00398" HPOS="1265" VPOS="3400" WIDTH="46" HEIGHT="42" CONTENT="Is" WC="0.77" CC="40"/>
						<SP ID="P11_SP00364" HPOS="1311" VPOS="3459" WIDTH="36"/>
						<String ID="P11_ST00399" HPOS="1347" VPOS="3403" WIDTH="95" HEIGHT="39" CONTENT="not" WC="0.97" CC="601"/>
						<SP ID="P11_SP00365" HPOS="1442" VPOS="3459" WIDTH="32"/>
						<String ID="P11_ST00400" HPOS="1474" VPOS="3410" WIDTH="67" HEIGHT="32" CONTENT="an" WC="0.51" CC="90"/>
						<SP ID="P11_SP00366" HPOS="1541" VPOS="3459" WIDTH="36"/>
						<String ID="P11_ST00401" HPOS="1577" VPOS="3400" WIDTH="123" HEIGHT="52" CONTENT="art;" WC="0.99" CC="0005"/>
						<SP ID="P11_SP00367" HPOS="1700" VPOS="3459" WIDTH="33"/>
						<String ID="P11_ST00402" HPOS="1733" VPOS="3400" WIDTH="104" HEIGHT="42" CONTENT="and" WC="0.91" CC="959"/>
						<SP ID="P11_SP00368" HPOS="1837" VPOS="3459" WIDTH="34"/>
						<String ID="P11_ST00403" HPOS="1871" VPOS="3412" WIDTH="31" HEIGHT="29" CONTENT="a" WC="1.00" CC="0"/>
						<SP ID="P11_SP00369" HPOS="1902" VPOS="3459" WIDTH="24"/>
						<String ID="P11_ST00404" HPOS="1926" VPOS="3398" WIDTH="138" HEIGHT="43" CONTENT="craft" WC="0.99" CC="30008"/>
						<SP ID="P11_SP00370" HPOS="2064" VPOS="3459" WIDTH="23"/>
						<String ID="P11_ST00405" HPOS="2087" VPOS="3409" WIDTH="149" HEIGHT="32" CONTENT="more" WC="0.97" CC="0390"/>
						<SP ID="P11_SP00371" HPOS="2236" VPOS="3459" WIDTH="31"/>
						<String ID="P11_ST00406" HPOS="2267" VPOS="3399" WIDTH="135" HEIGHT="42" CONTENT="than" WC="0.97" CC="0066"/>
					</TextLine>
				</TextBlock>
				<ComposedBlock ID="P11_CB00001" HPOS="157" VPOS="686" WIDTH="203" HEIGHT="252" STYLEREFS="TXT_7 PAR_LEFT" TYPE="Illustration">
					<GraphicalElement ID="P11_CB00001_SUB" HPOS="157" VPOS="686" WIDTH="203" HEIGHT="252"/>
				</ComposedBlock>
			</PrintSpace>
		</Page>
	</Layout>
</alto>
