2588 3711
882 309 64 36 &
978 300 30 45 I
1035 300 59 46 N
1149 301 218 54 ROM
1395 301 80 47 E.
1506 312 65 35 &

2285 312 96 42 373

165 417 59 32 or
256 406 107 40 two
397 401 53 44 of
482 403 97 41 the
610 404 181 41 actors
824 403 56 43 In
914 404 94 42 the
1041 406 298 52 secondary
1371 406 142 43 roles
1545 407 355 51 exaggerated
1934 417 30 30 a
1996 403 150 44 trifle
2180 407 103 40 and
2316 407 67 51 by

162 494 186 53 trying
379 494 56 40 to
467 489 147 45 force
647 493 93 41 the
773 493 234 42 humour
1040 492 53 43 of
1125 494 93 42 the
1252 494 267 44 situation
1552 506 61 30 or
1644 497 93 41 the
1770 496 281 40 character
2098 494 233 50 became,
2363 496 19 39 I

166 582 184 52 regret
381 581 57 40 to
471 591 112 42 say,
614 578 197 45 almost
843 580 107 43 like
981 582 97 42 the
1110 583 200 49 priests
1342 583 55 41 in
1450 585 62 39 St
1558 583 168 42 Maria
1776 583 289 51 Maggiore.
2119 581 103 42 But
2272 580 111 43 this

165 680 108 33 was
307 676 165 34 never
504 668 94 41 the
632 680 118 30 case
783 671 132 41 with
950 671 92 41 the
1074 670 126 43 first
1229 670 108 44 five
1370 682 61 31 or
1459 672 81 41 six
1592 670 55 43 of
1698 671 92 43 the
1842 672 177 42 actors
2072 668 120 42 who
2241 676 142 33 were

167 759 150 50 quite
350 756 309 51 delightful.

261 846 222 47 Reader,
516 846 18 40 I
569 856 83 31 am
685 844 172 43 afraid
890 848 122 40 that
1044 846 156 43 when
1230 858 104 42 you
1370 858 146 31 come
1549 849 56 39 to
1639 849 160 46 Rome
1832 858 103 42 you
1969 845 168 43 won't
2169 846 63 40 be
2264 841 118 43 able

165 936 56 40 to
256 934 65 41 do
355 944 56 31 as
443 934 95 41 the
572 934 229 47 Romans
833 935 86 41 did
952 933 86 43 for
1069 935 18 41 I
1121 934 163 42 think
1314 935 126 41 that
1469 936 281 50 Scarpetta
1800 934 108 42 will
1964 935 64 40 be
2080 934 54 39 in
2174 930 208 51 Naples,

162 1024 281 50 Syracuse,
476 1033 61 30 or
567 1032 149 31 some
746 1020 107 42 fair
884 1023 109 49 city
1023 1020 85 43 far
1141 1023 251 42 removed
1416 1020 137 43 from
1578 1024 95 41 the
1698 1023 171 40 haunt
1891 1019 54 43 of
1966 1022 95 40 the
2085 1015 296 47 Cardinals.

167 1109 101 43 For
298 1110 283 50 Scarpetta
603 1119 176 32 comes
812 1108 136 43 from
983 1108 223 52 Naples;
1239 1121 57 31 so
1329 1110 154 42 when
1516 1122 104 40 you
1656 1122 64 39 go
1769 1112 56 39 to
1879 1110 159 45 Rome
2166 1105 139 50 welij
2359 1108 18 41 I

167 1197 160 43 think
360 1208 104 42 you
500 1197 102 42 had
637 1198 182 42 better
852 1199 65 40 do
950 1209 57 31 as
1040 1198 92 42 the
1167 1197 346 52 Neapolitans
1545 1199 87 42 do.
1836 1206 62 34 &

364 3060 188 33 Mediaeval
575 3057 220 34 Marionettes
817 3057 91 32 from
933 3056 55 32 the
1460 3052 38 32 of
1521 3051 126 33 Herrad
1672 3060 66 24 von
1764 3051 201 39 Landsberg.
