<?xml version="1.0" encoding="UTF-8"?>
<alto xmlns:xsi="http://www.w3.org/2001/XMLSchema-instance" xmlns="http://www.loc.gov/standards/alto/ns-v2#" xsi:schemaLocation="http://www.loc.gov/standards/alto/ns-v2# http://www.loc.gov/standards/alto/alto-v2.0.xsd" xmlns:xlink="http://www.w3.org/1999/xlink">
	<Description>
		<MeasurementUnit>mm10</MeasurementUnit>
		<sourceImageInformation>
			<fileName>//fileserver7/IN2-2/Princeton/bmtnaau/1913/04_01/00000382.tif</fileName>
		</sourceImageInformation>
		<OCRProcessing ID="OCRPROCESSING_1">
			<preProcessingStep>
				<processingSoftware>
					<softwareCreator>CCS Content Conversion Specialists GmbH, Germany</softwareCreator>
					<softwareName>CCS docWorks</softwareName>
					<softwareVersion>6.7-1.24</softwareVersion>
				</processingSoftware>
			</preProcessingStep>
			<ocrProcessingStep>
				<processingSoftware>
					<softwareCreator>ABBYY (BIT Software), Russia</softwareCreator>
					<softwareName>FineReader</softwareName>
					<softwareVersion>10.0</softwareVersion>
				</processingSoftware>
			</ocrProcessingStep>
		</OCRProcessing>
	</Description>
	<Styles>
		<TextStyle ID="TXT_0" FONTSIZE="18" FONTFAMILY="Times New Roman" FONTSTYLE="bold italics"/>
		<TextStyle ID="TXT_1" FONTSIZE="4" FONTFAMILY="Times New Roman"/>
		<TextStyle ID="TXT_2" FONTSIZE="17" FONTFAMILY="Times New Roman"/>
		<TextStyle ID="TXT_3" FONTSIZE="16" FONTFAMILY="Times New Roman" FONTSTYLE="bold"/>
		<TextStyle ID="TXT_4" FONTSIZE="17" FONTFAMILY="Arial" FONTSTYLE="bold italics"/>
		<TextStyle ID="TXT_5" FONTSIZE="13" FONTFAMILY="Times New Roman"/>
		<ParagraphStyle ID="PAR_RIGHT" ALIGN="Right"/>
		<ParagraphStyle ID="PAR_LEFT" ALIGN="Left"/>
		<ParagraphStyle ID="PAR_BLOCK" ALIGN="Block"/>
	</Styles>
	<Layout>
		<Page ID="P78" PHYSICAL_IMG_NR="78" HEIGHT="3711" WIDTH="2588" PRINTED_IMG_NR="354" PC="0.903">
			<TopMargin ID="P78_TM00001" HPOS="0" VPOS="0" WIDTH="2588" HEIGHT="314">
				<TextBlock ID="P78_TB00001" HPOS="782" VPOS="254" WIDTH="1160" HEIGHT="55" STYLEREFS="TXT_0 PAR_RIGHT">
					<TextLine ID="P78_TL00001" HPOS="889" VPOS="254" WIDTH="1053" HEIGHT="55">
						<String ID="P78_ST00001" HPOS="889" VPOS="254" WIDTH="40" HEIGHT="55" CONTENT="&amp;" WC="1.00" CC="0"/>
						<SP ID="P78_SP00001" HPOS="929" VPOS="309" WIDTH="41"/>
						<String ID="P78_ST00002" HPOS="970" VPOS="254" WIDTH="283" HEIGHT="55" CONTENT="MEASURE" WC="0.98" CC="5404043"/>
						<SP ID="P78_SP00002" HPOS="1253" VPOS="309" WIDTH="36"/>
						<String ID="P78_ST00003" HPOS="1289" VPOS="254" WIDTH="153" HEIGHT="55" CONTENT="FOR" WC="0.96" CC="704"/>
						<SP ID="P78_SP00003" HPOS="1442" VPOS="309" WIDTH="32"/>
						<String ID="P78_ST00004" HPOS="1474" VPOS="255" WIDTH="366" HEIGHT="54" CONTENT="MEASURE" WC="0.99" CC="4020050"/>
						<SP ID="P78_SP00004" HPOS="1840" VPOS="309" WIDTH="42"/>
						<String ID="P78_ST00005" HPOS="1882" VPOS="269" WIDTH="60" HEIGHT="36" CONTENT="&amp;" WC="0.14" CC="8"/>
					</TextLine>
				</TextBlock>
				<TextBlock ID="P78_TB00002" HPOS="175" VPOS="265" WIDTH="101" HEIGHT="47" STYLEREFS="TXT_1 PAR_LEFT">
					<TextLine ID="P78_TL00002" HPOS="175" VPOS="265" WIDTH="101" HEIGHT="47">
						<String ID="P78_ST00006" HPOS="175" VPOS="265" WIDTH="101" HEIGHT="47" CONTENT="354" WC="1.00" CC="000"/>
					</TextLine>
				</TextBlock>
			</TopMargin>
			<LeftMargin ID="P78_LM00001" HPOS="0" VPOS="314" WIDTH="156" HEIGHT="3143"/>
			<RightMargin ID="P78_RM00001" HPOS="2453" VPOS="314" WIDTH="135" HEIGHT="3143"/>
			<BottomMargin ID="P78_BM00001" HPOS="0" VPOS="3457" WIDTH="2588" HEIGHT="254"/>
			<PrintSpace ID="P78_PS00001" HPOS="156" VPOS="314" WIDTH="2297" HEIGHT="3143">
				<TextBlock ID="P78_TB00003" HPOS="156" VPOS="359" WIDTH="2297" HEIGHT="3098" STYLEREFS="TXT_2 PAR_BLOCK">
					<TextLine ID="P78_TL00003" HPOS="172" VPOS="359" WIDTH="2281" HEIGHT="52">
						<String ID="P78_ST00007" HPOS="172" VPOS="363" WIDTH="126" HEIGHT="43" CONTENT="that" WC="0.96" CC="4065"/>
						<SP ID="P78_SP00005" HPOS="298" VPOS="406" WIDTH="61"/>
						<String ID="P78_ST00008" HPOS="359" VPOS="362" WIDTH="97" HEIGHT="43" CONTENT="the" WC="1.00" CC="000"/>
						<SP ID="P78_SP00006" HPOS="456" VPOS="406" WIDTH="62"/>
						<String ID="P78_ST00009" HPOS="518" VPOS="360" WIDTH="127" HEIGHT="44" CONTENT="four" WC="0.96" CC="7354"/>
						<SP ID="P78_SP00007" HPOS="645" VPOS="406" WIDTH="61"/>
						<String ID="P78_ST00010" HPOS="706" VPOS="372" WIDTH="190" HEIGHT="32" CONTENT="scenes" WC="1.00" CC="041000"/>
						<SP ID="P78_SP00008" HPOS="896" VPOS="406" WIDTH="65"/>
						<String ID="P78_ST00011" HPOS="961" VPOS="371" WIDTH="64" HEIGHT="31" CONTENT="or" WC="0.76" CC="04"/>
						<SP ID="P78_SP00009" HPOS="1025" VPOS="406" WIDTH="52"/>
						<String ID="P78_ST00012" HPOS="1077" VPOS="363" WIDTH="116" HEIGHT="39" CONTENT="acts" WC="0.97" CC="7410"/>
						<SP ID="P78_SP00010" HPOS="1193" VPOS="406" WIDTH="53"/>
						<String ID="P78_ST00013" HPOS="1246" VPOS="359" WIDTH="180" HEIGHT="45" CONTENT="would" WC="0.98" CC="71054"/>
						<SP ID="P78_SP00011" HPOS="1426" VPOS="406" WIDTH="55"/>
						<String ID="P78_ST00014" HPOS="1481" VPOS="360" WIDTH="218" HEIGHT="45" CONTENT="Involve" WC="0.98" CC="8050555"/>
						<SP ID="P78_SP00012" HPOS="1699" VPOS="406" WIDTH="55"/>
						<String ID="P78_ST00015" HPOS="1754" VPOS="363" WIDTH="95" HEIGHT="42" CONTENT="the" WC="1.00" CC="001"/>
						<SP ID="P78_SP00013" HPOS="1849" VPOS="406" WIDTH="54"/>
						<String ID="P78_ST00016" HPOS="1903" VPOS="364" WIDTH="141" HEIGHT="43" CONTENT="total" WC="0.99" CC="00006"/>
						<SP ID="P78_SP00014" HPOS="2044" VPOS="407" WIDTH="36"/>
						<String ID="P78_ST00017" HPOS="2080" VPOS="367" WIDTH="281" HEIGHT="44" CONTENT="exclusion" WC="0.99" CC="032561400"/>
						<SP ID="P78_SP00015" HPOS="2361" VPOS="411" WIDTH="38"/>
						<String ID="P78_ST00018" HPOS="2399" VPOS="367" WIDTH="54" HEIGHT="44" CONTENT="of" WC="0.68" CC="06"/>
					</TextLine>
					<TextLine ID="P78_TL00004" HPOS="172" VPOS="448" WIDTH="2279" HEIGHT="57">
						<String ID="P78_ST00019" HPOS="172" VPOS="449" WIDTH="289" HEIGHT="46" CONTENT="Mariana's" WC="1.00" CC="600000020"/>
						<SP ID="P78_SP00016" HPOS="461" VPOS="495" WIDTH="77"/>
						<String ID="P78_ST00020" HPOS="538" VPOS="452" WIDTH="172" HEIGHT="41" CONTENT="house" WC="1.00" CC="30000"/>
						<SP ID="P78_SP00017" HPOS="710" VPOS="495" WIDTH="63"/>
						<String ID="P78_ST00021" HPOS="773" VPOS="451" WIDTH="106" HEIGHT="42" CONTENT="and" WC="0.98" CC="050"/>
						<SP ID="P78_SP00018" HPOS="879" VPOS="495" WIDTH="64"/>
						<String ID="P78_ST00022" HPOS="943" VPOS="448" WIDTH="56" HEIGHT="43" CONTENT="of" WC="0.98" CC="00"/>
						<SP ID="P78_SP00019" HPOS="999" VPOS="495" WIDTH="60"/>
						<String ID="P78_ST00023" HPOS="1059" VPOS="451" WIDTH="95" HEIGHT="42" CONTENT="the" WC="0.98" CC="220"/>
						<SP ID="P78_SP00020" HPOS="1154" VPOS="495" WIDTH="65"/>
						<String ID="P78_ST00024" HPOS="1219" VPOS="451" WIDTH="330" HEIGHT="44" CONTENT="conventual" WC="1.00" CC="0000003700"/>
						<SP ID="P78_SP00021" HPOS="1549" VPOS="495" WIDTH="80"/>
						<String ID="P78_ST00025" HPOS="1629" VPOS="463" WIDTH="211" HEIGHT="42" CONTENT="scenes," WC="1.00" CC="0011300"/>
						<SP ID="P78_SP00022" HPOS="1840" VPOS="505" WIDTH="35"/>
						<String ID="P78_ST00026" HPOS="1875" VPOS="454" WIDTH="107" HEIGHT="42" CONTENT="and" WC="0.95" CC="750"/>
						<SP ID="P78_SP00023" HPOS="1982" VPOS="505" WIDTH="66"/>
						<String ID="P78_ST00027" HPOS="2048" VPOS="456" WIDTH="125" HEIGHT="42" CONTENT="that" WC="0.96" CC="0576"/>
						<SP ID="P78_SP00024" HPOS="2173" VPOS="505" WIDTH="63"/>
						<String ID="P78_ST00028" HPOS="2236" VPOS="458" WIDTH="56" HEIGHT="41" CONTENT="to" WC="0.71" CC="50"/>
						<SP ID="P78_SP00025" HPOS="2292" VPOS="505" WIDTH="65"/>
						<String ID="P78_ST00029" HPOS="2357" VPOS="459" WIDTH="94" HEIGHT="41" CONTENT="the" WC="0.95" CC="750"/>
					</TextLine>
					<TextLine ID="P78_TL00005" HPOS="171" VPOS="538" WIDTH="2281" HEIGHT="56">
						<String ID="P78_ST00030" HPOS="171" VPOS="542" WIDTH="194" HEIGHT="42" CONTENT="extent" WC="0.99" CC="040310"/>
						<SP ID="P78_SP00026" HPOS="365" VPOS="584" WIDTH="33"/>
						<String ID="P78_ST00031" HPOS="398" VPOS="540" WIDTH="55" HEIGHT="43" CONTENT="of" WC="0.89" CC="01"/>
						<SP ID="P78_SP00027" HPOS="453" VPOS="584" WIDTH="31"/>
						<String ID="P78_ST00032" HPOS="484" VPOS="540" WIDTH="149" HEIGHT="41" CONTENT="their" WC="0.99" CC="60040"/>
						<SP ID="P78_SP00028" HPOS="633" VPOS="584" WIDTH="31"/>
						<String ID="P78_ST00033" HPOS="664" VPOS="538" WIDTH="164" HEIGHT="43" CONTENT="share" WC="0.99" CC="04030"/>
						<SP ID="P78_SP00029" HPOS="828" VPOS="584" WIDTH="33"/>
						<String ID="P78_ST00034" HPOS="861" VPOS="538" WIDTH="54" HEIGHT="43" CONTENT="in" WC="0.71" CC="05"/>
						<SP ID="P78_SP00030" HPOS="915" VPOS="584" WIDTH="37"/>
						<String ID="P78_ST00035" HPOS="952" VPOS="540" WIDTH="95" HEIGHT="41" CONTENT="the" WC="0.97" CC="600"/>
						<SP ID="P78_SP00031" HPOS="1047" VPOS="584" WIDTH="49"/>
						<String ID="P78_ST00036" HPOS="1096" VPOS="538" WIDTH="119" HEIGHT="54" CONTENT="plot" WC="0.97" CC="9500"/>
						<SP ID="P78_SP00032" HPOS="1215" VPOS="592" WIDTH="51"/>
						<String ID="P78_ST00037" HPOS="1266" VPOS="541" WIDTH="132" HEIGHT="53" CONTENT="they" WC="0.98" CC="0016"/>
						<SP ID="P78_SP00033" HPOS="1398" VPOS="594" WIDTH="47"/>
						<String ID="P78_ST00038" HPOS="1445" VPOS="540" WIDTH="180" HEIGHT="44" CONTENT="would" WC="0.97" CC="90009"/>
						<SP ID="P78_SP00034" HPOS="1625" VPOS="594" WIDTH="35"/>
						<String ID="P78_ST00039" HPOS="1660" VPOS="542" WIDTH="135" HEIGHT="43" CONTENT="have" WC="0.99" CC="2000"/>
						<SP ID="P78_SP00035" HPOS="1795" VPOS="594" WIDTH="36"/>
						<String ID="P78_ST00040" HPOS="1831" VPOS="545" WIDTH="58" HEIGHT="40" CONTENT="to" WC="1.00" CC="00"/>
						<SP ID="P78_SP00036" HPOS="1889" VPOS="594" WIDTH="35"/>
						<String ID="P78_ST00041" HPOS="1924" VPOS="545" WIDTH="65" HEIGHT="41" CONTENT="be" WC="1.00" CC="00"/>
						<SP ID="P78_SP00037" HPOS="1989" VPOS="594" WIDTH="35"/>
						<String ID="P78_ST00042" HPOS="2024" VPOS="546" WIDTH="156" HEIGHT="40" CONTENT="made" WC="0.98" CC="4300"/>
						<SP ID="P78_SP00038" HPOS="2180" VPOS="594" WIDTH="36"/>
						<String ID="P78_ST00043" HPOS="2216" VPOS="547" WIDTH="236" HEIGHT="42" CONTENT="matters" WC="0.99" CC="5000940"/>
					</TextLine>
					<TextLine ID="P78_TL00006" HPOS="169" VPOS="626" WIDTH="2279" HEIGHT="54">
						<String ID="P78_ST00044" HPOS="169" VPOS="627" WIDTH="55" HEIGHT="46" CONTENT="of" WC="0.66" CC="15"/>
						<SP ID="P78_SP00039" HPOS="224" VPOS="673" WIDTH="61"/>
						<String ID="P78_ST00045" HPOS="285" VPOS="627" WIDTH="356" HEIGHT="52" CONTENT="description." WC="0.99" CC="000003755544"/>
						<SP ID="P78_SP00040" HPOS="641" VPOS="679" WIDTH="62"/>
						<String ID="P78_ST00046" HPOS="703" VPOS="626" WIDTH="111" HEIGHT="44" CONTENT="The" WC="0.97" CC="240"/>
						<SP ID="P78_SP00041" HPOS="814" VPOS="679" WIDTH="63"/>
						<String ID="P78_ST00047" HPOS="877" VPOS="630" WIDTH="393" HEIGHT="49" CONTENT="arrangement" WC="0.99" CC="00090606030"/>
						<SP ID="P78_SP00042" HPOS="1270" VPOS="679" WIDTH="63"/>
						<String ID="P78_ST00048" HPOS="1333" VPOS="630" WIDTH="19" HEIGHT="40" CONTENT="I" WC="1.00" CC="0" STYLEREFS="TXT_3"/>
						<SP ID="P78_SP00043" HPOS="1352" VPOS="679" WIDTH="64"/>
						<String ID="P78_ST00049" HPOS="1416" VPOS="640" WIDTH="232" HEIGHT="40" CONTENT="propose" WC="1.00" CC="0000006"/>
						<SP ID="P78_SP00044" HPOS="1648" VPOS="680" WIDTH="64"/>
						<String ID="P78_ST00050" HPOS="1712" VPOS="630" WIDTH="183" HEIGHT="44" CONTENT="would" WC="0.96" CC="04469"/>
						<SP ID="P78_SP00045" HPOS="1895" VPOS="680" WIDTH="64"/>
						<String ID="P78_ST00051" HPOS="1959" VPOS="632" WIDTH="136" HEIGHT="43" CONTENT="then" WC="0.99" CC="0400"/>
						<SP ID="P78_SP00046" HPOS="2095" VPOS="680" WIDTH="65"/>
						<String ID="P78_ST00052" HPOS="2160" VPOS="635" WIDTH="163" HEIGHT="42" CONTENT="stand" WC="0.99" CC="00055"/>
						<SP ID="P78_SP00047" HPOS="2323" VPOS="680" WIDTH="64"/>
						<String ID="P78_ST00053" HPOS="2387" VPOS="646" WIDTH="61" HEIGHT="32" CONTENT="as" WC="0.56" CC="80"/>
					</TextLine>
					<TextLine ID="P78_TL00007" HPOS="171" VPOS="716" WIDTH="307" HEIGHT="44">
						<String ID="P78_ST00054" HPOS="171" VPOS="716" WIDTH="212" HEIGHT="44" CONTENT="follows" WC="0.99" CC="4654000"/>
						<SP ID="P78_SP00048" HPOS="383" VPOS="760" WIDTH="24"/>
						<String ID="P78_ST00055" HPOS="407" VPOS="746" WIDTH="13" HEIGHT="13" CONTENT="•" WC="0.20" CC="8"/>
						<SP ID="P78_SP00049" HPOS="420" VPOS="760" WIDTH="7"/>
						<String ID="P78_ST00056" HPOS="427" VPOS="745" WIDTH="51" HEIGHT="15" CONTENT="•••" WC="0.20" CC="888"/>
					</TextLine>
					<TextLine ID="P78_TL00008" HPOS="407" VPOS="804" WIDTH="488" HEIGHT="44">
						<String ID="P78_ST00057" HPOS="407" VPOS="805" WIDTH="102" HEIGHT="42" CONTENT="Act" WC="0.97" CC="602"/>
						<SP ID="P78_SP00050" HPOS="509" VPOS="847" WIDTH="33"/>
						<String ID="P78_ST00058" HPOS="542" VPOS="804" WIDTH="36" HEIGHT="44" CONTENT="1." WC="0.54" CC="62"/>
						<SP ID="P78_SP00051" HPOS="578" VPOS="848" WIDTH="34"/>
						<String ID="P78_ST00059" HPOS="612" VPOS="804" WIDTH="43" HEIGHT="43" CONTENT="A" WC="0.37" CC="6"/>
						<SP ID="P78_SP00052" HPOS="655" VPOS="848" WIDTH="43"/>
						<String ID="P78_ST00060" HPOS="698" VPOS="806" WIDTH="197" HEIGHT="42" CONTENT="street." WC="1.00" CC="0000302"/>
					</TextLine>
					<TextLine ID="P78_TL00009" HPOS="406" VPOS="894" WIDTH="1063" HEIGHT="54">
						<String ID="P78_ST00061" HPOS="406" VPOS="894" WIDTH="102" HEIGHT="43" CONTENT="Act" WC="0.94" CC="059"/>
						<SP ID="P78_SP00053" HPOS="508" VPOS="937" WIDTH="33"/>
						<String ID="P78_ST00062" HPOS="541" VPOS="894" WIDTH="57" HEIGHT="46" CONTENT="11;" WC="0.30" CC="676"/>
						<SP ID="P78_SP00054" HPOS="598" VPOS="940" WIDTH="34"/>
						<String ID="P78_ST00063" HPOS="632" VPOS="894" WIDTH="240" HEIGHT="44" CONTENT="Interior" WC="0.99" CC="60002600"/>
						<SP ID="P78_SP00055" HPOS="872" VPOS="940" WIDTH="32"/>
						<String ID="P78_ST00064" HPOS="904" VPOS="894" WIDTH="55" HEIGHT="43" CONTENT="of" WC="1.00" CC="00"/>
						<SP ID="P78_SP00056" HPOS="959" VPOS="940" WIDTH="31"/>
						<String ID="P78_ST00065" HPOS="990" VPOS="894" WIDTH="257" HEIGHT="54" CONTENT="Angelo's" WC="0.87" CC="00034020"/>
						<SP ID="P78_SP00057" HPOS="1247" VPOS="948" WIDTH="35"/>
						<String ID="P78_ST00066" HPOS="1282" VPOS="898" WIDTH="187" HEIGHT="44" CONTENT="house." WC="0.99" CC="401003"/>
					</TextLine>
					<TextLine ID="P78_TL00010" HPOS="406" VPOS="983" WIDTH="812" HEIGHT="53">
						<String ID="P78_ST00067" HPOS="406" VPOS="983" WIDTH="104" HEIGHT="43" CONTENT="Act" WC="1.00" CC="001"/>
						<SP ID="P78_SP00058" HPOS="510" VPOS="1026" WIDTH="31"/>
						<String ID="P78_ST00068" HPOS="541" VPOS="983" WIDTH="77" HEIGHT="44" CONTENT="111." WC="0.95" CC="6644"/>
						<SP ID="P78_SP00059" HPOS="618" VPOS="1027" WIDTH="34"/>
						<String ID="P78_ST00069" HPOS="652" VPOS="983" WIDTH="239" HEIGHT="44" CONTENT="Interior" WC="1.00" CC="20033000"/>
						<SP ID="P78_SP00060" HPOS="891" VPOS="1027" WIDTH="32"/>
						<String ID="P78_ST00070" HPOS="923" VPOS="984" WIDTH="56" HEIGHT="44" CONTENT="of" WC="0.61" CC="07"/>
						<SP ID="P78_SP00061" HPOS="979" VPOS="1028" WIDTH="32"/>
						<String ID="P78_ST00071" HPOS="1011" VPOS="984" WIDTH="207" HEIGHT="52" CONTENT="prison." WC="0.99" CC="0050033"/>
					</TextLine>
					<TextLine ID="P78_TL00011" HPOS="406" VPOS="1073" WIDTH="968" HEIGHT="56">
						<String ID="P78_ST00072" HPOS="406" VPOS="1073" WIDTH="102" HEIGHT="43" CONTENT="Act" WC="0.97" CC="007"/>
						<SP ID="P78_SP00062" HPOS="508" VPOS="1116" WIDTH="31"/>
						<String ID="P78_ST00073" HPOS="539" VPOS="1073" WIDTH="79" HEIGHT="44" CONTENT="IV." WC="0.47" CC="554"/>
						<SP ID="P78_SP00063" HPOS="618" VPOS="1117" WIDTH="36"/>
						<String ID="P78_ST00074" HPOS="654" VPOS="1074" WIDTH="226" HEIGHT="43" CONTENT="Outside" WC="0.99" CC="3550302"/>
						<SP ID="P78_SP00064" HPOS="880" VPOS="1117" WIDTH="35"/>
						<String ID="P78_ST00075" HPOS="915" VPOS="1074" WIDTH="94" HEIGHT="43" CONTENT="the" WC="0.98" CC="031"/>
						<SP ID="P78_SP00065" HPOS="1009" VPOS="1117" WIDTH="35"/>
						<String ID="P78_ST00076" HPOS="1044" VPOS="1077" WIDTH="113" HEIGHT="52" CONTENT="city" WC="0.99" CC="0002"/>
						<SP ID="P78_SP00066" HPOS="1157" VPOS="1129" WIDTH="42"/>
						<String ID="P78_ST00077" HPOS="1199" VPOS="1077" WIDTH="175" HEIGHT="52" CONTENT="gates." WC="0.99" CC="900203"/>
					</TextLine>
					<TextLine ID="P78_TL00012" HPOS="265" VPOS="1162" WIDTH="2181" HEIGHT="56">
						<String ID="P78_ST00078" HPOS="265" VPOS="1162" WIDTH="109" HEIGHT="44" CONTENT="The" WC="0.96" CC="540"/>
						<SP ID="P78_SP00067" HPOS="374" VPOS="1206" WIDTH="31"/>
						<String ID="P78_ST00079" HPOS="405" VPOS="1175" WIDTH="164" HEIGHT="31" CONTENT="scene" WC="0.99" CC="00063"/>
						<SP ID="P78_SP00068" HPOS="569" VPOS="1206" WIDTH="24"/>
						<String ID="P78_ST00080" HPOS="593" VPOS="1162" WIDTH="87" HEIGHT="44" CONTENT="for" WC="0.93" CC="359"/>
						<SP ID="P78_SP00069" HPOS="680" VPOS="1206" WIDTH="32"/>
						<String ID="P78_ST00081" HPOS="712" VPOS="1164" WIDTH="95" HEIGHT="42" CONTENT="the" WC="0.98" CC="140"/>
						<SP ID="P78_SP00070" HPOS="807" VPOS="1206" WIDTH="35"/>
						<String ID="P78_ST00082" HPOS="842" VPOS="1163" WIDTH="128" HEIGHT="43" CONTENT="first" WC="0.96" CC="61647"/>
						<SP ID="P78_SP00071" HPOS="970" VPOS="1206" WIDTH="33"/>
						<String ID="P78_ST00083" HPOS="1003" VPOS="1164" WIDTH="100" HEIGHT="42" CONTENT="Act" WC="1.00" CC="000"/>
						<SP ID="P78_SP00072" HPOS="1103" VPOS="1206" WIDTH="36"/>
						<String ID="P78_ST00084" HPOS="1139" VPOS="1176" WIDTH="122" HEIGHT="42" CONTENT="may" WC="1.00" CC="000"/>
						<SP ID="P78_SP00073" HPOS="1261" VPOS="1218" WIDTH="34"/>
						<String ID="P78_ST00085" HPOS="1295" VPOS="1167" WIDTH="65" HEIGHT="41" CONTENT="be" WC="0.64" CC="60"/>
						<SP ID="P78_SP00074" HPOS="1360" VPOS="1218" WIDTH="34"/>
						<String ID="P78_ST00086" HPOS="1394" VPOS="1176" WIDTH="67" HEIGHT="32" CONTENT="an" WC="0.84" CC="03"/>
						<SP ID="P78_SP00075" HPOS="1461" VPOS="1218" WIDTH="50"/>
						<String ID="P78_ST00087" HPOS="1511" VPOS="1177" WIDTH="137" HEIGHT="39" CONTENT="open" WC="0.97" CC="0830"/>
						<SP ID="P78_SP00076" HPOS="1648" VPOS="1218" WIDTH="52"/>
						<String ID="P78_ST00088" HPOS="1700" VPOS="1166" WIDTH="153" HEIGHT="52" CONTENT="place" WC="0.96" CC="06946"/>
						<SP ID="P78_SP00077" HPOS="1853" VPOS="1218" WIDTH="36"/>
						<String ID="P78_ST00089" HPOS="1889" VPOS="1166" WIDTH="190" HEIGHT="44" CONTENT="before" WC="1.00" CC="030002"/>
						<SP ID="P78_SP00078" HPOS="2079" VPOS="1218" WIDTH="28"/>
						<String ID="P78_ST00090" HPOS="2107" VPOS="1169" WIDTH="99" HEIGHT="42" CONTENT="the" WC="0.97" CC="600"/>
						<SP ID="P78_SP00079" HPOS="2206" VPOS="1218" WIDTH="38"/>
						<String ID="P78_ST00091" HPOS="2244" VPOS="1168" WIDTH="202" HEIGHT="45" CONTENT="Duke's" WC="0.98" CC="064220"/>
					</TextLine>
					<TextLine ID="P78_TL00013" HPOS="166" VPOS="1251" WIDTH="2280" HEIGHT="59">
						<String ID="P78_ST00092" HPOS="166" VPOS="1253" WIDTH="206" HEIGHT="52" CONTENT="palace," WC="0.99" CC="0060211"/>
						<SP ID="P78_SP00080" HPOS="372" VPOS="1305" WIDTH="49"/>
						<String ID="P78_ST00093" HPOS="421" VPOS="1253" WIDTH="134" HEIGHT="42" CONTENT="with" WC="0.99" CC="0005"/>
						<SP ID="P78_SP00081" HPOS="555" VPOS="1305" WIDTH="54"/>
						<String ID="P78_ST00094" HPOS="609" VPOS="1253" WIDTH="206" HEIGHT="42" CONTENT="streets" WC="0.99" CC="0300070"/>
						<SP ID="P78_SP00082" HPOS="815" VPOS="1305" WIDTH="53"/>
						<String ID="P78_ST00095" HPOS="868" VPOS="1251" WIDTH="221" HEIGHT="53" CONTENT="leading" WC="0.98" CC="4571259"/>
						<SP ID="P78_SP00083" HPOS="1089" VPOS="1305" WIDTH="52"/>
						<String ID="P78_ST00096" HPOS="1141" VPOS="1253" WIDTH="99" HEIGHT="42" CONTENT="out" WC="1.00" CC="000"/>
						<SP ID="P78_SP00084" HPOS="1240" VPOS="1305" WIDTH="33"/>
						<String ID="P78_ST00097" HPOS="1273" VPOS="1251" WIDTH="55" HEIGHT="43" CONTENT="of" WC="0.59" CC="08"/>
						<SP ID="P78_SP00085" HPOS="1328" VPOS="1305" WIDTH="32"/>
						<String ID="P78_ST00098" HPOS="1360" VPOS="1252" WIDTH="48" HEIGHT="42" CONTENT="it" WC="0.71" CC="50"/>
						<SP ID="P78_SP00086" HPOS="1408" VPOS="1305" WIDTH="32"/>
						<String ID="P78_ST00099" HPOS="1440" VPOS="1253" WIDTH="54" HEIGHT="41" CONTENT="in" WC="0.78" CC="04"/>
						<SP ID="P78_SP00087" HPOS="1494" VPOS="1305" WIDTH="55"/>
						<String ID="P78_ST00100" HPOS="1549" VPOS="1255" WIDTH="246" HEIGHT="50" CONTENT="opposite" WC="1.00" CC="00000160"/>
						<SP ID="P78_SP00088" HPOS="1795" VPOS="1305" WIDTH="36"/>
						<String ID="P78_ST00101" HPOS="1831" VPOS="1256" WIDTH="321" HEIGHT="44" CONTENT="directions." WC="0.99" CC="90202007000"/>
						<SP ID="P78_SP00089" HPOS="2152" VPOS="1305" WIDTH="36"/>
						<String ID="P78_ST00102" HPOS="2188" VPOS="1256" WIDTH="42" HEIGHT="43" CONTENT="A" WC="0.13" CC="8"/>
						<SP ID="P78_SP00090" HPOS="2230" VPOS="1305" WIDTH="33"/>
						<String ID="P78_ST00103" HPOS="2263" VPOS="1257" WIDTH="183" HEIGHT="53" CONTENT="loggia" WC="0.98" CC="709080"/>
					</TextLine>
					<TextLine ID="P78_TL00014" HPOS="169" VPOS="1327" WIDTH="2274" HEIGHT="71">
						<String ID="P78_ST00104" HPOS="169" VPOS="1356" WIDTH="63" HEIGHT="32" CONTENT="or" WC="0.61" CC="06"/>
						<SP ID="P78_SP00091" HPOS="232" VPOS="1388" WIDTH="31"/>
						<String ID="P78_ST00105" HPOS="263" VPOS="1356" WIDTH="30" HEIGHT="31" CONTENT="a" WC="1.00" CC="0"/>
						<SP ID="P78_SP00092" HPOS="293" VPOS="1388" WIDTH="33"/>
						<String ID="P78_ST00106" HPOS="326" VPOS="1341" WIDTH="140" HEIGHT="54" CONTENT="lofty" WC="0.97" CC="65700"/>
						<SP ID="P78_SP00093" HPOS="466" VPOS="1395" WIDTH="34"/>
						<String ID="P78_ST00107" HPOS="500" VPOS="1352" WIDTH="140" HEIGHT="41" CONTENT="open" WC="0.98" CC="4006"/>
						<SP ID="P78_SP00094" HPOS="640" VPOS="1395" WIDTH="34"/>
						<String ID="P78_ST00108" HPOS="674" VPOS="1343" WIDTH="305" HEIGHT="47" CONTENT="structure," WC="0.99" CC="0017224203"/>
						<SP ID="P78_SP00095" HPOS="979" VPOS="1395" WIDTH="53"/>
						<String ID="P78_ST00109" HPOS="1032" VPOS="1340" WIDTH="112" HEIGHT="43" CONTENT="like" WC="0.98" CC="4600"/>
						<SP ID="P78_SP00096" HPOS="1144" VPOS="1395" WIDTH="55"/>
						<String ID="P78_ST00110" HPOS="1199" VPOS="1341" WIDTH="95" HEIGHT="43" CONTENT="the" WC="0.96" CC="045"/>
						<SP ID="P78_SP00097" HPOS="1294" VPOS="1395" WIDTH="52"/>
						<String ID="P78_ST00111" HPOS="1346" VPOS="1352" WIDTH="138" HEIGHT="41" CONTENT="open" WC="0.97" CC="6016"/>
						<SP ID="P78_SP00098" HPOS="1484" VPOS="1395" WIDTH="54"/>
						<String ID="P78_ST00112" HPOS="1538" VPOS="1342" WIDTH="247" HEIGHT="43" CONTENT="external" WC="0.99" CC="09103065"/>
						<SP ID="P78_SP00099" HPOS="1785" VPOS="1395" WIDTH="57"/>
						<String ID="P78_ST00113" HPOS="1842" VPOS="1327" WIDTH="361" HEIGHT="65" CONTENT="Renais&amp;nce" WC="0.68" CC="6004007750"/>
						<SP ID="P78_SP00100" HPOS="2203" VPOS="1395" WIDTH="50"/>
						<String ID="P78_ST00114" HPOS="2253" VPOS="1346" WIDTH="190" HEIGHT="52" CONTENT="chapel" WC="0.98" CC="357033"/>
					</TextLine>
					<TextLine ID="P78_TL00015" HPOS="164" VPOS="1429" WIDTH="2279" HEIGHT="58">
						<String ID="P78_ST00115" HPOS="164" VPOS="1432" WIDTH="260" HEIGHT="45" CONTENT="attached" WC="0.99" CC="00000308"/>
						<SP ID="P78_SP00101" HPOS="424" VPOS="1477" WIDTH="52"/>
						<String ID="P78_ST00116" HPOS="476" VPOS="1434" WIDTH="58" HEIGHT="40" CONTENT="to" WC="0.55" CC="90"/>
						<SP ID="P78_SP00102" HPOS="534" VPOS="1477" WIDTH="52"/>
						<String ID="P78_ST00117" HPOS="586" VPOS="1431" WIDTH="97" HEIGHT="42" CONTENT="the" WC="0.98" CC="032"/>
						<SP ID="P78_SP00103" HPOS="683" VPOS="1477" WIDTH="55"/>
						<String ID="P78_ST00118" HPOS="738" VPOS="1429" WIDTH="160" HEIGHT="53" CONTENT="angle" WC="0.97" CC="00984"/>
						<SP ID="P78_SP00104" HPOS="898" VPOS="1482" WIDTH="54"/>
						<String ID="P78_ST00119" HPOS="952" VPOS="1429" WIDTH="56" HEIGHT="44" CONTENT="of" WC="0.34" CC="57"/>
						<SP ID="P78_SP00105" HPOS="1008" VPOS="1482" WIDTH="53"/>
						<String ID="P78_ST00120" HPOS="1061" VPOS="1430" WIDTH="94" HEIGHT="43" CONTENT="the" WC="0.95" CC="605"/>
						<SP ID="P78_SP00106" HPOS="1155" VPOS="1482" WIDTH="55"/>
						<String ID="P78_ST00121" HPOS="1210" VPOS="1431" WIDTH="189" HEIGHT="50" CONTENT="palace" WC="0.98" CC="098050"/>
						<SP ID="P78_SP00107" HPOS="1399" VPOS="1482" WIDTH="50"/>
						<String ID="P78_ST00122" HPOS="1449" VPOS="1432" WIDTH="58" HEIGHT="41" CONTENT="at" WC="1.00" CC="00"/>
						<SP ID="P78_SP00108" HPOS="1507" VPOS="1482" WIDTH="52"/>
						<String ID="P78_ST00123" HPOS="1559" VPOS="1431" WIDTH="187" HEIGHT="52" CONTENT="Siena," WC="0.98" CC="560083"/>
						<SP ID="P78_SP00109" HPOS="1746" VPOS="1483" WIDTH="32"/>
						<String ID="P78_ST00124" HPOS="1778" VPOS="1432" WIDTH="181" HEIGHT="42" CONTENT="would" WC="0.99" CC="00270"/>
						<SP ID="P78_SP00110" HPOS="1959" VPOS="1483" WIDTH="36"/>
						<String ID="P78_ST00125" HPOS="1995" VPOS="1432" WIDTH="140" HEIGHT="55" CONTENT="fully" WC="0.98" CC="00740"/>
						<SP ID="P78_SP00111" HPOS="2135" VPOS="1487" WIDTH="34"/>
						<String ID="P78_ST00126" HPOS="2169" VPOS="1436" WIDTH="146" HEIGHT="41" CONTENT="meet" WC="0.98" CC="6300"/>
						<SP ID="P78_SP00112" HPOS="2315" VPOS="1487" WIDTH="33"/>
						<String ID="P78_ST00127" HPOS="2348" VPOS="1435" WIDTH="95" HEIGHT="42" CONTENT="the" WC="0.97" CC="150"/>
					</TextLine>
					<TextLine ID="P78_TL00016" HPOS="167" VPOS="1517" WIDTH="2277" HEIGHT="60">
						<String ID="P78_ST00128" HPOS="167" VPOS="1522" WIDTH="405" HEIGHT="55" CONTENT="requirements" WC="1.00" CC="004060200600"/>
						<SP ID="P78_SP00113" HPOS="572" VPOS="1577" WIDTH="54"/>
						<String ID="P78_ST00129" HPOS="626" VPOS="1519" WIDTH="56" HEIGHT="44" CONTENT="of" WC="0.97" CC="00"/>
						<SP ID="P78_SP00114" HPOS="682" VPOS="1577" WIDTH="43"/>
						<String ID="P78_ST00130" HPOS="725" VPOS="1521" WIDTH="98" HEIGHT="42" CONTENT="the" WC="0.97" CC="070"/>
						<SP ID="P78_SP00115" HPOS="823" VPOS="1577" WIDTH="52"/>
						<String ID="P78_ST00131" HPOS="875" VPOS="1517" WIDTH="129" HEIGHT="46" CONTENT="first" WC="0.98" CC="07700"/>
						<SP ID="P78_SP00116" HPOS="1004" VPOS="1577" WIDTH="51"/>
						<String ID="P78_ST00132" HPOS="1055" VPOS="1520" WIDTH="199" HEIGHT="42" CONTENT="Scenes" WC="0.99" CC="110030"/>
						<SP ID="P78_SP00117" HPOS="1254" VPOS="1577" WIDTH="55"/>
						<String ID="P78_ST00133" HPOS="1309" VPOS="1521" WIDTH="55" HEIGHT="42" CONTENT="in" WC="0.75" CC="04"/>
						<SP ID="P78_SP00118" HPOS="1364" VPOS="1577" WIDTH="57"/>
						<String ID="P78_ST00134" HPOS="1421" VPOS="1521" WIDTH="95" HEIGHT="42" CONTENT="the" WC="0.98" CC="600"/>
						<SP ID="P78_SP00119" HPOS="1516" VPOS="1577" WIDTH="52"/>
						<String ID="P78_ST00135" HPOS="1568" VPOS="1521" WIDTH="144" HEIGHT="54" CONTENT="play," WC="0.97" CC="08804"/>
						<SP ID="P78_SP00120" HPOS="1712" VPOS="1577" WIDTH="54"/>
						<String ID="P78_ST00136" HPOS="1766" VPOS="1522" WIDTH="183" HEIGHT="44" CONTENT="where" WC="0.99" CC="05400"/>
						<SP ID="P78_SP00121" HPOS="1949" VPOS="1577" WIDTH="55"/>
						<String ID="P78_ST00137" HPOS="2004" VPOS="1524" WIDTH="96" HEIGHT="42" CONTENT="the" WC="0.97" CC="033"/>
						<SP ID="P78_SP00122" HPOS="2100" VPOS="1577" WIDTH="37"/>
						<String ID="P78_ST00138" HPOS="2137" VPOS="1522" WIDTH="152" HEIGHT="44" CONTENT="Duke" WC="0.97" CC="5204"/>
						<SP ID="P78_SP00123" HPOS="2289" VPOS="1577" WIDTH="37"/>
						<String ID="P78_ST00139" HPOS="2326" VPOS="1525" WIDTH="118" HEIGHT="43" CONTENT="bids" WC="0.98" CC="7300"/>
					</TextLine>
					<TextLine ID="P78_TL00017" HPOS="165" VPOS="1610" WIDTH="2277" HEIGHT="55">
						<String ID="P78_ST00140" HPOS="165" VPOS="1611" WIDTH="246" HEIGHT="46" CONTENT="farewell" WC="0.99" CC="70000007"/>
						<SP ID="P78_SP00124" HPOS="411" VPOS="1657" WIDTH="51"/>
						<String ID="P78_ST00141" HPOS="462" VPOS="1614" WIDTH="60" HEIGHT="39" CONTENT="to" WC="0.51" CC="54"/>
						<SP ID="P78_SP00125" HPOS="522" VPOS="1657" WIDTH="53"/>
						<String ID="P78_ST00142" HPOS="575" VPOS="1610" WIDTH="83" HEIGHT="43" CONTENT="his" WC="0.98" CC="060"/>
						<SP ID="P78_SP00126" HPOS="658" VPOS="1657" WIDTH="53"/>
						<String ID="P78_ST00143" HPOS="711" VPOS="1610" WIDTH="272" HEIGHT="52" CONTENT="deputies." WC="0.99" CC="000026502"/>
						<SP ID="P78_SP00127" HPOS="983" VPOS="1662" WIDTH="54"/>
						<String ID="P78_ST00144" HPOS="1037" VPOS="1610" WIDTH="78" HEIGHT="42" CONTENT="On" WC="0.67" CC="14"/>
						<SP ID="P78_SP00128" HPOS="1115" VPOS="1662" WIDTH="54"/>
						<String ID="P78_ST00145" HPOS="1169" VPOS="1610" WIDTH="97" HEIGHT="42" CONTENT="the" WC="0.94" CC="069"/>
						<SP ID="P78_SP00129" HPOS="1266" VPOS="1662" WIDTH="53"/>
						<String ID="P78_ST00146" HPOS="1319" VPOS="1610" WIDTH="163" HEIGHT="43" CONTENT="other" WC="0.99" CC="00330"/>
						<SP ID="P78_SP00130" HPOS="1482" VPOS="1662" WIDTH="54"/>
						<String ID="P78_ST00147" HPOS="1536" VPOS="1611" WIDTH="167" HEIGHT="51" CONTENT="hand," WC="0.99" CC="30004"/>
						<SP ID="P78_SP00131" HPOS="1703" VPOS="1662" WIDTH="32"/>
						<String ID="P78_ST00148" HPOS="1735" VPOS="1614" WIDTH="191" HEIGHT="51" CONTENT="seeing" WC="1.00" CC="000200"/>
						<SP ID="P78_SP00132" HPOS="1926" VPOS="1665" WIDTH="33"/>
						<String ID="P78_ST00149" HPOS="1959" VPOS="1614" WIDTH="125" HEIGHT="42" CONTENT="that" WC="0.99" CC="0006"/>
						<SP ID="P78_SP00133" HPOS="2084" VPOS="1665" WIDTH="33"/>
						<String ID="P78_ST00150" HPOS="2117" VPOS="1615" WIDTH="95" HEIGHT="41" CONTENT="the" WC="0.92" CC="966"/>
						<SP ID="P78_SP00134" HPOS="2212" VPOS="1665" WIDTH="37"/>
						<String ID="P78_ST00151" HPOS="2249" VPOS="1616" WIDTH="193" HEIGHT="42" CONTENT="courts" WC="0.98" CC="064072"/>
					</TextLine>
					<TextLine ID="P78_TL00018" HPOS="167" VPOS="1698" WIDTH="2275" HEIGHT="59">
						<String ID="P78_ST00152" HPOS="167" VPOS="1700" WIDTH="56" HEIGHT="46" CONTENT="of" WC="0.36" CC="57"/>
						<SP ID="P78_SP00135" HPOS="223" VPOS="1746" WIDTH="31"/>
						<String ID="P78_ST00153" HPOS="254" VPOS="1699" WIDTH="284" HEIGHT="47" CONTENT="Mediaeval" WC="0.99" CC="300768008"/>
						<SP ID="P78_SP00136" HPOS="538" VPOS="1746" WIDTH="51"/>
						<String ID="P78_ST00154" HPOS="589" VPOS="1699" WIDTH="212" HEIGHT="52" CONTENT="palaces" WC="0.99" CC="0060310"/>
						<SP ID="P78_SP00137" HPOS="801" VPOS="1751" WIDTH="53"/>
						<String ID="P78_ST00155" HPOS="854" VPOS="1709" WIDTH="146" HEIGHT="32" CONTENT="were" WC="0.99" CC="0040"/>
						<SP ID="P78_SP00138" HPOS="1000" VPOS="1751" WIDTH="56"/>
						<String ID="P78_ST00156" HPOS="1056" VPOS="1699" WIDTH="131" HEIGHT="43" CONTENT="used" WC="1.00" CC="0000"/>
						<SP ID="P78_SP00139" HPOS="1187" VPOS="1751" WIDTH="53"/>
						<String ID="P78_ST00157" HPOS="1240" VPOS="1698" WIDTH="315" HEIGHT="54" CONTENT="frequently" WC="0.99" CC="0002600680"/>
						<SP ID="P78_SP00140" HPOS="1555" VPOS="1752" WIDTH="53"/>
						<String ID="P78_ST00158" HPOS="1608" VPOS="1713" WIDTH="58" HEIGHT="30" CONTENT="as" WC="0.81" CC="30"/>
						<SP ID="P78_SP00141" HPOS="1666" VPOS="1752" WIDTH="49"/>
						<String ID="P78_ST00159" HPOS="1715" VPOS="1700" WIDTH="431" HEIGHT="55" CONTENT="thoroughfares" WC="0.99" CC="2010440007550"/>
						<SP ID="P78_SP00142" HPOS="2146" VPOS="1755" WIDTH="33"/>
						<String ID="P78_ST00160" HPOS="2179" VPOS="1703" WIDTH="132" HEIGHT="54" CONTENT="(like" WC="0.97" CC="68600"/>
						<SP ID="P78_SP00143" HPOS="2311" VPOS="1757" WIDTH="34"/>
						<String ID="P78_ST00161" HPOS="2345" VPOS="1704" WIDTH="97" HEIGHT="43" CONTENT="the" WC="0.94" CC="473"/>
					</TextLine>
					<TextLine ID="P78_TL00019" HPOS="166" VPOS="1788" WIDTH="2275" HEIGHT="57">
						<String ID="P78_ST00162" HPOS="166" VPOS="1792" WIDTH="252" HEIGHT="44" CONTENT="cloisters" WC="0.99" CC="160007000"/>
						<SP ID="P78_SP00144" HPOS="418" VPOS="1836" WIDTH="55"/>
						<String ID="P78_ST00163" HPOS="473" VPOS="1788" WIDTH="55" HEIGHT="46" CONTENT="of" WC="0.27" CC="68"/>
						<SP ID="P78_SP00145" HPOS="528" VPOS="1836" WIDTH="55"/>
						<String ID="P78_ST00164" HPOS="583" VPOS="1790" WIDTH="388" HEIGHT="44" CONTENT="Westminster" WC="0.99" CC="24030000745"/>
						<SP ID="P78_SP00146" HPOS="971" VPOS="1836" WIDTH="52"/>
						<String ID="P78_ST00165" HPOS="1023" VPOS="1789" WIDTH="228" HEIGHT="54" CONTENT="Abbey)," WC="0.99" CC="0462004"/>
						<SP ID="P78_SP00147" HPOS="1251" VPOS="1843" WIDTH="50"/>
						<String ID="P78_ST00166" HPOS="1301" VPOS="1801" WIDTH="82" HEIGHT="31" CONTENT="we" WC="0.88" CC="02"/>
						<SP ID="P78_SP00148" HPOS="1383" VPOS="1843" WIDTH="53"/>
						<String ID="P78_ST00167" HPOS="1436" VPOS="1790" WIDTH="138" HEIGHT="44" CONTENT="shall" WC="0.97" CC="06078"/>
						<SP ID="P78_SP00149" HPOS="1574" VPOS="1843" WIDTH="55"/>
						<String ID="P78_ST00168" HPOS="1629" VPOS="1793" WIDTH="65" HEIGHT="42" CONTENT="be" WC="0.58" CC="71"/>
						<SP ID="P78_SP00150" HPOS="1694" VPOS="1843" WIDTH="56"/>
						<String ID="P78_ST00169" HPOS="1750" VPOS="1794" WIDTH="153" HEIGHT="51" CONTENT="quite" WC="0.98" CC="95000"/>
						<SP ID="P78_SP00151" HPOS="1903" VPOS="1845" WIDTH="40"/>
						<String ID="P78_ST00170" HPOS="1943" VPOS="1794" WIDTH="311" HEIGHT="42" CONTENT="consistent" WC="0.98" CC="2653604376"/>
						<SP ID="P78_SP00152" HPOS="2254" VPOS="1845" WIDTH="32"/>
						<String ID="P78_ST00171" HPOS="2286" VPOS="1793" WIDTH="42" HEIGHT="42" CONTENT="if" WC="0.20" CC="87"/>
						<SP ID="P78_SP00153" HPOS="2328" VPOS="1845" WIDTH="31"/>
						<String ID="P78_ST00172" HPOS="2359" VPOS="1804" WIDTH="82" HEIGHT="33" CONTENT="we" WC="0.76" CC="04"/>
					</TextLine>
					<TextLine ID="P78_TL00020" HPOS="167" VPOS="1876" WIDTH="2275" HEIGHT="59">
						<String ID="P78_ST00173" HPOS="167" VPOS="1881" WIDTH="150" HEIGHT="53" CONTENT="place" WC="0.99" CC="03060"/>
						<SP ID="P78_SP00154" HPOS="317" VPOS="1934" WIDTH="51"/>
						<String ID="P78_ST00174" HPOS="368" VPOS="1881" WIDTH="97" HEIGHT="42" CONTENT="the" WC="0.98" CC="030"/>
						<SP ID="P78_SP00155" HPOS="465" VPOS="1934" WIDTH="52"/>
						<String ID="P78_ST00175" HPOS="517" VPOS="1890" WIDTH="162" HEIGHT="33" CONTENT="scene" WC="1.00" CC="00000"/>
						<SP ID="P78_SP00156" HPOS="679" VPOS="1934" WIDTH="60"/>
						<String ID="P78_ST00176" HPOS="739" VPOS="1876" WIDTH="207" HEIGHT="47" CONTENT="within" WC="0.98" CC="035043" STYLEREFS="TXT_4"/>
						<SP ID="P78_SP00157" HPOS="946" VPOS="1934" WIDTH="53"/>
						<String ID="P78_ST00177" HPOS="999" VPOS="1878" WIDTH="97" HEIGHT="42" CONTENT="the" WC="0.99" CC="020"/>
						<SP ID="P78_SP00158" HPOS="1096" VPOS="1934" WIDTH="56"/>
						<String ID="P78_ST00178" HPOS="1152" VPOS="1881" WIDTH="177" HEIGHT="52" CONTENT="court," WC="0.98" CC="020907"/>
						<SP ID="P78_SP00159" HPOS="1329" VPOS="1934" WIDTH="49"/>
						<String ID="P78_ST00179" HPOS="1378" VPOS="1879" WIDTH="176" HEIGHT="44" CONTENT="which" WC="0.99" CC="04410"/>
						<SP ID="P78_SP00160" HPOS="1554" VPOS="1934" WIDTH="38"/>
						<String ID="P78_ST00180" HPOS="1592" VPOS="1891" WIDTH="278" HEIGHT="33" CONTENT="measures" WC="0.99" CC="05006300"/>
						<SP ID="P78_SP00161" HPOS="1870" VPOS="1934" WIDTH="54"/>
						<String ID="P78_ST00181" HPOS="1924" VPOS="1882" WIDTH="171" HEIGHT="42" CONTENT="about" WC="0.98" CC="05051"/>
						<SP ID="P78_SP00162" HPOS="2095" VPOS="1934" WIDTH="130"/>
						<String ID="P78_ST00182" HPOS="2225" VPOS="1879" WIDTH="117" HEIGHT="46" CONTENT="feet" WC="0.96" CC="7530"/>
						<SP ID="P78_SP00163" HPOS="2342" VPOS="1934" WIDTH="31"/>
						<String ID="P78_ST00183" HPOS="2373" VPOS="1883" WIDTH="69" HEIGHT="52" CONTENT="by" WC="1.00" CC="00"/>
					</TextLine>
					<TextLine ID="P78_TL00021" HPOS="161" VPOS="1966" WIDTH="2275" HEIGHT="57">
						<String ID="P78_ST00184" HPOS="161" VPOS="1981" WIDTH="63" HEIGHT="42" CONTENT="30" WC="0.69" CC="60" STYLEREFS="TXT_5"/>
						<SP ID="P78_SP00164" HPOS="224" VPOS="2023" WIDTH="32"/>
						<String ID="P78_ST00185" HPOS="256" VPOS="1968" WIDTH="135" HEIGHT="51" CONTENT="feet," WC="0.98" CC="00074"/>
						<SP ID="P78_SP00165" HPOS="391" VPOS="2023" WIDTH="33"/>
						<String ID="P78_ST00186" HPOS="424" VPOS="1970" WIDTH="105" HEIGHT="41" CONTENT="and" WC="0.98" CC="040"/>
						<SP ID="P78_SP00166" HPOS="529" VPOS="2023" WIDTH="36"/>
						<String ID="P78_ST00187" HPOS="565" VPOS="1970" WIDTH="44" HEIGHT="40" CONTENT="is" WC="1.00" CC="00"/>
						<SP ID="P78_SP00167" HPOS="609" VPOS="2023" WIDTH="33"/>
						<String ID="P78_ST00188" HPOS="642" VPOS="1968" WIDTH="347" HEIGHT="42" CONTENT="surrounded" WC="1.00" CC="0000320050"/>
						<SP ID="P78_SP00168" HPOS="989" VPOS="2023" WIDTH="37"/>
						<String ID="P78_ST00189" HPOS="1026" VPOS="1968" WIDTH="68" HEIGHT="51" CONTENT="by" WC="1.00" CC="00"/>
						<SP ID="P78_SP00169" HPOS="1094" VPOS="2023" WIDTH="32"/>
						<String ID="P78_ST00190" HPOS="1126" VPOS="1978" WIDTH="29" HEIGHT="31" CONTENT="a" WC="1.00" CC="0"/>
						<SP ID="P78_SP00170" HPOS="1155" VPOS="2023" WIDTH="35"/>
						<String ID="P78_ST00191" HPOS="1190" VPOS="1966" WIDTH="228" HEIGHT="44" CONTENT="cloister" WC="0.99" CC="33060540"/>
						<SP ID="P78_SP00171" HPOS="1418" VPOS="2023" WIDTH="32"/>
						<String ID="P78_ST00192" HPOS="1450" VPOS="1970" WIDTH="170" HEIGHT="41" CONTENT="about" WC="0.98" CC="70600"/>
						<SP ID="P78_SP00172" HPOS="1620" VPOS="2023" WIDTH="33"/>
						<String ID="P78_ST00193" HPOS="1653" VPOS="1978" WIDTH="55" HEIGHT="42" CONTENT="13" WC="0.35" CC="66" STYLEREFS="TXT_5"/>
						<SP ID="P78_SP00173" HPOS="1708" VPOS="2023" WIDTH="33"/>
						<String ID="P78_ST00194" HPOS="1741" VPOS="1968" WIDTH="117" HEIGHT="45" CONTENT="feet" WC="0.96" CC="8803"/>
						<SP ID="P78_SP00174" HPOS="1858" VPOS="2023" WIDTH="31"/>
						<String ID="P78_ST00195" HPOS="1889" VPOS="1971" WIDTH="160" HEIGHT="43" CONTENT="wide." WC="0.98" CC="06032"/>
						<SP ID="P78_SP00175" HPOS="2049" VPOS="2023" WIDTH="35"/>
						<String ID="P78_ST00196" HPOS="2084" VPOS="1971" WIDTH="71" HEIGHT="42" CONTENT="At" WC="1.00" CC="00"/>
						<SP ID="P78_SP00176" HPOS="2155" VPOS="2023" WIDTH="34"/>
						<String ID="P78_ST00197" HPOS="2189" VPOS="1982" WIDTH="104" HEIGHT="32" CONTENT="one" WC="0.94" CC="752"/>
						<SP ID="P78_SP00177" HPOS="2293" VPOS="2023" WIDTH="36"/>
						<String ID="P78_ST00198" HPOS="2329" VPOS="1972" WIDTH="107" HEIGHT="43" CONTENT="end" WC="0.93" CC="765"/>
					</TextLine>
					<TextLine ID="P78_TL00022" HPOS="162" VPOS="2057" WIDTH="2279" HEIGHT="55">
						<String ID="P78_ST00199" HPOS="162" VPOS="2064" WIDTH="47" HEIGHT="41" CONTENT="is" WC="0.90" CC="10"/>
						<SP ID="P78_SP00178" HPOS="209" VPOS="2105" WIDTH="33"/>
						<String ID="P78_ST00200" HPOS="242" VPOS="2062" WIDTH="94" HEIGHT="42" CONTENT="the" WC="0.99" CC="030"/>
						<SP ID="P78_SP00179" HPOS="336" VPOS="2105" WIDTH="52"/>
						<String ID="P78_ST00201" HPOS="388" VPOS="2058" WIDTH="264" HEIGHT="44" CONTENT="staircase" WC="1.00" CC="000076000"/>
						<SP ID="P78_SP00180" HPOS="652" VPOS="2105" WIDTH="56"/>
						<String ID="P78_ST00202" HPOS="708" VPOS="2057" WIDTH="218" HEIGHT="53" CONTENT="leading" WC="0.99" CC="4000050"/>
						<SP ID="P78_SP00181" HPOS="926" VPOS="2110" WIDTH="50"/>
						<String ID="P78_ST00203" HPOS="976" VPOS="2058" WIDTH="59" HEIGHT="41" CONTENT="to" WC="1.00" CC="00"/>
						<SP ID="P78_SP00182" HPOS="1035" VPOS="2110" WIDTH="52"/>
						<String ID="P78_ST00204" HPOS="1087" VPOS="2058" WIDTH="96" HEIGHT="41" CONTENT="the" WC="0.97" CC="052"/>
						<SP ID="P78_SP00183" HPOS="1183" VPOS="2110" WIDTH="65"/>
						<String ID="P78_ST00205" HPOS="1248" VPOS="2057" WIDTH="155" HEIGHT="43" CONTENT="ducal" WC="0.97" CC="05085"/>
						<SP ID="P78_SP00184" HPOS="1403" VPOS="2110" WIDTH="51"/>
						<String ID="P78_ST00206" HPOS="1454" VPOS="2060" WIDTH="361" HEIGHT="52" CONTENT="apartments," WC="0.99" CC="96900947004"/>
						<SP ID="P78_SP00185" HPOS="1815" VPOS="2112" WIDTH="35"/>
						<String ID="P78_ST00207" HPOS="1850" VPOS="2061" WIDTH="104" HEIGHT="42" CONTENT="and" WC="0.93" CC="547"/>
						<SP ID="P78_SP00186" HPOS="1954" VPOS="2112" WIDTH="35"/>
						<String ID="P78_ST00208" HPOS="1989" VPOS="2062" WIDTH="58" HEIGHT="41" CONTENT="to" WC="1.00" CC="00"/>
						<SP ID="P78_SP00187" HPOS="2047" VPOS="2112" WIDTH="34"/>
						<String ID="P78_ST00209" HPOS="2081" VPOS="2061" WIDTH="98" HEIGHT="42" CONTENT="the" WC="1.00" CC="000"/>
						<SP ID="P78_SP00188" HPOS="2179" VPOS="2112" WIDTH="33"/>
						<String ID="P78_ST00210" HPOS="2212" VPOS="2060" WIDTH="119" HEIGHT="43" CONTENT="foot" WC="0.98" CC="7040"/>
						<SP ID="P78_SP00189" HPOS="2331" VPOS="2112" WIDTH="54"/>
						<String ID="P78_ST00211" HPOS="2385" VPOS="2060" WIDTH="56" HEIGHT="44" CONTENT="of" WC="0.67" CC="60"/>
					</TextLine>
					<TextLine ID="P78_TL00023" HPOS="162" VPOS="2147" WIDTH="2277" HEIGHT="56">
						<String ID="P78_ST00212" HPOS="162" VPOS="2151" WIDTH="134" HEIGHT="52" CONTENT="this," WC="0.99" CC="05302"/>
						<SP ID="P78_SP00190" HPOS="296" VPOS="2203" WIDTH="63"/>
						<String ID="P78_ST00213" HPOS="359" VPOS="2150" WIDTH="174" HEIGHT="42" CONTENT="under" WC="0.99" CC="03001"/>
						<SP ID="P78_SP00191" HPOS="533" VPOS="2203" WIDTH="61"/>
						<String ID="P78_ST00214" HPOS="594" VPOS="2149" WIDTH="95" HEIGHT="42" CONTENT="the" WC="0.98" CC="030"/>
						<SP ID="P78_SP00192" HPOS="689" VPOS="2203" WIDTH="64"/>
						<String ID="P78_ST00215" HPOS="753" VPOS="2147" WIDTH="253" HEIGHT="54" CONTENT="archway" WC="1.00" CC="0000000"/>
						<SP ID="P78_SP00193" HPOS="1006" VPOS="2203" WIDTH="62"/>
						<String ID="P78_ST00216" HPOS="1068" VPOS="2149" WIDTH="240" HEIGHT="52" CONTENT="opening" WC="0.98" CC="5921039"/>
						<SP ID="P78_SP00194" HPOS="1308" VPOS="2203" WIDTH="61"/>
						<String ID="P78_ST00217" HPOS="1369" VPOS="2150" WIDTH="117" HEIGHT="42" CONTENT="into" WC="0.96" CC="3076"/>
						<SP ID="P78_SP00195" HPOS="1486" VPOS="2203" WIDTH="67"/>
						<String ID="P78_ST00218" HPOS="1553" VPOS="2149" WIDTH="98" HEIGHT="43" CONTENT="the" WC="0.99" CC="001"/>
						<SP ID="P78_SP00196" HPOS="1651" VPOS="2203" WIDTH="64"/>
						<String ID="P78_ST00219" HPOS="1715" VPOS="2150" WIDTH="361" HEIGHT="52" CONTENT="quadrangle," WC="0.99" CC="03000700833"/>
						<SP ID="P78_SP00197" HPOS="2076" VPOS="2203" WIDTH="29"/>
						<String ID="P78_ST00220" HPOS="2105" VPOS="2151" WIDTH="97" HEIGHT="41" CONTENT="the" WC="0.94" CC="079"/>
						<SP ID="P78_SP00198" HPOS="2202" VPOS="2203" WIDTH="66"/>
						<String ID="P78_ST00221" HPOS="2268" VPOS="2150" WIDTH="171" HEIGHT="52" CONTENT="Duke;" WC="0.97" CC="73038"/>
					</TextLine>
					<TextLine ID="P78_TL00024" HPOS="162" VPOS="2236" WIDTH="2277" HEIGHT="54">
						<String ID="P78_ST00222" HPOS="162" VPOS="2240" WIDTH="238" HEIGHT="50" CONTENT="Escalus," WC="0.68" CC="50506204"/>
						<SP ID="P78_SP00199" HPOS="400" VPOS="2290" WIDTH="33"/>
						<String ID="P78_ST00223" HPOS="433" VPOS="2239" WIDTH="166" HEIGHT="49" CONTENT="lords," WC="0.98" CC="860004"/>
						<SP ID="P78_SP00200" HPOS="599" VPOS="2290" WIDTH="32"/>
						<String ID="P78_ST00224" HPOS="631" VPOS="2237" WIDTH="105" HEIGHT="42" CONTENT="and" WC="0.99" CC="030"/>
						<SP ID="P78_SP00201" HPOS="736" VPOS="2290" WIDTH="35"/>
						<String ID="P78_ST00225" HPOS="771" VPOS="2239" WIDTH="325" HEIGHT="42" CONTENT="attendants" WC="0.99" CC="0800100700"/>
						<SP ID="P78_SP00202" HPOS="1096" VPOS="2290" WIDTH="34"/>
						<String ID="P78_ST00226" HPOS="1130" VPOS="2237" WIDTH="179" HEIGHT="44" CONTENT="would" WC="0.98" CC="00460"/>
						<SP ID="P78_SP00203" HPOS="1309" VPOS="2290" WIDTH="34"/>
						<String ID="P78_ST00227" HPOS="1343" VPOS="2239" WIDTH="234" HEIGHT="42" CONTENT="descend" WC="1.00" CC="0000000"/>
						<SP ID="P78_SP00204" HPOS="1577" VPOS="2290" WIDTH="36"/>
						<String ID="P78_ST00228" HPOS="1613" VPOS="2240" WIDTH="58" HEIGHT="39" CONTENT="at" WC="0.61" CC="07"/>
						<SP ID="P78_SP00205" HPOS="1671" VPOS="2290" WIDTH="33"/>
						<String ID="P78_ST00229" HPOS="1704" VPOS="2239" WIDTH="97" HEIGHT="42" CONTENT="the" WC="0.99" CC="003"/>
						<SP ID="P78_SP00206" HPOS="1801" VPOS="2290" WIDTH="33"/>
						<String ID="P78_ST00230" HPOS="1834" VPOS="2240" WIDTH="110" HEIGHT="41" CONTENT="rise" WC="0.99" CC="0201"/>
						<SP ID="P78_SP00207" HPOS="1944" VPOS="2290" WIDTH="34"/>
						<String ID="P78_ST00231" HPOS="1978" VPOS="2236" WIDTH="56" HEIGHT="45" CONTENT="of" WC="0.62" CC="07"/>
						<SP ID="P78_SP00208" HPOS="2034" VPOS="2290" WIDTH="32"/>
						<String ID="P78_ST00232" HPOS="2066" VPOS="2240" WIDTH="96" HEIGHT="41" CONTENT="the" WC="1.00" CC="000"/>
						<SP ID="P78_SP00209" HPOS="2162" VPOS="2290" WIDTH="37"/>
						<String ID="P78_ST00233" HPOS="2199" VPOS="2240" WIDTH="240" HEIGHT="44" CONTENT="curtain." WC="0.99" CC="43060404"/>
					</TextLine>
					<TextLine ID="P78_TL00025" HPOS="164" VPOS="2326" WIDTH="2273" HEIGHT="59">
						<String ID="P78_ST00234" HPOS="164" VPOS="2334" WIDTH="19" HEIGHT="42" CONTENT="I" WC="0.34" CC="6" STYLEREFS="TXT_3"/>
						<SP ID="P78_SP00210" HPOS="183" VPOS="2376" WIDTH="35"/>
						<String ID="P78_ST00235" HPOS="218" VPOS="2331" WIDTH="121" HEIGHT="54" CONTENT="give" WC="0.97" CC="0806"/>
						<SP ID="P78_SP00211" HPOS="339" VPOS="2385" WIDTH="45"/>
						<String ID="P78_ST00236" HPOS="384" VPOS="2342" WIDTH="31" HEIGHT="30" CONTENT="a" WC="0.45" CC="5"/>
						<SP ID="P78_SP00212" HPOS="415" VPOS="2385" WIDTH="47"/>
						<String ID="P78_ST00237" HPOS="462" VPOS="2326" WIDTH="353" HEIGHT="54" CONTENT="sketch-plan" WC="0.99" CC="06300540792"/>
						<SP ID="P78_SP00213" HPOS="815" VPOS="2385" WIDTH="65"/>
						<String ID="P78_ST00238" HPOS="880" VPOS="2326" WIDTH="56" HEIGHT="44" CONTENT="in" WC="0.54" CC="53"/>
						<SP ID="P78_SP00214" HPOS="936" VPOS="2385" WIDTH="56"/>
						<String ID="P78_ST00239" HPOS="992" VPOS="2326" WIDTH="113" HEIGHT="54" CONTENT="Fig." WC="0.97" CC="6603"/>
						<SP ID="P78_SP00215" HPOS="1105" VPOS="2385" WIDTH="34"/>
						<String ID="P78_ST00240" HPOS="1139" VPOS="2326" WIDTH="15" HEIGHT="42" CONTENT="1" WC="0.56" CC="4" STYLEREFS="TXT_3"/>
						<SP ID="P78_SP00216" HPOS="1154" VPOS="2385" WIDTH="34"/>
						<String ID="P78_ST00241" HPOS="1188" VPOS="2326" WIDTH="252" HEIGHT="52" CONTENT="showing" WC="0.99" CC="0070510"/>
						<SP ID="P78_SP00217" HPOS="1440" VPOS="2385" WIDTH="62"/>
						<String ID="P78_ST00242" HPOS="1502" VPOS="2328" WIDTH="97" HEIGHT="42" CONTENT="the" WC="0.97" CC="800"/>
						<SP ID="P78_SP00218" HPOS="1599" VPOS="2385" WIDTH="64"/>
						<String ID="P78_ST00243" HPOS="1663" VPOS="2328" WIDTH="185" HEIGHT="43" CONTENT="actual" WC="0.98" CC="005485"/>
						<SP ID="P78_SP00219" HPOS="1848" VPOS="2385" WIDTH="64"/>
						<String ID="P78_ST00244" HPOS="1912" VPOS="2328" WIDTH="247" HEIGHT="53" CONTENT="position" WC="0.98" CC="95072057"/>
						<SP ID="P78_SP00220" HPOS="2159" VPOS="2385" WIDTH="64"/>
						<String ID="P78_ST00245" HPOS="2223" VPOS="2328" WIDTH="56" HEIGHT="43" CONTENT="of" WC="0.41" CC="47"/>
						<SP ID="P78_SP00221" HPOS="2279" VPOS="2385" WIDTH="61"/>
						<String ID="P78_ST00246" HPOS="2340" VPOS="2330" WIDTH="97" HEIGHT="43" CONTENT="the" WC="0.97" CC="007"/>
					</TextLine>
					<TextLine ID="P78_TL00026" HPOS="162" VPOS="2414" WIDTH="2275" HEIGHT="58">
						<String ID="P78_ST00247" HPOS="162" VPOS="2422" WIDTH="142" HEIGHT="44" CONTENT="exits" WC="0.97" CC="48160"/>
						<SP ID="P78_SP00222" HPOS="304" VPOS="2466" WIDTH="34"/>
						<String ID="P78_ST00248" HPOS="338" VPOS="2419" WIDTH="59" HEIGHT="53" CONTENT="E," WC="0.30" CC="67"/>
						<SP ID="P78_SP00223" HPOS="397" VPOS="2472" WIDTH="60"/>
						<String ID="P78_ST00249" HPOS="457" VPOS="2420" WIDTH="265" HEIGHT="42" CONTENT="staircase" WC="1.00" CC="000000080"/>
						<SP ID="P78_SP00224" HPOS="722" VPOS="2472" WIDTH="63"/>
						<String ID="P78_ST00250" HPOS="785" VPOS="2418" WIDTH="54" HEIGHT="51" CONTENT="S," WC="0.77" CC="22"/>
						<SP ID="P78_SP00225" HPOS="839" VPOS="2472" WIDTH="62"/>
						<String ID="P78_ST00251" HPOS="901" VPOS="2418" WIDTH="106" HEIGHT="42" CONTENT="and" WC="1.00" CC="000"/>
						<SP ID="P78_SP00226" HPOS="1007" VPOS="2472" WIDTH="62"/>
						<String ID="P78_ST00252" HPOS="1069" VPOS="2417" WIDTH="98" HEIGHT="41" CONTENT="the" WC="1.00" CC="000"/>
						<SP ID="P78_SP00227" HPOS="1167" VPOS="2472" WIDTH="48"/>
						<String ID="P78_ST00253" HPOS="1215" VPOS="2415" WIDTH="191" HEIGHT="54" CONTENT="pillars" WC="0.99" CC="0077000"/>
						<SP ID="P78_SP00228" HPOS="1406" VPOS="2472" WIDTH="53"/>
						<String ID="P78_ST00254" HPOS="1459" VPOS="2414" WIDTH="56" HEIGHT="46" CONTENT="of" WC="0.19" CC="87"/>
						<SP ID="P78_SP00229" HPOS="1515" VPOS="2472" WIDTH="30"/>
						<String ID="P78_ST00255" HPOS="1545" VPOS="2418" WIDTH="98" HEIGHT="42" CONTENT="the" WC="0.95" CC="551"/>
						<SP ID="P78_SP00230" HPOS="1643" VPOS="2472" WIDTH="33"/>
						<String ID="P78_ST00256" HPOS="1676" VPOS="2418" WIDTH="225" HEIGHT="42" CONTENT="cloister" WC="1.00" CC="06400000"/>
						<SP ID="P78_SP00231" HPOS="1901" VPOS="2472" WIDTH="32"/>
						<String ID="P78_ST00257" HPOS="1933" VPOS="2418" WIDTH="377" HEIGHT="53" CONTENT="surrounding" WC="0.99" CC="00006570650"/>
						<SP ID="P78_SP00232" HPOS="2310" VPOS="2472" WIDTH="33"/>
						<String ID="P78_ST00258" HPOS="2343" VPOS="2419" WIDTH="94" HEIGHT="43" CONTENT="the" WC="0.99" CC="020"/>
					</TextLine>
					<TextLine ID="P78_TL00027" HPOS="164" VPOS="2505" WIDTH="2274" HEIGHT="58">
						<String ID="P78_ST00259" HPOS="164" VPOS="2507" WIDTH="332" HEIGHT="56" CONTENT="quadrangle" WC="0.99" CC="0004007950"/>
						<SP ID="P78_SP00233" HPOS="496" VPOS="2563" WIDTH="50"/>
						<String ID="P78_ST00260" HPOS="546" VPOS="2518" WIDTH="61" HEIGHT="31" CONTENT="or" WC="0.69" CC="14"/>
						<SP ID="P78_SP00234" HPOS="607" VPOS="2563" WIDTH="34"/>
						<String ID="P78_ST00261" HPOS="641" VPOS="2509" WIDTH="160" HEIGHT="41" CONTENT="court" WC="1.00" CC="00000"/>
						<SP ID="P78_SP00235" HPOS="801" VPOS="2563" WIDTH="32"/>
						<String ID="P78_ST00262" HPOS="833" VPOS="2507" WIDTH="54" HEIGHT="52" CONTENT="C," WC="0.57" CC="62"/>
						<SP ID="P78_SP00236" HPOS="887" VPOS="2563" WIDTH="33"/>
						<String ID="P78_ST00263" HPOS="920" VPOS="2508" WIDTH="53" HEIGHT="41" CONTENT="M" WC="0.22" CC="7"/>
						<SP ID="P78_SP00237" HPOS="973" VPOS="2563" WIDTH="33"/>
						<String ID="P78_ST00264" HPOS="1006" VPOS="2507" WIDTH="39" HEIGHT="42" CONTENT="N" WC="0.82" CC="1"/>
						<SP ID="P78_SP00238" HPOS="1045" VPOS="2563" WIDTH="37"/>
						<String ID="P78_ST00265" HPOS="1082" VPOS="2507" WIDTH="44" HEIGHT="40" CONTENT="is" WC="0.60" CC="70"/>
						<SP ID="P78_SP00239" HPOS="1126" VPOS="2563" WIDTH="33"/>
						<String ID="P78_ST00266" HPOS="1159" VPOS="2505" WIDTH="94" HEIGHT="42" CONTENT="the" WC="0.98" CC="400"/>
						<SP ID="P78_SP00240" HPOS="1253" VPOS="2563" WIDTH="33"/>
						<String ID="P78_ST00267" HPOS="1286" VPOS="2505" WIDTH="365" HEIGHT="53" CONTENT="proscenium." WC="1.00" CC="00400200302"/>
						<SP ID="P78_SP00241" HPOS="1651" VPOS="2563" WIDTH="52"/>
						<String ID="P78_ST00268" HPOS="1703" VPOS="2507" WIDTH="197" HEIGHT="43" CONTENT="Where" WC="0.99" CC="05030"/>
						<SP ID="P78_SP00242" HPOS="1900" VPOS="2563" WIDTH="44"/>
						<String ID="P78_ST00269" HPOS="1944" VPOS="2508" WIDTH="160" HEIGHT="42" CONTENT="there" WC="0.97" CC="37054"/>
						<SP ID="P78_SP00243" HPOS="2104" VPOS="2563" WIDTH="50"/>
						<String ID="P78_ST00270" HPOS="2154" VPOS="2509" WIDTH="44" HEIGHT="41" CONTENT="is" WC="0.60" CC="70"/>
						<SP ID="P78_SP00244" HPOS="2198" VPOS="2563" WIDTH="50"/>
						<String ID="P78_ST00271" HPOS="2248" VPOS="2507" WIDTH="190" HEIGHT="53" CONTENT="plenty" WC="0.98" CC="044720"/>
					</TextLine>
					<TextLine ID="P78_TL00028" HPOS="164" VPOS="2596" WIDTH="2274" HEIGHT="53">
						<String ID="P78_ST00272" HPOS="164" VPOS="2597" WIDTH="54" HEIGHT="44" CONTENT="of" WC="0.63" CC="07"/>
						<SP ID="P78_SP00245" HPOS="218" VPOS="2641" WIDTH="32"/>
						<String ID="P78_ST00273" HPOS="250" VPOS="2597" WIDTH="165" HEIGHT="51" CONTENT="depth" WC="0.97" CC="04950"/>
						<SP ID="P78_SP00246" HPOS="415" VPOS="2648" WIDTH="36"/>
						<String ID="P78_ST00274" HPOS="451" VPOS="2607" WIDTH="69" HEIGHT="32" CONTENT="on" WC="0.47" CC="45"/>
						<SP ID="P78_SP00247" HPOS="520" VPOS="2648" WIDTH="33"/>
						<String ID="P78_ST00275" HPOS="553" VPOS="2596" WIDTH="97" HEIGHT="43" CONTENT="the" WC="1.00" CC="000"/>
						<SP ID="P78_SP00248" HPOS="650" VPOS="2648" WIDTH="33"/>
						<String ID="P78_ST00276" HPOS="683" VPOS="2597" WIDTH="156" HEIGHT="51" CONTENT="stage" WC="0.98" CC="00094"/>
						<SP ID="P78_SP00249" HPOS="839" VPOS="2648" WIDTH="32"/>
						<String ID="P78_ST00277" HPOS="871" VPOS="2597" WIDTH="95" HEIGHT="41" CONTENT="the" WC="0.96" CC="062"/>
						<SP ID="P78_SP00250" HPOS="966" VPOS="2648" WIDTH="50"/>
						<String ID="P78_ST00278" HPOS="1016" VPOS="2596" WIDTH="161" HEIGHT="43" CONTENT="court" WC="0.99" CC="21005"/>
						<SP ID="P78_SP00251" HPOS="1177" VPOS="2648" WIDTH="43"/>
						<String ID="P78_ST00279" HPOS="1220" VPOS="2606" WIDTH="123" HEIGHT="42" CONTENT="may" WC="0.96" CC="090"/>
						<SP ID="P78_SP00252" HPOS="1343" VPOS="2648" WIDTH="32"/>
						<String ID="P78_ST00280" HPOS="1375" VPOS="2596" WIDTH="65" HEIGHT="42" CONTENT="be" WC="0.73" CC="50"/>
						<SP ID="P78_SP00253" HPOS="1440" VPOS="2648" WIDTH="34"/>
						<String ID="P78_ST00281" HPOS="1474" VPOS="2597" WIDTH="87" HEIGHT="41" CONTENT="set" WC="0.97" CC="024"/>
						<SP ID="P78_SP00254" HPOS="1561" VPOS="2648" WIDTH="31"/>
						<String ID="P78_ST00282" HPOS="1592" VPOS="2607" WIDTH="220" HEIGHT="42" CONTENT="square," WC="0.98" CC="0409061"/>
						<SP ID="P78_SP00255" HPOS="1812" VPOS="2649" WIDTH="34"/>
						<String ID="P78_ST00283" HPOS="1846" VPOS="2597" WIDTH="97" HEIGHT="42" CONTENT="the" WC="0.97" CC="051"/>
						<SP ID="P78_SP00256" HPOS="1943" VPOS="2649" WIDTH="33"/>
						<String ID="P78_ST00284" HPOS="1976" VPOS="2597" WIDTH="264" HEIGHT="42" CONTENT="staircase" WC="0.99" CC="020591716"/>
						<SP ID="P78_SP00257" HPOS="2240" VPOS="2649" WIDTH="36"/>
						<String ID="P78_ST00285" HPOS="2276" VPOS="2598" WIDTH="162" HEIGHT="51" CONTENT="being" WC="0.95" CC="74779"/>
					</TextLine>
					<TextLine ID="P78_TL00029" HPOS="161" VPOS="2683" WIDTH="2277" HEIGHT="55">
						<String ID="P78_ST00286" HPOS="161" VPOS="2688" WIDTH="57" HEIGHT="42" CONTENT="at" WC="1.00" CC="00"/>
						<SP ID="P78_SP00258" HPOS="218" VPOS="2730" WIDTH="32"/>
						<String ID="P78_ST00287" HPOS="250" VPOS="2687" WIDTH="96" HEIGHT="42" CONTENT="the" WC="0.98" CC="040"/>
						<SP ID="P78_SP00259" HPOS="346" VPOS="2730" WIDTH="52"/>
						<String ID="P78_ST00288" HPOS="398" VPOS="2685" WIDTH="155" HEIGHT="53" CONTENT="back," WC="0.98" CC="49004"/>
						<SP ID="P78_SP00260" HPOS="553" VPOS="2738" WIDTH="52"/>
						<String ID="P78_ST00289" HPOS="605" VPOS="2697" WIDTH="60" HEIGHT="32" CONTENT="as" WC="1.00" CC="00"/>
						<SP ID="P78_SP00261" HPOS="665" VPOS="2738" WIDTH="52"/>
						<String ID="P78_ST00290" HPOS="717" VPOS="2686" WIDTH="57" HEIGHT="42" CONTENT="in" WC="0.67" CC="60"/>
						<SP ID="P78_SP00262" HPOS="774" VPOS="2738" WIDTH="55"/>
						<String ID="P78_ST00291" HPOS="829" VPOS="2685" WIDTH="267" HEIGHT="53" CONTENT="diagram," WC="0.98" CC="06804992"/>
						<SP ID="P78_SP00263" HPOS="1096" VPOS="2738" WIDTH="54"/>
						<String ID="P78_ST00292" HPOS="1150" VPOS="2683" WIDTH="113" HEIGHT="55" CONTENT="Fig." WC="0.96" CC="7504"/>
						<SP ID="P78_SP00264" HPOS="1263" VPOS="2738" WIDTH="55"/>
						<String ID="P78_ST00293" HPOS="1318" VPOS="2683" WIDTH="56" HEIGHT="43" CONTENT="11." WC="0.64" CC="064"/>
						<SP ID="P78_SP00265" HPOS="1374" VPOS="2738" WIDTH="53"/>
						<String ID="P78_ST00294" HPOS="1427" VPOS="2683" WIDTH="109" HEIGHT="45" CONTENT="The" WC="0.97" CC="053"/>
						<SP ID="P78_SP00266" HPOS="1536" VPOS="2738" WIDTH="55"/>
						<String ID="P78_ST00295" HPOS="1591" VPOS="2686" WIDTH="377" HEIGHT="42" CONTENT="architecture" WC="0.99" CC="990020000403"/>
						<SP ID="P78_SP00267" HPOS="1968" VPOS="2738" WIDTH="50"/>
						<String ID="P78_ST00296" HPOS="2018" VPOS="2683" WIDTH="54" HEIGHT="45" CONTENT="of" WC="0.42" CC="47"/>
						<SP ID="P78_SP00268" HPOS="2072" VPOS="2738" WIDTH="33"/>
						<String ID="P78_ST00297" HPOS="2105" VPOS="2686" WIDTH="94" HEIGHT="42" CONTENT="the" WC="0.97" CC="700"/>
						<SP ID="P78_SP00269" HPOS="2199" VPOS="2738" WIDTH="52"/>
						<String ID="P78_ST00298" HPOS="2251" VPOS="2685" WIDTH="187" HEIGHT="52" CONTENT="palace" WC="0.96" CC="997964"/>
					</TextLine>
					<TextLine ID="P78_TL00030" HPOS="158" VPOS="2773" WIDTH="2280" HEIGHT="56">
						<String ID="P78_ST00299" HPOS="158" VPOS="2777" WIDTH="50" HEIGHT="43" CONTENT="is" WC="0.59" CC="80"/>
						<SP ID="P78_SP00270" HPOS="208" VPOS="2820" WIDTH="33"/>
						<String ID="P78_ST00300" HPOS="241" VPOS="2776" WIDTH="196" HEIGHT="43" CONTENT="Gothic" WC="0.97" CC="628172"/>
						<SP ID="P78_SP00271" HPOS="437" VPOS="2820" WIDTH="31"/>
						<String ID="P78_ST00301" HPOS="468" VPOS="2775" WIDTH="55" HEIGHT="44" CONTENT="of" WC="0.75" CC="04"/>
						<SP ID="P78_SP00272" HPOS="523" VPOS="2820" WIDTH="32"/>
						<String ID="P78_ST00302" HPOS="555" VPOS="2777" WIDTH="96" HEIGHT="41" CONTENT="the" WC="0.97" CC="045"/>
						<SP ID="P78_SP00273" HPOS="651" VPOS="2820" WIDTH="52"/>
						<String ID="P78_ST00303" HPOS="703" VPOS="2773" WIDTH="327" HEIGHT="46" CONTENT="fourteenth" WC="1.00" CC="0400003400"/>
						<SP ID="P78_SP00274" HPOS="1030" VPOS="2820" WIDTH="54"/>
						<String ID="P78_ST00304" HPOS="1084" VPOS="2776" WIDTH="254" HEIGHT="53" CONTENT="century." WC="1.00" CC="10204002"/>
						<SP ID="P78_SP00275" HPOS="1338" VPOS="2829" WIDTH="54"/>
						<String ID="P78_ST00305" HPOS="1392" VPOS="2775" WIDTH="110" HEIGHT="42" CONTENT="The" WC="0.99" CC="001"/>
						<SP ID="P78_SP00276" HPOS="1502" VPOS="2829" WIDTH="53"/>
						<String ID="P78_ST00306" HPOS="1555" VPOS="2773" WIDTH="252" HEIGHT="55" CONTENT="building" WC="0.99" CC="60006340"/>
						<SP ID="P78_SP00277" HPOS="1807" VPOS="2829" WIDTH="35"/>
						<String ID="P78_ST00307" HPOS="1842" VPOS="2777" WIDTH="44" HEIGHT="41" CONTENT="is" WC="0.75" CC="40"/>
						<SP ID="P78_SP00278" HPOS="1886" VPOS="2829" WIDTH="35"/>
						<String ID="P78_ST00308" HPOS="1921" VPOS="2773" WIDTH="56" HEIGHT="45" CONTENT="of" WC="0.82" CC="30"/>
						<SP ID="P78_SP00279" HPOS="1977" VPOS="2829" WIDTH="32"/>
						<String ID="P78_ST00309" HPOS="2009" VPOS="2777" WIDTH="159" HEIGHT="41" CONTENT="three" WC="0.95" CC="56985"/>
						<SP ID="P78_SP00280" HPOS="2168" VPOS="2829" WIDTH="35"/>
						<String ID="P78_ST00310" HPOS="2203" VPOS="2779" WIDTH="235" HEIGHT="49" CONTENT="storeys," WC="0.99" CC="00000672"/>
					</TextLine>
					<TextLine ID="P78_TL00031" HPOS="160" VPOS="2864" WIDTH="2278" HEIGHT="54">
						<String ID="P78_ST00311" HPOS="160" VPOS="2867" WIDTH="104" HEIGHT="44" CONTENT="and" WC="1.00" CC="000"/>
						<SP ID="P78_SP00281" HPOS="264" VPOS="2911" WIDTH="35"/>
						<String ID="P78_ST00312" HPOS="299" VPOS="2867" WIDTH="45" HEIGHT="42" CONTENT="is" WC="1.00" CC="00"/>
						<SP ID="P78_SP00282" HPOS="344" VPOS="2911" WIDTH="48"/>
						<String ID="P78_ST00313" HPOS="392" VPOS="2865" WIDTH="200" HEIGHT="43" CONTENT="almost" WC="0.98" CC="040506"/>
						<SP ID="P78_SP00283" HPOS="592" VPOS="2911" WIDTH="46"/>
						<String ID="P78_ST00314" HPOS="638" VPOS="2865" WIDTH="242" HEIGHT="53" CONTENT="entirely" WC="0.99" CC="43040050"/>
						<SP ID="P78_SP00284" HPOS="880" VPOS="2918" WIDTH="49"/>
						<String ID="P78_ST00315" HPOS="929" VPOS="2866" WIDTH="353" HEIGHT="42" CONTENT="constructed" WC="0.99" CC="33320005030"/>
						<SP ID="P78_SP00285" HPOS="1282" VPOS="2918" WIDTH="50"/>
						<String ID="P78_ST00316" HPOS="1332" VPOS="2864" WIDTH="53" HEIGHT="44" CONTENT="of" WC="0.51" CC="09"/>
						<SP ID="P78_SP00286" HPOS="1385" VPOS="2918" WIDTH="49"/>
						<String ID="P78_ST00317" HPOS="1434" VPOS="2865" WIDTH="95" HEIGHT="42" CONTENT="red" WC="0.98" CC="050"/>
						<SP ID="P78_SP00287" HPOS="1529" VPOS="2918" WIDTH="56"/>
						<String ID="P78_ST00318" HPOS="1585" VPOS="2864" WIDTH="172" HEIGHT="43" CONTENT="brick." WC="0.99" CC="607000"/>
						<SP ID="P78_SP00288" HPOS="1757" VPOS="2918" WIDTH="35"/>
						<String ID="P78_ST00319" HPOS="1792" VPOS="2865" WIDTH="110" HEIGHT="43" CONTENT="The" WC="0.98" CC="060"/>
						<SP ID="P78_SP00289" HPOS="1902" VPOS="2918" WIDTH="37"/>
						<String ID="P78_ST00320" HPOS="1939" VPOS="2864" WIDTH="169" HEIGHT="44" CONTENT="hooks" WC="0.99" CC="51000"/>
						<SP ID="P78_SP00290" HPOS="2108" VPOS="2918" WIDTH="35"/>
						<String ID="P78_ST00321" HPOS="2143" VPOS="2866" WIDTH="106" HEIGHT="42" CONTENT="and" WC="0.97" CC="060"/>
						<SP ID="P78_SP00291" HPOS="2249" VPOS="2918" WIDTH="35"/>
						<String ID="P78_ST00322" HPOS="2284" VPOS="2867" WIDTH="154" HEIGHT="51" CONTENT="rings" WC="0.98" CC="36600"/>
					</TextLine>
					<TextLine ID="P78_TL00032" HPOS="158" VPOS="2953" WIDTH="2279" HEIGHT="54">
						<String ID="P78_ST00323" HPOS="158" VPOS="2954" WIDTH="88" HEIGHT="44" CONTENT="for" WC="0.97" CC="700"/>
						<SP ID="P78_SP00292" HPOS="246" VPOS="2998" WIDTH="32"/>
						<String ID="P78_ST00324" HPOS="278" VPOS="2956" WIDTH="94" HEIGHT="42" CONTENT="the" WC="0.95" CC="264"/>
						<SP ID="P78_SP00293" HPOS="372" VPOS="2998" WIDTH="34"/>
						<String ID="P78_ST00325" HPOS="406" VPOS="2965" WIDTH="160" HEIGHT="42" CONTENT="ropes" WC="1.00" CC="00030"/>
						<SP ID="P78_SP00294" HPOS="566" VPOS="3007" WIDTH="33"/>
						<String ID="P78_ST00326" HPOS="599" VPOS="2955" WIDTH="107" HEIGHT="42" CONTENT="and" WC="0.98" CC="004"/>
						<SP ID="P78_SP00295" HPOS="706" VPOS="3007" WIDTH="34"/>
						<String ID="P78_ST00327" HPOS="740" VPOS="2954" WIDTH="151" HEIGHT="52" CONTENT="poles" WC="0.99" CC="00510"/>
						<SP ID="P78_SP00296" HPOS="891" VPOS="3007" WIDTH="35"/>
						<String ID="P78_ST00328" HPOS="926" VPOS="2953" WIDTH="54" HEIGHT="44" CONTENT="of" WC="1.00" CC="00"/>
						<SP ID="P78_SP00297" HPOS="980" VPOS="3007" WIDTH="32"/>
						<String ID="P78_ST00329" HPOS="1012" VPOS="2955" WIDTH="95" HEIGHT="42" CONTENT="the" WC="0.98" CC="600"/>
						<SP ID="P78_SP00298" HPOS="1107" VPOS="3007" WIDTH="48"/>
						<String ID="P78_ST00330" HPOS="1155" VPOS="2955" WIDTH="249" HEIGHT="51" CONTENT="awnings" WC="0.99" CC="0705600"/>
						<SP ID="P78_SP00299" HPOS="1404" VPOS="3007" WIDTH="54"/>
						<String ID="P78_ST00331" HPOS="1458" VPOS="2965" WIDTH="62" HEIGHT="31" CONTENT="or" WC="0.77" CC="04"/>
						<SP ID="P78_SP00300" HPOS="1520" VPOS="3007" WIDTH="34"/>
						<String ID="P78_ST00332" HPOS="1554" VPOS="2954" WIDTH="181" HEIGHT="43" CONTENT="blinds" WC="0.97" CC="657600"/>
						<SP ID="P78_SP00301" HPOS="1735" VPOS="3007" WIDTH="31"/>
						<String ID="P78_ST00333" HPOS="1766" VPOS="2955" WIDTH="59" HEIGHT="42" CONTENT="to" WC="1.00" CC="00"/>
						<SP ID="P78_SP00302" HPOS="1825" VPOS="3007" WIDTH="34"/>
						<String ID="P78_ST00334" HPOS="1859" VPOS="2954" WIDTH="96" HEIGHT="43" CONTENT="the" WC="0.97" CC="033"/>
						<SP ID="P78_SP00303" HPOS="1955" VPOS="3007" WIDTH="36"/>
						<String ID="P78_ST00335" HPOS="1991" VPOS="2954" WIDTH="147" HEIGHT="43" CONTENT="main" WC="0.96" CC="2907"/>
						<SP ID="P78_SP00304" HPOS="2138" VPOS="3007" WIDTH="35"/>
						<String ID="P78_ST00336" HPOS="2173" VPOS="2954" WIDTH="264" HEIGHT="44" CONTENT="windows" WC="1.00" CC="6000000"/>
					</TextLine>
					<TextLine ID="P78_TL00033" HPOS="160" VPOS="3040" WIDTH="2278" HEIGHT="56">
						<String ID="P78_ST00337" HPOS="160" VPOS="3055" WIDTH="68" HEIGHT="32" CONTENT="on" WC="0.94" CC="10"/>
						<SP ID="P78_SP00305" HPOS="228" VPOS="3087" WIDTH="35"/>
						<String ID="P78_ST00338" HPOS="263" VPOS="3045" WIDTH="95" HEIGHT="42" CONTENT="the" WC="0.94" CC="934"/>
						<SP ID="P78_SP00306" HPOS="358" VPOS="3087" WIDTH="32"/>
						<String ID="P78_ST00339" HPOS="390" VPOS="3041" WIDTH="301" HEIGHT="46" CONTENT="first-floor" WC="0.99" CC="05005403300"/>
						<SP ID="P78_SP00307" HPOS="691" VPOS="3087" WIDTH="31"/>
						<String ID="P78_ST00340" HPOS="722" VPOS="3043" WIDTH="117" HEIGHT="43" CONTENT="still" WC="0.98" CC="04065"/>
						<SP ID="P78_SP00308" HPOS="839" VPOS="3087" WIDTH="33"/>
						<String ID="P78_ST00341" HPOS="872" VPOS="3045" WIDTH="233" HEIGHT="50" CONTENT="remain," WC="0.99" CC="0307004"/>
						<SP ID="P78_SP00309" HPOS="1105" VPOS="3095" WIDTH="49"/>
						<String ID="P78_ST00342" HPOS="1154" VPOS="3044" WIDTH="106" HEIGHT="42" CONTENT="and" WC="0.96" CC="900"/>
						<SP ID="P78_SP00310" HPOS="1260" VPOS="3095" WIDTH="48"/>
						<String ID="P78_ST00343" HPOS="1308" VPOS="3043" WIDTH="96" HEIGHT="42" CONTENT="the" WC="0.97" CC="035"/>
						<SP ID="P78_SP00311" HPOS="1404" VPOS="3095" WIDTH="33"/>
						<String ID="P78_ST00344" HPOS="1437" VPOS="3044" WIDTH="130" HEIGHT="41" CONTENT="bare" WC="0.98" CC="7010"/>
						<SP ID="P78_SP00312" HPOS="1567" VPOS="3095" WIDTH="37"/>
						<String ID="P78_ST00345" HPOS="1604" VPOS="3043" WIDTH="250" HEIGHT="42" CONTENT="mention" WC="1.00" CC="0030120"/>
						<SP ID="P78_SP00313" HPOS="1854" VPOS="3095" WIDTH="37"/>
						<String ID="P78_ST00346" HPOS="1891" VPOS="3040" WIDTH="54" HEIGHT="45" CONTENT="of" WC="0.69" CC="06"/>
						<SP ID="P78_SP00314" HPOS="1945" VPOS="3095" WIDTH="33"/>
						<String ID="P78_ST00347" HPOS="1978" VPOS="3044" WIDTH="134" HEIGHT="42" CONTENT="such" WC="0.98" CC="0047"/>
						<SP ID="P78_SP00315" HPOS="2112" VPOS="3095" WIDTH="35"/>
						<String ID="P78_ST00348" HPOS="2147" VPOS="3043" WIDTH="189" HEIGHT="53" CONTENT="things" WC="0.98" CC="020794"/>
						<SP ID="P78_SP00316" HPOS="2336" VPOS="3096" WIDTH="58"/>
						<String ID="P78_ST00349" HPOS="2394" VPOS="3044" WIDTH="44" HEIGHT="43" CONTENT="is" WC="0.65" CC="70"/>
					</TextLine>
					<TextLine ID="P78_TL00034" HPOS="160" VPOS="3132" WIDTH="2279" HEIGHT="55">
						<String ID="P78_ST00350" HPOS="160" VPOS="3134" WIDTH="153" HEIGHT="53" CONTENT="quite" WC="0.99" CC="00060"/>
						<SP ID="P78_SP00317" HPOS="313" VPOS="3187" WIDTH="33"/>
						<String ID="P78_ST00351" HPOS="346" VPOS="3132" WIDTH="286" HEIGHT="45" CONTENT="sufficient" WC="0.99" CC="0005605005"/>
						<SP ID="P78_SP00318" HPOS="632" VPOS="3187" WIDTH="32"/>
						<String ID="P78_ST00352" HPOS="664" VPOS="3135" WIDTH="60" HEIGHT="41" CONTENT="to" WC="0.70" CC="05"/>
						<SP ID="P78_SP00319" HPOS="724" VPOS="3187" WIDTH="63"/>
						<String ID="P78_ST00353" HPOS="787" VPOS="3135" WIDTH="229" HEIGHT="51" CONTENT="suggest" WC="1.00" CC="0000100"/>
						<SP ID="P78_SP00320" HPOS="1016" VPOS="3187" WIDTH="30"/>
						<String ID="P78_ST00354" HPOS="1046" VPOS="3135" WIDTH="57" HEIGHT="41" CONTENT="to" WC="0.89" CC="20"/>
						<SP ID="P78_SP00321" HPOS="1103" VPOS="3187" WIDTH="36"/>
						<String ID="P78_ST00355" HPOS="1139" VPOS="3144" WIDTH="105" HEIGHT="42" CONTENT="any" WC="0.98" CC="050"/>
						<SP ID="P78_SP00322" HPOS="1244" VPOS="3187" WIDTH="33"/>
						<String ID="P78_ST00356" HPOS="1277" VPOS="3132" WIDTH="395" HEIGHT="50" CONTENT="scenic-artist," WC="1.00" CC="00066040002064"/>
						<SP ID="P78_SP00323" HPOS="1672" VPOS="3187" WIDTH="24"/>
						<String ID="P78_ST00357" HPOS="1696" VPOS="3132" WIDTH="293" HEIGHT="53" CONTENT="deserving" WC="1.00" CC="000000230"/>
						<SP ID="P78_SP00324" HPOS="1989" VPOS="3187" WIDTH="21"/>
						<String ID="P78_ST00358" HPOS="2010" VPOS="3132" WIDTH="98" HEIGHT="41" CONTENT="the" WC="0.98" CC="050"/>
						<SP ID="P78_SP00325" HPOS="2108" VPOS="3187" WIDTH="27"/>
						<String ID="P78_ST00359" HPOS="2135" VPOS="3142" WIDTH="181" HEIGHT="40" CONTENT="name," WC="0.99" CC="50004"/>
						<SP ID="P78_SP00326" HPOS="2316" VPOS="3187" WIDTH="23"/>
						<String ID="P78_ST00360" HPOS="2339" VPOS="3133" WIDTH="100" HEIGHT="42" CONTENT="the" WC="0.96" CC="270"/>
					</TextLine>
					<TextLine ID="P78_TL00035" HPOS="160" VPOS="3220" WIDTH="1783" HEIGHT="56">
						<String ID="P78_ST00361" HPOS="160" VPOS="3224" WIDTH="287" HEIGHT="52" CONTENT="charming" WC="1.00" CC="00000009"/>
						<SP ID="P78_SP00327" HPOS="447" VPOS="3276" WIDTH="31"/>
						<String ID="P78_ST00362" HPOS="478" VPOS="3222" WIDTH="167" HEIGHT="45" CONTENT="effect" WC="0.99" CC="042000"/>
						<SP ID="P78_SP00328" HPOS="645" VPOS="3276" WIDTH="30"/>
						<String ID="P78_ST00363" HPOS="675" VPOS="3224" WIDTH="126" HEIGHT="43" CONTENT="that" WC="1.00" CC="0000"/>
						<SP ID="P78_SP00329" HPOS="801" VPOS="3276" WIDTH="32"/>
						<String ID="P78_ST00364" HPOS="833" VPOS="3224" WIDTH="133" HEIGHT="42" CONTENT="such" WC="0.99" CC="0103"/>
						<SP ID="P78_SP00330" HPOS="966" VPOS="3276" WIDTH="33"/>
						<String ID="P78_ST00365" HPOS="999" VPOS="3236" WIDTH="32" HEIGHT="30" CONTENT="a" WC="1.00" CC="0"/>
						<SP ID="P78_SP00331" HPOS="1031" VPOS="3276" WIDTH="32"/>
						<String ID="P78_ST00366" HPOS="1063" VPOS="3233" WIDTH="160" HEIGHT="33" CONTENT="scene" WC="0.99" CC="00440"/>
						<SP ID="P78_SP00332" HPOS="1223" VPOS="3276" WIDTH="34"/>
						<String ID="P78_ST00367" HPOS="1257" VPOS="3233" WIDTH="58" HEIGHT="32" CONTENT="as" WC="1.00" CC="00"/>
						<SP ID="P78_SP00333" HPOS="1315" VPOS="3276" WIDTH="35"/>
						<String ID="P78_ST00368" HPOS="1350" VPOS="3222" WIDTH="111" HEIGHT="43" CONTENT="this" WC="0.98" CC="0430"/>
						<SP ID="P78_SP00334" HPOS="1461" VPOS="3276" WIDTH="35"/>
						<String ID="P78_ST00369" HPOS="1496" VPOS="3220" WIDTH="178" HEIGHT="55" CONTENT="might" WC="0.96" CC="97912"/>
						<SP ID="P78_SP00335" HPOS="1674" VPOS="3276" WIDTH="31"/>
						<String ID="P78_ST00370" HPOS="1705" VPOS="3232" WIDTH="238" HEIGHT="42" CONTENT="possess." WC="1.00" CC="04000000"/>
						<SP ID="P78_SP00336" HPOS="1943" VPOS="3276" WIDTH="0"/>
					</TextLine>
					<TextLine ID="P78_TL00036" HPOS="254" VPOS="3309" WIDTH="2184" HEIGHT="58">
						<String ID="P78_ST00371" HPOS="254" VPOS="3314" WIDTH="285" HEIGHT="44" CONTENT="Measured" WC="0.99" CC="03006006"/>
						<SP ID="P78_SP00337" HPOS="539" VPOS="3358" WIDTH="55"/>
						<String ID="P78_ST00372" HPOS="594" VPOS="3313" WIDTH="304" HEIGHT="46" CONTENT="elevations" WC="1.00" CC="1300005500"/>
						<SP ID="P78_SP00338" HPOS="898" VPOS="3359" WIDTH="53"/>
						<String ID="P78_ST00373" HPOS="951" VPOS="3314" WIDTH="105" HEIGHT="44" CONTENT="and" WC="1.00" CC="000"/>
						<SP ID="P78_SP00339" HPOS="1056" VPOS="3359" WIDTH="55"/>
						<String ID="P78_ST00374" HPOS="1111" VPOS="3311" WIDTH="201" HEIGHT="44" CONTENT="details" WC="0.98" CC="8080180"/>
						<SP ID="P78_SP00340" HPOS="1312" VPOS="3359" WIDTH="54"/>
						<String ID="P78_ST00375" HPOS="1366" VPOS="3309" WIDTH="55" HEIGHT="46" CONTENT="of" WC="0.95" CC="00"/>
						<SP ID="P78_SP00341" HPOS="1421" VPOS="3359" WIDTH="51"/>
						<String ID="P78_ST00376" HPOS="1472" VPOS="3312" WIDTH="114" HEIGHT="44" CONTENT="this" WC="0.98" CC="0550"/>
						<SP ID="P78_SP00342" HPOS="1586" VPOS="3359" WIDTH="52"/>
						<String ID="P78_ST00377" HPOS="1638" VPOS="3312" WIDTH="208" HEIGHT="55" CONTENT="palace," WC="0.99" CC="0089200"/>
						<SP ID="P78_SP00343" HPOS="1846" VPOS="3367" WIDTH="32"/>
						<String ID="P78_ST00378" HPOS="1878" VPOS="3314" WIDTH="105" HEIGHT="41" CONTENT="and" WC="1.00" CC="000"/>
						<SP ID="P78_SP00344" HPOS="1983" VPOS="3367" WIDTH="37"/>
						<String ID="P78_ST00379" HPOS="2020" VPOS="3311" WIDTH="56" HEIGHT="44" CONTENT="of" WC="0.52" CC="17"/>
						<SP ID="P78_SP00345" HPOS="2076" VPOS="3367" WIDTH="31"/>
						<String ID="P78_ST00380" HPOS="2107" VPOS="3313" WIDTH="95" HEIGHT="42" CONTENT="the" WC="0.94" CC="673"/>
						<SP ID="P78_SP00346" HPOS="2202" VPOS="3367" WIDTH="35"/>
						<String ID="P78_ST00381" HPOS="2237" VPOS="3311" WIDTH="201" HEIGHT="44" CONTENT="almost" WC="0.98" CC="370600"/>
					</TextLine>
					<TextLine ID="P78_TL00037" HPOS="158" VPOS="3400" WIDTH="2281" HEIGHT="57">
						<String ID="P78_ST00382" HPOS="158" VPOS="3401" WIDTH="215" HEIGHT="56" CONTENT="equally" WC="0.99" CC="9000640"/>
						<SP ID="P78_SP00347" HPOS="373" VPOS="3457" WIDTH="50"/>
						<String ID="P78_ST00383" HPOS="423" VPOS="3402" WIDTH="336" HEIGHT="55" CONTENT="interesting" WC="0.99" CC="54000000019"/>
						<SP ID="P78_SP00348" HPOS="759" VPOS="3457" WIDTH="46"/>
						<String ID="P78_ST00384" HPOS="805" VPOS="3402" WIDTH="187" HEIGHT="53" CONTENT="palace" WC="0.98" CC="006055"/>
						<SP ID="P78_SP00349" HPOS="992" VPOS="3457" WIDTH="55"/>
						<String ID="P78_ST00385" HPOS="1047" VPOS="3402" WIDTH="387" HEIGHT="52" CONTENT="Buonsignori," WC="0.48" CC="556406942573"/>
						<SP ID="P78_SP00350" HPOS="1434" VPOS="3457" WIDTH="47"/>
						<String ID="P78_ST00386" HPOS="1481" VPOS="3412" WIDTH="95" HEIGHT="33" CONTENT="are" WC="0.96" CC="441"/>
						<SP ID="P78_SP00351" HPOS="1576" VPOS="3457" WIDTH="48"/>
						<String ID="P78_ST00387" HPOS="1624" VPOS="3402" WIDTH="160" HEIGHT="53" CONTENT="given" WC="0.97" CC="97004"/>
						<SP ID="P78_SP00352" HPOS="1784" VPOS="3457" WIDTH="52"/>
						<String ID="P78_ST00388" HPOS="1836" VPOS="3403" WIDTH="67" HEIGHT="51" CONTENT="by" WC="0.68" CC="60"/>
						<SP ID="P78_SP00353" HPOS="1903" VPOS="3457" WIDTH="50"/>
						<String ID="P78_ST00389" HPOS="1953" VPOS="3402" WIDTH="222" HEIGHT="42" CONTENT="Messrs." WC="0.99" CC="8004600"/>
						<SP ID="P78_SP00354" HPOS="2175" VPOS="3457" WIDTH="36"/>
						<String ID="P78_ST00390" HPOS="2211" VPOS="3400" WIDTH="228" HEIGHT="44" CONTENT="Verdier" WC="0.52" CC="3040896"/>
					</TextLine>
				</TextBlock>
			</PrintSpace>
		</Page>
	</Layout>
</alto>
