2588 3711
845 284 61 35 -0-
1044 274 341 52 FOREIGN

2324 282 86 56 381

189 391 61 29 or
282 377 303 53 forgetting
621 381 78 40 his
731 378 225 52 friends,
992 381 152 42 make
1168 392 116 31 new

185 466 227 52 friends,
445 468 94 41 the
572 467 209 43 friends
815 471 119 41 that
966 470 83 42 his
1097 467 156 54 imagi-

191 556 188 45 nation
400 555 106 43 will
529 557 134 42 have
687 559 256 49 conjured
966 568 67 39 up
1051 555 85 43 for
1155 559 126 39 him.

291 644 356 52 Particularly
669 645 326 51 interesting
1017 645 47 41 is
1086 645 92 42 No.
1200 655 81 40 32,

259 735 254 41 Demeter

283 822 108 41 The
423 823 134 51 good
590 822 159 49 thing
781 822 166 39 about
994 820 43 41 it
1084 820 43 41 is
1160 820 121 41 that

185 913 160 39 there
379 912 45 39 is
458 909 125 52 only
616 919 100 30 one
766 909 119 40 idea
917 909 53 40 in
1026 908 61 42 it.
1140 908 141 41 Most

190 997 189 52 people
412 997 174 42 would
623 998 132 39 have
787 996 142 40 tried
961 997 60 39 to
1051 997 101 49 put
1182 996 97 48 six,

186 1091 160 51 being
407 1088 308 52 frightened
779 1088 105 42 lest
936 1098 100 31 one
1088 1086 188 42 should

183 1181 113 43 fail.
396 1181 225 42 Caution
741 1176 215 43 caution
979 1177 46 41 !!
1060 1177 41 42 A
1133 1189 110 30 won-

184 1270 176 44 derful
424 1270 156 51 thing
628 1269 55 40 in
738 1280 29 29 a
819 1269 123 40 rash
997 1279 119 29 man
1171 1266 106 42 like

184 1363 296 48 Whitman,
513 1371 28 30 a
574 1360 297 41 disastrous
893 1359 156 49 thing
1070 1357 55 40 in
1149 1368 98 40 any-

181 1451 162 49 thing
374 1449 107 42 less
513 1449 171 49 great,
719 1446 102 41 less
853 1445 142 51 rash,
1028 1446 102 40 and
1169 1446 44 40 it
1233 1446 43 40 is

184 1539 226 41 because
443 1537 156 38 there
633 1535 44 40 is
710 1544 58 31 so
802 1531 155 42 much
983 1531 214 42 caution
1220 1530 54 42 in

184 1622 239 52 England
457 1622 123 40 that
613 1619 306 42 movement
952 1619 93 39 has
1078 1617 197 40 turned

184 1714 57 40 to
294 1712 134 46 rest,
479 1709 101 41 and
636 1707 310 49 stagnation
997 1704 279 42 threatens

181 1802 57 38 to
271 1801 86 39 set
402 1799 74 40 in.
525 1796 125 42 This
702 1794 46 42 is
801 1796 97 39 not
942 1803 67 31 an
1058 1791 216 50 opinion

181 1885 159 50 given
376 1885 58 40 at
466 1882 141 42 close
641 1882 269 52 quarters.
959 1881 48 39 It
1041 1879 45 40 is
1120 1878 154 50 given

180 1973 60 40 at
280 1971 93 41 the
426 1979 196 40 proper
677 1968 257 41 distance.
989 1966 50 39 It
1083 1963 44 42 is
1177 1973 66 31 un-

179 2055 339 52 fortunately
569 2056 147 41 what
767 2064 161 40 every
993 2051 184 43 nation
1232 2052 43 42 is

176 2146 193 50 saying
402 2142 54 42 of
489 2152 80 40 us,
592 2141 102 41 and
719 2142 43 38 it
785 2141 43 41 is
851 2139 83 43 for
959 2150 62 30 us
1041 2140 59 39 to
1122 2137 155 51 point

175 2234 113 40 this
332 2233 98 40 out
484 2231 96 40 not
630 2231 57 38 to
744 2239 99 32 our
895 2226 187 42 nation
1135 2236 57 31 as
1246 2236 29 31 a

178 2320 208 50 nation,
421 2319 98 41 but
551 2319 56 39 to
642 2316 93 42 the
768 2326 102 31 one
901 2325 63 31 or
993 2315 108 41 two
1135 2313 112 41 indl-

175 2405 268 43 dividuals
476 2405 171 41 whom
683 2403 128 42 each
846 2401 53 42 of
951 2413 61 30 us
1067 2401 204 49 happen

176 2497 60 39 to
270 2494 174 42 know.
487 2500 64 35 JS?
729 2498 63 35 JSf
1125 2490 56 46 R.
1215 2489 57 44 P.

186 2579 105 46 Mr
326 2578 197 46 Clunn
575 2575 234 47 Lewis's
857 2574 415 47 Marionettes.

202 2669 228 50 Among
462 2668 94 41 the
590 2669 325 40 attractions
948 2666 54 43 of
1032 2667 93 40 the
1147 2666 124 43 first

266 2756 352 42 "Children's
650 2754 230 45 Welfare
904 2754 307 44 Exhibition

176 2842 168 55 lately
367 2842 120 42 held
523 2845 58 39 at
604 2841 242 54 Olympia
867 2852 107 31 was
993 2843 81 40 Mr
1096 2841 172 43 Clunn

179 2928 217 46 Lewis's
409 2931 326 41 Marionette
752 2931 175 50 Show,
945 2930 172 40 which
1138 2940 130 39 gave

172 3017 261 52 fifty-one
480 3015 402 52 performances
928 3016 199 51 during
1173 3017 95 41 the

171 3104 191 43 eleven
395 3105 147 52 days,
575 3105 103 41 and
712 3114 109 32 was
852 3104 194 42 visited
1072 3106 67 49 by
1159 3104 108 42 two

171 3193 272 42 thousand
477 3190 111 43 five
622 3191 244 42 hundred
900 3190 207 52 people.

255 3280 163 52 Many
434 3278 55 44 of
506 3280 155 41 these
682 3280 221 41 evinced
926 3280 94 41 the
1042 3278 225 43 keenest

1333 382 215 43 Lewis's
1601 387 445 44 much-travelled
2080 396 226 47 puppets
2338 405 52 30 re-

1329 471 179 42 ceived
1529 483 66 31 an
1615 473 253 51 applause
1887 477 170 41 which
2071 478 346 54 mighteasily

1334 558 133 42 have
1498 561 198 42 turned
1731 564 91 40 the
1849 565 164 42 heads
2036 564 54 44 of
2112 577 103 41 any
2237 569 178 40 actors

1326 645 105 44 less
1489 659 207 34 serene.
2350 664 64 34 x?

1425 735 293 53 Certainly,
1750 739 92 42 the
1865 739 367 52 performance
2255 744 155 51 given

1327 820 66 53 by
1425 823 153 40 these
1601 823 84 41 old
1710 824 138 43 dolls
1872 828 42 42 is
1938 839 29 29 a
1990 826 301 55 refreshing
2309 831 100 41 and

1326 910 283 51 delightful
1643 924 118 32 one.
1797 915 237 51 England
2070 929 141 31 owes
2232 931 30 29 a
2284 920 129 41 debt

1326 995 53 42 of
1398 998 274 49 gratitude
1696 1003 58 39 to
1785 1003 130 41 such
1949 1014 29 31 a
2013 1014 120 31 man
2157 1016 56 30 as
2236 1004 172 43 Clunn

1327 1085 187 50 Lewis,
1545 1085 85 44 for
1661 1089 94 42 the
1787 1093 238 51 tenacity
2056 1093 103 41 and
2193 1092 117 42 love
2343 1094 66 41 he

1327 1173 93 43 has
1453 1176 227 42 devoted
1713 1179 57 40 to
1806 1177 227 55 keeping
2065 1181 136 42 alive
2223 1191 67 30 an
2315 1191 64 30 an-

1323 1261 145 42 cient
1483 1263 258 42 tradition
1764 1275 12 39 ;
1809 1267 102 39 and
1936 1266 46 40 It
2004 1268 43 40 is
2069 1268 57 41 to
2150 1268 63 41 be
2240 1267 166 51 hoped

1323 1350 121 42 that
1475 1351 111 42 this
1619 1353 128 41 debt
1780 1365 120 41 may
1929 1365 131 30 soon
2085 1356 65 41 be
2173 1356 207 41 dischar-

1323 1439 98 48 ged
1455 1439 53 40 in
1541 1450 30 30 a
1602 1439 190 53 fitting
1815 1453 171 41 way...
2010 1444 123 39 that
2155 1444 46 40 is
2222 1445 57 39 to
2298 1455 112 42 say,

1323 1525 66 51 by
1409 1527 254 51 assisting
1684 1527 109 42 this
1815 1526 110 43 fine
1948 1529 82 42 old
2055 1530 271 42 showman
2352 1531 53 40 in

1321 1623 144 31 some
1502 1615 255 50 practical
1798 1626 224 31 manner
2060 1619 56 39 to
2156 1628 250 40 preserve

1319 1701 94 41 the
1453 1703 370 50 marionettes,
1876 1704 101 41 and
2016 1704 127 42 thus
2183 1707 226 48 proving

1321 1790 57 38 to
1425 1789 106 41 him
1554 1789 122 41 that
1698 1792 137 42 his...
1874 1792 101 40 and
2018 1792 219 43 their....
2272 1793 132 49 good

1322 1875 127 51 days
1481 1887 90 30 are
1614 1878 96 41 not
1752 1888 127 32 over
1917 1879 97 40 but
2047 1880 93 50 yet
2161 1880 56 40 to
2243 1889 163 32 come.

1423 1964 49 40 It
1503 1963 45 42 is
1571 1966 56 39 to
1651 1976 156 40 every
1832 1962 146 44 one's
2001 1967 231 40 interest
2249 1967 56 39 to
2338 1967 65 39 do

1319 2051 130 43 this.
1469 2051 117 49 For,
1609 2063 57 31 as
1682 2053 82 41 Mr
1779 2053 137 41 John
1943 2053 138 51 Bull,
2109 2053 220 51 writing
2350 2051 55 43 of

1319 2140 108 40 this
1451 2140 205 50 Puppet
1676 2140 158 40 Show
1858 2141 52 39 in
1931 2141 93 40 the
2047 2140 104 41 last
2173 2142 231 39 number

1321 2225 53 43 of
1454 2223 114 46 The
1591 2225 171 44 Mask
1865 2227 263 52 declared,
2169 2230 94 39 the
2301 2230 68 42 En-

2204 2296 18 11 m

1319 2312 158 52 gllsh,
1555 2315 54 40 in
1633 2315 218 51 serving
1873 2316 91 41 the
1989 2325 120 30 man
2146 2315 119 40 who
2290 2325 87 39 pre-

1317 2413 181 31 serves
1538 2401 85 42 old
1662 2401 290 42 traditions
1989 2401 55 42 of
2084 2401 110 42 this
2217 2401 126 42 kind

1370 2490 174 41 would
1572 2490 61 41 be
1656 2490 216 50 serving
1901 2489 324 43 themselves
2255 2499 146 32 more

2250 2579 57 45 R.
2342 2577 61 40 D.

1317 2576 131 42 than
1474 2588 207 41 anyone
1707 2576 128 42 else.

1511 2662 689 53 LIVERPOOL.

1314 2750 103 45 Mr
1464 2749 243 50 Gordon
1762 2753 232 57 Craig's
2034 2752 367 47 Exhibition.

1317 2842 153 94 Qne
1503 2842 54 42 of
1588 2843 92 40 the
1714 2844 139 40 most
1884 2842 338 42 remarkable
2255 2843 117 41 exhi-

1404 2931 200 42 bitions
1638 2928 55 43 of
1723 2932 219 39 modern
1966 2932 158 39 times
2147 2931 96 40 has
2264 2932 135 41 been

1314 3029 69 30 on
1416 3017 136 42 view
1585 3017 57 41 at
1675 3017 217 52 Liberty
1925 3016 297 53 Buildings.

1439 3105 106 42 The
1609 3104 143 43 little
1821 3104 202 41 models
2090 3104 55 41 of
2202 3106 201 51 stages,

1312 3194 207 49 though
1552 3192 238 52 forming
1831 3191 123 53 only
2001 3204 29 29 a
2077 3191 153 43 small
2278 3194 122 48 part

1313 3279 53 43 of
1395 3281 93 41 the
1519 3280 166 48 show,
1717 3290 91 32 are
1841 3280 93 42 the
1968 3281 205 41 section
2198 3280 123 42 that
2342 3281 58 41 at

171 3369 234 41 interest
439 3368 53 40 in
517 3368 95 40 the
646 3366 375 53 marionettes,
1053 3369 102 41 and
1186 3370 216 42 Mronce
1451 3370 178 42 arrest
1661 3370 93 42 the
1802 3371 335 41 attention...
2163 3379 78 33 we
2274 3379 92 32 are
