2588 3711
875 252 47 46 A
1178 250 294 53 HISTORYGF
1473 250 354 46 PUPPETS.

160 267 100 43 320

156 360 311 56 performed
501 364 58 40 at
590 363 95 41 the
721 363 28 19 44
778 362 107 40 San
920 358 335 42 Martiniano
1428 359 71 41 La
1548 358 179 40 Morte
1779 355 83 43 del
1916 359 171 41 Conte
2138 357 227 52 Ugolino

156 543 96 41 the
286 539 266 53 privilege
586 538 53 42 of
674 538 233 51 keeping
940 548 138 40 open
1114 536 69 43 all
1217 537 96 41 the
1344 548 134 41 year
1509 539 196 50 round,
1749 550 135 30 even
1920 541 199 49 during
2152 538 95 42 the
2290 536 124 53 peni-

154 628 201 45 tential
389 628 131 51 days
554 626 56 42 of
645 628 156 42 Lent.
835 625 104 43 For
962 637 67 31 an
1056 628 235 40 account
1327 625 53 43 of
1412 627 124 41 that
1569 628 33 21 '•
1628 628 224 50 pupazzi
1946 627 221 43 theatre
2202 639 80 30 we
2307 628 137 40 have

158 729 104 30 one
295 716 55 42 of
382 717 95 41 the
514 717 142 41 most
690 715 249 42 brilliant
971 716 220 41 writers
1225 716 55 41 in
1315 715 225 53 France,
1574 716 196 44 Enrico
1805 716 182 52 Beyle,
2022 717 186 41 better
2242 713 200 45 known

159 810 68 51 by
258 809 94 39 the
388 818 156 30 name
580 805 54 43 of
667 809 32 19 44
725 805 264 43 Stendhal
1120 807 201 41 author
1375 806 54 42 of
1480 807 95 41 the
1687 807 183 42 Storia
1923 806 143 41 defla
2118 806 216 50 pittura
2387 806 56 41 in

157 896 160 44 Italia
425 895 54 43 of
534 899 34 20 44
594 895 349 52 Passaggiate
979 908 224 30 romane
1327 900 34 22 44
1389 899 70 42 La
1494 898 333 42 Chartreuse
1861 898 65 40 de
1962 896 193 42 Parme
2247 896 104 41 and
2390 893 54 44 of

159 998 160 41 many
354 986 161 42 other
548 985 211 43 critical
796 988 104 40 and
938 986 392 53 philosophical
1366 986 182 45 works
1581 989 124 41 that
1739 999 94 32 are
1868 986 278 44 immortal
2191 986 131 42 both
2355 985 88 43 for

156 1079 147 40 their
336 1077 269 42 keenness
641 1077 52 42 of
726 1079 319 50 perception
1081 1078 105 42 and
1219 1077 87 43 for
1338 1079 149 41 their
1517 1089 161 41 grace
1713 1077 54 43 of
1800 1078 160 52 style.

256 1169 32 22 44
316 1167 48 40 It
396 1177 109 30 was
543 1167 126 40 nine
703 1166 47 41 o'
788 1166 154 41 clock
994 1168 54 39 in
1106 1167 92 40 the
1253 1168 310 50 evening,.,,
1608 1169 188 40 writes
1850 1167 343 48 Stendhal,...
2228 1168 106 41 and
2370 1177 69 30 on

154 1261 35 21 44
217 1257 218 51 coming
468 1257 98 41 out
599 1254 57 44 of
686 1256 98 42 the
820 1254 359 53 magnificent
1212 1258 35 22 44
1269 1256 116 40 sale
1478 1256 56 42 of
1567 1257 92 41 the
1694 1256 147 43 Gaffe
1885 1258 235 49 Rospoli,
2157 1260 17 39 I
2208 1258 230 41 entered

157 1346 30 21 44
215 1347 94 40 the
345 1345 167 42 Fiano
547 1343 204 54 palace,
806 1346 57 39 at
916 1355 104 30 one
1076 1342 55 43 of
1184 1345 94 40 the
1314 1346 162 39 doors
1511 1345 54 40 of
1607 1346 177 39 which
1818 1347 158 40 stood
2012 1357 68 30 an
2116 1345 323 53 individual,

153 1436 33 24 44
213 1436 192 50 crying
435 1435 135 40 with
605 1445 29 29 a
669 1432 124 43 loud
829 1435 169 49 voice,
1032 1435 30 20 44
1092 1434 163 41 Come
1288 1432 258 54 forward,
1582 1434 335 50 gentlemen,
1941 1436 95 39 the
2061 1436 378 48 performance

156 1526 33 23 44
214 1525 111 42 will
359 1535 133 31 soon
529 1525 182 51 begin.
745 1525 18 39 I
799 1525 88 39 did
925 1526 97 40 not
1070 1525 132 41 wait
1249 1525 60 41 to
1366 1525 65 41 be
1485 1525 242 50 pressed,
1765 1525 99 41 but
1895 1525 229 41 secured
2158 1524 96 42 the
2288 1525 152 51 right

152 1616 34 22 44
213 1614 56 43 of
300 1616 265 41 entrance
603 1616 67 51 by
702 1615 96 41 the
834 1616 260 51 payment
1128 1614 55 41 of
1215 1615 95 41 the
1343 1615 183 51 paltry
1558 1625 119 31 sum
1714 1613 54 43 of
1803 1611 114 45 half
1946 1625 31 31 a
2010 1615 33 23 44
2068 1613 158 52 paolo
2329 1613 110 42 The

154 1705 35 23 44
215 1705 148 51 price
398 1704 102 41 had
537 1703 83 42 led
660 1714 84 31 me
794 1705 58 40 to
907 1703 119 40 fear
1057 1704 160 41 there
1253 1703 179 51 might
1468 1704 66 41 be
1567 1702 135 43 fleas
1737 1704 104 41 and
1878 1705 99 40 bad
2025 1713 279 42 compapy,
2340 1704 100 41 but

152 1795 33 21 44
213 1795 18 41 I
264 1806 110 30 was
407 1804 132 32 soon
575 1794 307 42 reassured.
918 1794 87 51 My
1040 1794 334 51 neighbours
1407 1804 146 31 were
1586 1794 95 41 the
1715 1792 197 44 fattest
1945 1793 105 42 and
2077 1794 145 41 most
2245 1792 194 52 pacific

153 1886 31 21 44
215 1886 287 49 burgesses
535 1884 56 40 in
628 1883 184 47 Rome.
863 1884 203 46 Roman
1116 1883 193 52 people
1343 1895 112 38 are,
1492 1884 251 50 perhaps,
1793 1893 148 32 more
1977 1883 371 51 appreciative
2384 1879 55 45 of

153 1976 32 20 44
210 1975 225 50 pointed
472 1975 105 40 and
614 1973 163 54 lively
811 1973 169 42 satire
1014 1975 135 39 than
1184 1985 106 39 any
1324 1975 163 39 other
1518 1973 192 52 people
1744 1973 55 42 in
1840 1973 229 51 Europe.
2106 1976 139 39 Here
2279 1975 128 40 thea-

153 2063 32 22 -44
209 2063 159 42 trical
405 2063 336 51 censorship,
774 2061 243 52 political
1053 2063 105 40 and
1196 2061 412 52 ecclesiastical,
1644 2063 42 41 is
1720 2074 31 29 a
1785 2063 250 41 hundred
2087 2062 163 42 times
2287 2072 148 32 more

152 2154 33 21 44
209 2154 309 50 suspicious
551 2154 135 40 than
722 2154 44 39 it
801 2151 45 43 is
882 2154 55 40 in
975 2151 171 43 Paris.
1182 2151 117 42 And
1335 2154 45 40 it
1415 2155 44 41 is
1492 2151 268 55 precisely
1793 2151 87 43 for
1925 2154 123 40 that
2081 2164 195 32 reason
2311 2152 126 42 that

148 2243 36 21 44
210 2243 268 41 comedies
512 2243 56 40 in
606 2243 93 40 the
723 2243 250 40 theatres
996 2253 93 30 are
1113 2241 118 43 cold
1259 2244 104 39 and
1387 2244 218 49 insipid.
1631 2244 275 51 Laughter
1931 2243 95 41 has
2052 2241 165 42 taken
2243 2241 194 52 refuge

152 2334 33 23 44
210 2333 135 43 with
378 2334 96 41 the
510 2333 289 48 burattini,
833 2333 121 40 who
989 2331 294 52 improvise
1319 2344 28 31 a
1381 2334 160 49 great
1574 2333 118 43 deal
1718 2334 105 41 and
1849 2334 152 41 treat
2021 2333 74 42 all
2118 2333 319 52 censorship

152 2424 33 22 44
209 2422 133 42 with
378 2419 383 45 indifference.

248 2513 32 24 44
307 2510 111 44 The
453 2513 33 23 44
506 2512 335 42 marionetta
933 2513 54 39 in
1022 2510 213 45 fashion
1271 2513 45 42 is
1354 2513 171 42 called
1560 2514 385 42 Cassandrino.
1983 2514 75 41 He
2094 2514 44 42 is
2172 2524 68 31 an
2276 2524 127 30 ener-

149 2602 31 22 -44
209 2602 145 51 getic
389 2601 85 43 old
511 2612 145 38 man,
690 2599 56 44 of
780 2603 168 41 about
981 2601 128 57 fifty
1142 2602 108 43 five
1287 2615 61 30 or
1379 2604 147 53 sixty
1556 2615 162 42 years
1752 2602 55 44 of
1840 2615 118 42 age,
2002 2604 132 42 with
2170 2602 120 43 slim
2325 2603 106 42 and

149 2691 32 24 44
209 2691 225 52 upright
464 2688 206 54 figure,
704 2692 310 51 powdered,
1047 2692 247 51 polished
1330 2693 104 41 and
1471 2705 59 30 as
1567 2692 162 53 lively
1762 2705 57 30 as
1855 2706 29 28 a
1908 2691 272 44 Cardinal.
2204 2692 198 41 Cassan-

148 2781 32 19 -44
206 2781 158 41 drino
384 2781 46 42 is
450 2782 358 50 experienced
829 2781 56 42 in
919 2784 96 40 the
1034 2794 146 40 ways
1201 2780 56 44 of
1274 2784 94 41 the
1389 2782 190 52 world,
1605 2785 104 40 and
1735 2782 190 43 knows
1950 2785 119 40 how
2104 2785 57 39 to
2195 2782 238 42 conduct

151 2871 33 20 44
209 2880 30 29 a
272 2870 408 51 conversation,
712 2870 57 41 in
802 2867 114 44 fact
951 2871 67 41 he
1053 2871 178 42 would
1283 2872 138 42 have
1455 2871 72 43 all
1577 2872 96 42 the
1723 2874 231 47 virtues,
1987 2869 42 44 if
2062 2872 44 41 it
2152 2880 146 33 were
2334 2872 99 41 not

144 2958 37 22 44
206 2959 125 40 that
364 2959 67 42 he
465 2956 125 45 falls
625 2960 180 51 madly
855 2961 54 40 in
963 2960 121 42 love
1118 2963 134 40 with
1301 2961 71 42 all
1421 2961 96 42 the
1569 2974 212 31 women
1818 2963 67 42 he
1920 2963 190 42 meets.
2144 2963 49 40 It
2224 2963 45 40 is
2304 2973 129 43 easy

147 3050 33 28 44
205 3049 57 39 to
299 3048 342 42 understand
674 3050 127 40 that
834 3062 28 29 a
897 3062 197 39 person
1146 3050 54 43 of
1231 3052 126 41 that
1391 3052 338 50 description
1781 3050 278 54 naturally
2094 3050 185 43 makes
2313 3064 121 43 way

147 3140 35 21 44
201 3138 56 41 in
293 3149 30 30 a
356 3140 235 50 country
627 3142 274 48 governed
938 3142 67 50 by
1041 3152 66 30 an
1145 3140 278 54 oligarchy
1473 3140 54 42 of
1561 3142 86 42 old
1699 3140 304 52 bachelors,
2034 3140 121 42 who
2190 3143 241 43 exercise

147 3243 14 18 ♦
167 3227 14 21 f
204 3224 100 45 full
338 3238 204 41 power.
577 3228 369 43 Cassandrino
995 3231 46 41 is
1090 3242 30 29 a
1172 3231 235 52 layman,
1459 3232 99 42 but
1593 3232 17 42 I
1645 3232 129 42 dare
1822 3241 183 40 wager
2052 3229 125 42 that
2228 3231 73 41 all
2335 3232 95 43 the

144 3318 33 22 44
201 3317 306 49 spectators
562 3318 179 42 invest
794 3318 132 52 him,
981 3317 267 55 although
1302 3321 277 53 invisibly,
1635 3319 137 42 with
1826 3319 95 42 the
1976 3319 93 42 red
2127 3318 97 43 hat
2257 3319 55 44 of
2346 3321 85 43 his

205 3405 313 53 Eminence,
573 3408 105 41 and
731 3408 98 42 the
882 3407 171 45 violet
1106 3408 281 52 stockings
1443 3408 56 44 of
1551 3410 370 50 Monsignore.
1959 3408 165 47 Rome
2160 3408 48 45 is
2240 3408 101 46 full
2378 3410 55 44 of
