3067 4389
751 309 81 96 E
921 309 579 91 MASK.
1589 301 635 104 APRIL
2318 324 297 87 1913-
2679 296 136 76 &

591 486 818 81 LITERARY
1572 481 881 71 CONTENTS.

258 659 125 44 THE
414 659 254 46 GORDON
701 658 191 46 CRAIG
921 656 267 43 SCHOOL.
1698 652 50 42 J.
1778 652 33 40 S
2698 645 114 51 387.

259 747 54 39 IS
409 744 225 44 POETIC
665 743 223 47 DRAMA
921 742 163 46 BORN
1117 739 193 44 AGAIN
1397 738 28 42 ?
1569 765 18 16 .
1701 738 209 42 Gordon
1942 737 153 51 Craig
2695 731 113 50 389.

258 832 125 42 THE
414 830 406 44 ENGLISHMAN
851 828 83 42 AT
963 827 126 44 THE
1123 826 314 47 THEATRE.
1571 851 16 15 .
1702 824 136 42 John
1872 823 220 42 Balance
2697 828 120 40 393.

261 917 171 46 FRAU
466 915 327 47 WAGNER'S
823 913 289 49 TRIUMPH
1698 908 153 43 Adolf
1882 910 157 41 Furst
2698 913 117 41 397.

261 1004 293 47 REALISM.
1700 997 158 42 Oscar
1881 995 186 48 Wilde,
2087 993 130 44 with
2237 1004 30 31 a
2294 993 124 42 note
2443 992 66 51 by
2529 990 61 43 A.
2611 990 56 43 C.
2699 1000 118 43 399.

262 1090 291 46 HORRORS
585 1089 80 42 ON
696 1086 126 45 THE
851 1085 205 44 STAGE
1702 1084 78 41 St.
1813 1081 312 52 Augustine,
2173 1078 130 44 with
2355 1090 30 30 a
2435 1077 147 42 word

1706 1169 65 50 by
1804 1167 156 42 Louis
1990 1166 220 43 Madrid.
2302 1189 282 18 ...
2705 1169 28 42 3
2738 1169 53 31 01
2796 1186 15 14 «

259 1260 42 42 A
333 1259 264 48 HISTORY
628 1259 78 42 OF
738 1258 281 44 PUPPETS
1705 1252 204 42 Yorick.
1940 1252 80 53 (P.
2053 1250 264 52 Ferrigni)
2432 1275 17 17 .
2564 1274 16 17 .
2699 1255 116 41 303.

262 1346 124 44 THE
419 1346 174 46 HOUR
624 1345 194 45 GLASS
1717 1341 77 41 W.
1827 1340 57 43 B.
1912 1340 155 41 Yeats
2700 1341 115 41 337.

261 1432 125 44 THE
418 1433 184 43 WEBB
630 1432 304 43 JUVENILE
955 1429 247 48 DRAMA.
1711 1428 60 42 H.
1804 1425 212 43 Francis
2049 1423 176 52 Eagle.
2295 1449 17 17 .
2427 1449 17 16 .
2559 1448 16 15 .
2694 1428 114 40 347.

259 1518 127 44 THE
437 1518 484 47 ARCHITECTURE
969 1517 131 43 AND
1162 1515 295 44 COSTUME
1517 1513 78 43 OF

487 1607 32 23 ♦«
553 1604 300 46 MEASURE
884 1603 123 47 FOR
1040 1600 299 49 MEASURE
1446 1628 15 16 .
1578 1627 15 17 .
1710 1599 53 43 E.
1797 1599 79 42 W.
1908 1597 236 43 Godwin.
2175 1594 138 51 1875.
2430 1621 15 16 .
2563 1620 15 15 .
2697 1600 114 41 353.

261 1689 256 45 SIENESE
549 1691 292 42 COSTUME
1712 1686 190 41 Cesare
1921 1682 241 45 Vecellio.
2183 1680 135 51 1589.
2435 1707 15 15 .
2567 1706 17 15 .
2699 1678 116 49 360.

262 1773 42 42 A
334 1776 190 47 WORD
558 1776 165 43 UPON
756 1774 419 49 ORIGINALITY.
1311 1800 15 15 .
1442 1799 15 15 .
1574 1799 15 15 .
1705 1771 219 42 Goethe.
2037 1795 17 16 .
2170 1793 17 17 .
2303 1792 15 17 .
2436 1792 15 15 .
2568 1791 17 15 .
2702 1762 113 51 365.

262 1861 124 43 THE
417 1861 262 48 MODERN
712 1861 349 47 THEATRE..
1176 1887 16 17 .
1308 1886 17 17 .
1439 1885 17 18 .
1571 1884 17 17 .
1703 1856 149 42 Allen
1886 1856 178 42 Carrie
2702 1848 114 51 367.

263 1947 62 42 IN
358 1948 174 45 ROME
1702 1942 217 43 Edward
1955 1938 419 46 Edwardovltch.
2434 1964 16 15 .
2570 1964 16 16 .
2702 1934 111 51 369.

266 2035 241 47 LETTER
535 2035 79 42 TO
643 2035 126 44 THE
800 2035 249 46 EDITOR.
1176 2060 17 18 .
2698 2034 114 40 374.

272 2129 62 34 &
356 2122 166 42 BOOK
557 2121 299 50 REVIEWS,
888 2129 62 35 &
982 2119 268 48 FOREIGN
1283 2117 217 51 NOTES,
1623 2115 337 47 EDITORIAL
1992 2114 218 43 NOTES.
2299 2139 15 18 .
2432 2139 17 15 .
2567 2139 17 15 .
2700 2111 115 50 376.

624 2264 1856 73 ILLUSTRATIONS.

267 2444 221 43 DESIGN
524 2444 122 45 FOR
676 2441 42 42 A
748 2440 295 43 COSTUME
1074 2437 123 47 FOR
1226 2436 143 42 MISS
1402 2435 200 43 ELLEN

492 2528 221 47 TERRY,
741 2525 419 55 (Frontispiece).
1306 2547 16 16 .
1437 2547 16 15 .
1571 2547 16 15 .
1705 2517 54 45 E.
1792 2519 78 42 W.
1903 2519 235 42 Godwin.

267 2615 41 41 A
339 2614 409 47 MARIONETTE
778 2610 322 43 SHOWMAN
1695 2604 52 43 F.
1780 2604 56 43 E.
1998 2632 17 15 .
2149 2630 15 17 .
2300 2629 282 17 ...
2700 2600 114 51 296.

267 2699 268 44 ANCIENT
566 2698 439 48 MARIONETTES
2450 2688 127 41 Pace
2694 2696 116 40 30a.

267 2788 238 43 WEBB'S
534 2785 165 44 SHOP
728 2784 276 45 WINDOW
2302 2801 280 17 ...
2702 2783 112 40 347.

268 2876 209 45 THREE
508 2872 262 44 DESIGNS
802 2870 123 46 FOR
952 2867 125 44 THE
1110 2865 183 45 WEBB
1324 2862 223 49 DRAMA
2435 2859 113 52 348.
2572 2869 111 41 349*
2703 2869 111 40 35<>.

271 2959 142 44 FIVE
445 2957 199 44 PLANS
677 2956 118 43 FOR
826 2957 35 24 '•
884 2950 299 49 MEASURE
1213 2949 123 47 FOR
1830 2947 55 43 E.
1918 2945 80 45 W.
2029 2945 237 42 Godwin.
2302 2973 16 14 .
2434 2973 17 17 .
2567 2972 18 17 .
2700 2953 114 41 353.

268 3047 143 42 TWO
442 3044 256 45 SIENESE
728 3039 292 46 COSTUME
1833 3032 189 43 Cesare
2054 3032 248 52 Vecellio,
2332 3030 139 53 1589.
2578 3032 235 52 361.363.

268 3132 372 46 MEDIAEVAL
671 3126 442 49 MARIONETTES
1697 3119 199 42 Herrad
1927 3130 103 31 von
2063 3119 316 52 Landsberg.
2437 3147 18 16 .
2571 3149 18 15 .
2704 3131 110 40 373.

272 3220 170 43 HEAD
474 3217 128 42 AND
634 3215 163 43 TALE
828 3212 219 45 PIECES
1079 3210 129 43 AND
1240 3207 236 44 INITIAL
1509 3204 273 47 LETTERS
1814 3204 66 54 by
1910 3204 210 44 Gordon
2152 3204 172 53 Craig,
2355 3204 202 53 George
2580 3206 234 49 Borrow,

271 3306 99 41 and
400 3304 135 43 from
568 3304 84 40 old
686 3300 212 51 English
933 3298 238 50 Designs.

271 3474 143 44 The
446 3472 180 44 Editor
657 3467 107 44 will
795 3470 63 39 be
888 3466 118 52 glad
1037 3466 57 41 to
1126 3464 241 41 consider
1396 3460 122 42 MSS
1568 3458 222 42 relative
1833 3460 58 40 to
1932 3460 94 42 the
2070 3458 100 44 Art
2213 3461 101 41 and
2364 3461 214 52 History
2623 3461 56 42 of
2722 3462 98 41 the

351 3559 240 47 Theatre,
623 3559 97 40 but
747 3555 173 42 would
952 3551 149 52 point
1132 3551 94 41 out
1256 3550 120 41 that
1406 3549 65 42 he
1503 3558 94 33 can
1630 3546 123 52 only
1790 3546 148 43 make
1985 3556 93 33 use
2125 3544 53 44 of
2222 3546 214 43 articles
2482 3547 220 42 written
2754 3549 66 50 by

270 3646 127 42 such
428 3655 56 31 as
517 3645 130 41 have
677 3654 31 29 a
737 3640 109 43 real
878 3639 306 49 knowledge
1214 3635 54 43 of
1297 3636 91 42 the
1420 3634 233 51 subjects
1681 3634 228 43 treated.
2050 3640 65 36 &

360 3730 80 43 All
472 3728 223 53 possible
726 3739 116 31 care
874 3725 106 45 will
1014 3726 61 41 be
1124 3723 177 48 taken,
1334 3723 95 40 but
1475 3723 65 42 he
1571 3721 195 41 cannot
1796 3719 121 42 hold
1966 3718 211 43 himself
2222 3719 330 51 responsible
2600 3719 86 43 for
2726 3720 94 41 the

270 3815 287 45 accidental
579 3815 105 42 loss
714 3814 52 42 of
788 3814 138 42 MSS.
958 3812 165 43 These
1160 3812 141 40 must
1331 3809 54 41 In
1421 3818 158 42 every
1608 3818 118 32 case
1767 3808 62 40 be
1861 3805 367 51 accompanied
2271 3808 66 51 by
2366 3817 31 31 a
2437 3808 243 49 stamped
2714 3806 106 42 and

270 3904 279 42 addressed
581 3902 250 50 envelope
863 3911 56 31 as
950 3898 285 43 otherwise
1267 3898 125 49 they
1425 3895 195 42 cannot
1653 3895 62 41 be
1747 3894 279 43 returned.

365 3987 480 44 Communications
903 3984 187 43 should
1134 3986 61 40 be
1237 3982 280 43 addressed
1566 3982 59 40 to
1673 3980 93 42 the
1816 3978 176 44 Arena
2041 3977 240 44 Qoldoni.
2342 3978 269 43 Florence.
2688 3977 135 53 Italy
