2588 3711
691 285 64 36 &
786 276 46 46 A
868 277 332 54 HISTORY
1232 279 97 47 OF
1357 279 358 47 PUPPETS.
1747 289 63 35 &

2323 291 90 43 313

172 385 64 37 &
269 378 53 43 In
355 380 125 41 that
512 379 222 46 learned
771 382 138 43 book
943 382 54 43 of
1030 374 251 62 Quadrio,
1332 384 175 55 (Delia
1539 385 170 42 storia
1742 396 28 31 e
1806 383 138 43 della
1977 383 221 52 ragione
2232 383 182 51 d'ogni

172 468 205 51 poesia)
409 479 78 31 we
520 467 116 44 find
672 481 68 30 an
773 474 231 38 account
1036 472 55 42 of
1121 484 29 30 a
1185 474 204 41 certain
1425 474 311 42 Massimino
1770 473 302 48 Romanini,
2095 483 29 31 a
2157 470 257 44 Milanese

174 556 179 41 whose
386 556 124 41 skill
543 558 103 41 and
679 557 305 52 perfection
1020 562 53 39 in
1107 561 95 42 the
1242 563 86 41 art
1361 561 55 43 of
1449 562 395 52 manipulating
1891 562 221 51 pupazzi
2164 561 250 40 deserves

171 647 57 41 to
263 647 63 39 be
360 644 338 56 honourably
731 650 334 50 mentioned,
1096 652 101 39 and
1234 650 53 41 of
1318 661 29 32 a
1383 651 392 43 Bartolommeo
1809 650 141 50 Nerl,
1986 650 291 41 machinist
2307 648 106 42 and

172 735 235 50 painter,
470 738 104 40 and
637 737 131 41 such
804 749 67 29 an
931 738 362 42 enthusiastic
1354 741 271 41 showman
1690 742 122 41 that
1844 741 65 42 he
1942 740 255 43 invented
2231 751 29 29 a
2295 749 119 31 new

175 822 218 43 method
414 824 254 53 whereby
684 825 182 49 public
882 825 103 40 and
1006 826 290 42 theatrical
1315 825 150 53 plays
1487 839 143 30 were
1655 829 261 42 rendered
1943 839 146 30 more
2113 825 300 54 enjoyable.

269 910 114 43 And
416 912 96 41 the
546 914 217 40 method
799 925 109 29 was
942 914 221 43 this:....
1281 915 95 42 Let
1423 926 31 30 a
1502 915 126 51 high
1682 918 152 49 stage
1868 918 63 40 be
1966 918 284 49 arranged,
2282 915 129 42 such

242 1011 57 31 as
332 1000 46 42 Is
412 1003 130 40 used
575 1001 84 42 for
691 1001 256 51 ordinary
981 1003 239 52 comedy,
1254 1003 341 42 surrounded
1628 1005 131 40 with
1801 1014 186 37 scenes
2022 1004 53 42 of
2107 1006 308 50 customary

242 1089 125 43 size.
406 1090 155 42 Place
594 1102 67 30 on
693 1093 93 39 the
819 1093 152 48 stage
1006 1103 29 29 a
1067 1090 104 42 few
1219 1093 223 40 wooden
1493 1093 211 51 boards,
1752 1095 234 49 grooved
2036 1094 54 41 in
2138 1092 276 49 channels,

240 1180 174 41 which
448 1191 91 30 are
571 1180 59 41 to
665 1189 155 31 serve
853 1189 57 31 as
962 1178 136 42 slots
1145 1179 191 42 within
1390 1180 174 42 which
1595 1179 206 52 figures
1834 1183 165 39 about
2030 1193 28 29 a
2091 1182 229 49 braccio,
2354 1192 61 30 or

244 1281 147 30 more
425 1271 54 39 in
531 1269 203 51 height,
767 1269 103 41 and
906 1269 153 41 made
1093 1267 54 43 of
1177 1268 420 52 papier-mach6,
1648 1269 102 42 and
1785 1269 379 52 representing
2197 1269 217 42 various

241 1357 188 52 forms,
462 1370 93 29 are
588 1359 56 40 to
679 1358 179 51 stand,
906 1368 61 31 or
1020 1357 193 43 travel.
1266 1357 166 42 These
1479 1356 206 53 figures
1733 1370 90 30 are
1872 1359 132 40 then
2038 1359 56 40 to
2128 1359 64 40 be
2227 1358 186 40 moved

237 1447 137 42 from
410 1459 100 29 one
546 1448 101 40 end
680 1446 55 43 of
766 1447 95 41 the
895 1446 227 42 channel
1157 1447 58 41 to
1248 1447 92 41 the
1375 1447 174 48 other,
1582 1447 285 51 according
1898 1448 56 40 to
1989 1447 419 51 requirements,

242 1539 68 48 by
346 1546 183 31 means
564 1533 53 44 of
650 1535 283 42 concealed
970 1536 480 51 counterweights,
1483 1546 147 31 some
1665 1535 53 43 of
1749 1535 173 42 which
1958 1535 141 51 hang
2131 1536 66 50 by
2231 1546 28 29 a
2283 1535 128 42 wire

245 1624 250 43 attached
543 1626 57 40 to
650 1624 93 42 the
791 1621 287 45 shoulders
1126 1621 54 43 of
1227 1635 27 29 a
1307 1622 209 52 figure;
1550 1624 154 40 these
1737 1624 159 40 wires
1930 1634 92 30 are
2056 1622 259 41 intended
2350 1624 58 40 to

242 1725 154 32 serve
429 1713 85 43 for
545 1714 95 40 the
675 1723 229 40 purpose
940 1710 52 43 of
1025 1710 396 53 manipulating
1454 1711 94 42 the
1580 1711 207 51 figures
1821 1713 101 40 and
1948 1711 292 51 arranging
2262 1711 149 41 them

244 1804 53 39 in
330 1804 218 41 various
583 1799 238 55 graceful
872 1801 103 41 and
1028 1800 345 52 appropriate
1421 1801 284 51 attitudes,
1751 1801 103 41 and
1907 1801 130 51 they
2071 1810 92 31 are
2197 1799 217 42 worked

244 1894 67 52 by
345 1892 353 42 men.hidden
735 1892 173 39 under
940 1890 93 41 the
1067 1890 168 51 stage,
1270 1900 59 31 or
1364 1890 52 40 in
1450 1900 146 31 some
1630 1889 158 41 other
1821 1889 324 42 convenient
2178 1888 169 51 place.

270 1981 125 41 This
429 1978 284 43 invention
746 1978 54 42 of
833 1977 142 52 Nerl,
1011 1978 266 49 however,
1312 1988 163 31 never
1511 1978 150 39 made
1695 1978 156 39 much
1884 1988 134 39 way,
2051 1978 103 39 and
2188 1978 227 48 puppets

176 2071 290 42 continued
503 2071 57 39 to
594 2069 62 41 be
691 2068 186 42 moved
913 2068 166 41 about
1111 2067 55 41 in
1201 2067 92 41 the
1317 2066 82 42 old
1423 2077 132 41 way,
1581 2064 283 51 according
1887 2067 56 38 to
1969 2064 93 42 the
2086 2066 327 49 description

176 2160 158 52 given
369 2161 68 51 by
470 2157 364 52 Quadrio:...
952 2156 131 42 with
1133 2157 94 39 the
1282 2156 134 39 head
1453 2152 53 44 of
2001 2153 95 41 the
2131 2153 126 42 bust
2310 2154 103 41 and

244 2248 181 51 thighs
461 2245 53 43 of
545 2247 171 48 wood,
748 2245 96 42 the
879 2255 142 30 arms
1055 2242 53 42 of
1140 2245 173 45 cords,
1347 2243 94 40 the
1475 2242 171 41 hands
1680 2242 102 41 and
1818 2241 112 52 legs
1963 2240 53 43 of
2038 2240 142 53 lead,
2201 2241 68 42 all
2293 2241 121 42 well

245 2336 217 43 dressed
499 2336 54 39 in
588 2334 174 41 silken
814 2332 226 51 clothes,
1087 2332 131 41 with
1270 2332 178 49 shoes,
1501 2331 140 47 hats,
1688 2330 165 40 hoods
1903 2330 103 39 and
2041 2330 158 40 other
2231 2330 186 51 things

247 2422 207 53 usually
489 2433 127 30 seen
651 2431 68 31 on
754 2420 93 42 the
880 2430 226 41 persons
1154 2416 53 45 of
1254 2417 168 50 living
1470 2416 204 51 beings.
1723 2415 136 43 Each
1911 2414 53 41 of
1995 2415 156 40 these
2185 2415 230 51 puppets

246 2514 97 41 has
377 2511 250 42 attached
663 2511 58 41 to
768 2510 70 41 its
873 2510 133 41 head
1042 2520 28 29 a
1103 2508 150 52 piece
1287 2504 54 43 of
1373 2508 116 39 iron
1538 2504 150 51 wire,
1721 2504 316 39 wherewith
2072 2505 44 38 it
2149 2504 43 39 is
2227 2504 188 40 moved

251 2603 126 40 here
412 2612 61 30 or
506 2600 157 41 there
697 2600 67 51 by
797 2599 92 41 the
923 2598 274 51 operator,
1246 2596 119 40 who
1420 2591 236 44 controls
1690 2591 100 40 and
1827 2602 249 40 manages
2112 2591 40 40 it
2187 2591 232 42 without

247 2689 163 50 being
443 2698 150 39 seen,
625 2688 101 39 and
760 2687 121 39 who
917 2685 94 41 has
1033 2683 124 42 four
1178 2683 205 48 strings
1416 2678 53 43 of
1501 2678 122 48 silk,
1647 2689 60 29 or
1729 2676 54 42 of
1803 2688 147 32 some
1976 2678 157 40 other
2154 2678 264 53 material,

176 2781 35 24 **
244 2781 109 38 two
387 2777 56 40 In
479 2776 82 40 his
597 2776 188 47 hands,
819 2774 103 40 and
973 2774 106 40 two
1112 2770 142 42 fixed
1289 2772 56 38 to
1401 2769 80 40 his
1533 2765 130 52 feet,
1713 2765 254 52 whereby
2003 2765 64 41 he
2104 2777 187 30 causes
2323 2767 95 40 the

175 2870 33 24 *'
242 2866 178 52 figure
454 2866 58 39 to
546 2862 159 51 walk,
738 2861 166 50 jump,
940 2857 340 54 gesticulate,
1314 2857 164 39 dance
1528 2854 102 41 and
1667 2852 154 43 make
1869 2853 221 48 sounds.
2123 2853 170 42 There
2328 2864 91 32 are

246 2953 112 44 also
395 2965 157 39 many
586 2952 213 41 devices
830 2948 85 42 for
950 2943 426 51 counterfeiting
1407 2942 96 42 the
1535 2942 178 41 voices
1747 2938 54 43 of
1832 2942 92 39 the
1959 2939 144 46 little
2137 2938 282 48 fantoccf.

245 3045 156 40 Some
435 3042 275 41 showmen
745 3037 153 43 make
948 3047 113 38 use,
1107 3032 85 43 for
1225 3033 93 41 the
1366 3041 252 42 purpose,
1671 3027 55 43 of
1757 3041 30 29 a
1834 3031 149 49 tube,
2038 3028 224 55 artfully
2295 3041 94 30 con-

249 3131 177 43 cealed
463 3131 52 39 in
550 3130 94 40 the
679 3129 206 47 mouth,
934 3125 133 42 with
1122 3122 171 41 which
1343 3120 130 49 they
1521 3129 92 30 are
1665 3117 117 42 able
1815 3118 57 41 to
1906 3118 206 50 change
2143 3120 94 39 the
2270 3118 150 41 voice

244 3223 57 39 to
335 3219 113 43 suit
480 3219 92 40 the
607 3215 298 52 particular
937 3212 284 44 character
1274 3207 52 44 of
1357 3209 94 40 the
1486 3207 202 51 puppet
1718 3207 128 51 they
1879 3216 92 33 are
2005 3206 279 52 handling,
2317 3207 103 41 and

199 3310 14 21 4
246 3319 59 31 so
340 3305 232 52 cleverly
606 3305 124 41 that
762 3303 42 41 If
835 3304 96 40 the
964 3299 269 44 fantoccio
1282 3297 101 41 had
1418 3306 30 31 a
1479 3294 151 44 voice
1677 3294 55 42 of
1783 3295 71 42 its
1887 3305 138 41 own,
2060 3295 44 41 it
2137 3294 153 42 could
2326 3296 94 40 not

245 3397 63 41 be
343 3405 148 31 more
528 3391 236 45 natural.
