2588 3711
182 272 335 77 FRAU
583 272 1349 82 WAGNER'S;
2008 273 66 66 A
2153 272 253 69 Note

175 390 137 86 by
380 390 348 68 Adolf
784 395 381 71 Furst.

176 545 65 89 Jf
270 546 159 44 there
462 549 46 41 is
539 559 31 31 a
600 552 158 48 great
788 560 212 32 woman
1035 552 56 40 in
1126 550 208 52 Europe
1368 553 46 40 it
1444 553 47 42 is
1524 550 137 45 Prau
1694 553 253 51 Wagner.
1977 550 108 43 She
2117 549 296 52 triumphs,

219 635 106 42 and
357 635 240 42 without
619 635 171 44 noise.
819 635 108 44 She
959 638 128 42 does
1119 640 99 40 not
1249 639 136 42 have
1417 640 58 41 to
1508 640 65 41 be
1604 639 411 52 photographed
2039 638 56 42 in
2121 637 99 43 her
2243 634 166 46 coffin

175 732 102 32 nor
306 723 59 42 to
397 733 158 43 carry
585 723 172 43 about
786 723 175 44 mules
993 726 136 41 with
1162 726 98 41 her
1291 737 69 30 on
1395 727 101 42 her
1539 728 256 52 journeys
1829 728 55 42 in
1920 727 164 44 order
2114 728 60 42 to
2206 726 209 44 attract

171 809 301 45 attention.
504 811 109 43 The
646 813 156 51 great
833 822 91 33 are
957 813 168 53 ready
1155 816 58 39 to
1237 812 165 44 listen
1435 816 60 40 to
1534 816 98 42 her
1663 816 256 53 slightest
1954 817 169 42 word.
2155 816 19 42 I
2213 813 196 45 should

175 910 95 44 say
299 901 127 42 that
456 902 94 42 she
583 902 47 42 is
660 901 155 53 quite
848 903 222 51 unique.
2349 913 61 35 £?

274 990 108 40 Her
416 990 248 42 husband
698 990 135 50 dies,
866 991 372 51 bequeathing
1282 991 99 42 her
1413 1002 31 32 a
1474 993 125 41 vast
1642 992 432 55 responsibility.
2108 992 94 45 His
2232 991 182 44 works

186 1077 138 43 have
357 1079 99 41 not
485 1081 60 38 to
579 1079 63 40 be
673 1079 217 40 treated
926 1079 54 39 in
1003 1089 30 30 a
1058 1079 401 52 commonplace
1482 1090 249 42 manner,
1751 1081 99 42 but
1870 1081 135 43 have
2023 1082 58 41 to
2102 1082 63 42 be
2184 1080 122 44 held
2342 1091 69 42 up

176 1179 60 32 as
266 1167 224 53 unique.
522 1165 125 43 This
677 1166 99 42 she
809 1166 96 43 has
937 1166 277 50 achieved,
1244 1169 104 40 and
1381 1178 166 44 every
1567 1179 211 32 woman
1801 1167 193 45 should
2015 1171 197 41 tender
2232 1171 60 42 to
2315 1170 99 42 her

175 1256 56 42 in
265 1258 99 42 her
393 1255 168 45 latest
589 1255 245 51 triumph
886 1255 371 52 appreciation
1305 1255 55 45 of
1404 1258 150 42 what
1599 1258 95 43 she
1742 1259 95 42 has
1886 1259 138 43 done
2057 1258 85 43 for
2170 1259 98 43 the
2298 1256 115 45 real

174 1357 160 31 cause
381 1345 54 42 of
479 1355 232 32 women.

270 1433 170 43 When
475 1433 47 42 It
553 1444 111 31 was
697 1434 321 41 announced
1056 1433 126 42 that
1610 1434 180 43 would
1826 1437 81 40 be'
1938 1435 269 53 produced
2243 1435 68 51 by
2342 1434 71 43 M.

180 1522 321 51 Qunsbourg
534 1523 58 39 at
623 1521 333 43 Montecarlo
988 1532 270 42 everyone
1291 1521 242 44 believed
1564 1523 126 42 that
1733 1523 96 42 the
1862 1521 276 44 influence
2190 1533 111 31 was
2353 1532 60 32 so

176 1612 158 51 great
363 1612 211 41 around
606 1612 69 41 M.
708 1611 328 50 Qunsbourg
1068 1611 123 42 that
1221 1611 70 42 M.
1326 1612 323 52 Qunsbourg
1689 1612 178 43 would
1902 1613 64 42 be
1997 1611 225 43 allowed
2255 1612 59 41 to
2348 1609 66 44 do

176 1698 150 42 what
357 1698 67 42 he
456 1698 420 51 premeditated.
893 1705 63 35 &
1134 1705 1279 38 &&&&&&

273 1785 71 43 At
372 1787 96 41 the
501 1786 106 43 last
640 1787 259 50 moment,
931 1786 270 52 however,
1233 1787 104 42 and
1371 1787 237 42 without
1637 1787 184 52 giving
1851 1797 106 44 any
1987 1797 150 32 more
2169 1785 168 44 effort
2356 1787 59 41 to

180 1876 45 42 it
255 1876 136 42 than
425 1876 144 42 most
614 1875 190 52 people
851 1874 177 44 would
1075 1876 121 51 give
1243 1877 60 41 to
1347 1875 193 53 taking
1585 1888 30 31 a
1660 1877 252 51 morning
1963 1875 178 52 stroll,
2171 1876 244 42 Madame

183 1964 236 51 Wagner
449 1964 207 43 arrives
688 1964 58 42 at
774 1964 96 42 the
919 1962 234 49 Riviera.
1185 1964 207 43 Within
1440 1961 146 56 forty
1616 1964 154 52 eight
1807 1965 169 42 hours
2006 1964 96 42 the
2135 1962 193 44 Prince
2362 1960 56 44 of

1603 2030 22 14 X.

184 2053 221 42 Monaco
438 2050 211 43 refuses
680 2053 59 40 to
773 2050 158 43 allow
961 2051 95 42 the
1089 2050 375 52 performance
1497 2054 58 39 to
1585 2050 132 43 take
1761 2050 172 52 place.
2110 2059 65 36 &
2350 2058 65 35 &

278 2142 241 40 Madame
552 2139 234 52 Wagner
816 2140 136 42 then
987 2142 130 40 does
1150 2142 99 40 not
1280 2142 166 40 abuse
1481 2140 99 42 her
1624 2140 267 50 triumph,
1938 2140 100 42 but
2067 2139 47 42 is
2147 2148 271 42 generous

181 2229 215 52 enough
429 2229 58 42 to
522 2227 156 44 make
711 2239 30 31 a
774 2229 336 45 concession.
1140 2229 107 42 She
1295 2229 187 42 allows
1528 2241 30 30 a
1604 2227 275 44 rehearsal
1924 2229 58 41 to
2029 2229 64 41 be
2124 2227 294 43 witnessed

183 2317 67 52 by
296 2318 158 41 those
500 2316 191 53 people
736 2317 122 42 who
906 2327 144 32 were
1097 2316 277 53 evidently
1420 2317 202 51 hoping
1662 2317 60 40 to
1768 2314 156 43 make
1969 2316 301 41 thousands
2319 2316 99 40 out

181 2404 57 44 of
269 2406 63 42 it.
2353 2410 64 35 <o

184 2502 65 35 &
280 2492 44 45 A
355 2492 145 45 little
525 2504 148 31 more
706 2492 54 43 of
790 2493 111 42 this
934 2493 154 52 quiet
1136 2493 99 42 but
1280 2492 352 43 tremendous
1663 2491 162 52 spirit
1854 2501 198 41 among
2081 2491 97 40 the
2210 2500 209 33 women

184 2584 119 41 who
336 2594 90 31 are
459 2594 58 30 so
564 2581 184 53 loudly
793 2584 326 50 advocating
1158 2581 256 44 women's
1448 2581 196 52 rights,
1676 2581 106 42 and
1812 2580 97 42 the
1939 2578 169 45 world
2141 2578 178 44 would
2356 2580 63 42 be

189 2683 30 31 a
247 2681 131 41 very
411 2670 159 42 much
606 2671 236 51 grander
872 2671 150 51 place
1055 2670 135 42 than
1221 2671 45 40 it
1299 2670 47 41 is
1379 2670 57 39 at
1468 2670 240 49 present.

288 2760 46 41 It
364 2760 46 41 is
442 2758 306 52 absolutely
781 2759 148 51 right
959 2759 124 42 that
1172 2756 226 43 Parsifal
1488 2755 193 43 should
1715 2755 127 53 only
1876 2758 63 40 be
1976 2756 165 41 heard
2175 2756 54 41 in
2264 2755 160 52 Bey=«

193 2848 180 42 reuth.
407 2848 49 40 It
487 2848 45 42 is
565 2858 101 30 one
699 2844 55 44 of
783 2846 94 42 the
910 2857 248 31 common
1191 2846 104 41 and
1329 2844 183 49 stupid
1545 2844 150 42 ideas
1728 2841 55 45 of
1815 2845 223 41 modern
2088 2843 91 42 life
2227 2843 126 42 that
2391 2853 32 32 a

191 2934 171 43 man's
393 2934 153 43 work
594 2935 245 42 becomes
887 2934 180 51 public
1111 2934 258 51 property
1414 2931 158 44 when
1623 2943 132 30 once
1787 2933 45 39 it
1864 2931 97 42 has
1994 2933 134 40 been
2163 2931 163 41 heard
2362 2940 62 33 or

189 3033 149 34 seen.
357 3023 125 43 This
500 3024 268 55 stupidity
802 3023 54 43 of
887 3034 191 32 course
1111 3033 178 32 comes
1321 3019 139 45 from
1492 3022 95 40 the
1620 3020 257 52 grasping
1900 3020 195 42 nature
2128 3019 55 42 of
2215 3019 211 42 certain

190 3111 248 41 business
468 3111 192 52 people
692 3113 104 39 and
828 3109 139 43 from
1000 3111 97 41 the
1127 3108 190 53 vanity
1348 3105 55 45 of
1434 3108 204 42 certain
1672 3108 206 43 others.

194 3206 65 37 jg?
289 3198 170 43 These
490 3201 126 40 vain
649 3202 282 41 creatures
964 3201 147 40 want
1141 3199 58 40 to
1248 3198 64 41 be
1342 3196 95 42 the
1470 3197 225 51 patrons
1737 3196 55 43 of
1821 3197 126 42 that
1976 3196 176 42 which
2185 3197 46 41 is
2264 3197 55 41 in
2354 3206 70 32 no

193 3297 118 42 way
343 3287 293 42 connected
669 3287 133 43 with
835 3288 173 50 them,
1037 3296 59 32 so
1130 3285 131 52 they
1293 3285 91 49 get
1413 3293 32 32 a
1478 3283 248 43 business
1757 3295 124 30 man
1915 3285 99 41 hot
2034 3293 69 33 on
2126 3283 96 42 the
2245 3292 180 41 scene,

195 3377 103 41 and
327 3375 160 43 think
518 3376 95 42 the
646 3375 144 43 trick
821 3377 46 41 is
899 3377 157 41 done.
2135 3381 63 36 &
