2588 3711
159 252 736 84 LETTERS
1027 260 178 66 TO
1339 260 290 69 THE
1753 252 671 94 EDITOR.

159 423 189 48 THE
396 426 669 54 LIVERPOOL
1116 429 701 56 REPERTORY
1879 434 545 55 THEATRE.

153 555 105 43 Sir.

158 643 156 91 'jphe
348 642 238 53 wealthy
618 654 94 32 are
745 643 149 44 often
930 647 243 53 thought
1203 652 58 39 to
1296 650 65 41 be
1395 661 176 33 mean.
1608 650 242 52 Perhaps
1881 653 129 41 that
2055 654 43 41 Is
2153 654 126 55 why
2324 655 100 44 the

244 730 313 45 wealthiest
590 733 189 43 nation
813 734 59 43 in
903 736 97 41 the
1033 737 192 53 world,
1259 738 223 53 making
1513 739 95 42 the
1642 743 248 50 greatest
1933 743 157 42 boast
2124 742 56 43 of
2225 744 75 42 its
2331 755 63 41 ge-

155 822 266 60 nerosity,
454 822 96 43 has
585 835 58 30 so
677 836 164 40 many
873 824 56 44 of
959 826 98 43 the
1093 831 229 52 poverty
1354 828 247 45 stricken
1636 829 56 44 in
1730 832 73 42 its
1837 832 184 43 midst.
2359 842 66 36 jg/

251 909 222 44 Certain
507 912 45 42 it
585 912 45 43 is
662 912 127 43 that
821 913 72 43 all
929 920 340 40 movements
1302 920 243 43 towards
1576 920 206 43 reform
1818 923 104 41 and
1975 922 343 43 betterment
2364 925 57 42 in

152 998 245 52 England
423 1011 93 32 are
550 1003 258 50 expected
842 1007 59 40 to
936 1005 158 43 make
1127 1007 66 42 do
1227 1007 135 43 with
1397 1020 103 32 one
1556 1009 116 44 half
1723 1010 55 43 of
1828 1012 95 42 the
1957 1015 468 51 encouragement

152 1090 104 40 and
290 1089 262 44 financial
587 1092 300 44 assistance
941 1097 262 42 accorded
1236 1099 60 42 to
1330 1097 212 45 similar
1593 1103 343 43 endeavours
1990 1101 324 46 elsewhere.
2360 1104 60 42 In

155 1176 103 45 Art
290 1180 143 41 most
464 1180 171 53 justly
667 1181 56 43 of
755 1183 70 41 all
860 1195 123 42 may
1015 1186 113 42 this
1162 1189 317 41 accusation
1515 1190 65 41 be
1615 1189 175 44 levied
1815 1193 220 51 against
2055 1194 97 41 the
2176 1193 245 53 English.

150 1266 112 45 The
296 1269 173 42 bitter
501 1271 123 41 root
656 1270 56 43 of
743 1273 328 51 puritanism
1105 1275 97 42 has
1236 1275 99 43 left
1366 1275 114 43 foul
1504 1279 145 39 stain
1673 1280 368 52 everywhere.
2064 1280 109 44 The
2197 1282 223 53 English

154 1358 165 42 artist
351 1358 46 43 Is
428 1360 96 51 yet
554 1371 258 31 someone
845 1364 60 40 to
939 1364 65 40 be
1037 1364 264 51 'ignored'
1336 1377 92 32 ...a
1462 1368 227 39 modern
1714 1368 240 42 cultural
1977 1367 139 44 form
2143 1369 54 43 of
2220 1372 200 43 earlier

152 1448 330 51 puritanical
516 1449 241 52 burning
790 1452 104 40 and
931 1452 217 44 hatred.
1181 1451 46 44 If
1259 1454 67 41 he
1362 1456 66 40 be
1462 1456 99 40 not
1593 1454 207 44 reviled
1837 1456 67 42 he
1937 1458 46 40 is
2016 1458 242 52 drugged
2283 1459 134 42 with

152 1538 96 42 the
279 1539 294 51 poisonous
606 1541 141 42 wine
781 1539 56 44 of
858 1539 250 58 flattery.
2112 1552 64 33 &

249 1626 71 44 As
352 1626 365 52 justification
751 1630 88 44 for
884 1632 113 42 this
1051 1633 237 42 diatribe
1342 1633 220 52 against
1616 1635 223 53 English
1893 1633 371 55 pettifogging
2314 1637 107 42 and

150 1716 301 53 disregard,
486 1717 76 43 let
593 1730 64 30 us
690 1718 128 44 take
851 1720 96 43 the
982 1731 122 32 case
1138 1721 55 42 of
1241 1722 217 43 Drama.
1512 1725 70 40 As
1635 1735 30 29 a
1712 1722 306 54 particular
2065 1724 251 43 instance
2365 1726 53 41 in

149 1804 124 43 that
305 1818 121 30 case
459 1806 77 43 let
571 1819 62 32 us
667 1810 235 42 conduct
935 1821 69 31 an
1038 1812 250 53 ex-parte
1324 1812 371 42 examination
1730 1815 117 41 into
1871 1815 95 41 the
1992 1815 428 42 circumstances

148 1894 104 42 and
286 1896 225 49 present
543 1898 280 41 condition
859 1898 55 41 of
944 1899 97 42 the
1076 1899 281 53 Liverpool
1394 1900 303 55 Repertory
1730 1901 255 54 Theatre,
2018 1904 60 41 to
2112 1904 177 41 which
2312 1913 105 43 you

146 1980 247 45 referred
430 1985 53 41 in
517 1997 139 39 your
689 1985 106 43 last
828 1989 166 42 issue.
2096 1998 63 33 &

247 2073 174 43 These
456 2073 220 53 English
713 2077 300 54 Repertory
1044 2078 266 44 Theatres
1343 2091 92 31 are
1470 2092 67 30 an
1574 2083 296 51 unworthy
1923 2083 241 51 attempt
2217 2083 59 41 to
2330 2092 60 30 re-

148 2162 169 54 vivify
348 2164 138 42 with
521 2177 119 30 new
676 2166 158 43 blood
868 2179 29 30 a
931 2174 284 37 worn-out
1267 2181 188 40 corpse
1503 2169 56 44 of
1608 2172 95 42 the
1758 2171 221 52 English
2035 2172 241 41 theatre.
2308 2169 112 44 The

150 2254 239 51 attempt
421 2253 47 43 is
502 2257 295 51 unworthy
832 2258 229 42 because
1093 2258 95 42 the
1221 2262 311 48 promoters
1566 2261 137 42 have
1739 2261 224 42 hurried
1997 2261 60 42 to
2111 2260 149 41 their
2290 2258 130 43 task

146 2342 135 42 with
315 2353 69 31 an
419 2342 289 52 imperfect
747 2343 318 55 knowledge
1099 2345 55 44 of
1185 2348 150 42 what
1367 2360 112 30 was
1512 2350 256 52 required
1803 2347 57 45 of
1890 2350 174 50 them,
2110 2359 62 31 or
2220 2346 57 44 of
2323 2350 95 42 the

148 2433 89 41 art
267 2432 175 42 which
478 2433 131 54 they
640 2433 138 44 have
811 2436 203 52 sought
1044 2437 60 42 to
1137 2436 324 55 reawaken;
1494 2439 105 41 and
1635 2440 136 40 with
1805 2437 127 43 firm
1983 2437 165 43 belief
2180 2439 54 41 in
2269 2439 151 41 their

148 2533 185 41 power
347 2524 60 40 to
426 2520 165 46 effect
607 2524 135 42 vital
761 2526 399 50 improvement
1180 2527 66 53 by
1265 2529 352 52 inexpensive
1636 2531 104 40 and
1758 2529 377 43 conservative
2147 2529 270 44 methods.

248 2611 111 43 The
394 2613 282 50 Liverpool
710 2613 233 43 Theatre
978 2615 45 42 is
1054 2616 317 52 struggling
1401 2618 244 42 towards
1677 2618 95 43 the
1806 2618 143 43 close
1982 2616 55 44 of
2088 2618 74 43 its
2214 2619 202 41 second

148 2710 213 33 season.
398 2700 161 43 What
591 2701 46 42 is
670 2701 95 42 the
798 2701 215 54 history
1046 2701 54 45 of
1133 2705 71 41 its
1242 2705 384 43 achievement
1649 2707 27 41 ?
1709 2708 151 51 Upon
1894 2708 147 42 what
2076 2718 119 32 new
2228 2705 187 45 school

149 2788 55 42 of
235 2790 268 42 dramatic
534 2790 226 54 writing
794 2793 95 42 has
922 2794 46 41 it
999 2794 87 41 set
1119 2794 97 43 the
1249 2794 110 43 seal
1385 2794 54 43 of
1461 2795 72 42 its
1559 2798 467 52 encouragement
2044 2795 26 44 ?
2096 2797 147 43 With
2269 2798 149 42 what

152 2889 120 32 new
306 2881 249 41 methods
591 2881 55 43 of
676 2883 328 51 production
1041 2884 96 44 has
1190 2886 44 40 it
1284 2888 407 50 experimented
1714 2887 26 42 ?
1789 2888 105 41 Has
1947 2888 46 40 it
2041 2898 29 30 a
2123 2887 186 43 school
2361 2886 57 44 of

145 2968 207 54 acting,
384 2971 105 40 and
524 2971 45 42 is
604 2971 122 40 that
759 2971 182 43 school
976 2973 54 41 in
1066 2983 30 31 a
1128 2971 337 54 flourishing
1498 2973 280 43 condition
1805 2973 27 43 ?
1886 2976 130 40 How
2070 2986 161 39 many
2284 2975 102 41 Sha-

145 3057 335 53 kespearean
501 3060 150 53 plays
670 3061 137 43 have
827 3062 134 41 been
985 3062 308 51 performed
1320 3063 201 52 during
1542 3065 155 42 these
1721 3067 108 40 two
1848 3063 256 44 seasons?
2121 3065 296 50 Questions

145 3150 106 39 and
286 3149 198 43 doubts
517 3160 149 32 come
699 3151 275 52 tumbling
996 3155 99 38 out
1118 3151 55 43 of
1195 3152 152 43 one's
1378 3154 272 52 thought;
1683 3155 59 40 to
1776 3155 129 40 each
1942 3152 55 43 of
2029 3154 151 41 them
2204 3152 213 52 painful

145 3237 205 44 silence
383 3241 44 40 is
460 3240 233 51 perhaps
727 3241 95 42 the
858 3245 144 38 most
1035 3244 345 42 considerate
1413 3255 233 32 answer.
1857 3251 65 36 ?

146 3336 64 35 &
247 3328 94 43 We
374 3338 143 31 were
550 3328 115 43 told
700 3330 126 41 that
858 3330 95 42 the
988 3333 149 39 word
1173 3333 33 24 **
1231 3334 288 51 repertory
1611 3343 109 32 was
1743 3331 96 44 the
1866 3331 236 55 rallying
2125 3344 93 42 cry
2243 3333 55 44 of
2318 3335 98 43 the

146 3428 121 30 new
300 3416 165 53 spirit
497 3418 56 42 in
588 3420 96 41 the
720 3420 223 52 English
978 3420 254 43 Theatre.
1254 3423 103 40 Yet
1378 3424 56 41 in
1457 3423 98 42 the
1578 3423 221 42 theatre
1824 3422 177 43 under
2023 3424 395 53 examination,
