2588 3711
170 927 259 68 THE
535 927 605 78 GORDON
1244 929 440 78 CRAIG
1790 931 605 69 SCHOOL.

163 1043 832 68 Established
1082 1048 642 86 February
1800 1051 234 66 27th
2118 1045 277 72 1913.

159 1203 44 44 A
354 1200 119 55 RED
474 1200 264 52 LETTER
789 1202 161 45 DAY
1844 1200 88 49 IN
1132 1203 144 46 THE
1312 1204 331 53 HISTORY
1692 1205 99 46 OF
1839 1205 151 46 THE
2038 1205 360 52 THEATRE.

594 1363 104 41 any
731 1352 158 41 times
925 1354 91 40 has
1527 1350 116 46 The
1204 1351 173 46 Mask
1414 1355 164 49 urged
1615 1355 91 41 the
1743 1356 265 51 necessity
2041 1355 85 42 for
2159 1368 27 30 a
2219 1355 191 43 School

596 1437 86 44 for
714 1440 94 39 the
844 1439 99 42 Art
976 1439 54 42 of
1062 1441 95 41 tiie
1190 1443 230 40 Theatre
1455 1440 53 43 of
1540 1443 129 40 such
1719 1454 29 29 a
1800 1444 216 49 nature,
2063 1445 100 39 and
2203 1445 207 39 carried

597 1529 97 38 out
729 1538 141 39 upon
905 1529 129 41 such
1072 1528 155 50 lines,
1262 1540 57 31 as
1353 1530 81 41 Mr
1469 1529 158 51 Craig
1662 1530 94 41 has
1790 1530 314 53 repeatedly
2134 1533 86 39 set
2241 1530 170 42 forth.

600 1617 56 39 In
691 1615 94 41 the
820 1614 105 43 last
958 1618 229 40 number
1220 1617 53 41 of
1306 1620 93 38 the
1433 1617 215 53 journal
1682 1619 93 39 the
1799 1617 211 50 subject
2034 1629 106 31 was
2164 1619 247 41 renewed

599 1703 66 51 by
700 1702 127 42 both
861 1704 83 41 Mr
976 1704 203 52 George
1213 1704 414 43 Baltruschaltis
1660 1707 102 39 and
1787 1707 80 39 Mr
1891 1707 272 40 Laurence
2189 1707 222 51 Blnyon.

179 1790 127 42 Now
339 1801 80 30 we
452 1801 91 30 are
579 1789 173 51 happy
786 1789 52 41 in
876 1792 163 51 being
1070 1792 118 43 able
1223 1794 54 40 to
1313 1793 211 51 publish
1559 1793 93 42 the
1685 1804 145 31 news
1864 1793 53 41 of
1949 1794 95 41 the
2090 1792 323 43 foundation

178 1877 53 42 of
261 1878 111 42 this
405 1877 212 42 School.

274 1966 140 42 Such
452 1976 146 30 news
633 1966 44 39 is
710 1976 56 30 as
801 1966 367 53 exhilerating
1196 1980 57 29 as
1282 1970 45 39 it
1360 1968 43 42 is
1437 1967 273 52 welcome,
1743 1967 86 43 for
1862 1968 45 41 it
1940 1981 229 41 conveys
2212 1983 28 28 a
2288 1981 127 32 sure

179 2053 233 51 promise
445 2052 88 42 for
564 2052 96 42 the
693 2051 189 43 future
918 2053 53 42 of
1003 2055 97 42 the
1134 2055 232 43 Theatre
1399 2066 59 31 as
1491 2055 120 42 well
1648 2066 56 32 as
1738 2067 30 31 a
1816 2057 212 42 sincere
2076 2056 338 44 satisfaction

181 2145 52 37 in
268 2142 96 41 the
398 2142 224 50 present
655 2152 130 31 over
818 2142 94 42 the
947 2142 320 43 realization
1303 2141 53 43 of
1389 2155 28 29 a
1453 2142 125 52 long
1611 2143 280 44 cherished
1925 2147 155 50 hope.

265 2229 108 40 The
397 2231 442 39 announcement
863 2241 108 31 was
997 2231 153 45 made
1176 2231 66 50 by
1267 2231 80 41 Mr
1371 2231 214 41 Gordon
1611 2231 158 52 Craig
1795 2232 214 42 himself
2033 2245 67 31 on
2126 2234 291 53 February,

178 2317 203 51 27th,...
415 2328 30 30 a
477 2317 101 51 day
613 2319 140 40 most
785 2316 248 54 fittingly
1068 2319 195 40 chosen
1299 2329 57 30 as
1381 2320 158 50 being
1557 2320 123 42 Miss
1703 2320 146 43 Ellen
1876 2321 209 54 Terry's
2109 2323 309 52 birthday...

181 2405 93 42 We
308 2404 120 51 give
465 2404 81 42 his
583 2417 118 29 own
736 2406 177 41 words
940 2414 13 32 :

388 2490 64 61 The
487 2491 124 41 date
646 2491 291 51 coincides,
1041 2493 65 40 he
1140 2503 140 42 says,
1312 2494 34 20 44
1381 2494 131 41 with
1549 2494 92 42 the
1672 2495 315 43 realisation
2025 2497 54 41 of
2112 2509 100 31 one
2248 2497 53 43 of
2335 2511 84 40 my

183 2582 33 23 44
251 2582 140 38 most
425 2579 281 41 cherished
743 2579 260 42 schemes.
1036 2578 114 42 And
1187 2591 57 29 as
1277 2579 278 43 whatever
1588 2582 17 40 I
1639 2593 84 29 am
1759 2593 61 31 or
1854 2596 119 40 may
2006 2587 63 40 be
2123 2588 18 39 I
2196 2598 114 31 owe
2364 2591 55 36 to

183 2669 31 21 44
250 2668 94 41 the
378 2667 271 52 inspiring
680 2665 273 44 influence
989 2665 52 44 of
1077 2678 83 41 my
1195 2668 231 48 mother,
1460 2668 153 43 could
1648 2672 268 52 anything
1950 2674 64 41 be
2049 2686 147 30 more
2230 2687 160 38 appro-

183 2757 29 20 -44
251 2757 173 48 priate
459 2756 133 39 than
626 2756 123 40 that
783 2756 17 39 1
834 2754 191 41 should
1060 2756 113 50 Join
1210 2754 97 41 her
1356 2766 154 30 name
1558 2757 132 42 with
1740 2759 91 41 the
1882 2766 439 39 announcement
2370 2763 53 43 of

250 2843 93 41 the
377 2841 207 52 project
617 2841 243 43 referred
894 2845 57 38 to
974 2841 25 43 ?
1032 2843 56 40 In
1124 2842 158 41 other
1314 2845 196 49 words,
1544 2845 15 39 I
1588 2845 159 52 bring
1770 2847 43 39 it
1836 2848 56 40 to
1917 2847 94 42 her
2038 2861 56 29 as
2118 2862 29 30 a
2173 2851 250 54 birthday

180 2932 34 23 44
250 2927 251 53 offering,
536 2927 139 55 fully
708 2930 346 50 recognising
1086 2930 123 40 that
1260 2930 16 40 I
1327 2940 114 32 owe
1489 2931 73 42 its
1609 2931 300 44 fulfilment
1963 2936 203 55 largely
2216 2940 54 39 to
2328 2940 96 40 her

183 3019 31 22 44
252 3019 354 49 unwavering
639 3019 102 39 and
778 3016 205 51 helpful
1018 3020 475 48 encouragement.
2362 3035 62 34 <£?

279 3106 33 23 44
346 3104 223 53 To-day,
602 3105 152 44 then,
788 3116 82 31 we
904 3105 85 51 lay
1022 3106 93 41 the
1148 3104 348 45 foundations
1547 3107 52 42 of
1647 3110 122 41 that
1822 3114 386 48 experimental
2243 3116 180 42 school

180 3194 36 20 44
251 3190 87 42 for
368 3191 95 42 the
499 3191 110 42 cult
635 3190 53 43 of
707 3193 92 41 the
820 3195 86 39 art
926 3193 52 41 of
997 3194 92 39 the
1111 3193 217 41 theatre
1352 3195 174 41 which
1552 3195 44 42 it
1622 3198 92 40 has
1741 3198 123 52 long
1891 3201 132 41 been
2052 3214 84 39 my
2161 3204 262 41 ambition

184 3280 32 19 44
249 3280 56 40 to
340 3278 258 42 establish
635 3281 53 40 in
725 3279 258 52 England.
1016 3281 138 41 Such
1190 3280 185 52 things
1411 3285 114 40 cost
1559 3294 191 42 money
1801 3286 180 44 before
2030 3290 129 51 they
2211 3302 96 30 can
2362 3293 62 39 be

185 3369 31 20 44
252 3368 82 39 set
372 3378 138 38 upon
546 3379 29 29 a
607 3365 124 43 firm
767 3368 242 51 footing:
1047 3369 89 41 the
1171 3372 233 48 prudent
1442 3383 120 29 man
1599 3374 124 42 does
1760 3377 95 38 not
1903 3379 223 40 embark
2184 3391 137 37 upon
2358 3392 66 28 an
