5181 7335
186 6878 67 68 88

196 352 130 51 Bald

186 441 163 48 wühlt
378 440 79 46 die
491 438 119 49 Glut

186 530 87 46 auf
310 526 164 49 flache
516 525 256 51 Scholle».

187 614 147 49 Dann
373 617 228 46 brennen
639 613 307 51 Menschen:

185 701 107 50 Du!
1433 703 10 49 ;

185 877 307 59 Strindberg

187 1002 132 49 Dein
351 1002 169 57 Kreuz
551 1018 111 33 war
694 1016 94 38 aus
816 1001 236 50 Sternen.

187 1089 165 52 Feuer
394 1091 182 52 Gottes

190 1180 149 47 deine
374 1179 162 49 Seele.

187 1265 254 58 Ewigkeit

187 1354 160 55 gebar
383 1355 114 45 dein
530 1351 249 51 Schmerz

187 1439 391 51 Unendlichkeit

187 1528 149 47 deine
368 1527 145 50 Tiefe

187 1613 79 49 Du
296 1615 117 48 hast
448 1615 48 47 in
533 1615 157 48 Liebe
724 1618 308 56 empfangen

187 1701 127 49 Dich
350 1704 195 49 wissen

181 1789 86 48 die
303 1789 310 52 Wissenden

188 1965 143 50 Nach
370 1966 332 56 Strindbergs
743 1965 194 50 Ostern

179 2087 102 49 Auf
320 2088 130 49 allen
491 2088 240 49 Lichtern
770 2088 208 55 tropfen
1015 2089 411 49 Dornenkronen

185 2169 120 51 Bist
332 2171 137 49 steht
500 2172 87 49 auf
618 2171 245 55 Zweigen

181 2252 100 52 bell

181 2339 102 46 wie
314 2336 331 56 Morgentau.

181 2418 116 52 Und
339 2435 155 36 unser
534 2423 137 55 Weg
707 2422 140 55 quält
883 2437 94 35 uns
1020 2426 91 47 mit
1147 2426 202 54 spitzen
1383 2423 212 51 Steinen

181 2503 299 51 hinblutend

183 2589 259 48 schreiten
488 2592 96 45 wir
625 2592 91 48 mit
757 2591 222 49 nackten
1019 2590 188 53 Füßen.

184 2671 222 52 Schwer
439 2676 67 47 ist
539 2675 94 48 das
663 2673 132 51 Holz
827 2690 67 34 zu
927 2678 183 52 tragen

181 2759 106 48 und
319 2756 126 50 Leib
482 2760 102 47 und
618 2757 127 51 Stab
779 2760 115 48 sind
925 2760 168 47 müde.

181 2839 91 49 Bis
308 2843 111 46 eine
450 2841 173 50 Sonne
652 2841 131 49 über
815 2842 232 50 Glocken
1076 2841 153 50 steht.

181 2922 90 53 Bis
305 2938 93 34 aus
437 2927 116 47 dem
586 2921 203 56 Kreuze

179 3007 295 55 Osterlilien
513 3009 253 56 sprießen.

178 3091 112 49 Wir
324 3093 183 53 quälen
539 3093 95 49 alle
665 3106 190 36 unsern
886 3093 136 55 Weg

176 3178 98 46 wir

176 3259 85 49 die
291 3264 99 45 wir
419 3260 140 49 nicht
588 3262 84 47 die
705 3260 283 50 Seichtheit
1021 3261 188 55 glatter
1241 3261 142 56 Tage

175 3345 51 46 in
259 3343 99 49 den
386 3342 185 50 Seelen
601 3346 200 52 tragen.

855 3420 6 11 i

178 3512 170 49 Ferne
380 3513 136 48 Frau

192 3639 53 50 In
285 3639 200 50 deinem
519 3639 205 51 Schöße

192 3725 117 51 ruht
340 3730 134 46 mein
513 3726 187 51 Schlaf.

190 3814 163 50 Deine
386 3813 152 53 Seele
568 3816 67 46 ist
670 3816 81 46 ein
785 3814 188 58 großes
1007 3814 218 50 Wasser

192 3903 80 51 die
308 3902 185 50 Sterne
530 3903 170 48 finden
735 3903 120 48 kein
887 3900 115 53 Bild
1037 3904 48 46 in
1122 3902 90 48 dir.

190 3985 80 49 Du
306 3986 178 51 stirbst
523 3987 50 46 in
607 3987 96 49 den
734 3986 176 51 kalten
941 3984 222 53 Winden

185 4074 103 48 und
319 4075 78 47 ich
428 4073 163 51 lächle
625 4074 134 48 mich
792 4090 63 35 an
890 4073 202 51 deinem
1126 4073 174 49 Grabe

186 4161 200 49 vorbei.

183 4488 635 98 Nochmals
893 4489 525 99 Polarität

185 4679 129 44 oder

186 4815 125 36 vom
345 4799 193 49 Wesen
566 4799 95 51 des
691 4799 404 51 Unterschiedes

185 4930 92 50 Dr.
305 4931 52 50 S.
389 4930 367 49 Friedlaender

281 5053 247 51 Gariiicht
558 5058 222 46 intensiv
811 5069 169 44 genug
1011 5055 114 49 sind
1155 5057 80 47 die
1267 5054 278 49 verehrten
1575 5055 91 50 Mit-

181 5141 280 48 menschen
504 5141 180 49 darauf
717 5141 354 50 aufmerksam
1104 5155 65 35 zu
1203 5140 235 58 machen,
1473 5141 95 51 daß
1601 5142 97 48 der

185 5228 490 60 Unterscheidende,
752 5228 90 48 der
888 5227 234 51 wirklich
1192 5230 96 49 mit
1363 5225 328 52 Urteilskraft

182 5311 401 56 unterscheidet,
617 5315 100 47 und
753 5312 108 54 also
895 5312 163 51 selbst
1088 5311 292 57 persönlich
1413 5327 105 35 von
1548 5311 151 49 allem

183 5395 374 50 Unterschiede
595 5399 233 49 eximiert
863 5401 84 56 ist,
988 5399 523 54 notwendigerweise
1553 5400 144 54 polar

185 5484 334 55 gegenseitig,
556 5484 111 49 also
706 5484 138 49 nicht
885 5489 141 44 etwa
1064 5499 45 34 z.
1145 5484 58 50 B.
1242 5485 182 48 kausal
1463 5484 235 55 einseitig

186 5567 398 52 unterscheidet.
651 5570 66 48 Er
756 5569 382 49 unterscheidet
1175 5569 212 49 niemals
1428 5570 117 49 bloß
1586 5571 114 47 eine

187 5648 270 62 Richtung,
524 5653 223 49 sondern
814 5656 148 46 einen
1030 5654 668 56 Richtungs-Unterschied,

187 5738 270 54 eigentlich
491 5739 336 57 -Gegensatz.

282 5822 104 49 Der
433 5823 254 54 Verstöße
745 5840 165 43 gegen
971 5826 185 56 dieses,
1213 5841 199 35 wenn
1456 5840 118 36 man
1618 5828 80 48 die

187 5905 141 53 Welt
388 5909 89 48 des
523 5909 401 52 Unterschiedes
980 5914 187 50 restlos
1229 5912 307 57 erschöpfen
1577 5912 122 58 will,

184 5994 347 50 unerläßliche
590 5993 311 61 Benehmen,
954 5999 113 49 sind
1121 6013 61 35 so
1239 5998 305 61 zahlreiche,
1601 5997 98 50 daß

187 6078 132 51 ohne
355 6083 74 47 sie
462 6082 113 51 jene
612 6080 139 50 Welt
782 6083 173 58 längst
988 6087 238 48 stimmen
1257 6085 198 58 würde,
1491 6085 208 57 klingen

187 6163 198 62 wtürde,
416 6172 124 45 statt
570 6180 63 34 zu
664 6166 263 56 klappern.
987 6170 105 51 Vor
1121 6170 165 50 Allem
1312 6170 237 54 verstößt
1581 6186 119 36 man

188 6263 165 44 gegen
395 6256 108 45 sein
540 6253 174 56 eignes
754 6251 230 60 Subjekt,
1023 6270 153 37 wenn
1217 6272 120 34 man
1378 6270 56 36 es
1471 6272 97 34 aus
1610 6260 90 48 der

191 6334 123 50 über
339 6338 147 52 jeden
515 6338 343 49 Unterschied
887 6339 216 50 lachend
1129 6344 296 49 erhabenen
1451 6341 251 56 Majestät

192 6431 62 36 zu
332 6425 166 48 etwas
561 6423 542 51 leiblich-menschlich
1169 6428 285 50 vereinzelt
1515 6428 155 50 Unter-

188 6505 330 53 schiedenem
580 6511 316 56 degradiert.
971 6511 185 51 Leiber
1216 6516 115 48 sind
1383 6515 119 50 bloß
1565 6514 108 51 Füll-

190 6587 311 55 federhalter
559 6595 95 50 des
716 6595 375 51 schreibenden
1149 6596 293 56 Subjektes.
1521 6599 179 50 Gleich

197 6679 197 49 danach
423 6685 303 56 versündigt
755 6698 117 37 man
905 6685 110 53 sich
1043 6698 83 36 am
1158 6685 205 60 Objekt,
1394 6702 89 35 am
1511 6687 156 50 Unter-

193 6759 354 61 scheidbaren,
630 6778 156 37 wenn
867 6782 118 37 man
1061 6769 187 49 dessen
1313 6770 387 50 Differenz

1825 347 283 57 irgendwie
2147 343 607 52 monistisch-unitarisch
2795 340 363 56 vereinfältigt.
3201 337 99 50 Sim-

1827 430 193 56 plizität
2054 431 66 49 ist
2153 429 163 49 nichts
2351 430 78 47 für
2463 426 217 60 Simpel;
2716 427 75 47 sie
2821 423 241 57 verlangt
3095 426 95 48 den
3224 424 113 49 tief-

1824 515 106 49 und
1961 514 317 56 feinhörigen
2307 512 344 50 Harmoniker
2683 513 94 47 des
2804 515 129 46 stets
2964 523 166 43 gegen
3163 510 175 48 diesen

1829 603 467 55 widerspänstigen
2346 598 417 51 Unterschiedes.

1921 699 186 49 Achtet
2147 711 100 35 nun
2291 697 196 57 darauf,
2534 699 99 46 wie
2677 709 133 42 ganz
2853 695 149 49 allein
3042 695 296 52 deswegen,

1824 785 122 49 weil
1979 785 84 49 die
2100 783 141 49 Welt
2281 782 394 49 unterschieden
2717 783 80 56 ist,
2837 781 106 49 ihre
2981 779 330 55 Gegenseitig-

1827 872 104 47 keit
1971 871 49 46 in
2062 870 141 53 jeder
2242 868 296 58 Beziehung
2580 867 310 56 respektiert
2933 866 215 46 werden
3194 863 142 61 muß;

1824 956 103 48 und
1956 956 102 49 wie
2088 954 257 50 durchaus
2370 953 355 58 unzulänglich
2755 953 143 52 jeder
2927 951 250 55 Versuch,
3209 949 130 50 auch

1826 1055 91 33 mir
1956 1043 96 46 den
2088 1042 296 54 geringsten
2422 1039 343 49 Unterschied
2800 1037 228 50 harmlos
3064 1036 180 55 simpel
3278 1050 61 33 zu

1822 1128 335 53 nuancieren;
2198 1125 126 48 oder
2367 1127 234 52 einseitig
2644 1137 92 35 aus
2779 1122 126 49 aller
2949 1122 391 55 gegenseitigen

1824 1212 299 59 Beziehung
2152 1226 64 38 zu
2250 1214 208 54 renken,
2489 1212 249 48 ausfallen
2764 1210 145 49 muß:
2940 1209 255 49 beidemal
3224 1207 110 49 tritt

1827 1298 89 47 der
1962 1296 288 50 Bankerott
2312 1295 91 49 des
2450 1292 747 52 unterscheidendenSubjekts
3244 1291 96 50 ein.

1920 1396 145 47 Auch
2125 1395 79 48 die
2262 1395 255 49 minimale
2556 1393 260 49 Differenz
2872 1392 153 49 sticht
3068 1392 129 48 eben
3236 1403 104 35 von

1827 1480 160 49 ihrem
2020 1480 193 56 Nichts,
2253 1481 44 49 d.
2336 1484 28 46 i.
2399 1479 164 51 ihrem
2600 1476 400 51 Unterscheider
3042 1476 139 48 nicht
3219 1478 91 46 sim-

1828 1565 96 59 pel,
1973 1565 228 48 sondern
2246 1566 299 57 notwendig
2594 1563 363 56 differenziert,
3004 1561 337 58 gegenseitig,

1828 1652 175 56 „polar
2010 1652 10 17 4
2025 1649 10 18 '
2092 1651 80 48 ab.
2250 1650 296 54 Deswegen
2608 1649 109 57 soll,
2778 1651 63 47 da
2899 1649 78 47 die
3021 1648 174 49 Sünde
3250 1648 90 47 der

1827 1734 231 51 falschen
2092 1735 320 51 Einfachheit
2448 1750 60 36 so
2540 1735 385 49 verführerisch
2962 1737 80 52 ist,
3077 1734 168 50 sofort
3279 1747 63 40 an

1829 1822 92 50 der
1954 1822 180 50 Pforte
2165 1836 91 36 zur
2291 1835 199 44 ganzen
2526 1821 141 51 Welt
2700 1820 92 49 der
2829 1818 391 57 Unterschiede,
3260 1817 81 50 die

1827 1906 269 59 Warnung
2127 1907 108 50 laut
2265 1908 239 47 werden:
2541 1906 357 49 unterscheide
2932 1906 233 48 wirklich
3197 1908 146 46 einen

1830 1991 184 51 echten
2074 1991 359 58 Unterschied,
2492 1994 147 47 einen
2689 1991 271 54 Kontrast!
3057 1991 106 47 Laß
3224 1990 121 48 dein

1828 2078 147 54 Auge
2019 2077 109 50 hier
2169 2078 165 54 gleich
2380 2080 93 48 mit
2512 2080 167 50 jenem
2724 2076 523 58 „Doppelblick
3291 2076 50 47 in

1832 2165 80 48 die
1943 2159 143 54 .Welt
2123 2163 174 57 sehen,
2334 2163 236 49 welchen
2605 2163 103 49 alle
2745 2162 194 58 großen
2976 2162 368 49 Erkenntnisse

2087 2247 156 58 (Ecce
2273 2245 194 63 homo).
2514 2251 149 48 Denn
2696 2253 93 46 das
2819 2263 164 43 ganze
3015 2247 160 50 Elend
3206 2247 128 49 aller

1830 2335 380 48 menschlichen
2235 2334 223 49 Theorie
2489 2336 100 46 und
2617 2334 187 50 Praxis
2832 2334 205 50 besteht
3063 2346 94 36 nur
3186 2332 159 56 darin,

1834 2420 96 48 daß
1996 2435 118 34 man
2180 2419 181 58 krank,
2422 2419 178 56 falsch,
2670 2419 217 58 unrund,
2948 2418 393 56 ungegenseitig

1838 2507 405 61 unterscheidet;
2305 2509 67 46 im
2428 2506 212 57 Mangel
2694 2522 66 33 an
2815 2505 379 49 Polarität
3253 2502 90 50 der

1833 2589 351 50 Urteilskraft!
2252 2590 68 50 Es
2345 2590 183 58 gehört
2556 2590 113 50 Mut
2703 2590 146 55 dazu,
2883 2589 80 48 die
2992 2589 139 49 volle
3160 2588 156 49 Unter-

1838 2675 450 57 scheidungskraft
2334 2676 135 48 nicht
2512 2676 116 48 bloß
2677 2675 210 57 logisch,
2942 2676 222 49 sondern
3215 2670 134 51 auch

1835 2761 505 56 sinnlich-praktisch
2401 2761 342 49 aufzubieten.
2816 2761 104 49 Der
2980 2760 246 54 Kontrast
3286 2761 65 46 ist

1838 2849 78 47 ein
1952 2846 325 58 Ungeheuer,
2315 2850 90 47 das
2437 2860 93 34 nur
2571 2849 89 47 der
2696 2847 217 56 besiegt,
2956 2848 90 48 der
3082 2861 56 35 es
3169 2844 182 50 weder

1838 2932 350 50 domestiziert
2224 2934 131 47 noch
2393 2931 335 50 überschätzt
2766 2935 100 47 und
2902 2935 47 46 in
2986 2932 168 49 seiner
3187 2930 131 48 Wild-

1835 3016 273 52 fremdheit
2135 3017 194 50 beläßt:
2368 3032 51 33 er
2454 3017 93 48 soll
2582 3018 187 47 dessen
2793 3017 139 48 volle
2960 3017 147 54 Kraft
3135 3018 80 48 für
3240 3015 107 49 sich

1836 3106 297 47 verwerten
2172 3104 191 48 lernen.
2432 3104 104 48 Der
2575 3102 144 50 Blick
2759 3103 78 49 für
2877 3104 96 48 den
3007 3101 343 50 Unterschied

1833 3193 133 49 wird
2004 3192 154 49 leicht
2196 3207 59 33 zu
2300 3191 163 49 zahm.
2522 3190 122 52 Fast
2688 3189 199 50 scheint
2929 3203 71 41 es,
3044 3190 103 46 wie
3184 3201 156 35 wenn

1834 3286 46 37 z.
1916 3271 58 50 B.
2030 3275 47 44 in
2132 3273 90 48 der
2258 3273 330 57 Philosophie
2645 3278 104 44 erst
2786 3273 178 53 Kant
3020 3272 96 48 den
3158 3269 191 51 echten

1832 3356 267 52 Diameter
2142 3358 61 49 de
2245 3358 437 49 Unterscheidens
2719 3359 321 55 aufgerissen
3078 3358 157 56 hätte,
3274 3358 51 45 in-

1837 3443 117 50 dem
1998 3460 54 33 er
2097 3446 77 47 die
2212 3445 122 47 mild
2373 3443 338 49 vertuschten
2750 3443 394 49 Leibnizischen
3184 3442 131 49 Welt-

1833 3534 314 51 gegensätze
2190 3529 189 58 kräftig
2424 3529 330 51 unterschied
2798 3532 100 47 und
2941 3534 90 46 mit
3072 3529 245 49 nüchtern-

1833 3617 108 46 ster
1996 3612 299 60 Besinnung
2354 3614 282 50 Finsternis
2693 3628 127 37 vom
2870 3615 148 49 Licht
3078 3615 268 56 entfernte,

1832 3699 282 53 Negatives
2168 3714 105 35 von
2330 3700 312 61 Positivem;
2705 3700 253 50 während
3013 3714 53 34 es
3125 3700 220 47 vordem

1832 3783 405 56 wohlgefälliger
2269 3799 129 45 war,
2431 3785 97 48 das
2561 3784 258 55 Negative
2855 3788 75 49 als
2967 3786 111 47 eine
3112 3785 234 48 blassere

1832 3871 210 48 Nüance
2075 3871 90 50 des
2197 3871 268 50 Positiven
2500 3870 398 51 abzuschätzen.
2933 3871 70 50 Es
3032 3871 200 49 kommt
3262 3871 82 47 ein

1833 3952 419 52 entschiednerer
2293 3954 327 50 Geschmack
2681 3954 98 55 auf,
2839 3954 90 50 der
2974 3954 107 49 sich
3125 3956 77 48 für
3244 3956 101 48 den

1828 4041 249 55 Kontrast
2114 4041 129 48 auch
2287 4042 132 48 noch
2461 4043 49 45 in
2555 4043 89 48 der
2683 4043 271 48 mildesten
2998 4040 209 50 Nüance
3252 4040 58 47 ab-

1832 4122 210 53 schärft.
2106 4123 67 50 Es
2208 4125 215 50 dauerte
2456 4125 165 55 lange,
2653 4127 166 48 bevor
2851 4137 119 35 man
2998 4127 116 45 inne
3147 4124 198 56 wurde,

1832 4210 96 50 daß
1961 4213 90 47 der
2077 4209 219 58 Magnet
2323 4212 137 50 nicht
2486 4212 117 49 bloß
2631 4224 181 43 anzog,
2844 4212 225 48 sondern
3097 4208 132 52 auch
3251 4211 63 48 ab-

1830 4296 146 49 stieß.
2035 4296 96 48 Die
2155 4295 281 58 Rechnung
2463 4297 91 49 mit
2581 4298 528 54 entgegengesetzten
3138 4295 209 50 Größen

1831 4380 131 49 lernt
1998 4382 90 47 der
2126 4379 215 51 Schüler
2383 4385 174 53 später
2594 4382 75 48 als
2710 4383 78 47 die
2828 4382 94 48 mit
2960 4381 385 57 gleichartigen.

1930 4463 341 53 Gewöhnlich
2337 4458 187 61 (sehr
2591 4461 374 62 gewöhnlich!)
3034 4471 147 46 saust
3249 4466 90 47 der

1829 4550 477 50 Unterscheidende
2348 4553 113 47 eine
2504 4550 332 54 Stufenleiter
2879 4566 107 34 von
3027 4552 288 49 Gradunter-

1830 4634 246 51 schieden
2122 4635 180 51 hinab:
2364 4650 57 37 er
2456 4637 153 57 zählt,
2661 4652 54 35 er
2752 4638 120 56 lebt,
2914 4654 52 34 er
3006 4636 339 58 verzeitlicht,

1830 4723 297 52 entwickelt
2158 4724 48 49 in
2240 4726 202 49 einer
2473 4724 279 63 Richtung;
2780 4738 125 33 vom
2924 4722 148 55 Quell
3100 4725 49 47 in
3171 4724 167 48 einem

1828 4806 124 49 Fluß
1997 4822 90 35 zur
2127 4806 291 64 Mündung;
2460 4824 124 34 vom
2627 4809 202 57 Anfang
2878 4822 117 34 zum
3035 4807 157 55 Ende,
3238 4821 106 35 von

1832 4891 91 49 der
1976 4892 235 50 Ursache
2268 4907 90 35 zur
2401 4893 268 58 Wirkung.
2742 4893 94 49 Die
2877 4892 240 50 Halbheit
3174 4895 169 47 seiner

1832 4976 332 51 Urteilskraft
2209 4980 209 49 täuscht
2460 4981 84 47 ihn
2594 4981 129 49 über
2775 4981 79 48 die
2901 4979 441 56 Gegenseitigkeit

1831 5063 170 49 seiner
2038 5064 338 49 Funktionen.
2446 5064 67 49 Er
2554 5065 87 49 hat
2680 5065 183 49 keinen
2902 5067 178 49 klaren
3123 5064 191 57 Doppel-

1832 5147 135 49 blick
2025 5149 76 47 für
2157 5149 84 48 die
2293 5152 163 48 runde
2493 5150 218 58 Energie
2760 5152 89 48 des
2887 5151 429 55 Richtungsunter-

1833 5233 251 51 schiedes.
2157 5235 80 59 Er,
2300 5236 88 49 der
2427 5235 254 57 Sehende,
2740 5239 88 47 der
2887 5237 298 59 Richtende,
3243 5236 104 49 läßt

1832 5320 108 48 sich
1983 5322 336 49 unvermerkt
2363 5323 248 56 einseitig,
2660 5322 271 59 halbseitig
2974 5323 371 60 beeinflussen;

1832 5404 205 57 vergißt
2063 5406 102 48 den
2200 5406 286 61 Rückweg,
2523 5410 91 47 mit
2646 5409 96 49 der
2777 5408 285 59 Strömung
3097 5408 248 57 treibend,

1833 5493 127 46 statt
1998 5493 72 46 sie
2108 5506 122 35 zum
2269 5491 350 53 Schwimmen
2658 5496 130 48 auch
2832 5508 166 43 gegen
3036 5496 98 48 den
3172 5495 175 48 Strom

1833 5573 254 59 freiwillig
2121 5592 62 34 zu
2218 5577 271 51 benutzen.
2553 5577 67 51 Er
2655 5580 235 51 bemerkt
2925 5580 150 59 nicht,
3108 5579 95 48 daß
3239 5584 109 45 sein

1832 5659 174 51 Leben
2039 5660 252 60 schwebt,
2333 5663 229 52 sondern
2596 5666 50 46 in
2679 5666 96 49 der
2815 5665 202 56 Jugend
3054 5666 202 48 scheint
3290 5679 55 35 es

1833 5745 102 49 ihm
1982 5761 61 34 zu
2098 5749 225 61 steigen;
2380 5750 69 48 im
2484 5749 144 50 Alter
2683 5766 62 34 zu
2785 5751 175 61 fallen;
3003 5754 94 50 das
3133 5753 213 56 System

1835 5832 168 49 seiner
2038 5831 321 52 Funktionen
2395 5837 67 48 ist
2500 5835 343 58 disordiniert,
2876 5851 92 36 aus
3009 5838 89 48 der
3133 5839 186 55 Koordi-

1835 5919 175 47 nation
2048 5922 240 59 geraten;
2333 5936 53 34 er
2428 5920 117 50 rollt
2586 5924 47 46 in
2677 5923 79 47 die
2796 5922 179 48 Tiefen
3015 5924 90 47 des
3144 5924 203 48 Lebens

1836 6000 134 49 noch
2004 6003 139 50 nicht
2172 6007 101 46 wie
2312 6005 187 51 Sterne
2533 6009 46 46 in
2613 6006 255 50 Himmeln
2905 6009 185 60 rollen;
3124 6008 225 50 sondern

1833 6092 102 47 wie
1975 6091 178 50 Steine
2190 6097 67 45 im
2291 6094 306 61 Abgründe;
2639 6111 55 34 er
2727 6096 91 51 hat
2854 6098 111 46 sein
3004 6095 336 51 Galileisches

1839 6173 192 49 Gesetz
2059 6175 133 49 noch
2219 6176 141 51 nicht
2386 6176 386 53 Newtonisiert.
2826 6179 117 48 Und
2975 6182 92 50 das
3094 6178 141 53 Alles
3257 6193 94 36 nur

1838 6258 228 59 deshalb,
2103 6263 118 48 weil
2254 6276 59 35 er
2350 6264 101 48 den
2487 6263 152 60 Hang
2673 6263 104 59 hat,
2807 6267 145 47 einer
2988 6264 256 59 Richtung
3284 6281 62 34 zu

1837 6343 185 61 folgen,
2075 6349 128 46 statt
2263 6348 145 49 einen
2448 6346 653 60 Richtungs-Unterschied
3158 6365 64 33 zu
3262 6351 60 49 be-

1837 6429 380 60 rücksichtigen
2232 6449 10 34 :
2275 6447 56 36 er
2358 6446 182 42 super-
2572 6434 104 49 und
2706 6437 361 54 subordiniert,
3099 6435 135 52 ohne
3267 6438 85 47 auf

1839 6516 80 48 die
1943 6515 59 51 M
2003 6515 1 71 !
2020 6519 93 47 ill
2132 6532 27 34 e
2188 6532 65 34 zu
2280 6518 202 60 achten,
2512 6522 80 48 die
2623 6535 54 36 er
2704 6522 329 49 dazwischen
3063 6522 285 64 einnimmt;

1837 6613 58 36 so
1948 6605 169 48 stürzt
2170 6616 70 44 er,
2296 6617 85 35 wo
2419 6619 54 35 er
2512 6605 282 51 schweben
2831 6607 206 50 könnte.
3104 6610 109 47 Aus
3257 6608 94 50 der

1838 6688 189 60 Magie,
2064 6693 117 48 dem
2208 6690 392 61 Magnetismus,
2632 6696 93 48 der
2756 6693 268 61 Polarität,
3060 6696 116 49 dem
3204 6696 114 57 äqui-

1835 6771 275 51 librischen
2166 6773 201 52 Zauber
2440 6776 98 52 des
2594 6776 417 59 Unterschiedes,
3090 6778 117 50 bloß
3269 6780 79 48 als

3477 332 226 61 solchen,
3739 335 130 47 wird
3914 337 167 45 etwas
4124 334 291 57 Gemeines,
4457 331 408 56 Unwirksames,
4906 345 57 37 so-

3473 425 101 48 wie
3623 435 118 35 man
3788 424 141 46 diese
3977 423 335 51 zauberische
4363 420 227 50 Dualität
4657 431 96 36 aus
4815 419 165 47 einem

3477 507 308 54 Gegenüber
3822 509 47 45 in
3909 506 77 47 die
4023 506 178 48 zahme
4242 505 336 56 Reihenfolge
4611 503 139 47 eines
4784 502 177 49 Hister-

3478 591 273 50 einanders
3796 590 269 49 verblickt.
4141 591 181 49 Gewiß
4369 593 127 56 folgt
4542 589 249 56 Späteres
4842 602 43 35 z.
4932 586 58 50 B.

3482 680 86 49 auf
3617 678 280 60 Früheres;
3953 678 121 48 aber
4129 678 186 55 Später
4367 674 474 53 kontrebalanciert
4891 687 98 35 vor

3474 764 167 48 Allem
3697 776 162 43 gegen
3902 761 208 57 Früher,
4153 760 194 50 Früher
4405 775 167 43 gegen
4613 760 187 57 Später
4856 757 136 48 kraft

3478 851 90 47 der
3606 849 162 53 Angel
3810 849 91 48 das
3945 846 229 55 Jetzt,
4212 846 80 48 die
4331 847 89 48 der
4455 843 407 52 Unterscheider
4897 842 93 48 des

3476 934 402 49 Unterschiedes
3922 933 107 48 sich
4072 933 205 56 gefügig
4319 933 186 56 macht,
4549 936 88 47 der
4679 945 104 37 von
4821 930 171 53 jedem

3472 1019 389 56 Unterschiede,
3925 1032 29 33 u
3976 1033 49 32 m
4080 1017 149 53 jeden
4290 1017 331 51 selbstsicher
4665 1034 61 34 zu
4775 1014 182 51 beherr-

3472 1105 172 57 schen,
3704 1106 202 50 absolut
3968 1105 124 48 freie
4138 1104 161 56 Geist,
4361 1103 187 50 dessen
4590 1105 257 54 Residenz
4908 1101 78 48 die

3470 1190 270 60 Ewigkeit,
3780 1193 140 47 diese
3956 1189 307 57 Vertilgerin
4301 1190 201 48 sowohl
4534 1191 99 48 wie
4672 1189 314 56 Erzeugerin

3474 1280 124 49 alles
3636 1278 109 51 Zeit
3773 1308 64 6 —
3869 1275 593 52 Unterschiedes
4494 1277 78 47 ist.

3567 1361 264 49 Nachdem
3862 1365 68 47 im
3963 1360 213 49 Verlauf
4198 1362 95 47 der
4326 1359 378 50 Jahrtausende
4736 1363 79 48 die
4848 1360 143 49 Welt

3473 1446 143 47 mehr
3652 1448 101 48 und
3787 1447 145 50 mehr
3967 1447 348 49 differenziert
4345 1447 216 46 worden
4595 1447 81 56 ist,
4717 1446 86 46 der
4842 1446 146 48 Geist

3474 1531 303 50 elastischer
3813 1533 217 48 werden
4065 1531 187 58 mußte,
4286 1544 86 35 um
4410 1530 137 50 nicht
4584 1531 48 45 in
4671 1531 108 48 sich
4820 1532 168 48 selber

3476 1618 256 47 zerrissen
3788 1631 62 36 zu
3901 1619 232 56 werden,
4190 1621 78 45 tut
4323 1632 55 36 es
4437 1616 200 49 endlich
4681 1616 117 58 Not,
4840 1617 150 51 jeden

3474 1701 342 49 Unterschied
3893 1706 92 46 mit
4033 1705 193 49 diesem
4270 1701 439 51 unterschiedslos
4754 1707 236 52 integren

3472 1786 352 55 Neutralgeist
3859 1804 61 35 zu
3959 1790 259 57 witzigen,
4260 1804 85 34 um
4383 1791 75 48 als
4496 1789 274 48 lachender
4809 1788 182 55 Sieger

3475 1871 150 49 allem
3657 1871 344 51 Unterschied
4035 1889 61 35 zu
4134 1878 254 53 gebieten.

3569 1956 67 53 Es
3672 1960 65 46 ist
3776 1959 80 50 die
3891 1960 211 48 oberste
4140 1960 562 57 Anstands-Maßregel
4738 1961 90 49 des
4863 1960 96 49 kon-

3476 2046 248 47 zentriert
3815 2044 330 49 universalen
4240 2047 159 48 freien
4486 2042 145 59 (vom
4724 2045 140 49 Unt
4878 2060 30 34 e
4924 2060 28 34 r
4970 2076 21 7 -

3474 2126 302 50 schiede
3837 2127 179 61 freien,
4081 2129 131 50 allen
4277 2133 51 45 in
4387 2132 111 49 sich
4541 2124 448 63 verquickenden)

3474 2212 220 58 Geistes,
3719 2215 85 47 die
3828 2215 126 48 Pole
3981 2215 92 49 des
4102 2214 402 51 Unterschiedes
4531 2231 170 41 gegen
4733 2217 214 47 einan-

3472 2297 126 49 der
3627 2312 64 34 zu
3723 2298 274 56 benutzen,
4028 2299 375 58 auszuspielen,
4437 2300 98 49 den
4567 2303 148 47 einen
4747 2302 91 47 mit
4869 2300 121 49 dem

3477 2381 194 48 andern
3710 2385 48 44 in
3798 2380 202 50 Schach
4038 2397 64 33 zu
4139 2382 172 50 halten
4348 2384 102 47 und
4490 2386 81 47 nie
4610 2399 63 34 zu
4711 2386 280 54 gestatten,

3480 2464 97 51 daß
3619 2468 142 45 seine
3804 2468 126 47 freie
3975 2465 436 52 Oberherrschaft
4451 2470 50 46 in
4544 2469 136 47 ihrer
4723 2468 270 55 Integrität

3478 2548 158 48 durch
3679 2549 175 49 solche
3892 2549 229 50 Sklaven
4165 2551 224 49 verletzt
4444 2552 197 55 werde,
4697 2551 78 48 für
4834 2552 159 48 deren

3476 2634 162 53 grobe
3685 2632 213 51 Drastik
3944 2634 92 50 der
4083 2634 292 50 ätherische
4424 2634 147 50 Geist
4618 2634 244 50 nichts
4909 2637 83 53 ist,

3475 2717 251 49 während
3768 2718 162 54 grade
3969 2718 88 49 die,
4095 2720 250 47 immense
4388 2717 389 51 Neutralmacht
4816 2720 176 48 dieses

3743 2802 94 50 alle
3864 2802 162 54 grobe
4053 2802 213 48 Drastik
4295 2817 92 35 aus
4437 2803 108 49 sich
4576 2806 227 51 erzeugt.
4831 2802 66 50 Es
4926 2806 67 46 ist

3475 2884 138 49 nicht
3659 2888 139 45 etwa
3842 2888 239 54 gemeint,
4128 2886 96 48 alle
4273 2884 378 52 Unterschiede
4714 2892 49 46 in
4825 2890 168 46 einem

3479 2969 234 50 seichten
3744 2970 148 51 Meer
3929 2975 90 46 des
4052 2971 463 51 Indifferentismus
4552 2972 439 52 verschwimmen

3476 3067 65 33 zu
3566 3053 189 48 lassen.
3784 3053 108 49 Das
3916 3057 145 46 wäre
4092 3058 78 46 ein
4199 3054 457 50 Mißverständnis.
4686 3055 73 49 Im
4787 3056 172 53 Gegen-

3480 3137 111 50 teil!
3664 3139 178 57 Gegen
3881 3142 115 53 jede
4036 3140 435 59 Abschwächung
4509 3143 90 48 der
4637 3142 221 56 Energie
4899 3144 94 48 des

3475 3220 405 51 Unterschiedes
3939 3222 182 49 wurde
4179 3223 196 49 soeben
4433 3223 177 50 scharf
4665 3226 324 52 protestiert:

3479 3307 346 51 Unterschied
3870 3311 66 47 ist
3975 3308 171 58 polar!
4208 3309 139 49 Aber
4389 3311 161 58 grade
4595 3311 282 57 deswegen
4925 3312 67 48 ist

3483 3395 89 48 der
3619 3393 327 57 persönliche
3996 3393 270 59 Ursprung
4317 3396 171 49 seiner
4538 3394 242 51 Existens
4831 3395 159 49 deren

3483 3480 146 54 eigne
3657 3478 128 56 Null,
3816 3479 102 49 und
3947 3482 93 47 mit
4064 3479 158 50 deren
4251 3492 219 41 granum
4495 3479 126 51 salis
4648 3482 68 47 ist
4749 3493 54 34 er
4833 3493 158 36 zu...

3473 3560 289 58 cachieren,
3802 3575 156 35 wenn
3993 3575 56 36 er
4089 3562 140 50 nicht
4262 3562 343 49 verdummen
4643 3562 109 50 soll.
4818 3561 175 50 Daher

3480 3649 187 51 lächelt
3715 3652 79 47 die
3840 3655 148 44 sonst
4036 3652 174 48 ernste
4256 3649 139 49 Welt
4461 3649 117 51 dem
4643 3649 190 59 Geiste,
4901 3650 90 47 der

3483 3733 168 47 dieses
3685 3733 120 50 faßt.

3571 3827 275 50 Schlechte
3893 3827 403 50 Unterscheider
4345 3828 116 49 sind
4505 3829 167 49 daran:
4715 3827 276 55 kenntlich,

3475 3910 98 49 daß
3600 3916 75 46 sie
3707 3915 80 49 die
3813 3912 181 48 wahre
4021 3915 356 52 gegenseitige
4404 3911 252 51 Polarität
4685 3916 90 48 des
4801 3911 159 50 Unter-

3477 3994 238 49 schiedes
3745 3996 286 54 irgendwie
4060 3998 50 46 in
4141 3994 121 51 Eins
4294 3995 216 53 werfen.
4566 3995 72 51 So
4671 3996 138 48 warf
4835 3993 118 50 New-

3479 4084 87 47 ton
3604 4082 77 49 die
3715 4081 282 51 Finsternis
4029 4084 89 47 der
4155 4082 169 50 Farbe
4354 4085 47 46 in
4433 4082 77 49 ihr
4544 4082 161 50 Licht.
4759 4081 232 51 Goethes

3475 4163 118 48 echt
3645 4164 495 50 unterscheidender
4189 4164 338 55 Doppelblick
4579 4165 278 49 entdeckte
4908 4164 82 48 die

3474 4246 499 51 Farben-Polarität.
4030 4247 66 52 Er
4129 4248 176 49 wollte
4339 4249 133 58 „den
4502 4250 303 53 einseitigen
4835 4247 117 49 New-

3472 4330 271 50 tonischen
3803 4330 316 57 Poltergeist
4199 4332 88 51 auf
4363 4333 281 50 immerdar
4707 4334 255 50 verscheu-

3726 4415 116 50 Wie
3886 4417 194 49 könnte
4126 4418 93 49 das
4267 4418 241 55 gelingen
4551 4422 51 46 in
4650 4421 140 47 einer
4835 4416 155 57 Welt,

3474 4512 86 35 wo
3602 4499 163 50 Leute
3807 4501 80 48 die
3925 4499 265 51 Differenz
4232 4502 269 48 entweder
4544 4502 447 54 überanstrengen

3478 4583 101 48 und
3607 4584 133 48 nach
3768 4584 123 48 dem
3924 4583 193 62 Geiste,
4150 4585 90 48 der
4273 4588 75 46 sie
4379 4627 11 10 .
4422 4624 11 10 .
4466 4623 11 10 .
4511 4586 308 57 polarisiert,
4854 4586 137 53 ewig

3476 4665 232 55 hungern
3754 4667 197 56 lassen;
4004 4667 142 58 oder,
4195 4672 73 45 sie
4319 4672 131 46 matt
4499 4671 309 48 verleimen!
4856 4669 102 48 Des-

3474 4762 188 42 wegen
3696 4754 157 45 nennt
3892 4751 131 48 auch
4061 4752 200 49 Goethe
4299 4753 81 48 die
4415 4752 427 56 Metamorphose
4879 4755 112 47 eine

3477 4832 314 55 gefährliche
3825 4835 160 48 Gabe.
4017 4835 116 48 Und
4165 4851 108 42 nur,
4306 4851 111 34 wer
4454 4838 106 48 sich
4593 4838 161 49 selbst
4786 4838 77 49 als
4899 4838 92 47 das

3478 4919 197 52 einzige
3712 4917 492 56 Welt-Syndetikon
4240 4926 47 46 in
4326 4922 175 53 eigner
4538 4920 202 50 Person
4778 4921 183 55 empfin-

3478 5000 100 56 det,
3623 5001 135 48 kann
3804 5002 132 49 ohne
3985 5003 189 49 Gefahr
4224 5004 91 50 der
4363 5005 171 49 Geber
4581 5006 195 54 gerade
4822 5006 169 48 dieser

3479 5084 144 49 Gabe
3670 5086 231 52 werden.
3992 5086 154 50 Seine
4212 5092 137 52 ewig
4413 5089 273 54 lebendige
4751 5089 241 49 Identität

3476 5168 219 50 braucht
3731 5169 110 50 sich
3873 5170 369 57 ebensowenig
4276 5186 96 35 vor
4411 5174 98 48 den
4548 5174 302 48 krassesten
4884 5172 81 50 Dif-

3475 5251 245 50 ferenzen
3750 5268 64 33 zu
3842 5255 249 56 scheuen;
4124 5259 102 45 wie
4254 5259 74 47 sie
4358 5257 109 49 sich
4496 5257 158 50 hüten
4682 5257 148 56 wird,
4860 5257 131 49 auch

3472 5349 95 34 nur
3603 5336 80 50 die
3716 5340 300 53 geringsten
4047 5354 63 34 zu
4146 5340 398 51 eskamotieren.
4609 5341 89 51 Sie
4731 5342 149 57 weiß,
4916 5342 77 50 als

3477 5421 93 48 das
3602 5425 198 53 einzige
3837 5424 306 60 Identische,
4178 5439 93 35 nur
4306 5427 109 48 sich
4449 5428 177 57 selbst,
4663 5428 108 49 also
4805 5432 183 49 etwas,

3484 5517 92 41 aas
3610 5509 233 52 objektiv
3877 5510 167 58 gleich
4074 5512 103 49 null
4213 5515 91 47 ist:
4339 5516 89 47 der
4463 5528 165 40 ganze
4663 5514 128 54 Rest
4826 5516 67 47 ist
4922 5529 67 35 :zu

3478 5589 389 56 distinguieren!
3920 5592 95 51 Die
4062 5594 261 54 objektive
4372 5595 141 49 Welt
4557 5599 67 45 ist
4667 5595 111 49 also
4825 5594 166 50 Welt-

3479 5676 278 59 Differenz,
3795 5682 117 47 eine
3952 5683 176 54 polare
4146 5682 383 56 Doppel-Welt,
4549 5683 82 46 ein
4648 5681 142 50 Welt
4809 5686 182 47 contra

3477 5759 153 59 Welt,
3679 5764 114 47 eine
3837 5761 140 50 Welt
4021 5777 92 35 aus
4185 5766 533 52 entgegengesetzten
4782 5764 210 49 Größen

3477 5844 103 48 und
3621 5843 232 59 Werten,
3892 5846 165 49 deren
4100 5845 199 57 Copula
4343 5861 92 35 nur
4483 5847 90 48 der
4633 5850 149 53 eigne
4844 5849 147 49 Geist

3476 5931 107 44 sein
3628 5929 151 48 kann.
3820 5929 124 49 Man
3986 5931 353 50 unterschätzt
4380 5931 130 48 auch
4551 5931 100 50 den
4692 5936 300 52 geringsten

3477 6010 359 60 Unterschied,
3872 6025 155 37 wenn
4067 6029 117 33 man
4218 6014 84 48 ihn
4339 6014 226 51 harmlos
4604 6016 75 49 als

3478 6097 283 48 traktieren
3802 6097 229 49 möchte:
4080 6097 227 54 objektiv
4350 6097 110 55 gibt
4521 6115 56 35 es
4632 6114 124 42 gar
4773 6102 218 50 keilte

3478 6178 265 52 Identität!
3779 6179 117 51 Und
3929 6195 118 34 man
4080 6179 335 53 überschätzt
4450 6184 132 49 auch
4617 6185 103 49 den
4757 6185 234 55 größten,

3477 6276 154 37 wenn
3672 6278 116 35 man
3827 6265 85 48 ihn
3947 6265 138 48 nicht
4119 6278 105 34 von
4262 6266 90 49 der
4397 6282 249 35 enormen
4682 6273 265 50 persön-

3475 6345 246 50 lichen
3754 6347 406 50 Welt-Identität
4197 6350 291 50 ausblitzen
4520 6352 121 49 läßt.

3574 6445 69 49 Es
3673 6448 109 57 gibt
3812 6449 108 48 also
3953 6445 108 61 das,
4091 6461 116 37 was
4241 6450 144 54 jeder
4415 6451 262 50 Differenz
4710 6452 278 58 überlegen

3477 6530 81 57 ist,
3603 6530 236 53 garnicht
3877 6529 243 59 objektiv,
4163 6530 118 51 bloß
4323 6533 308 55 persönlich.
4674 6533 127 50 Wer
4847 6536 144 46 seine

3480 6616 147 51 eigne
3666 6613 198 48 Person
3907 6616 49 45 in
3999 6614 197 50 diesem
4239 6618 236 53 einzigen
4514 6616 156 51 Sinne
4711 6618 279 56 kultiviert,

3477 6695 88 50 hat
3599 6699 51 46 in
3682 6697 77 49 ihr
3797 6697 97 48 den
3932 6697 186 51 echten
4153 6698 199 57 Beginn
4389 6716 66 33 zu
4495 6701 142 54 jeder
4675 6701 196 63 Kultur,
4905 6704 86 48 die

3483 6783 301 49 wesentlich
3819 6787 111 49 eine
3970 6784 180 56 Kultur
4186 6787 91 50 der
4317 6791 325 52 präzisesten
4676 6789 312 49 Distinktian
