3594 4450
362 144 1447 209 Niederrheinische
1957 144 1173 260 Musik-Zeitung

730 422 190 86 für
969 419 866 89 Kunstfreunde
1888 419 236 82 und
2178 412 581 89 Künstler.

184 620 446 84 Herausgegeben
668 637 103 39 von
816 616 271 56 Professor
1126 616 60 54 L.
1218 613 244 74 Bisclioff.
1630 610 197 85 Verlag
1868 609 93 57 der
1997 611 66 55 M.
2097 609 732 72 DuMont-Sehaubergschen
2865 609 435 86 Buchhandlung.

215 819 84 59 Nr.
334 819 87 61 47.

1364 802 174 84 KÖLN,
1577 811 85 61 24.
1702 809 270 60 November
2010 809 141 59 1855.

2875 809 80 59 111.
2991 811 278 75 Jahrgang.

700 1036 191 75 George
930 1035 215 61 Onslow.

235 1161 131 39 Eine
410 1155 410 53 biographische
864 1154 182 40 Skizze
1089 1166 92 27 von
1222 1154 35 40 J.
1300 1154 42 38 F.
1389 1153 209 51 Halévy.

144 1260 168 39 Gelesen
352 1258 38 39 in
432 1257 70 38 der
531 1254 250 39 Öffentlichen
818 1252 296 51 Jahressitzung
1150 1251 71 40 der
1247 1252 203 36 Académie
1478 1253 61 35 des
1567 1252 130 36 Beaux

512 1329 90 35 Arts
630 1339 48 27 zu
707 1326 110 39 Paris
846 1326 75 38 den
951 1326 36 38 6.
1017 1324 173 40 October
1221 1324 112 40 1855.

475 1420 284 50 (Fortsetzung,
796 1422 90 35 statt
913 1416 174 41 Schluss.
1122 1416 40 40 S.
1188 1415 70 40 Nr.
1286 1415 78 50 46.)

266 1496 277 68 Abgesehen
573 1514 87 33 von
691 1495 167 50 diesem
891 1494 188 58 Unfälle,
1117 1510 87 32 von
1235 1493 103 49 dem
1370 1509 50 33 er
1449 1491 90 50 sich
1572 1491 98 51 übri-

145 1598 110 51 gens
284 1598 113 50 ganz
429 1579 170 50 wieder
628 1578 190 56 erholte,
848 1593 51 33 so
929 1575 103 51 dtiss
1061 1593 50 32 er
1140 1574 146 51 nichts
1315 1592 56 31 an
1402 1574 147 49 seiner
1572 1575 90 48 Thä-

146 1664 155 67 tigkeit
345 1663 92 51 und
479 1681 54 31 an
565 1662 151 49 seinen
748 1660 297 65 Erholungen
1086 1658 204 57 änderte,
1332 1658 124 49 hatte
1500 1658 191 49 Onslow

145 1748 69 49 ein
244 1745 184 66 ruhiges
459 1744 92 51 und
583 1743 270 66 glückliches
882 1740 173 51 Leben.
1094 1739 301 69 Unabhängig
1423 1739 143 51 durch
1597 1740 93 50 sein

142 1830 263 64 Vermögen
447 1827 91 49 und
581 1825 141 50 durch
767 1825 151 50 seinen
961 1823 266 57 Charakter,
1267 1822 247 66 vereinigte
1544 1841 50 30 er
1623 1823 68 48 die

141 1910 181 51 Freude
353 1927 71 32 am
454 1909 305 68 Componiren
791 1907 80 49 mit
899 1907 101 49 dem
1034 1905 257 51 häuslichen
1323 1905 173 49 Glücke
1524 1922 56 33 an
1611 1905 80 50 der

139 1994 126 51 Seite
296 1993 124 50 einer
443 1993 151 48 Gattin
626 1992 90 49 und
749 1990 146 50 dreier
919 1990 186 58 Kinder,
1135 1989 170 48 welche
1336 1988 79 49 mit
1444 1988 247 51 denselben

145 2077 219 51 Gefühlen
388 2093 55 32 an
468 2076 91 48 ihm
585 2076 179 64 hingen,
795 2074 68 49 die
894 2090 51 31 er
973 2073 133 48 ihnen
1136 2072 190 57 weihte;
1356 2088 51 32 so
1437 2070 125 50 füllte
1591 2072 100 49 eine

143 2159 169 50 schöne
341 2157 313 66 Doppclliebe,
694 2173 82 32 zur
805 2157 151 48 Kunst
995 2154 93 50 und
1119 2171 54 32 zu
1205 2153 85 50 den
1322 2153 227 66 Seinigen,
1594 2153 92 50 sein

142 2241 157 49 Leben
331 2256 94 32 aus.
463 2239 101 49 Frei
594 2239 89 49 und
716 2241 240 62 ungestört
985 2236 188 50 brachte
1202 2252 50 33 er
1282 2234 69 51 die
1383 2236 167 49 schöne
1578 2236 83 49 Jah-

141 2323 165 51 reszeit
334 2323 80 48 auf
437 2321 167 50 seinem
627 2321 278 49 Besitzthum
937 2321 42 48 in
1009 2318 82 51 der
1119 2319 246 65 Auvergne
1394 2336 73 41 zu,
1495 2336 85 49 sog
1608 2336 81 32 aus

145 2406 81 49 der
263 2404 147 51 Natur
452 2404 70 49 die
562 2404 332 65 Begeisterung
933 2403 71 48 für
1042 2402 72 49 die
1141 2402 168 56 Kunst,
1352 2401 178 49 schrieb
1571 2401 118 49 ohne

143 2486 383 67 Unterbrechung
566 2487 90 50 und
698 2487 80 48 mit
816 2487 116 48 Lust
974 2485 94 50 und
1108 2483 254 52 vollendete
1408 2483 98 50 eine
1544 2483 144 50 Reihe

143 2589 88 34 von
261 2570 190 50 beinahe
481 2571 197 48 hundert
710 2568 221 52 Werken.

272 2655 66 48 Im
360 2653 139 49 Jahre
528 2652 149 50 1842
710 2669 94 33 war
825 2669 65 40 er,
919 2651 65 49 als
1011 2650 271 66 Nachfolger
1310 2666 87 33 von
1428 2648 260 57 Cherubini,

146 2755 101 32 zum
275 2736 230 65 Mitgliede
547 2736 80 49 der
655 2733 248 52 Akademie
943 2733 82 51 der
1053 2733 199 50 schönen
1277 2733 177 49 Künste
1496 2732 193 50 erwählt

145 2817 203 52 worden.
392 2820 122 47 Treu
551 2819 80 48 der
661 2817 238 66 Erfüllung
928 2816 145 50 seiner
1103 2815 219 49 Pflichten
1351 2815 65 48 als
1445 2813 211 50 Akademi-

146 2902 95 59 ker,
282 2901 181 51 verliess
504 2919 49 32 er
593 2902 82 49 alle
706 2901 137 50 Jahre
872 2900 43 48 in
946 2899 145 49 einem
1122 2899 80 48 der
1230 2897 242 50 schönsten
1502 2897 186 50 Monate

147 2984 152 49 seinen
327 2984 239 48 reizenden
597 2981 517 57 Sommer-Aufenthalt,
1143 2998 77 31 um
1251 2980 120 49 seine
1389 2981 268 65 Amtsgenos-

147 3084 78 32 sen
255 3066 80 50 mit
374 3065 154 49 seinen
561 3066 301 50 Kenntnissen
908 3065 89 49 und
1042 3065 146 48 seiner
1218 3062 260 66 Erfahrung
1508 3062 68 49 bei
1608 3062 80 50 der

145 3149 328 66 Bcurtheilung
514 3147 80 50 der
623 3149 220 48 Arbeiten
887 3147 82 50 der
1004 3146 174 66 jungen
1219 3144 371 50 Preisbewerber
1632 3163 54 31 zu

146 3235 341 52 unterstützen;
531 3230 116 50 dann
679 3230 158 48 kehrte
877 3245 51 32 er
967 3229 114 49 nach
1112 3227 148 50 seiner
1289 3226 145 50 lieben
1465 3227 115 49 Villa
1611 3244 52 32 zu-

143 3315 129 59 rück,
315 3314 70 51 die
415 3313 365 50 unterbrochene
809 3311 161 51 Arbeit
1000 3311 169 49 wieder
1199 3311 344 49 aufzunehmen.
1587 3311 102 47 Den

147 3396 185 54 Winter
362 3395 120 51 lebte
513 3413 49 33 er
590 3395 43 50 in
665 3394 154 53 Paris;
863 3393 282 67 gewöhnlich
1178 3391 186 51 brachte
1393 3409 49 33 er
1472 3391 118 50 dann
1619 3391 70 49 ein

145 3497 142 34 neues
317 3479 149 52 Werk
496 3479 94 58 mit,
621 3479 161 49 dessen
813 3475 312 52 harmonische
1148 3475 307 51 Geheimnisse
1486 3493 86 32 nur
1597 3481 93 42 erst

147 3563 78 49 das
255 3570 198 42 stumme
482 3561 305 68 Notenpapier
821 3560 179 50 kannte.
1047 3558 111 49 Bald
1201 3558 111 50 aber
1355 3556 336 50 verwandelten

147 3645 90 50 sich
268 3644 43 50 in
340 3652 277 43 vertrautem
644 3640 384 54 Freundeskreise
1068 3640 71 50 die
1167 3640 348 66 schweigenden
1544 3640 149 50 Noten

146 3728 43 49 in
218 3727 273 50 melodische
520 3728 143 49 Töne.

272 3810 106 50 Man
409 3809 172 51 erzählt
609 3826 87 31 von
725 3807 146 68 Lully,
915 3807 105 49 dass
1047 3823 51 33 er
1127 3805 125 50 eines
1282 3805 150 66 Tages
1463 3805 99 50 eine
1591 3822 77 33 aus-

147 3892 353 52 serordentliche
545 3890 294 65 Vorstellung
893 3890 92 50 sein
1017 3908 23 32 r
1083 3890 128 66 Oper
1254 3888 188 49 Armide
1497 3906 196 48 ansagen

146 3973 129 61 liess;
306 3992 101 32 man
437 3974 134 51 beeilt
595 3973 108 58 sich,
726 3973 71 49 die
821 3974 192 64 Sänger,
1036 3972 69 49 die
1121 3973 189 55 Tänzer,
1341 3970 79 50 das
1444 3970 251 50 Orchester

148 4075 57 33 zu
235 4055 409 68 benachrichtigen,
686 4055 125 53 Alles
849 4055 346 53 vorzubereiten
1238 4053 93 51 und
1374 4053 321 52 einzurichten.

1790 996 188 51 Armide
2008 997 92 51 und
2131 997 222 69 Hydraot,
2382 999 191 49 Rinaldo
2603 999 92 49 und
2726 999 82 49 der
2837 997 213 51 dänische
3071 999 158 59 Ritter,
3259 1001 80 48 der

1790 1081 138 56 Hass,
1967 1080 71 49 die
2067 1081 256 59 Dämonen,
2353 1080 70 49 die
2451 1080 254 67 Nymphen,
2747 1080 81 49 der
2856 1080 483 67 Orchester-Dirigent

1790 1162 80 50 mit
1901 1162 102 50 dem
2034 1162 286 59 Tactstocke,
2366 1162 125 49 Alles
2531 1162 56 50 ist
2617 1162 167 51 bereits
2823 1164 81 48 auf
2937 1162 169 50 seinem
3144 1165 195 57 Posten;

1789 1244 111 51 aber
1942 1245 80 50 der
2065 1244 219 67 glänzend
2329 1245 283 50 erleuchtete
2651 1245 103 50 Saal
2798 1245 57 50 ist
2898 1245 108 57 leer,
3049 1245 70 50 die
3149 1246 190 49 Thören

1790 1326 176 51 bleiben
1997 1328 304 66 geschlossen.
2344 1328 100 49 Nur
2474 1328 70 49 ein
2575 1328 196 66 einziger
2799 1328 264 49 Zuschauer
3099 1329 118 65 zeigt
3245 1328 94 50 sich

1793 1427 126 33 —es
1948 1410 57 48 ist
2034 1410 130 67 Lully
2194 1409 165 60 selbst;
2404 1427 51 33 er
2484 1410 159 50 nimmt
2672 1411 126 49 Platz
2829 1410 43 50 in
2905 1410 149 50 seiner
3082 1411 130 65 Loge
3241 1411 95 51 und

1788 1493 98 64 gibt
1914 1493 80 49 das
2022 1493 193 49 Zeichen
2260 1510 104 32 zum
2395 1494 208 65 Anfange
2643 1493 80 49 der
2753 1494 141 67 Oper.
2937 1494 95 48 Für
3072 1493 91 49 sich
3204 1494 129 51 allein

1784 1576 103 49 liess
1916 1593 51 30 er
1995 1575 70 50 die
2093 1575 188 50 Armide
2311 1575 259 59 aufführen;
2615 1576 95 49 sein
2740 1575 248 50 Vaterherz
3031 1576 153 49 wollte
3214 1575 119 51 ohne

1784 1659 188 65 Zeugen
2003 1658 86 49 den
2118 1659 320 65 Hochgenuss,
2470 1658 88 49 den
2587 1658 90 48 ihm
2706 1658 94 48 sein
2831 1658 118 49 Kind
2979 1656 234 58 bereitete,
3241 1659 68 48 ein-

1784 1742 241 55 schlürfen,
2055 1740 123 50 seine
2206 1740 203 59 Armide,
2439 1740 70 50 die
2538 1758 51 31 er
2618 1739 116 51 einst
2763 1740 80 49 auf
2866 1739 100 51 dem
2992 1740 341 66 Krankenlager

1784 1823 81 48 auf
1889 1822 152 52 Befehl
2086 1822 146 50 seines
2263 1823 307 48 Beichtvaters
2616 1822 67 49 ins
2716 1823 148 48 Feuer
2904 1823 230 65 geworfen
3177 1822 126 50 hatte
3320 1824 11 47 S

1785 1904 284 50 Glücklicher
2100 1905 159 51 Weise
2291 1905 123 49 hatte
2444 1922 50 32 er
2605 1904 365 50 wahrscheinlich
3001 1905 81 49 auf
3118 1904 85 50 den
3232 1904 98 52 Fall

1784 1987 81 49 der
1895 1987 431 66 Genesung—eine
2356 1987 232 49 Abschrift
2617 2004 87 32 von
2734 1987 80 49 der
2845 1987 199 49 Partitur
3072 1985 226 52 behalten.

1909 2069 193 51 Onslow
2146 2070 123 50 hatte
2314 2069 151 50 diesen
2508 2069 413 50 ausschliesslichen
2959 2069 179 50 Genuss
3182 2069 145 50 seiner

1783 2152 178 49 Werke
1990 2153 79 56 oft,
2112 2170 86 31 nur
2230 2152 79 51 mit
2338 2153 101 48 dem
2470 2150 339 60 Unterschiede,
2853 2152 103 49 dass
2997 2152 98 49 hier
3123 2152 71 51 die
3223 2170 78 33 aus-

1783 2233 247 50 führenden
2062 2234 220 50 Künstler
2310 2234 121 50 nicht
2460 2234 80 49 auf
2563 2233 156 50 Befehl
2751 2233 439 58 zusammenkamen,
3220 2251 80 33 son-

1782 2316 111 49 dern
1924 2316 91 49 sich
2046 2317 68 48 ein
2146 2318 109 47 Fest
2284 2317 162 48 daraus
2478 2316 222 58 machten,
2739 2314 90 51 ihm
2870 2316 128 49 allein
3039 2316 123 49 seine
3193 2316 101 50 Com-

1784 2398 249 67 positionen
2063 2408 318 56 vorzutragen.
2439 2398 75 48 Sie
2554 2398 186 67 spielten
2782 2397 118 51 dann
2942 2398 80 50 mit
3060 2398 125 51 einer
3214 2416 113 48 ganz

1782 2481 284 50 besonderen
2097 2481 414 50 Aufmerksamkeit
2540 2481 94 50 und
2663 2481 305 66 Vollendung,
3012 2481 92 49 und
3134 2482 196 51 Onslow

1780 2571 173 42 wusste
1982 2563 154 51 seinen
2166 2563 134 50 Dank
2326 2565 82 48 auf
2429 2563 98 50 eine
2558 2581 50 32 so
2639 2580 185 40 warme,
2865 2563 235 65 aufgeregt
3129 2562 197 52 lebhafte

1780 2647 92 48 und
1903 2646 307 51 hinreissende
2234 2647 158 50 Weise
2422 2646 42 48 in
2490 2647 215 56 Worten,
2734 2646 180 48 Blicken
2947 2645 89 49 und
3067 2646 226 65 Bewegun-

1780 2746 88 48 gen
1898 2730 379 67 auszusprechen,
2324 2730 101 48 dass
2467 2746 103 32 man
2611 2728 121 50 nicht
2762 2727 345 51 unterscheiden
3139 2728 184 59 konnte,

1780 2811 59 49 ob
1870 2811 80 49 der
1981 2812 182 50 Freund
2194 2812 112 50 oder
2338 2811 80 51 der
2450 2811 265 68 Componist
2744 2810 87 50 den
2867 2813 243 63 grösseren
3139 2810 187 50 Antheil

1779 2910 56 32 an
1865 2893 80 50 der
1975 2893 403 51 enthusiastischen
2410 2895 88 48 Art
2526 2893 138 59 hatte,
2706 2892 43 50 in
2790 2891 81 51 der
2900 2909 51 31 er
2989 2892 126 50 seine
3154 2892 145 50 Befrie-

1780 2975 173 67 digung
1982 2981 221 46 äusserte.

1903 3059 84 49 Die
2018 3060 264 57 Krankheit,
2326 3059 169 50 welche
2526 3057 192 51 Onslow
2749 3056 277 51 dahinraffen
3058 3057 147 60 sollte,
3248 3057 53 51 be-

1780 3140 74 49 fiel
1886 3141 75 50 ihn
1992 3142 120 49 nicht
2143 3142 220 69 plötzlich.
2395 3141 133 50 Seine
2551 3141 159 50 Kräfte
2733 3140 194 49 nahmen
2946 3140 116 49 nach
3092 3141 93 50 und
3214 3141 114 50 nach

1782 3224 82 57 ab;
1902 3225 269 49 namentlich
2207 3224 271 50 erschraken
2518 3224 121 49 seine
2669 3222 215 51 Freunde
2923 3221 115 51 über
3068 3224 71 49 die
3168 3240 160 50 grosse

1782 3307 332 64 Veränderung
2156 3307 42 49 in
2243 3306 152 50 seinen
2424 3307 174 65 Zügen,
2643 3306 66 50 als
2749 3323 50 31 er
2837 3305 60 49 im
2928 3306 211 48 Sommer
3172 3305 153 49 1852

1783 3405 105 32 zum
1917 3389 164 49 letzten
2113 3389 117 49 Male
2270 3389 44 49 in
2344 3387 126 50 Paris
2509 3405 111 33 war.
2663 3390 96 47 Das
2790 3389 149 48 Feuer
2978 3386 145 51 seines
3151 3386 179 51 Blickes

1783 3487 96 33 war
1909 3471 232 50 erloschen
2229 3488 49 33 er
2307 3489 97 32 war
2433 3488 136 49 sogar
2598 3471 80 49 auf
2701 3470 100 50 dem
2832 3469 143 49 Einen
2998 3467 137 68 Auge
3165 3469 140 51 erblin-

1784 3553 175 59 det—,
1989 3554 92 49 und
2112 3554 120 49 seine
2262 3561 128 42 sonst
2419 3572 52 33 so
2502 3553 194 50 lebhafte
2723 3550 91 51 und
2841 3551 339 68 schwungvolle
3200 3551 127 50 Rede

1785 3653 97 32 war
1911 3636 216 69 einsylbig
2157 3638 91 49 und
2281 3638 85 49 still
2397 3636 261 68 geworden.
2718 3635 81 50 Als
2829 3652 50 31 er
2908 3634 170 49 wieder
3106 3634 222 57 abreis'te,

1788 3718 199 50 konnten
2033 3721 81 47 wir
2156 3737 87 33 uns
2287 3720 159 48 trüber
2475 3719 258 63 Ahnungen
2776 3716 124 50 nicht
2944 3718 251 49 erwehren.
3252 3716 76 49 Sie

1785 3801 191 50 wurden
2005 3803 140 49 leider
2185 3821 88 31 nur
2315 3821 56 30 zu
2411 3800 103 50 bald
2545 3799 147 51 erfüllt
2707 3801 14 49 1
2775 3800 66 48 Im
2872 3800 157 50 Monat
3058 3796 273 70 September

1787 3884 243 50 erkrankte
2083 3884 95 50 sein
2220 3883 200 58 Freund,
2471 3884 122 47 Herr
2648 3899 87 33 von
2777 3882 168 49 Murat.
3013 3880 207 57 Onslow,
3279 3897 52 34 so

1788 3967 209 50 schwach
2029 3986 50 31 er
2108 3968 90 51 sich
2229 3968 141 48 selbst
2410 3965 114 50 auch
2566 3965 160 59 fühlte,
2770 3963 218 52 besuchte
3017 3963 76 49 ihn
3123 3963 212 51 dennoch

1788 4049 81 50 auf
1891 4050 174 49 seinem
2091 4049 224 50 Schlosse.
2371 4048 141 51 Eines
2537 4047 195 50 Abends
2757 4053 146 43 setzte
2941 4061 50 34 er
3031 4044 94 53 sich
3166 4062 57 34 an
3252 4044 81 51 das

2718 4126 68 52 47
