3594 4450
1736 124 90 57 373

738 258 220 63 Berliner
993 257 173 64 Briefe.

185 393 269 55 [Concerte
496 392 87 40 des
626 390 550 40 Orchester-Vereins
1294 389 235 41 Colbrun
1637 402 93 28 von

185 456 175 40 Bülow
468 453 52 39 H.
554 452 216 39 Berlioz'
813 452 182 39 Flucht
1035 451 126 39 nach
1200 451 277 50 Aegypten
1587 452 147 40 Clara

287 517 291 39 Schumann
620 514 98 38 und
757 514 236 39 Joachim
1124 513 137 38 Laub
1371 512 257 40 Sinfonie-

446 576 218 41 Soireen
776 574 465 42 Privat-Concerte
1280 585 39 28 n.
1346 585 30 28 s.
1407 574 64 51 w.]

996 674 109 39 Den
1137 674 60 39 18.
1225 674 287 40 November
1543 675 111 39 1855.

311 763 75 51 Ich
416 763 194 66 beginne
639 763 147 50 meine
811 760 290 50 Ueberschau
1127 760 80 50 der
1226 760 166 50 Concei
1406 768 43 43 te
1480 762 79 48 mit
1589 762 144 49 denen

186 847 78 49 des
296 844 479 51 Orchester-Vereins.
835 846 94 47 Das
967 843 161 48 zweite
1172 843 238 50 derselben
1443 843 179 66 begann
1655 846 79 48 mit

184 929 82 50 der
282 928 399 51 A-tnoll-S\u(oim
700 945 84 31 von
809 926 167 57 Gade,
1009 926 68 48 die
1109 942 157 32 ausser
1296 926 101 49 dem
1430 934 151 41 ersten
1599 927 135 49 Satze

186 1012 92 52 und
309 1011 101 48 dem
442 1009 268 50 interessant
741 1009 278 49 erfundenen
1052 1008 89 50 und
1174 1008 75 48 mit
1283 1008 194 66 dufliger
1507 1009 200 65 Leichtig-

184 1094 92 49 keit
296 1093 384 65 durchgelührten
704 1093 198 47 Scherzo
926 1091 121 48 nicht
1067 1091 81 48 viel
1169 1091 434 49 Rühmenswerthes
1635 1100 72 40 ent-

184 1176 108 51 hält.
322 1176 134 47 Dann
483 1174 156 68 spielte
664 1176 121 47 Herr
816 1192 36 32 v.
880 1173 207 50 Bülow
1117 1173 77 50 das
1218 1174 195 50 G-moll-
1420 1174 196 50 Concert
1647 1192 84 32 von

183 1257 254 50 Moscheies
479 1257 78 48 mit
598 1257 327 48 meisterhafter
955 1256 198 49 Technik
1185 1256 90 48 und
1308 1256 276 49 bewusstem
1618 1258 84 49 Ver-

187 1340 240 49 ständniss.
485 1340 83 48 Ein
600 1340 326 49 französischer
954 1340 185 55 Bassist,
1170 1340 122 48 Herr
1324 1338 279 52 Colbrun.
1644 1340 89 49 den

183 1423 83 49 wir
296 1421 102 49 bald
430 1422 162 48 darauf
616 1422 41 48 in
689 1422 122 48 einer
841 1422 194 48 Matinee
1065 1422 62 48 als
1157 1421 127 49 einen
1311 1422 188 48 trefflich
1532 1422 173 65 gebilde-

184 1514 79 40 ten
294 1503 91 50 und
416 1503 269 50 namentlich
720 1505 143 49 durch
896 1503 259 51 Weichheit
1194 1503 79 50 des
1303 1505 198 64 Klanges
1546 1505 157 49 hervor-

184 1587 232 66 ragenden
449 1588 176 64 Sänger
666 1588 175 50 kennen
880 1588 192 56 lernten,
1117 1604 111 48 sang
1258 1587 96 48 eine
1385 1588 104 47 sehr
1518 1588 215 49 veraltete

186 1670 109 49 Arie
325 1686 87 33 von
444 1670 214 48 Sacchini.
691 1671 98 48 Auf
812 1670 297 48 Beethoven's
1128 1670 293 48 Meeresstille
1453 1670 92 49 und
1575 1670 130 65 glück-

187 1751 113 50 liche
329 1751 142 50 Fahrt
511 1751 138 66 folgte
678 1770 103 32 zum
812 1752 185 50 Schluss
1038 1752 70 49 die
1139 1752 260 49 Ouvertüre
1442 1770 101 31 zum
1584 1754 120 48 Tann-

187 1834 182 57 häuser,
399 1834 70 49 die
498 1851 85 32 von
602 1835 153 49 Herrn
785 1851 37 35 v.
856 1835 203 49 Bülow
1090 1835 84 48 fest
1206 1835 87 48 und
1324 1834 209 66 lebendig
1553 1835 182 66 geleitet

188 1917 93 49 und
310 1933 88 33 von
428 1916 102 48 dem
550 1917 249 50 Orchester
828 1917 82 49 mit
940 1916 272 67 glänzender
1239 1916 232 66 Wirkung
1501 1925 207 57 vorgetra-

187 2015 90 50 gen
320 1997 184 59 wurde;
549 2000 115 48 doch
708 2000 169 49 konnte
917 1999 115 49 auch
1061 2000 122 48 diese
1213 1999 297 66 Ausführung
1542 2000 69 49 die
1644 2000 60 48 Un-

183 2081 296 50 schönheiten
507 2083 90 46 und
614 2083 430 66 Maasslosigkeiten,
1079 2083 69 48 die
1178 2083 268 48 namentlich
1479 2099 143 48 gegen
1655 2083 78 48 das

187 2165 130 47 Ende
348 2164 79 48 des
460 2159 199 56 Werkes
690 2165 330 58 hervortreten,
1059 2165 122 48 nicht
1207 2165 293 66 eriräglicher
1529 2166 202 49 machen.

187 2246 52 49 In
270 2245 102 50 dem
413 2245 165 50 dritten
609 2246 224 50 Concerte
874 2248 180 48 fesselte
1099 2263 80 33 vor
1208 2246 146 49 Allem
1401 2246 67 49 die
1513 2246 217 50 treffliche

187 2328 300 66 Ausführung
530 2329 79 48 der
639 2330 375 50 F-dwr-Sinfonie
1058 2330 89 48 und
1189 2329 79 49 des
1307 2329 424 67 Tripel-Concertes

188 2428 87 32 von
304 2410 122 50 Bach
468 2411 158 66 (durch
657 2413 71 48 die
757 2414 181 47 Herren
967 2430 38 32 v.
1037 2411 221 59 Bülow,
1299 2411 168 50 Krall
1509 2411 90 49 und
1630 2413 76 48 Eli-

188 2494 150 66 iert).
367 2493 174 51 Ferner
571 2495 163 49 hörten
760 2497 81 47 wir
860 2495 69 49 die
952 2495 417 50 Hafis-Ouverture
1400 2512 84 32 von
1509 2494 222 57 Ehlert,

188 2574 115 50 über
333 2575 69 49 die
431 2575 68 49 ich
531 2577 141 48 Ihnen
700 2577 140 49 schon
870 2577 153 48 früher
1052 2577 160 48 einmal
1245 2577 220 48 berichtet
1494 2575 129 60 habe,
1661 2577 69 48 ein

188 2657 153 52 Werk
370 2657 122 50 eines
524 2659 104 48 sehr
657 2659 85 50 fein
775 2659 239 50 fühlenden
1054 2659 92 48 und
1178 2659 96 48 edel
1307 2658 254 66 gebildeten
1590 2659 112 48 Musi-

188 2740 120 59 kers,
344 2748 143 42 etwas
517 2759 55 31 zu
604 2751 95 40 zart
728 2743 217 49 vielleicht
973 2740 92 50 und
1095 2740 321 58 träumerisch;
1462 2740 84 49 wir
1575 2740 124 49 möch-

188 2831 78 41 ten
310 2823 102 49 dem
457 2823 323 68 Componisten
826 2825 128 49 mehr
997 2824 250 50 männliche
1289 2823 132 49 Kraft
1462 2823 94 49 und
1599 2823 127 48 Fülle

188 2905 271 59 wünschen;
502 2907 110 48 aber
657 2925 51 31 er
746 2908 56 50 ist
831 2908 68 50 ein
930 2907 216 57 Musiker,
1189 2907 161 49 dessen
1381 2904 349 68 Bestrebungen

188 2988 45 48 in
262 2987 86 49 den
379 2988 288 51 Traditionen
698 2991 80 49 der
808 2988 367 67 Vergangenheit
1203 2989 130 50 einen
1363 2988 156 57 festen,
1557 2988 172 48 idealen

188 3069 158 51 Boden
377 3069 166 50 finden.
576 3072 109 48 Eine
708 3073 236 65 Sängerin,
974 3071 152 50 Fräul.
1156 3072 267 56 Grosser,
1453 3087 113 47 sang
1595 3071 108 48 Beet-

188 3153 184 50 hoven's
647 3189 20 21 *
681 3154 74 47 Ah
841 3156 87 47 mit
929 3156 67 48 sehr
1026 3154 225 50 forcirtem
1272 3154 238 65 Vortrage.
1542 3152 187 49 Endlich

188 3236 104 49 kam
322 3234 69 50 die
419 3236 164 50 Flucht
621 3237 115 51 nach
764 3238 241 65 Aegypten
1037 3255 83 31 von
1150 3236 233 50 Berlioz
1426 3252 81 33 zur
1537 3234 165 50 Auffüh-

187 3335 133 49 rung.
348 3318 177 50 Berlioz
555 3319 76 50 hat
661 3319 90 50 sich
783 3319 119 49 wohl
926 3319 177 50 solcher
1126 3318 337 50 musicalischen
1477 3318 146 50 Mittel
1653 3317 52 48 be-

188 3401 139 58 dient,
367 3401 70 48 die
468 3419 83 33 uns
582 3402 42 51 in
654 3403 70 49 die
755 3402 271 65 Stimmung,
1056 3402 42 48 in
1129 3402 70 48 die
1230 3401 222 49 Situation
1482 3408 245 41 versetzen.

187 3482 295 58 Einfachheit,
522 3485 275 57 Sanftmuth,
835 3482 329 66 Frömmigkeit
1193 3482 220 67 sprechen
1443 3481 90 49 sich
1565 3482 42 48 in
1639 3481 68 49 die-

190 3581 78 34 sen
309 3566 161 49 Tönen
508 3582 96 35 aus.
651 3567 127 50 Aber
821 3566 81 49 der
930 3566 162 48 Fehler
1134 3565 108 66 liegt
1286 3565 115 49 eben
1446 3563 138 59 darin,
1628 3563 102 50 dass

188 3647 145 51 dieses
350 3650 279 59 Bestimmte,
642 3667 94 33 was
752 3648 262 66 dargestellt
1030 3648 182 50 werden
1236 3647 98 57 soll,
1358 3665 55 32 zu
1443 3647 173 50 schroff'
1637 3646 90 49 und

188 3730 112 66 grell
343 3731 278 60 heraustritt,
662 3731 230 51 bisweilen
934 3747 134 50 sogar
1098 3747 81 32 zur
1206 3728 232 50 Caricatur
1470 3728 125 50 wird.
1640 3727 95 50 Auf

188 3812 168 51 diesem
374 3815 155 65 Wege
558 3816 109 65 geht
692 3815 70 49 die
786 3816 152 47 Kunst
965 3814 116 49 eben
1112 3830 50 33 so
1193 3812 106 50 sehr
1326 3812 43 49 in
1401 3812 80 49 der
1500 3811 195 50 Gewöhn-

187 3896 180 50 lichkeit
398 3897 91 50 und
520 3894 334 68 Geisllosigkeit
883 3904 149 50 unter,
1076 3896 63 50 als
1178 3894 80 49 auf
1292 3895 101 49 dem
1425 3901 279 59 entgegenge-

191 3986 189 52 setzten,
419 3981 82 48 der
530 3998 81 31 zur
638 3979 211 52 Leerheit
879 3979 92 49 und
1001 3976 254 51 Schaalheit
1284 3976 140 51 führt.
1484 3976 104 48 Sich
1618 3975 115 48 allen

190 4062 254 66 möglichen
471 4062 298 54 vereinzelten
784 4061 320 67 Stimmungen
1132 4059 273 50 rückhaltlos
1435 4059 299 66 hinzugeben,

1827 266 60 50 ist
1915 266 60 51 im
2003 265 157 52 Leben
2192 266 84 51 wie
2306 266 43 53 in
2376 268 81 51 der
2493 269 150 51 Kunst
2686 269 79 51 das
2795 269 194 51 Zeichen
3019 269 122 51 eines
3172 270 176 68 ungebil-

1830 348 133 49 deten
1995 350 193 57 Geistes,
2229 350 101 50 dem
2362 368 48 32 es
2445 368 54 32 an
2531 352 79 48 der
2640 353 282 65 wichtigsten
2954 352 208 67 Tugend,
3205 371 59 33 an
3294 354 80 48 der

1827 432 515 66 Selbstbeherrschung,
2373 434 120 50 fehlt.
2527 435 100 49 Von
2659 437 79 47 der
2768 435 220 50 höchsten
3020 434 354 52 künstlerischen

1830 515 310 65 Anschauung
2170 533 82 31 aus
2282 514 131 51 sollte
2436 517 129 64 jedes
2596 517 195 49 einzelne
2808 519 279 48 Kunstwerk
3120 518 69 48 ein
3209 518 165 49 Abbild

1829 595 80 50 der
1938 614 171 47 ganzen
2130 598 151 48 Kunst
2311 598 108 48 sein.
2453 599 155 50 Wenn
2641 598 82 49 wir
2753 617 89 30 nun
2873 599 113 50 auch
3019 599 222 67 zugeben,
3273 600 100 49 dass

1829 678 195 49 kleinere
2055 679 373 66 Abweichungen
2461 698 85 32 von
2578 682 100 48 dem
2710 682 119 48 Ideal
2860 682 193 66 zulässig
3082 682 113 58 sind,
3227 682 54 49 da
3312 684 62 49 sie

1829 762 92 48 sich
1962 763 141 48 durch
2145 763 79 48 das
2265 763 369 50 Gesammtieben
2677 764 168 49 wieder
2887 764 308 66 ausgleichen;
3240 782 134 33 wenn

1829 844 81 47 wir
1930 846 113 47 auch
2069 844 221 66 angeben,
2323 847 100 48 dass
2455 863 47 33 es
2533 846 167 66 gerade
2730 847 99 48 kein
2848 844 205 68 Unglück
3074 847 73 58 ist,
3177 848 73 48 hin
3281 848 93 50 und

1827 926 168 49 wieder
2025 927 92 48 sich
2149 927 42 49 in
2222 929 411 65 untergeordneter
2664 929 159 50 Weise
2867 946 199 48 anregen
3106 947 57 31 zu
3209 929 161 59 lassen,

1829 1025 49 31 so
1911 1008 183 50 werden
2127 1009 81 49 wir
2238 1009 115 50 doch
2384 1011 184 48 niemals
2598 1011 80 48 auf
2706 1011 189 54 Werke,
2928 1011 70 48 die
3038 1011 144 49 nichts
3210 1012 134 49 Besse-

1826 1107 72 31 res
1930 1089 156 50 leisten
2113 1091 193 59 können,
2337 1092 128 49 einen
2498 1110 187 49 grossen
2706 1093 167 50 Werth
2906 1092 144 66 legen.
3082 1093 76 48 Sie
3187 1093 186 51 werden

1829 1188 83 32 uns
1954 1172 112 49 dazu
2108 1173 174 59 dienen,
2328 1174 96 50 eine
2469 1174 382 67 augenblickliche
2883 1177 143 47 Leere
3069 1176 304 57 auszufüllen;

1826 1254 109 49 aber
1970 1254 181 51 hiervon
2183 1256 65 49 bis
2279 1275 53 30 zu
2373 1257 82 50 der
2485 1260 343 64 Anerkennung
2859 1258 120 49 eines
3010 1257 363 50 Meisterwerkes

1829 1337 91 48 und
1963 1338 452 66 epochemachenden
2459 1340 325 50 Fortschrittes
2840 1340 54 49 ist
2939 1341 115 48 noch
3100 1340 68 49 ein
3214 1341 159 48 weiter

1827 1421 184 48 Schritt.
2042 1422 95 47 Nur
2169 1422 79 48 der
2273 1423 262 50 Idealismus
2565 1423 169 50 konnte
2749 1423 306 50 Kunstwerke
3086 1422 259 51 hervorbrin-

1827 1520 102 48 gen,
1975 1502 69 50 die
2089 1503 69 49 für
2201 1505 84 48 alle
2315 1505 156 49 Zeiten
2512 1506 90 49 und
2645 1506 83 48 alle
2757 1506 248 49 Menschen
3050 1506 319 66 mustergültig

1827 1583 127 59 sind;
1998 1585 78 48 der
2107 1586 217 49 moderne
2353 1587 266 57 Realismus,
2663 1587 102 50 dem
2796 1605 47 30 es
2873 1587 121 48 nicht
3025 1587 128 48 mehr
3184 1604 76 31 um
3290 1587 79 48 das

1829 1667 167 57 Ganze,
2028 1684 75 32 um
2135 1669 78 48 das
2245 1670 136 57 Ideal,
2422 1670 197 49 sondern
2649 1688 86 31 nur
2766 1670 114 49 noch
2913 1686 75 32 um
3020 1669 323 50 Absonderlich-

1831 1749 146 49 keiten
2010 1768 55 30 zu
2097 1750 109 49 thun
2240 1751 71 57 ist,
2342 1752 231 50 musssich
2597 1752 76 49 mit
2691 1752 267 66 geringeren
2986 1751 90 50 und
3104 1759 111 42 stets
3238 1752 106 49 zwei-

1827 1831 209 50 felhaften
2067 1832 214 66 Erfolgen
2310 1832 254 68 begnügen.
2594 1836 174 47 Darum
2801 1834 169 49 suchen
3002 1834 81 49 wir
3111 1834 121 49 Bach
3257 1834 113 66 jetzt

1825 1916 114 47 nach
1971 1915 127 48 mehr
2127 1916 64 48 als
2221 1917 196 50 hundert
2432 1919 167 48 Jahren
2625 1917 168 50 wieder
2815 1917 176 56 hervor,
3021 1916 99 50 weil
3151 1916 68 50 ein
3248 1917 96 50 idea-

1825 1996 66 48 ler
1920 1996 137 50 Trieb
2081 1997 44 49 in
2154 1999 90 48 ihm
2274 1999 121 67 liegt,
2424 2001 101 47 weil
2547 2000 121 50 Bach
2701 2000 41 48 in
2767 1999 81 49 der
2871 1999 146 49 Musik
3048 1999 114 49 eben
3194 2016 52 32 so
3275 2015 62 35 we-

1824 2079 77 64 nig
1928 2079 207 49 schlaffer
2161 2081 327 59 Genusssucht,
2512 2083 63 48 als
2593 2086 175 46 wüsten
2790 2083 326 63 Aufregungen
3147 2081 93 50 sich
3270 2081 72 50 hin-

1825 2160 110 66 gibt,
1971 2161 99 49 weil
2102 2179 48 32 er
2180 2180 83 32 uns
2295 2165 120 48 nicht
2443 2164 43 49 in
2516 2165 157 65 irgend
2704 2164 97 48 eine
2833 2164 233 66 beliebige,
3096 2164 197 49 sondern
3322 2165 45 48 in

1825 2244 68 47 die
1923 2243 189 66 richtige
2142 2245 258 67 Stimmung
2431 2246 78 50 des
2531 2246 176 50 Geistes
2738 2254 212 47 versetzt,
2980 2246 42 49 in
3048 2246 105 65 jene
3184 2246 183 66 kernige

1825 2325 185 48 Frische
2041 2328 216 48 rastloser
2291 2329 93 48 und
2419 2337 332 59 consequenter
2782 2328 271 66 Thätigkeit.
3100 2328 108 49 Wie
3237 2329 130 66 lange

1824 2406 110 49 aber
1963 2406 112 50 wird
2107 2425 101 32 man
2240 2410 90 48 sich
2361 2410 71 48 für
2464 2411 177 51 Werke
2671 2410 302 56 interessiren,
3021 2409 70 49 die
3121 2409 242 51 höchstens

1827 2489 127 48 einen
1986 2494 216 46 äusseren
2232 2493 110 49 Reiz
2386 2493 93 49 und
2522 2494 145 48 nichts
2711 2493 211 48 innerlich
2954 2490 294 51 Erhebendes
3288 2493 51 51 ha-

1824 2571 121 50 ben?
1998 2574 93 48 Das
2130 2574 271 51 Genrehafte
2445 2575 151 66 bringt
2638 2575 170 50 überall
2852 2575 84 49 den
2977 2574 264 66 Untergang
3284 2574 81 50 der

1822 2655 178 47 Künste
2029 2655 79 49 mit
2137 2657 107 49 sich.
2288 2659 84 47 Die
2404 2658 268 49 Geschichte
2713 2658 80 48 der
2822 2657 306 66 griechischen
3161 2657 90 49 und
3281 2658 82 49 der

1824 2735 403 52 mittelalterlichen
2253 2740 153 49 Kunst
2433 2740 94 64 gibt
2558 2740 68 49 die
2654 2739 202 50 Beweise
2888 2739 128 48 dazu.
3059 2738 132 49 Auch
3222 2739 141 50 schon

1824 2818 68 48 die
1937 2818 180 49 frühere
2161 2822 98 48 Zeit
2302 2822 77 49 hat
2422 2823 304 48 musicalische
2768 2820 308 50 Kunstwerke
3120 2822 216 66 hervorge-

1820 2899 175 60 bracht,
2024 2900 70 50 die
2125 2903 127 49 recht
2281 2912 110 58 gute
2422 2904 292 50 Genrebilder
2743 2919 166 41 waren,
2940 2902 109 49 aber
3080 2903 61 48 sie
3170 2904 193 50 wurden

1821 2982 102 50 bald
1954 3001 268 49 vergessen;
2253 2988 128 48 denn*
2399 3005 48 31 es
2478 2988 106 65 liegt
2612 2987 42 48 in
2685 2987 81 48 der
2796 2987 452 65 Eigentümlichkeit
3278 2987 78 49 des

1818 3066 265 58 Menschen,
2112 3068 101 50 dass
2238 3087 49 31 er
2309 3069 77 50 das
2406 3069 120 49 bloss
2550 3071 302 47 Interessante
2879 3069 109 49 oder
3003 3068 357 67 Ansprechende

1821 3163 122 33 zwar
1972 3149 166 49 schnell
2169 3152 197 65 ergreift,
2395 3149 108 51 aber
2532 3151 116 48 eben
2678 3168 51 32 so
2760 3151 167 49 schnell
2959 3149 127 50 fallen
3113 3151 133 58 lässt;
3274 3168 86 32 nur

1820 3229 242 68 dasjenige,
2107 3250 92 30 was
2230 3233 39 48 in
2301 3233 91 50 sich
2425 3232 141 49 selbst
2610 3250 50 33 so
2691 3233 150 48 erfüllt
2870 3233 93 50 und
2992 3233 119 48 reich
3142 3234 70 56 ist,
3257 3233 102 50 dass

1820 3328 48 32 es
1897 3313 113 48 nach
2041 3313 151 50 keiner
2210 3316 122 48 Seite
2361 3316 73 48 hin
2465 3314 128 50 einen
2616 3316 179 64 Mangel
2828 3316 130 64 zeigt,
2988 3316 159 48 dauert
3177 3316 69 47 für
3275 3314 84 49 alle

1818 3394 172 51 Zeiten.
2076 3396 84 49 Die
2182 3398 290 50 Theilnahme
2502 3398 71 50 für
2601 3398 70 50 die
2696 3398 348 64 Auflührungen
3074 3398 79 49 des
3184 3397 147 50 Orche-

1820 3478 306 50 ster-Vereins
2165 3478 57 51 ist
2264 3480 215 67 übrigens
2517 3481 61 49 im
2607 3481 183 65 Steigen
2820 3480 92 49 und
2942 3481 77 47 hat
3047 3480 127 49 ihren
3204 3478 124 51 Höhe-

1821 3560 143 66 punkt
2006 3560 120 49 wohl
2168 3562 115 50 auch
2318 3563 114 65 jetzt
2472 3562 119 50 noch
2620 3562 120 50 nicht
2770 3561 207 49 erreicht.
3024 3561 82 48 Die
3137 3561 222 51 Concerte

1821 3642 187 50 werden
2037 3660 85 32 von
2152 3645 213 49 nächster
2395 3645 180 52 Woche
2605 3645 55 49 ab
2691 3645 57 48 im
2779 3643 130 50 Saale
2937 3643 80 50 der
3047 3642 285 69 Sing-Akade-

1821 3725 86 48 mie
1938 3726 122 48 Statt
2089 3725 165 52 finden.

1945 3807 99 50 Auf
2081 3808 82 50 der
2191 3810 135 49 Höhe
2368 3810 181 49 solchen
2583 3808 156 60 Ideals,
2782 3810 87 48 wie
2909 3826 47 32 es
2996 3808 114 50 eben
3149 3825 88 33 von
3275 3825 88 33 uns

1824 3890 261 66 gezeichnet
2116 3892 174 59 wurde,
2320 3892 188 50 standen
2537 3891 71 50 die
2636 3890 163 51 beiden
2823 3891 237 56 Concerte,
3090 3890 70 49 die
3189 3890 178 51 Clara

1825 3972 333 51 Schumann
2189 3975 93 49 und
2310 3974 268 50 Joachim
2608 3974 162 66 gaben.
2812 3975 134 48 Beide
2975 3990 265 33 zusammen
3268 3981 73 42 tru-

1829 4074 88 49 gen
1954 4056 70 52 die
2057 4059 177 50 G-dur-
2238 4059 171 49 Sonate
2448 4075 91 34 von
2565 4059 261 49 Beethoven
2855 4056 108 68 (Op,
2996 4056 98 68 96)
3123 4074 94 33 vor.
3260 4057 105 51 Von
