2647 3875
1259 239 120 62 252

237 419 95 43 un
368 421 29 36 «
446 416 158 44 nom
637 415 322 45 commun
992 421 28 37 »
1050 400 163 80 joue
1243 402 152 79 déjà
1423 404 168 61 dans
1620 404 63 62 le
1712 405 282 77 langage
2055 404 346 66 ordinaire

239 482 62 61 le
332 480 139 62 rôle
505 491 188 50 exact
724 482 162 59 tenu
919 499 83 43 en
1034 482 361 79 géométrie
1436 503 120 61 par
1581 485 65 60 la
1677 486 265 61 surface
1976 503 86 43 ou
2094 485 65 60 la
2189 486 205 79 ligne.

249 564 123 61 Ces
402 579 196 43 noms
626 564 361 76 marquent
1026 565 98 60 les
1161 565 266 77 espèces
1473 566 169 61 dans
1685 566 62 61 le
1797 584 199 62 genre
2051 568 350 62 universel

244 642 116 79 qui
393 641 299 61 contient
721 642 225 61 toutes
976 644 101 61 les
1107 646 313 74 variétés,
1455 663 259 44 comme
1743 646 101 61 les
1884 645 305 64 surfaces
2230 649 65 60 et
2323 648 54 61 li-

244 742 162 60 gnes
439 722 384 61 délimitent
852 724 100 62 les
983 726 306 78 portions
1322 728 80 59 de
1432 728 281 77 l'espace
1759 729 169 61 dans
1959 729 64 61 le
2053 731 192 59 vaste
2292 747 80 44 en-

245 804 255 62 semble
551 800 114 80 qui
688 802 333 65 renferme
1050 808 222 59 toutes
1299 808 99 61 les
1430 808 360 61 divisions.

326 886 130 59 Les
489 884 550 63 dénominations
1070 889 465 77 scientifiques
1568 889 351 61 subissent
1948 889 66 60 la
2036 890 221 61 même
2282 890 116 61 loi.

242 965 187 61 Elles
461 968 268 58 servent
782 968 36 58 à
874 968 408 80 distinguer,
1319 987 83 43 en
1451 969 101 61 les
1596 970 325 73 limitant,
1956 970 100 60 les
2110 988 263 61 groupes-

246 1046 136 63 dits
418 1046 303 61 naturels
750 1046 159 63 bien
956 1067 152 59 que,
1144 1067 83 43 en
1257 1049 236 75 vérité,
1526 1049 88 60 ils
1647 1051 218 60 soient
1895 1051 315 78 toujours
2255 1069 113 45 con-

242 1128 454 61 ventionnels.
730 1129 330 79 L'emploi
1093 1148 130 61 que
1255 1131 134 61 l'on
1422 1131 123 60 fait
1568 1131 80 61 de
1681 1149 106 43 ces
1813 1135 251 59 termes
2098 1135 98 59 les
2227 1135 135 59 assi-

242 1209 163 61 mile
438 1225 133 44 aux
599 1210 324 78 procédés
956 1210 386 62 abstractifs
1374 1211 517 79 spontanément
1920 1213 333 80 imaginés
2283 1232 131 61 par

242 1288 103 61 les
376 1290 332 76 premiers
736 1308 392 44 mesureurs
1162 1293 80 59 de
1291 1291 259 61 choses.
1591 1293 131 61 Les
1765 1294 217 77 lignes
2030 1295 119 76 qui
2194 1295 177 60 clôtu-

245 1374 146 57 rent
420 1370 66 60 la
517 1370 434 79 multiplicité
994 1375 299 71 spatiale
1324 1374 338 61 uniforme
1694 1377 293 77 peuvent
2037 1393 71 43 se
2140 1378 228 76 prolon-

245 1468 114 60 ger
391 1468 159 43 sans
581 1451 451 79 interruption
1067 1454 62 60 et
1163 1453 297 61 donnent
1509 1454 174 60 ainsi
1723 1455 354 61 naissance
2124 1458 39 58 à
2210 1458 203 59 l'idée

247 1531 287 61 d'infini.
586 1533 130 59 Les
764 1533 451 61 abstractions
1276 1535 118 76 qui
1454 1534 334 62 clôturent
1839 1535 66 60 la
1963 1537 440 80 multiplicité

247 1611 281 79 spatiale
581 1613 286 77 occupée
913 1632 119 59 par
1075 1614 68 60 la
1186 1614 183 61 foule
1402 1615 310 78 toujours
1738 1623 397 56 successive
2168 1620 81 60 de
2281 1637 130 43 nos

247 1693 412 73 sensations,
707 1694 367 76 possèdent
1125 1695 188 60 aussi
1365 1712 67 44 ce
1487 1697 306 76 pouvoir.
1849 1695 560 66 Graduellement

246 1773 419 61 extensibles
697 1775 63 59 et
792 1773 555 79 généralisables,
1383 1774 165 61 elles
1578 1793 173 42 nous
1793 1777 273 61 mènent
2119 1796 85 43 au
2255 1798 116 42 con-

247 1857 148 75 cept
463 1854 347 61 universel
868 1855 446 73 d'existence,
1378 1874 70 42 ce
1515 1873 383 62 synonyme
1959 1860 287 61 abstrait
2314 1863 92 60 du

246 1934 247 61 monde
527 1952 159 42 sans
717 1934 271 75 bornes,
1022 1937 80 59 de
1129 1935 244 61 l'infini
1397 1938 374 61 lui-même.

324 2015 224 74 Enfin,
573 2033 133 43 une
729 2015 302 63 fonction
1060 2018 325 77 analogue
1412 2019 403 78 appartient,
1843 2037 80 42 en
1945 2020 458 80 philosophie,

246 2112 136 44 aux
411 2098 311 75 concepts
771 2097 377 78 justement
1194 2099 316 78 désignés
1553 2116 260 45 comme
1862 2100 363 64 limitatifs.
2273 2104 137 60 Les

245 2177 273 61 notions
570 2179 79 59 de
702 2179 203 73 Dieu,
962 2180 82 60 de
1105 2180 304 73 matière,
1475 2180 304 79 d'esprit,
1841 2182 363 76 d'essence,
2250 2188 151 70 etc.,

245 2258 228 61 aident
503 2258 62 58 le
604 2258 402 79 philosophe
1056 2260 37 59 à
1143 2260 379 61 construire
1581 2278 110 43 ses
1736 2262 253 78 figures
2038 2264 250 61 idéales
2342 2268 67 57 et

246 2340 288 60 souvent
562 2338 480 80 fantastiques.
1077 2343 133 58 Par
1239 2360 109 43 ces
1376 2343 299 74 notions,
1726 2343 101 61 lui
1883 2346 191 59 aussi
2122 2346 283 80 prétend

245 2420 434 60 circonscrire
713 2420 37 60 à
774 2420 254 79 jamais
1065 2440 74 43 sa
1169 2424 484 60 connaissance
1695 2424 93 60 du
1834 2427 270 60 monde.
2154 2428 86 60 Et
2271 2445 135 43 une

244 2499 349 62 troisième
620 2517 359 62 remarque
1011 2503 186 60 vient
1230 2503 290 79 parfaire
1553 2504 65 60 la
1663 2506 503 61 ressemblance
2217 2511 192 57 entre

242 2580 101 61 les
371 2582 285 77 grandes
689 2582 454 62 abstractions
1186 2586 91 59 du
1331 2586 405 76 philosophe
1785 2588 64 59 et
1893 2588 99 60 les
2042 2588 220 79 lignes
2310 2591 93 59 du

246 2660 361 81 géomètre.
642 2662 183 61 Avec
852 2680 133 43 non
1027 2664 224 61 moins
1284 2664 397 61 d'efficacité
1723 2683 131 60 que
1887 2683 108 45 ces
2025 2667 244 80 lignes,
2302 2669 103 61 les

245 2743 602 78 concepts-limites
879 2746 266 75 placent
1175 2746 259 77 l'esprit
1467 2763 81 44 en
1580 2748 260 60 contact
1870 2748 356 62 immédiat
2250 2767 156 45 avec

244 2823 153 62 leur
425 2823 315 80 négation
786 2824 321 63 l'illimité
1154 2843 88 44 ou
1286 2827 271 60 l'infini.
1591 2827 121 72 Ici,
1749 2829 92 60 du
1892 2832 202 71 reste,
2140 2848 263 45 comme

244 2907 275 76 partout
571 2906 303 72 ailleurs,
924 2906 103 61 les
1069 2907 189 61 idées
1322 2907 405 62 limitatives
1774 2911 331 61 suscitent
2151 2912 252 61 l'infini

244 3003 134 44 non
404 3003 123 60 pas
555 2986 283 80 malgré,
872 2987 176 61 mais
1081 3006 81 43 en
1211 2991 197 59 vertu
1451 2991 221 59 même
1717 2991 81 61 de
1832 2992 150 61 leur
2022 2992 195 62 office
2268 3012 103 43 res-

241 3067 229 62 trictif.

321 3147 431 79 Appliquons
797 3148 198 64 d'une
1046 3148 301 62 manière
1409 3149 158 79 plus
1614 3149 250 64 directe
1917 3155 102 59 les
2084 3155 321 63 résultats

240 3226 289 63 obtenus
562 3231 36 57 à
631 3229 66 60 la
726 3229 191 63 thèse
951 3232 80 61 de
1061 3231 67 59 la
1152 3231 340 61 relativité
1538 3231 376 64 nécessaire
1947 3236 91 59 du
2072 3238 247 60 savoir.

324 3309 143 61 Une
498 3309 149 61 idée
680 3309 253 63 obséda
961 3313 80 61 de
1069 3313 150 60 tout
1249 3313 224 78 temps
1506 3315 62 58 et
1613 3312 155 62 finit
1811 3332 122 61 par
1972 3318 343 61 maîtriser
2342 3318 67 63 le

240 3406 282 46 cerveau
552 3392 83 60 de
665 3391 324 63 l'homme
1048 3393 342 61 ordinaire
1442 3395 37 58 à
1526 3393 197 79 l'égal
1775 3396 118 61 des
1947 3415 331 46 cerveaux
2324 3401 82 61 de

240 3471 675 78 l'expérimentateur
966 3475 429 78 scientifique
1444 3476 65 60 et
1562 3476 91 60 du
1699 3476 403 81 philosophe
2138 3499 13 40 :
2206 3481 200 62 l'idée

239 3551 83 63 de
357 3552 323 76 division,
707 3553 80 63 de
820 3553 348 80 frontière,
1195 3557 80 61 de
1300 3556 247 62 limite.
1580 3556 325 74 Mesurer,
1938 3561 157 62 c'est
2119 3561 284 74 limiter,
