2647 3875
1314 421 119 61 258

306 600 83 43 ou
438 581 332 80 pourquoi
801 581 49 61 il
882 586 102 74 s'y
1018 581 400 80 décompose
1464 602 160 44 sous
1676 584 270 63 l'action
2000 584 119 61 des
2169 582 278 80 glandes

307 662 373 74 salivaires,
711 664 63 59 et
797 662 100 60 les
929 662 582 80 métamorphoses
1558 666 162 78 qu'il
1774 666 185 61 subit
2004 665 170 61 dans
2221 665 63 61 le
2325 668 99 58 tor-

304 745 149 60 rent
482 744 445 61 circulatoire.
965 744 54 61 Il
1041 763 175 43 nous
1240 746 285 79 importe
1557 748 188 59 aussi
1767 748 82 59 de
1869 746 225 61 savoir
2114 749 339 58 comment

306 843 86 43 ou
422 825 332 77 pourquoi
783 825 259 79 l'esprit
1071 826 285 61 humain
1386 828 218 61 limite
1634 829 62 60 le
1728 829 271 71 monde,
2033 829 100 58 les
2166 844 286 60 moyens

304 905 162 78 qu'il
497 905 289 79 emploie
817 906 37 60 à
877 908 166 59 cette
1069 908 94 59 fin
1191 909 65 60 et
1285 908 101 61 les
1416 925 358 61 processus
1804 909 87 60 où
1926 927 70 42 se
2029 906 221 63 révèle
2280 911 171 59 cette

303 985 297 61 fonction
666 985 479 79 prééminente.
1200 989 174 60 Mais
1431 1005 174 45 nous
1675 989 296 61 laissons
2035 1007 136 42 aux
2245 989 207 77 petits

303 1068 291 72 enfants,
626 1066 62 63 le
716 1069 148 60 soin
896 1069 80 61 de
1008 1087 173 43 nous
1211 1070 370 78 apprendre
1628 1087 128 61 que
1780 1070 62 61 le
1872 1088 191 43 sucre
2096 1070 102 60 est
2225 1069 197 61 réelle-

302 1150 185 59 ment
518 1148 216 61 sucré.
764 1148 159 61 Aux
953 1150 248 78 grands
1247 1149 268 61 enfants
1560 1151 80 60 de
1687 1151 66 60 la
1802 1150 426 79 philosophie
2278 1167 173 44 nous

303 1229 507 75 abandonnons,
840 1230 80 60 de
956 1231 241 73 même,
1225 1231 65 60 la
1333 1231 375 77 prétention
1753 1233 82 58 de
1877 1249 171 43 nous
2098 1230 355 79 enseigner

303 1328 131 61 que
466 1311 62 60 le
582 1328 356 44 mesureur
983 1329 120 61 par
1145 1311 376 63 excellence
1559 1317 64 57 et
1668 1313 61 61 le
1784 1334 29 36 «
1860 1314 384 60 limitateur
2289 1333 28 34 »
2369 1311 82 60 de

301 1394 224 58 toutes
557 1391 260 73 choses,
849 1391 261 80 l'esprit
1135 1393 309 73 humain,
1474 1397 103 57 est
1609 1394 205 60 borné
1858 1394 81 61 de
1967 1412 75 42 sa
2085 1395 269 71 nature,
2390 1394 63 58 et

303 1489 128 61 que
464 1489 124 43 son
619 1471 220 61 action
889 1489 118 43 sur
1052 1473 63 61 le
1164 1474 271 72 monde,
1480 1474 65 60 la
1588 1473 370 62 limitation
2009 1492 85 43 ou
2146 1473 269 62 connais-

303 1571 198 43 sance
563 1553 458 77 scientifique,
1071 1554 153 64 l'est
1271 1555 567 60 nécessairement
1908 1557 218 59 aussi.
2180 1553 272 65 Grands

301 1634 266 60 enfants
614 1634 369 72 d'ailleurs,
1016 1652 172 43 nous
1226 1634 61 61 le
1336 1652 297 43 sommes
1673 1638 158 57 tous
1879 1635 158 78 plus
2089 1654 87 42 ou
2223 1634 228 61 moins

299 1715 170 61 dans
502 1732 108 43 ces
636 1714 382 76 problèmes
1051 1717 116 77 qui
1186 1717 316 59 touchent
1534 1734 134 42 aux
1692 1717 246 59 vérités
1971 1718 80 60 de
2077 1718 65 58 la
2160 1717 246 78 psycho-

303 1794 174 79 logie
510 1797 62 58 et
603 1795 81 60 de
715 1795 64 60 la
811 1795 379 78 sociologie,
1219 1797 180 59 deux
1428 1797 301 61 sciences
1761 1813 235 43 encore
2020 1816 85 42 au
2142 1797 264 61 maillot
2435 1797 11 57 !

379 1878 61 58 A
492 1877 159 77 quoi
701 1875 133 63 bon
881 1877 298 61 discuter
1223 1877 369 78 davantage
1645 1894 159 45 avec
1854 1878 119 60 des
2029 1877 423 62 adversaires

301 1957 116 77 qui
445 1957 80 59 de
558 1957 146 59 leur
732 1957 183 77 plein
944 1957 111 77 gré
1089 1974 70 44 se
1193 1957 267 77 placent
1506 1974 117 44 sur
1654 1955 60 63 le
1774 1958 251 60 terrain
2077 1959 80 60 de
2207 1957 212 77 l'expé-

297 2038 221 61 rience
551 2038 416 74 immédiate,
995 2039 255 61 terrain
1283 2040 117 77 qui
1432 2038 107 61 fut
1571 2039 311 78 toujours
1913 2040 188 60 aussi
2147 2039 177 61 celui
2358 2039 93 59 du

298 2118 406 62 verbalisme
758 2118 150 62 naïf
948 2122 65 57 et
1066 2119 466 61 inconscient?
1576 2120 467 60 Hâtons-nous
2098 2120 222 79 plutôt
2371 2119 81 60 de

298 2203 419 57 reconnaître
765 2200 64 61 le
887 2199 153 61 bien
1098 2199 229 75 fondé,
1385 2204 182 57 dans
1612 2217 111 46 ces
1783 2204 261 59 limites
2054 2246 16 27 ,
2137 2202 81 58 de
2279 2199 175 61 leurs

295 2279 308 79 étranges
648 2280 450 79 conceptions.
1131 2282 147 72 Car,
1328 2283 65 58 et
1422 2298 170 61 pour
1635 2280 357 79 reprendre
2025 2298 94 43 un
2146 2279 307 79 exemple

298 2362 152 77 déjà
481 2362 154 73 cité,
670 2363 57 58 si
758 2362 138 61 lors
938 2362 90 59 du
1059 2380 282 60 passage
1390 2362 274 78 oblique
1708 2363 161 60 d'un
1915 2363 299 61 faisceau
2250 2362 162 61 lumi-

295 2460 183 41 neux
509 2443 37 58 à
576 2444 257 60 travers
864 2443 119 60 des
1016 2443 285 60 milieux
1332 2443 373 72 différents,
1737 2443 49 58 il
1828 2461 174 43 nous
2053 2442 161 62 était
2266 2442 155 61 loisi-

294 2522 111 61 ble
439 2524 80 60 de
561 2523 387 61 démontrer
972 2523 327 61 l'illusion
1333 2541 83 44 en
1463 2523 433 62 rétablissant
1932 2522 519 80 l'homogénéité

295 2604 92 60 du
421 2604 261 73 milieu,
715 2604 435 78 l'expérience
1182 2604 321 79 analogue
1544 2622 82 45 ne
1667 2606 255 59 saurait
1953 2606 81 59 de
2066 2604 385 78 longtemps

294 2701 235 44 encore
560 2702 69 43 se
660 2686 316 77 produire
1007 2684 169 61 dans
1201 2686 62 59 le
1287 2686 311 59 domaine
1630 2686 531 78 psychologique
2184 2687 38 58 à
2254 2684 198 79 peine

294 2764 267 79 exploré
590 2783 118 61 par
742 2766 60 61 la
833 2764 313 64 méthode
1187 2766 349 79 objective.

1703 2919 77 62 E.
1816 2937 80 43 DE
1935 2919 350 64 ROBERTY.
