2540 3853
1156 235 120 64 266

343 401 118 56 Car
491 398 203 70 parmi
723 398 95 54 les
848 397 312 55 fontaines
1194 401 59 52 et
1282 400 94 52 les
1409 400 187 54 clairs
1630 417 371 54 murmures,

343 473 173 55 Elles
552 471 247 53 avaient
826 471 208 51 cueilli
1067 486 108 37 sur
1207 486 115 37 nos
1353 472 204 53 lèvres
1592 473 54 52 si
1677 487 193 54 pures

342 547 121 52 Les
493 544 324 68 rhythmes
851 543 243 54 oubliés
1132 544 110 53 des
1276 546 186 52 échos
1495 546 365 68 d'alentour,

341 618 120 53 Les
493 617 325 67 rhythmes
849 630 120 53 que
1000 616 161 66 jadis
1190 616 94 52 les
1314 617 283 67 sylvains
1631 633 76 37 en
1739 632 217 39 amour

341 689 228 68 Epiant
601 703 85 37 un
722 688 160 53 éveil
912 688 75 51 de
1022 688 231 53 blonde
1284 689 327 54 chevelure

343 762 192 53 Entre
558 759 60 53 le
647 760 74 51 lit
752 760 75 52 de
858 760 190 51 fleurs
1077 763 58 49 et
1162 760 59 52 le
1253 760 138 54 dais
1424 762 75 52 de
1531 777 305 55 ramures,

343 832 334 54 Dédiaient
708 830 35 54 à
770 832 137 52 leur
936 832 181 62 grâce
1151 832 293 53 éternelle
1474 834 57 51 et
1560 832 325 62 fuyante...

343 905 120 54 Les
497 904 286 68 sylvains
802 918 76 37 ne
911 905 142 51 sont
1081 905 169 67 plus,
1284 906 59 50 et
1375 919 67 37 ce
1474 906 203 66 regret
1705 905 94 52 les
1834 906 188 51 hante

343 975 92 55 De
463 976 63 54 la
555 972 149 56 flûte
755 975 294 53 autrefois
1082 975 343 67 dédaignée
1457 979 57 48 et
1547 978 112 50 des
1692 990 203 40 cœurs

342 1046 155 56 D'où
527 1047 343 54 montaient
898 1047 111 52 des
1042 1047 282 68 sanglots
1347 1063 142 38 vers
1505 1047 171 54 leurs
1696 1049 207 52 souris
1928 1061 361 55 moqueurs.

342 1191 79 55 Et
450 1206 157 38 nous
648 1191 136 52 leur
814 1190 360 68 rappelions
1208 1205 103 38 ces
1356 1192 209 66 temps
1606 1191 322 53 lointains.
1963 1191 329 68 Surprises

342 1263 89 54 De
464 1277 67 38 ce
562 1262 228 52 nouvel
822 1276 178 37 essor
1030 1262 111 52 des
1171 1263 266 65 phrases
1483 1263 428 66 désapprises,

338 1336 170 53 Elles
539 1334 291 54 venaient
860 1336 335 50 au-devant
1235 1336 74 50 de
1342 1336 171 50 notre
1546 1336 281 52 chanson

342 1407 79 54 Et
450 1421 160 38 nous
643 1406 340 53 donnaient
1042 1406 110 52 des
1185 1407 191 49 fleurs
1409 1404 408 54 immortelles
1867 1421 240 38 comme
2140 1406 154 54 elles

343 1477 131 64 Que
506 1478 135 52 leur
681 1478 221 66 regard
930 1475 212 54 faisait
1173 1477 255 66 grandir
1460 1492 108 37 sur
1597 1478 93 51 les
1720 1478 306 53 buissons
2055 1496 13 51 ;

342 1550 197 54 Leurs
569 1549 249 67 paroles
850 1548 230 52 étaient
1104 1549 253 51 tendres
1391 1550 58 50 et
1481 1549 329 60 sororales,

338 1623 79 53 Et
444 1621 171 53 leurs
635 1621 314 53 chansons
973 1620 230 52 étaient
1234 1634 238 40 comme
1496 1620 153 52 elles
1679 1621 431 70 immortelles,

345 1693 80 54 Et
454 1707 181 54 nous,
670 1707 160 36 nous
858 1705 157 38 nous
1049 1691 257 52 savions
1338 1690 348 55 immortels
1720 1694 76 51 de
1822 1694 94 51 les
1947 1694 155 52 voir.

342 1818 191 55 Notre
564 1820 296 53 aventure
888 1817 147 53 était
1065 1817 203 67 parmi
1297 1817 94 52 les
1422 1816 326 70 Nymphes
1782 1835 202 38 sœurs

341 1891 481 54 D'adolescence
849 1888 383 69 printanière
1267 1892 59 49 et
1354 1889 374 68 triomphale
1753 1907 11 51 ;

341 1963 175 53 Dans
548 1964 94 50 les
675 1977 253 37 roseurs
953 1962 74 52 de
1057 1962 203 52 l'aube
1293 1963 57 50 et
1381 1962 61 51 la
1474 1962 341 67 splendeur
1847 1963 112 52 des
1994 1963 186 71 soirs,

338 2034 188 57 Notre
559 2038 296 51 aventure
887 2034 148 52 était
1060 2033 240 69 puérile
1334 2035 57 50 et
1422 2034 74 51 de
1527 2035 212 56 fleurs.

340 2159 190 56 Notre
564 2161 296 52 aventure
892 2159 149 52 était
1071 2159 76 52 de
1176 2160 191 51 fleurs
1401 2159 60 52 et
1490 2157 269 72 puérile;

337 2231 190 56 Notre
562 2231 350 67 esthétique
945 2229 149 54 était
1129 2231 298 66 pourtant
1458 2231 112 51 des
1603 2232 146 66 plus
1785 2232 289 73 subtiles,

338 2302 176 56 Nous
554 2302 503 69 byzantinisions
1089 2303 270 53 même...

337 2375 154 54 Mon
520 2376 265 66 langage
828 2375 247 52 surtout
1105 2373 149 54 était
1287 2375 112 50 des
1430 2373 148 68 plus
1608 2390 280 52 pervers.

441 2446 90 56 Ne
564 2447 299 53 revois-tu
891 2461 117 53 pas
1041 2446 350 66 d'étranges
1423 2446 194 53 livres
1649 2451 274 67 ouverts,

346 2573 98 70 Et,
478 2571 241 69 penché
752 2588 109 37 sur
888 2587 141 53 eux,
1056 2585 146 38 mon
1231 2570 165 55 front
1424 2571 250 54 blême?

342 2645 173 53 Nous
547 2662 41 52 y
618 2645 227 52 lisions
887 2645 112 52 des
1028 2644 349 67 triomphes
1409 2645 76 51 de
1518 2644 191 70 chair,

337 2716 79 55 Et
447 2717 94 51 les
577 2733 147 37 sens
755 2716 371 67 palpitaient
1155 2730 148 37 sous
1342 2716 58 51 le
1430 2714 209 54 Verbe
1672 2733 76 35 en
1777 2719 363 66 splendeur.

338 2789 169 53 Mais
541 2804 160 38 nous
734 2789 258 53 savions
1024 2787 222 68 garder
1276 2789 62 50 la
1369 2787 210 54 native
1616 2790 295 68 candeur,

337 2860 79 54 Et
449 2876 115 37 nos
597 2862 210 65 gestes
841 2860 230 52 étaient
1103 2858 269 66 ingénus
1405 2872 243 40 comme
1678 2875 123 38 une
1843 2862 120 52 aile
1984 2879 14 52 ;

336 2931 240 54 Jamais
606 2932 81 52 ils
718 2931 433 53 n'insultaient
1180 2931 189 51 l'azur
1395 2928 13 55 !

337 3003 79 55 Et
440 3004 60 53 le
531 3004 158 54 livre
718 3003 193 54 fermé
943 3020 76 35 ne
1049 3003 249 52 laissait
1329 3017 77 37 en
1437 3017 117 37 nos
1588 3017 203 40 cœurs

333 3076 169 54 Rien
541 3091 120 53 que
701 3076 59 52 le
793 3074 298 54 souvenir
1123 3076 84 50 du
1236 3073 207 53 Verbe
1477 3076 58 50 et
1569 3090 72 36 sa
1668 3076 362 67 splendeur.

334 3200 313 69 Toujours
677 3203 97 52 les
802 3203 103 68 lys
938 3201 213 55 ailiers
1185 3215 160 38 nous
1380 3200 230 53 étaient
1641 3203 332 55 fraternels
1998 3222 14 53 ;

337 3274 66 54 Si
435 3276 114 51 des
577 3275 279 53 troubles
896 3272 487 56 alourdissaient
1419 3289 117 37 nos
1568 3276 341 69 prunelles,

336 3346 66 55 Si
430 3347 113 52 des
569 3363 301 52 rougeurs
903 3344 508 71 empourpraient
1443 3360 116 38 nos
1587 3346 200 53 fronts
1818 3351 189 70 pâlis,

338 3417 66 55 Si
437 3420 115 51 des
583 3422 165 50 mots
775 3418 420 54 irrévocables

338 3490 253 53 Etaient
620 3491 311 53 hésitants
966 3506 106 37 sur
1102 3504 116 38 nos
1248 3487 228 66 lèvres,

345 3561 64 54 Si
444 3565 111 50 des
587 3563 272 52 frissons
892 3565 75 50 de
997 3562 188 53 fièvre
