2647 3875
1234 324 116 59 257

246 478 169 58 dans
448 494 107 42 ses
585 478 154 72 fins,
773 479 165 59 dans
964 496 118 43 son
1112 497 270 43 essence
1412 482 265 59 entière.
1700 482 84 58 Et
1811 482 156 59 telle
1994 479 124 61 elle
2142 497 176 61 paraî-

247 558 103 57 tra
390 573 256 55 encore,
706 573 155 43 sans
912 559 116 57 nul
1083 559 199 59 doute
1328 559 316 78 possible,
1691 560 37 58 à
1775 562 182 57 toute
2006 558 345 61 humanité

249 634 247 60 future.
538 637 129 57 Les
697 635 128 59 lois
871 637 80 58 de
979 637 316 77 l'optique
1340 639 311 73 mentale,
1700 638 422 77 aujourd'hui
2163 654 157 61 soup-

250 714 283 71 çonnées
567 714 393 74 seulement,
993 715 328 61 serviront
1350 717 38 58 à
1416 717 344 76 expliquer
1790 719 164 59 cette
1986 718 277 58 illusion
2296 718 62 60 et

247 794 37 56 à
327 793 340 60 redresser
711 812 107 41 ses
882 797 487 75 conséquences
1415 797 365 75 pratiques.
1837 797 169 59 Mais
2057 797 160 59 elles
2273 813 81 42 11e

249 874 324 75 pourront
609 873 248 77 jamais
886 874 65 59 la
995 875 341 60 déraciner
1368 878 63 56 et
1464 875 64 59 la
1578 875 328 73 détruire;
1961 894 108 41 car
2111 877 48 57 il
2216 874 105 60 fau-

251 952 172 58 drait
470 969 169 60 pour
683 953 138 58 cela
866 955 466 78 entreprendre
1383 954 79 60 de
1506 954 309 60 modifier
1858 954 495 78 l'organisation

253 1032 328 58 cérébrale
622 1032 393 62 elle-même.

325 1110 208 59 Aussi
565 1112 161 58 haut
757 1128 127 59 que
927 1113 98 58 les
1056 1113 153 76 plus
1235 1112 263 59 décidés
1530 1112 247 59 d'entre
1830 1128 121 42 nos
2000 1112 324 59 contradic-

249 1189 211 71 teurs,
493 1206 170 43 nous
691 1189 346 62 affirmons
1058 1193 64 57 la
1143 1190 330 61 relativité
1498 1192 88 58 du
1611 1193 220 57 savoir
1859 1192 300 58 humain.
2192 1192 170 58 Mais

250 1284 170 42 nous
480 1269 367 59 entendons
910 1287 117 60 par
1068 1270 63 59 là
1189 1288 148 60 que,
1402 1272 165 57 dans
1624 1272 183 57 toute
1868 1269 493 71 connaissance,

251 1347 254 77 l'esprit
537 1348 312 76 applique
894 1350 556 60 nécessairement
1498 1350 63 60 le
1592 1350 270 77 concept
1906 1349 78 59 de
2018 1349 226 59 limite
2292 1352 62 56 et

246 1425 100 60 les
392 1427 183 59 deux
607 1427 348 61 méthodes
988 1429 115 76 qui
1136 1446 82 42 en
1251 1428 298 60 dérivent
1582 1447 18 41 :
1632 1428 65 58 la
1728 1427 308 59 méthode
2070 1428 79 58 de
2180 1428 131 58 mul-

251 1505 308 77 tiplicité,
604 1524 84 41 ou
719 1508 296 76 analyse,
1048 1510 63 58 et
1140 1508 64 60 la
1234 1508 309 60 méthode
1589 1507 271 73 d'unité,
1891 1524 84 42 ou
2024 1507 335 76 synthèse.

254 1584 122 61 Ces
414 1585 347 60 méthodes
794 1603 80 42 en
917 1587 462 73 elles-mêmes,
1412 1587 362 73 d'ailleurs,
1799 1603 169 43 nous
1996 1587 369 77 paraissent

256 1665 229 59 autant
531 1664 78 60 de
645 1665 429 61 conventions
1103 1673 238 70 pures.®

335 1743 58 58 A
425 1745 145 58 tout
599 1743 254 60 instant
877 1744 252 78 l'esprit
1153 1745 216 59 limite
1390 1744 61 60 le
1477 1745 264 70 monde,
1775 1744 212 60 divise
2018 1745 63 58 et
2107 1761 258 42 mesure

264 1820 98 60 les
393 1822 260 72 choses,
687 1822 274 62 observe
997 1824 167 59 clans
1208 1824 64 59 la
1312 1823 246 60 variété
1604 1823 173 60 ainsi
1824 1823 179 60 créée
2043 1824 62 57 et
2154 1823 176 60 déter-

263 1900 221 59 minée
541 1900 98 60 les
702 1902 313 59 nombres
1060 1905 61 58 et
1163 1903 98 58 les
1304 1904 297 75 rapports
1662 1903 99 58 les
1806 1903 155 75 plus
2004 1904 361 69 constants,

258 1979 268 72 extrait,
578 1980 200 68 enfin,
830 1982 79 57 de
957 1982 258 59 ceux-ci
1262 1983 146 57 leur
1451 1982 261 71 moelle,
1757 1979 97 60 les
1896 1979 281 79 grandes
2220 1980 109 59 abs-

255 2059 325 58 tractions
613 2059 334 60 destinées
981 2065 37 55 â
1049 2060 372 60 consolider
1450 2062 61 57 et
1540 2060 242 59 unifier
1802 2060 60 57 le
1893 2058 240 61 savoir.
2168 2059 193 70 Mais,

255 2138 156 58 sauf
439 2138 164 58 dans
636 2139 97 58 les
781 2157 108 42 cas
940 2140 78 59 de
1051 2140 510 77 généralisation
1609 2139 306 76 suprême
1961 2138 242 77 prévus
2250 2154 115 61 par

253 2217 64 58 la
339 2217 91 58 loi
477 2218 78 57 de
587 2217 325 59 l'identité
946 2219 114 60 des
1087 2219 381 71 contraires,
1501 2236 169 41 nous
1700 2236 170 40 nous
1900 2218 280 77 gardons
2211 2218 154 58 bien

254 2295 79 59 de
371 2295 329 74 conclure,
735 2297 78 58 de
847 2314 67 42 ce
942 2298 132 58 rôle
1106 2298 563 59 essentiellement
1699 2298 179 70 actif,
2046 2299 99 56 cet
2177 2297 188 58 office

254 2374 457 61 d'incessante
733 2375 473 73 intervention,
1238 2377 37 58 à
1316 2377 63 58 la
1423 2375 317 78 passivité
1787 2375 400 60 inéluctable
2229 2392 125 58 que

256 2453 117 59 des
407 2454 418 76 générations
857 2457 79 58 de
983 2473 322 60 penseurs
1355 2459 113 55 ont
1512 2472 284 59 presque
1841 2453 398 61 transformé
2282 2471 79 41 en

256 2533 226 58 article
517 2533 78 59 de
627 2533 116 71 foi,
780 2551 78 41 en
893 2534 233 76 dogme
1158 2533 349 59 indiscuté.
1556 2534 176 58 Avec
1775 2534 97 57 les
1923 2533 439 76 scolastiques

260 2611 272 59 anciens
561 2613 62 58 et
656 2613 350 59 modernes
1034 2631 167 40 nous
1234 2631 80 40 ne
1343 2613 229 58 disons
1601 2629 118 59 pas
1764 2628 126 60 que
1920 2613 60 58 le
2011 2614 216 72 temps
2260 2613 99 57 est

253 2690 346 75 temporel,
659 2692 279 76 l'espace
988 2692 259 77 spatial,
1293 2694 62 57 et
1409 2692 64 58 la
1521 2690 466 60 connaissance
2044 2690 315 59 humaine

255 2768 283 62 limitée.
573 2770 165 59 Plus
777 2772 401 59 relativistes
1228 2788 80 42 en
1357 2773 135 57 cela
1543 2788 124 58 que
1695 2774 98 55 les
1841 2770 398 59 relativistes
2281 2785 82 42 an

261 2849 177 72 titre,
494 2865 171 44 nous
734 2849 298 61 écartons
1078 2852 79 58 de
1216 2852 211 74 prime
1487 2850 202 59 abord
1737 2850 80 57 de
1863 2849 63 58 la
1985 2848 374 59 discussion

258 2926 99 59 les
392 2948 28 34 «
454 2944 304 43 essences
790 2949 30 35 »
856 2928 338 61 formelles
1225 2947 84 42 ou
1346 2929 323 58 verbales.

335 3005 102 59 En
470 3008 345 72 revanche,
851 3026 170 40 nous
1051 3026 169 40 nous
1252 3008 342 59 attachons
1620 3008 36 56 à
1700 3005 351 60 découvrir
2080 3005 95 59 les
2202 3024 28 36 «
2264 3022 65 42 es-

256 3100 233 44 sences
520 3085 355 62 indirectes
907 3108 58 52 »,
999 3088 198 59 celles
1229 3088 214 59 même
1477 3104 126 59 que
1622 3086 62 59 la
1707 3085 251 60 science
1990 3085 364 60 recherche.

254 3161 57 60 Il
343 3180 169 42 nous
534 3165 282 75 importe
851 3166 76 59 de
960 3166 220 59 savoir
1202 3169 343 57 comment
1575 3182 82 40 ou
1675 3168 347 67 pourquoi
2055 3163 83 76 (1)
2163 3164 59 57 le
2254 3180 72 42 su-

253 3258 129 56 cre,
414 3259 117 59 par
561 3245 324 75 exemple,
912 3245 132 76 agit
1070 3262 116 42 sur
1211 3245 98 60 les
1338 3244 278 77 papilles
1648 3244 89 57 du
1768 3243 233 76 palais,
2031 3244 328 57 comment

309 3452 67 61 (1)
414 3452 105 47 Car
541 3452 145 47 voilà
728 3466 202 45 encore,
968 3455 276 59 peut-être,
1296 3453 138 47 deux
1475 3467 330 47 synonymes
1848 3455 363 47 oiseusement
2255 3455 86 45 dis

243 3513 227 61 tingués
501 3527 99 47 par
629 3527 84 33 ces
746 3516 197 45 subtils
964 3516 430 61 grammairiens,
1429 3530 84 33 ces
1557 3516 378 62 incorrigibles
1977 3517 285 47 raffineurs
2293 3517 62 47 de

239 3582 150 42 mots
426 3577 159 59 qu'on
616 3589 215 35 nomme
863 3577 94 48 des
986 3578 363 61 philosophes.
