2647 3875
1267 110 118 62 253

272 270 62 59 et
368 267 240 73 savoir,
642 267 154 60 c'est
828 286 324 43 mesurer.
1194 270 170 59 D'où
1406 271 167 60 cette
1623 272 381 62 conclusion
2036 280 309 76 superlati-

270 348 267 59 vement
565 346 298 76 légitime
900 366 13 40 :
947 348 280 60 limiter,
1262 350 156 58 c'est
1450 351 239 58 savoir.

350 426 94 58 La
489 423 376 78 séparation
915 442 84 42 ou
1049 427 287 59 division
1385 427 143 60 crée
1581 428 65 60 la
1694 431 248 61 dualité
1991 435 291 73 d'abord,
2316 441 63 59 et

274 503 259 60 ensuite
560 503 66 59 la
656 505 449 76 multiplicité.
1138 506 58 58 A
1229 507 121 59 elle
1381 508 183 58 aussi
1597 525 70 42 se
1700 512 363 63 rattachent
2088 517 163 59 donc
2281 519 97 61 les

273 583 183 59 idées
494 583 77 58 de
603 583 274 60 nombre
907 586 62 57 et
1021 585 79 58 de
1145 587 266 74 rapport
1456 587 115 74 qui
1620 590 304 75 toujours
1966 595 413 62 dominèrent

272 663 64 59 la
367 661 278 60 science.
682 662 100 60 On
813 665 161 73 peut
1000 662 331 61 s'étonner
1378 665 35 57 à
1462 665 130 58 bon
1643 667 170 60 droit
1859 671 160 74 qu'il
2074 675 90 57 ait
2211 675 166 62 fallu

273 741 143 58 tant
449 741 78 58 de
562 740 235 59 siècles
823 759 169 58 pour
1020 741 265 60 aboutir
1310 742 36 59 à
1366 742 62 59 la
1460 743 294 63 doctrine
1785 746 56 60 si
1874 748 301 65 évidente
2207 755 77 60 de
2315 755 63 60 la

273 818 327 60 relativité
633 820 78 58 de
744 821 183 58 toute
960 821 494 61 connaissance.

352 897 167 59 Mais
570 897 192 61 l'idée
821 900 79 59 de
932 900 215 59 limite
1177 917 80 42 ne
1317 903 133 58 sert
1500 919 118 58 pas
1651 903 369 63 seulement
2065 909 37 58 à
2140 910 239 63 fermer

269 977 340 59 l'horizon.
641 978 145 60 Elle
815 981 132 57 sert
976 981 182 58 aussi
1185 981 36 58 à
1241 980 294 61 l'ouvrir.
1561 981 143 61 Elle
1740 983 273 78 indique
2042 989 335 74 l'au-delà,

272 1056 121 58 elle
423 1056 61 58 le
528 1056 296 76 désigne,
861 1058 124 59 elle
1025 1058 61 59 le
1138 1058 292 78 qualifie.
1464 1060 171 61 Rien
1670 1062 80 59 de
1797 1063 152 75 plus
1980 1069 283 72 naturel,
2298 1088 81 41 en

272 1152 289 55 somme,
594 1137 321 75 puisque,
951 1138 218 73 seule,
1204 1138 120 60 elle
1373 1140 100 58 lui
1520 1141 213 58 donue
1789 1143 365 64 naissance.
2189 1149 152 61 L'au-

275 1213 144 59 delà
452 1213 414 61 n'existerait
895 1232 119 60 pas
1049 1234 155 42 sans
1235 1217 341 73 i'en-deça,
1610 1221 61 57 et
1691 1220 240 59 l'infini
1964 1240 154 43 sans
2143 1226 60 58 le
2235 1227 140 61 fini.

350 1292 266 61 L'unité
668 1311 233 43 encore
934 1312 82 44 ne
1063 1314 68 42 se
1161 1314 203 59 pense
1397 1315 127 60 que
1555 1298 239 60 devant
1836 1301 64 60 la
1929 1303 441 78 multiplicité.

274 1370 100 60 On
406 1389 37 41 a
473 1372 100 60 dit
604 1372 168 60 dans
804 1391 92 42 un
928 1375 276 77 langage
1227 1392 210 60 vague
1469 1394 127 59 que
1625 1377 256 76 l'unité,
1916 1397 78 42 en
2024 1399 69 43 se
2123 1383 255 64 brisant

273 1469 82 40 ou
402 1451 441 75 s'émiettant,
896 1455 365 76 produisait
1289 1456 65 58 la
1402 1457 448 76 multiplicité.
1886 1461 169 60 Mais
2099 1464 64 58 la
2192 1465 185 61 thèse

272 1532 321 59 contraire
616 1549 67 42 se
719 1532 242 60 défend
985 1551 154 42 avec
1161 1552 132 41 non
1312 1536 217 58 moins
1549 1537 78 59 de
1657 1537 530 65 bonheur.Carla
2208 1546 128 58 mul-

270 1610 280 74 tiplicité
580 1611 582 62 limitéedetoutes
1191 1617 182 73 parts
1408 1615 263 61 devient
1691 1634 117 59 par
1831 1618 65 59 là
1926 1621 214 60 même
2165 1624 207 62 unité.

270 1688 455 76 L'opposition
758 1691 90 58 du
887 1691 119 58 fini
1037 1692 64 59 et
1144 1692 79 60 de
1267 1692 236 60 l'infini
1534 1696 270 58 conduit
1848 1697 35 57 à
1915 1698 114 59 des
2062 1701 314 62 résultats

269 1767 401 78 identiques.
693 1770 94 58 La
809 1771 310 75 question
1148 1772 79 59 de
1246 1773 216 59 savoir
1475 1773 220 78 lequel
1727 1775 116 61 des
1867 1777 175 60 deux
2071 1784 304 74 concepts

272 1848 328 75 engendre
635 1865 82 42 ou
745 1850 275 75 précède
1049 1850 231 59 l'autre
1310 1853 244 58 restera
1595 1855 305 76 toujours
1923 1858 283 61 oiseuse.
2231 1861 142 61 Elle

272 1942 241 59 pourra
570 1944 69 41 se
683 1928 317 59 résoudre
1050 1930 561 59 indifféremment
1652 1933 164 59 dans
1846 1935 99 58 les
1990 1937 175 60 deux
2197 1955 173 44 sens.

269 2005 170 59 D'où
472 2007 167 58 cette
687 2008 387 59 conclusion
1114 2008 450 77 logiquement
1622 2012 351 62 inévitable
2036 2034 12 39 :
2100 2035 92 41 un
2221 2020 124 58 troi-

270 2083 207 61 sième
520 2088 276 74 concept
849 2087 273 89 prépare
1182 2090 64 57 et
1277 2088 367 61 détermine
1691 2091 418 77 l'apparition
2142 2097 193 60 simul-

265 2162 189 62 tanée
504 2163 89 59 du
627 2165 231 76 couple
891 2166 248 60 d'idées
1176 2167 139 75 qui,
1347 2168 440 75 précisément
1817 2189 79 40 en
1917 2176 190 56 vertu
2130 2176 78 58 de
2230 2176 146 60 leur

266 2246 235 56 nature
534 2243 530 74 contradictoire,
1101 2261 68 43 se
1214 2247 499 60 conditionnent
1745 2252 179 59 entre
1956 2252 160 59 elles
2166 2256 61 58 et
2260 2255 88 59 s'é-

268 2323 293 74 voquent
592 2323 529 61 mutuellement.

346 2401 190 59 Nous
569 2402 177 58 voilà
793 2403 172 59 ainsi
1018 2403 310 61 derechef
1369 2407 300 60 ramenés
1718 2426 83 41 au
1850 2413 268 75 concept
2177 2413 77 60 de
2305 2415 50 58 li-

272 2478 184 60 mite.
485 2478 306 74 Limiter,
827 2481 156 59 c'est
1016 2482 311 76 produire
1373 2485 35 55 à
1437 2486 65 58 la
1533 2486 129 60 fois
1686 2487 137 59 l'un
1856 2490 63 57 et
1957 2490 58 58 le
2046 2491 330 77 multiple,

269 2557 245 61 l'infini
546 2561 62 57 et
637 2560 61 59 le
733 2561 139 58 fini.
903 2561 120 59 Ces
1058 2563 175 59 deux
1265 2566 381 68 contraires,
1696 2567 360 74 d'ailleurs,
2091 2570 251 61 s'enche-

270 2637 259 61 vêtrent
564 2640 196 58 d'une
792 2638 191 74 façon
1016 2641 37 58 à
1082 2659 126 58 peu
1242 2643 151 77 près
1423 2645 432 61 inextricable
1887 2648 84 72 et,
1996 2648 383 64 finalement

274 2716 535 62 s'évanouissent
860 2720 252 76 chaque
1161 2722 128 58 fois
1322 2740 126 58 que
1492 2723 63 60 la
1587 2725 234 76 sphère
1867 2726 86 58 du
1982 2731 278 69 concret,
2293 2732 85 57 où

272 2794 86 60 ils
402 2800 313 55 trouvent
790 2815 130 42 une
975 2800 399 76 application
1422 2802 408 72 immédiate,
1879 2821 168 42 nous
2099 2824 278 58 passons

273 2874 165 60 dans
458 2877 61 58 le
546 2877 307 58 domaine
879 2878 740 80 del'abstractionpure.
1643 2883 100 59 En
1766 2883 176 73 effet,
1959 2887 63 56 et
2051 2887 170 57 ainsi
2253 2905 125 58 que

270 2970 172 43 nous
490 2953 258 62 l'avons
795 2956 148 77 déjà
992 2960 373 76 remarqué,
1601 2962 109 75 qui
1761 2962 295 78 s'oppose
2105 2965 240 61 abstrai-

270 3033 252 59 tement
573 3051 83 42 au
725 3040 343 68 multiple,
1119 3054 83 43 ne
1266 3055 70 43 se
1412 3041 331 68 conçoit-il
1794 3059 121 58 pas
1986 3043 184 59 aussi
2224 3043 154 61 bien

273 3126 256 46 comme
562 3112 336 61 l'indivisé
932 3131 85 42 ou
1053 3115 274 77 l'espace
1362 3117 312 74 indivisé,
1707 3118 63 59 la
1803 3120 193 59 chose
2028 3139 156 42 sans
2203 3122 139 61 limi-

269 3189 124 74 tes,
429 3193 63 57 et
550 3210 255 43 comme
835 3193 60 59 le
956 3193 249 61 clôturé
1238 3212 81 42 ou
1366 3197 277 76 l'espace
1694 3197 419 62 absolument
2142 3201 233 75 fermé,

268 3268 574 78 rigoureusement
872 3271 229 77 séparé
1133 3275 80 58 de
1243 3276 145 58 tout
1418 3292 69 42 ce
1529 3276 114 76 qui
1674 3275 316 63 l'entoure
2013 3278 29 59 ?

354 3349 92 59 Le
481 3367 109 42 soc
623 3351 115 76 qui
768 3353 175 57 trace
976 3353 64 59 et
1070 3369 202 45 ouvre
1300 3353 61 61 le
1389 3355 194 59 sillon
1615 3355 168 60 n'est
1802 3374 119 59 pas
1942 3375 165 60 pour
2132 3362 138 60 cela
2300 3362 78 61 de
