2273 3830
747 230 147 29 COURS
929 230 58 28 DU
1021 220 200 36 COLLÈGE
1255 228 58 27 DE
1347 227 174 29 FRANCE

131 236 77 41 134

128 340 176 43 directs,
327 343 109 33 cette
459 333 140 54 partie
622 329 254 42 essentielle
895 327 59 41 du
977 326 157 41 travail
1160 325 111 41 delà
1300 322 310 54 représention
1647 326 134 46 ayant
1825 316 204 52 toujours
2072 319 66 38 été

128 406 256 43 considérée
407 414 172 30 comme
603 401 39 40 la
668 399 224 53 propriété
924 397 59 40 du
1017 408 21 26 «
1072 403 190 32 metteur
1296 407 55 27 en
1375 397 129 36 scène
1531 404 38 35 »,
1597 390 76 52 qui
1713 388 40 40 la
1785 385 182 42 vendait
2002 388 22 36 à
2065 384 74 42 des

128 477 194 40 théâtres
346 472 54 40 de
422 472 40 39 la
485 471 209 51 province
716 481 58 27 ou
796 467 54 40 de
871 464 251 52 l'étranger.
1144 463 80 53 (Le
1249 462 162 41 recueil
1435 461 52 40 de
1526 459 196 41 Palianti
1756 467 8 28 :
1791 454 244 42 Collection
2072 454 69 40 des

128 544 122 40 mises
267 557 49 24 en
336 543 119 38 scène
478 539 71 40 des
568 536 165 56 grands
751 538 146 50 opéras
920 540 38 34 et
976 536 151 52 opéras
1149 532 212 55 comiques
1395 531 262 54 représentés
1684 529 23 36 à
1744 524 131 40 Paris
1883 556 7 14 ,
1917 536 192 28 commen-

132 617 73 36 cée
227 625 54 26 en
310 613 100 48 1837
436 616 41 33 et
496 613 293 47 comprenant
813 604 223 53 plusieurs
1057 603 227 40 centaines
1308 601 54 40 de
1385 597 252 47 fascicules,
1663 595 198 52 exprime
1884 593 39 40 la
1945 593 197 40 manière

130 682 53 40 de
203 681 97 40 voir
321 676 105 43 d'un
450 684 202 33 amateur
670 679 270 48 compétent,
966 674 114 38 mais
1097 672 70 40 n'a
1187 685 144 27 aucun
1356 672 222 38 caractère
1595 663 193 50 officiel).
1814 662 70 41 En
1906 661 232 49 revanche,

132 762 114 28 nous
264 760 139 28 avons
422 746 232 51 beaucoup
675 745 54 40 de
751 744 266 40 documents
1056 754 76 28 sur
1155 741 40 40 la
1238 741 143 51 partie
1404 737 256 41 décorative
1683 734 58 40 du
1765 733 157 40 drame
1947 731 191 52 lyrique,

128 832 76 27 sur
226 818 62 40 les
307 825 88 33 arts
416 816 58 40 du
494 815 152 41 dessin
665 822 41 33 et
735 813 63 40 les
820 812 286 40 accessoires.

1111 987 57 41 III

185 1150 195 42 D'abord
397 1147 72 57 (au
489 1151 152 39 musée
654 1148 54 40 de
741 1144 218 55 l'Opéra),
998 1146 108 40 trois
1143 1155 176 30 oeuvres
1352 1144 227 39 curieuses
1615 1143 200 51 quoique
1854 1139 55 40 de
1950 1138 193 41 seconde

132 1225 123 37 main
278 1233 8 27 :

188 1289 63 41 La
273 1295 129 47 coupe
433 1287 51 40 de
508 1284 39 43 la
567 1285 106 40 salle
689 1285 50 40 de
762 1282 160 42 théâtre
941 1283 57 40 da
1014 1280 337 54 Palais-Royal,
1374 1280 231 40 construite
1625 1292 99 27 sons
1759 1277 238 47 Richelieu,
2022 1291 96 26 occu-

131 1362 74 50 pée
219 1365 78 47 par
315 1355 180 42 Molière
502 1355 131 54 jusqu
651 1367 50 27 en
727 1352 112 55 1673
864 1358 37 34 et
919 1359 78 48 par
1016 1350 264 42 VAcadémie
1298 1349 147 53 royale
1460 1349 52 40 de
1530 1347 208 55 musique,
1757 1347 50 40 de
1832 1345 110 55 1673
1963 1348 24 38 à
2013 1345 129 55 1763,

134 1428 100 40 date
258 1432 56 34 où
347 1425 83 40 elle
452 1423 65 42 fut
536 1423 230 40 incendiée
790 1421 41 53 (6
856 1419 144 53 avril),
1025 1418 339 42 reconstruction
1387 1426 78 47 par
1486 1416 64 43 M.
1575 1416 275 55 Duvignaud
1867 1431 15 31 ;

190 1495 63 41 La
276 1503 129 45 coupe
427 1494 50 39 de
497 1492 40 40 la
557 1491 118 41 Salle
691 1492 57 39 du
774 1491 159 40 théâtre
954 1490 72 39 des
1047 1488 218 41 machines
1278 1503 54 26 au
1348 1487 143 56 palais
1507 1488 71 39 des
1594 1486 223 49 tuilleries,
1837 1486 110 39 dans
1967 1484 177 55 laquelle

134 1561 262 43 rAcadémie
426 1560 149 53 royale
597 1560 50 40 de
665 1559 190 54 musique
874 1559 147 40 donna
1043 1559 72 39 des
1148 1557 359 56 représentations
1536 1557 51 39 de
1609 1555 110 55 1764
1743 1557 25 38 à
1806 1569 129 40 1770,
1970 1567 147 28 recons-

136 1633 179 40 titution
338 1644 80 39 par
438 1630 39 40 le
494 1633 144 37 même
662 1642 11 36 ;

191 1700 82 40 Les
294 1700 146 39 décors
463 1703 36 35 et
520 1695 257 43 machinerie
799 1693 206 43 théâtrale
1023 1710 54 25 au
1096 1693 156 43 XVIII
1253 1701 12 17 e
1285 1694 142 49 siècle,
1449 1696 122 38 scène
1606 1694 52 40 de
1699 1691 25 42 P
1731 1692 140 56 Opéra
1895 1707 55 26 au
1970 1691 173 41 Palais-

134 1768 160 53 Royal,
324 1767 222 54 1770-178
555 1782 37 31 1,
612 1767 168 51 d'après
799 1780 55 24 un
898 1764 156 49 dessin,
1079 1773 80 46 par
1185 1764 256 54 Philippon.

193 1835 87 43 Sur
300 1837 63 40 les
383 1837 169 46 décors,
579 1847 114 28 nous
716 1833 252 53 possédons
992 1835 107 38 trois
1124 1841 142 33 sortes
1282 1833 54 40 de
1374 1833 267 41 documents
1663 1846 8 25 :
1700 1839 37 33 i°
1773 1832 64 40 les
1870 1833 146 51 pièces
2037 1828 86 43 d'in-

134 1907 212 45 ventaire,
374 1906 75 51 qui
464 1904 197 41 donnent
680 1903 366 40 sommairement
1063 1902 38 40 le
1115 1901 190 42 nombre
1324 1902 77 40 des
1419 1901 189 51 châssis,
1632 1901 77 40 des
1730 1901 230 47 colonnes,
1980 1900 40 40 le
2037 1900 108 52 style

136 1974 78 41 des
236 1987 20 24 «
281 1973 161 40 fermes
467 1985 39 38 »,
529 1972 40 40 la
593 1974 185 38 matière
796 1971 108 41 dont
927 1971 62 40 les
1007 1970 144 53 objets
1175 1980 101 32 sont
1300 1969 118 50 faits,
1442 1980 41 31 et
1505 1971 95 40 leur
1622 1971 96 52 prix
1743 1984 55 35 ;2
1802 1974 19 18 0
1853 1969 78 41 des
1954 1971 188 49 images,

136 2047 186 46 gravées
340 2056 55 26 ou
416 2040 351 52 lithographiées
786 2051 9 38 ;
824 2054 17 37 3
848 2045 18 17 0
888 2040 77 40 des
1002 2048 252 45 maquettes
1279 2055 9 34 ;
1308 2040 160 52 depuis
1504 2038 352 52 l'inauguration
1885 2040 60 40 du
1985 2038 159 41 nouvel

137 2110 164 54 Opéra,
322 2125 60 25 un
405 2110 151 40 article
573 2109 161 52 spécial
757 2109 57 39 du
839 2109 150 40 cahier
1011 2109 79 40 des
1126 2109 189 50 charges
1339 2108 152 51 oblige
1514 2109 64 40 les
1611 2109 245 40 directeurs
1893 2112 22 36 à
1954 2121 189 27 versera

136 2180 38 40 la
193 2179 315 53 Bibliothèque
531 2179 63 39 les
614 2186 251 44 maquettes
894 2178 54 41 de
966 2186 100 33 tous
1096 2178 63 40 les
1181 2178 157 42 décors
1371 2192 235 27 nouveaux
1640 2178 199 40 destinés
1863 2192 84 26 aux
1971 2190 174 29 œuvres

136 2252 201 36 montées
358 2261 56 27 ou
432 2248 204 51 reprises.

190 2316 122 41 Dans
334 2329 88 27 une
443 2317 161 39 vitrine
628 2315 58 40 du
703 2319 169 46 musée,
900 2323 100 32 sont
1024 2319 236 36 conservés
1282 2315 114 40 deux
1434 2317 158 39 décors
1622 2316 53 39 de
1700 2315 220 51 Vigarani
1945 2313 105 54 (xvn
2055 2320 15 18 e
2090 2314 53 53 s.)

136 2390 308 47 représentant
463 2399 59 26 un
546 2384 142 53 palais
706 2392 40 32 et
765 2398 60 26 un
851 2397 142 38 camp.
1016 2382 140 52 (Sous
1195 2383 140 42 Louis
1352 2383 116 49 XIV,
1494 2387 61 38 les
1574 2385 156 40 décors
1755 2387 166 39 étaient
1944 2385 201 40 dessinés

137 2462 41 33 et
200 2455 144 51 peints
367 2451 174 54 d'après
565 2453 63 40 les
651 2453 83 40 lois
760 2451 210 42 absolues
990 2453 54 40 de
1068 2453 40 40 la
1132 2455 292 50 perspective,
1451 2455 37 39 si
1508 2453 103 41 bien
1635 2467 86 38 que
1746 2454 39 40 le
1801 2453 108 42 fond
1933 2455 59 40 du
2016 2454 129 41 décor

137 2524 105 38 était
265 2521 233 52 beaucoup
521 2521 101 52 plus
646 2522 107 51 petit
775 2534 85 39 que
880 2521 40 40 la
946 2522 141 51 partie
1110 2523 266 47 antérieure,
1403 2531 40 32 et
1494 2523 137 52 qu'un
1666 2531 151 32 acteur
1840 2531 172 33 sortant
2043 2522 100 41 d'un

136 2591 144 51 palais
304 2592 113 38 situé
434 2590 112 40 dans
570 2590 39 40 le
632 2590 188 40 lointain
843 2591 106 39 était
974 2589 150 51 obligé
1143 2590 54 40 de
1217 2604 46 26 se
1282 2590 174 41 baisser
1489 2604 113 40 pour
1625 2594 168 38 arriver
1817 2605 76 27 sur
1916 2593 41 39 la
1982 2593 164 48 scène.)

135 2658 122 41 Dans
287 2658 40 40 la
352 2660 111 38 série
482 2658 77 40 des
579 2658 192 48 dessins,
797 2659 219 39 certaines
1040 2660 145 51 pièces
1204 2668 101 32 sont
1329 2665 88 35 très
1440 2662 272 50 précieuses.
1735 2661 70 41 Du
1845 2675 109 27 xvm
1958 2666 16 17 e
1997 2661 145 48 sièclé,

139 2740 112 29 nous
275 2740 138 28 avons
432 2726 114 41 deux
569 2725 341 42 chefs-d'œuvre
933 2727 203 41 dessinés
1155 2726 148 54 (1788)
1327 2743 79 38 par
1430 2728 187 42 Moreau
1642 2730 39 40 le
1714 2731 129 52 jeune
1867 2744 115 39 pour
2004 2731 37 39 le
2066 2729 53 40 Dé-

132 2801 159 35 serteur
313 2796 53 40 de
382 2794 243 53 Monsigny
649 2792 162 54 (1769),
849 2808 87 27 une
959 2797 241 40 miniature
1244 2797 54 40 de
1321 2796 174 42 Cochin
1519 2796 198 53 figurant
1755 2813 88 27 une
1879 2805 131 36 scène
2032 2800 54 39 de
2108 2799 37 39 la

144 2863 211 41 Duchesse
389 2863 50 40 de
452 2862 197 42 Navarre
666 2863 55 40 de
745 2862 201 43 Rameau
964 2863 11 53 (
989 2871 138 47 1745).

197 2931 63 42 La
278 2933 234 40 collection
525 2932 77 40 des
625 2940 224 33 costumes
876 2942 66 32 est
959 2942 95 32 tout
1078 2935 122 40 aussi
1221 2935 133 40 riche.
1378 2935 97 41 Elle
1495 2937 244 52 comprend
1766 2950 9 26 :
1806 2942 39 36 i°
1865 2938 64 40 les
1945 2938 200 41 volumes

138 3001 172 42 in-folio
334 3007 58 34 où
415 3009 100 32 sont
551 3005 234 36 conservés
826 3001 77 41 des
926 3002 179 41 dessins
1150 3005 237 49 originaux
1426 3006 59 40 du
1523 3020 89 26 xvn
1617 3011 15 18 e
1668 3015 42 32 et
1731 3007 59 41 du
1814 3022 107 26 xvm
1925 3013 15 17 e
1980 3008 130 40 siècle
2135 3022 7 32 ;

138 3070 222 53 plusieurs
377 3067 168 42 d'entre
558 3083 81 27 eux
659 3072 294 49 proviennent
974 3071 57 41 du
1051 3071 207 42 mobilier
1281 3074 200 41 national
1500 3088 10 36 ;
1535 3076 64 40 les
1617 3084 149 33 autres
1789 3086 77 32 ont
1886 3081 69 36 été
1972 3077 173 40 achetés

139 3143 21 36 à
185 3140 78 40 des
281 3147 153 32 ventes
454 3138 305 52 particulières
785 3154 7 25 :
820 3140 252 51 aquarelles
1099 3149 41 33 et
1160 3142 178 41 dessins
1363 3157 55 26 au
1453 3157 166 40 crayon
1643 3157 57 29 ou
1725 3149 21 36 à
1768 3145 40 40 la
1834 3147 153 52 plume
2029 3151 86 36 éma-

138 3216 107 32 nant
265 3208 53 40 de
341 3206 218 49 Boucher,
585 3206 229 50 Watteau,
829 3206 152 53 Eisen,
1000 3208 192 54 Boquet,
1214 3219 117 32 etc...
1349 3211 123 42 Pour
1486 3214 174 52 chaque
1678 3228 199 38 ouvrage
1895 3218 250 51 représenté

139 3277 65 52 ily
228 3291 20 25 a
270 3276 77 40 des
371 3277 224 39 centaines
614 3273 38 43 d'
679 3288 19 24 «
722 3277 236 50 originaux
981 3290 19 25 »
1017 3278 54 41 de
1089 3278 303 55 Barthélémy,
1408 3281 259 52 Ménageot,
1688 3283 185 48 Dublin,
1897 3283 245 54 Garneray,

141 3343 478 54 HippolyteLecomte,
640 3343 138 42 Louis
793 3344 277 53 Boulanger,
1090 3347 201 54 Léopold
1312 3348 186 51 Robert,
1517 3351 235 43 Delacroix
1788 3352 189 52 Eugène
2000 3353 143 47 Lami,

139 3412 230 53 Lépaulle,
395 3413 112 40 Paul
532 3411 218 49 Lormier,
774 3412 155 43 Albert
953 3415 209 50 Frémiet,
1178 3417 189 52 Eugène
1388 3418 190 43 Lacoste
1601 3436 10 34 ;
1641 3434 22 26 2
1668 3426 18 17 0
1705 3422 78 41 des
1804 3421 170 53 figures
1991 3437 54 27 en
2061 3422 63 41 bis-

139 3483 88 39 cuit
240 3482 54 40 de
318 3479 177 50 Sèvres,
521 3481 223 41 destinées
766 3486 21 36 à
813 3488 236 47 perpétuer
1072 3485 39 40 le
1151 3489 212 39 souvenir
1385 3488 107 42 d'un
1510 3496 153 35 succès
1695 3494 288 40 retentissant
2006 3508 9 34 ;
2040 3492 103 41 elles

138 3552 248 51 paraissent
410 3551 122 40 avoir
555 3552 113 39 servi
722 3551 213 41 autrefois
957 3553 55 41 de
1044 3555 195 41 cadeaux
1279 3555 104 43 faits
1408 3571 81 39 par
1533 3559 40 40 le
1597 3562 65 39 roi
1683 3573 57 28 ou
1765 3561 40 40 la
1829 3561 120 42 reine
1973 3575 53 36 ;3
2034 3566 16 18 0
2071 3561 73 40 des
