<?xml version="1.0" encoding="UTF-8"?>
<alto xmlns:xsi="http://www.w3.org/2001/XMLSchema-instance" xmlns="http://www.loc.gov/standards/alto/ns-v2#" xsi:schemaLocation="http://www.loc.gov/standards/alto/ns-v2# http://www.loc.gov/standards/alto/alto-v2.0.xsd" xmlns:xlink="http://www.w3.org/1999/xlink">
	<Description>
		<MeasurementUnit>mm10</MeasurementUnit>
		<sourceImageInformation>
			<fileName>//fileserver7/IN2-2/Princeton/bmtnabj/1908/03/01_01/00000158.tif</fileName>
		</sourceImageInformation>
		<OCRProcessing ID="OCRPROCESSING_1">
			<preProcessingStep>
				<processingSoftware>
					<softwareCreator>CCS Content Conversion Specialists GmbH, Germany</softwareCreator>
					<softwareName>CCS docWorks</softwareName>
					<softwareVersion>6.7-1.20</softwareVersion>
				</processingSoftware>
			</preProcessingStep>
			<ocrProcessingStep>
				<processingSoftware>
					<softwareCreator>ABBYY (BIT Software), Russia</softwareCreator>
					<softwareName>FineReader</softwareName>
					<softwareVersion>10.0</softwareVersion>
				</processingSoftware>
			</ocrProcessingStep>
		</OCRProcessing>
	</Description>
	<Styles>
		<TextStyle ID="TXT_0" FONTSIZE="13" FONTFAMILY="Times New Roman"/>
		<TextStyle ID="TXT_1" FONTSIZE="17" FONTFAMILY="Times New Roman"/>
		<TextStyle ID="TXT_2" FONTSIZE="14" FONTFAMILY="Times New Roman"/>
		<TextStyle ID="TXT_3" FONTSIZE="14" FONTFAMILY="Times New Roman" FONTSTYLE="italics"/>
		<ParagraphStyle ID="PAR_CENTER" ALIGN="Center"/>
		<ParagraphStyle ID="PAR_LEFT" ALIGN="Left"/>
		<ParagraphStyle ID="PAR_BLOCK" ALIGN="Block"/>
	</Styles>
	<Layout>
		<Page ID="P12" PHYSICAL_IMG_NR="12" HEIGHT="3830" WIDTH="2273" PRINTED_IMG_NR="140" PC="0.928">
			<TopMargin ID="P12_TM00001" HPOS="0" VPOS="0" WIDTH="2273" HEIGHT="286">
				<TextBlock ID="P12_TB00001" HPOS="934" VPOS="229" WIDTH="415" HEIGHT="38" STYLEREFS="TXT_0 PAR_CENTER">
					<TextLine ID="P12_TL00001" HPOS="938" VPOS="229" WIDTH="411" HEIGHT="34">
						<String ID="P12_ST00001" HPOS="938" VPOS="229" WIDTH="411" HEIGHT="34" CONTENT="SNIÉGOUROTCHKA" WC="0.82" CC="00540040210600"/>
					</TextLine>
				</TextBlock>
				<TextBlock ID="P12_TB00002" HPOS="133" VPOS="243" WIDTH="82" HEIGHT="41" STYLEREFS="TXT_1 PAR_LEFT">
					<TextLine ID="P12_TL00002" HPOS="133" VPOS="243" WIDTH="82" HEIGHT="41">
						<String ID="P12_ST00002" HPOS="133" VPOS="243" WIDTH="82" HEIGHT="41" CONTENT="140" WC="1.00" CC="000"/>
					</TextLine>
				</TextBlock>
			</TopMargin>
			<LeftMargin ID="P12_LM00001" HPOS="0" VPOS="286" WIDTH="128" HEIGHT="3335"/>
			<RightMargin ID="P12_RM00001" HPOS="2148" VPOS="286" WIDTH="125" HEIGHT="3335"/>
			<BottomMargin ID="P12_BM00001" HPOS="0" VPOS="3621" WIDTH="2273" HEIGHT="209"/>
			<PrintSpace ID="P12_PS00001" HPOS="128" VPOS="286" WIDTH="2020" HEIGHT="3335">
				<TextBlock ID="P12_TB00003" HPOS="128" VPOS="318" WIDTH="2020" HEIGHT="1102" STYLEREFS="TXT_2 PAR_BLOCK">
					<TextLine ID="P12_TL00003" HPOS="130" VPOS="318" WIDTH="2017" HEIGHT="69">
						<String ID="P12_ST00003" HPOS="130" VPOS="348" WIDTH="40" HEIGHT="32" CONTENT="ta" WC="0.47" CC="36"/>
						<SP ID="P12_SP00001" HPOS="170" VPOS="380" WIDTH="28"/>
						<String ID="P12_ST00004" HPOS="198" VPOS="339" WIDTH="176" HEIGHT="39" CONTENT="maison" WC="0.98" CC="060045"/>
						<SP ID="P12_SP00002" HPOS="374" VPOS="380" WIDTH="35"/>
						<String ID="P12_ST00005" HPOS="409" VPOS="345" WIDTH="40" HEIGHT="31" CONTENT="ta" WC="0.71" CC="50"/>
						<SP ID="P12_SP00003" HPOS="449" VPOS="380" WIDTH="24"/>
						<String ID="P12_ST00006" HPOS="473" VPOS="333" WIDTH="184" HEIGHT="42" CONTENT="femme." WC="0.99" CC="200005"/>
						<SP ID="P12_SP00004" HPOS="657" VPOS="380" WIDTH="28"/>
						<String ID="P12_ST00007" HPOS="685" VPOS="332" WIDTH="49" HEIGHT="55" CONTENT="Je" WC="0.96" CC="00"/>
						<SP ID="P12_SP00005" HPOS="734" VPOS="387" WIDTH="38"/>
						<String ID="P12_ST00008" HPOS="772" VPOS="330" WIDTH="217" HEIGHT="42" CONTENT="t'aimerai" WC="1.00" CC="040020400"/>
						<SP ID="P12_SP00006" HPOS="989" VPOS="387" WIDTH="37"/>
						<String ID="P12_ST00009" HPOS="1026" VPOS="337" WIDTH="40" HEIGHT="32" CONTENT="et" WC="0.84" CC="03"/>
						<SP ID="P12_SP00007" HPOS="1066" VPOS="387" WIDTH="38"/>
						<String ID="P12_ST00010" HPOS="1104" VPOS="336" WIDTH="41" HEIGHT="33" CONTENT="te" WC="0.65" CC="60"/>
						<SP ID="P12_SP00008" HPOS="1145" VPOS="387" WIDTH="35"/>
						<String ID="P12_ST00011" HPOS="1180" VPOS="327" WIDTH="212" HEIGHT="41" CONTENT="choierai." WC="0.99" CC="050001044"/>
						<SP ID="P12_SP00009" HPOS="1392" VPOS="387" WIDTH="38"/>
						<String ID="P12_ST00012" HPOS="1430" VPOS="323" WIDTH="120" HEIGHT="41" CONTENT="Mais" WC="1.00" CC="0000"/>
						<SP ID="P12_SP00010" HPOS="1550" VPOS="387" WIDTH="28"/>
						<String ID="P12_ST00013" HPOS="1578" VPOS="322" WIDTH="165" HEIGHT="53" CONTENT="fuyons" WC="1.00" CC="000040"/>
						<SP ID="P12_SP00011" HPOS="1743" VPOS="387" WIDTH="32"/>
						<String ID="P12_ST00014" HPOS="1775" VPOS="322" WIDTH="91" HEIGHT="39" CONTENT="vite" WC="0.98" CC="5300"/>
						<SP ID="P12_SP00012" HPOS="1866" VPOS="387" WIDTH="25"/>
						<String ID="P12_ST00015" HPOS="1891" VPOS="318" WIDTH="7" HEIGHT="38" CONTENT="!" WC="0.29" CC="7"/>
						<SP ID="P12_SP00013" HPOS="1898" VPOS="387" WIDTH="47"/>
						<String ID="P12_ST00016" HPOS="1945" VPOS="319" WIDTH="202" HEIGHT="46" CONTENT="Cachons" WC="0.99" CC="0005340"/>
					</TextLine>
					<TextLine ID="P12_TL00004" HPOS="132" VPOS="389" WIDTH="2011" HEIGHT="60">
						<String ID="P12_ST00017" HPOS="132" VPOS="416" WIDTH="125" HEIGHT="33" CONTENT="notre" WC="0.97" CC="70607"/>
						<SP ID="P12_SP00014" HPOS="257" VPOS="449" WIDTH="23"/>
						<String ID="P12_ST00018" HPOS="280" VPOS="420" WIDTH="155" HEIGHT="26" CONTENT="amour" WC="0.98" CC="00067"/>
						<SP ID="P12_SP00015" HPOS="435" VPOS="449" WIDTH="22"/>
						<String ID="P12_ST00019" HPOS="457" VPOS="413" WIDTH="41" HEIGHT="31" CONTENT="et" WC="0.69" CC="06"/>
						<SP ID="P12_SP00016" HPOS="498" VPOS="449" WIDTH="21"/>
						<String ID="P12_ST00020" HPOS="519" VPOS="412" WIDTH="126" HEIGHT="31" CONTENT="notre" WC="0.96" CC="80577"/>
						<SP ID="P12_SP00017" HPOS="645" VPOS="449" WIDTH="23"/>
						<String ID="P12_ST00021" HPOS="668" VPOS="401" WIDTH="207" HEIGHT="41" CONTENT="bonheur" WC="0.99" CC="0070050"/>
						<SP ID="P12_SP00018" HPOS="875" VPOS="449" WIDTH="19"/>
						<String ID="P12_ST00022" HPOS="894" VPOS="399" WIDTH="162" HEIGHT="40" CONTENT="devant" WC="0.99" CC="103070"/>
						<SP ID="P12_SP00019" HPOS="1056" VPOS="449" WIDTH="17"/>
						<String ID="P12_ST00023" HPOS="1073" VPOS="397" WIDTH="39" HEIGHT="41" CONTENT="le" WC="0.95" CC="00"/>
						<SP ID="P12_SP00020" HPOS="1112" VPOS="449" WIDTH="20"/>
						<String ID="P12_ST00024" HPOS="1132" VPOS="397" WIDTH="128" HEIGHT="41" CONTENT="soleil" WC="0.98" CC="005723"/>
						<SP ID="P12_SP00021" HPOS="1260" VPOS="449" WIDTH="27"/>
						<String ID="P12_ST00025" HPOS="1287" VPOS="396" WIDTH="7" HEIGHT="37" CONTENT="1" WC="0.18" CC="8"/>
						<SP ID="P12_SP00022" HPOS="1294" VPOS="449" WIDTH="19"/>
						<String ID="P12_ST00026" HPOS="1313" VPOS="394" WIDTH="87" HEIGHT="42" CONTENT="Les" WC="0.99" CC="200"/>
						<SP ID="P12_SP00023" HPOS="1400" VPOS="449" WIDTH="19"/>
						<String ID="P12_ST00027" HPOS="1419" VPOS="406" WIDTH="166" HEIGHT="41" CONTENT="rayons" WC="0.99" CC="006070"/>
						<SP ID="P12_SP00024" HPOS="1585" VPOS="449" WIDTH="21"/>
						<String ID="P12_ST00028" HPOS="1606" VPOS="392" WIDTH="54" HEIGHT="40" CONTENT="de" WC="0.53" CC="17"/>
						<SP ID="P12_SP00025" HPOS="1660" VPOS="449" WIDTH="20"/>
						<String ID="P12_ST00029" HPOS="1680" VPOS="404" WIDTH="113" HEIGHT="37" CONTENT="sang" WC="0.99" CC="0004"/>
						<SP ID="P12_SP00026" HPOS="1793" VPOS="449" WIDTH="24"/>
						<String ID="P12_ST00030" HPOS="1817" VPOS="403" WIDTH="70" HEIGHT="26" CONTENT="me" WC="1.00" CC="00"/>
						<SP ID="P12_SP00027" HPOS="1887" VPOS="449" WIDTH="18"/>
						<String ID="P12_ST00031" HPOS="1905" VPOS="398" WIDTH="53" HEIGHT="31" CONTENT="tei" WC="0.43" CC="178"/>
						<SP ID="P12_SP00028" HPOS="1958" VPOS="449" WIDTH="15"/>
						<String ID="P12_ST00032" HPOS="1973" VPOS="404" WIDTH="10" HEIGHT="24" CONTENT="i" WC="0.45" CC="5"/>
						<SP ID="P12_SP00029" HPOS="1983" VPOS="449" WIDTH="14"/>
						<String ID="P12_ST00033" HPOS="1997" VPOS="389" WIDTH="118" HEIGHT="44" CONTENT="ifient" WC="0.45" CC="356079"/>
						<SP ID="P12_SP00030" HPOS="2115" VPOS="449" WIDTH="21"/>
						<String ID="P12_ST00034" HPOS="2136" VPOS="397" WIDTH="7" HEIGHT="37" CONTENT="!" WC="0.36" CC="6"/>
					</TextLine>
					<TextLine ID="P12_TL00005" HPOS="130" VPOS="458" WIDTH="2013" HEIGHT="66">
						<String ID="P12_ST00035" HPOS="130" VPOS="476" WIDTH="124" HEIGHT="46" CONTENT="Vois," WC="1.00" CC="00000"/>
						<SP ID="P12_SP00031" HPOS="254" VPOS="522" WIDTH="26"/>
						<String ID="P12_ST00036" HPOS="280" VPOS="476" WIDTH="113" HEIGHT="45" CONTENT="vois," WC="1.00" CC="00200"/>
						<SP ID="P12_SP00032" HPOS="393" VPOS="522" WIDTH="23"/>
						<String ID="P12_ST00037" HPOS="416" VPOS="473" WIDTH="99" HEIGHT="51" CONTENT="plus" WC="0.98" CC="0740"/>
						<SP ID="P12_SP00033" HPOS="515" VPOS="524" WIDTH="24"/>
						<String ID="P12_ST00038" HPOS="539" VPOS="472" WIDTH="106" HEIGHT="40" CONTENT="clair" WC="0.99" CC="05000"/>
						<SP ID="P12_SP00034" HPOS="645" VPOS="524" WIDTH="24"/>
						<String ID="P12_ST00039" HPOS="669" VPOS="479" WIDTH="41" HEIGHT="32" CONTENT="et" WC="0.78" CC="04"/>
						<SP ID="P12_SP00035" HPOS="710" VPOS="524" WIDTH="22"/>
						<String ID="P12_ST00040" HPOS="732" VPOS="470" WIDTH="102" HEIGHT="53" CONTENT="plus" WC="0.99" CC="2200"/>
						<SP ID="P12_SP00036" HPOS="834" VPOS="524" WIDTH="18"/>
						<String ID="P12_ST00041" HPOS="852" VPOS="467" WIDTH="181" HEIGHT="42" CONTENT="terrible" WC="1.00" CC="20000020"/>
						<SP ID="P12_SP00037" HPOS="1033" VPOS="524" WIDTH="21"/>
						<String ID="P12_ST00042" HPOS="1054" VPOS="467" WIDTH="128" HEIGHT="40" CONTENT="brûle" WC="0.99" CC="00540"/>
						<SP ID="P12_SP00038" HPOS="1182" VPOS="524" WIDTH="22"/>
						<String ID="P12_ST00043" HPOS="1204" VPOS="464" WIDTH="189" HEIGHT="42" CONTENT="l'Orient" WC="0.99" CC="14001051"/>
						<SP ID="P12_SP00039" HPOS="1393" VPOS="524" WIDTH="26"/>
						<String ID="P12_ST00044" HPOS="1419" VPOS="467" WIDTH="8" HEIGHT="36" CONTENT="!" WC="0.32" CC="6"/>
						<SP ID="P12_SP00040" HPOS="1427" VPOS="524" WIDTH="24"/>
						<String ID="P12_ST00045" HPOS="1451" VPOS="462" WIDTH="293" HEIGHT="41" CONTENT="Prends-moi" WC="1.00" CC="3000000001"/>
						<SP ID="P12_SP00041" HPOS="1744" VPOS="524" WIDTH="24"/>
						<String ID="P12_ST00046" HPOS="1768" VPOS="460" WIDTH="114" HEIGHT="40" CONTENT="dans" WC="0.99" CC="0040"/>
						<SP ID="P12_SP00042" HPOS="1882" VPOS="524" WIDTH="25"/>
						<String ID="P12_ST00047" HPOS="1907" VPOS="467" WIDTH="64" HEIGHT="32" CONTENT="tes" WC="0.99" CC="300"/>
						<SP ID="P12_SP00043" HPOS="1971" VPOS="524" WIDTH="43"/>
						<String ID="P12_ST00048" HPOS="2014" VPOS="458" WIDTH="100" HEIGHT="44" CONTENT="bras" WC="1.00" CC="0000"/>
						<SP ID="P12_SP00044" HPOS="2114" VPOS="524" WIDTH="22"/>
						<String ID="P12_ST00049" HPOS="2136" VPOS="467" WIDTH="7" HEIGHT="36" CONTENT="!" WC="0.92" CC="0"/>
					</TextLine>
					<TextLine ID="P12_TL00006" HPOS="130" VPOS="528" WIDTH="2016" HEIGHT="66">
						<String ID="P12_ST00050" HPOS="130" VPOS="544" WIDTH="114" HEIGHT="41" CONTENT="Loin" WC="0.98" CC="0123"/>
						<SP ID="P12_SP00045" HPOS="244" VPOS="585" WIDTH="19"/>
						<String ID="P12_ST00051" HPOS="263" VPOS="544" WIDTH="76" HEIGHT="39" CONTENT="des" WC="1.00" CC="000"/>
						<SP ID="P12_SP00046" HPOS="339" VPOS="585" WIDTH="19"/>
						<String ID="P12_ST00052" HPOS="358" VPOS="554" WIDTH="162" HEIGHT="40" CONTENT="rayons" WC="1.00" CC="020000"/>
						<SP ID="P12_SP00047" HPOS="520" VPOS="594" WIDTH="16"/>
						<String ID="P12_ST00053" HPOS="536" VPOS="540" WIDTH="305" HEIGHT="40" CONTENT="éblouissants" WC="1.00" CC="600212000010"/>
						<SP ID="P12_SP00048" HPOS="841" VPOS="594" WIDTH="17"/>
						<String ID="P12_ST00054" HPOS="858" VPOS="538" WIDTH="59" HEIGHT="40" CONTENT="du" WC="0.79" CC="04"/>
						<SP ID="P12_SP00049" HPOS="917" VPOS="594" WIDTH="21"/>
						<String ID="P12_ST00055" HPOS="938" VPOS="537" WIDTH="145" HEIGHT="50" CONTENT="soleil," WC="0.99" CC="0040007"/>
						<SP ID="P12_SP00050" HPOS="1083" VPOS="594" WIDTH="17"/>
						<String ID="P12_ST00056" HPOS="1100" VPOS="535" WIDTH="248" HEIGHT="42" CONTENT="cache-moi" WC="1.00" CC="000404000"/>
						<SP ID="P12_SP00051" HPOS="1348" VPOS="594" WIDTH="18"/>
						<String ID="P12_ST00057" HPOS="1366" VPOS="534" WIDTH="114" HEIGHT="40" CONTENT="dans" WC="0.99" CC="0040"/>
						<SP ID="P12_SP00052" HPOS="1480" VPOS="594" WIDTH="19"/>
						<String ID="P12_ST00058" HPOS="1499" VPOS="530" WIDTH="188" HEIGHT="41" CONTENT="l'ombre" WC="1.00" CC="0000000"/>
						<SP ID="P12_SP00053" HPOS="1687" VPOS="594" WIDTH="14"/>
						<String ID="P12_ST00059" HPOS="1701" VPOS="530" WIDTH="78" HEIGHT="40" CONTENT="des" WC="1.00" CC="000"/>
						<SP ID="P12_SP00054" HPOS="1779" VPOS="594" WIDTH="21"/>
						<String ID="P12_ST00060" HPOS="1800" VPOS="528" WIDTH="156" HEIGHT="40" CONTENT="arbres" WC="1.00" CC="000011"/>
						<SP ID="P12_SP00055" HPOS="1956" VPOS="594" WIDTH="13"/>
						<String ID="P12_ST00061" HPOS="1969" VPOS="529" WIDTH="177" HEIGHT="44" CONTENT="inclinés" WC="0.99" CC="03010290"/>
					</TextLine>
					<TextLine ID="P12_TL00007" HPOS="131" VPOS="596" WIDTH="2016" HEIGHT="65">
						<String ID="P12_ST00062" HPOS="131" VPOS="627" WIDTH="76" HEIGHT="27" CONTENT="sur" WC="0.99" CC="030"/>
						<SP ID="P12_SP00056" HPOS="207" VPOS="654" WIDTH="22"/>
						<String ID="P12_ST00063" HPOS="229" VPOS="613" WIDTH="39" HEIGHT="39" CONTENT="le" WC="0.86" CC="20"/>
						<SP ID="P12_SP00057" HPOS="268" VPOS="654" WIDTH="19"/>
						<String ID="P12_ST00064" HPOS="287" VPOS="612" WIDTH="66" HEIGHT="39" CONTENT="lac" WC="0.95" CC="570"/>
						<SP ID="P12_SP00058" HPOS="353" VPOS="654" WIDTH="24"/>
						<String ID="P12_ST00065" HPOS="377" VPOS="610" WIDTH="7" HEIGHT="40" CONTENT="!" WC="0.74" CC="2"/>
						<SP ID="P12_SP00059" HPOS="384" VPOS="654" WIDTH="25"/>
						<String ID="P12_ST00066" HPOS="409" VPOS="623" WIDTH="20" HEIGHT="25" CONTENT="»" WC="0.63" CC="3"/>
						<SP ID="P12_SP00060" HPOS="429" VPOS="654" WIDTH="26"/>
						<String ID="P12_ST00067" HPOS="455" VPOS="610" WIDTH="172" HEIGHT="40" CONTENT="Devant" WC="0.98" CC="700045"/>
						<SP ID="P12_SP00061" HPOS="627" VPOS="654" WIDTH="20"/>
						<String ID="P12_ST00068" HPOS="647" VPOS="610" WIDTH="40" HEIGHT="38" CONTENT="le" WC="0.89" CC="20"/>
						<SP ID="P12_SP00062" HPOS="687" VPOS="654" WIDTH="23"/>
						<String ID="P12_ST00069" HPOS="710" VPOS="608" WIDTH="161" HEIGHT="53" CONTENT="peuple" WC="0.99" CC="006000"/>
						<SP ID="P12_SP00063" HPOS="871" VPOS="661" WIDTH="18"/>
						<String ID="P12_ST00070" HPOS="889" VPOS="615" WIDTH="94" HEIGHT="32" CONTENT="tout" WC="0.98" CC="3004"/>
						<SP ID="P12_SP00064" HPOS="983" VPOS="661" WIDTH="22"/>
						<String ID="P12_ST00071" HPOS="1005" VPOS="607" WIDTH="142" HEIGHT="39" CONTENT="entier" WC="0.99" CC="064200"/>
						<SP ID="P12_SP00065" HPOS="1147" VPOS="661" WIDTH="20"/>
						<String ID="P12_ST00072" HPOS="1167" VPOS="606" WIDTH="142" HEIGHT="45" CONTENT="réuni," WC="0.99" CC="306301"/>
						<SP ID="P12_SP00066" HPOS="1309" VPOS="661" WIDTH="26"/>
						<String ID="P12_ST00073" HPOS="1335" VPOS="603" WIDTH="84" HEIGHT="40" CONTENT="elle" WC="0.98" CC="0430"/>
						<SP ID="P12_SP00067" HPOS="1419" VPOS="661" WIDTH="21"/>
						<String ID="P12_ST00074" HPOS="1440" VPOS="615" WIDTH="47" HEIGHT="28" CONTENT="se" WC="1.00" CC="00"/>
						<SP ID="P12_SP00068" HPOS="1487" VPOS="661" WIDTH="19"/>
						<String ID="P12_ST00075" HPOS="1506" VPOS="613" WIDTH="184" HEIGHT="29" CONTENT="nomme" WC="0.99" CC="60002"/>
						<SP ID="P12_SP00069" HPOS="1690" VPOS="661" WIDTH="43"/>
						<String ID="P12_ST00076" HPOS="1733" VPOS="612" WIDTH="47" HEIGHT="27" CONTENT="sa" WC="1.00" CC="00"/>
						<SP ID="P12_SP00070" HPOS="1780" VPOS="661" WIDTH="29"/>
						<String ID="P12_ST00077" HPOS="1809" VPOS="596" WIDTH="171" HEIGHT="41" CONTENT="fiancée" WC="0.99" CC="2250000"/>
						<SP ID="P12_SP00071" HPOS="1980" VPOS="661" WIDTH="22"/>
						<String ID="P12_ST00078" HPOS="2002" VPOS="606" WIDTH="41" HEIGHT="32" CONTENT="et" WC="1.00" CC="00"/>
						<SP ID="P12_SP00072" HPOS="2043" VPOS="661" WIDTH="27"/>
						<String ID="P12_ST00079" HPOS="2070" VPOS="601" WIDTH="77" HEIGHT="40" CONTENT="elle" WC="0.97" CC="0560"/>
					</TextLine>
					<TextLine ID="P12_TL00008" HPOS="130" VPOS="667" WIDTH="2015" HEIGHT="63">
						<String ID="P12_ST00080" HPOS="130" VPOS="683" WIDTH="63" HEIGHT="39" CONTENT="dit" WC="0.96" CC="054"/>
						<SP ID="P12_SP00073" HPOS="193" VPOS="722" WIDTH="24"/>
						<String ID="P12_ST00081" HPOS="217" VPOS="681" WIDTH="39" HEIGHT="40" CONTENT="le" WC="0.88" CC="20"/>
						<SP ID="P12_SP00074" HPOS="256" VPOS="722" WIDTH="15"/>
						<String ID="P12_ST00082" HPOS="271" VPOS="680" WIDTH="206" HEIGHT="41" CONTENT="bonheur" WC="0.99" CC="0070060"/>
						<SP ID="P12_SP00075" HPOS="477" VPOS="722" WIDTH="22"/>
						<String ID="P12_ST00083" HPOS="499" VPOS="691" WIDTH="204" HEIGHT="28" CONTENT="nouveau" WC="1.00" CC="4000000"/>
						<SP ID="P12_SP00076" HPOS="703" VPOS="722" WIDTH="25"/>
						<String ID="P12_ST00084" HPOS="728" VPOS="691" WIDTH="112" HEIGHT="39" CONTENT="pour" WC="1.00" CC="0000"/>
						<SP ID="P12_SP00077" HPOS="840" VPOS="730" WIDTH="22"/>
						<String ID="P12_ST00085" HPOS="862" VPOS="676" WIDTH="83" HEIGHT="40" CONTENT="elle" WC="0.98" CC="6020"/>
						<SP ID="P12_SP00078" HPOS="945" VPOS="730" WIDTH="22"/>
						<String ID="P12_ST00086" HPOS="967" VPOS="677" WIDTH="75" HEIGHT="51" CONTENT="qui" WC="0.98" CC="301"/>
						<SP ID="P12_SP00079" HPOS="1042" VPOS="730" WIDTH="21"/>
						<String ID="P12_ST00087" HPOS="1063" VPOS="672" WIDTH="195" HEIGHT="42" CONTENT="l'enivre." WC="0.99" CC="040640050"/>
						<SP ID="P12_SP00080" HPOS="1258" VPOS="730" WIDTH="35"/>
						<String ID="P12_ST00088" HPOS="1293" VPOS="686" WIDTH="20" HEIGHT="24" CONTENT="«" WC="0.33" CC="6"/>
						<SP ID="P12_SP00081" HPOS="1313" VPOS="730" WIDTH="25"/>
						<String ID="P12_ST00089" HPOS="1338" VPOS="671" WIDTH="38" HEIGHT="42" CONTENT="O" WC="0.59" CC="4"/>
						<SP ID="P12_SP00082" HPOS="1376" VPOS="730" WIDTH="27"/>
						<String ID="P12_ST00090" HPOS="1403" VPOS="681" WIDTH="106" HEIGHT="37" CONTENT="tsar," WC="0.99" CC="40000"/>
						<SP ID="P12_SP00083" HPOS="1509" VPOS="730" WIDTH="39"/>
						<String ID="P12_ST00091" HPOS="1548" VPOS="668" WIDTH="340" HEIGHT="41" CONTENT="demande-moi" WC="1.00" CC="00067000002"/>
						<SP ID="P12_SP00084" HPOS="1888" VPOS="730" WIDTH="41"/>
						<String ID="P12_ST00092" HPOS="1929" VPOS="675" WIDTH="97" HEIGHT="32" CONTENT="cent" WC="0.97" CC="0075"/>
						<SP ID="P12_SP00085" HPOS="2026" VPOS="730" WIDTH="25"/>
						<String ID="P12_ST00093" HPOS="2051" VPOS="667" WIDTH="94" HEIGHT="53" CONTENT="fois," WC="0.99" CC="01004"/>
					</TextLine>
					<TextLine ID="P12_TL00009" HPOS="130" VPOS="737" WIDTH="2017" HEIGHT="64">
						<String ID="P12_ST00094" HPOS="130" VPOS="759" WIDTH="41" HEIGHT="32" CONTENT="et" WC="0.68" CC="06"/>
						<SP ID="P12_SP00086" HPOS="171" VPOS="791" WIDTH="16"/>
						<String ID="P12_ST00095" HPOS="187" VPOS="759" WIDTH="97" HEIGHT="32" CONTENT="cent" WC="1.00" CC="0000"/>
						<SP ID="P12_SP00087" HPOS="284" VPOS="791" WIDTH="19"/>
						<String ID="P12_ST00096" HPOS="303" VPOS="749" WIDTH="84" HEIGHT="40" CONTENT="fois" WC="0.99" CC="0030"/>
						<SP ID="P12_SP00088" HPOS="387" VPOS="791" WIDTH="23"/>
						<String ID="P12_ST00097" HPOS="410" VPOS="750" WIDTH="38" HEIGHT="51" CONTENT="je" WC="0.77" CC="04"/>
						<SP ID="P12_SP00089" HPOS="448" VPOS="801" WIDTH="18"/>
						<String ID="P12_ST00098" HPOS="466" VPOS="757" WIDTH="40" HEIGHT="32" CONTENT="te" WC="0.82" CC="30"/>
						<SP ID="P12_SP00090" HPOS="506" VPOS="801" WIDTH="17"/>
						<String ID="P12_ST00099" HPOS="523" VPOS="748" WIDTH="114" HEIGHT="40" CONTENT="dirai" WC="0.99" CC="02031"/>
						<SP ID="P12_SP00091" HPOS="637" VPOS="801" WIDTH="19"/>
						<String ID="P12_ST00100" HPOS="656" VPOS="761" WIDTH="87" HEIGHT="38" CONTENT="que" WC="0.96" CC="560"/>
						<SP ID="P12_SP00092" HPOS="743" VPOS="801" WIDTH="25"/>
						<String ID="P12_ST00101" HPOS="768" VPOS="747" WIDTH="38" HEIGHT="52" CONTENT="je" WC="1.00" CC="00"/>
						<SP ID="P12_SP00093" HPOS="806" VPOS="801" WIDTH="24"/>
						<String ID="P12_ST00102" HPOS="830" VPOS="745" WIDTH="148" HEIGHT="41" CONTENT="l'aime" WC="0.99" CC="140004"/>
						<SP ID="P12_SP00094" HPOS="978" VPOS="801" WIDTH="26"/>
						<String ID="P12_ST00103" HPOS="1004" VPOS="745" WIDTH="7" HEIGHT="37" CONTENT="!" WC="0.18" CC="8"/>
						<SP ID="P12_SP00095" HPOS="1011" VPOS="801" WIDTH="35"/>
						<String ID="P12_ST00104" HPOS="1046" VPOS="744" WIDTH="173" HEIGHT="40" CONTENT="Devant" WC="0.99" CC="000044"/>
						<SP ID="P12_SP00096" HPOS="1219" VPOS="801" WIDTH="35"/>
						<String ID="P12_ST00105" HPOS="1254" VPOS="743" WIDTH="38" HEIGHT="39" CONTENT="le" WC="0.75" CC="40"/>
						<SP ID="P12_SP00097" HPOS="1292" VPOS="801" WIDTH="42"/>
						<String ID="P12_ST00106" HPOS="1334" VPOS="744" WIDTH="99" HEIGHT="50" CONTENT="jour" WC="0.98" CC="0460"/>
						<SP ID="P12_SP00098" HPOS="1433" VPOS="801" WIDTH="33"/>
						<String ID="P12_ST00107" HPOS="1466" VPOS="741" WIDTH="221" HEIGHT="46" CONTENT="naissant," WC="0.99" CC="600000363"/>
						<SP ID="P12_SP00099" HPOS="1687" VPOS="801" WIDTH="45"/>
						<String ID="P12_ST00108" HPOS="1732" VPOS="737" WIDTH="164" HEIGHT="40" CONTENT="devant" WC="0.99" CC="000436"/>
						<SP ID="P12_SP00100" HPOS="1896" VPOS="801" WIDTH="55"/>
						<String ID="P12_ST00109" HPOS="1951" VPOS="744" WIDTH="94" HEIGHT="33" CONTENT="tout" WC="0.96" CC="5056"/>
						<SP ID="P12_SP00101" HPOS="2045" VPOS="801" WIDTH="34"/>
						<String ID="P12_ST00110" HPOS="2079" VPOS="747" WIDTH="68" HEIGHT="33" CONTENT="ton" WC="1.00" CC="100"/>
					</TextLine>
					<TextLine ID="P12_TL00010" HPOS="131" VPOS="806" WIDTH="2016" HEIGHT="66">
						<String ID="P12_ST00111" HPOS="131" VPOS="819" WIDTH="175" HEIGHT="53" CONTENT="peuple," WC="0.99" CC="0060504"/>
						<SP ID="P12_SP00102" HPOS="306" VPOS="872" WIDTH="20"/>
						<String ID="P12_ST00112" HPOS="326" VPOS="819" WIDTH="161" HEIGHT="39" CONTENT="devant" WC="0.98" CC="000664"/>
						<SP ID="P12_SP00103" HPOS="487" VPOS="872" WIDTH="29"/>
						<String ID="P12_ST00113" HPOS="516" VPOS="828" WIDTH="65" HEIGHT="30" CONTENT="tes" WC="0.99" CC="300"/>
						<SP ID="P12_SP00104" HPOS="581" VPOS="872" WIDTH="21"/>
						<String ID="P12_ST00114" HPOS="602" VPOS="830" WIDTH="129" HEIGHT="39" CONTENT="yeux," WC="0.98" CC="90404"/>
						<SP ID="P12_SP00105" HPOS="731" VPOS="872" WIDTH="22"/>
						<String ID="P12_ST00115" HPOS="753" VPOS="815" WIDTH="144" HEIGHT="51" CONTENT="grand" WC="0.99" CC="60000"/>
						<SP ID="P12_SP00106" HPOS="897" VPOS="872" WIDTH="42"/>
						<String ID="P12_ST00116" HPOS="939" VPOS="823" WIDTH="106" HEIGHT="41" CONTENT="tsar," WC="0.99" CC="00204"/>
						<SP ID="P12_SP00107" HPOS="1045" VPOS="872" WIDTH="27"/>
						<String ID="P12_ST00117" HPOS="1072" VPOS="814" WIDTH="38" HEIGHT="51" CONTENT="je" WC="0.92" CC="01"/>
						<SP ID="P12_SP00108" HPOS="1110" VPOS="872" WIDTH="22"/>
						<String ID="P12_ST00118" HPOS="1132" VPOS="814" WIDTH="93" HEIGHT="39" CONTENT="suis" WC="0.99" CC="0300"/>
						<SP ID="P12_SP00109" HPOS="1225" VPOS="872" WIDTH="24"/>
						<String ID="P12_ST00119" HPOS="1249" VPOS="815" WIDTH="124" HEIGHT="49" CONTENT="prête" WC="0.99" CC="00420"/>
						<SP ID="P12_SP00110" HPOS="1373" VPOS="872" WIDTH="17"/>
						<String ID="P12_ST00120" HPOS="1390" VPOS="815" WIDTH="22" HEIGHT="35" CONTENT="à" WC="0.84" CC="1"/>
						<SP ID="P12_SP00111" HPOS="1412" VPOS="872" WIDTH="27"/>
						<String ID="P12_ST00121" HPOS="1439" VPOS="810" WIDTH="146" HEIGHT="39" CONTENT="redire" WC="1.00" CC="000400"/>
						<SP ID="P12_SP00112" HPOS="1585" VPOS="872" WIDTH="42"/>
						<String ID="P12_ST00122" HPOS="1627" VPOS="820" WIDTH="97" HEIGHT="27" CONTENT="mes" WC="1.00" CC="000"/>
						<SP ID="P12_SP00113" HPOS="1724" VPOS="872" WIDTH="38"/>
						<String ID="P12_ST00123" HPOS="1762" VPOS="806" WIDTH="179" HEIGHT="52" CONTENT="paroles" WC="0.99" CC="0500600"/>
						<SP ID="P12_SP00114" HPOS="1941" VPOS="872" WIDTH="39"/>
						<String ID="P12_ST00124" HPOS="1980" VPOS="813" WIDTH="40" HEIGHT="33" CONTENT="et" WC="0.77" CC="04"/>
						<SP ID="P12_SP00115" HPOS="2020" VPOS="872" WIDTH="40"/>
						<String ID="P12_ST00125" HPOS="2060" VPOS="821" WIDTH="87" HEIGHT="28" CONTENT="mes" WC="0.99" CC="300"/>
					</TextLine>
					<TextLine ID="P12_TL00011" HPOS="129" VPOS="876" WIDTH="2019" HEIGHT="58">
						<String ID="P12_ST00126" HPOS="129" VPOS="901" WIDTH="198" HEIGHT="27" CONTENT="caresses" WC="1.00" CC="00000040"/>
						<SP ID="P12_SP00116" HPOS="327" VPOS="928" WIDTH="23"/>
						<String ID="P12_ST00127" HPOS="350" VPOS="886" WIDTH="203" HEIGHT="41" CONTENT="d'amour" WC="1.00" CC="0400000"/>
						<SP ID="P12_SP00117" HPOS="553" VPOS="928" WIDTH="23"/>
						<String ID="P12_ST00128" HPOS="576" VPOS="886" WIDTH="7" HEIGHT="37" CONTENT="!" WC="0.27" CC="7"/>
						<SP ID="P12_SP00118" HPOS="583" VPOS="928" WIDTH="29"/>
						<String ID="P12_ST00129" HPOS="612" VPOS="898" WIDTH="20" HEIGHT="25" CONTENT="»" WC="0.43" CC="5"/>
						<SP ID="P12_SP00119" HPOS="632" VPOS="928" WIDTH="17"/>
						<String ID="P12_ST00130" HPOS="649" VPOS="884" WIDTH="116" HEIGHT="40" CONTENT="Mais" WC="1.00" CC="0000"/>
						<SP ID="P12_SP00120" HPOS="765" VPOS="928" WIDTH="18"/>
						<String ID="P12_ST00131" HPOS="783" VPOS="884" WIDTH="195" HEIGHT="40" CONTENT="soudain" WC="1.00" CC="0000023"/>
						<SP ID="P12_SP00121" HPOS="978" VPOS="928" WIDTH="33"/>
						<String ID="P12_ST00132" HPOS="1011" VPOS="898" WIDTH="60" HEIGHT="25" CONTENT="un" WC="0.41" CC="65"/>
						<SP ID="P12_SP00122" HPOS="1071" VPOS="928" WIDTH="27"/>
						<String ID="P12_ST00133" HPOS="1098" VPOS="895" WIDTH="141" HEIGHT="39" CONTENT="rayon" WC="0.98" CC="00605"/>
						<SP ID="P12_SP00123" HPOS="1239" VPOS="934" WIDTH="22"/>
						<String ID="P12_ST00134" HPOS="1261" VPOS="881" WIDTH="54" HEIGHT="40" CONTENT="de" WC="1.00" CC="00"/>
						<SP ID="P12_SP00124" HPOS="1315" VPOS="934" WIDTH="35"/>
						<String ID="P12_ST00135" HPOS="1350" VPOS="879" WIDTH="123" HEIGHT="40" CONTENT="soleil" WC="0.99" CC="014045"/>
						<SP ID="P12_SP00125" HPOS="1473" VPOS="934" WIDTH="24"/>
						<String ID="P12_ST00136" HPOS="1497" VPOS="890" WIDTH="128" HEIGHT="40" CONTENT="perce" WC="0.99" CC="05000"/>
						<SP ID="P12_SP00126" HPOS="1625" VPOS="934" WIDTH="25"/>
						<String ID="P12_ST00137" HPOS="1650" VPOS="877" WIDTH="63" HEIGHT="39" CONTENT="les" WC="1.00" CC="000"/>
						<SP ID="P12_SP00127" HPOS="1713" VPOS="934" WIDTH="23"/>
						<String ID="P12_ST00138" HPOS="1736" VPOS="888" WIDTH="175" HEIGHT="37" CONTENT="nuages" WC="0.99" CC="551000"/>
						<SP ID="P12_SP00128" HPOS="1911" VPOS="934" WIDTH="32"/>
						<String ID="P12_ST00139" HPOS="1943" VPOS="883" WIDTH="42" HEIGHT="31" CONTENT="et" WC="0.83" CC="03"/>
						<SP ID="P12_SP00129" HPOS="1985" VPOS="934" WIDTH="22"/>
						<String ID="P12_ST00140" HPOS="2007" VPOS="876" WIDTH="141" HEIGHT="42" CONTENT="tombe" WC="0.98" CC="50502"/>
					</TextLine>
					<TextLine ID="P12_TL00012" HPOS="130" VPOS="944" WIDTH="2018" HEIGHT="64">
						<String ID="P12_ST00141" HPOS="130" VPOS="971" WIDTH="74" HEIGHT="27" CONTENT="sur" WC="1.00" CC="000"/>
						<SP ID="P12_SP00130" HPOS="204" VPOS="998" WIDTH="20"/>
						<String ID="P12_ST00142" HPOS="224" VPOS="957" WIDTH="39" HEIGHT="39" CONTENT="la" WC="0.90" CC="20"/>
						<SP ID="P12_SP00131" HPOS="263" VPOS="998" WIDTH="22"/>
						<String ID="P12_ST00143" HPOS="285" VPOS="958" WIDTH="127" HEIGHT="50" CONTENT="jeune" WC="0.99" CC="03060"/>
						<SP ID="P12_SP00132" HPOS="412" VPOS="1008" WIDTH="21"/>
						<String ID="P12_ST00144" HPOS="433" VPOS="954" WIDTH="105" HEIGHT="49" CONTENT="fille," WC="0.99" CC="003400"/>
						<SP ID="P12_SP00133" HPOS="538" VPOS="1008" WIDTH="95"/>
						<String ID="P12_ST00145" HPOS="633" VPOS="963" WIDTH="42" HEIGHT="31" CONTENT="et" WC="0.81" CC="03"/>
						<SP ID="P12_SP00134" HPOS="675" VPOS="1008" WIDTH="24"/>
						<String ID="P12_ST00146" HPOS="699" VPOS="954" WIDTH="251" HEIGHT="40" CONTENT="lentement" WC="0.99" CC="505300014"/>
						<SP ID="P12_SP00135" HPOS="950" VPOS="1008" WIDTH="24"/>
						<String ID="P12_ST00147" HPOS="974" VPOS="952" WIDTH="106" HEIGHT="40" CONTENT="fond" WC="0.99" CC="0050"/>
						<SP ID="P12_SP00136" HPOS="1080" VPOS="1008" WIDTH="19"/>
						<String ID="P12_ST00148" HPOS="1099" VPOS="964" WIDTH="82" HEIGHT="27" CONTENT="son" WC="0.98" CC="006"/>
						<SP ID="P12_SP00137" HPOS="1181" VPOS="1008" WIDTH="19"/>
						<String ID="P12_ST00149" HPOS="1200" VPOS="963" WIDTH="129" HEIGHT="39" CONTENT="corps" WC="0.99" CC="00004"/>
						<SP ID="P12_SP00138" HPOS="1329" VPOS="1008" WIDTH="23"/>
						<String ID="P12_ST00150" HPOS="1352" VPOS="949" WIDTH="55" HEIGHT="40" CONTENT="de" WC="1.00" CC="00"/>
						<SP ID="P12_SP00139" HPOS="1407" VPOS="1008" WIDTH="20"/>
						<String ID="P12_ST00151" HPOS="1427" VPOS="948" WIDTH="127" HEIGHT="50" CONTENT="glace" WC="0.98" CC="92000"/>
						<SP ID="P12_SP00140" HPOS="1554" VPOS="1008" WIDTH="23"/>
						<String ID="P12_ST00152" HPOS="1577" VPOS="955" WIDTH="41" HEIGHT="31" CONTENT="et" WC="0.75" CC="05"/>
						<SP ID="P12_SP00141" HPOS="1618" VPOS="1008" WIDTH="24"/>
						<String ID="P12_ST00153" HPOS="1642" VPOS="959" WIDTH="83" HEIGHT="27" CONTENT="son" WC="1.00" CC="000"/>
						<SP ID="P12_SP00142" HPOS="1725" VPOS="1008" WIDTH="18"/>
						<String ID="P12_ST00154" HPOS="1743" VPOS="958" WIDTH="138" HEIGHT="27" CONTENT="cœur." WC="0.98" CC="00604"/>
						<SP ID="P12_SP00143" HPOS="1881" VPOS="1008" WIDTH="36"/>
						<String ID="P12_ST00155" HPOS="1917" VPOS="957" WIDTH="21" HEIGHT="25" CONTENT="«" WC="0.95" CC="0"/>
						<SP ID="P12_SP00144" HPOS="1938" VPOS="1008" WIDTH="38"/>
						<String ID="P12_ST00156" HPOS="1976" VPOS="944" WIDTH="172" HEIGHT="43" CONTENT="Félicité" WC="0.98" CC="60450067"/>
					</TextLine>
					<TextLine ID="P12_TL00013" HPOS="131" VPOS="1014" WIDTH="2016" HEIGHT="62">
						<String ID="P12_ST00157" HPOS="131" VPOS="1039" WIDTH="57" HEIGHT="27" CONTENT="ou" WC="1.00" CC="00"/>
						<SP ID="P12_SP00145" HPOS="188" VPOS="1066" WIDTH="24"/>
						<String ID="P12_ST00158" HPOS="212" VPOS="1029" WIDTH="144" HEIGHT="36" CONTENT="mort?" WC="0.97" CC="02357"/>
						<SP ID="P12_SP00146" HPOS="356" VPOS="1066" WIDTH="20"/>
						<String ID="P12_ST00159" HPOS="376" VPOS="1022" WIDTH="161" HEIGHT="54" CONTENT="Quelle" WC="0.99" CC="002450"/>
						<SP ID="P12_SP00147" HPOS="537" VPOS="1076" WIDTH="20"/>
						<String ID="P12_ST00160" HPOS="557" VPOS="1031" WIDTH="149" HEIGHT="32" CONTENT="extase" WC="0.99" CC="256000"/>
						<SP ID="P12_SP00148" HPOS="706" VPOS="1076" WIDTH="21"/>
						<String ID="P12_ST00161" HPOS="727" VPOS="1022" WIDTH="7" HEIGHT="38" CONTENT="!" WC="0.49" CC="5"/>
						<SP ID="P12_SP00149" HPOS="734" VPOS="1076" WIDTH="26"/>
						<String ID="P12_ST00162" HPOS="760" VPOS="1020" WIDTH="162" HEIGHT="53" CONTENT="Quelle" WC="1.00" CC="000130"/>
						<SP ID="P12_SP00150" HPOS="922" VPOS="1076" WIDTH="38"/>
						<String ID="P12_ST00163" HPOS="960" VPOS="1021" WIDTH="240" HEIGHT="39" CONTENT="délicieuse" WC="1.00" CC="0000020200"/>
						<SP ID="P12_SP00151" HPOS="1200" VPOS="1076" WIDTH="22"/>
						<String ID="P12_ST00164" HPOS="1222" VPOS="1018" WIDTH="174" HEIGHT="51" CONTENT="fatigue" WC="1.00" CC="0020000"/>
						<SP ID="P12_SP00152" HPOS="1396" VPOS="1076" WIDTH="20"/>
						<String ID="P12_ST00165" HPOS="1416" VPOS="1019" WIDTH="7" HEIGHT="37" CONTENT="!" WC="0.71" CC="2"/>
						<SP ID="P12_SP00153" HPOS="1423" VPOS="1076" WIDTH="38"/>
						<String ID="P12_ST00166" HPOS="1461" VPOS="1015" WIDTH="38" HEIGHT="42" CONTENT="O" WC="1.00" CC="0"/>
						<SP ID="P12_SP00154" HPOS="1499" VPOS="1076" WIDTH="39"/>
						<String ID="P12_ST00167" HPOS="1538" VPOS="1015" WIDTH="97" HEIGHT="50" CONTENT="Lel," WC="0.91" CC="0003"/>
						<SP ID="P12_SP00155" HPOS="1635" VPOS="1076" WIDTH="46"/>
						<String ID="P12_ST00168" HPOS="1681" VPOS="1024" WIDTH="65" HEIGHT="31" CONTENT="tes" WC="0.98" CC="202"/>
						<SP ID="P12_SP00156" HPOS="1746" VPOS="1076" WIDTH="37"/>
						<String ID="P12_ST00169" HPOS="1783" VPOS="1014" WIDTH="226" HEIGHT="40" CONTENT="chansons" WC="0.99" CC="02050030"/>
						<SP ID="P12_SP00157" HPOS="2009" VPOS="1076" WIDTH="30"/>
						<String ID="P12_ST00170" HPOS="2039" VPOS="1029" WIDTH="81" HEIGHT="26" CONTENT="mur" SUBS_TYPE="HypPart1" SUBS_CONTENT="murmurentdans" WC="0.69" CC="034"/>
						<HYP HPOS="2120" VPOS="1029" WIDTH="27" CONTENT="-"/>
					</TextLine>
					<TextLine ID="P12_TL00014" HPOS="130" VPOS="1081" WIDTH="2018" HEIGHT="63">
						<String ID="P12_ST00171" HPOS="130" VPOS="1093" WIDTH="302" HEIGHT="41" CONTENT="murentdans" SUBS_TYPE="HypPart2" SUBS_CONTENT="murmurentdans" WC="0.65" CC="3603750620"/>
						<SP ID="P12_SP00158" HPOS="432" VPOS="1134" WIDTH="24"/>
						<String ID="P12_ST00172" HPOS="456" VPOS="1105" WIDTH="94" HEIGHT="26" CONTENT="mes" WC="1.00" CC="000"/>
						<SP ID="P12_SP00159" HPOS="550" VPOS="1134" WIDTH="27"/>
						<String ID="P12_ST00173" HPOS="577" VPOS="1091" WIDTH="180" HEIGHT="40" CONTENT="oreilles" WC="1.00" CC="00020400"/>
						<SP ID="P12_SP00160" HPOS="757" VPOS="1134" WIDTH="19"/>
						<String ID="P12_ST00174" HPOS="776" VPOS="1093" WIDTH="7" HEIGHT="36" CONTENT="I" WC="0.19" CC="8"/>
						<SP ID="P12_SP00161" HPOS="783" VPOS="1134" WIDTH="28"/>
						<String ID="P12_ST00175" HPOS="811" VPOS="1088" WIDTH="81" HEIGHT="56" CONTENT="J'ai" WC="0.99" CC="0230"/>
						<SP ID="P12_SP00162" HPOS="892" VPOS="1144" WIDTH="33"/>
						<String ID="P12_ST00176" HPOS="925" VPOS="1090" WIDTH="59" HEIGHT="40" CONTENT="du" WC="0.75" CC="04"/>
						<SP ID="P12_SP00163" HPOS="984" VPOS="1144" WIDTH="38"/>
						<String ID="P12_ST00177" HPOS="1022" VPOS="1089" WIDTH="71" HEIGHT="40" CONTENT="feu" WC="1.00" CC="000"/>
						<SP ID="P12_SP00164" HPOS="1093" VPOS="1144" WIDTH="36"/>
						<String ID="P12_ST00178" HPOS="1129" VPOS="1089" WIDTH="113" HEIGHT="39" CONTENT="dans" WC="0.99" CC="0051"/>
						<SP ID="P12_SP00165" HPOS="1242" VPOS="1144" WIDTH="30"/>
						<String ID="P12_ST00179" HPOS="1272" VPOS="1100" WIDTH="107" HEIGHT="27" CONTENT="mon" WC="0.98" CC="005"/>
						<SP ID="P12_SP00166" HPOS="1379" VPOS="1144" WIDTH="23"/>
						<String ID="P12_ST00180" HPOS="1402" VPOS="1100" WIDTH="137" HEIGHT="31" CONTENT="cœur," WC="0.99" CC="00022"/>
						<SP ID="P12_SP00167" HPOS="1539" VPOS="1144" WIDTH="42"/>
						<String ID="P12_ST00181" HPOS="1581" VPOS="1085" WIDTH="59" HEIGHT="39" CONTENT="du" WC="1.00" CC="00"/>
						<SP ID="P12_SP00168" HPOS="1640" VPOS="1144" WIDTH="41"/>
						<String ID="P12_ST00182" HPOS="1681" VPOS="1097" WIDTH="130" HEIGHT="36" CONTENT="sang." WC="0.98" CC="00704"/>
						<SP ID="P12_SP00169" HPOS="1811" VPOS="1144" WIDTH="34"/>
						<String ID="P12_ST00183" HPOS="1845" VPOS="1081" WIDTH="160" HEIGHT="56" CONTENT="J'aime" WC="1.00" CC="012100"/>
						<SP ID="P12_SP00170" HPOS="2005" VPOS="1144" WIDTH="34"/>
						<String ID="P12_ST00184" HPOS="2039" VPOS="1091" WIDTH="40" HEIGHT="32" CONTENT="et" WC="0.79" CC="04"/>
						<SP ID="P12_SP00171" HPOS="2079" VPOS="1144" WIDTH="36"/>
						<String ID="P12_ST00185" HPOS="2115" VPOS="1085" WIDTH="33" HEIGHT="52" CONTENT="je" WC="1.00" CC="00"/>
					</TextLine>
					<TextLine ID="P12_TL00015" HPOS="131" VPOS="1152" WIDTH="2015" HEIGHT="61">
						<String ID="P12_ST00186" HPOS="131" VPOS="1163" WIDTH="149" HEIGHT="45" CONTENT="fonds," WC="0.99" CC="005004"/>
						<SP ID="P12_SP00172" HPOS="280" VPOS="1208" WIDTH="19"/>
						<String ID="P12_ST00187" HPOS="299" VPOS="1163" WIDTH="38" HEIGHT="50" CONTENT="je" WC="1.00" CC="00"/>
						<SP ID="P12_SP00173" HPOS="337" VPOS="1213" WIDTH="26"/>
						<String ID="P12_ST00188" HPOS="363" VPOS="1160" WIDTH="131" HEIGHT="41" CONTENT="fonds" WC="1.00" CC="20000"/>
						<SP ID="P12_SP00174" HPOS="494" VPOS="1213" WIDTH="23"/>
						<String ID="P12_ST00189" HPOS="517" VPOS="1161" WIDTH="84" HEIGHT="39" CONTENT="àla" WC="0.98" CC="110" STYLEREFS="TXT_0"/>
						<SP ID="P12_SP00175" HPOS="601" VPOS="1213" WIDTH="23"/>
						<String ID="P12_ST00190" HPOS="624" VPOS="1160" WIDTH="197" HEIGHT="40" CONTENT="douceur" WC="0.99" CC="0060060" STYLEREFS="TXT_0"/>
						<SP ID="P12_SP00176" HPOS="821" VPOS="1213" WIDTH="31"/>
						<String ID="P12_ST00191" HPOS="852" VPOS="1159" WIDTH="55" HEIGHT="40" CONTENT="de" WC="1.00" CC="00" STYLEREFS="TXT_0"/>
						<SP ID="P12_SP00177" HPOS="907" VPOS="1213" WIDTH="24"/>
						<String ID="P12_ST00192" HPOS="931" VPOS="1158" WIDTH="207" HEIGHT="41" CONTENT="l'amour." WC="1.00" CC="13000003" STYLEREFS="TXT_0"/>
						<SP ID="P12_SP00178" HPOS="1138" VPOS="1213" WIDTH="29"/>
						<String ID="P12_ST00193" HPOS="1167" VPOS="1157" WIDTH="143" HEIGHT="40" CONTENT="Adieu" WC="0.99" CC="00005" STYLEREFS="TXT_0"/>
						<SP ID="P12_SP00179" HPOS="1310" VPOS="1213" WIDTH="43"/>
						<String ID="P12_ST00194" HPOS="1353" VPOS="1164" WIDTH="119" HEIGHT="35" CONTENT="tous," WC="0.99" CC="20024" STYLEREFS="TXT_0"/>
						<SP ID="P12_SP00180" HPOS="1472" VPOS="1213" WIDTH="54"/>
						<String ID="P12_ST00195" HPOS="1526" VPOS="1166" WIDTH="95" HEIGHT="27" CONTENT="mes" WC="1.00" CC="000" STYLEREFS="TXT_0"/>
						<SP ID="P12_SP00181" HPOS="1621" VPOS="1213" WIDTH="42"/>
						<String ID="P12_ST00196" HPOS="1663" VPOS="1153" WIDTH="115" HEIGHT="39" CONTENT="amis" WC="0.98" CC="2031" STYLEREFS="TXT_0"/>
						<SP ID="P12_SP00182" HPOS="1778" VPOS="1213" WIDTH="36"/>
						<String ID="P12_ST00197" HPOS="1814" VPOS="1154" WIDTH="9" HEIGHT="38" CONTENT="î" WC="0.31" CC="6" STYLEREFS="TXT_0"/>
						<SP ID="P12_SP00183" HPOS="1823" VPOS="1213" WIDTH="28"/>
						<String ID="P12_ST00198" HPOS="1851" VPOS="1152" WIDTH="148" HEIGHT="50" CONTENT="adieu," WC="0.99" CC="003004" STYLEREFS="TXT_0"/>
						<SP ID="P12_SP00184" HPOS="1999" VPOS="1213" WIDTH="52"/>
						<String ID="P12_ST00199" HPOS="2051" VPOS="1166" WIDTH="95" HEIGHT="28" CONTENT="mon" WC="0.96" CC="009" STYLEREFS="TXT_0"/>
					</TextLine>
					<TextLine ID="P12_TL00016" HPOS="133" VPOS="1220" WIDTH="2014" HEIGHT="58">
						<String ID="P12_ST00200" HPOS="133" VPOS="1230" WIDTH="140" HEIGHT="41" CONTENT="fiancé" WC="1.00" CC="000300"/>
						<SP ID="P12_SP00185" HPOS="273" VPOS="1271" WIDTH="26"/>
						<String ID="P12_ST00201" HPOS="299" VPOS="1229" WIDTH="7" HEIGHT="38" CONTENT="1" WC="0.37" CC="6"/>
						<SP ID="P12_SP00186" HPOS="306" VPOS="1271" WIDTH="25"/>
						<String ID="P12_ST00202" HPOS="331" VPOS="1228" WIDTH="38" HEIGHT="43" CONTENT="O" WC="1.00" CC="0"/>
						<SP ID="P12_SP00187" HPOS="369" VPOS="1271" WIDTH="22"/>
						<String ID="P12_ST00203" HPOS="391" VPOS="1230" WIDTH="117" HEIGHT="46" CONTENT="cher," WC="1.00" CC="00000"/>
						<SP ID="P12_SP00188" HPOS="508" VPOS="1276" WIDTH="39"/>
						<String ID="P12_ST00204" HPOS="547" VPOS="1229" WIDTH="39" HEIGHT="40" CONTENT="le" WC="0.72" CC="50"/>
						<SP ID="P12_SP00189" HPOS="586" VPOS="1276" WIDTH="38"/>
						<String ID="P12_ST00205" HPOS="624" VPOS="1229" WIDTH="178" HEIGHT="40" CONTENT="dernier" WC="1.00" CC="0000000"/>
						<SP ID="P12_SP00190" HPOS="802" VPOS="1276" WIDTH="24"/>
						<String ID="P12_ST00206" HPOS="826" VPOS="1227" WIDTH="160" HEIGHT="51" CONTENT="regard" WC="1.00" CC="000000"/>
						<SP ID="P12_SP00191" HPOS="986" VPOS="1278" WIDTH="46"/>
						<String ID="P12_ST00207" HPOS="1032" VPOS="1227" WIDTH="54" HEIGHT="40" CONTENT="de" WC="1.00" CC="00"/>
						<SP ID="P12_SP00192" HPOS="1086" VPOS="1278" WIDTH="37"/>
						<String ID="P12_ST00208" HPOS="1123" VPOS="1224" WIDTH="396" HEIGHT="52" CONTENT="Sniégourotchka" WC="0.80" CC="07300040060510"/>
						<SP ID="P12_SP00193" HPOS="1519" VPOS="1278" WIDTH="26"/>
						<String ID="P12_ST00209" HPOS="1545" VPOS="1236" WIDTH="116" HEIGHT="39" CONTENT="pour" WC="1.00" CC="0000"/>
						<SP ID="P12_SP00194" HPOS="1661" VPOS="1278" WIDTH="35"/>
						<String ID="P12_ST00210" HPOS="1696" VPOS="1223" WIDTH="58" HEIGHT="39" CONTENT="toi" WC="0.98" CC="104"/>
						<SP ID="P12_SP00195" HPOS="1754" VPOS="1278" WIDTH="40"/>
						<String ID="P12_ST00211" HPOS="1794" VPOS="1224" WIDTH="8" HEIGHT="36" CONTENT="1" WC="0.21" CC="7"/>
						<SP ID="P12_SP00196" HPOS="1802" VPOS="1278" WIDTH="26"/>
						<String ID="P12_ST00212" HPOS="1828" VPOS="1234" WIDTH="20" HEIGHT="24" CONTENT="»" WC="0.48" CC="5"/>
						<SP ID="P12_SP00197" HPOS="1848" VPOS="1278" WIDTH="26"/>
						<String ID="P12_ST00213" HPOS="1874" VPOS="1220" WIDTH="194" HEIGHT="51" CONTENT="Misguir" WC="0.88" CC="0400040"/>
						<SP ID="P12_SP00198" HPOS="2068" VPOS="1278" WIDTH="32"/>
						<String ID="P12_ST00214" HPOS="2100" VPOS="1237" WIDTH="47" HEIGHT="26" CONTENT="ne" WC="0.81" CC="30"/>
					</TextLine>
					<TextLine ID="P12_TL00017" HPOS="130" VPOS="1292" WIDTH="2017" HEIGHT="60">
						<String ID="P12_ST00215" HPOS="130" VPOS="1309" WIDTH="104" HEIGHT="43" CONTENT="peut" WC="0.98" CC="0055"/>
						<SP ID="P12_SP00199" HPOS="234" VPOS="1352" WIDTH="20"/>
						<String ID="P12_ST00216" HPOS="254" VPOS="1312" WIDTH="79" HEIGHT="40" CONTENT="pas" WC="1.00" CC="000"/>
						<SP ID="P12_SP00200" HPOS="333" VPOS="1352" WIDTH="19"/>
						<String ID="P12_ST00217" HPOS="352" VPOS="1300" WIDTH="121" HEIGHT="39" CONTENT="vivre" WC="1.00" CC="02000"/>
						<SP ID="P12_SP00201" HPOS="473" VPOS="1352" WIDTH="34"/>
						<String ID="P12_ST00218" HPOS="507" VPOS="1312" WIDTH="105" HEIGHT="26" CONTENT="sans" WC="0.98" CC="0070"/>
						<SP ID="P12_SP00202" HPOS="612" VPOS="1352" WIDTH="23"/>
						<String ID="P12_ST00219" HPOS="635" VPOS="1298" WIDTH="98" HEIGHT="47" CONTENT="elle," WC="0.99" CC="00503"/>
						<SP ID="P12_SP00203" HPOS="733" VPOS="1352" WIDTH="35"/>
						<String ID="P12_ST00220" HPOS="768" VPOS="1305" WIDTH="40" HEIGHT="32" CONTENT="et" WC="0.74" CC="05"/>
						<SP ID="P12_SP00204" HPOS="808" VPOS="1352" WIDTH="17"/>
						<String ID="P12_ST00221" HPOS="825" VPOS="1310" WIDTH="45" HEIGHT="27" CONTENT="se" WC="0.79" CC="04"/>
						<SP ID="P12_SP00205" HPOS="870" VPOS="1352" WIDTH="25"/>
						<String ID="P12_ST00222" HPOS="895" VPOS="1297" WIDTH="102" HEIGHT="51" CONTENT="jette" WC="0.98" CC="00560"/>
						<SP ID="P12_SP00206" HPOS="997" VPOS="1352" WIDTH="36"/>
						<String ID="P12_ST00223" HPOS="1033" VPOS="1297" WIDTH="114" HEIGHT="39" CONTENT="dans" WC="0.99" CC="0040"/>
						<SP ID="P12_SP00207" HPOS="1147" VPOS="1352" WIDTH="18"/>
						<String ID="P12_ST00224" HPOS="1165" VPOS="1295" WIDTH="39" HEIGHT="40" CONTENT="le" WC="0.90" CC="20"/>
						<SP ID="P12_SP00208" HPOS="1204" VPOS="1352" WIDTH="23"/>
						<String ID="P12_ST00225" HPOS="1227" VPOS="1295" WIDTH="84" HEIGHT="40" CONTENT="lac." WC="0.98" CC="5004"/>
						<SP ID="P12_SP00209" HPOS="1311" VPOS="1352" WIDTH="28"/>
						<String ID="P12_ST00226" HPOS="1339" VPOS="1307" WIDTH="20" HEIGHT="25" CONTENT="«" WC="0.41" CC="5"/>
						<SP ID="P12_SP00210" HPOS="1359" VPOS="1352" WIDTH="24"/>
						<String ID="P12_ST00227" HPOS="1383" VPOS="1292" WIDTH="50" HEIGHT="41" CONTENT="Si" WC="0.99" CC="00"/>
						<SP ID="P12_SP00211" HPOS="1433" VPOS="1352" WIDTH="26"/>
						<String ID="P12_ST00228" HPOS="1459" VPOS="1293" WIDTH="63" HEIGHT="40" CONTENT="les" WC="1.00" CC="000"/>
						<SP ID="P12_SP00212" HPOS="1522" VPOS="1352" WIDTH="20"/>
						<String ID="P12_ST00229" HPOS="1542" VPOS="1292" WIDTH="131" HEIGHT="40" CONTENT="dieux" WC="0.99" CC="00040"/>
						<SP ID="P12_SP00213" HPOS="1673" VPOS="1352" WIDTH="25"/>
						<String ID="P12_ST00230" HPOS="1698" VPOS="1299" WIDTH="102" HEIGHT="32" CONTENT="sont" WC="0.98" CC="0061"/>
						<SP ID="P12_SP00214" HPOS="1800" VPOS="1352" WIDTH="24"/>
						<String ID="P12_ST00231" HPOS="1824" VPOS="1299" WIDTH="266" HEIGHT="43" CONTENT="trompeurs," WC="0.99" CC="5320046003"/>
						<SP ID="P12_SP00215" HPOS="2090" VPOS="1352" WIDTH="22"/>
						<String ID="P12_ST00232" HPOS="2112" VPOS="1292" WIDTH="35" HEIGHT="40" CONTENT="la" WC="0.76" CC="04"/>
					</TextLine>
					<TextLine ID="P12_TL00018" HPOS="133" VPOS="1365" WIDTH="834" HEIGHT="55">
						<String ID="P12_ST00233" HPOS="133" VPOS="1371" WIDTH="69" HEIGHT="38" CONTENT="vie" WC="1.00" CC="000"/>
						<SP ID="P12_SP00216" HPOS="202" VPOS="1409" WIDTH="17"/>
						<String ID="P12_ST00234" HPOS="219" VPOS="1368" WIDTH="68" HEIGHT="40" CONTENT="n'a" WC="0.97" CC="610"/>
						<SP ID="P12_SP00217" HPOS="287" VPOS="1409" WIDTH="26"/>
						<String ID="P12_ST00235" HPOS="313" VPOS="1381" WIDTH="78" HEIGHT="39" CONTENT="pas" WC="1.00" CC="000"/>
						<SP ID="P12_SP00218" HPOS="391" VPOS="1420" WIDTH="26"/>
						<String ID="P12_ST00236" HPOS="417" VPOS="1368" WIDTH="53" HEIGHT="40" CONTENT="de" WC="1.00" CC="00"/>
						<SP ID="P12_SP00219" HPOS="470" VPOS="1420" WIDTH="25"/>
						<String ID="P12_ST00237" HPOS="495" VPOS="1368" WIDTH="95" HEIGHT="51" CONTENT="prix" WC="0.99" CC="0030"/>
						<SP ID="P12_SP00220" HPOS="590" VPOS="1420" WIDTH="25"/>
						<String ID="P12_ST00238" HPOS="615" VPOS="1380" WIDTH="76" HEIGHT="27" CONTENT="sur" WC="0.98" CC="050"/>
						<SP ID="P12_SP00221" HPOS="691" VPOS="1420" WIDTH="22"/>
						<String ID="P12_ST00239" HPOS="713" VPOS="1366" WIDTH="38" HEIGHT="40" CONTENT="la" WC="1.00" CC="00"/>
						<SP ID="P12_SP00222" HPOS="751" VPOS="1420" WIDTH="28"/>
						<String ID="P12_ST00240" HPOS="779" VPOS="1375" WIDTH="112" HEIGHT="31" CONTENT="terre" WC="0.99" CC="30001"/>
						<SP ID="P12_SP00223" HPOS="891" VPOS="1420" WIDTH="28"/>
						<String ID="P12_ST00241" HPOS="919" VPOS="1365" WIDTH="6" HEIGHT="38" CONTENT="!" WC="0.25" CC="7"/>
						<SP ID="P12_SP00224" HPOS="925" VPOS="1420" WIDTH="22"/>
						<String ID="P12_ST00242" HPOS="947" VPOS="1379" WIDTH="20" HEIGHT="24" CONTENT="»" WC="0.66" CC="3"/>
					</TextLine>
				</TextBlock>
				<TextBlock ID="P12_TB00004" HPOS="133" VPOS="1628" WIDTH="2014" HEIGHT="1993" STYLEREFS="TXT_2 PAR_LEFT">
					<TextLine ID="P12_TL00019" HPOS="191" VPOS="1629" WIDTH="1954" HEIGHT="57">
						<String ID="P12_ST00243" HPOS="191" VPOS="1635" WIDTH="71" HEIGHT="42" CONTENT="On" WC="0.69" CC="06"/>
						<SP ID="P12_SP00225" HPOS="262" VPOS="1677" WIDTH="22"/>
						<String ID="P12_ST00244" HPOS="284" VPOS="1636" WIDTH="40" HEIGHT="39" CONTENT="le" WC="0.59" CC="43"/>
						<SP ID="P12_SP00226" HPOS="324" VPOS="1677" WIDTH="14"/>
						<String ID="P12_ST00245" HPOS="338" VPOS="1637" WIDTH="106" HEIGHT="46" CONTENT="voit," WC="0.98" CC="40053"/>
						<SP ID="P12_SP00227" HPOS="444" VPOS="1683" WIDTH="23"/>
						<String ID="P12_ST00246" HPOS="467" VPOS="1637" WIDTH="93" HEIGHT="37" CONTENT="rien" WC="0.99" CC="0006"/>
						<SP ID="P12_SP00228" HPOS="560" VPOS="1683" WIDTH="21"/>
						<String ID="P12_ST00247" HPOS="581" VPOS="1635" WIDTH="54" HEIGHT="39" CONTENT="de" WC="0.83" CC="20"/>
						<SP ID="P12_SP00229" HPOS="635" VPOS="1683" WIDTH="23"/>
						<String ID="P12_ST00248" HPOS="658" VPOS="1636" WIDTH="148" HEIGHT="38" CONTENT="moins" WC="1.00" CC="00100"/>
						<SP ID="P12_SP00230" HPOS="806" VPOS="1683" WIDTH="19"/>
						<String ID="P12_ST00249" HPOS="825" VPOS="1634" WIDTH="256" HEIGHT="52" CONTENT="compliqué" WC="0.99" CC="000144046"/>
						<SP ID="P12_SP00231" HPOS="1081" VPOS="1686" WIDTH="24"/>
						<String ID="P12_ST00250" HPOS="1105" VPOS="1646" WIDTH="86" HEIGHT="38" CONTENT="que" WC="0.97" CC="160"/>
						<SP ID="P12_SP00232" HPOS="1191" VPOS="1686" WIDTH="22"/>
						<String ID="P12_ST00251" HPOS="1213" VPOS="1646" WIDTH="47" HEIGHT="27" CONTENT="ce" WC="0.92" CC="01"/>
						<SP ID="P12_SP00233" HPOS="1260" VPOS="1686" WIDTH="34"/>
						<String ID="P12_ST00252" HPOS="1294" VPOS="1633" WIDTH="129" HEIGHT="52" CONTENT="sujet." WC="0.99" CC="100054"/>
						<SP ID="P12_SP00234" HPOS="1423" VPOS="1686" WIDTH="28"/>
						<String ID="P12_ST00253" HPOS="1451" VPOS="1630" WIDTH="49" HEIGHT="42" CONTENT="Si" WC="0.81" CC="03"/>
						<SP ID="P12_SP00235" HPOS="1500" VPOS="1686" WIDTH="28"/>
						<String ID="P12_ST00254" HPOS="1528" VPOS="1631" WIDTH="87" HEIGHT="41" CONTENT="l'on" WC="0.97" CC="5406"/>
						<SP ID="P12_SP00236" HPOS="1615" VPOS="1686" WIDTH="26"/>
						<String ID="P12_ST00255" HPOS="1641" VPOS="1645" WIDTH="52" HEIGHT="27" CONTENT="en" WC="0.70" CC="05"/>
						<SP ID="P12_SP00237" HPOS="1693" VPOS="1686" WIDTH="26"/>
						<String ID="P12_ST00256" HPOS="1719" VPOS="1638" WIDTH="181" HEIGHT="45" CONTENT="excepte" WC="1.00" CC="0000050"/>
						<SP ID="P12_SP00238" HPOS="1900" VPOS="1686" WIDTH="23"/>
						<String ID="P12_ST00257" HPOS="1923" VPOS="1630" WIDTH="40" HEIGHT="40" CONTENT="le" WC="0.73" CC="50"/>
						<SP ID="P12_SP00239" HPOS="1963" VPOS="1686" WIDTH="14"/>
						<String ID="P12_ST00258" HPOS="1977" VPOS="1629" WIDTH="140" HEIGHT="53" CONTENT="symbo" SUBS_TYPE="HypPart1" SUBS_CONTENT="symbolisme," WC="0.99" CC="25003"/>
						<HYP HPOS="2117" VPOS="1629" WIDTH="28" CONTENT="-"/>
					</TextLine>
					<TextLine ID="P12_TL00020" HPOS="136" VPOS="1699" WIDTH="2011" HEIGHT="57">
						<String ID="P12_ST00259" HPOS="136" VPOS="1706" WIDTH="146" HEIGHT="49" CONTENT="lisme," SUBS_TYPE="HypPart2" SUBS_CONTENT="symbolisme," WC="0.99" CC="120007"/>
						<SP ID="P12_SP00240" HPOS="282" VPOS="1755" WIDTH="28"/>
						<String ID="P12_ST00260" HPOS="310" VPOS="1706" WIDTH="92" HEIGHT="50" CONTENT="qui," WC="0.98" CC="0510"/>
						<SP ID="P12_SP00241" HPOS="402" VPOS="1756" WIDTH="26"/>
						<String ID="P12_ST00261" HPOS="428" VPOS="1703" WIDTH="247" HEIGHT="48" CONTENT="d'ailleurs," WC="0.99" CC="04046500003"/>
						<SP ID="P12_SP00242" HPOS="675" VPOS="1756" WIDTH="26"/>
						<String ID="P12_ST00262" HPOS="701" VPOS="1717" WIDTH="26" HEIGHT="38" CONTENT="y" WC="0.33" CC="6"/>
						<SP ID="P12_SP00243" HPOS="727" VPOS="1756" WIDTH="23"/>
						<String ID="P12_ST00263" HPOS="750" VPOS="1703" WIDTH="100" HEIGHT="51" CONTENT="joue" WC="1.00" CC="0000"/>
						<SP ID="P12_SP00244" HPOS="850" VPOS="1756" WIDTH="23"/>
						<String ID="P12_ST00264" HPOS="873" VPOS="1717" WIDTH="60" HEIGHT="26" CONTENT="un" WC="0.78" CC="04"/>
						<SP ID="P12_SP00245" HPOS="933" VPOS="1756" WIDTH="22"/>
						<String ID="P12_ST00265" HPOS="955" VPOS="1702" WIDTH="92" HEIGHT="41" CONTENT="rôle" WC="0.99" CC="0300"/>
						<SP ID="P12_SP00246" HPOS="1047" VPOS="1756" WIDTH="23"/>
						<String ID="P12_ST00266" HPOS="1070" VPOS="1701" WIDTH="86" HEIGHT="41" CONTENT="fort" WC="0.97" CC="5006"/>
						<SP ID="P12_SP00247" HPOS="1156" VPOS="1756" WIDTH="32"/>
						<String ID="P12_ST00267" HPOS="1188" VPOS="1703" WIDTH="222" HEIGHT="47" CONTENT="restreint," WC="0.99" CC="0006001074"/>
						<SP ID="P12_SP00248" HPOS="1410" VPOS="1756" WIDTH="26"/>
						<String ID="P12_ST00268" HPOS="1436" VPOS="1703" WIDTH="127" HEIGHT="50" CONTENT="point" WC="1.00" CC="01300"/>
						<SP ID="P12_SP00249" HPOS="1563" VPOS="1756" WIDTH="22"/>
						<String ID="P12_ST00269" HPOS="1585" VPOS="1701" WIDTH="54" HEIGHT="39" CONTENT="de" WC="1.00" CC="00"/>
						<SP ID="P12_SP00250" HPOS="1639" VPOS="1756" WIDTH="25"/>
						<String ID="P12_ST00270" HPOS="1664" VPOS="1701" WIDTH="113" HEIGHT="52" CONTENT="sujet" WC="0.99" CC="05000"/>
						<SP ID="P12_SP00251" HPOS="1777" VPOS="1756" WIDTH="36"/>
						<String ID="P12_ST00271" HPOS="1813" VPOS="1699" WIDTH="101" HEIGHT="53" CONTENT="plus" WC="1.00" CC="0100"/>
						<SP ID="P12_SP00252" HPOS="1914" VPOS="1756" WIDTH="45"/>
						<String ID="P12_ST00272" HPOS="1959" VPOS="1699" WIDTH="188" HEIGHT="42" CONTENT="modeste" WC="1.00" CC="0000011"/>
					</TextLine>
					<TextLine ID="P12_TL00021" HPOS="134" VPOS="1772" WIDTH="760" HEIGHT="54">
						<String ID="P12_ST00273" HPOS="134" VPOS="1783" WIDTH="40" HEIGHT="32" CONTENT="et" WC="0.75" CC="04"/>
						<SP ID="P12_SP00253" HPOS="174" VPOS="1815" WIDTH="25"/>
						<String ID="P12_ST00274" HPOS="199" VPOS="1775" WIDTH="74" HEIGHT="51" CONTENT="qui" WC="0.99" CC="002"/>
						<SP ID="P12_SP00254" HPOS="273" VPOS="1826" WIDTH="27"/>
						<String ID="P12_ST00275" HPOS="300" VPOS="1775" WIDTH="56" HEIGHT="38" CONTENT="ait" WC="0.94" CC="427"/>
						<SP ID="P12_SP00255" HPOS="356" VPOS="1826" WIDTH="26"/>
						<String ID="P12_ST00276" HPOS="382" VPOS="1774" WIDTH="146" HEIGHT="39" CONTENT="moins" WC="0.99" CC="00360"/>
						<SP ID="P12_SP00256" HPOS="528" VPOS="1826" WIDTH="24"/>
						<String ID="P12_ST00277" HPOS="552" VPOS="1772" WIDTH="53" HEIGHT="40" CONTENT="de" WC="1.00" CC="00"/>
						<SP ID="P12_SP00257" HPOS="605" VPOS="1826" WIDTH="22"/>
						<String ID="P12_ST00278" HPOS="627" VPOS="1773" WIDTH="267" HEIGHT="51" CONTENT="prétention." WC="1.00" CC="00600050003"/>
					</TextLine>
					<TextLine ID="P12_TL00022" HPOS="191" VPOS="1837" WIDTH="1956" HEIGHT="57">
						<String ID="P12_ST00279" HPOS="191" VPOS="1841" WIDTH="58" HEIGHT="42" CONTENT="Sa" WC="0.76" CC="04"/>
						<SP ID="P12_SP00258" HPOS="249" VPOS="1883" WIDTH="27"/>
						<String ID="P12_ST00280" HPOS="276" VPOS="1842" WIDTH="166" HEIGHT="52" CONTENT="qualité" WC="0.99" CC="0290040"/>
						<SP ID="P12_SP00259" HPOS="442" VPOS="1894" WIDTH="18"/>
						<String ID="P12_ST00281" HPOS="460" VPOS="1841" WIDTH="283" HEIGHT="52" CONTENT="particulière" WC="1.00" CC="050030430700"/>
						<SP ID="P12_SP00260" HPOS="743" VPOS="1894" WIDTH="23"/>
						<String ID="P12_ST00282" HPOS="766" VPOS="1841" WIDTH="54" HEIGHT="38" CONTENT="de" WC="1.00" CC="00"/>
						<SP ID="P12_SP00261" HPOS="820" VPOS="1894" WIDTH="24"/>
						<String ID="P12_ST00283" HPOS="844" VPOS="1848" WIDTH="145" HEIGHT="39" CONTENT="conte," WC="1.00" CC="103000"/>
						<SP ID="P12_SP00262" HPOS="989" VPOS="1894" WIDTH="24"/>
						<String ID="P12_ST00284" HPOS="1013" VPOS="1840" WIDTH="109" HEIGHT="41" CONTENT="dont" WC="1.00" CC="0000"/>
						<SP ID="P12_SP00263" HPOS="1122" VPOS="1894" WIDTH="17"/>
						<String ID="P12_ST00285" HPOS="1139" VPOS="1840" WIDTH="64" HEIGHT="41" CONTENT="les" WC="0.99" CC="300"/>
						<SP ID="P12_SP00264" HPOS="1203" VPOS="1894" WIDTH="25"/>
						<String ID="P12_ST00286" HPOS="1228" VPOS="1842" WIDTH="202" HEIGHT="49" CONTENT="origines" WC="0.99" CC="00275000"/>
						<SP ID="P12_SP00265" HPOS="1430" VPOS="1894" WIDTH="26"/>
						<String ID="P12_ST00287" HPOS="1456" VPOS="1853" WIDTH="46" HEIGHT="26" CONTENT="se" WC="1.00" CC="00"/>
						<SP ID="P12_SP00266" HPOS="1502" VPOS="1894" WIDTH="26"/>
						<String ID="P12_ST00288" HPOS="1528" VPOS="1839" WIDTH="186" HEIGHT="52" CONTENT="perdent" WC="1.00" CC="0000006"/>
						<SP ID="P12_SP00267" HPOS="1714" VPOS="1894" WIDTH="43"/>
						<String ID="P12_ST00289" HPOS="1757" VPOS="1838" WIDTH="114" HEIGHT="40" CONTENT="dans" WC="1.00" CC="0000"/>
						<SP ID="P12_SP00268" HPOS="1871" VPOS="1894" WIDTH="40"/>
						<String ID="P12_ST00290" HPOS="1911" VPOS="1837" WIDTH="40" HEIGHT="40" CONTENT="le" WC="0.81" CC="03"/>
						<SP ID="P12_SP00269" HPOS="1951" VPOS="1894" WIDTH="44"/>
						<String ID="P12_ST00291" HPOS="1995" VPOS="1838" WIDTH="152" HEIGHT="40" CONTENT="monde" WC="0.98" CC="03702"/>
					</TextLine>
					<TextLine ID="P12_TL00023" HPOS="134" VPOS="1907" WIDTH="2010" HEIGHT="54">
						<String ID="P12_ST00292" HPOS="134" VPOS="1911" WIDTH="475" HEIGHT="41" CONTENT="extraordinairement" WC="0.92" CC="006000002002000002"/>
						<SP ID="P12_SP00270" HPOS="609" VPOS="1952" WIDTH="23"/>
						<String ID="P12_ST00293" HPOS="632" VPOS="1909" WIDTH="118" HEIGHT="40" CONTENT="riche" WC="0.99" CC="00150"/>
						<SP ID="P12_SP00271" HPOS="750" VPOS="1952" WIDTH="47"/>
						<String ID="P12_ST00294" HPOS="797" VPOS="1918" WIDTH="41" HEIGHT="31" CONTENT="et" WC="0.79" CC="04"/>
						<SP ID="P12_SP00272" HPOS="838" VPOS="1952" WIDTH="43"/>
						<String ID="P12_ST00295" HPOS="881" VPOS="1908" WIDTH="276" HEIGHT="53" CONTENT="fantastique" WC="1.00" CC="00005051060"/>
						<SP ID="P12_SP00273" HPOS="1157" VPOS="1961" WIDTH="39"/>
						<String ID="P12_ST00296" HPOS="1196" VPOS="1910" WIDTH="79" HEIGHT="39" CONTENT="des" WC="1.00" CC="000"/>
						<SP ID="P12_SP00274" HPOS="1275" VPOS="1961" WIDTH="37"/>
						<String ID="P12_ST00297" HPOS="1312" VPOS="1909" WIDTH="214" HEIGHT="50" CONTENT="légendes" WC="0.99" CC="00905000"/>
						<SP ID="P12_SP00275" HPOS="1526" VPOS="1961" WIDTH="42"/>
						<String ID="P12_ST00298" HPOS="1568" VPOS="1909" WIDTH="54" HEIGHT="39" CONTENT="de" WC="1.00" CC="00"/>
						<SP ID="P12_SP00276" HPOS="1622" VPOS="1961" WIDTH="41"/>
						<String ID="P12_ST00299" HPOS="1663" VPOS="1907" WIDTH="201" HEIGHT="53" CONTENT="l'épopée" WC="1.00" CC="04000050"/>
						<SP ID="P12_SP00277" HPOS="1864" VPOS="1961" WIDTH="42"/>
						<String ID="P12_ST00300" HPOS="1906" VPOS="1907" WIDTH="238" HEIGHT="52" CONTENT="populaire," WC="0.99" CC="0003324603"/>
					</TextLine>
					<TextLine ID="P12_TL00024" HPOS="135" VPOS="1975" WIDTH="2010" HEIGHT="57">
						<String ID="P12_ST00301" HPOS="135" VPOS="1978" WIDTH="206" HEIGHT="54" CONTENT="s'oppose" WC="1.00" CC="04000200"/>
						<SP ID="P12_SP00278" HPOS="341" VPOS="2032" WIDTH="20"/>
						<String ID="P12_ST00302" HPOS="361" VPOS="1983" WIDTH="20" HEIGHT="35" CONTENT="à" WC="0.90" CC="0"/>
						<SP ID="P12_SP00279" HPOS="381" VPOS="2032" WIDTH="24"/>
						<String ID="P12_ST00303" HPOS="405" VPOS="1987" WIDTH="95" HEIGHT="32" CONTENT="tout" WC="0.98" CC="5001"/>
						<SP ID="P12_SP00280" HPOS="500" VPOS="2032" WIDTH="34"/>
						<String ID="P12_ST00304" HPOS="534" VPOS="1978" WIDTH="150" HEIGHT="40" CONTENT="conflit" WC="0.99" CC="0076600"/>
						<SP ID="P12_SP00281" HPOS="684" VPOS="2032" WIDTH="24"/>
						<String ID="P12_ST00305" HPOS="708" VPOS="1980" WIDTH="172" HEIGHT="45" CONTENT="intime," WC="0.99" CC="3032002"/>
						<SP ID="P12_SP00282" HPOS="880" VPOS="2032" WIDTH="28"/>
						<String ID="P12_ST00306" HPOS="908" VPOS="1982" WIDTH="22" HEIGHT="35" CONTENT="à" WC="0.46" CC="5"/>
						<SP ID="P12_SP00283" HPOS="930" VPOS="2032" WIDTH="27"/>
						<String ID="P12_ST00307" HPOS="957" VPOS="1986" WIDTH="120" HEIGHT="32" CONTENT="toute" WC="0.99" CC="00350"/>
						<SP ID="P12_SP00284" HPOS="1077" VPOS="2032" WIDTH="23"/>
						<String ID="P12_ST00308" HPOS="1100" VPOS="1979" WIDTH="185" HEIGHT="52" CONTENT="analyse" WC="0.99" CC="8604000"/>
						<SP ID="P12_SP00285" HPOS="1285" VPOS="2032" WIDTH="24"/>
						<String ID="P12_ST00309" HPOS="1309" VPOS="1979" WIDTH="53" HEIGHT="39" CONTENT="de" WC="1.00" CC="00"/>
						<SP ID="P12_SP00286" HPOS="1362" VPOS="2032" WIDTH="34"/>
						<String ID="P12_ST00310" HPOS="1396" VPOS="1979" WIDTH="260" HEIGHT="39" CONTENT="sentiment." WC="1.00" CC="0000000004"/>
						<SP ID="P12_SP00287" HPOS="1656" VPOS="2032" WIDTH="42"/>
						<String ID="P12_ST00311" HPOS="1698" VPOS="1975" WIDTH="82" HEIGHT="48" CONTENT="Là," WC="0.98" CC="310"/>
						<SP ID="P12_SP00288" HPOS="1780" VPOS="2032" WIDTH="33"/>
						<String ID="P12_ST00312" HPOS="1813" VPOS="1978" WIDTH="124" HEIGHT="51" CONTENT="point" WC="0.99" CC="00400"/>
						<SP ID="P12_SP00289" HPOS="1937" VPOS="2032" WIDTH="43"/>
						<String ID="P12_ST00313" HPOS="1980" VPOS="1976" WIDTH="52" HEIGHT="41" CONTENT="de" WC="1.00" CC="00"/>
						<SP ID="P12_SP00290" HPOS="2032" VPOS="2032" WIDTH="21"/>
						<String ID="P12_ST00314" HPOS="2053" VPOS="1990" WIDTH="69" HEIGHT="39" CONTENT="pro" SUBS_TYPE="HypPart1" SUBS_CONTENT="problèmes" WC="0.98" CC="060"/>
						<HYP HPOS="2122" VPOS="1990" WIDTH="23" CONTENT="-"/>
					</TextLine>
					<TextLine ID="P12_TL00025" HPOS="136" VPOS="2044" WIDTH="2011" HEIGHT="56">
						<String ID="P12_ST00315" HPOS="136" VPOS="2049" WIDTH="171" HEIGHT="40" CONTENT="blèmes" SUBS_TYPE="HypPart2" SUBS_CONTENT="problèmes" WC="0.99" CC="007600"/>
						<SP ID="P12_SP00291" HPOS="307" VPOS="2089" WIDTH="18"/>
						<String ID="P12_ST00316" HPOS="325" VPOS="2048" WIDTH="52" HEIGHT="40" CONTENT="de" WC="1.00" CC="00"/>
						<SP ID="P12_SP00292" HPOS="377" VPOS="2089" WIDTH="33"/>
						<String ID="P12_ST00317" HPOS="410" VPOS="2047" WIDTH="309" HEIGHT="53" CONTENT="psychologie," WC="1.00" CC="010000400103"/>
						<SP ID="P12_SP00293" HPOS="719" VPOS="2100" WIDTH="27"/>
						<String ID="P12_ST00318" HPOS="746" VPOS="2048" WIDTH="126" HEIGHT="50" CONTENT="point" WC="0.99" CC="00304"/>
						<SP ID="P12_SP00294" HPOS="872" VPOS="2100" WIDTH="23"/>
						<String ID="P12_ST00319" HPOS="895" VPOS="2046" WIDTH="54" HEIGHT="40" CONTENT="de" WC="1.00" CC="00"/>
						<SP ID="P12_SP00295" HPOS="949" VPOS="2100" WIDTH="24"/>
						<String ID="P12_ST00320" HPOS="973" VPOS="2053" WIDTH="219" HEIGHT="46" CONTENT="systèmes" WC="1.00" CC="00050000"/>
						<SP ID="P12_SP00296" HPOS="1192" VPOS="2100" WIDTH="21"/>
						<String ID="P12_ST00321" HPOS="1213" VPOS="2049" WIDTH="44" HEIGHT="39" CONTENT="ni" WC="0.80" CC="03"/>
						<SP ID="P12_SP00297" HPOS="1257" VPOS="2100" WIDTH="24"/>
						<String ID="P12_ST00322" HPOS="1281" VPOS="2048" WIDTH="269" HEIGHT="49" CONTENT="d'énigmes." WC="1.00" CC="0360000004"/>
						<SP ID="P12_SP00298" HPOS="1550" VPOS="2100" WIDTH="32"/>
						<String ID="P12_ST00323" HPOS="1582" VPOS="2044" WIDTH="64" HEIGHT="42" CONTENT="La" WC="0.51" CC="27"/>
						<SP ID="P12_SP00299" HPOS="1646" VPOS="2100" WIDTH="26"/>
						<String ID="P12_ST00324" HPOS="1672" VPOS="2047" WIDTH="207" HEIGHT="51" CONTENT="peinture" WC="0.99" CC="00306500"/>
						<SP ID="P12_SP00300" HPOS="1879" VPOS="2100" WIDTH="24"/>
						<String ID="P12_ST00325" HPOS="1903" VPOS="2045" WIDTH="244" HEIGHT="40" CONTENT="elle-même" WC="0.99" CC="040040500"/>
					</TextLine>
					<TextLine ID="P12_TL00026" HPOS="135" VPOS="2113" WIDTH="2012" HEIGHT="55">
						<String ID="P12_ST00326" HPOS="135" VPOS="2126" WIDTH="65" HEIGHT="32" CONTENT="est" WC="0.98" CC="005"/>
						<SP ID="P12_SP00301" HPOS="200" VPOS="2158" WIDTH="23"/>
						<String ID="P12_ST00327" HPOS="223" VPOS="2116" WIDTH="105" HEIGHT="49" CONTENT="fine," WC="0.98" CC="33504"/>
						<SP ID="P12_SP00302" HPOS="328" VPOS="2165" WIDTH="32"/>
						<String ID="P12_ST00328" HPOS="360" VPOS="2116" WIDTH="223" HEIGHT="46" CONTENT="brillante," WC="1.00" CC="0001050203"/>
						<SP ID="P12_SP00303" HPOS="583" VPOS="2165" WIDTH="47"/>
						<String ID="P12_ST00329" HPOS="630" VPOS="2116" WIDTH="150" HEIGHT="52" CONTENT="pleine" WC="1.00" CC="000000"/>
						<SP ID="P12_SP00304" HPOS="780" VPOS="2168" WIDTH="42"/>
						<String ID="P12_ST00330" HPOS="822" VPOS="2116" WIDTH="53" HEIGHT="39" CONTENT="de" WC="1.00" CC="00"/>
						<SP ID="P12_SP00305" HPOS="875" VPOS="2168" WIDTH="30"/>
						<String ID="P12_ST00331" HPOS="905" VPOS="2115" WIDTH="181" HEIGHT="41" CONTENT="charme" WC="1.00" CC="003000"/>
						<SP ID="P12_SP00306" HPOS="1086" VPOS="2168" WIDTH="35"/>
						<String ID="P12_ST00332" HPOS="1121" VPOS="2124" WIDTH="42" HEIGHT="32" CONTENT="et" WC="0.70" CC="05"/>
						<SP ID="P12_SP00307" HPOS="1163" VPOS="2168" WIDTH="33"/>
						<String ID="P12_ST00333" HPOS="1196" VPOS="2116" WIDTH="261" HEIGHT="46" CONTENT="d'émotion," WC="0.99" CC="0400063304"/>
						<SP ID="P12_SP00308" HPOS="1457" VPOS="2168" WIDTH="38"/>
						<String ID="P12_ST00334" HPOS="1495" VPOS="2116" WIDTH="301" HEIGHT="52" CONTENT="voluptueuse" WC="0.99" CC="10350430570"/>
						<SP ID="P12_SP00309" HPOS="1796" VPOS="2168" WIDTH="38"/>
						<String ID="P12_ST00335" HPOS="1834" VPOS="2113" WIDTH="186" HEIGHT="54" CONTENT="parfois," WC="1.00" CC="05000003"/>
						<SP ID="P12_SP00310" HPOS="2020" VPOS="2168" WIDTH="25"/>
						<String ID="P12_ST00336" HPOS="2045" VPOS="2116" WIDTH="102" HEIGHT="38" CONTENT="mais" WC="0.98" CC="0623"/>
					</TextLine>
					<TextLine ID="P12_TL00027" HPOS="136" VPOS="2183" WIDTH="2006" HEIGHT="54">
						<String ID="P12_ST00337" HPOS="136" VPOS="2199" WIDTH="105" HEIGHT="28" CONTENT="sans" WC="0.98" CC="1050"/>
						<SP ID="P12_SP00311" HPOS="241" VPOS="2227" WIDTH="17"/>
						<String ID="P12_ST00338" HPOS="258" VPOS="2185" WIDTH="197" HEIGHT="49" CONTENT="fermeté," WC="1.00" CC="00000004"/>
						<SP ID="P12_SP00312" HPOS="455" VPOS="2234" WIDTH="29"/>
						<String ID="P12_ST00339" HPOS="484" VPOS="2197" WIDTH="104" HEIGHT="28" CONTENT="sans" WC="1.00" CC="0000"/>
						<SP ID="P12_SP00313" HPOS="588" VPOS="2234" WIDTH="25"/>
						<String ID="P12_ST00340" HPOS="613" VPOS="2186" WIDTH="237" HEIGHT="51" CONTENT="précision," WC="1.00" CC="0000402004"/>
						<SP ID="P12_SP00314" HPOS="850" VPOS="2237" WIDTH="24"/>
						<String ID="P12_ST00341" HPOS="874" VPOS="2197" WIDTH="105" HEIGHT="27" CONTENT="sans" WC="1.00" CC="0000"/>
						<SP ID="P12_SP00315" HPOS="979" VPOS="2237" WIDTH="22"/>
						<String ID="P12_ST00342" HPOS="1001" VPOS="2184" WIDTH="198" HEIGHT="53" CONTENT="logique." WC="0.99" CC="40000303"/>
						<SP ID="P12_SP00316" HPOS="1199" VPOS="2237" WIDTH="24"/>
						<String ID="P12_ST00343" HPOS="1223" VPOS="2184" WIDTH="109" HEIGHT="41" CONTENT="Cela" WC="0.99" CC="0006"/>
						<SP ID="P12_SP00317" HPOS="1332" VPOS="2237" WIDTH="22"/>
						<String ID="P12_ST00344" HPOS="1354" VPOS="2193" WIDTH="66" HEIGHT="32" CONTENT="est" WC="0.99" CC="002"/>
						<SP ID="P12_SP00318" HPOS="1420" VPOS="2237" WIDTH="15"/>
						<String ID="P12_ST00345" HPOS="1435" VPOS="2184" WIDTH="176" HEIGHT="53" CONTENT="simple," WC="1.00" CC="0000002"/>
						<SP ID="P12_SP00319" HPOS="1611" VPOS="2237" WIDTH="23"/>
						<String ID="P12_ST00346" HPOS="1634" VPOS="2183" WIDTH="108" HEIGHT="49" CONTENT="naïf," WC="0.98" CC="30504"/>
						<SP ID="P12_SP00320" HPOS="1742" VPOS="2237" WIDTH="15"/>
						<String ID="P12_ST00347" HPOS="1757" VPOS="2183" WIDTH="91" HEIGHT="41" CONTENT="bon" WC="0.98" CC="004"/>
						<SP ID="P12_SP00321" HPOS="1848" VPOS="2237" WIDTH="15"/>
						<String ID="P12_ST00348" HPOS="1863" VPOS="2193" WIDTH="41" HEIGHT="31" CONTENT="et" WC="0.78" CC="04"/>
						<SP ID="P12_SP00322" HPOS="1904" VPOS="2237" WIDTH="21"/>
						<String ID="P12_ST00349" HPOS="1925" VPOS="2184" WIDTH="217" HEIGHT="40" CONTENT="touchant." WC="0.99" CC="004000703"/>
					</TextLine>
					<TextLine ID="P12_TL00028" HPOS="134" VPOS="2251" WIDTH="2012" HEIGHT="55">
						<String ID="P12_ST00350" HPOS="134" VPOS="2254" WIDTH="55" HEIGHT="41" CONTENT="Et" WC="0.69" CC="06"/>
						<SP ID="P12_SP00323" HPOS="189" VPOS="2295" WIDTH="24"/>
						<String ID="P12_ST00351" HPOS="213" VPOS="2262" WIDTH="174" HEIGHT="33" CONTENT="surtout" WC="0.99" CC="0500006"/>
						<SP ID="P12_SP00324" HPOS="387" VPOS="2295" WIDTH="24"/>
						<String ID="P12_ST00352" HPOS="411" VPOS="2254" WIDTH="89" HEIGHT="40" CONTENT="cela" WC="0.99" CC="0040"/>
						<SP ID="P12_SP00325" HPOS="500" VPOS="2295" WIDTH="38"/>
						<String ID="P12_ST00353" HPOS="538" VPOS="2262" WIDTH="66" HEIGHT="31" CONTENT="est" WC="0.98" CC="004"/>
						<SP ID="P12_SP00326" HPOS="604" VPOS="2295" WIDTH="20"/>
						<String ID="P12_ST00354" HPOS="624" VPOS="2251" WIDTH="345" HEIGHT="54" CONTENT="profondément" WC="1.00" CC="000004000063"/>
						<SP ID="P12_SP00327" HPOS="969" VPOS="2305" WIDTH="21"/>
						<String ID="P12_ST00355" HPOS="990" VPOS="2254" WIDTH="220" HEIGHT="48" CONTENT="national," WC="1.00" CC="000000840"/>
						<SP ID="P12_SP00328" HPOS="1210" VPOS="2305" WIDTH="20"/>
						<String ID="P12_ST00356" HPOS="1230" VPOS="2254" WIDTH="103" HEIGHT="52" CONTENT="plus" WC="0.99" CC="0060"/>
						<SP ID="P12_SP00329" HPOS="1333" VPOS="2306" WIDTH="23"/>
						<String ID="P12_ST00357" HPOS="1356" VPOS="2267" WIDTH="177" HEIGHT="35" CONTENT="encore," WC="1.00" CC="0400002"/>
						<SP ID="P12_SP00330" HPOS="1533" VPOS="2306" WIDTH="26"/>
						<String ID="P12_ST00358" HPOS="1559" VPOS="2253" WIDTH="93" HEIGHT="41" CONTENT="cela" WC="0.98" CC="0054"/>
						<SP ID="P12_SP00331" HPOS="1652" VPOS="2306" WIDTH="36"/>
						<String ID="P12_ST00359" HPOS="1688" VPOS="2262" WIDTH="66" HEIGHT="32" CONTENT="est" WC="0.98" CC="005"/>
						<SP ID="P12_SP00332" HPOS="1754" VPOS="2306" WIDTH="25"/>
						<String ID="P12_ST00360" HPOS="1779" VPOS="2253" WIDTH="367" HEIGHT="40" CONTENT="essentiellement" WC="1.00" CC="003002004300006"/>
					</TextLine>
					<TextLine ID="P12_TL00029" HPOS="134" VPOS="2320" WIDTH="2010" HEIGHT="56">
						<String ID="P12_ST00361" HPOS="134" VPOS="2323" WIDTH="248" HEIGHT="53" CONTENT="populaire." WC="1.00" CC="0005000004"/>
						<SP ID="P12_SP00333" HPOS="382" VPOS="2376" WIDTH="24"/>
						<String ID="P12_ST00362" HPOS="406" VPOS="2321" WIDTH="63" HEIGHT="41" CONTENT="La" WC="1.00" CC="00"/>
						<SP ID="P12_SP00334" HPOS="469" VPOS="2376" WIDTH="27"/>
						<String ID="P12_ST00363" HPOS="496" VPOS="2322" WIDTH="188" HEIGHT="50" CONTENT="légende" WC="1.00" CC="2000400"/>
						<SP ID="P12_SP00335" HPOS="684" VPOS="2376" WIDTH="24"/>
						<String ID="P12_ST00364" HPOS="708" VPOS="2322" WIDTH="53" HEIGHT="40" CONTENT="de" WC="1.00" CC="00"/>
						<SP ID="P12_SP00336" HPOS="761" VPOS="2376" WIDTH="24"/>
						<String ID="P12_ST00365" HPOS="785" VPOS="2320" WIDTH="397" HEIGHT="52" CONTENT="Sniégourotchka" WC="0.85" CC="00000052330005"/>
						<SP ID="P12_SP00337" HPOS="1182" VPOS="2376" WIDTH="24"/>
						<String ID="P12_ST00366" HPOS="1206" VPOS="2332" WIDTH="67" HEIGHT="31" CONTENT="est" WC="0.98" CC="006"/>
						<SP ID="P12_SP00338" HPOS="1273" VPOS="2376" WIDTH="20"/>
						<String ID="P12_ST00367" HPOS="1293" VPOS="2337" WIDTH="196" HEIGHT="38" CONTENT="presque" WC="1.00" CC="0000000"/>
						<SP ID="P12_SP00339" HPOS="1489" VPOS="2376" WIDTH="23"/>
						<String ID="P12_ST00368" HPOS="1512" VPOS="2338" WIDTH="61" HEIGHT="25" CONTENT="un" WC="0.68" CC="06"/>
						<SP ID="P12_SP00340" HPOS="1573" VPOS="2376" WIDTH="22"/>
						<String ID="P12_ST00369" HPOS="1595" VPOS="2331" WIDTH="119" HEIGHT="44" CONTENT="type," WC="0.99" CC="10003"/>
						<SP ID="P12_SP00341" HPOS="1714" VPOS="2376" WIDTH="28"/>
						<String ID="P12_ST00370" HPOS="1742" VPOS="2324" WIDTH="76" HEIGHT="51" CONTENT="qui" WC="0.98" CC="060"/>
						<SP ID="P12_SP00342" HPOS="1818" VPOS="2376" WIDTH="25"/>
						<String ID="P12_ST00371" HPOS="1843" VPOS="2324" WIDTH="147" HEIGHT="39" CONTENT="réunit" WC="0.98" CC="006526"/>
						<SP ID="P12_SP00343" HPOS="1990" VPOS="2376" WIDTH="20"/>
						<String ID="P12_ST00372" HPOS="2010" VPOS="2336" WIDTH="52" HEIGHT="27" CONTENT="en" WC="1.00" CC="00"/>
						<SP ID="P12_SP00344" HPOS="2062" VPOS="2376" WIDTH="31"/>
						<String ID="P12_ST00373" HPOS="2093" VPOS="2322" WIDTH="51" HEIGHT="41" CONTENT="lui" WC="0.96" CC="047"/>
					</TextLine>
					<TextLine ID="P12_TL00030" HPOS="136" VPOS="2390" WIDTH="2009" HEIGHT="55">
						<String ID="P12_ST00374" HPOS="136" VPOS="2401" WIDTH="145" HEIGHT="32" CONTENT="toutes" WC="0.99" CC="315300"/>
						<SP ID="P12_SP00345" HPOS="281" VPOS="2433" WIDTH="24"/>
						<String ID="P12_ST00375" HPOS="305" VPOS="2392" WIDTH="62" HEIGHT="39" CONTENT="les" WC="0.98" CC="400"/>
						<SP ID="P12_SP00346" HPOS="367" VPOS="2433" WIDTH="20"/>
						<String ID="P12_ST00376" HPOS="387" VPOS="2391" WIDTH="189" HEIGHT="52" CONTENT="qualités" WC="0.99" CC="00040600"/>
						<SP ID="P12_SP00347" HPOS="576" VPOS="2443" WIDTH="24"/>
						<String ID="P12_ST00377" HPOS="600" VPOS="2399" WIDTH="40" HEIGHT="32" CONTENT="et" WC="0.80" CC="04"/>
						<SP ID="P12_SP00348" HPOS="640" VPOS="2443" WIDTH="25"/>
						<String ID="P12_ST00378" HPOS="665" VPOS="2399" WIDTH="100" HEIGHT="32" CONTENT="tous" WC="0.99" CC="5000"/>
						<SP ID="P12_SP00349" HPOS="765" VPOS="2443" WIDTH="24"/>
						<String ID="P12_ST00379" HPOS="789" VPOS="2391" WIDTH="64" HEIGHT="40" CONTENT="les" WC="1.00" CC="000"/>
						<SP ID="P12_SP00350" HPOS="853" VPOS="2443" WIDTH="24"/>
						<String ID="P12_ST00380" HPOS="877" VPOS="2391" WIDTH="176" HEIGHT="41" CONTENT="défauts" WC="1.00" CC="0000020"/>
						<SP ID="P12_SP00351" HPOS="1053" VPOS="2443" WIDTH="21"/>
						<String ID="P12_ST00381" HPOS="1074" VPOS="2392" WIDTH="54" HEIGHT="40" CONTENT="de" WC="1.00" CC="00"/>
						<SP ID="P12_SP00352" HPOS="1128" VPOS="2443" WIDTH="33"/>
						<String ID="P12_ST00382" HPOS="1161" VPOS="2392" WIDTH="130" HEIGHT="40" CONTENT="l'âme" WC="1.00" CC="00000"/>
						<SP ID="P12_SP00353" HPOS="1291" VPOS="2443" WIDTH="39"/>
						<String ID="P12_ST00383" HPOS="1330" VPOS="2392" WIDTH="59" HEIGHT="40" CONTENT="du" WC="1.00" CC="00"/>
						<SP ID="P12_SP00354" HPOS="1389" VPOS="2443" WIDTH="41"/>
						<String ID="P12_ST00384" HPOS="1430" VPOS="2392" WIDTH="162" HEIGHT="53" CONTENT="peuple" WC="1.00" CC="000040"/>
						<SP ID="P12_SP00355" HPOS="1592" VPOS="2445" WIDTH="38"/>
						<String ID="P12_ST00385" HPOS="1630" VPOS="2393" WIDTH="76" HEIGHT="51" CONTENT="qui" WC="1.00" CC="000"/>
						<SP ID="P12_SP00356" HPOS="1706" VPOS="2445" WIDTH="36"/>
						<String ID="P12_ST00386" HPOS="1742" VPOS="2390" WIDTH="54" HEIGHT="42" CONTENT="Ta" WC="0.41" CC="83"/>
						<SP ID="P12_SP00357" HPOS="1796" VPOS="2445" WIDTH="37"/>
						<String ID="P12_ST00387" HPOS="1833" VPOS="2396" WIDTH="138" HEIGHT="36" CONTENT="créée." WC="1.00" CC="000004"/>
						<SP ID="P12_SP00358" HPOS="1971" VPOS="2445" WIDTH="45"/>
						<String ID="P12_ST00388" HPOS="2016" VPOS="2391" WIDTH="129" HEIGHT="40" CONTENT="Toute" WC="0.99" CC="30300"/>
					</TextLine>
					<TextLine ID="P12_TL00031" HPOS="137" VPOS="2460" WIDTH="2007" HEIGHT="53">
						<String ID="P12_ST00389" HPOS="137" VPOS="2460" WIDTH="244" HEIGHT="41" CONTENT="l'ancienne" WC="0.99" CC="0004530450"/>
						<SP ID="P12_SP00359" HPOS="381" VPOS="2501" WIDTH="22"/>
						<String ID="P12_ST00390" HPOS="403" VPOS="2460" WIDTH="163" HEIGHT="41" CONTENT="Russie" WC="0.99" CC="050020"/>
						<SP ID="P12_SP00360" HPOS="566" VPOS="2501" WIDTH="19"/>
						<String ID="P12_ST00391" HPOS="585" VPOS="2460" WIDTH="122" HEIGHT="40" CONTENT="slave" WC="0.98" CC="03502"/>
						<SP ID="P12_SP00361" HPOS="707" VPOS="2501" WIDTH="20"/>
						<String ID="P12_ST00392" HPOS="727" VPOS="2462" WIDTH="61" HEIGHT="38" CONTENT="vit" WC="0.98" CC="005"/>
						<SP ID="P12_SP00362" HPOS="788" VPOS="2501" WIDTH="16"/>
						<String ID="P12_ST00393" HPOS="804" VPOS="2473" WIDTH="56" HEIGHT="27" CONTENT="en" WC="0.78" CC="04"/>
						<SP ID="P12_SP00363" HPOS="860" VPOS="2501" WIDTH="23"/>
						<String ID="P12_ST00394" HPOS="883" VPOS="2460" WIDTH="99" HEIGHT="48" CONTENT="elle," WC="0.98" CC="15403"/>
						<SP ID="P12_SP00364" HPOS="982" VPOS="2508" WIDTH="24"/>
						<String ID="P12_ST00395" HPOS="1006" VPOS="2474" WIDTH="104" HEIGHT="26" CONTENT="avec" WC="0.99" CC="5000"/>
						<SP ID="P12_SP00365" HPOS="1110" VPOS="2508" WIDTH="30"/>
						<String ID="P12_ST00396" HPOS="1140" VPOS="2474" WIDTH="71" HEIGHT="27" CONTENT="ses" WC="1.00" CC="000"/>
						<SP ID="P12_SP00366" HPOS="1211" VPOS="2508" WIDTH="24"/>
						<String ID="P12_ST00397" HPOS="1235" VPOS="2463" WIDTH="277" HEIGHT="39" CONTENT="cérémonies" WC="1.00" CC="0056000100"/>
						<SP ID="P12_SP00367" HPOS="1512" VPOS="2508" WIDTH="15"/>
						<String ID="P12_ST00398" HPOS="1527" VPOS="2469" WIDTH="41" HEIGHT="32" CONTENT="et" WC="1.00" CC="00"/>
						<SP ID="P12_SP00368" HPOS="1568" VPOS="2508" WIDTH="19"/>
						<String ID="P12_ST00399" HPOS="1587" VPOS="2473" WIDTH="70" HEIGHT="28" CONTENT="ses" WC="0.98" CC="600"/>
						<SP ID="P12_SP00369" HPOS="1657" VPOS="2508" WIDTH="21"/>
						<String ID="P12_ST00400" HPOS="1678" VPOS="2461" WIDTH="229" HEIGHT="40" CONTENT="chansons" WC="0.99" CC="05600000"/>
						<SP ID="P12_SP00370" HPOS="1907" VPOS="2508" WIDTH="19"/>
						<String ID="P12_ST00401" HPOS="1926" VPOS="2464" WIDTH="218" HEIGHT="49" CONTENT="païennes," WC="0.99" CC="007004002"/>
					</TextLine>
					<TextLine ID="P12_TL00032" HPOS="138" VPOS="2528" WIDTH="2009" HEIGHT="54">
						<String ID="P12_ST00402" HPOS="138" VPOS="2543" WIDTH="80" HEIGHT="27" CONTENT="son" WC="1.00" CC="000"/>
						<SP ID="P12_SP00371" HPOS="218" VPOS="2570" WIDTH="22"/>
						<String ID="P12_ST00403" HPOS="240" VPOS="2530" WIDTH="282" HEIGHT="52" CONTENT="panthéisme" WC="1.00" CC="0800000000"/>
						<SP ID="P12_SP00372" HPOS="522" VPOS="2582" WIDTH="21"/>
						<String ID="P12_ST00404" HPOS="543" VPOS="2528" WIDTH="210" HEIGHT="50" CONTENT="aimable," WC="0.99" CC="11000604"/>
						<SP ID="P12_SP00373" HPOS="753" VPOS="2582" WIDTH="27"/>
						<String ID="P12_ST00405" HPOS="780" VPOS="2542" WIDTH="81" HEIGHT="26" CONTENT="son" WC="1.00" CC="000"/>
						<SP ID="P12_SP00374" HPOS="861" VPOS="2582" WIDTH="21"/>
						<String ID="P12_ST00406" HPOS="882" VPOS="2529" WIDTH="115" HEIGHT="40" CONTENT="culte" WC="0.98" CC="06050"/>
						<SP ID="P12_SP00375" HPOS="997" VPOS="2582" WIDTH="21"/>
						<String ID="P12_ST00407" HPOS="1018" VPOS="2530" WIDTH="158" HEIGHT="40" CONTENT="ardent" WC="0.99" CC="000064"/>
						<SP ID="P12_SP00376" HPOS="1176" VPOS="2582" WIDTH="30"/>
						<String ID="P12_ST00408" HPOS="1206" VPOS="2531" WIDTH="59" HEIGHT="39" CONTENT="du" WC="1.00" CC="00"/>
						<SP ID="P12_SP00377" HPOS="1265" VPOS="2582" WIDTH="27"/>
						<String ID="P12_ST00409" HPOS="1292" VPOS="2530" WIDTH="145" HEIGHT="47" CONTENT="soleil," WC="0.99" CC="0050003"/>
						<SP ID="P12_SP00378" HPOS="1437" VPOS="2582" WIDTH="28"/>
						<String ID="P12_ST00410" HPOS="1465" VPOS="2538" WIDTH="122" HEIGHT="32" CONTENT="toute" WC="0.99" CC="00060"/>
						<SP ID="P12_SP00379" HPOS="1587" VPOS="2582" WIDTH="25"/>
						<String ID="P12_ST00411" HPOS="1612" VPOS="2543" WIDTH="48" HEIGHT="27" CONTENT="sa" WC="0.90" CC="01"/>
						<SP ID="P12_SP00380" HPOS="1660" VPOS="2582" WIDTH="21"/>
						<String ID="P12_ST00412" HPOS="1681" VPOS="2539" WIDTH="175" HEIGHT="41" CONTENT="nature," WC="0.99" CC="5000003"/>
						<SP ID="P12_SP00381" HPOS="1856" VPOS="2582" WIDTH="27"/>
						<String ID="P12_ST00413" HPOS="1883" VPOS="2538" WIDTH="102" HEIGHT="33" CONTENT="tour" WC="0.99" CC="5000"/>
						<SP ID="P12_SP00382" HPOS="1985" VPOS="2582" WIDTH="20"/>
						<String ID="P12_ST00414" HPOS="2005" VPOS="2534" WIDTH="20" HEIGHT="36" CONTENT="à" WC="0.76" CC="2"/>
						<SP ID="P12_SP00383" HPOS="2025" VPOS="2582" WIDTH="33"/>
						<String ID="P12_ST00415" HPOS="2058" VPOS="2538" WIDTH="89" HEIGHT="32" CONTENT="tour" WC="0.98" CC="1107"/>
					</TextLine>
					<TextLine ID="P12_TL00033" HPOS="136" VPOS="2598" WIDTH="2006" HEIGHT="54">
						<String ID="P12_ST00416" HPOS="136" VPOS="2598" WIDTH="257" HEIGHT="51" CONTENT="grandiose," WC="0.99" CC="0438050003"/>
						<SP ID="P12_SP00384" HPOS="393" VPOS="2649" WIDTH="27"/>
						<String ID="P12_ST00417" HPOS="420" VPOS="2606" WIDTH="294" HEIGHT="44" CONTENT="oppressante" WC="1.00" CC="00000000050"/>
						<SP ID="P12_SP00385" HPOS="714" VPOS="2650" WIDTH="19"/>
						<String ID="P12_ST00418" HPOS="733" VPOS="2611" WIDTH="56" HEIGHT="27" CONTENT="ou" WC="0.69" CC="06"/>
						<SP ID="P12_SP00386" HPOS="789" VPOS="2650" WIDTH="21"/>
						<String ID="P12_ST00419" HPOS="810" VPOS="2598" WIDTH="344" HEIGHT="53" CONTENT="mélancolique," WC="1.00" CC="0042000340004"/>
						<SP ID="P12_SP00387" HPOS="1154" VPOS="2651" WIDTH="28"/>
						<String ID="P12_ST00420" HPOS="1182" VPOS="2598" WIDTH="203" HEIGHT="53" CONTENT="toujours" WC="1.00" CC="60000000"/>
						<SP ID="P12_SP00388" HPOS="1385" VPOS="2651" WIDTH="15"/>
						<String ID="P12_ST00421" HPOS="1400" VPOS="2599" WIDTH="362" HEIGHT="41" CONTENT="enchanteresse." WC="1.00" CC="02036360040003"/>
						<SP ID="P12_SP00389" HPOS="1762" VPOS="2651" WIDTH="27"/>
						<String ID="P12_ST00422" HPOS="1789" VPOS="2599" WIDTH="68" HEIGHT="40" CONTENT="En" WC="1.00" CC="00"/>
						<SP ID="P12_SP00390" HPOS="1857" VPOS="2651" WIDTH="28"/>
						<String ID="P12_ST00423" HPOS="1885" VPOS="2599" WIDTH="257" HEIGHT="53" CONTENT="particulier," WC="1.00" CC="000600030034"/>
					</TextLine>
					<TextLine ID="P12_TL00034" HPOS="136" VPOS="2665" WIDTH="2010" HEIGHT="56">
						<String ID="P12_ST00424" HPOS="136" VPOS="2666" WIDTH="216" HEIGHT="52" CONTENT="l'étrange" WC="1.00" CC="000400700"/>
						<SP ID="P12_SP00391" HPOS="352" VPOS="2718" WIDTH="22"/>
						<String ID="P12_ST00425" HPOS="374" VPOS="2675" WIDTH="41" HEIGHT="32" CONTENT="et" WC="0.72" CC="05"/>
						<SP ID="P12_SP00392" HPOS="415" VPOS="2718" WIDTH="23"/>
						<String ID="P12_ST00426" HPOS="438" VPOS="2667" WIDTH="140" HEIGHT="40" CONTENT="douce" WC="1.00" CC="00300"/>
						<SP ID="P12_SP00393" HPOS="578" VPOS="2718" WIDTH="38"/>
						<String ID="P12_ST00427" HPOS="616" VPOS="2665" WIDTH="146" HEIGHT="52" CONTENT="figure" WC="1.00" CC="220000"/>
						<SP ID="P12_SP00394" HPOS="762" VPOS="2718" WIDTH="35"/>
						<String ID="P12_ST00428" HPOS="797" VPOS="2667" WIDTH="53" HEIGHT="40" CONTENT="de" WC="1.00" CC="00"/>
						<SP ID="P12_SP00395" HPOS="850" VPOS="2718" WIDTH="45"/>
						<String ID="P12_ST00429" HPOS="895" VPOS="2665" WIDTH="394" HEIGHT="53" CONTENT="Sniégourotchka" WC="0.81" CC="06500100050501"/>
						<SP ID="P12_SP00396" HPOS="1289" VPOS="2718" WIDTH="39"/>
						<String ID="P12_ST00430" HPOS="1328" VPOS="2672" WIDTH="259" HEIGHT="49" CONTENT="représente" WC="1.00" CC="0000005450"/>
						<SP ID="P12_SP00397" HPOS="1587" VPOS="2721" WIDTH="31"/>
						<String ID="P12_ST00431" HPOS="1618" VPOS="2668" WIDTH="105" HEIGHT="41" CONTENT="bien" WC="0.99" CC="0300"/>
						<SP ID="P12_SP00398" HPOS="1723" VPOS="2721" WIDTH="45"/>
						<String ID="P12_ST00432" HPOS="1768" VPOS="2667" WIDTH="135" HEIGHT="42" CONTENT="l'âme" WC="1.00" CC="00000"/>
						<SP ID="P12_SP00399" HPOS="1903" VPOS="2721" WIDTH="52"/>
						<String ID="P12_ST00433" HPOS="1955" VPOS="2669" WIDTH="53" HEIGHT="40" CONTENT="de" WC="1.00" CC="00"/>
						<SP ID="P12_SP00400" HPOS="2008" VPOS="2721" WIDTH="41"/>
						<String ID="P12_ST00434" HPOS="2049" VPOS="2675" WIDTH="97" HEIGHT="33" CONTENT="cette" WC="0.99" CC="00540"/>
					</TextLine>
					<TextLine ID="P12_TL00035" HPOS="139" VPOS="2735" WIDTH="2005" HEIGHT="56">
						<String ID="P12_ST00435" HPOS="139" VPOS="2735" WIDTH="162" HEIGHT="42" CONTENT="Russie" WC="0.99" CC="350000"/>
						<SP ID="P12_SP00401" HPOS="301" VPOS="2777" WIDTH="21"/>
						<String ID="P12_ST00436" HPOS="322" VPOS="2744" WIDTH="120" HEIGHT="32" CONTENT="toute" WC="1.00" CC="00000"/>
						<SP ID="P12_SP00402" HPOS="442" VPOS="2777" WIDTH="23"/>
						<String ID="P12_ST00437" HPOS="465" VPOS="2736" WIDTH="53" HEIGHT="39" CONTENT="de" WC="1.00" CC="00"/>
						<SP ID="P12_SP00403" HPOS="518" VPOS="2777" WIDTH="30"/>
						<String ID="P12_ST00438" HPOS="548" VPOS="2735" WIDTH="254" HEIGHT="52" CONTENT="simplicité," WC="0.99" CC="02004004604"/>
						<SP ID="P12_SP00404" HPOS="802" VPOS="2787" WIDTH="23"/>
						<String ID="P12_ST00439" HPOS="825" VPOS="2736" WIDTH="54" HEIGHT="41" CONTENT="de" WC="1.00" CC="00"/>
						<SP ID="P12_SP00405" HPOS="879" VPOS="2787" WIDTH="23"/>
						<String ID="P12_ST00440" HPOS="902" VPOS="2740" WIDTH="129" HEIGHT="36" CONTENT="naïve" WC="1.00" CC="30000"/>
						<SP ID="P12_SP00406" HPOS="1031" VPOS="2787" WIDTH="24"/>
						<String ID="P12_ST00441" HPOS="1055" VPOS="2736" WIDTH="135" HEIGHT="41" CONTENT="bonté" WC="0.99" CC="07000"/>
						<SP ID="P12_SP00407" HPOS="1190" VPOS="2787" WIDTH="44"/>
						<String ID="P12_ST00442" HPOS="1234" VPOS="2746" WIDTH="41" HEIGHT="32" CONTENT="et" WC="0.75" CC="04"/>
						<SP ID="P12_SP00408" HPOS="1275" VPOS="2787" WIDTH="20"/>
						<String ID="P12_ST00443" HPOS="1295" VPOS="2738" WIDTH="54" HEIGHT="40" CONTENT="de" WC="0.92" CC="01"/>
						<SP ID="P12_SP00409" HPOS="1349" VPOS="2787" WIDTH="25"/>
						<String ID="P12_ST00444" HPOS="1374" VPOS="2739" WIDTH="283" HEIGHT="49" CONTENT="résignation" WC="1.00" CC="00000003400"/>
						<SP ID="P12_SP00410" HPOS="1657" VPOS="2788" WIDTH="24"/>
						<String ID="P12_ST00445" HPOS="1681" VPOS="2752" WIDTH="87" HEIGHT="39" CONTENT="que" WC="0.99" CC="030"/>
						<SP ID="P12_SP00411" HPOS="1768" VPOS="2791" WIDTH="23"/>
						<String ID="P12_ST00446" HPOS="1791" VPOS="2739" WIDTH="89" HEIGHT="40" CONTENT="l'on" WC="0.98" CC="4003"/>
						<SP ID="P12_SP00412" HPOS="1880" VPOS="2791" WIDTH="39"/>
						<String ID="P12_ST00447" HPOS="1919" VPOS="2740" WIDTH="170" HEIGHT="49" CONTENT="ignore," WC="0.99" CC="5000610"/>
						<SP ID="P12_SP00413" HPOS="2089" VPOS="2791" WIDTH="22"/>
						<String ID="P12_ST00448" HPOS="2111" VPOS="2743" WIDTH="33" HEIGHT="32" CONTENT="et" WC="0.72" CC="05"/>
					</TextLine>
					<TextLine ID="P12_TL00036" HPOS="138" VPOS="2805" WIDTH="2007" HEIGHT="55">
						<String ID="P12_ST00449" HPOS="138" VPOS="2806" WIDTH="75" HEIGHT="50" CONTENT="qui" WC="0.98" CC="023"/>
						<SP ID="P12_SP00414" HPOS="213" VPOS="2856" WIDTH="24"/>
						<String ID="P12_ST00450" HPOS="237" VPOS="2805" WIDTH="158" HEIGHT="40" CONTENT="chante" WC="0.99" CC="030500"/>
						<SP ID="P12_SP00415" HPOS="395" VPOS="2856" WIDTH="22"/>
						<String ID="P12_ST00451" HPOS="417" VPOS="2819" WIDTH="105" HEIGHT="26" CONTENT="avec" WC="1.00" CC="0000"/>
						<SP ID="P12_SP00416" HPOS="522" VPOS="2856" WIDTH="22"/>
						<String ID="P12_ST00452" HPOS="544" VPOS="2819" WIDTH="87" HEIGHT="26" CONTENT="une" WC="0.98" CC="600"/>
						<SP ID="P12_SP00417" HPOS="631" VPOS="2856" WIDTH="23"/>
						<String ID="P12_ST00453" HPOS="654" VPOS="2806" WIDTH="35" HEIGHT="39" CONTENT="si" WC="0.84" CC="03"/>
						<SP ID="P12_SP00418" HPOS="689" VPOS="2856" WIDTH="19"/>
						<String ID="P12_ST00454" HPOS="708" VPOS="2806" WIDTH="248" HEIGHT="51" CONTENT="poignante" WC="1.00" CC="033000060"/>
						<SP ID="P12_SP00419" HPOS="956" VPOS="2857" WIDTH="20"/>
						<String ID="P12_ST00455" HPOS="976" VPOS="2807" WIDTH="199" HEIGHT="39" CONTENT="tristesse" WC="1.00" CC="202060010"/>
						<SP ID="P12_SP00420" HPOS="1175" VPOS="2857" WIDTH="17"/>
						<String ID="P12_ST00456" HPOS="1192" VPOS="2806" WIDTH="114" HEIGHT="41" CONTENT="dans" WC="1.00" CC="0000"/>
						<SP ID="P12_SP00421" HPOS="1306" VPOS="2857" WIDTH="43"/>
						<String ID="P12_ST00457" HPOS="1349" VPOS="2820" WIDTH="47" HEIGHT="27" CONTENT="sa" WC="0.83" CC="03"/>
						<SP ID="P12_SP00422" HPOS="1396" VPOS="2857" WIDTH="45"/>
						<String ID="P12_ST00458" HPOS="1441" VPOS="2808" WIDTH="225" HEIGHT="52" CONTENT="musique." WC="0.99" CC="04000503"/>
						<SP ID="P12_SP00423" HPOS="1666" VPOS="2860" WIDTH="43"/>
						<String ID="P12_ST00459" HPOS="1709" VPOS="2806" WIDTH="193" HEIGHT="42" CONTENT="Comme" WC="1.00" CC="00000"/>
						<SP ID="P12_SP00424" HPOS="1902" VPOS="2860" WIDTH="39"/>
						<String ID="P12_ST00460" HPOS="1941" VPOS="2808" WIDTH="99" HEIGHT="49" CONTENT="elle," WC="0.98" CC="05404"/>
						<SP ID="P12_SP00425" HPOS="2040" VPOS="2860" WIDTH="34"/>
						<String ID="P12_ST00461" HPOS="2074" VPOS="2805" WIDTH="71" HEIGHT="41" CONTENT="elle" WC="0.99" CC="0300"/>
					</TextLine>
					<TextLine ID="P12_TL00037" HPOS="138" VPOS="2872" WIDTH="2007" HEIGHT="57">
						<String ID="P12_ST00462" HPOS="138" VPOS="2873" WIDTH="201" HEIGHT="48" CONTENT="cherche," WC="1.00" CC="00000004"/>
						<SP ID="P12_SP00426" HPOS="339" VPOS="2921" WIDTH="37"/>
						<String ID="P12_ST00463" HPOS="376" VPOS="2873" WIDTH="82" HEIGHT="39" CONTENT="elle" WC="0.99" CC="0400"/>
						<SP ID="P12_SP00427" HPOS="458" VPOS="2921" WIDTH="37"/>
						<String ID="P12_ST00464" HPOS="495" VPOS="2872" WIDTH="179" HEIGHT="47" CONTENT="souffre," WC="1.00" CC="00700004"/>
						<SP ID="P12_SP00428" HPOS="674" VPOS="2921" WIDTH="27"/>
						<String ID="P12_ST00465" HPOS="701" VPOS="2874" WIDTH="84" HEIGHT="40" CONTENT="elle" WC="0.99" CC="0400"/>
						<SP ID="P12_SP00429" HPOS="785" VPOS="2921" WIDTH="21"/>
						<String ID="P12_ST00466" HPOS="806" VPOS="2875" WIDTH="190" HEIGHT="51" CONTENT="supplie." WC="0.99" CC="00006504"/>
						<SP ID="P12_SP00430" HPOS="996" VPOS="2926" WIDTH="24"/>
						<String ID="P12_ST00467" HPOS="1020" VPOS="2874" WIDTH="97" HEIGHT="41" CONTENT="Elle" WC="0.99" CC="0130"/>
						<SP ID="P12_SP00431" HPOS="1117" VPOS="2926" WIDTH="18"/>
						<String ID="P12_ST00468" HPOS="1135" VPOS="2878" WIDTH="173" HEIGHT="48" CONTENT="ignore," WC="0.99" CC="3050000"/>
						<SP ID="P12_SP00432" HPOS="1308" VPOS="2926" WIDTH="40"/>
						<String ID="P12_ST00469" HPOS="1348" VPOS="2885" WIDTH="42" HEIGHT="32" CONTENT="et" WC="0.77" CC="04"/>
						<SP ID="P12_SP00433" HPOS="1390" VPOS="2926" WIDTH="23"/>
						<String ID="P12_ST00470" HPOS="1413" VPOS="2876" WIDTH="85" HEIGHT="41" CONTENT="elle" WC="0.99" CC="0420"/>
						<SP ID="P12_SP00434" HPOS="1498" VPOS="2926" WIDTH="23"/>
						<String ID="P12_ST00471" HPOS="1521" VPOS="2885" WIDTH="66" HEIGHT="32" CONTENT="est" WC="0.98" CC="004"/>
						<SP ID="P12_SP00435" HPOS="1587" VPOS="2926" WIDTH="30"/>
						<String ID="P12_ST00472" HPOS="1617" VPOS="2876" WIDTH="151" HEIGHT="53" CONTENT="pleine" WC="1.00" CC="050000"/>
						<SP ID="P12_SP00436" HPOS="1768" VPOS="2929" WIDTH="23"/>
						<String ID="P12_ST00473" HPOS="1791" VPOS="2876" WIDTH="161" HEIGHT="42" CONTENT="d'élan." WC="0.99" CC="0300503"/>
						<SP ID="P12_SP00437" HPOS="1952" VPOS="2929" WIDTH="26"/>
						<String ID="P12_ST00474" HPOS="1978" VPOS="2876" WIDTH="93" HEIGHT="41" CONTENT="Elle" WC="0.98" CC="0350"/>
						<SP ID="P12_SP00438" HPOS="2071" VPOS="2929" WIDTH="19"/>
						<String ID="P12_ST00475" HPOS="2090" VPOS="2881" WIDTH="55" HEIGHT="33" CONTENT="est" WC="0.98" CC="004"/>
					</TextLine>
					<TextLine ID="P12_TL00038" HPOS="140" VPOS="2942" WIDTH="2001" HEIGHT="56">
						<String ID="P12_ST00476" HPOS="140" VPOS="2944" WIDTH="243" HEIGHT="50" CONTENT="opprimée," WC="1.00" CC="000000002"/>
						<SP ID="P12_SP00439" HPOS="383" VPOS="2994" WIDTH="26"/>
						<String ID="P12_ST00477" HPOS="409" VPOS="2950" WIDTH="40" HEIGHT="31" CONTENT="et" WC="0.85" CC="02"/>
						<SP ID="P12_SP00440" HPOS="449" VPOS="2994" WIDTH="21"/>
						<String ID="P12_ST00478" HPOS="470" VPOS="2942" WIDTH="281" HEIGHT="40" CONTENT="d'indicibles" WC="1.00" CC="040004040000"/>
						<SP ID="P12_SP00441" HPOS="751" VPOS="2994" WIDTH="24"/>
						<String ID="P12_ST00479" HPOS="775" VPOS="2943" WIDTH="142" HEIGHT="40" CONTENT="désirs" WC="1.00" CC="000400"/>
						<SP ID="P12_SP00442" HPOS="917" VPOS="2994" WIDTH="22"/>
						<String ID="P12_ST00480" HPOS="939" VPOS="2944" WIDTH="40" HEIGHT="39" CONTENT="la" WC="1.00" CC="00"/>
						<SP ID="P12_SP00443" HPOS="979" VPOS="2994" WIDTH="22"/>
						<String ID="P12_ST00481" HPOS="1001" VPOS="2945" WIDTH="254" HEIGHT="40" CONTENT="soulèvent," WC="0.99" CC="0050700007"/>
						<SP ID="P12_SP00444" HPOS="1255" VPOS="2994" WIDTH="27"/>
						<String ID="P12_ST00482" HPOS="1282" VPOS="2943" WIDTH="100" HEIGHT="43" CONTENT="Elle" WC="0.99" CC="0130"/>
						<SP ID="P12_SP00445" HPOS="1382" VPOS="2994" WIDTH="36"/>
						<String ID="P12_ST00483" HPOS="1418" VPOS="2946" WIDTH="173" HEIGHT="52" CONTENT="pleure," WC="0.99" CC="0103004"/>
						<SP ID="P12_SP00446" HPOS="1591" VPOS="2998" WIDTH="24"/>
						<String ID="P12_ST00484" HPOS="1615" VPOS="2946" WIDTH="85" HEIGHT="40" CONTENT="elle" WC="0.99" CC="0330"/>
						<SP ID="P12_SP00447" HPOS="1700" VPOS="2998" WIDTH="42"/>
						<String ID="P12_ST00485" HPOS="1742" VPOS="2946" WIDTH="176" HEIGHT="49" CONTENT="chante," WC="0.99" CC="0400204"/>
						<SP ID="P12_SP00448" HPOS="1918" VPOS="2998" WIDTH="23"/>
						<String ID="P12_ST00486" HPOS="1941" VPOS="2946" WIDTH="84" HEIGHT="40" CONTENT="elle" WC="0.99" CC="0020"/>
						<SP ID="P12_SP00449" HPOS="2025" VPOS="2998" WIDTH="21"/>
						<String ID="P12_ST00487" HPOS="2046" VPOS="2944" WIDTH="84" HEIGHT="53" CONTENT="prie" WC="0.70" CC="0334"/>
						<String ID="P12_ST00488" HPOS="2138" VPOS="2942" WIDTH="3" HEIGHT="56" CONTENT=":" STYLE="subscript" WC="0.48" CC="5"/>
					</TextLine>
					<TextLine ID="P12_TL00039" HPOS="140" VPOS="3010" WIDTH="1173" HEIGHT="44">
						<String ID="P12_ST00489" HPOS="140" VPOS="3019" WIDTH="41" HEIGHT="31" CONTENT="et" WC="0.66" CC="06"/>
						<SP ID="P12_SP00450" HPOS="181" VPOS="3050" WIDTH="19"/>
						<String ID="P12_ST00490" HPOS="200" VPOS="3024" WIDTH="81" HEIGHT="27" CONTENT="son" WC="1.00" CC="000"/>
						<SP ID="P12_SP00451" HPOS="281" VPOS="3051" WIDTH="25"/>
						<String ID="P12_ST00491" HPOS="306" VPOS="3013" WIDTH="96" HEIGHT="37" CONTENT="âme" WC="1.00" CC="000"/>
						<SP ID="P12_SP00452" HPOS="402" VPOS="3051" WIDTH="23"/>
						<String ID="P12_ST00492" HPOS="425" VPOS="3020" WIDTH="66" HEIGHT="30" CONTENT="est" WC="0.98" CC="005"/>
						<SP ID="P12_SP00453" HPOS="491" VPOS="3051" WIDTH="20"/>
						<String ID="P12_ST00493" HPOS="511" VPOS="3010" WIDTH="192" HEIGHT="41" CONTENT="courbée" WC="1.00" CC="0000060"/>
						<SP ID="P12_SP00454" HPOS="703" VPOS="3051" WIDTH="21"/>
						<String ID="P12_ST00494" HPOS="724" VPOS="3025" WIDTH="105" HEIGHT="27" CONTENT="sous" WC="1.00" CC="0000"/>
						<SP ID="P12_SP00455" HPOS="829" VPOS="3052" WIDTH="27"/>
						<String ID="P12_ST00495" HPOS="856" VPOS="3013" WIDTH="39" HEIGHT="39" CONTENT="le" WC="1.00" CC="00"/>
						<SP ID="P12_SP00456" HPOS="895" VPOS="3052" WIDTH="17"/>
						<String ID="P12_ST00496" HPOS="912" VPOS="3013" WIDTH="135" HEIGHT="40" CONTENT="doute" WC="1.00" CC="00000"/>
						<SP ID="P12_SP00457" HPOS="1047" VPOS="3053" WIDTH="25"/>
						<String ID="P12_ST00497" HPOS="1072" VPOS="3014" WIDTH="241" HEIGHT="40" CONTENT="universel." WC="0.99" CC="6510030050"/>
					</TextLine>
					<TextLine ID="P12_TL00040" HPOS="196" VPOS="3078" WIDTH="1948" HEIGHT="59">
						<String ID="P12_ST00498" HPOS="196" VPOS="3078" WIDTH="387" HEIGHT="51" CONTENT="Sniégourotchka" WC="0.78" CC="00060058060102"/>
						<SP ID="P12_SP00458" HPOS="583" VPOS="3129" WIDTH="19"/>
						<String ID="P12_ST00499" HPOS="602" VPOS="3088" WIDTH="66" HEIGHT="32" CONTENT="est" WC="0.98" CC="005"/>
						<SP ID="P12_SP00459" HPOS="668" VPOS="3129" WIDTH="19"/>
						<String ID="P12_ST00500" HPOS="687" VPOS="3095" WIDTH="57" HEIGHT="26" CONTENT="un" WC="0.69" CC="06"/>
						<SP ID="P12_SP00460" HPOS="744" VPOS="3129" WIDTH="25"/>
						<String ID="P12_ST00501" HPOS="769" VPOS="3095" WIDTH="287" HEIGHT="38" CONTENT="personnage" WC="1.00" CC="0000000000"/>
						<SP ID="P12_SP00461" HPOS="1056" VPOS="3133" WIDTH="23"/>
						<String ID="P12_ST00502" HPOS="1079" VPOS="3083" WIDTH="54" HEIGHT="40" CONTENT="de" WC="1.00" CC="00"/>
						<SP ID="P12_SP00462" HPOS="1133" VPOS="3133" WIDTH="23"/>
						<String ID="P12_ST00503" HPOS="1156" VPOS="3092" WIDTH="144" HEIGHT="40" CONTENT="conte," WC="0.99" CC="000304"/>
						<SP ID="P12_SP00463" HPOS="1300" VPOS="3133" WIDTH="24"/>
						<String ID="P12_ST00504" HPOS="1324" VPOS="3083" WIDTH="110" HEIGHT="41" CONTENT="dont" WC="0.99" CC="0004"/>
						<SP ID="P12_SP00464" HPOS="1434" VPOS="3133" WIDTH="43"/>
						<String ID="P12_ST00505" HPOS="1477" VPOS="3084" WIDTH="40" HEIGHT="40" CONTENT="le" WC="0.75" CC="40"/>
						<SP ID="P12_SP00465" HPOS="1517" VPOS="3133" WIDTH="32"/>
						<String ID="P12_ST00506" HPOS="1549" VPOS="3097" WIDTH="131" HEIGHT="40" CONTENT="corps" WC="1.00" CC="02000"/>
						<SP ID="P12_SP00466" HPOS="1680" VPOS="3137" WIDTH="22"/>
						<String ID="P12_ST00507" HPOS="1702" VPOS="3093" WIDTH="66" HEIGHT="32" CONTENT="est" WC="0.97" CC="205"/>
						<SP ID="P12_SP00467" HPOS="1768" VPOS="3137" WIDTH="21"/>
						<String ID="P12_ST00508" HPOS="1789" VPOS="3085" WIDTH="55" HEIGHT="40" CONTENT="de" WC="1.00" CC="00"/>
						<SP ID="P12_SP00468" HPOS="1844" VPOS="3137" WIDTH="22"/>
						<String ID="P12_ST00509" HPOS="1866" VPOS="3088" WIDTH="146" HEIGHT="48" CONTENT="neige," WC="0.99" CC="002004"/>
						<SP ID="P12_SP00469" HPOS="2012" VPOS="3137" WIDTH="34"/>
						<String ID="P12_ST00510" HPOS="2046" VPOS="3081" WIDTH="98" HEIGHT="42" CONTENT="ainsi" WC="0.98" CC="02503"/>
					</TextLine>
					<TextLine ID="P12_TL00041" HPOS="140" VPOS="3147" WIDTH="2005" HEIGHT="54">
						<String ID="P12_ST00511" HPOS="140" VPOS="3161" WIDTH="85" HEIGHT="39" CONTENT="que" WC="0.98" CC="040"/>
						<SP ID="P12_SP00470" HPOS="225" VPOS="3200" WIDTH="22"/>
						<String ID="P12_ST00512" HPOS="247" VPOS="3147" WIDTH="118" HEIGHT="41" CONTENT="ledit" WC="0.99" CC="20005"/>
						<SP ID="P12_SP00471" HPOS="365" VPOS="3200" WIDTH="20"/>
						<String ID="P12_ST00513" HPOS="385" VPOS="3161" WIDTH="81" HEIGHT="26" CONTENT="son" WC="0.97" CC="007"/>
						<SP ID="P12_SP00472" HPOS="466" VPOS="3200" WIDTH="23"/>
						<String ID="P12_ST00514" HPOS="489" VPOS="3160" WIDTH="124" HEIGHT="34" CONTENT="nom," WC="0.99" CC="0004"/>
						<SP ID="P12_SP00473" HPOS="613" VPOS="3200" WIDTH="24"/>
						<String ID="P12_ST00515" HPOS="637" VPOS="3157" WIDTH="41" HEIGHT="31" CONTENT="et" WC="0.78" CC="04"/>
						<SP ID="P12_SP00474" HPOS="678" VPOS="3200" WIDTH="32"/>
						<String ID="P12_ST00516" HPOS="710" VPOS="3149" WIDTH="39" HEIGHT="40" CONTENT="le" WC="1.00" CC="00"/>
						<SP ID="P12_SP00475" HPOS="749" VPOS="3200" WIDTH="22"/>
						<String ID="P12_ST00517" HPOS="771" VPOS="3163" WIDTH="123" HEIGHT="27" CONTENT="coeur" WC="0.98" CC="07250"/>
						<SP ID="P12_SP00476" HPOS="894" VPOS="3200" WIDTH="22"/>
						<String ID="P12_ST00518" HPOS="916" VPOS="3151" WIDTH="53" HEIGHT="40" CONTENT="de" WC="1.00" CC="00"/>
						<SP ID="P12_SP00477" HPOS="969" VPOS="3200" WIDTH="23"/>
						<String ID="P12_ST00519" HPOS="992" VPOS="3151" WIDTH="146" HEIGHT="50" CONTENT="glace." WC="0.99" CC="020003"/>
						<SP ID="P12_SP00478" HPOS="1138" VPOS="3201" WIDTH="31"/>
						<String ID="P12_ST00520" HPOS="1169" VPOS="3151" WIDTH="99" HEIGHT="41" CONTENT="Elle" WC="0.99" CC="0300"/>
						<SP ID="P12_SP00479" HPOS="1268" VPOS="3201" WIDTH="23"/>
						<String ID="P12_ST00521" HPOS="1291" VPOS="3161" WIDTH="66" HEIGHT="32" CONTENT="est" WC="0.98" CC="005"/>
						<SP ID="P12_SP00480" HPOS="1357" VPOS="3201" WIDTH="26"/>
						<String ID="P12_ST00522" HPOS="1383" VPOS="3158" WIDTH="283" HEIGHT="36" CONTENT="tourmentée" WC="1.00" CC="1100004000"/>
						<SP ID="P12_SP00481" HPOS="1666" VPOS="3201" WIDTH="41"/>
						<String ID="P12_ST00523" HPOS="1707" VPOS="3154" WIDTH="57" HEIGHT="40" CONTENT="du" WC="1.00" CC="00"/>
						<SP ID="P12_SP00482" HPOS="1764" VPOS="3201" WIDTH="38"/>
						<String ID="P12_ST00524" HPOS="1802" VPOS="3154" WIDTH="120" HEIGHT="40" CONTENT="désir" WC="1.00" CC="00021"/>
						<SP ID="P12_SP00483" HPOS="1922" VPOS="3201" WIDTH="40"/>
						<String ID="P12_ST00525" HPOS="1962" VPOS="3152" WIDTH="183" HEIGHT="42" CONTENT="d'amour" WC="0.98" CC="0473067"/>
					</TextLine>
					<TextLine ID="P12_TL00042" HPOS="140" VPOS="3216" WIDTH="2005" HEIGHT="60">
						<String ID="P12_ST00526" HPOS="140" VPOS="3226" WIDTH="41" HEIGHT="32" CONTENT="et" WC="0.70" CC="05"/>
						<SP ID="P12_SP00484" HPOS="181" VPOS="3258" WIDTH="21"/>
						<String ID="P12_ST00527" HPOS="202" VPOS="3230" WIDTH="80" HEIGHT="27" CONTENT="son" WC="0.98" CC="006"/>
						<SP ID="P12_SP00485" HPOS="282" VPOS="3258" WIDTH="25"/>
						<String ID="P12_ST00528" HPOS="307" VPOS="3219" WIDTH="299" HEIGHT="50" CONTENT="impuissance" WC="1.00" CC="00061026020"/>
						<SP ID="P12_SP00486" HPOS="606" VPOS="3269" WIDTH="19"/>
						<String ID="P12_ST00529" HPOS="625" VPOS="3216" WIDTH="183" HEIGHT="43" CONTENT="d'aimer" WC="1.00" CC="0300000"/>
						<SP ID="P12_SP00487" HPOS="808" VPOS="3269" WIDTH="19"/>
						<String ID="P12_ST00530" HPOS="827" VPOS="3228" WIDTH="67" HEIGHT="32" CONTENT="est" WC="0.98" CC="005"/>
						<SP ID="P12_SP00488" HPOS="894" VPOS="3269" WIDTH="25"/>
						<String ID="P12_ST00531" HPOS="919" VPOS="3219" WIDTH="202" HEIGHT="42" CONTENT="absolue." WC="0.99" CC="00002603"/>
						<SP ID="P12_SP00489" HPOS="1121" VPOS="3269" WIDTH="27"/>
						<String ID="P12_ST00532" HPOS="1148" VPOS="3220" WIDTH="117" HEIGHT="42" CONTENT="Mais" WC="0.99" CC="0030"/>
						<SP ID="P12_SP00490" HPOS="1265" VPOS="3269" WIDTH="23"/>
						<String ID="P12_ST00533" HPOS="1288" VPOS="3222" WIDTH="85" HEIGHT="40" CONTENT="elle" WC="1.00" CC="0000"/>
						<SP ID="P12_SP00491" HPOS="1373" VPOS="3269" WIDTH="23"/>
						<String ID="P12_ST00534" HPOS="1396" VPOS="3220" WIDTH="101" HEIGHT="42" CONTENT="n'en" WC="0.95" CC="4495"/>
						<SP ID="P12_SP00492" HPOS="1497" VPOS="3269" WIDTH="19"/>
						<String ID="P12_ST00535" HPOS="1516" VPOS="3222" WIDTH="166" HEIGHT="42" CONTENT="souffre" WC="1.00" CC="0030000"/>
						<SP ID="P12_SP00493" HPOS="1682" VPOS="3269" WIDTH="37"/>
						<String ID="P12_ST00536" HPOS="1719" VPOS="3238" WIDTH="82" HEIGHT="38" CONTENT="pas" WC="1.00" CC="000"/>
						<SP ID="P12_SP00494" HPOS="1801" VPOS="3276" WIDTH="22"/>
						<String ID="P12_ST00537" HPOS="1823" VPOS="3238" WIDTH="55" HEIGHT="26" CONTENT="au" WC="0.81" CC="30"/>
						<SP ID="P12_SP00495" HPOS="1878" VPOS="3276" WIDTH="43"/>
						<String ID="P12_ST00538" HPOS="1921" VPOS="3224" WIDTH="100" HEIGHT="52" CONTENT="plus" WC="0.99" CC="0300"/>
						<SP ID="P12_SP00496" HPOS="2021" VPOS="3276" WIDTH="40"/>
						<String ID="P12_ST00539" HPOS="2061" VPOS="3232" WIDTH="63" HEIGHT="42" CONTENT="pro" SUBS_TYPE="HypPart1" SUBS_CONTENT="profond" WC="0.97" CC="052"/>
						<HYP HPOS="2124" VPOS="3232" WIDTH="21" CONTENT="-"/>
					</TextLine>
					<TextLine ID="P12_TL00043" HPOS="140" VPOS="3285" WIDTH="2005" HEIGHT="61">
						<String ID="P12_ST00540" HPOS="140" VPOS="3287" WIDTH="104" HEIGHT="40" CONTENT="fond" SUBS_TYPE="HypPart2" SUBS_CONTENT="profond" WC="0.99" CC="0050"/>
						<SP ID="P12_SP00497" HPOS="244" VPOS="3327" WIDTH="26"/>
						<String ID="P12_ST00541" HPOS="270" VPOS="3287" WIDTH="54" HEIGHT="39" CONTENT="de" WC="1.00" CC="00"/>
						<SP ID="P12_SP00498" HPOS="324" VPOS="3327" WIDTH="22"/>
						<String ID="P12_ST00542" HPOS="346" VPOS="3299" WIDTH="79" HEIGHT="27" CONTENT="son" WC="1.00" CC="000"/>
						<SP ID="P12_SP00499" HPOS="425" VPOS="3327" WIDTH="25"/>
						<String ID="P12_ST00543" HPOS="450" VPOS="3289" WIDTH="97" HEIGHT="37" CONTENT="âme" WC="1.00" CC="000"/>
						<SP ID="P12_SP00500" HPOS="547" VPOS="3327" WIDTH="18"/>
						<String ID="P12_ST00544" HPOS="565" VPOS="3300" WIDTH="9" HEIGHT="34" CONTENT=";" WC="0.37" CC="6"/>
						<SP ID="P12_SP00501" HPOS="574" VPOS="3334" WIDTH="26"/>
						<String ID="P12_ST00545" HPOS="600" VPOS="3287" WIDTH="83" HEIGHT="39" CONTENT="elle" WC="0.99" CC="0401"/>
						<SP ID="P12_SP00502" HPOS="683" VPOS="3334" WIDTH="20"/>
						<String ID="P12_ST00546" HPOS="703" VPOS="3285" WIDTH="98" HEIGHT="42" CONTENT="n'en" WC="0.99" CC="0300"/>
						<SP ID="P12_SP00503" HPOS="801" VPOS="3334" WIDTH="25"/>
						<String ID="P12_ST00547" HPOS="826" VPOS="3297" WIDTH="65" HEIGHT="31" CONTENT="est" WC="0.98" CC="006"/>
						<SP ID="P12_SP00504" HPOS="891" VPOS="3334" WIDTH="26"/>
						<String ID="P12_ST00548" HPOS="917" VPOS="3303" WIDTH="80" HEIGHT="37" CONTENT="pas" WC="0.98" CC="060"/>
						<SP ID="P12_SP00505" HPOS="997" VPOS="3340" WIDTH="25"/>
						<String ID="P12_ST00549" HPOS="1022" VPOS="3292" WIDTH="184" HEIGHT="39" CONTENT="atteinte" WC="0.99" CC="54100050"/>
						<SP ID="P12_SP00506" HPOS="1206" VPOS="3340" WIDTH="17"/>
						<String ID="P12_ST00550" HPOS="1223" VPOS="3291" WIDTH="113" HEIGHT="40" CONTENT="dans" WC="1.00" CC="0000"/>
						<SP ID="P12_SP00507" HPOS="1336" VPOS="3340" WIDTH="20"/>
						<String ID="P12_ST00551" HPOS="1356" VPOS="3300" WIDTH="113" HEIGHT="32" CONTENT="cette" WC="0.99" CC="00250"/>
						<SP ID="P12_SP00508" HPOS="1469" VPOS="3340" WIDTH="26"/>
						<String ID="P12_ST00552" HPOS="1495" VPOS="3292" WIDTH="254" HEIGHT="41" CONTENT="sensibilité" WC="1.00" CC="00001031050"/>
						<SP ID="P12_SP00509" HPOS="1749" VPOS="3340" WIDTH="22"/>
						<String ID="P12_ST00553" HPOS="1771" VPOS="3295" WIDTH="75" HEIGHT="51" CONTENT="qui" WC="0.98" CC="060"/>
						<SP ID="P12_SP00510" HPOS="1846" VPOS="3346" WIDTH="35"/>
						<String ID="P12_ST00554" HPOS="1881" VPOS="3293" WIDTH="61" HEIGHT="41" CONTENT="lui" WC="0.97" CC="403"/>
						<SP ID="P12_SP00511" HPOS="1942" VPOS="3346" WIDTH="25"/>
						<String ID="P12_ST00555" HPOS="1967" VPOS="3300" WIDTH="178" HEIGHT="42" CONTENT="manque" WC="0.98" CC="007357" STYLEREFS="TXT_0"/>
					</TextLine>
					<TextLine ID="P12_TL00044" HPOS="141" VPOS="3353" WIDTH="2003" HEIGHT="61">
						<String ID="P12_ST00556" HPOS="141" VPOS="3356" WIDTH="53" HEIGHT="39" CONTENT="de" WC="1.00" CC="00"/>
						<SP ID="P12_SP00512" HPOS="194" VPOS="3395" WIDTH="17"/>
						<String ID="P12_ST00557" HPOS="211" VPOS="3353" WIDTH="297" HEIGHT="41" CONTENT="l'amoureuse" WC="1.00" CC="04000700500"/>
						<SP ID="P12_SP00513" HPOS="508" VPOS="3395" WIDTH="18"/>
						<String ID="P12_ST00558" HPOS="526" VPOS="3357" WIDTH="75" HEIGHT="50" CONTENT="qui" WC="0.99" CC="001"/>
						<SP ID="P12_SP00514" HPOS="601" VPOS="3407" WIDTH="24"/>
						<String ID="P12_ST00559" HPOS="625" VPOS="3357" WIDTH="85" HEIGHT="38" CONTENT="sait" WC="0.99" CC="0023"/>
						<SP ID="P12_SP00515" HPOS="710" VPOS="3407" WIDTH="21"/>
						<String ID="P12_ST00560" HPOS="731" VPOS="3365" WIDTH="41" HEIGHT="31" CONTENT="et" WC="0.76" CC="04"/>
						<SP ID="P12_SP00516" HPOS="772" VPOS="3407" WIDTH="25"/>
						<String ID="P12_ST00561" HPOS="797" VPOS="3358" WIDTH="74" HEIGHT="50" CONTENT="qui" WC="0.99" CC="002"/>
						<SP ID="P12_SP00517" HPOS="871" VPOS="3408" WIDTH="25"/>
						<String ID="P12_ST00562" HPOS="896" VPOS="3359" WIDTH="171" HEIGHT="40" CONTENT="attend." WC="0.99" CC="3060501"/>
						<SP ID="P12_SP00518" HPOS="1067" VPOS="3408" WIDTH="25"/>
						<String ID="P12_ST00563" HPOS="1092" VPOS="3358" WIDTH="64" HEIGHT="41" CONTENT="Le" WC="0.66" CC="51"/>
						<SP ID="P12_SP00519" HPOS="1156" VPOS="3408" WIDTH="22"/>
						<String ID="P12_ST00564" HPOS="1178" VPOS="3360" WIDTH="152" HEIGHT="40" CONTENT="conflit" WC="0.98" CC="0305705"/>
						<SP ID="P12_SP00520" HPOS="1330" VPOS="3408" WIDTH="40"/>
						<String ID="P12_ST00565" HPOS="1370" VPOS="3362" WIDTH="159" HEIGHT="39" CONTENT="intime" WC="0.99" CC="407300"/>
						<SP ID="P12_SP00521" HPOS="1529" VPOS="3408" WIDTH="100"/>
						<String ID="P12_ST00566" HPOS="1629" VPOS="3363" WIDTH="36" HEIGHT="38" CONTENT="si" WC="0.98" CC="00"/>
						<SP ID="P12_SP00522" HPOS="1665" VPOS="3408" WIDTH="24"/>
						<String ID="P12_ST00567" HPOS="1689" VPOS="3362" WIDTH="151" HEIGHT="41" CONTENT="conflit" WC="0.99" CC="0004405"/>
						<SP ID="P12_SP00523" HPOS="1840" VPOS="3408" WIDTH="17"/>
						<String ID="P12_ST00568" HPOS="1857" VPOS="3362" WIDTH="29" HEIGHT="40" CONTENT="il" WC="1.00" CC="00"/>
						<SP ID="P12_SP00524" HPOS="1886" VPOS="3408" WIDTH="23"/>
						<String ID="P12_ST00569" HPOS="1909" VPOS="3377" WIDTH="28" HEIGHT="37" CONTENT="y" WC="1.00" CC="0"/>
						<SP ID="P12_SP00525" HPOS="1937" VPOS="3414" WIDTH="24"/>
						<String ID="P12_ST00570" HPOS="1961" VPOS="3377" WIDTH="22" HEIGHT="25" CONTENT="a" WC="0.37" CC="6"/>
						<SP ID="P12_SP00526" HPOS="1983" VPOS="3414" WIDTH="107"/>
						<String ID="P12_ST00571" HPOS="2090" VPOS="3365" WIDTH="54" HEIGHT="33" CONTENT="est" WC="0.97" CC="205"/>
					</TextLine>
					<TextLine ID="P12_TL00045" HPOS="138" VPOS="3423" WIDTH="2007" HEIGHT="60">
						<String ID="P12_ST00572" HPOS="138" VPOS="3437" WIDTH="54" HEIGHT="27" CONTENT="en" WC="1.00" CC="00"/>
						<SP ID="P12_SP00527" HPOS="192" VPOS="3464" WIDTH="25"/>
						<String ID="P12_ST00573" HPOS="217" VPOS="3424" WIDTH="193" HEIGHT="51" CONTENT="quelque" WC="0.99" CC="0600030"/>
						<SP ID="P12_SP00528" HPOS="410" VPOS="3475" WIDTH="24"/>
						<String ID="P12_ST00574" HPOS="434" VPOS="3432" WIDTH="117" HEIGHT="32" CONTENT="sorte" WC="0.99" CC="00040"/>
						<SP ID="P12_SP00529" HPOS="551" VPOS="3475" WIDTH="23"/>
						<String ID="P12_ST00575" HPOS="574" VPOS="3423" WIDTH="201" HEIGHT="53" CONTENT="artificiel" WC="0.99" CC="7440005310" STYLEREFS="TXT_3"/>
						<String ID="P12_ST00576" HPOS="781" VPOS="3457" WIDTH="8" HEIGHT="15" CONTENT="," WC="0.55" CC="4"/>
						<SP ID="P12_SP00530" HPOS="789" VPOS="3476" WIDTH="26"/>
						<String ID="P12_ST00577" HPOS="815" VPOS="3427" WIDTH="191" HEIGHT="51" CONTENT="puisque" WC="1.00" CC="0500000"/>
						<SP ID="P12_SP00531" HPOS="1006" VPOS="3478" WIDTH="25"/>
						<String ID="P12_ST00578" HPOS="1031" VPOS="3426" WIDTH="336" HEIGHT="55" CONTENT="l'impuissance" WC="1.00" CC="3440000026300"/>
						<SP ID="P12_SP00532" HPOS="1367" VPOS="3481" WIDTH="16"/>
						<String ID="P12_ST00579" HPOS="1383" VPOS="3429" WIDTH="188" HEIGHT="41" CONTENT="d'aimer" WC="0.99" CC="0424020"/>
						<SP ID="P12_SP00533" HPOS="1571" VPOS="3481" WIDTH="19"/>
						<String ID="P12_ST00580" HPOS="1590" VPOS="3431" WIDTH="54" HEIGHT="40" CONTENT="de" WC="1.00" CC="00"/>
						<SP ID="P12_SP00534" HPOS="1644" VPOS="3481" WIDTH="26"/>
						<String ID="P12_ST00581" HPOS="1670" VPOS="3431" WIDTH="40" HEIGHT="40" CONTENT="la" WC="0.29" CC="58"/>
						<SP ID="P12_SP00535" HPOS="1710" VPOS="3481" WIDTH="23"/>
						<String ID="P12_ST00582" HPOS="1733" VPOS="3432" WIDTH="131" HEIGHT="51" CONTENT="jeune" WC="0.99" CC="00500"/>
						<SP ID="P12_SP00536" HPOS="1864" VPOS="3483" WIDTH="18"/>
						<String ID="P12_ST00583" HPOS="1882" VPOS="3429" WIDTH="91" HEIGHT="43" CONTENT="fille" WC="0.98" CC="22041"/>
						<SP ID="P12_SP00537" HPOS="1973" VPOS="3483" WIDTH="26"/>
						<String ID="P12_ST00584" HPOS="1999" VPOS="3427" WIDTH="146" HEIGHT="43" CONTENT="résulte" WC="0.99" CC="0700065" STYLEREFS="TXT_0"/>
					</TextLine>
					<TextLine ID="P12_TL00046" HPOS="137" VPOS="3492" WIDTH="2005" HEIGHT="59">
						<String ID="P12_ST00585" HPOS="137" VPOS="3492" WIDTH="131" HEIGHT="40" CONTENT="d'une" WC="0.99" CC="02600"/>
						<SP ID="P12_SP00538" HPOS="268" VPOS="3532" WIDTH="23"/>
						<String ID="P12_ST00586" HPOS="291" VPOS="3506" WIDTH="148" HEIGHT="33" CONTENT="cause," WC="0.99" CC="005003"/>
						<SP ID="P12_SP00539" HPOS="439" VPOS="3539" WIDTH="26"/>
						<String ID="P12_ST00587" HPOS="465" VPOS="3494" WIDTH="35" HEIGHT="38" CONTENT="si" WC="0.68" CC="32"/>
						<SP ID="P12_SP00540" HPOS="500" VPOS="3539" WIDTH="24"/>
						<String ID="P12_ST00588" HPOS="524" VPOS="3492" WIDTH="88" HEIGHT="40" CONTENT="lon" WC="0.65" CC="307"/>
						<SP ID="P12_SP00541" HPOS="612" VPOS="3539" WIDTH="22"/>
						<String ID="P12_ST00589" HPOS="634" VPOS="3501" WIDTH="104" HEIGHT="43" CONTENT="peut" WC="0.99" CC="0004"/>
						<SP ID="P12_SP00542" HPOS="738" VPOS="3544" WIDTH="30"/>
						<String ID="P12_ST00590" HPOS="768" VPOS="3495" WIDTH="113" HEIGHT="39" CONTENT="ainsi" WC="0.99" CC="03002"/>
						<SP ID="P12_SP00543" HPOS="881" VPOS="3544" WIDTH="20"/>
						<String ID="P12_ST00591" HPOS="901" VPOS="3495" WIDTH="109" HEIGHT="44" CONTENT="dire," WC="1.00" CC="00003"/>
						<SP ID="P12_SP00544" HPOS="1010" VPOS="3544" WIDTH="28"/>
						<String ID="P12_ST00592" HPOS="1038" VPOS="3497" WIDTH="232" HEIGHT="40" CONTENT="matérielle" WC="0.99" CC="2906705002" STYLEREFS="TXT_3"/>
						<String ID="P12_ST00593" HPOS="1277" VPOS="3529" WIDTH="9" HEIGHT="15" CONTENT="," WC="1.00" CC="0"/>
						<SP ID="P12_SP00545" HPOS="1286" VPOS="3544" WIDTH="33"/>
						<String ID="P12_ST00594" HPOS="1319" VPOS="3500" WIDTH="77" HEIGHT="50" CONTENT="qui" WC="0.97" CC="043"/>
						<SP ID="P12_SP00546" HPOS="1396" VPOS="3550" WIDTH="22"/>
						<String ID="P12_ST00595" HPOS="1418" VPOS="3512" WIDTH="195" HEIGHT="39" CONTENT="suppose" WC="1.00" CC="0000000"/>
						<SP ID="P12_SP00547" HPOS="1613" VPOS="3551" WIDTH="22"/>
						<String ID="P12_ST00596" HPOS="1635" VPOS="3498" WIDTH="225" HEIGHT="43" CONTENT="l'absence" WC="1.00" CC="010000600"/>
						<SP ID="P12_SP00548" HPOS="1860" VPOS="3551" WIDTH="16"/>
						<String ID="P12_ST00597" HPOS="1876" VPOS="3514" WIDTH="55" HEIGHT="27" CONTENT="en" WC="0.67" CC="06"/>
						<SP ID="P12_SP00549" HPOS="1931" VPOS="3551" WIDTH="24"/>
						<String ID="P12_ST00598" HPOS="1955" VPOS="3500" WIDTH="81" HEIGHT="41" CONTENT="elle" WC="1.00" CC="0010"/>
						<SP ID="P12_SP00550" HPOS="2036" VPOS="3551" WIDTH="18"/>
						<String ID="P12_ST00599" HPOS="2054" VPOS="3494" WIDTH="88" HEIGHT="43" CONTENT="d'un" WC="0.97" CC="0168"/>
					</TextLine>
					<TextLine ID="P12_TL00047" HPOS="143" VPOS="3561" WIDTH="1999" HEIGHT="60">
						<String ID="P12_ST00600" HPOS="143" VPOS="3562" WIDTH="189" HEIGHT="52" CONTENT="pouvoir" WC="1.00" CC="0060000"/>
						<SP ID="P12_SP00551" HPOS="332" VPOS="3614" WIDTH="23"/>
						<String ID="P12_ST00601" HPOS="355" VPOS="3561" WIDTH="53" HEIGHT="39" CONTENT="de" WC="1.00" CC="00"/>
						<SP ID="P12_SP00552" HPOS="408" VPOS="3614" WIDTH="23"/>
						<String ID="P12_ST00602" HPOS="431" VPOS="3561" WIDTH="224" HEIGHT="49" CONTENT="réflexion," WC="0.99" CC="1060301054"/>
						<SP ID="P12_SP00553" HPOS="655" VPOS="3614" WIDTH="26"/>
						<String ID="P12_ST00603" HPOS="681" VPOS="3562" WIDTH="54" HEIGHT="39" CONTENT="de" WC="1.00" CC="00"/>
						<SP ID="P12_SP00554" HPOS="735" VPOS="3614" WIDTH="23"/>
						<String ID="P12_ST00604" HPOS="758" VPOS="3565" WIDTH="241" HEIGHT="40" CONTENT="sentiment" WC="1.00" CC="000140023"/>
						<SP ID="P12_SP00555" HPOS="999" VPOS="3614" WIDTH="19"/>
						<String ID="P12_ST00605" HPOS="1018" VPOS="3574" WIDTH="42" HEIGHT="31" CONTENT="et" WC="0.75" CC="04"/>
						<SP ID="P12_SP00556" HPOS="1060" VPOS="3614" WIDTH="19"/>
						<String ID="P12_ST00606" HPOS="1079" VPOS="3563" WIDTH="306" HEIGHT="55" CONTENT="d'expression" WC="1.00" CC="020000000400"/>
						<SP ID="P12_SP00557" HPOS="1385" VPOS="3618" WIDTH="33"/>
						<String ID="P12_ST00607" HPOS="1418" VPOS="3570" WIDTH="77" HEIGHT="50" CONTENT="qui" WC="0.96" CC="064"/>
						<SP ID="P12_SP00558" HPOS="1495" VPOS="3620" WIDTH="34"/>
						<String ID="P12_ST00608" HPOS="1529" VPOS="3568" WIDTH="61" HEIGHT="41" CONTENT="lui" WC="0.98" CC="103"/>
						<SP ID="P12_SP00559" HPOS="1590" VPOS="3620" WIDTH="25"/>
						<String ID="P12_ST00609" HPOS="1615" VPOS="3570" WIDTH="85" HEIGHT="40" CONTENT="soit" WC="0.97" CC="0624"/>
						<SP ID="P12_SP00560" HPOS="1700" VPOS="3620" WIDTH="26"/>
						<String ID="P12_ST00610" HPOS="1726" VPOS="3583" WIDTH="163" HEIGHT="38" CONTENT="propre" WC="1.00" CC="000000"/>
						<SP ID="P12_SP00561" HPOS="1889" VPOS="3621" WIDTH="38"/>
						<String ID="P12_ST00611" HPOS="1927" VPOS="3584" WIDTH="53" HEIGHT="26" CONTENT="au" WC="0.89" CC="20"/>
						<SP ID="P12_SP00562" HPOS="1980" VPOS="3621" WIDTH="35"/>
						<String ID="P12_ST00612" HPOS="2015" VPOS="3570" WIDTH="127" HEIGHT="38" CONTENT="même" WC="0.93" CC="9787"/>
					</TextLine>
				</TextBlock>
			</PrintSpace>
		</Page>
	</Layout>
</alto>
