2273 3830
653 215 275 37 EXÉCUTIONS
963 226 51 26 ET
1049 227 323 27 PUBLICATIONS
1406 220 226 35 RÉCENTES

2064 227 73 40 145

141 319 124 35 senté
287 319 21 34 à
350 313 245 40 l'attention
618 313 53 39 de
695 313 36 39 la
755 313 127 41 docte
924 320 268 47 compagnie
1224 327 92 31 tout
1333 320 181 47 entière,
1535 319 28 40 il
1590 321 237 39 constatait
1848 317 183 43 d'abord
2055 332 85 40 que

143 395 19 24 «
188 382 62 40 les
283 382 144 40 élèves
451 382 238 39 musiciens
709 383 176 40 avaient
901 387 68 36 été
992 397 155 28 avares
1165 385 53 40 de
1242 386 94 40 leur
1356 388 156 40 travail
1533 400 38 28 ».
1596 387 36 41 D
1652 388 240 47 ordinaire,
1915 402 58 26 un
2018 386 123 42 envoi

143 450 184 41 musical
347 458 226 43 comporte
594 463 19 24 «
638 449 37 40 la
703 451 227 51 partition,
957 454 85 39 soit
1066 452 103 42 d'un
1194 459 132 47 opéra
1352 469 54 27 en
1427 472 57 25 un
1509 470 55 28 ou
1588 458 112 40 deux
1724 466 133 39 actes,
1883 459 85 39 soit
2010 456 130 41 d'une

143 532 143 27 messe
307 519 245 40 solennelle
574 529 9 38 ;
621 527 111 32 cette
755 524 158 46 année,
940 520 62 40 les
1025 521 113 41 deux
1171 526 341 48 pensionnaires
1546 526 54 40 de
1648 526 143 41 Rome
1820 539 54 28 ne
1911 539 112 28 nous
2065 534 75 32 ont

141 592 169 48 envoyé
334 600 84 39 que
440 587 112 40 deux
576 587 119 40 seuls
721 600 234 29 morceaux
978 602 38 27 ».

199 654 87 42 Sur
308 655 231 46 Montfort,
561 656 36 39 le
621 655 199 55 Rapport
840 657 133 41 disait
995 658 77 40 des
1096 660 159 40 choses
1273 661 217 42 aimables
1512 672 40 30 et
1566 677 184 36 vagues.
1773 662 54 41 Et
1844 663 89 40 cela
1970 663 168 41 semble

141 724 84 41 fort
246 725 170 39 naturel
446 738 7 24 :
477 738 84 39 que
582 726 182 50 pouvait
787 725 94 41 dire
915 726 209 42 l'lnstitut
1157 742 77 27 sur
1265 743 46 26 ce
1352 729 87 42 bon
1482 731 136 47 élève,
1661 734 34 37 si
1721 732 225 52 appliqué,
1972 734 35 39 si
2029 734 88 39 insi-

141 790 191 54 gnifiant
358 793 15 39 ?

199 860 89 42 Sur
318 861 187 47 Berlioz,
529 863 113 38 voici
679 877 7 24 :

198 943 19 24 «
246 929 61 39 M.
328 930 170 40 Berlioz
520 944 20 25 a
564 935 211 48 composé
800 945 58 26 un
883 931 252 42 Resurrexit
1159 941 37 33 et
1218 934 150 40 iterum
1398 941 199 35 venturus
1629 943 71 33 est.
1727 936 62 41 Ce
1806 940 332 50 pensionnaire,

140 999 111 40 dans
275 999 143 51 lequel
441 1011 55 27 on
517 1013 19 24 a
561 1012 194 28 reconnu
778 1014 85 27 une
908 999 298 53 imagination
1248 1005 113 49 vive,
1381 1004 53 40 de
1456 1004 284 52 l'exaltation,
1766 1006 52 40 de
1855 1004 284 53 l'originalité

140 1071 151 48 portée
305 1066 282 53 quelquefois
611 1067 172 54 jusqu'à
802 1083 85 27 une
910 1073 194 39 certaine
1134 1071 257 49 bizarrerie,
1415 1087 21 26 a
1460 1074 114 40 droit
1611 1075 185 51 aujourd
1818 1075 74 40 hui
1918 1079 20 36 à
1964 1076 53 39 de
2040 1075 99 52 plus

138 1136 137 52 justes
293 1136 167 49 éloges,
480 1149 53 26 en
559 1150 113 27 nous
695 1138 201 40 donnant
911 1139 38 40 la
975 1154 163 37 preuve
1162 1139 103 54 qu'il
1291 1155 21 26 a
1331 1155 50 27 su
1407 1151 155 32 mettre
1599 1147 21 36 à
1652 1141 131 54 profit
1804 1143 62 40 les
1889 1145 95 38 avis
2006 1144 132 39 d'une

141 1216 106 39 sage
286 1206 200 50 critique.
515 1203 95 42 Son
653 1206 249 41 Resurrexit
921 1216 64 32 est
1008 1211 105 38 écrit
1136 1222 52 27 en
1206 1211 140 39 entier
1388 1224 103 26 avec
1533 1211 197 47 chaleur,
1773 1210 130 41 d'une
1942 1213 197 38 manière

142 1272 159 53 simple
333 1282 40 31 et
397 1273 139 50 large.
563 1273 162 42 Chant,
763 1275 241 51 orchestre,
1030 1286 93 31 tout
1161 1292 27 38 y
1223 1287 65 31 est
1313 1282 21 35 à
1372 1291 46 27 sa
1451 1279 123 51 place
1597 1290 9 37 ;
1640 1279 29 39 il
1691 1293 20 25 a
1741 1292 50 27 su
1825 1279 210 52 produire
2062 1280 76 38 des

141 1340 125 41 effets
287 1355 232 27 nouveaux
559 1344 111 39 mais
708 1344 213 40 naturels.
949 1343 149 49 Enfin,
1147 1354 111 31 cette
1296 1348 296 49 composition
1617 1348 152 38 mérite
1799 1346 340 40 véritablement

145 1423 87 27 une
254 1411 197 40 mention
474 1411 278 51 particulière
780 1428 6 24 :
814 1415 119 37 aussi
952 1426 56 26 on
1032 1414 136 39 invite
1200 1411 61 41 M.
1284 1413 171 40 Berlioz
1481 1418 21 35 à
1526 1415 246 50 continuer,
1796 1427 104 27 sans
1934 1415 207 40 s'écarter

145 1479 52 39 de
218 1479 38 39 la
282 1477 148 42 bonne
452 1488 124 31 route
600 1486 56 33 où
673 1479 27 40 il
722 1489 64 31 est
809 1480 345 41 heureusement
1186 1486 138 35 entré.

200 1560 20 25 «
237 1547 85 41 Ces
343 1547 113 41 deux
472 1548 151 51 jeunes
642 1549 324 51 compositeurs
990 1558 183 31 sauront
1198 1550 227 51 apprécier
1446 1549 62 41 les
1531 1550 204 51 élogeset
1752 1551 63 41 les
1831 1553 92 39 avis
1948 1553 74 51 qui
2043 1552 95 40 leur

143 1623 76 33 ont
238 1619 67 37 été
327 1615 187 41 donnés.

197 1697 19 24 «
235 1682 143 53 Qu'ils
399 1693 209 42 songent,
627 1688 21 36 à
669 1683 198 50 l'avenir,
890 1699 86 39 que
996 1686 38 40 la
1060 1687 221 51 musique,
1307 1700 113 39 pour
1443 1687 39 40 le
1501 1700 136 36 genre
1657 1692 121 36 sacré
1805 1698 191 38 surtout,
2017 1691 124 49 exige

143 1767 57 26 un
239 1752 111 53 style
390 1761 40 32 et
470 1766 86 27 une
598 1752 167 43 facture
808 1753 157 42 fondés
1023 1768 75 27 sur
1140 1768 86 27 une
1264 1756 131 40 étude
1446 1756 293 52 approfondie
1771 1757 77 40 des
1889 1771 252 28 ressources

140 1820 235 53 qu'offrent
396 1821 39 40 la
457 1823 171 39 science
648 1823 59 39 du
728 1825 281 51 contrepoint
1029 1832 40 31 et
1090 1823 107 40 celle
1230 1823 53 40 de
1304 1824 39 39 la
1378 1823 151 51 fugue.
1576 1837 20 25 »

201 1903 19 25 «
247 1889 238 51 Verbiage,
511 1903 130 39 prose
663 1891 289 53 académique
976 1907 6 24 :
1009 1905 87 27 une
1121 1891 127 51 façon
1279 1892 52 40 de
1368 1897 133 37 néant
1526 1893 44 38 »!
1596 1892 61 41 Le
1677 1893 348 55 Jeune-France,
2049 1898 69 38 évi-

139 1958 242 48 demment,
408 1959 102 52 juge
530 1960 114 40 ainsi
662 1959 38 41 le
721 1959 194 56 Rapport
946 1961 77 40 des
1061 1961 264 52 «podagres
1353 1974 18 25 »
1394 1962 76 39 dès
1500 1961 104 54 qu'il
1631 1976 21 27 a
1674 1965 139 50 quitté
1842 1961 70 54 (en
1947 1964 120 53 hâte)
2100 1965 38 40 la

141 2026 117 42 table
279 2027 52 40 de
352 2041 80 27 son
457 2032 176 37 maître.

195 2095 54 42 Et
274 2097 204 41 aussitôt,
514 2102 127 47 après
661 2097 95 41 huit
780 2097 175 50 heures,
980 2112 54 26 au
1055 2097 94 41 café
1166 2098 223 52 Feydeau,
1430 2112 105 27 avec
1570 2098 117 41 l'ami
1729 2098 192 51 Gounet,
1966 2115 164 39 propos

140 2165 100 53 plus
261 2163 150 49 libres,
437 2166 101 51 plus
561 2166 175 40 directs.
774 2164 99 54 Que
903 2165 162 42 fait-on
1087 2171 21 35 à
1149 2166 128 42 Paris
1302 2166 92 42 ?Et
1444 2181 86 38 que
1566 2166 146 42 faut-il
1737 2167 109 43 faire
1865 2174 15 35 ?
1921 2170 64 40 De
2020 2172 105 50 quoi

140 2234 295 40 retourne-t-il
456 2238 15 36 ?
498 2234 160 41 Hector
679 2234 109 41 n'est
806 2248 85 39 que
910 2235 53 41 de
986 2249 192 39 passage
1201 2247 7 27 :
1243 2236 29 40 il
1296 2245 174 43 compte
1490 2237 138 51 partir
1665 2250 113 40 pour
1818 2238 313 52 l'Allemagne,

136 2315 191 40 presque
346 2310 93 32 tout
462 2302 53 40 de
538 2304 131 48 suite,
704 2312 41 32 et
764 2318 26 38 y
810 2304 114 51 jouir
966 2304 54 40 de
1062 2317 45 27 sa
1129 2306 204 50 pension.
1391 2304 133 49 Mais,
1579 2314 145 42 avant,
1751 2306 27 40 il
1820 2315 103 32 veut
1961 2307 176 41 donner

137 2385 57 26 un
219 2380 175 31 concert
419 2385 9 34 ;
454 2370 28 40 il
503 2380 103 31 veut
632 2384 20 25 «
677 2371 148 41 lâcher
842 2385 45 27 sa
909 2371 163 42 bordée
1096 2373 212 40 musicale
1332 2386 19 24 »
1381 2373 7 38 !
1411 2371 118 53 Qu'il
1551 2387 46 27 se
1618 2387 150 38 presse
1792 2378 6 37 !

1325 2443 2 1 ■

176 2692 47 33 Le
245 2693 131 33 second
401 2701 147 33 rapport
573 2693 51 33 fut
645 2693 126 42 rédigé
788 2700 108 25 avant
914 2692 196 33 l'automne
1133 2693 43 31 de
1197 2692 143 33 l'année
1359 2692 167 33 suivante
1547 2691 137 46 (1833).

180 2744 85 41 Déjà
291 2743 137 33 Berlioz
467 2742 92 34 avait
579 2743 74 41 pris
673 2742 180 34 l'attitude
874 2742 85 32 d'un
997 2741 310 34 révolutionnaire
1330 2742 148 33 musical
1499 2754 8 25 ;
1526 2742 21 31 il
1580 2743 94 32 avait
1689 2753 55 30 su,
1763 2752 41 23 en
1836 2744 117 31 moins
1977 2743 83 33 dun
2082 2756 57 26 an,

134 2793 150 33 devenir
305 2796 31 29 le
374 2792 73 33 lion
468 2794 44 32 de
536 2796 32 29 la
595 2794 168 41 musique
787 2792 246 42 romantique.
1056 2792 88 33 Bien
1181 2802 70 31 que
1289 2793 138 32 lauréat
1465 2800 33 24 et
1543 2796 175 29 touchant
1755 2803 130 24 encore
1904 2805 36 21 sa
1973 2795 168 39 pension,

134 2843 83 33 bien
240 2844 87 41 qu'il
351 2848 108 28 restât
478 2846 18 30 à
535 2843 102 33 Paris
676 2845 122 41 quand
818 2843 23 31 il
862 2842 116 33 aurait
997 2842 44 32 dû
1063 2846 73 29 être
1171 2852 43 22 en
1247 2845 227 40 Allemagne,
1497 2842 22 31 il
1543 2843 94 33 avait
1669 2843 66 33 fort
1761 2846 224 39 galamment
2010 2845 131 42 fustigé

134 2893 170 33 l'lnstitut
322 2892 89 34 dans
431 2894 44 32 de
498 2893 249 33 fashionables
785 2892 238 42 chroniques.

181 2943 25 31 Il
227 2943 119 33 venait
360 2942 192 42 d'épouser
568 2943 96 33 enfin
682 2955 64 22 son
762 2943 158 41 Ophélia
943 2941 39 41 (3
998 2942 177 42 octobre).
1194 2943 28 31 A
1234 2942 206 33 Vincennes
1465 2943 81 39 près
1563 2942 43 33 de
1624 2945 32 30 la
1674 2943 204 34 décorative
1892 2944 249 42 tragédienne,

139 2994 23 30 il
180 2992 87 34 était
287 3000 77 26 tout
387 2995 17 31 à
420 2994 304 33 l'enchantement
743 2994 108 32 d'une
865 2992 113 41 idylle
994 2992 149 33 amenée
1162 3002 65 31 par
1243 3002 71 23 une
1336 2993 114 32 année
1466 2992 44 33 de
1533 2996 173 37 tempêtes
1724 3001 32 25 et
1777 2993 43 32 de
1839 3003 19 23 «
1875 2994 221 33 volcanisme
2109 3005 31 23 ».

196 3132 45 12 ...
268 3102 62 41 Le
358 3117 43 27 12
424 3103 195 52 octobre,
646 3108 161 37 séance
840 3103 247 42 solennelle
1123 3107 21 36 à
1170 3102 225 43 l'lnstitut.
1421 3103 31 41 Il
1474 3106 133 39 serait
1631 3107 206 50 question
1871 3106 52 40 de
1947 3106 59 41 lui
2028 3115 40 32 et
2087 3107 52 40 de

136 3184 69 27 ses
236 3171 145 41 envois
405 3173 50 39 de
497 3172 150 41 Rome.
690 3172 117 41 Mais
843 3185 46 28 se
913 3173 322 41 montrerait-il
1270 3185 106 28 sous
1417 3173 39 40 la
1481 3174 188 52 coupole
1692 3178 16 36 ?
1747 3172 115 53 Quel
1896 3180 151 35 succès
2085 3175 54 40 de

134 3242 223 49 curiosité,
384 3241 101 52 quel
527 3241 207 41 scandale
763 3241 66 41 s'il
850 3256 27 38 y
911 3241 122 41 allait
1060 3243 5 36 !
1096 3242 61 39 les
1178 3254 20 25 «
1237 3242 314 53 académiques
1595 3256 19 24 »
1654 3242 318 53 pouvaient-ils
2018 3246 121 38 avoir

140 3308 148 42 oublié
311 3322 70 28 ses
405 3309 219 41 boutades
645 3310 52 40 de
718 3309 207 57 l'Europe
946 3309 207 41 littéraire
1175 3318 150 32 contre
1348 3310 39 40 le
1404 3312 94 50 prix
1534 3311 52 39 de
1611 3310 143 42 Rome
1774 3313 41 38 ni
1861 3324 169 28 aucune
2063 3312 76 40 des

136 3378 313 50 goguenardes
473 3380 343 50 impertinences
839 3378 54 40 de
913 3378 95 40 leur
1027 3378 170 40 lauréat
1224 3382 16 36 ?
1266 3391 19 24 «
1315 3377 226 42 L'illustre
1564 3380 200 39 vieillard
1792 3392 19 24 »
1837 3378 301 54 (Cherubini),

138 3446 62 40 les
226 3446 224 52 podagres
474 3449 74 50 qui
585 3456 279 32 couronnent
901 3461 54 27 au
989 3449 108 51 petit
1137 3446 220 50 bonheur,
1402 3448 38 39 le
1459 3446 88 41 bon
1580 3448 222 40 chevalier
1836 3447 199 42 Lesueur
2065 3451 74 49 qui

137 3514 121 53 parle
277 3515 53 41 de
353 3514 234 55 Napoléon
611 3525 123 32 entre
754 3516 113 41 deux
890 3524 166 45 portes,
1158 3525 41 32 et
1236 3516 39 40 le
1294 3518 231 49 concierge
1546 3516 52 40 de
1633 3515 207 42 l'lnstitut
1863 3518 75 51 qui
1962 3518 177 39 incarne

2013 3612 18 22 2

245 3601 41 32 R.
314 3602 47 33 M.
