2273 3830
1006 246 334 35 INFORMATIONS

154 263 77 42 160

1406 3489 56 40 Le
1495 3488 164 41 Gérant
1685 3505 12 24 :
1730 3492 52 38 A.
1820 3490 196 40 REBECQ.

822 3590 100 28 Poitiers.
938 3602 18 6 -
968 3590 83 28 Société
1068 3593 106 31 française
1187 3594 151 29 d'imprimerie
1354 3594 25 26 et
1395 3596 27 24 de
1442 3595 111 26 Librairie.

207 366 60 42 La
294 370 146 37 même
459 372 175 31 mesure
656 353 168 45 s'étend
845 366 85 27 aux
954 348 149 42 billets
1132 342 153 43 d'aller
1329 349 42 32 et
1418 346 151 33 retour
1600 328 216 47 collectifs
1854 328 188 42 délivrés
2074 344 74 30 aux

154 435 192 41 familles
367 432 102 41 d'au
501 429 148 41 moins
670 432 157 46 quatre
851 428 262 46 personnes.

209 503 154 42 Billets
385 498 152 43 d'aller
555 506 41 31 et
617 503 150 33 retour
785 492 55 40 de
869 504 10 26 i
890 493 32 19 re
944 496 42 33 et
1010 501 20 25 2
1034 490 17 18 e
1068 484 158 46 classe,
1252 484 23 37 à
1315 493 95 39 prix
1448 475 185 46 réduits,
1675 469 195 43 délivrés
1909 468 60 40 du
2016 470 42 38 18
2079 468 55 42 fé-

156 575 115 39 vrier
294 585 54 26 au
377 584 12 26 I
398 574 32 21 er
450 579 119 29 mars
607 566 119 50 1908.

347 637 128 40 Paris
504 638 22 37 à
551 633 197 42 Cannes.
777 650 45 7 —
852 642 9 25 i
874 630 32 19 re
921 624 143 42 classe
1087 634 8 27 :
1124 634 71 39 177
1218 617 52 41 fr.
1294 630 68 38 40.
1388 628 91 26 —2
1485 620 13 15 e
1522 612 143 41 classe
1687 624 7 26 :
1725 621 71 38 127
1819 609 53 38 fr.
1895 617 66 40 75.

403 718 20 24 »
488 708 20 36 à
565 700 122 43 Nice.
973 706 20 24 »
1115 691 73 39 182
1208 687 50 42 fr.
1284 690 71 38 60.
1391 697 20 26 »
1561 694 20 24 »
1706 691 42 38 H
1763 691 11 27 1
1802 675 52 42 fr-
1884 687 66 40 5°-

407 788 19 24 »
489 776 22 37 à
546 770 201 42 Menton.
973 777 19 20 »
1117 761 74 38 186
1209 756 51 42 fr.
1283 758 69 49 65.
1387 766 20 25 »
1557 764 19 24 »
1705 761 73 38 134
1802 744 38 42 fr
1846 776 7 8 -
1875 757 72 40 4°.

211 844 194 43 Validité
429 857 8 26 :
461 854 51 29 20
529 841 138 52 jours,
692 849 106 29 avec
821 832 161 43 faculté
1006 830 55 40 de
1092 824 318 58 prolongation
1447 833 87 30 une
1572 832 58 28 ou
1654 817 114 40 deux
1793 813 84 42 fois
1900 813 53 39 de
1980 826 45 28 10
2040 814 109 52 jours

158 920 273 45 moyennant
452 908 282 55 supplément
751 906 54 40 de
833 915 47 29 10
901 901 67 52 °/o
991 912 79 41 par
1100 894 198 56 période.

212 982 125 41 Droit
361 984 21 36 à
405 979 112 41 deux
555 981 140 37 arrêts
724 988 53 27 en
819 982 131 30 cours
983 968 54 41 de
1061 974 124 33 route
1221 968 23 36 à
1275 963 10 41 1
1307 962 109 40 aller
1438 969 39 31 et
1496 972 56 28 au
1579 965 165 32 letoui.

212 1049 259 41 Admission
494 1045 78 42 des
593 1052 202 47 porteurs
818 1040 53 41 de
912 1038 149 40 billets
1098 1035 54 41 de
1197 1047 11 26 i
1221 1037 30 17 re
1277 1030 161 48 classe,
1476 1040 105 28 sans
1626 1024 302 54 supplément,
1967 1020 107 42 dans
2112 1023 33 40 le

158 1131 24 27 «
212 1118 112 42 Côte
346 1114 162 43 d'Azur
527 1113 173 53 Rapide
727 1127 16 19 »
765 1118 42 33 et
830 1108 111 42 dans
959 1105 41 42 le
1024 1118 19 24 «
1067 1103 138 42 Train
1230 1101 54 41 de
1308 1100 97 41 nuit
1432 1094 301 53 extra-rapide
1757 1105 39 27 ».
1815 1087 248 51 Toutefois,
2097 1090 55 43 les

156 1198 253 43 voyageurs
428 1189 287 48 empruntant
739 1180 40 41 le
803 1193 19 24 «
846 1176 112 42 Côte
991 1174 26 40 d
1038 1172 118 42 Azur
1180 1170 174 53 Rapide
1377 1180 21 28 »
1420 1181 52 27 ne
1496 1172 219 47 pourront
1749 1158 187 58 profiter
1957 1158 54 42 de
2032 1158 38 42 la
2093 1160 52 42 fa-

159 1255 114 42 culté
295 1254 79 40 des
399 1255 138 38 arrêts
560 1247 99 56 qu'à
695 1249 137 53 partir
854 1245 53 40 de
929 1241 224 43 Marseille
1178 1244 21 35 à
1221 1238 10 41 1
1252 1237 110 42 aller
1381 1251 9 34 ;
1418 1250 54 27 au
1494 1242 166 38 retour,
1682 1245 144 28 aucun
1852 1232 114 37 airêt
1988 1241 52 28 ne
2060 1241 85 28 seia

163 1325 207 42 autorisé.
