2273 3830
660 239 277 36 EXÉCUTIONS
972 247 52 25 ET
1057 250 323 28 PUBLICATIONS
1414 243 226 36 RÉCENTES

2064 243 76 43 153

151 334 115 40 Rhin
309 344 65 32 est
403 335 39 41 le
481 334 218 54 prologue
727 336 54 40 de
806 345 111 33 cette
949 352 152 27 œuvre
1134 340 315 53 gigantesque,
1475 340 214 41 l'Anneau
1722 340 56 40 du
1800 338 249 54 Niehelung
2054 371 9 17 ,
2100 346 40 32 et

150 402 158 52 forme,
334 417 104 27 avec
460 404 39 40 la
532 403 239 51 Walkyrie,
795 404 204 55 Sigfried
1038 416 42 31 et
1119 407 36 40 le
1180 407 257 53 Crépuscule
1459 409 70 40 des
1552 408 130 41 dieux
1686 440 10 20 ,
1730 416 111 33 cette
1865 404 277 56 magnifique

156 471 246 54 Tétralogie
424 485 86 39 que
531 472 64 41 les
638 473 256 52 privilégiés
914 475 120 40 seuls
1056 485 193 43 peuvent
1274 477 107 41 aller
1415 479 96 40 voir
1543 482 22 35 à
1610 477 240 53 Bayreuth,
1887 486 42 31 et
1967 476 123 46 dont,
2122 479 20 36 à

149 539 143 52 Paris,
318 554 56 27 on
399 555 20 25 a
445 545 254 36 commencé
717 555 80 38 par
835 543 125 51 jouer
998 543 39 40 la
1068 545 191 41 seconde
1294 554 40 33 et
1373 546 38 40 la
1453 547 224 40 troisième
1719 548 155 50 partie.
1900 545 59 40 M.
1999 545 143 42 Raoul

149 607 272 53 Gunsbourg
445 623 20 26 a
488 608 169 53 préféré
680 622 278 29 commencer
981 612 38 40 la
1048 612 244 55 Tétralogie
1319 628 80 38 par
1421 614 38 40 le
1481 623 395 32 commencement.
1903 613 54 42 Et
1974 614 28 40 il
2025 616 117 39 vient

148 677 53 40 de
221 691 113 27 nous
353 678 172 41 donner
548 691 85 28 une
657 677 278 55 magnifique
967 689 41 32 et
1051 681 273 41 inoubliable
1356 684 354 50 représentation
1752 683 54 40 de
1822 681 91 41 ÏOr
1932 683 55 39 du
2006 682 134 40 Rhin.

205 746 118 41 Dans
346 760 46 27 ce
412 747 235 51 prologue,
679 747 197 52 Wagner
898 762 115 27 nous
1033 748 79 42 fait
1134 752 185 40 assister
1341 755 21 35 à
1409 750 39 40 la
1484 755 218 48 conquête
1737 751 54 40 de
1834 750 109 49 l'Or,
1966 751 108 41 dont
2103 752 38 40 le

146 815 177 41 charme
341 816 170 40 maudit
533 815 90 41 fera
648 821 141 37 naître
812 830 75 28 sur
910 817 39 40 la
974 826 113 32 terre
1110 827 99 32 tous
1225 819 61 40 les
1309 820 168 40 viceset
1498 828 99 32 tous
1618 819 61 41 les
1693 821 174 39 crimes.
1888 818 60 41 Le
1967 825 172 47 poème,

146 884 24 38 d
192 898 58 26 un
268 883 292 53 symbolisme
583 885 122 51 clair,
732 899 113 27 nous
863 895 174 32 montre
1070 888 38 38 la
1134 887 108 41 lutte
1262 888 77 40 des
1363 888 107 41 trois
1491 901 123 27 races
1637 889 92 51 qui,
1773 886 174 54 d'après
1987 888 37 40 la
2048 903 62 38 my-

146 952 197 50 thologie
362 954 308 52 germanique,
704 955 258 52 peuplèrent
985 955 184 40 d'abord
1195 955 40 41 la
1259 965 113 32 terre
1399 968 8 27 :
1425 957 62 40 les
1527 956 145 45 dieux,
1715 956 62 41 les
1819 961 157 46 géants
2014 966 40 31 et
2079 957 62 40 les

147 1022 142 38 nains.
313 1020 68 42 En
405 1035 263 39 apparence,
704 1023 62 40 les
789 1024 129 40 dieux
939 1026 211 39 sortiront
1167 1026 273 51 vainqueurs
1482 1026 55 39 de
1560 1034 110 32 cette
1687 1025 107 40 lutte
1820 1040 7 32 ;
1854 1027 112 38 mais
1988 1025 53 40 ils
2064 1034 76 32 ont

146 1089 158 40 touché
327 1088 94 42 l'Or
443 1091 170 40 maudit
638 1105 10 34 ;
668 1090 219 43 l'Anneau
913 1095 211 51 magique
1141 1108 81 39 par
1242 1094 144 52 lequel
1411 1094 168 42 Wotan
1595 1094 146 40 devait
1775 1095 245 51 triompher
2042 1107 94 27 sera

142 1157 39 39 la
205 1171 132 27 cause
359 1159 53 40 de
434 1159 95 40 leur
551 1162 126 38 ruine
701 1175 7 25 :
737 1159 40 42 le
807 1162 258 51 crépuscule
1082 1162 78 40 des
1181 1162 129 40 dieux
1334 1172 65 31 est
1422 1162 178 53 proche.

200 1225 121 41 Dans
344 1224 92 42 l'Or
454 1228 56 39 du
530 1225 131 50 Rhin,
686 1229 202 50 Wagner
908 1244 22 26 a
955 1230 211 53 appliqué
1186 1230 260 41 totalement
1463 1244 81 28 son
1565 1236 205 47 système.
1794 1230 54 40 Et
1873 1244 111 26 nous
2006 1232 110 38 assis-

144 1302 99 33 tons
268 1299 21 36 à
314 1294 169 42 l'union
509 1296 187 54 parfaite
718 1298 54 40 de
795 1298 39 40 la
868 1300 151 50 poésie
1042 1307 40 32 et
1105 1299 53 40 de
1181 1298 40 40 la
1246 1300 224 50 musique.

199 1362 99 53 Que
320 1363 94 42 dire
437 1378 74 28 sur
531 1374 109 32 cette
656 1368 211 50 partition
891 1368 74 50 qui
990 1366 106 41 n'ait
1120 1371 68 36 été
1204 1367 62 39 dit
1290 1366 119 40 mille
1434 1375 41 32 et
1493 1380 86 26 une
1599 1365 84 41 fois
1703 1367 14 37 ?
1735 1364 236 42 D'ailleurs
1992 1369 21 35 à
2033 1367 105 50 quoi

144 1430 87 42 bon
257 1432 15 38 ?
294 1430 86 42 Les
400 1443 197 31 concerts
623 1443 76 32 ont
718 1435 228 49 divulgué,
971 1435 255 52 popularisé
1238 1443 110 31 cette
1371 1436 222 50 musique.
1609 1432 65 42 M.
1700 1433 143 41 Raoul
1861 1432 277 52 Gunsbourg

142 1498 51 42 l'a
229 1500 183 42 réalisée
436 1504 350 50 scéniquement,
831 1510 40 32 et
892 1500 103 42 c'est
1017 1502 53 40 de
1111 1510 111 32 cette
1259 1501 115 41 belle
1407 1503 209 39 tentative
1657 1502 111 40 d'art
1807 1500 105 54 qu'il
1948 1503 190 50 importe

142 1577 172 33 surtout
336 1570 54 40 de
407 1570 160 52 parler.

198 1636 225 54 Rompant
443 1651 103 28 avec
576 1638 62 40 les
679 1638 253 47 traditions,
976 1651 57 30 ou
1075 1638 143 53 plutôt
1261 1638 63 41 les
1374 1639 253 50 corrigeant
1665 1646 41 33 et
1745 1638 62 40 les
1849 1637 288 53 complétant,

141 1703 61 41 M.
226 1703 276 54 Gunsbourg
523 1721 22 25 a
571 1715 93 32 tout
682 1706 183 41 d'abord
891 1712 179 36 exécuté
1092 1705 183 43 l'œuvre
1297 1707 112 41 dans
1433 1707 62 41 les
1536 1707 114 41 deux
1701 1707 160 40 heures
1903 1707 235 52 prescrites

141 1788 77 37 par
243 1773 192 42 Richard
459 1774 203 51 Wagner
685 1775 232 41 lui-même
941 1778 91 50 qui,
1058 1784 228 44 pourtant,
1309 1773 68 43 n'a
1399 1777 160 51 jamais
1576 1789 57 38 pu
1658 1774 193 48 obtenir,
1871 1779 145 36 même
2032 1775 104 41 chez

141 1841 76 48 lui,
244 1846 20 36 à
286 1842 241 53 Bayreuth,
553 1857 86 38 que
656 1843 38 40 la
716 1845 209 51 musique
948 1844 130 40 durât
1098 1844 147 40 moins
1262 1844 53 40 de
1349 1844 110 40 deux
1501 1844 159 40 heures
1703 1844 140 50 vingt.
1888 1842 86 41 Ces
2011 1844 125 49 vingt

141 1912 209 48 minutes,
369 1910 61 41 M.
449 1910 280 53 Guenbourg
752 1912 64 41 les
834 1927 22 26 a
879 1917 199 46 gagnées
1102 1926 54 27 en
1178 1912 245 42 accélérant
1446 1912 38 40 le
1508 1921 287 31 mouvement
1834 1911 54 41 de
1922 1914 215 38 certaines

139 1992 153 39 pages,
321 1982 73 50 qui
417 1980 267 41 deviennent
707 1981 101 52 plus
824 1982 217 47 vivantes,
1063 1989 40 32 et
1125 1995 54 26 en
1196 1980 241 54 déblayant
1451 1981 62 41 les
1533 1979 210 42 récitatifs
1767 1991 7 27 :
1792 1982 113 38 ainsi
1923 1994 44 26 se
1982 1989 154 32 trouve

139 2047 95 53 déjà
260 2048 183 41 réalisée
467 2049 38 40 la
527 2053 180 37 volonté
730 2053 159 45 même,
915 2051 158 51 jamais
1096 2063 158 27 encore
1272 2050 258 52 accomplie,
1552 2049 53 41 de
1645 2048 213 51 Wagner.
1887 2048 63 41 De
1973 2052 157 36 même,

138 2116 213 41 innovant
370 2131 113 38 pour
507 2118 62 40 les
591 2118 212 41 décorset
826 2131 113 39 pour
961 2118 63 40 les
1047 2127 243 38 costumes,
1333 2117 46 41 M
1425 2117 146 41 Raoul
1597 2116 273 52 Gunsbourg
1908 2126 64 31 est
1992 2118 142 39 arrivé

139 2188 21 35 à
185 2199 57 25 un
265 2185 218 51 spectacle
506 2186 174 52 simple,
709 2185 213 53 féerique,
941 2187 112 51 juste
1073 2195 41 31 et
1138 2185 161 50 parfait
1318 2199 8 26 :
1353 2184 105 41 c'est
1482 2199 85 27 une
1591 2185 53 40 de
1667 2198 70 27 ses
1758 2185 99 52 plus
1879 2186 254 51 artistiques

138 2252 297 52 réalisations,
461 2267 89 28 non
575 2268 79 39 pas
678 2254 134 52 parla
838 2256 296 50 somptuosité
1155 2263 41 32 et
1221 2254 138 41 l'éclat
1384 2255 75 51 qui
1484 2267 54 26 ne
1577 2262 99 32 sont
1715 2267 78 38 pas
1835 2254 53 39 de
1927 2255 110 38 mise
2061 2255 69 45 ici,

138 2323 112 38 mais
274 2336 78 37 par
376 2322 39 40 le
447 2323 111 52 style
581 2337 81 38 pur
684 2331 41 32 et
748 2323 38 39 la
814 2323 248 40 musicalité
1085 2322 54 40 de
1162 2323 40 40 la
1228 2325 113 38 mise
1364 2336 54 26 en
1442 2327 143 35 scène.

191 2389 62 40 M.
281 2389 96 41 Van
400 2389 123 54 Dyck
543 2391 146 40 donne
711 2405 56 27 au
791 2391 92 40 rôle
905 2391 53 40 de
974 2390 142 51 Loge,
1141 2391 40 40 le
1203 2391 102 40 dieu
1328 2391 58 40 du
1409 2391 105 48 Feu,
1550 2403 87 28 une
1660 2389 191 50 légèreté
1876 2390 256 40 malicieuse

136 2459 74 51 qui
235 2459 163 40 traduit
416 2458 100 41 bien
535 2459 39 40 la
597 2458 226 42 fourberie
842 2459 58 41 du
919 2472 284 39 personnage
1229 2473 10 34 ;
1262 2459 27 40 il
1314 2459 39 40 le
1375 2459 159 41 chante
1556 2457 228 41 d'ailleurs
1806 2471 53 26 en
1878 2466 119 33 toute
2034 2471 73 39 per-

135 2525 178 42 fection.
338 2526 62 41 M.
423 2526 185 49 Bouvet,
635 2528 112 40 dans
767 2528 40 40 le
828 2528 91 40 rôle
942 2526 271 53 d'Alberich,
1236 2537 65 31 est
1325 2526 247 42 admirable
1597 2540 9 35 ;
1633 2526 103 41 c'est
1755 2540 87 26 une
1861 2526 54 40 de
1940 2540 70 26 ses
2031 2526 100 53 plus

136 2594 137 42 belles
296 2598 323 50 compositions
642 2610 8 26 :
680 2596 29 41 il
735 2611 21 26 a
778 2596 160 42 chanté
962 2610 104 27 avec
1101 2610 85 27 une
1228 2598 237 51 puissance
1503 2605 41 31 et
1574 2609 86 27 une
1701 2608 106 37 rage
1832 2594 215 53 superbes
2089 2595 40 39 la

135 2663 282 42 malédiction
441 2665 53 41 de
515 2663 239 43 l'Anneau.
776 2664 186 48 Wotan,
986 2663 143 43 c'était
1149 2664 61 41 M.
1250 2663 193 46 Nivette,
1468 2665 109 40 dont
1599 2664 39 40 la
1657 2662 114 42 belle
1788 2671 42 32 et
1869 2663 140 41 solide
2030 2664 99 40 voix

134 2732 52 40 de
210 2731 129 42 basse
362 2742 41 32 et
439 2732 171 42 l'allure
633 2735 54 39 de
711 2735 268 40 souveraine
1012 2734 185 52 majesté
1216 2742 77 32 ont
1316 2737 66 36 été
1410 2731 241 55 justement
1687 2733 270 52 appréciées.
1981 2731 30 41 Il
2038 2731 93 41 faut

134 2801 142 40 citera
297 2810 95 43 part
412 2801 61 41 M.
505 2801 255 54 Philippon,
786 2804 75 51 qui
882 2804 119 39 vient
1023 2803 58 40 du
1106 2801 299 42 café-concert
1424 2815 114 38 pour
1557 2802 125 52 jouer
1704 2801 38 40 le
1778 2801 91 41 rôle
1908 2801 54 40 de
1993 2799 138 42 Mime

134 2882 103 27 avec
261 2883 57 26 un
343 2869 127 41 relief
503 2871 349 40 extraordinaire
884 2879 40 32 et
948 2884 85 27 une
1054 2869 243 54 perfection
1320 2870 214 41 musicale
1554 2869 328 53 remarquable.
1908 2867 86 42 Les
2017 2869 112 40 deux

132 2942 158 45 géants
304 2947 76 32 ont
394 2942 66 37 été
480 2939 230 41 rudement
729 2948 42 32 et
788 2939 306 41 robustement
1118 2939 183 40 chantés
1317 2948 40 31 et
1372 2939 140 52 joués,
1534 2951 173 28 comme
1726 2938 27 41 il
1775 2939 251 49 convenait,
2051 2951 80 38 par

132 3005 113 40 MM.
272 3005 165 42 Vallier
456 3015 40 32 et
519 3007 259 41 Douaillier.
802 3007 61 40 xM.
888 3008 161 40 Fabert
1073 3022 21 25 a
1121 3007 159 41 chanté
1305 3020 102 27 avec
1430 3007 203 52 jeunesse
1672 3015 40 32 et
1749 3006 181 41 chaleur
1968 3006 38 39 le
2039 3005 90 40 rôle

131 3073 57 40 du
207 3073 99 41 dieu
323 3074 134 49 Froh,
479 3084 41 32 et
549 3074 58 40 M.
635 3074 207 42 Ananian
866 3090 21 25 a
913 3075 77 41 fait
1011 3088 164 28 sonner
1192 3088 47 28 sa
1256 3076 99 40 voix
1376 3076 230 51 puissante
1628 3074 113 41 dans
1765 3074 38 40 le
1828 3074 90 41 rôle
1938 3074 57 40 du
2026 3073 100 40 dieu

132 3140 196 42 Donner.

187 3210 45 40 M
238 3215 47 18 me
306 3210 325 54 xMally-Borga,
651 3212 114 42 belle
784 3226 173 28 comme
972 3226 87 27 une
1078 3212 171 47 déesse,
1273 3227 23 25 a
1320 3211 78 42 fait
1421 3212 193 42 admirer
1633 3226 46 26 sa
1698 3213 99 39 voix
1821 3224 108 40 pure
1952 3210 111 40 dans
2089 3210 38 40 le

133 3278 91 41 rôle
245 3279 54 41 de
320 3280 171 40 Fricka.
511 3280 45 41 M
562 3279 38 24 lle
615 3281 119 41 Maie
750 3281 149 41 Talési
922 3280 63 42 fut
1004 3295 87 27 une
1115 3281 237 40 touchante
1388 3290 40 31 et
1453 3282 208 51 poétique
1679 3280 142 47 Freia,
1841 3288 41 32 et
1906 3278 43 40 M
1955 3283 46 17 me
2014 3278 84 40 Des-

130 3347 185 53 champs
348 3348 131 55 Jehin
521 3364 21 25 a
583 3351 159 40 chanté
784 3363 104 28 avec
929 3349 203 53 ampleur
1182 3349 39 40 la
1275 3347 279 55 magnifique
1590 3362 114 39 page
1752 3349 76 39 des
1872 3347 253 53 prophéties

130 3413 178 44 d'Erda.
661 3436 8 14 /

184 3483 150 52 Quant
370 3501 82 26 aux
495 3489 107 39 trois
641 3485 114 44 filles
792 3488 59 40 du
898 3486 133 47 Rhin,
1056 3500 46 27 ce
1127 3484 63 44 fut
1230 3501 59 26 un
1322 3487 181 41 charme
1534 3488 155 52 exquis
1711 3483 270 49 d'entendre,
2022 3484 77 39 har-

130 3555 353 41 monieusement
500 3557 142 51 unies,
668 3556 118 40 leurs
810 3558 105 44 trois
946 3558 118 45 voix,
1117 3568 132 39 prures
1291 3563 40 32 et
1370 3555 266 45 cristallines
1673 3567 174 30 comme
1886 3553 61 43 les
1984 3551 138 44 ondes
