2273 3830
631 226 281 35 EXÉCUTIONS
949 236 49 25 ET
1031 236 326 27 PUBLICATIONS
1393 229 227 34 RÉCENTES

2132 274 0 0 151

110 350 6 15 :
133 325 226 50 Oiseleur).
382 324 61 42 M.
471 324 87 41 Th.
593 324 174 41 Dubois
783 339 69 27 me
872 325 216 42 confirme
1107 328 113 40 dans
1237 337 111 32 cette
1366 331 185 51 opinion
1568 326 130 55 qu'en
1715 329 209 52 musique
1942 342 57 27 on
2033 339 104 42 peut

110 395 195 40 .o-btenir
327 395 77 40 des
425 393 124 41 effets
563 405 120 33 rares
703 404 40 30 et
762 395 238 52 déli-cieux,
1037 411 104 26 avec
1160 411 190 40 presque
1371 400 110 49 rien,
1508 412 104 26 sans
1654 397 143 41 fracas
1825 397 244 41 ambitieux
2094 407 40 31 et

127 477 105 28 sans
254 464 248 51 préciosité.
525 461 64 41 La
603 462 135 49 Jeune
760 463 112 40 Fille
896 464 81 39 àla
1009 464 143 55 cigale
1160 498 7 16 ,
1193 480 105 26 sans
1319 480 172 28 aucune
1509 467 234 41 recherche
1768 468 234 45 imitative,
2028 477 107 31 —et

110 546 132 39 .pour
264 532 77 40 des
364 532 174 40 raisons
560 533 75 50 qui
654 532 324 52 m'échappent,
1066 543 65 31 est
1153 550 58 25 un
1246 536 174 40 modèle
1443 535 303 53 d'expression
1781 538 264 51 appropriée
2079 551 55 26 au

284 600 67 40 En
373 608 93 32 tout
483 600 107 45 cela,
614 600 28 40 il
663 616 26 37 y
712 615 22 25 a
758 616 58 24 un
834 615 103 27 sens
962 602 57 40 du
1044 604 113 52 quod
1180 604 113 40 decet
1301 635 7 14 ,
1334 618 86 26 une
1440 605 278 45 délicatesse,
1745 619 85 26 une
1870 605 192 51 légèreté
2082 605 53 40 de

130 671 135 40 main,
292 683 85 27 une
412 668 193 41 sobriété
634 678 41 39 e{
695 683 84 27 une
801 670 211 51 élégance
1034 685 85 39 que
1152 686 114 27 nous
1293 687 139 26 avons
1475 682 97 43 trop
1594 682 222 32 rarement
1838 679 21 34 à
1885 675 124 40 louer
2032 675 103 41 chez

110 738 2 57 -
131 752 83 26 nos
237 739 362 51 contemporains
632 738 113 40 dans
768 739 77 40 des
871 753 176 27 œuvres
1070 741 57 40 du
1150 746 144 36 même
1314 755 153 38 genre.
1496 741 63 42 Le
1581 745 134 50 piano
1732 744 257 40 convient-il
2015 743 118 48 bien,

132 820 113 39 pour
286 807 473 52 l'accompagnement,
802 812 21 35 à
861 821 71 27 ces
976 809 209 41 Odelettes
1209 814 17 35 ?
1254 811 97 41 Une
1387 812 104 40 flûte
1529 820 43 32 et
1607 826 59 26 un
1696 812 211 40 hautbois
1944 814 192 41 seraient

132 880 219 49 peut-être
376 875 324 53 préférables...

1793 880 47 55 J.
1863 880 47 55 C.

188 1041 188 53 QUATRE
401 1049 171 33 POÈMES
591 1056 56 26 DE
672 1042 59 41 M.
757 1041 202 44 GABRIEL
975 1045 167 49 FABRE,
1161 1050 199 36 CHANTÉS
1381 1061 82 26 PAR
1488 1044 46 42 M
1539 1050 46 19 ME
1606 1044 275 43 GEORGETTE
1904 1046 203 42 LEBLANC-

133 1111 330 40 MAETERLINCK
493 1111 262 49 (CONCERTS
797 1112 253 53 COLONNE).
1091 1137 49 5 —
1166 1114 62 41 De
1251 1128 71 27 ces
1355 1123 156 44 quatre
1548 1129 175 28 œuvres
1753 1116 53 40 de
1844 1115 62 40 M.
1953 1115 182 42 Gabriel

136 1179 158 51 Fabre,
336 1181 107 40 trois
471 1190 101 31 sont
609 1183 155 38 écrites
805 1196 76 27 sur
914 1183 78 40 des
1032 1183 175 52 paroles
1252 1184 53 40 de
1345 1183 62 40 M.
1447 1184 291 40 Maeterlinck
1783 1200 8 25 :
1835 1184 90 40 J'ai
1964 1184 174 41 cherché

132 1255 131 34 trente
308 1264 92 31 ans,
436 1249 58 40 les
543 1249 102 57 Sept
695 1250 135 40 Filles
884 1250 327 49 d'Orlamonde,
1254 1251 210 55 Cantique
1503 1253 51 38 de
1595 1252 39 40 la
1677 1252 157 54 Vierge
1841 1284 8 8 .
1886 1253 31 40 Il
1968 1267 53 27 ne
2066 1268 70 26 me

134 1317 169 41 semble
327 1332 80 39 pas
431 1332 85 39 que
536 1318 39 40 le
599 1321 216 39 musicien
840 1322 58 38 ait
918 1319 103 41 bien
1044 1321 139 39 rendu
1207 1321 40 39 la
1273 1321 237 51 simplicité
1531 1320 177 41 raffinée
1731 1331 41 31 et
1786 1319 170 43 l'allure
1976 1327 134 47 mysté-

136 1387 147 41 rieuse
305 1388 53 40 de
389 1401 70 27 ces
483 1393 197 46 poèmes.
703 1388 189 54 J'aurais
927 1389 206 40 souhaité
1172 1404 59 24 un
1258 1397 428 44 accompagnement
1709 1404 59 25 un
1791 1404 84 37 peu
1896 1390 99 52 plus
2019 1390 119 41 riche

115 1470 5 5 ■
134 1465 39 31 et
198 1457 100 51 plus
323 1456 175 41 trouble
520 1470 115 38 pour
656 1470 69 26 ces
746 1457 176 51 paroles
946 1458 75 50 qui
1037 1471 54 26 ne
1110 1457 148 41 valent
1275 1463 137 45 guère
1430 1471 86 39 que
1538 1471 77 38 par
1637 1458 63 40 les
1719 1462 266 36 résonances
2005 1460 110 39 senti-

134 1525 216 40 mentales
374 1524 184 53 qu'elles
579 1534 294 42 provoquent.
899 1524 63 40 La
982 1525 297 41 déclamation
1302 1535 65 31 est
1385 1525 163 47 bonne,
1571 1539 103 26 avec
1694 1527 218 52 quelques
1945 1526 168 42 bizarre-

134 1595 86 38 ries
240 1593 108 40 dont
369 1607 56 26 on
446 1607 54 26 ne
541 1594 91 39 voit
670 1607 81 38 pas
796 1598 88 35 très
914 1592 103 41 bien
1039 1593 36 40 la
1112 1595 150 40 raison
1297 1596 39 51 («
1373 1604 74 30 ont
1470 1595 186 40 cherché
1678 1595 56 39 les
1755 1602 140 47 portes
1918 1609 38 37 »,
1982 1609 19 24 «
2021 1605 41 31 et
2085 1610 54 27 ne

134 1661 221 52 s'égarent
378 1669 76 46 pas
480 1678 17 19 »
525 1660 28 55 ).
583 1661 37 40 A
644 1662 197 50 signaler
862 1662 217 52 quelques
1102 1663 191 52 emplois
1317 1671 96 32 tout
1442 1668 21 35 à
1489 1663 77 41 fait
1587 1663 195 42 heureux
1806 1665 57 40 du
1888 1665 163 40 silence
2069 1664 67 54 (!),

136 1732 91 51 qui,
254 1732 280 39 intervenant
551 1735 21 35 à
598 1744 180 39 propos,
805 1739 103 44 peut
931 1732 207 51 produire
1156 1732 77 40 des
1256 1731 125 41 effets
1406 1734 35 38 si
1465 1732 259 53 expressifs.

188 1799 62 41 M.
278 1798 182 42 Gabriel
482 1798 144 41 Fabre
641 1799 82 40 m'a
741 1814 109 38 paru
863 1799 232 53 beaucoup
1120 1802 146 38 mieux
1291 1803 169 50 inspiré
1475 1816 79 38 par
1576 1802 39 40 le
1640 1804 247 50 quatrième
1906 1812 111 31 texte
2033 1802 105 54 qu'il

134 1884 22 25 a
182 1869 155 41 choisi.
364 1866 158 42 C'était
561 1883 58 25 un
661 1874 158 46 poème
861 1869 190 51 chinois,
1097 1868 244 41 Li-Taï-Pé
1377 1870 188 49 (Ivresse
1599 1870 237 54 d'amour),
1858 1872 164 40 traduit
2060 1887 80 37 par

134 1937 45 41 M
184 1943 47 17 nie
249 1937 151 55 Judith
428 1934 197 44 Gautier.
655 1936 32 41 Il
710 1946 65 32 est
814 1939 171 51 exquis,
1011 1952 45 26 ce
1081 1943 174 47 poème,
1298 1947 40 32 et
1362 1939 37 51 je
1441 1953 55 26 ne
1533 1941 157 40 résiste
1729 1953 79 39 pas
1833 1955 54 26 au
1909 1941 155 52 plaisir
2086 1941 53 41 de

134 2007 39 40 le
210 2007 107 39 citer
336 2017 15 32 ;
488 2004 27 40 h
1723 2036 6 11 ,

190 2089 19 24 «
234 2074 62 41 Le
315 2084 103 31 vent
442 2077 117 49 agite
581 2075 282 51 doucement,
882 2080 21 35 à
926 2074 189 43 l'entour
1137 2077 58 40 du
1216 2077 141 52 palais
1381 2077 76 40 des
1477 2091 127 36 eaux,
1628 2078 62 39 les
1714 2078 133 40 fleurs
1867 2079 271 41 enbaumées

132 2145 78 41 des
233 2144 275 53 nénuphars.
534 2142 89 43 Sur
645 2144 39 39 la
703 2145 100 51 plus
827 2145 134 40 haute
983 2154 190 32 terrasse
1187 2146 53 40 de
1260 2144 240 53 Kou-Sou,
1527 2160 56 27 on
1609 2155 102 44 peut
1735 2150 255 49 apercevoir
2010 2148 38 40 le
2071 2150 65 39 roi

132 2213 113 44 Lou,
264 2213 163 40 étendu
451 2211 410 43 nonchalamment.

160 2324 5 4 .
184 2295 20 24 «
230 2281 171 41 Devant
427 2282 80 50 lui,
531 2280 161 54 Syché,
713 2279 38 42 la
776 2281 160 42 beauté
959 2286 159 45 même,
1146 2284 140 40 danse
1306 2297 103 27 avec
1433 2298 86 26 une
1541 2287 132 47 grâce
1691 2285 353 52 incomparable,
2060 2286 77 40 des

134 2360 150 41 gestes
306 2350 183 41 délicats
520 2359 41 31 et
585 2364 106 26 sans
711 2348 132 43 force.
872 2374 47 4 —
945 2351 69 40 Ah
1037 2354 64 38 !...

191 2433 18 24 «
239 2418 121 49 Puis,
386 2416 83 43 elle
492 2421 54 39 rit
568 2418 135 42 d'être
735 2421 120 39 aussi
878 2420 417 52 voluptueusement
1314 2421 131 47 lasse,
1465 2430 56 40 et,
1545 2422 326 50 languissante,
1889 2424 119 39 vient
2026 2421 89 54 s'ap-

133 2502 139 39 puyer
292 2488 56 41 du
374 2491 96 38 côté
486 2487 54 41 de
564 2486 204 50 l'Orient,
794 2503 54 26 au
873 2488 159 41 rebord
1060 2489 52 40 de
1137 2490 97 51 jade
1257 2488 131 42 blanc
1408 2490 58 40 du
1486 2491 46 40 lit
1554 2491 137 52 royal.
1722 2514 44 4 —
1792 2491 70 40 Ah
1889 2491 63 40 !...
1977 2505 18 22 »

187 2556 195 41 N'est-ce
405 2571 79 38 pas
505 2571 85 37 que
614 2555 91 42 cela
730 2557 174 53 appelle
947 2558 38 39 la
1026 2560 208 49 musique
1259 2562 15 36 ?
1309 2557 55 42 Et
1406 2559 81 40 elle
1528 2567 66 32 est
1621 2573 143 28 venue
1789 2575 8 33 ;
1824 2562 315 51 une.musique

132 2632 87 35 très
242 2626 340 52 enveloppante,
610 2632 87 34 très
720 2636 230 42 prenante,
976 2625 132 42 d'une
1132 2641 161 26 saveur
1330 2631 200 47 étrange,
1567 2642 105 26 sans
1695 2630 215 40 exotisme
1932 2627 204 53 exagéré.

133 2694 157 41 Aucun
313 2694 78 41 des
416 2703 310 32 mouvements
768 2696 208 52 indiqués
1013 2710 78 38 par
1130 2696 39 40 le
1193 2705 127 38 texte,
1348 2711 170 26 aucune
1538 2697 78 41 des
1640 2698 233 40 inflexions
1894 2700 217 38 sentimen-

116 2764 126 40 tales
266 2761 105 55 qu'il
388 2765 196 51 exprime
605 2762 67 42 n'a
697 2768 69 36 été
785 2766 154 39 traitée
953 2765 133 40 d'une
1103 2764 129 51 façon
1249 2766 294 52 quelconque.
1566 2766 50 54 Je
1640 2780 110 28 vous
1774 2767 175 51 signale
1969 2781 53 26 en
2041 2781 73 39 par-

133 2832 171 41 ticulier
320 2832 38 40 la
384 2835 207 50 musique
612 2833 77 40 des
716 2847 216 38 passages
956 2835 204 40 suivants
1188 2844 8 28 :
1223 2834 37 40 le
1282 2834 68 40 roi
1371 2834 109 48 Lou,
1506 2858 44 4 —
1577 2836 152 39 étendu
1755 2835 383 48 nonchalamment,

118 2902 157 48 '—fies
308 2907 137 47 gestes
480 2901 176 40 délicats
697 2908 35 33 et
754 2917 100 25 sans
884 2903 135 52 force,
1065 2925 53 6 —
1157 2903 388 53 voluptueusement
1577 2903 107 40 lasse
1692 2937 8 12 ,
1728 2928 50 4 —
1817 2914 40 31 et
1895 2914 173 31 surtout
2098 2905 39 40 la

130 2970 167 51 longue
319 2979 41 32 et
395 2972 254 51 expressive
667 2971 198 40 vocalise
884 2974 75 49 qui
985 2986 45 26 se
1054 2972 182 41 déroule
1268 2985 77 28 sur
1373 2973 40 39 le
1432 2975 192 50 premier
1640 2973 69 40 Ah
1735 2975 6 36 !

118 3038 4 55 •
133 3058 6 23 :
182 3038 57 44 Et
274 3040 55 47 là,
372 3039 461 52 incomparablement
889 3041 102 52 plus
1036 3055 86 38 que
1168 3041 111 40 dans
1317 3041 61 40 les
1423 3047 180 46 poèmes
1642 3042 53 40 de
1737 3041 61 42 M.
1825 3042 310 47 Maeterlinck,

127 3107 46 42 M
179 3112 47 23 m?
245 3107 240 52 Georgette
508 3107 513 43 Leblanc-Maeterlinck
1042 3109 334 41 fut-admirable
1400 3121 7 28 :
1440 3110 83 40 elle
1555 3111 162 41 chanta
1740 3125 102 27 avec
1865 3126 87 26 une
1978 3112 140 41 intelli-

128 3190 154 37 gence,
308 3190 83 28 une
416 3180 145 47 grâce,
585 3193 58 25 un
668 3178 209 42 abandon
901 3183 187 44 nuancé,
1115 3180 75 51 qui
1214 3187 100 33 sont
1334 3180 132 40 d'une
1490 3182 151 38 artiste
1665 3180 53 41 de
1743 3192 111 29 race.

183 3351 63 41 LA
281 3366 250 29 SYMPHONIE
582 3369 52 26 EN
672 3355 52 52 fa
770 3370 56 27 DE
873 3355 45 41 M
998 3355 148 42 HENRI
1199 3356 199 40 DALLIER
1445 3355 276 54 (CONCERTS
1772 3356 266 53 COLONNE).

128 3420 48 54 Je
209 3419 112 43 croîs
355 3420 102 46 bien
485 3437 85 37 que
601 3425 36 39 si
665 3423 141 52 j'étais
831 3438 53 26 en
904 3425 128 40 veine
1065 3425 182 40 d'écrire
1275 3425 77 40 des
1379 3426 310 52 symphonies,
1720 3427 8 51 j
1751 3427 106 39 irais
1893 3424 245 42 demander

128 3489 219 52 quelques
370 3489 173 42 bonnes
568 3501 184 33 recettes
776 3497 20 36 à
818 3492 63 40 M.
912 3492 136 41 Henri
1078 3493 179 41 Dallier.
1286 3493 301 48 Décidément,
1613 3503 127 32 notre
1763 3496 228 49 organiste
2014 3495 54 40 de
2096 3494 39 40 la

129 3557 255 47 Madeleine
419 3569 65 32 est
512 3575 76 28 un.
606 3560 152 42 habile
789 3562 199 50 homme,
1015 3571 40 31 et
1084 3576 90 27 non
1208 3562 248 42 seulement
1490 3576 174 29 comme
1688 3565 244 49 organiste,
1966 3576 46 26 ce
2052 3577 85 37 que
