2771 3967
2399 3740 100 95 31

363 246 1940 122 JURISPRUDENCE

347 549 2087 134 MITOYENNETE

468 823 95 45 Nos
592 823 168 44 lecteurs
789 823 117 44 liront
935 826 278 42 certainement
1244 838 96 31 avec
1374 827 75 41 très
1479 824 127 52 grand
1637 828 136 42 intérêt
1804 827 39 43 la
1883 845 23 26 «
1938 831 173 42 causerie
2144 829 208 53 judiciaire
2391 847 21 26 »

345 903 76 33 que
449 885 35 44 le
512 885 160 52 journal
708 903 22 26 «
759 885 61 44 Le
846 885 91 44 Soir
967 903 22 26 »
1024 889 222 41 consacrait
1276 885 284 46 dernièrement
1590 890 23 40 à
1644 905 73 25 une
1749 890 175 49 question
1956 894 66 47 qui
2052 905 150 38 occupe

343 956 106 35 ment
480 947 89 44 bien
599 946 70 45 des
699 947 245 44 architectes.

226 1083 174 52 Quand
440 1082 42 43 le
518 1084 229 42 bâtiment
783 1100 75 32 va,
899 1093 101 34 tout
1033 1099 74 28 va.

223 1144 64 44 Le
322 1147 140 41 vieux
496 1145 235 52 proverbe
769 1164 26 25 a
829 1148 168 42 raison.
1037 1144 86 45 Les
1160 1145 162 44 cabare-

155 1209 107 42 tiers
290 1218 106 33 sont
424 1207 43 43 là
495 1225 118 36 pour
642 1208 41 44 le
713 1208 110 44 dire.
856 1208 118 44 Leur
1003 1208 210 44 clientèle
1242 1208 107 44 s'est

155 1273 212 49 toujours
395 1270 108 45 bien
533 1273 194 40 trouvée
759 1271 83 44 des
871 1282 196 33 travaux
1098 1271 143 52 qu'on
1274 1286 50 27 en-

157 1331 202 52 reprend
387 1334 107 49 près
522 1332 59 42 de
607 1332 113 44 chez
746 1350 103 26 eux.

223 1395 120 43 Mais
369 1395 43 43 la
440 1395 126 53 règle
592 1408 67 32 est
686 1397 229 52 générale.

225 1457 87 44 Les
341 1475 113 35 gens
485 1458 58 43 de
571 1458 63 44 loi
660 1459 283 52 languissent
971 1459 157 53 quand
1157 1459 103 45 l'art
1291 1460 58 43 de

151 1519 123 44 bâtir
309 1520 121 43 subit
468 1538 89 25 une
593 1522 127 42 crise.
763 1520 105 44 Plus
905 1521 61 45 de
999 1522 229 52 querelles
1264 1522 83 44 dès

153 1581 95 45 lors
282 1592 129 33 entre
446 1581 66 44 les
546 1585 207 41 ouvriers
786 1595 45 33 et
863 1583 42 43 le
939 1588 168 41 maître
1141 1585 58 44 de
1232 1584 93 45 l'ou-

152 1660 158 37 vrage.
339 1644 108 44 Plus
470 1645 59 43 de
554 1647 335 42 contesattions
915 1663 75 26 sur
1012 1647 65 44 les
1101 1650 113 49 prix.
1244 1647 105 45 Plus

153 1706 59 44 de
238 1706 214 44 chicanes
479 1710 26 40 à
532 1725 176 35 propos
738 1708 59 44 de
823 1708 171 44 retard.
1025 1709 106 44 Plus
1160 1710 165 44 d'attra-

151 1769 150 52 pades
325 1787 107 25 sous
458 1773 213 48 prétexte
699 1771 58 42 de
782 1771 274 52 malfaçons.

221 1831 121 44 Mais
374 1832 152 52 quelle
559 1832 385 54 métamorphose
977 1833 41 44 le
1051 1838 107 49 jour
1190 1839 59 39 où
1284 1834 65 43 les

151 1911 114 35 gens
315 1912 157 26 cossus
522 1906 282 41 reprennent
854 1896 267 43 confiance!
1174 1896 175 53 Quand

150 1974 118 26 ceux
296 1959 77 50 qui
400 1967 82 33 ont
510 1957 41 43 le
579 1976 77 24 sac
684 1976 48 25 se
762 1958 219 43 décident
1011 1962 26 40 à
1068 1959 156 52 placer
1252 1961 97 43 leur

150 2030 166 42 argent
359 2035 23 28 «
425 2019 118 44 dans
579 2020 66 43 les
682 2023 174 50 pierres
894 2037 42 33 »,
976 2021 115 45 c'est
1126 2040 90 26 une
1254 2025 94 50 joie

151 2091 101 34 tout
291 2082 59 43 de
386 2084 117 41 suite
539 2100 120 35 pour
694 2082 70 44 les
800 2100 249 36 mangeurs
1088 2084 59 44 de
1185 2087 163 52 papier

150 2144 181 43 timbré.
365 2144 153 50 Enfin,
549 2145 126 44 voilà
706 2146 61 43 de
794 2164 217 26 nouveau
1044 2147 61 43 du
1134 2151 109 49 pain
1273 2165 75 26 sur

148 2206 44 43 la
211 2206 217 54 planche.
456 2207 92 53 Qui
573 2219 119 32 terre
716 2227 40 30 a,
785 2226 163 35 guerre
973 2228 40 26 a.
1040 2209 87 44 Les
1152 2212 195 43 artisans

150 2268 59 44 de
244 2268 41 44 la
315 2269 165 53 brique
512 2280 45 34 et
590 2271 61 43 du
682 2273 192 42 mortier
905 2273 208 43 manient
1144 2272 67 45 les
1239 2273 81 44 cho-

145 2348 74 26 ses
254 2334 163 41 écrites
449 2350 117 26 avec
600 2333 300 45 maladresse.
940 2334 33 45 Il
1007 2353 31 35 y
1072 2354 26 25 a
1134 2340 213 48 toujours

151 2411 92 26 une
270 2393 160 45 bonne
456 2405 105 42 part
586 2395 81 44 d'à
693 2413 93 36 peu
812 2399 107 50 près
948 2397 118 44 dans
1092 2398 121 44 leurs
1241 2416 81 27 con-

151 2467 127 36 trats.
319 2458 55 44 Ils
411 2470 81 33 ont
527 2458 166 47 besoin
729 2463 28 41 à
792 2470 102 35 tout
928 2460 119 46 bout
1081 2461 62 46 de
1178 2462 170 54 champ

146 2521 143 54 qu'on
338 2524 165 43 éclaire
548 2524 99 44 leur
691 2524 224 45 lanterne.
965 2526 166 44 Bonne
1177 2528 168 43 affaire

146 2602 120 35 pour
301 2585 65 43 les
400 2587 172 49 robins,
609 2590 248 51 praticiens
891 2599 45 33 et
971 2600 167 39 autres,
1177 2595 78 48 qui
1288 2608 57 26 ne

146 2647 293 45 demandent
479 2648 109 55 qu'à
625 2652 154 43 varier
820 2649 121 46 leurs
981 2653 181 52 plaisirs
1202 2664 45 33 et
1286 2668 58 30 en

145 2722 83 32 ont
255 2715 165 49 jusque
451 2712 268 52 par-dessus
749 2714 43 43 la
823 2718 94 40 tête
949 2715 82 43 des
1065 2715 278 45 discussions

145 2783 45 33 et
217 2773 82 44 des
321 2774 271 53 problèmes
615 2775 58 45 de
696 2776 166 52 loyers.

211 2835 105 45 Une
339 2848 315 40 controverse,
679 2849 102 33 tout
805 2843 27 39 à
856 2839 84 44 fait
965 2840 283 52 d'actualité,
1274 2853 69 33 est

142 2902 100 45 née,
269 2918 28 25 a
322 2903 239 41 ressuscité
585 2902 167 52 plutôt,
781 2902 164 53 depuis
969 2902 279 47 l'armistice.

212 2962 126 44 C'est
364 2963 60 43 du
447 2966 139 41 vieux
607 2964 124 49 neuf,
755 2968 37 40 si
815 2963 96 46 l'on
933 2976 126 39 veut,
1085 2969 119 42 mais
1228 2966 112 46 d'un

142 3027 166 42 intérêt
334 3029 192 47 intense,
557 3044 56 26 en
641 3029 152 41 raison
821 3028 82 43 des
929 3030 317 44 événements.

212 3087 130 44 Dans
381 3089 66 43 les
484 3091 225 51 quartiers
746 3093 240 47 naissants,
1028 3109 91 26 aux
1157 3093 184 43 confins

142 3150 59 44 de
237 3150 421 54 l'agglomération,
700 3152 81 44 des
816 3156 204 41 maisons
1055 3154 166 44 isolées
1258 3166 82 33 ont

146 3216 123 50 surgi
301 3213 60 44 de
391 3224 121 34 terre
543 3217 28 41 à
600 3214 44 44 la
672 3215 139 44 veille
842 3215 60 44 de
933 3215 45 45 la
1007 3234 178 35 guerre.
1220 3216 124 46 Elles

139 3288 106 33 sont
284 3281 170 41 restées
491 3279 165 44 isolées
692 3284 164 49 jusque
894 3291 101 34 tout
1033 3284 300 42 récemment.

210 3340 120 44 Mais
372 3341 67 44 les
480 3342 271 44 hésitations
793 3361 47 26 se
886 3343 236 54 dissipent.
1168 3344 77 46 On
1288 3362 48 25 se

139 3406 152 49 risque
325 3406 27 41 à
386 3404 155 53 parler
574 3404 59 45 de
663 3405 189 53 briques
882 3417 45 33 et
962 3407 58 43 de
1052 3406 281 45 bricaillons.

138 3466 47 43 A
211 3466 153 44 droite
392 3478 45 33 et
463 3470 26 40 à
516 3467 191 54 gauche,
738 3486 60 25 on
827 3486 157 27 creuse
1011 3469 43 44 le
1081 3470 69 44 sol
1180 3481 45 33 et
1254 3470 82 44 des

138 3547 118 35 pans
298 3530 57 43 de
393 3539 126 35 îmirs
559 3534 252 49 émergent.

1493 1084 62 43 Le
1595 1084 225 43 bâtisseur
1860 1085 372 54 d'avant-guerre
2274 1107 46 25 se
2363 1090 139 44 frotte
2543 1092 64 42 les

1424 1148 159 40 mains.

1493 1207 115 44 C'en
1642 1219 68 33 est
1744 1209 123 43 donc
1900 1209 83 44 fait
2016 1210 275 52 d'attendre,
2330 1214 162 51 depuis
2525 1214 82 44 des

1423 1273 186 45 années,
1653 1287 114 26 avec
1805 1288 74 25 ses
1919 1271 121 44 deux
2080 1276 196 49 pignons
2314 1275 206 45 latéraux
2562 1286 43 34 et

1423 1332 195 43 massifs.

1492 1393 86 44 Les
1611 1397 172 40 voisins
1815 1406 117 32 vont
1968 1411 54 27 en
2056 1398 199 50 prendre
2290 1398 96 44 leur
2418 1412 115 39 part.

1490 1455 57 44 Et
1578 1456 42 43 la
1652 1460 164 49 payer!

1490 1517 120 45 Mais
1642 1521 27 41 à
1702 1519 105 53 quel
1840 1521 130 50 prix?

1494 1580 184 44 Cruelle
1738 1584 185 50 énigme
2109 1600 58 26 au
2227 1583 264 46 lendemain
2551 1587 58 43 de

1425 1644 263 43 l'armistice
1863 1663 118 35 pour
2036 1646 41 43 le
2130 1647 210 44 vendeur
2395 1659 44 33 et
2493 1667 116 34 pour

1420 1706 265 46 l'acheteur.

1489 1769 239 54 L'énigme
1764 1785 68 32 est
1864 1772 180 44 résolue
2082 1773 269 45 désormais.
2390 1775 128 44 Nous
2552 1793 56 26 en

1421 1849 149 26 avons
1603 1834 128 50 parlé
1764 1837 27 40 à
1824 1844 119 34 cette
1976 1835 147 53 place.
2163 1835 64 45 La
2260 1837 349 52 jurisprudence

1420 1898 153 48 paraît
1599 1895 134 43 fixée.
1761 1896 31 43 Il
1818 1896 99 45 faut
1940 1915 144 35 payer
2107 1898 42 44 le
2173 1901 102 50 prix
2300 1899 62 44 du
2385 1903 117 49 jour,
2531 1900 52 44 dé-

1425 1955 190 45 duction
1643 1957 111 43 faite
1781 1958 59 44 de
1868 1959 44 43 la
1937 1962 194 43 vétusté.

1489 2020 55 43 Et
1569 2021 279 52 cependant,
1875 2023 41 43 le
1942 2023 141 44 débat
2107 2024 117 44 n'est
2247 2043 83 34 pas
2354 2026 108 49 clos,
2491 2044 88 26 sem-

1418 2082 183 44 ble-t-il.

1558 2145 75 44 On
1664 2164 21 25 s
1707 2150 188 40 évertue
1929 2151 27 40 à
1988 2166 173 35 couper
2196 2150 81 43 des
2310 2151 209 44 cheveux
2551 2170 56 25 en

1421 2218 174 41 quatre.
1632 2208 75 44 On
1742 2212 231 50 interroge
2005 2211 64 43 les
2102 2221 147 35 textes
2279 2223 44 33 et
2355 2213 95 45 l'on
2481 2214 102 43 cher-

1418 2270 86 44 che
1539 2270 81 44 des
1655 2284 268 40 arguments
1958 2273 277 54 d'analogie.

1489 2333 62 43 Le
1594 2350 24 27 «
1660 2334 191 52 Journal
1893 2335 81 44 des
2012 2336 270 45 Tribunaux
2321 2355 23 26 »
2389 2357 24 25 a
2451 2339 157 51 publié

1420 2395 162 44 l'autre
1609 2399 107 50 jour
1742 2414 90 27 une
1861 2398 138 44 étude
2028 2416 74 28 sur
2130 2411 73 33 cet
2232 2401 144 52 objet.
2410 2401 64 45 La
2502 2420 81 26 con-

1419 2457 175 44 clusion
1618 2477 57 26 en
1700 2470 66 33 est
1794 2461 234 52 originale.
2056 2461 97 44 Elle
2175 2474 111 32 vaut
2314 2463 146 45 d'être
2484 2468 100 49 épin-

1418 2520 101 52 glée
1548 2539 56 27 en
1632 2533 190 41 passant
1857 2541 9 25 :

1488 2583 212 45 L'article
1731 2584 85 44 661
1860 2586 61 43 du
1951 2586 133 44 Code
2113 2588 104 44 civil
2246 2601 190 31 raconte
2467 2594 91 40 ceci
2598 2609 8 24 :

1492 2661 23 28 «
1548 2645 124 45 Tout
1704 2650 304 50 propriétaire
2039 2651 212 52 joignant
2279 2670 62 27 un
2375 2669 101 27 mur
2507 2672 24 24 a
2566 2652 41 44 la

1419 2708 170 44 faculté
1625 2709 57 43 de
1716 2709 42 44 le
1791 2710 167 44 rendre
1992 2714 207 51 mitoyen
2234 2731 56 26 en
2323 2724 102 35 tout
2458 2733 59 26 ou
2551 2733 54 26 en

1416 2775 163 48 partie,
1613 2790 56 25 en
1701 2773 326 45 remboursant
2053 2794 59 24 au
2143 2780 165 40 maître
2342 2776 61 44 du
2434 2795 101 27 mur
2566 2779 42 43 la

1418 2836 159 41 moitié
1612 2835 58 43 de
1703 2853 49 26 sa
1783 2835 174 50 valeur,
1995 2855 58 26 ou
2088 2840 158 41 moitié
2282 2840 58 42 de
2373 2840 42 43 la
2449 2840 158 45 valeur

1418 2896 58 44 de
1515 2896 42 44 la
1595 2900 188 50 portion
1823 2899 108 53 qu'il
1970 2911 110 32 veut
2116 2902 167 43 rendre
2321 2905 283 50 mitoyenne,

1415 2971 46 31 et
1484 2962 158 41 moitié
1668 2961 58 43 de
1749 2961 42 43 la
1813 2962 160 44 valeur
1997 2962 61 44 du
2081 2963 69 43 sol
2172 2982 74 25 sur
2267 2963 151 53 lequel
2443 2966 41 43 le
2507 2983 100 26 mur

1415 3032 69 33 est
1510 3022 99 44 bâti
1641 3039 42 28 ».

1484 3096 135 44 Cette
1642 3097 188 45 histoire
1848 3100 66 43 du
1936 3100 68 44 sol
2029 3111 67 33 est
2117 3119 89 26 une
2230 3102 251 45 indication
2505 3107 76 48 pré-

1413 3161 163 42 cieuse.
1607 3160 78 44 S'il
1714 3161 99 44 faut
1838 3162 187 44 acheter
2050 3182 60 25 un
2136 3164 117 44 bout
2283 3164 57 44 de
2366 3169 181 47 terrain,
2577 3166 27 43 il

1414 3233 67 32 est
1524 3222 110 44 clair
1678 3223 109 52 qu'il
1834 3224 97 44 faut
1978 3225 40 44 le
2062 3244 146 34 payer
2250 3246 57 25 au
2351 3230 101 50 prix
2496 3229 107 53 qu'il

1410 3295 113 33 vaut
1555 3303 58 26 au
1646 3299 214 32 moment
1894 3287 58 44 de
1986 3287 184 46 l'achat.

1482 3347 234 54 Pourquoi
1747 3368 56 26 en
1834 3351 151 43 irait-il
2016 3361 261 35 autrement
2309 3354 61 43 du
2400 3357 128 40 mur?

1481 3410 134 50 Mais,
1654 3411 118 44 dans
1805 3413 43 43 la
1883 3415 225 51 pratique,
2148 3415 41 43 le
2220 3415 70 44 sol
2326 3432 57 27 ne
2415 3427 190 43 compte

1409 3490 98 35 pas.
1536 3472 64 45 Le
1625 3477 204 50 premier
1849 3476 227 45 bâtisseur
2102 3477 133 53 place
2260 3496 71 26 ses
2355 3481 198 51 pignons
2578 3483 27 40 à

1408 3535 165 45 cheval
1599 3554 75 27 sur
1700 3538 43 43 la
1767 3538 122 53 ligne
1915 3538 232 47 médiane.
2177 3539 66 46 Ce
2267 3541 119 44 n'est
2410 3559 84 34 pas
2519 3559 83 26 son
