2724 4495
265 3799 126 96 22

434 312 236 97 LA
797 279 483 125 CITÉ
1613 297 457 124 JUIN
2202 294 408 94 1923

390 608 167 65 Hugo
585 603 147 55 avait
759 620 65 35 eu
853 600 180 54 raison
1072 617 31 34 «
1138 597 123 53 Ceci
1289 609 151 40 tuera
1467 594 106 52 cela
1605 611 51 34 ».
1688 592 76 52 Le
1792 590 133 54 livre
1953 588 150 53 avait
2132 587 90 53 tué
2250 585 188 54 l'archi-

391 707 211 41 tecture.
642 689 148 55 Mais
829 688 169 65 Hugo
1037 686 106 53 fait
1183 694 270 42 remonter
1492 693 128 52 trop
1660 678 116 53 loin
1817 675 52 54 la
1910 674 305 55 déchéance.
2263 674 199 52 Certes,

388 781 188 66 depuis
608 780 51 52 la
693 777 85 53 fin
813 777 63 52 de
909 777 52 51 la
994 773 352 55 Renaissance
1380 771 52 50 la
1467 768 285 55 décadence
1785 764 134 54 était
1952 764 67 52 là.
2056 762 148 53 Mais
2239 773 127 42 tout
2401 759 64 54 de

386 867 186 57 même,
614 866 40 53 il
696 865 125 52 faut
863 862 244 53 attendre
1147 879 53 34 ce
1243 877 103 49 que
1389 857 264 53 d'aucuns
1693 867 104 40 ont
1839 851 188 67 appelé
2079 868 31 35 «
2156 851 48 52 le
2249 847 216 67 stupide

382 954 146 54 XIX
531 961 15 17 e
574 952 147 54 siècle
750 970 31 33 »
810 968 145 49 pour
981 950 52 52 la
1063 962 221 40 trouver
1310 942 281 70 complète.

543 1040 423 53 Abandonnant
995 1049 155 40 toute
1177 1034 127 58 idée,
1336 1032 170 54 même
1535 1031 159 56 d'art,
1727 1027 339 57 l'architecte,
2099 1042 74 37 ou
2202 1042 52 36 se
2283 1023 181 54 disant

386 1131 86 57 tel,
505 1129 132 53 était
666 1129 210 52 devenu
912 1144 74 34 un
1017 1122 298 56 marchand
1346 1121 96 66 qui
1474 1138 66 35 ne
1572 1136 49 36 se
1653 1117 229 55 souciait
1912 1116 60 53 ni
2004 1115 63 53 de
2099 1116 52 51 la
2182 1110 193 56 beauté
2406 1110 59 53 ni

382 1218 63 53 de
470 1215 280 66 l'élégance
777 1214 136 53 d'un
940 1211 287 57 bâtiment,
1254 1209 138 53 mais
1420 1208 356 66 uniquement
1804 1204 64 53 de
1895 1220 100 36 son
2025 1213 245 55 rapport.
2302 1196 163 56 Doué

382 1305 164 54 d'une
579 1303 188 53 inertie
800 1300 298 68 esthétique
1131 1300 125 52 bien
1287 1295 428 66 caractéristique
1747 1293 66 54 de
1846 1310 54 36 ce
1934 1305 193 52 temps,
2160 1290 41 53 il
2235 1307 66 35 en
2333 1286 132 54 était

381 1390 170 55 arrivé
602 1390 29 54 à
682 1389 310 65 cataloguer
1040 1388 73 52 les
1164 1387 229 53 diverses
1442 1383 201 68 parties
1693 1382 166 53 d'une
1907 1376 376 56 construction
2337 1387 128 40 tout

379 1497 209 37 comme
623 1497 75 34 un
731 1477 286 53 industriel
1051 1476 282 64 catalogue
1367 1489 78 36 ses
1475 1470 272 68 produits.
1787 1469 148 52 C'est
1971 1465 137 55 ainsi
2141 1465 138 66 qu'il
2316 1463 148 52 avait

381 1568 136 54 dans
547 1585 78 35 ses
656 1566 182 53 tiroirs
870 1566 90 52 des
990 1563 313 55 collections
1333 1561 64 53 de
1427 1559 290 57 corniches,
1751 1558 64 52 de
1845 1557 241 56 balcons,
2121 1553 64 53 de
2217 1550 244 58 fenêtres,

379 1656 64 53 de
487 1667 201 54 portes,
738 1666 94 39 etc.
884 1652 189 52 Toute
1120 1667 56 36 sa
1225 1647 452 55 documentation
1723 1655 330 55 vaguement
2100 1638 181 56 imitée
2329 1638 135 53 d'un

378 1743 233 54 Blondel
664 1759 74 35 ou
790 1741 136 52 d'un
988 1757 32 35 «
1075 1737 242 55 confrère
1370 1754 32 35 »
1456 1752 66 36 en
1573 1751 179 48 vogue
1802 1731 211 67 portait
2066 1730 89 53 des
2208 1726 258 54 numéros

379 1831 271 55 d'ordre...
688 1843 52 40 et
772 1829 107 53 cela
912 1846 50 35 se
997 1827 105 54 fait
1134 1825 211 54 encorel
1380 1823 353 54 L'architecte
1768 1837 123 37 sans
1924 1835 288 49 vergogne,
2249 1816 85 53 s'il
2370 1832 29 35 a
2434 1813 30 52 à

379 1920 219 53 fournir
633 1937 77 34 un
755 1937 31 33 «
824 1916 105 66 joli
965 1934 33 34 »
1033 1915 186 67 projet
1252 1915 91 52 n'a
1379 1912 129 66 qu'à
1547 1909 233 54 recourir
1815 1909 30 52 à
1882 1925 79 36 ses
1994 1920 241 43 cartons;
2274 1905 40 53 il
2350 1903 114 53 fera

381 2027 104 35 une
509 2006 377 55 combinaison
912 2005 63 52 de
998 2004 52 53 la
1075 2003 247 53 corniche
1346 2006 62 47 n°
1446 2018 19 35 i
1501 2017 123 35 avec
1649 1999 74 52 les
1746 1995 230 55 fenêtres
2000 2003 63 45 n°
2094 2013 35 48 4
2155 2008 52 39 et
2232 1994 51 52 la
2309 2004 157 54 porte

381 2103 61 47 n°
478 2113 59 50 3;
571 2097 46 50 le
649 2108 128 39 tour
805 2109 110 37 sera
945 2090 146 67 joué.
1124 2091 81 53 La
1237 2088 186 67 façade
1454 2088 207 66 surgira
1694 2085 152 53 ainsi.
1881 2084 162 53 Vous
2074 2099 221 50 pouvez
2325 2097 142 35 vous

378 2183 262 68 imaginer
665 2182 231 53 l'effet...
927 2180 147 54 Mais
1100 2179 39 53 il
1166 2179 193 53 n'aura
1387 2194 99 50 pas
1512 2173 210 56 torturé
1750 2192 76 35 ses
1854 2171 289 69 précieuses
2170 2169 294 67 méninges,

383 2291 129 35 aura
546 2271 233 54 satisfait
813 2287 76 36 un
923 2269 161 54 client
1116 2267 98 68 qui
1248 2286 29 34 a
1322 2284 32 35 «
1392 2265 228 54 horreur
1653 2264 76 54 du
1762 2278 257 37 nouveau
2056 2278 32 36 »
2123 2273 52 39 et
2208 2258 116 67 qui,
2359 2257 81 53 lui-

382 2359 185 59 même,
608 2372 76 41 est
720 2357 242 67 partisan
1000 2356 75 52 du
1113 2353 251 53 moindre
1401 2351 187 53 effort.
1628 2349 75 54 Le
1741 2348 272 53 bâtiment
2051 2363 110 36 sera
2211 2363 30 35 «
2284 2344 28 54 à
2352 2344 115 52 bon

382 2448 213 55 compte
618 2455 50 33 ».
692 2434 192 66 Quant
904 2450 110 35 aux
1037 2443 177 41 autres
1234 2427 445 58 considérations,
1703 2427 126 52 c'est
1850 2425 46 53 le
1917 2423 152 53 cadet
2090 2423 64 53 de
2175 2439 78 36 ses
2273 2419 192 55 soucis.

543 2512 159 52 Tout
734 2526 207 37 comme
973 2508 72 53 les
1078 2519 178 41 autres
1289 2518 127 45 arts,
1450 2504 39 54 il
1522 2504 237 66 importe
1794 2502 64 53 de
1889 2500 154 54 baser
2075 2498 394 54 l'architecture

383 2619 92 35 sur
517 2617 104 36 une
659 2598 142 54 saine
842 2597 195 53 raison.
1079 2596 75 53 Le
1192 2596 151 66 plan,
1388 2592 331 58 l'élévation,
1762 2591 54 53 la
1856 2606 190 51 coupe,
2091 2587 229 54 doivent
2362 2584 107 54 être

382 2706 197 50 conçus
608 2687 403 67 parallèlement
1042 2702 122 36 avec
1195 2685 51 53 la
1279 2681 425 70 préoccupation
1736 2681 63 53 de
1830 2678 134 54 faire
2006 2696 32 36 «
2072 2677 140 53 beau
2246 2695 52 39 »,
2331 2673 139 55 mais

383 2777 141 54 aussi
550 2777 62 52 de
639 2776 132 53 faire
805 2794 32 34 «
867 2775 123 53 bien
1020 2792 49 35 ».
1097 2773 161 54 Nous
1285 2789 173 37 avons
1483 2771 46 53 le
1557 2770 189 53 devoir
1774 2768 62 54 de
1863 2768 181 58 laisser
2069 2784 146 49 pour
2241 2762 229 56 l'avenir

385 2884 104 34 une
523 2883 180 35 œuvre
738 2864 63 53 de
833 2876 157 41 notre
1025 2861 224 67 époque.
1286 2860 123 67 Que
1444 2859 232 54 diraient
1709 2874 103 37 nos
1848 2855 478 56 arrières-neveux,
2363 2867 107 51 que

381 2953 429 67 penseraient-ils
857 2951 65 54 de
970 2950 169 55 nous?
1195 2949 166 67 Quoi,
1413 2965 142 37 nous
1602 2945 287 56 n'aurions
1936 2942 80 55 été
2066 2941 250 69 capables
2364 2956 106 50 que

382 3041 239 55 d'imiter
644 3043 125 66 plus
793 3058 75 37 ou
893 3040 180 53 moins
1097 3040 52 52 la
1173 3038 352 55 Renaissance
1549 3049 52 42 et
1625 3036 47 54 le
1695 3052 203 50 moyen
1926 3033 125 68 âge?
2080 3033 96 53 Au
2203 3045 178 51 temps
2408 3029 63 53 de

381 3130 318 55 l'électricité
746 3143 51 39 et
843 3129 90 53 des
979 3142 159 39 autos
1182 3146 142 35 nous
1371 3125 223 55 aurions
1639 3121 261 58 continué
1948 3123 30 53 à
2024 3120 147 55 bâtir
2220 3138 64 34 en
2334 3116 136 68 style

381 3218 172 56 Louis
578 3218 174 53 XVI?
783 3217 162 54 Nous
970 3236 65 34 ne
1061 3233 232 37 sommes
1317 3214 127 69 plus
1469 3214 59 53 ni
1554 3213 89 54 des
1670 3213 183 54 talons
1881 3228 210 50 rouges,
2121 3208 59 54 ni
2207 3208 91 53 des
2325 3223 106 37 mar-

382 3308 124 66 quis
545 3307 252 67 poudrés.
842 3307 264 53 Hommes
1145 3306 64 53 de
1248 3318 156 40 notre
1445 3318 193 52 temps,
1681 3320 144 35 nous
1865 3299 243 55 voulons
2150 3316 105 35 une
2298 3294 144 55 archi-

383 3410 200 40 tecture
608 3397 62 52 de
696 3408 157 41 notre
879 3407 190 55 temps.

543 3483 98 60 Là,
678 3483 181 68 s'érige
893 3501 105 36 une
1030 3482 213 55 maison
1275 3480 178 55 imitée
1486 3481 63 54 de
1581 3478 255 69 l'époque
1868 3476 284 68 gothique,
2189 3471 282 57 voisinant

386 3591 123 35 avec
548 3591 77 35 un
661 3571 152 55 hôtel
853 3571 149 55 imité
1040 3572 75 52 du
1163 3589 33 35 «
1235 3571 220 55 Rococo
1497 3588 32 35 »
1569 3582 52 41 et
1660 3586 77 36 un
1778 3577 307 44 restaurant
2123 3561 151 57 imité
2315 3561 65 53 de
2419 3558 52 55 la
