<?xml version="1.0" encoding="UTF-8"?>
<alto xmlns:xsi="http://www.w3.org/2001/XMLSchema-instance" xmlns="http://www.loc.gov/standards/alto/ns-v2#" xsi:schemaLocation="http://www.loc.gov/standards/alto/ns-v2# http://www.loc.gov/standards/alto/alto-v2.0.xsd" xmlns:xlink="http://www.w3.org/1999/xlink">
	<Description>
		<MeasurementUnit>mm10</MeasurementUnit>
		<sourceImageInformation>
			<fileName>//fileserver7/IN2/Princeton/Batch3/bmtnaac/1923/06_01/00000013.tif</fileName>
		</sourceImageInformation>
		<OCRProcessing ID="OCRPROCESSING_1">
			<preProcessingStep>
				<processingSoftware>
					<softwareCreator>CCS Content Conversion Specialists GmbH, Germany</softwareCreator>
					<softwareName>CCS docWORKS</softwareName>
					<softwareVersion>6.6-1.18</softwareVersion>
				</processingSoftware>
			</preProcessingStep>
			<ocrProcessingStep>
				<processingSoftware>
					<softwareCreator>ABBYY (BIT Software), Russia</softwareCreator>
					<softwareName>FineReader</softwareName>
					<softwareVersion>10.0</softwareVersion>
				</processingSoftware>
			</ocrProcessingStep>
		</OCRProcessing>
	</Description>
	<Styles>
		<TextStyle ID="TXT_0" FONTSIZE="22" FONTFAMILY="Courier New"/>
		<TextStyle ID="TXT_1" FONTSIZE="40" FONTFAMILY="Times New Roman"/>
		<TextStyle ID="TXT_2" FONTSIZE="15" FONTFAMILY="Times New Roman"/>
		<ParagraphStyle ID="PAR_RIGHT" ALIGN="Right"/>
		<ParagraphStyle ID="PAR_LEFT" ALIGN="Left"/>
		<ParagraphStyle ID="PAR_BLOCK" ALIGN="Block"/>
	</Styles>
	<Layout>
		<Page ID="P13" PHYSICAL_IMG_NR="13" HEIGHT="3967" WIDTH="2771" PRINTED_IMG_NR="27" PC="0.946">
			<TopMargin ID="P13_TM00001" HPOS="0" VPOS="0" WIDTH="2771" HEIGHT="240"/>
			<LeftMargin ID="P13_LM00001" HPOS="0" VPOS="240" WIDTH="162" HEIGHT="3498"/>
			<RightMargin ID="P13_RM00001" HPOS="2629" VPOS="240" WIDTH="142" HEIGHT="3498"/>
			<BottomMargin ID="P13_BM00001" HPOS="0" VPOS="3738" WIDTH="2771" HEIGHT="229">
				<TextBlock ID="P13_TB00001" HPOS="2409" VPOS="3740" WIDTH="123" HEIGHT="94" STYLEREFS="TXT_0 PAR_RIGHT">
					<TextLine ID="P13_TL00001" HPOS="2409" VPOS="3740" WIDTH="123" HEIGHT="94">
						<String ID="P13_ST00001" HPOS="2409" VPOS="3740" WIDTH="123" HEIGHT="94" CONTENT="27" WC="1.00" CC="00"/>
					</TextLine>
				</TextBlock>
			</BottomMargin>
			<PrintSpace ID="P13_PS00001" HPOS="162" VPOS="240" WIDTH="2467" HEIGHT="3498">
				<TextBlock ID="P13_TB00002" HPOS="413" VPOS="240" WIDTH="1888" HEIGHT="114" STYLEREFS="TXT_1 PAR_LEFT">
					<TextLine ID="P13_TL00002" HPOS="413" VPOS="241" WIDTH="1885" HEIGHT="113">
						<String ID="P13_ST00002" HPOS="413" VPOS="241" WIDTH="1885" HEIGHT="113" CONTENT="TECHNOLOGIE" WC="1.00" CC="54000003004"/>
					</TextLine>
				</TextBlock>
				<TextBlock ID="P13_TB00003" HPOS="163" VPOS="543" WIDTH="1200" HEIGHT="1378" STYLEREFS="TXT_2 PAR_BLOCK">
					<TextLine ID="P13_TL00003" HPOS="167" VPOS="544" WIDTH="1193" HEIGHT="53">
						<String ID="P13_ST00003" HPOS="167" VPOS="557" WIDTH="109" HEIGHT="38" CONTENT="port" WC="0.51" CC="5670"/>
						<SP ID="P13_SP00001" HPOS="276" VPOS="595" WIDTH="34"/>
						<String ID="P13_ST00004" HPOS="310" VPOS="544" WIDTH="64" HEIGHT="43" CONTENT="les" WC="0.94" CC="465"/>
						<SP ID="P13_SP00002" HPOS="374" VPOS="595" WIDTH="33"/>
						<String ID="P13_ST00005" HPOS="407" VPOS="544" WIDTH="249" HEIGHT="43" CONTENT="méthodes" WC="0.99" CC="26001930"/>
						<SP ID="P13_SP00003" HPOS="656" VPOS="595" WIDTH="33"/>
						<String ID="P13_ST00006" HPOS="689" VPOS="545" WIDTH="57" HEIGHT="42" CONTENT="de" WC="1.00" CC="00"/>
						<SP ID="P13_SP00004" HPOS="746" VPOS="595" WIDTH="35"/>
						<String ID="P13_ST00007" HPOS="781" VPOS="545" WIDTH="250" HEIGHT="52" CONTENT="chauffage" WC="0.99" CC="060065000"/>
						<SP ID="P13_SP00005" HPOS="1031" VPOS="597" WIDTH="33"/>
						<String ID="P13_ST00008" HPOS="1064" VPOS="545" WIDTH="195" HEIGHT="44" CONTENT="usuelles" WC="1.00" CC="00003100"/>
						<SP ID="P13_SP00006" HPOS="1259" VPOS="597" WIDTH="33"/>
						<String ID="P13_ST00009" HPOS="1292" VPOS="556" WIDTH="68" HEIGHT="33" CONTENT="est" WC="0.99" CC="020"/>
					</TextLine>
					<TextLine ID="P13_TL00004" HPOS="169" VPOS="607" WIDTH="1190" HEIGHT="52">
						<String ID="P13_ST00010" HPOS="169" VPOS="623" WIDTH="168" HEIGHT="26" CONTENT="encore" WC="0.98" CC="080060"/>
						<SP ID="P13_SP00007" HPOS="337" VPOS="649" WIDTH="35"/>
						<String ID="P13_ST00011" HPOS="372" VPOS="609" WIDTH="222" HEIGHT="40" CONTENT="accentué" WC="0.99" CC="80010004"/>
						<SP ID="P13_SP00008" HPOS="594" VPOS="649" WIDTH="34"/>
						<String ID="P13_ST00012" HPOS="628" VPOS="623" WIDTH="85" HEIGHT="35" CONTENT="par" WC="0.96" CC="009"/>
						<SP ID="P13_SP00009" HPOS="713" VPOS="658" WIDTH="33"/>
						<String ID="P13_ST00013" HPOS="746" VPOS="609" WIDTH="113" HEIGHT="40" CONTENT="suite" WC="1.00" CC="00100"/>
						<SP ID="P13_SP00010" HPOS="859" VPOS="658" WIDTH="37"/>
						<String ID="P13_ST00014" HPOS="896" VPOS="607" WIDTH="59" HEIGHT="42" CONTENT="de" WC="0.98" CC="00"/>
						<SP ID="P13_SP00011" HPOS="955" VPOS="658" WIDTH="32"/>
						<String ID="P13_ST00015" HPOS="987" VPOS="625" WIDTH="53" HEIGHT="26" CONTENT="ce" WC="1.00" CC="00"/>
						<SP ID="P13_SP00012" HPOS="1040" VPOS="658" WIDTH="35"/>
						<String ID="P13_ST00016" HPOS="1075" VPOS="625" WIDTH="87" HEIGHT="34" CONTENT="que" WC="1.00" CC="000"/>
						<SP ID="P13_SP00013" HPOS="1162" VPOS="659" WIDTH="35"/>
						<String ID="P13_ST00017" HPOS="1197" VPOS="608" WIDTH="139" HEIGHT="43" CONTENT="l'habi" SUBS_TYPE="HypPart1" SUBS_CONTENT="l'habitude" WC="0.99" CC="230001"/>
						<HYP HPOS="1336" VPOS="608" WIDTH="23" CONTENT="-"/>
					</TextLine>
					<TextLine ID="P13_TL00005" HPOS="167" VPOS="668" WIDTH="1193" HEIGHT="46">
						<String ID="P13_ST00018" HPOS="167" VPOS="672" WIDTH="113" HEIGHT="38" CONTENT="tude" SUBS_TYPE="HypPart2" SUBS_CONTENT="l'habitude" WC="0.97" CC="0660"/>
						<SP ID="P13_SP00014" HPOS="280" VPOS="710" WIDTH="33"/>
						<String ID="P13_ST00019" HPOS="313" VPOS="668" WIDTH="220" HEIGHT="44" CONTENT="séculaire" WC="0.99" CC="240040420"/>
						<SP ID="P13_SP00015" HPOS="533" VPOS="712" WIDTH="34"/>
						<String ID="P13_ST00020" HPOS="567" VPOS="669" WIDTH="58" HEIGHT="43" CONTENT="de" WC="1.00" CC="00"/>
						<SP ID="P13_SP00016" HPOS="625" VPOS="712" WIDTH="31"/>
						<String ID="P13_ST00021" HPOS="656" VPOS="686" WIDTH="49" HEIGHT="26" CONTENT="se" WC="0.70" CC="50"/>
						<SP ID="P13_SP00017" HPOS="705" VPOS="712" WIDTH="34"/>
						<String ID="P13_ST00022" HPOS="739" VPOS="669" WIDTH="213" HEIGHT="43" CONTENT="chauffer" WC="0.99" CC="07004500"/>
						<SP ID="P13_SP00018" HPOS="952" VPOS="712" WIDTH="33"/>
						<String ID="P13_ST00023" HPOS="985" VPOS="669" WIDTH="175" HEIGHT="44" CONTENT="devant" WC="1.00" CC="000000"/>
						<SP ID="P13_SP00019" HPOS="1160" VPOS="713" WIDTH="30"/>
						<String ID="P13_ST00024" HPOS="1190" VPOS="688" WIDTH="59" HEIGHT="26" CONTENT="un" WC="1.00" CC="00"/>
						<SP ID="P13_SP00020" HPOS="1249" VPOS="714" WIDTH="35"/>
						<String ID="P13_ST00025" HPOS="1284" VPOS="669" WIDTH="76" HEIGHT="43" CONTENT="feu" WC="0.96" CC="530"/>
					</TextLine>
					<TextLine ID="P13_TL00006" HPOS="167" VPOS="730" WIDTH="1192" HEIGHT="54">
						<String ID="P13_ST00026" HPOS="167" VPOS="730" WIDTH="238" HEIGHT="44" CONTENT="lumineux" WC="0.99" CC="30007000"/>
						<SP ID="P13_SP00021" HPOS="405" VPOS="774" WIDTH="23"/>
						<String ID="P13_ST00027" HPOS="428" VPOS="731" WIDTH="59" HEIGHT="42" CONTENT="de" WC="1.00" CC="00"/>
						<SP ID="P13_SP00022" HPOS="487" VPOS="774" WIDTH="21"/>
						<String ID="P13_ST00028" HPOS="508" VPOS="731" WIDTH="106" HEIGHT="42" CONTENT="bois" WC="1.00" CC="0010"/>
						<SP ID="P13_SP00023" HPOS="614" VPOS="774" WIDTH="21"/>
						<String ID="P13_ST00029" HPOS="635" VPOS="748" WIDTH="61" HEIGHT="25" CONTENT="ou" WC="0.76" CC="04"/>
						<SP ID="P13_SP00024" HPOS="696" VPOS="774" WIDTH="102"/>
						<String ID="P13_ST00030" HPOS="798" VPOS="731" WIDTH="208" HEIGHT="43" CONTENT="charbon" WC="1.00" CC="0500000"/>
						<SP ID="P13_SP00025" HPOS="1006" VPOS="774" WIDTH="22"/>
						<String ID="P13_ST00031" HPOS="1028" VPOS="748" WIDTH="169" HEIGHT="36" CONTENT="pousse" WC="0.99" CC="000060"/>
						<SP ID="P13_SP00026" HPOS="1197" VPOS="784" WIDTH="21"/>
						<String ID="P13_ST00032" HPOS="1218" VPOS="733" WIDTH="113" HEIGHT="42" CONTENT="beau" SUBS_TYPE="HypPart1" SUBS_CONTENT="beaucoup" WC="1.00" CC="0000"/>
						<HYP HPOS="1331" VPOS="733" WIDTH="28" CONTENT="-"/>
					</TextLine>
					<TextLine ID="P13_TL00007" HPOS="165" VPOS="792" WIDTH="1197" HEIGHT="53">
						<String ID="P13_ST00033" HPOS="165" VPOS="809" WIDTH="124" HEIGHT="35" CONTENT="coup" SUBS_TYPE="HypPart2" SUBS_CONTENT="beaucoup" WC="0.99" CC="0500"/>
						<SP ID="P13_SP00027" HPOS="289" VPOS="844" WIDTH="26"/>
						<String ID="P13_ST00034" HPOS="315" VPOS="792" WIDTH="58" HEIGHT="43" CONTENT="de" WC="1.00" CC="00"/>
						<SP ID="P13_SP00028" HPOS="373" VPOS="844" WIDTH="23"/>
						<String ID="P13_ST00035" HPOS="396" VPOS="808" WIDTH="257" HEIGHT="36" CONTENT="personnes" WC="1.00" CC="013000000"/>
						<SP ID="P13_SP00029" HPOS="653" VPOS="844" WIDTH="23"/>
						<String ID="P13_ST00036" HPOS="676" VPOS="796" WIDTH="27" HEIGHT="40" CONTENT="à" WC="0.32" CC="6"/>
						<SP ID="P13_SP00030" HPOS="703" VPOS="844" WIDTH="22"/>
						<String ID="P13_ST00037" HPOS="725" VPOS="792" WIDTH="270" HEIGHT="44" CONTENT="rechercher" WC="1.00" CC="0006000504"/>
						<SP ID="P13_SP00031" HPOS="995" VPOS="844" WIDTH="23"/>
						<String ID="P13_ST00038" HPOS="1018" VPOS="810" WIDTH="90" HEIGHT="26" CONTENT="une" WC="1.00" CC="000"/>
						<SP ID="P13_SP00032" HPOS="1108" VPOS="844" WIDTH="24"/>
						<String ID="P13_ST00039" HPOS="1132" VPOS="797" WIDTH="202" HEIGHT="48" CONTENT="tempéra" SUBS_TYPE="HypPart1" SUBS_CONTENT="température" WC="0.99" CC="0000450"/>
						<HYP HPOS="1334" VPOS="797" WIDTH="28" CONTENT="-"/>
					</TextLine>
					<TextLine ID="P13_TL00008" HPOS="167" VPOS="854" WIDTH="1193" HEIGHT="53">
						<String ID="P13_ST00040" HPOS="167" VPOS="865" WIDTH="100" HEIGHT="31" CONTENT="ture" SUBS_TYPE="HypPart2" SUBS_CONTENT="température" WC="0.97" CC="4080"/>
						<SP ID="P13_SP00033" HPOS="267" VPOS="896" WIDTH="44"/>
						<String ID="P13_ST00041" HPOS="311" VPOS="857" WIDTH="227" HEIGHT="49" CONTENT="exagérée" WC="1.00" CC="00004020"/>
						<SP ID="P13_SP00034" HPOS="538" VPOS="906" WIDTH="46"/>
						<String ID="P13_ST00042" HPOS="584" VPOS="854" WIDTH="117" HEIGHT="44" CONTENT="dans" WC="1.00" CC="0000"/>
						<SP ID="P13_SP00035" HPOS="701" VPOS="906" WIDTH="42"/>
						<String ID="P13_ST00043" HPOS="743" VPOS="855" WIDTH="66" HEIGHT="43" CONTENT="les" WC="0.98" CC="400"/>
						<SP ID="P13_SP00036" HPOS="809" VPOS="906" WIDTH="42"/>
						<String ID="P13_ST00044" HPOS="851" VPOS="858" WIDTH="155" HEIGHT="49" CONTENT="pièces" WC="1.00" CC="005000"/>
						<SP ID="P13_SP00037" HPOS="1006" VPOS="907" WIDTH="43"/>
						<String ID="P13_ST00045" HPOS="1049" VPOS="855" WIDTH="242" HEIGHT="45" CONTENT="chauffées" WC="0.99" CC="070066600"/>
						<SP ID="P13_SP00038" HPOS="1291" VPOS="907" WIDTH="41"/>
						<String ID="P13_ST00046" HPOS="1332" VPOS="858" WIDTH="28" HEIGHT="40" CONTENT="à" WC="0.38" CC="6"/>
					</TextLine>
					<TextLine ID="P13_TL00009" HPOS="167" VPOS="916" WIDTH="713" HEIGHT="54">
						<String ID="P13_ST00047" HPOS="167" VPOS="916" WIDTH="140" HEIGHT="43" CONTENT="l'aide" WC="0.99" CC="516000"/>
						<SP ID="P13_SP00039" HPOS="307" VPOS="959" WIDTH="26"/>
						<String ID="P13_ST00048" HPOS="333" VPOS="917" WIDTH="284" HEIGHT="53" CONTENT="d'appareils" WC="1.00" CC="02000050406"/>
						<SP ID="P13_SP00040" HPOS="617" VPOS="970" WIDTH="23"/>
						<String ID="P13_ST00049" HPOS="640" VPOS="921" WIDTH="27" HEIGHT="40" CONTENT="à" WC="0.65" CC="3"/>
						<SP ID="P13_SP00041" HPOS="667" VPOS="970" WIDTH="20"/>
						<String ID="P13_ST00050" HPOS="687" VPOS="935" WIDTH="193" HEIGHT="35" CONTENT="vapeur." WC="0.98" CC="0700922"/>
					</TextLine>
					<TextLine ID="P13_TL00010" HPOS="238" VPOS="990" WIDTH="1121" HEIGHT="55">
						<String ID="P13_ST00051" HPOS="238" VPOS="1007" WIDTH="24" HEIGHT="27" CONTENT="»" WC="0.41" CC="5"/>
						<SP ID="P13_SP00042" HPOS="262" VPOS="1034" WIDTH="36"/>
						<String ID="P13_ST00052" HPOS="298" VPOS="990" WIDTH="32" HEIGHT="44" CONTENT="11" WC="0.51" CC="53"/>
						<SP ID="P13_SP00043" HPOS="330" VPOS="1034" WIDTH="33"/>
						<String ID="P13_ST00053" HPOS="363" VPOS="1001" WIDTH="68" HEIGHT="33" CONTENT="est" WC="1.00" CC="000"/>
						<SP ID="P13_SP00044" HPOS="431" VPOS="1034" WIDTH="32"/>
						<String ID="P13_ST00054" HPOS="463" VPOS="1002" WIDTH="215" HEIGHT="34" CONTENT="constant" WC="1.00" CC="00000000"/>
						<SP ID="P13_SP00045" HPOS="678" VPOS="1036" WIDTH="33"/>
						<String ID="P13_ST00055" HPOS="711" VPOS="992" WIDTH="140" HEIGHT="53" CONTENT="qu'un" WC="0.99" CC="00400"/>
						<SP ID="P13_SP00046" HPOS="851" VPOS="1045" WIDTH="34"/>
						<String ID="P13_ST00056" HPOS="885" VPOS="994" WIDTH="115" HEIGHT="51" CONTENT="petit" WC="1.00" CC="00020"/>
						<SP ID="P13_SP00047" HPOS="1000" VPOS="1045" WIDTH="30"/>
						<String ID="P13_ST00057" HPOS="1030" VPOS="992" WIDTH="235" HEIGHT="44" CONTENT="radiateur" WC="0.99" CC="400400309"/>
						<SP ID="P13_SP00048" HPOS="1265" VPOS="1045" WIDTH="31"/>
						<String ID="P13_ST00058" HPOS="1296" VPOS="992" WIDTH="42" HEIGHT="44" CONTENT="lu" SUBS_TYPE="HypPart1" SUBS_CONTENT="lumineux," WC="0.95" CC="44"/>
						<HYP HPOS="1338" VPOS="992" WIDTH="21" CONTENT="-"/>
					</TextLine>
					<TextLine ID="P13_TL00011" HPOS="166" VPOS="1055" WIDTH="1196" HEIGHT="52">
						<String ID="P13_ST00059" HPOS="166" VPOS="1055" WIDTH="201" HEIGHT="46" CONTENT="mineux," SUBS_TYPE="HypPart2" SUBS_CONTENT="lumineux," WC="1.00" CC="0800000"/>
						<SP ID="P13_SP00049" HPOS="367" VPOS="1101" WIDTH="59"/>
						<String ID="P13_ST00060" HPOS="426" VPOS="1057" WIDTH="154" HEIGHT="40" CONTENT="même" WC="1.00" CC="0000"/>
						<SP ID="P13_SP00050" HPOS="580" VPOS="1101" WIDTH="57"/>
						<String ID="P13_ST00061" HPOS="637" VPOS="1055" WIDTH="212" HEIGHT="43" CONTENT="donnant" WC="1.00" CC="0100000"/>
						<SP ID="P13_SP00051" HPOS="849" VPOS="1101" WIDTH="52"/>
						<String ID="P13_ST00062" HPOS="901" VPOS="1072" WIDTH="90" HEIGHT="26" CONTENT="une" WC="1.00" CC="000"/>
						<SP ID="P13_SP00052" HPOS="991" VPOS="1101" WIDTH="55"/>
						<String ID="P13_ST00063" HPOS="1046" VPOS="1057" WIDTH="316" HEIGHT="50" CONTENT="température" WC="1.00" CC="00005208000"/>
					</TextLine>
					<TextLine ID="P13_TL00012" HPOS="165" VPOS="1116" WIDTH="1195" HEIGHT="54">
						<String ID="P13_ST00064" HPOS="165" VPOS="1133" WIDTH="49" HEIGHT="24" CONTENT="n." WC="0.19" CC="87"/>
						<SP ID="P13_SP00053" HPOS="214" VPOS="1157" WIDTH="16"/>
						<String ID="P13_ST00065" HPOS="230" VPOS="1116" WIDTH="165" HEIGHT="49" CONTENT="oindre," WC="0.99" CC="8070001"/>
						<SP ID="P13_SP00054" HPOS="395" VPOS="1165" WIDTH="36"/>
						<String ID="P13_ST00066" HPOS="431" VPOS="1116" WIDTH="191" HEIGHT="53" CONTENT="produit" WC="1.00" CC="0000004"/>
						<SP ID="P13_SP00055" HPOS="622" VPOS="1169" WIDTH="30"/>
						<String ID="P13_ST00067" HPOS="652" VPOS="1117" WIDTH="311" HEIGHT="52" CONTENT="l'impression" WC="1.00" CC="043004020400"/>
						<SP ID="P13_SP00056" HPOS="963" VPOS="1169" WIDTH="32"/>
						<String ID="P13_ST00068" HPOS="995" VPOS="1117" WIDTH="218" HEIGHT="53" CONTENT="agréable" WC="0.99" CC="00450030"/>
						<SP ID="P13_SP00057" HPOS="1213" VPOS="1170" WIDTH="35"/>
						<String ID="P13_ST00069" HPOS="1248" VPOS="1117" WIDTH="112" HEIGHT="44" CONTENT="d'un" WC="0.99" CC="0400"/>
					</TextLine>
					<TextLine ID="P13_TL00013" HPOS="165" VPOS="1178" WIDTH="1197" HEIGHT="52">
						<String ID="P13_ST00070" HPOS="165" VPOS="1178" WIDTH="254" HEIGHT="52" CONTENT="chauffage" WC="1.00" CC="000065000"/>
						<SP ID="P13_SP00058" HPOS="419" VPOS="1230" WIDTH="38"/>
						<String ID="P13_ST00071" HPOS="457" VPOS="1182" WIDTH="91" HEIGHT="40" CONTENT="très" WC="0.97" CC="0443"/>
						<SP ID="P13_SP00059" HPOS="548" VPOS="1230" WIDTH="37"/>
						<String ID="P13_ST00072" HPOS="585" VPOS="1179" WIDTH="236" HEIGHT="50" CONTENT="suffisant;" WC="0.99" CC="0056500005"/>
						<SP ID="P13_SP00060" HPOS="821" VPOS="1230" WIDTH="41"/>
						<String ID="P13_ST00073" HPOS="862" VPOS="1183" WIDTH="26" HEIGHT="39" CONTENT="à" WC="0.54" CC="4"/>
						<SP ID="P13_SP00061" HPOS="888" VPOS="1230" WIDTH="36"/>
						<String ID="P13_ST00074" HPOS="924" VPOS="1184" WIDTH="99" HEIGHT="40" CONTENT="vrai" WC="0.98" CC="0702"/>
						<SP ID="P13_SP00062" HPOS="1023" VPOS="1230" WIDTH="39"/>
						<String ID="P13_ST00075" HPOS="1062" VPOS="1181" WIDTH="110" HEIGHT="48" CONTENT="dire," WC="0.99" CC="04000"/>
						<SP ID="P13_SP00063" HPOS="1172" VPOS="1230" WIDTH="42"/>
						<String ID="P13_ST00076" HPOS="1214" VPOS="1179" WIDTH="42" HEIGHT="45" CONTENT="le" WC="1.00" CC="00"/>
						<SP ID="P13_SP00064" HPOS="1256" VPOS="1230" WIDTH="37"/>
						<String ID="P13_ST00077" HPOS="1293" VPOS="1198" WIDTH="46" HEIGHT="26" CONTENT="ra" SUBS_TYPE="HypPart1" SUBS_CONTENT="radiateur" WC="0.98" CC="10"/>
						<HYP HPOS="1339" VPOS="1198" WIDTH="23" CONTENT="-"/>
					</TextLine>
					<TextLine ID="P13_TL00014" HPOS="169" VPOS="1240" WIDTH="1190" HEIGHT="55">
						<String ID="P13_ST00078" HPOS="169" VPOS="1240" WIDTH="181" HEIGHT="44" CONTENT="diateur" SUBS_TYPE="HypPart2" SUBS_CONTENT="radiateur" WC="0.99" CC="0600101"/>
						<SP ID="P13_SP00065" HPOS="350" VPOS="1284" WIDTH="28"/>
						<String ID="P13_ST00079" HPOS="378" VPOS="1258" WIDTH="58" HEIGHT="26" CONTENT="au" WC="1.00" CC="00"/>
						<SP ID="P13_SP00066" HPOS="436" VPOS="1284" WIDTH="31"/>
						<String ID="P13_ST00080" HPOS="467" VPOS="1259" WIDTH="85" HEIGHT="34" CONTENT="gaz" WC="1.00" CC="000"/>
						<SP ID="P13_SP00067" HPOS="552" VPOS="1293" WIDTH="30"/>
						<String ID="P13_ST00081" HPOS="582" VPOS="1251" WIDTH="81" HEIGHT="39" CONTENT="est," WC="0.99" CC="0004"/>
						<SP ID="P13_SP00068" HPOS="663" VPOS="1293" WIDTH="34"/>
						<String ID="P13_ST00082" HPOS="697" VPOS="1244" WIDTH="27" HEIGHT="40" CONTENT="à" WC="0.37" CC="6"/>
						<SP ID="P13_SP00069" HPOS="724" VPOS="1293" WIDTH="29"/>
						<String ID="P13_ST00083" HPOS="753" VPOS="1259" WIDTH="53" HEIGHT="26" CONTENT="ce" WC="0.83" CC="30"/>
						<SP ID="P13_SP00070" HPOS="806" VPOS="1293" WIDTH="28"/>
						<String ID="P13_ST00084" HPOS="834" VPOS="1244" WIDTH="133" HEIGHT="51" CONTENT="point" WC="1.00" CC="00300"/>
						<SP ID="P13_SP00071" HPOS="967" VPOS="1295" WIDTH="31"/>
						<String ID="P13_ST00085" HPOS="998" VPOS="1243" WIDTH="58" HEIGHT="43" CONTENT="de" WC="1.00" CC="00"/>
						<SP ID="P13_SP00072" HPOS="1056" VPOS="1295" WIDTH="29"/>
						<String ID="P13_ST00086" HPOS="1085" VPOS="1260" WIDTH="104" HEIGHT="31" CONTENT="vue," WC="0.99" CC="0003"/>
						<SP ID="P13_SP00073" HPOS="1189" VPOS="1295" WIDTH="33"/>
						<String ID="P13_ST00087" HPOS="1222" VPOS="1241" WIDTH="137" HEIGHT="54" CONTENT="l'égal" WC="0.99" CC="446000"/>
					</TextLine>
					<TextLine ID="P13_TL00015" HPOS="168" VPOS="1304" WIDTH="1193" HEIGHT="52">
						<String ID="P13_ST00088" HPOS="168" VPOS="1304" WIDTH="60" HEIGHT="41" CONTENT="du" WC="0.24" CC="95"/>
						<SP ID="P13_SP00074" HPOS="228" VPOS="1345" WIDTH="30"/>
						<String ID="P13_ST00089" HPOS="258" VPOS="1304" WIDTH="233" HEIGHT="42" CONTENT="radiateur" WC="0.99" CC="649200700"/>
						<SP ID="P13_SP00075" HPOS="491" VPOS="1346" WIDTH="29"/>
						<String ID="P13_ST00090" HPOS="520" VPOS="1304" WIDTH="268" HEIGHT="52" CONTENT="électrique;" WC="0.99" CC="65119020004"/>
						<SP ID="P13_SP00076" HPOS="788" VPOS="1356" WIDTH="30"/>
						<String ID="P13_ST00091" HPOS="818" VPOS="1307" WIDTH="115" HEIGHT="40" CONTENT="mais" WC="0.99" CC="0040"/>
						<SP ID="P13_SP00077" HPOS="933" VPOS="1356" WIDTH="27"/>
						<String ID="P13_ST00092" HPOS="960" VPOS="1304" WIDTH="28" HEIGHT="43" CONTENT="il" WC="0.97" CC="00"/>
						<SP ID="P13_SP00078" HPOS="988" VPOS="1356" WIDTH="30"/>
						<String ID="P13_ST00093" HPOS="1018" VPOS="1323" WIDTH="57" HEIGHT="25" CONTENT="ne" WC="1.00" CC="00"/>
						<SP ID="P13_SP00079" HPOS="1075" VPOS="1356" WIDTH="27"/>
						<String ID="P13_ST00094" HPOS="1102" VPOS="1307" WIDTH="171" HEIGHT="42" CONTENT="saurait" WC="0.99" CC="0080020"/>
						<SP ID="P13_SP00080" HPOS="1273" VPOS="1356" WIDTH="27"/>
						<String ID="P13_ST00095" HPOS="1300" VPOS="1305" WIDTH="61" HEIGHT="44" CONTENT="lui" WC="0.97" CC="304"/>
					</TextLine>
					<TextLine ID="P13_TL00016" HPOS="166" VPOS="1365" WIDTH="1194" HEIGHT="55">
						<String ID="P13_ST00096" HPOS="166" VPOS="1369" WIDTH="96" HEIGHT="39" CONTENT="être" WC="0.99" CC="1010"/>
						<SP ID="P13_SP00081" HPOS="262" VPOS="1408" WIDTH="30"/>
						<String ID="P13_ST00097" HPOS="292" VPOS="1368" WIDTH="223" HEIGHT="50" CONTENT="comparé" WC="0.99" CC="4200046"/>
						<SP ID="P13_SP00082" HPOS="515" VPOS="1418" WIDTH="28"/>
						<String ID="P13_ST00098" HPOS="543" VPOS="1383" WIDTH="107" HEIGHT="26" CONTENT="sous" WC="0.97" CC="4070"/>
						<SP ID="P13_SP00083" HPOS="650" VPOS="1418" WIDTH="27"/>
						<String ID="P13_ST00099" HPOS="677" VPOS="1366" WIDTH="41" HEIGHT="42" CONTENT="le" WC="0.93" CC="10"/>
						<SP ID="P13_SP00084" HPOS="718" VPOS="1418" WIDTH="28"/>
						<String ID="P13_ST00100" HPOS="746" VPOS="1377" WIDTH="194" HEIGHT="41" CONTENT="rapport" WC="1.00" CC="0000020"/>
						<SP ID="P13_SP00085" HPOS="940" VPOS="1418" WIDTH="31"/>
						<String ID="P13_ST00101" HPOS="971" VPOS="1366" WIDTH="57" HEIGHT="44" CONTENT="de" WC="1.00" CC="00"/>
						<SP ID="P13_SP00086" HPOS="1028" VPOS="1418" WIDTH="28"/>
						<String ID="P13_ST00102" HPOS="1056" VPOS="1365" WIDTH="232" HEIGHT="55" CONTENT="l'hygiène" WC="0.99" CC="046002500"/>
						<SP ID="P13_SP00087" HPOS="1288" VPOS="1420" WIDTH="26"/>
						<String ID="P13_ST00103" HPOS="1314" VPOS="1368" WIDTH="46" HEIGHT="41" CONTENT="ni" WC="0.28" CC="94"/>
					</TextLine>
					<TextLine ID="P13_TL00017" HPOS="167" VPOS="1428" WIDTH="360" HEIGHT="45">
						<String ID="P13_ST00104" HPOS="167" VPOS="1429" WIDTH="59" HEIGHT="42" CONTENT="de" WC="1.00" CC="00"/>
						<SP ID="P13_SP00088" HPOS="226" VPOS="1471" WIDTH="26"/>
						<String ID="P13_ST00105" HPOS="252" VPOS="1428" WIDTH="42" HEIGHT="45" CONTENT="la" WC="0.97" CC="00"/>
						<SP ID="P13_SP00089" HPOS="294" VPOS="1473" WIDTH="26"/>
						<String ID="P13_ST00106" HPOS="320" VPOS="1431" WIDTH="207" HEIGHT="41" CONTENT="sécurité." WC="0.98" CC="460065074"/>
					</TextLine>
					<TextLine ID="P13_TL00018" HPOS="235" VPOS="1502" WIDTH="1127" HEIGHT="53">
						<String ID="P13_ST00107" HPOS="235" VPOS="1502" WIDTH="130" HEIGHT="44" CONTENT="Nous" WC="1.00" CC="0100"/>
						<SP ID="P13_SP00090" HPOS="365" VPOS="1546" WIDTH="20"/>
						<String ID="P13_ST00108" HPOS="385" VPOS="1512" WIDTH="227" HEIGHT="33" CONTENT="trouvons" WC="1.00" CC="00100000"/>
						<SP ID="P13_SP00091" HPOS="612" VPOS="1546" WIDTH="22"/>
						<String ID="P13_ST00109" HPOS="634" VPOS="1502" WIDTH="123" HEIGHT="43" CONTENT="donc" WC="0.99" CC="0400"/>
						<SP ID="P13_SP00092" HPOS="757" VPOS="1546" WIDTH="19"/>
						<String ID="P13_ST00110" HPOS="776" VPOS="1502" WIDTH="44" HEIGHT="44" CONTENT="là" WC="0.63" CC="06"/>
						<SP ID="P13_SP00093" HPOS="820" VPOS="1546" WIDTH="19"/>
						<String ID="P13_ST00111" HPOS="839" VPOS="1520" WIDTH="89" HEIGHT="25" CONTENT="une" WC="1.00" CC="000"/>
						<SP ID="P13_SP00094" HPOS="928" VPOS="1546" WIDTH="21"/>
						<String ID="P13_ST00112" HPOS="949" VPOS="1504" WIDTH="229" HEIGHT="50" CONTENT="première" WC="1.00" CC="00000400"/>
						<SP ID="P13_SP00095" HPOS="1178" VPOS="1554" WIDTH="19"/>
						<String ID="P13_ST00113" HPOS="1197" VPOS="1502" WIDTH="165" HEIGHT="53" CONTENT="sphère" WC="0.98" CC="307480"/>
					</TextLine>
					<TextLine ID="P13_TL00019" HPOS="169" VPOS="1564" WIDTH="1194" HEIGHT="53">
						<String ID="P13_ST00114" HPOS="169" VPOS="1565" WIDTH="362" HEIGHT="52" CONTENT="d'applications" WC="0.99" CC="04009342002504"/>
						<SP ID="P13_SP00096" HPOS="531" VPOS="1617" WIDTH="42"/>
						<String ID="P13_ST00115" HPOS="573" VPOS="1568" WIDTH="60" HEIGHT="40" CONTENT="où" WC="0.97" CC="00"/>
						<SP ID="P13_SP00097" HPOS="633" VPOS="1617" WIDTH="38"/>
						<String ID="P13_ST00116" HPOS="671" VPOS="1564" WIDTH="46" HEIGHT="45" CONTENT="le" WC="0.66" CC="60"/>
						<SP ID="P13_SP00098" HPOS="717" VPOS="1617" WIDTH="41"/>
						<String ID="P13_ST00117" HPOS="758" VPOS="1568" WIDTH="202" HEIGHT="49" CONTENT="système" WC="1.00" CC="0000400"/>
						<SP ID="P13_SP00099" HPOS="960" VPOS="1617" WIDTH="43"/>
						<String ID="P13_ST00118" HPOS="1003" VPOS="1566" WIDTH="248" HEIGHT="51" CONTENT="électrique" WC="1.00" CC="5009000000"/>
						<SP ID="P13_SP00100" HPOS="1251" VPOS="1617" WIDTH="44"/>
						<String ID="P13_ST00119" HPOS="1295" VPOS="1575" WIDTH="68" HEIGHT="34" CONTENT="est" WC="1.00" CC="000"/>
					</TextLine>
					<TextLine ID="P13_TL00020" HPOS="167" VPOS="1627" WIDTH="1196" HEIGHT="54">
						<String ID="P13_ST00120" HPOS="167" VPOS="1628" WIDTH="203" HEIGHT="53" CONTENT="indiqué," WC="0.99" CC="30030060"/>
						<SP ID="P13_SP00101" HPOS="370" VPOS="1681" WIDTH="50"/>
						<String ID="P13_ST00121" HPOS="420" VPOS="1645" WIDTH="187" HEIGHT="26" CONTENT="comme" WC="0.99" CC="15003"/>
						<SP ID="P13_SP00102" HPOS="607" VPOS="1681" WIDTH="45"/>
						<String ID="P13_ST00122" HPOS="652" VPOS="1627" WIDTH="202" HEIGHT="44" CONTENT="solution" WC="1.00" CC="00000330"/>
						<SP ID="P13_SP00103" HPOS="854" VPOS="1681" WIDTH="49"/>
						<String ID="P13_ST00123" HPOS="903" VPOS="1628" WIDTH="61" HEIGHT="43" CONTENT="du" WC="1.00" CC="00"/>
						<SP ID="P13_SP00104" HPOS="964" VPOS="1681" WIDTH="43"/>
						<String ID="P13_ST00124" HPOS="1007" VPOS="1627" WIDTH="249" HEIGHT="54" CONTENT="problème" WC="0.99" CC="04004600"/>
						<SP ID="P13_SP00105" HPOS="1256" VPOS="1681" WIDTH="45"/>
						<String ID="P13_ST00125" HPOS="1301" VPOS="1627" WIDTH="62" HEIGHT="45" CONTENT="du" WC="1.00" CC="00"/>
					</TextLine>
					<TextLine ID="P13_TL00021" HPOS="165" VPOS="1690" WIDTH="1198" HEIGHT="54">
						<String ID="P13_ST00126" HPOS="165" VPOS="1690" WIDTH="252" HEIGHT="54" CONTENT="chauffage" WC="0.99" CC="400056000"/>
						<SP ID="P13_SP00106" HPOS="417" VPOS="1744" WIDTH="35"/>
						<String ID="P13_ST00127" HPOS="452" VPOS="1690" WIDTH="244" HEIGHT="48" CONTENT="rationnel," WC="1.00" CC="0000000001"/>
						<SP ID="P13_SP00107" HPOS="696" VPOS="1744" WIDTH="38"/>
						<String ID="P13_ST00128" HPOS="734" VPOS="1690" WIDTH="278" HEIGHT="54" CONTENT="hygiénique" WC="0.99" CC="6007600000"/>
						<SP ID="P13_SP00108" HPOS="1012" VPOS="1744" WIDTH="37"/>
						<String ID="P13_ST00129" HPOS="1049" VPOS="1702" WIDTH="45" HEIGHT="32" CONTENT="et" WC="1.00" CC="00"/>
						<SP ID="P13_SP00109" HPOS="1094" VPOS="1744" WIDTH="34"/>
						<String ID="P13_ST00130" HPOS="1128" VPOS="1693" WIDTH="206" HEIGHT="41" CONTENT="économi" SUBS_TYPE="HypPart1" SUBS_CONTENT="économique" WC="0.99" CC="3000303"/>
						<HYP HPOS="1334" VPOS="1693" WIDTH="29" CONTENT="-"/>
					</TextLine>
					<TextLine ID="P13_TL00022" HPOS="168" VPOS="1752" WIDTH="1194" HEIGHT="54">
						<String ID="P13_ST00131" HPOS="168" VPOS="1771" WIDTH="88" HEIGHT="34" CONTENT="que" SUBS_TYPE="HypPart2" SUBS_CONTENT="économique" WC="1.00" CC="000"/>
						<SP ID="P13_SP00110" HPOS="256" VPOS="1805" WIDTH="31"/>
						<String ID="P13_ST00132" HPOS="287" VPOS="1765" WIDTH="46" HEIGHT="33" CONTENT="et" WC="0.77" CC="04"/>
						<SP ID="P13_SP00111" HPOS="333" VPOS="1805" WIDTH="30"/>
						<String ID="P13_ST00133" HPOS="363" VPOS="1772" WIDTH="51" HEIGHT="25" CONTENT="ce" WC="1.00" CC="00"/>
						<SP ID="P13_SP00112" HPOS="414" VPOS="1805" WIDTH="33"/>
						<String ID="P13_ST00134" HPOS="447" VPOS="1754" WIDTH="104" HEIGHT="52" CONTENT="quèl" WC="0.80" CC="0080"/>
						<SP ID="P13_SP00113" HPOS="551" VPOS="1806" WIDTH="32"/>
						<String ID="P13_ST00135" HPOS="583" VPOS="1771" WIDTH="89" HEIGHT="35" CONTENT="que" WC="1.00" CC="000"/>
						<SP ID="P13_SP00114" HPOS="672" VPOS="1806" WIDTH="32"/>
						<String ID="P13_ST00136" HPOS="704" VPOS="1756" WIDTH="89" HEIGHT="41" CONTENT="soit" WC="0.99" CC="0330"/>
						<SP ID="P13_SP00115" HPOS="793" VPOS="1806" WIDTH="33"/>
						<String ID="P13_ST00137" HPOS="826" VPOS="1752" WIDTH="236" HEIGHT="46" CONTENT="d'ailleurs" WC="0.99" CC="0400000930"/>
						<SP ID="P13_SP00116" HPOS="1062" VPOS="1806" WIDTH="28"/>
						<String ID="P13_ST00138" HPOS="1090" VPOS="1752" WIDTH="42" HEIGHT="45" CONTENT="le" WC="1.00" CC="00"/>
						<SP ID="P13_SP00117" HPOS="1132" VPOS="1806" WIDTH="29"/>
						<String ID="P13_ST00139" HPOS="1161" VPOS="1757" WIDTH="112" HEIGHT="41" CONTENT="coût" WC="1.00" CC="0000"/>
						<SP ID="P13_SP00118" HPOS="1273" VPOS="1806" WIDTH="31"/>
						<String ID="P13_ST00140" HPOS="1304" VPOS="1752" WIDTH="58" HEIGHT="44" CONTENT="de" WC="1.00" CC="00"/>
					</TextLine>
					<TextLine ID="P13_TL00023" HPOS="167" VPOS="1815" WIDTH="1196" HEIGHT="54">
						<String ID="P13_ST00141" HPOS="167" VPOS="1816" WIDTH="405" HEIGHT="44" CONTENT="fonctionnement" WC="1.00" CC="43810400000000"/>
						<SP ID="P13_SP00119" HPOS="572" VPOS="1860" WIDTH="66"/>
						<String ID="P13_ST00142" HPOS="638" VPOS="1817" WIDTH="84" HEIGHT="43" CONTENT="des" WC="1.00" CC="000"/>
						<SP ID="P13_SP00120" HPOS="722" VPOS="1860" WIDTH="61"/>
						<String ID="P13_ST00143" HPOS="783" VPOS="1815" WIDTH="245" HEIGHT="54" CONTENT="appareils," WC="1.00" CC="0000001003"/>
						<SP ID="P13_SP00121" HPOS="1028" VPOS="1869" WIDTH="66"/>
						<String ID="P13_ST00144" HPOS="1094" VPOS="1815" WIDTH="269" HEIGHT="44" CONTENT="considérés" WC="0.99" CC="0008308060"/>
					</TextLine>
					<TextLine ID="P13_TL00024" HPOS="165" VPOS="1878" WIDTH="259" HEIGHT="43">
						<String ID="P13_ST00145" HPOS="165" VPOS="1878" WIDTH="259" HEIGHT="43" CONTENT="isolément." WC="0.99" CC="5000506004"/>
					</TextLine>
				</TextBlock>
				<TextBlock ID="P13_TB00004" HPOS="162" VPOS="2075" WIDTH="1201" HEIGHT="1518" STYLEREFS="TXT_2 PAR_BLOCK">
					<TextLine ID="P13_TL00025" HPOS="236" VPOS="2076" WIDTH="1127" HEIGHT="54">
						<String ID="P13_ST00146" HPOS="236" VPOS="2077" WIDTH="133" HEIGHT="49" CONTENT="Mais," WC="0.98" CC="02525"/>
						<SP ID="P13_SP00122" HPOS="369" VPOS="2126" WIDTH="48"/>
						<String ID="P13_ST00147" HPOS="417" VPOS="2095" WIDTH="58" HEIGHT="28" CONTENT="en" WC="1.00" CC="00"/>
						<SP ID="P13_SP00123" HPOS="475" VPOS="2126" WIDTH="44"/>
						<String ID="P13_ST00148" HPOS="519" VPOS="2076" WIDTH="175" HEIGHT="45" CONTENT="dehors" WC="0.98" CC="707016"/>
						<SP ID="P13_SP00124" HPOS="694" VPOS="2126" WIDTH="44"/>
						<String ID="P13_ST00149" HPOS="738" VPOS="2077" WIDTH="58" HEIGHT="43" CONTENT="de" WC="0.79" CC="40"/>
						<SP ID="P13_SP00125" HPOS="796" VPOS="2126" WIDTH="45"/>
						<String ID="P13_ST00150" HPOS="841" VPOS="2093" WIDTH="74" HEIGHT="28" CONTENT="ces" WC="1.00" CC="000"/>
						<SP ID="P13_SP00126" HPOS="915" VPOS="2126" WIDTH="47"/>
						<String ID="P13_ST00151" HPOS="962" VPOS="2076" WIDTH="256" HEIGHT="54" CONTENT="dispositifs" WC="0.99" CC="05603050260"/>
						<SP ID="P13_SP00127" HPOS="1218" VPOS="2130" WIDTH="43"/>
						<String ID="P13_ST00152" HPOS="1261" VPOS="2080" WIDTH="77" HEIGHT="50" CONTENT="spé" SUBS_TYPE="HypPart1" SUBS_CONTENT="spéciaux," WC="0.96" CC="404"/>
						<HYP HPOS="1338" VPOS="2080" WIDTH="25" CONTENT="-"/>
					</TextLine>
					<TextLine ID="P13_TL00026" HPOS="165" VPOS="2139" WIDTH="1198" HEIGHT="55">
						<String ID="P13_ST00153" HPOS="165" VPOS="2142" WIDTH="147" HEIGHT="47" CONTENT="ciaux," SUBS_TYPE="HypPart2" SUBS_CONTENT="spéciaux," WC="0.98" CC="114305"/>
						<SP ID="P13_SP00128" HPOS="312" VPOS="2189" WIDTH="31"/>
						<String ID="P13_ST00154" HPOS="343" VPOS="2139" WIDTH="151" HEIGHT="55" CONTENT="quelle" WC="0.98" CC="253430"/>
						<SP ID="P13_SP00129" HPOS="494" VPOS="2194" WIDTH="28"/>
						<String ID="P13_ST00155" HPOS="522" VPOS="2153" WIDTH="69" HEIGHT="31" CONTENT="est" WC="1.00" CC="000"/>
						<SP ID="P13_SP00130" HPOS="591" VPOS="2194" WIDTH="26"/>
						<String ID="P13_ST00156" HPOS="617" VPOS="2140" WIDTH="43" HEIGHT="44" CONTENT="la" WC="0.61" CC="42"/>
						<SP ID="P13_SP00131" HPOS="660" VPOS="2194" WIDTH="25"/>
						<String ID="P13_ST00157" HPOS="685" VPOS="2139" WIDTH="162" HEIGHT="45" CONTENT="valeur" WC="0.99" CC="000005"/>
						<SP ID="P13_SP00132" HPOS="847" VPOS="2194" WIDTH="26"/>
						<String ID="P13_ST00158" HPOS="873" VPOS="2142" WIDTH="214" HEIGHT="51" CONTENT="pratique" WC="0.99" CC="04004200"/>
						<SP ID="P13_SP00133" HPOS="1087" VPOS="2194" WIDTH="29"/>
						<String ID="P13_ST00159" HPOS="1116" VPOS="2140" WIDTH="62" HEIGHT="44" CONTENT="du" WC="1.00" CC="00"/>
						<SP ID="P13_SP00134" HPOS="1178" VPOS="2194" WIDTH="26"/>
						<String ID="P13_ST00160" HPOS="1204" VPOS="2139" WIDTH="133" HEIGHT="45" CONTENT="chauf" SUBS_TYPE="HypPart1" SUBS_CONTENT="chauffage" WC="0.98" CC="07007"/>
						<HYP HPOS="1337" VPOS="2139" WIDTH="26" CONTENT="-"/>
					</TextLine>
					<TextLine ID="P13_TL00027" HPOS="167" VPOS="2201" WIDTH="1196" HEIGHT="55">
						<String ID="P13_ST00161" HPOS="167" VPOS="2203" WIDTH="108" HEIGHT="52" CONTENT="fage" SUBS_TYPE="HypPart2" SUBS_CONTENT="chauffage" WC="0.95" CC="6770"/>
						<SP ID="P13_SP00135" HPOS="275" VPOS="2255" WIDTH="47"/>
						<String ID="P13_ST00162" HPOS="322" VPOS="2202" WIDTH="276" HEIGHT="54" CONTENT="électrique?" WC="0.99" CC="53000350004"/>
						<SP ID="P13_SP00136" HPOS="598" VPOS="2256" WIDTH="54"/>
						<String ID="P13_ST00163" HPOS="652" VPOS="2203" WIDTH="66" HEIGHT="43" CONTENT="Ce" WC="1.00" CC="00"/>
						<SP ID="P13_SP00137" HPOS="718" VPOS="2256" WIDTH="46"/>
						<String ID="P13_ST00164" HPOS="764" VPOS="2206" WIDTH="203" HEIGHT="49" CONTENT="système" WC="0.99" CC="4000520"/>
						<SP ID="P13_SP00138" HPOS="967" VPOS="2256" WIDTH="42"/>
						<String ID="P13_ST00165" HPOS="1009" VPOS="2201" WIDTH="329" HEIGHT="45" CONTENT="-n'occasionne" SUBS_TYPE="HypPart1" SUBS_CONTENT="-n'occasionnet-il" WC="0.99" CC="6518781830770"/>
						<HYP HPOS="1338" VPOS="2201" WIDTH="25" CONTENT="-"/>
					</TextLine>
					<TextLine ID="P13_TL00028" HPOS="165" VPOS="2266" WIDTH="1198" HEIGHT="53">
						<String ID="P13_ST00166" HPOS="165" VPOS="2266" WIDTH="70" HEIGHT="43" CONTENT="t-il" SUBS_TYPE="HypPart2" SUBS_CONTENT="-n'occasionnet-il" WC="0.69" CC="0424"/>
						<SP ID="P13_SP00139" HPOS="235" VPOS="2309" WIDTH="44"/>
						<String ID="P13_ST00167" HPOS="279" VPOS="2283" WIDTH="84" HEIGHT="36" CONTENT="pas" WC="0.99" CC="001"/>
						<SP ID="P13_SP00140" HPOS="363" VPOS="2319" WIDTH="42"/>
						<String ID="P13_ST00168" HPOS="405" VPOS="2282" WIDTH="90" HEIGHT="28" CONTENT="une" WC="1.00" CC="000"/>
						<SP ID="P13_SP00141" HPOS="495" VPOS="2319" WIDTH="46"/>
						<String ID="P13_ST00169" HPOS="541" VPOS="2267" WIDTH="206" HEIGHT="52" CONTENT="dépense" WC="1.00" CC="0500000"/>
						<SP ID="P13_SP00142" HPOS="747" VPOS="2319" WIDTH="44"/>
						<String ID="P13_ST00170" HPOS="791" VPOS="2268" WIDTH="265" HEIGHT="43" CONTENT="excessive?" WC="1.00" CC="0000003206"/>
						<SP ID="P13_SP00143" HPOS="1056" VPOS="2319" WIDTH="52"/>
						<String ID="P13_ST00171" HPOS="1108" VPOS="2266" WIDTH="89" HEIGHT="48" CONTENT="Ou," WC="1.00" CC="000"/>
						<SP ID="P13_SP00144" HPOS="1197" VPOS="2319" WIDTH="47"/>
						<String ID="P13_ST00172" HPOS="1244" VPOS="2283" WIDTH="119" HEIGHT="35" CONTENT="pour" WC="0.98" CC="0413"/>
					</TextLine>
					<TextLine ID="P13_TL00029" HPOS="164" VPOS="2329" WIDTH="1198" HEIGHT="53">
						<String ID="P13_ST00173" HPOS="164" VPOS="2329" WIDTH="205" HEIGHT="53" CONTENT="prendre" WC="1.00" CC="2000000"/>
						<SP ID="P13_SP00145" HPOS="369" VPOS="2382" WIDTH="29"/>
						<String ID="P13_ST00174" HPOS="398" VPOS="2329" WIDTH="306" HEIGHT="44" CONTENT="directement" WC="1.00" CC="02600000000"/>
						<SP ID="P13_SP00146" HPOS="704" VPOS="2382" WIDTH="27"/>
						<String ID="P13_ST00175" HPOS="731" VPOS="2330" WIDTH="66" HEIGHT="43" CONTENT="les" WC="1.00" CC="000"/>
						<SP ID="P13_SP00147" HPOS="797" VPOS="2382" WIDTH="26"/>
						<String ID="P13_ST00176" HPOS="823" VPOS="2329" WIDTH="167" HEIGHT="44" CONTENT="choses" WC="0.99" CC="004040"/>
						<SP ID="P13_SP00148" HPOS="990" VPOS="2382" WIDTH="27"/>
						<String ID="P13_ST00177" HPOS="1017" VPOS="2332" WIDTH="27" HEIGHT="40" CONTENT="à" WC="0.48" CC="5"/>
						<SP ID="P13_SP00149" HPOS="1044" VPOS="2382" WIDTH="27"/>
						<String ID="P13_ST00178" HPOS="1071" VPOS="2329" WIDTH="100" HEIGHT="43" CONTENT="leur" WC="0.99" CC="6000"/>
						<SP ID="P13_SP00150" HPOS="1171" VPOS="2382" WIDTH="27"/>
						<String ID="P13_ST00179" HPOS="1198" VPOS="2347" WIDTH="164" HEIGHT="25" CONTENT="source" WC="0.99" CC="900300"/>
					</TextLine>
					<TextLine ID="P13_TL00030" HPOS="165" VPOS="2391" WIDTH="1197" HEIGHT="54">
						<String ID="P13_ST00180" HPOS="165" VPOS="2405" WIDTH="46" HEIGHT="31" CONTENT="et" WC="1.00" CC="00"/>
						<SP ID="P13_SP00151" HPOS="211" VPOS="2436" WIDTH="34"/>
						<String ID="P13_ST00181" HPOS="245" VPOS="2394" WIDTH="239" HEIGHT="41" CONTENT="examiner" WC="0.99" CC="07058100"/>
						<SP ID="P13_SP00152" HPOS="484" VPOS="2436" WIDTH="34"/>
						<String ID="P13_ST00182" HPOS="518" VPOS="2403" WIDTH="101" HEIGHT="33" CONTENT="tout" WC="1.00" CC="0000"/>
						<SP ID="P13_SP00153" HPOS="619" VPOS="2436" WIDTH="35"/>
						<String ID="P13_ST00183" HPOS="654" VPOS="2393" WIDTH="57" HEIGHT="43" CONTENT="de" WC="1.00" CC="00"/>
						<SP ID="P13_SP00154" HPOS="711" VPOS="2436" WIDTH="35"/>
						<String ID="P13_ST00184" HPOS="746" VPOS="2395" WIDTH="115" HEIGHT="41" CONTENT="suite" WC="0.98" CC="90300"/>
						<SP ID="P13_SP00155" HPOS="861" VPOS="2436" WIDTH="35"/>
						<String ID="P13_ST00185" HPOS="896" VPOS="2393" WIDTH="42" HEIGHT="43" CONTENT="le" WC="1.00" CC="00"/>
						<SP ID="P13_SP00156" HPOS="938" VPOS="2436" WIDTH="33"/>
						<String ID="P13_ST00186" HPOS="971" VPOS="2391" WIDTH="248" HEIGHT="54" CONTENT="problème" WC="0.99" CC="00074500"/>
						<SP ID="P13_SP00157" HPOS="1219" VPOS="2445" WIDTH="35"/>
						<String ID="P13_ST00187" HPOS="1254" VPOS="2409" WIDTH="108" HEIGHT="27" CONTENT="sous" WC="0.99" CC="0300"/>
					</TextLine>
					<TextLine ID="P13_TL00031" HPOS="163" VPOS="2454" WIDTH="1199" HEIGHT="54">
						<String ID="P13_ST00188" HPOS="163" VPOS="2473" WIDTH="86" HEIGHT="25" CONTENT="son" WC="0.97" CC="530"/>
						<SP ID="P13_SP00158" HPOS="249" VPOS="2498" WIDTH="53"/>
						<String ID="P13_ST00189" HPOS="302" VPOS="2466" WIDTH="159" HEIGHT="41" CONTENT="aspect" WC="1.00" CC="000040"/>
						<SP ID="P13_SP00159" HPOS="461" VPOS="2507" WIDTH="52"/>
						<String ID="P13_ST00190" HPOS="513" VPOS="2458" WIDTH="310" HEIGHT="50" CONTENT="économique" WC="1.00" CC="4000006000"/>
						<SP ID="P13_SP00160" HPOS="823" VPOS="2508" WIDTH="52"/>
						<String ID="P13_ST00191" HPOS="875" VPOS="2466" WIDTH="46" HEIGHT="33" CONTENT="et" WC="1.00" CC="00"/>
						<SP ID="P13_SP00161" HPOS="921" VPOS="2508" WIDTH="50"/>
						<String ID="P13_ST00192" HPOS="971" VPOS="2455" WIDTH="142" HEIGHT="44" CONTENT="social" WC="0.99" CC="600303"/>
						<SP ID="P13_SP00162" HPOS="1113" VPOS="2508" WIDTH="52"/>
						<String ID="P13_ST00193" HPOS="1165" VPOS="2454" WIDTH="42" HEIGHT="43" CONTENT="le" WC="0.95" CC="00"/>
						<SP ID="P13_SP00163" HPOS="1207" VPOS="2508" WIDTH="51"/>
						<String ID="P13_ST00194" HPOS="1258" VPOS="2455" WIDTH="104" HEIGHT="52" CONTENT="plus" WC="0.99" CC="0300"/>
					</TextLine>
					<TextLine ID="P13_TL00032" HPOS="167" VPOS="2517" WIDTH="1195" HEIGHT="54">
						<String ID="P13_ST00195" HPOS="167" VPOS="2517" WIDTH="145" HEIGHT="50" CONTENT="élevé," WC="1.00" CC="000300"/>
						<SP ID="P13_SP00164" HPOS="312" VPOS="2567" WIDTH="48"/>
						<String ID="P13_ST00196" HPOS="360" VPOS="2518" WIDTH="151" HEIGHT="53" CONTENT="quelle" WC="0.99" CC="003400"/>
						<SP ID="P13_SP00165" HPOS="511" VPOS="2571" WIDTH="44"/>
						<String ID="P13_ST00197" HPOS="555" VPOS="2528" WIDTH="68" HEIGHT="33" CONTENT="est" WC="1.00" CC="000"/>
						<SP ID="P13_SP00166" HPOS="623" VPOS="2571" WIDTH="43"/>
						<String ID="P13_ST00198" HPOS="666" VPOS="2536" WIDTH="49" HEIGHT="25" CONTENT="sa" WC="0.95" CC="00"/>
						<SP ID="P13_SP00167" HPOS="715" VPOS="2571" WIDTH="40"/>
						<String ID="P13_ST00199" HPOS="755" VPOS="2518" WIDTH="163" HEIGHT="44" CONTENT="valeur" WC="1.00" CC="005000"/>
						<SP ID="P13_SP00168" HPOS="918" VPOS="2571" WIDTH="40"/>
						<String ID="P13_ST00200" HPOS="958" VPOS="2521" WIDTH="298" HEIGHT="49" CONTENT="intrinsèque," WC="1.00" CC="000050660000"/>
						<SP ID="P13_SP00169" HPOS="1256" VPOS="2571" WIDTH="47"/>
						<String ID="P13_ST00201" HPOS="1303" VPOS="2537" WIDTH="59" HEIGHT="25" CONTENT="au" WC="0.65" CC="60"/>
					</TextLine>
					<TextLine ID="P13_TL00033" HPOS="165" VPOS="2581" WIDTH="1057" HEIGHT="53">
						<String ID="P13_ST00202" HPOS="165" VPOS="2584" WIDTH="133" HEIGHT="50" CONTENT="point" WC="0.99" CC="00700"/>
						<SP ID="P13_SP00170" HPOS="298" VPOS="2634" WIDTH="35"/>
						<String ID="P13_ST00203" HPOS="333" VPOS="2581" WIDTH="59" HEIGHT="44" CONTENT="de" WC="1.00" CC="00"/>
						<SP ID="P13_SP00171" HPOS="392" VPOS="2634" WIDTH="30"/>
						<String ID="P13_ST00204" HPOS="422" VPOS="2599" WIDTH="90" HEIGHT="25" CONTENT="vue" WC="1.00" CC="000"/>
						<SP ID="P13_SP00172" HPOS="512" VPOS="2634" WIDTH="38"/>
						<String ID="P13_ST00205" HPOS="550" VPOS="2598" WIDTH="22" HEIGHT="27" CONTENT="«" WC="0.62" CC="3"/>
						<SP ID="P13_SP00173" HPOS="572" VPOS="2634" WIDTH="38"/>
						<String ID="P13_ST00206" HPOS="610" VPOS="2581" WIDTH="544" HEIGHT="53" CONTENT="thermo-économique?" WC="1.00" CC="000004457304000000"/>
						<SP ID="P13_SP00174" HPOS="1154" VPOS="2634" WIDTH="44"/>
						<String ID="P13_ST00207" HPOS="1198" VPOS="2598" WIDTH="24" HEIGHT="27" CONTENT="»" WC="0.46" CC="5"/>
					</TextLine>
					<TextLine ID="P13_TL00034" HPOS="235" VPOS="2655" WIDTH="1126" HEIGHT="54">
						<String ID="P13_ST00208" HPOS="235" VPOS="2656" WIDTH="63" HEIGHT="43" CONTENT="Le" WC="0.73" CC="32"/>
						<SP ID="P13_SP00175" HPOS="298" VPOS="2699" WIDTH="39"/>
						<String ID="P13_ST00209" HPOS="337" VPOS="2659" WIDTH="134" HEIGHT="50" CONTENT="point" WC="0.99" CC="01500"/>
						<SP ID="P13_SP00176" HPOS="471" VPOS="2709" WIDTH="39"/>
						<String ID="P13_ST00210" HPOS="510" VPOS="2657" WIDTH="57" HEIGHT="42" CONTENT="de" WC="1.00" CC="00"/>
						<SP ID="P13_SP00177" HPOS="567" VPOS="2709" WIDTH="36"/>
						<String ID="P13_ST00211" HPOS="603" VPOS="2674" WIDTH="92" HEIGHT="26" CONTENT="vue" WC="1.00" CC="000"/>
						<SP ID="P13_SP00178" HPOS="695" VPOS="2709" WIDTH="39"/>
						<String ID="P13_ST00212" HPOS="734" VPOS="2655" WIDTH="518" HEIGHT="53" CONTENT="thermo-économique" WC="1.00" CC="00000246020004000"/>
						<SP ID="P13_SP00179" HPOS="1252" VPOS="2709" WIDTH="39"/>
						<String ID="P13_ST00213" HPOS="1291" VPOS="2667" WIDTH="70" HEIGHT="34" CONTENT="est" WC="1.00" CC="000"/>
					</TextLine>
					<TextLine ID="P13_TL00035" HPOS="165" VPOS="2718" WIDTH="1195" HEIGHT="54">
						<String ID="P13_ST00214" HPOS="165" VPOS="2718" WIDTH="351" HEIGHT="54" CONTENT="généralement" WC="1.00" CC="700600000400"/>
						<SP ID="P13_SP00180" HPOS="516" VPOS="2772" WIDTH="39"/>
						<String ID="P13_ST00215" HPOS="555" VPOS="2737" WIDTH="60" HEIGHT="25" CONTENT="un" WC="1.00" CC="00"/>
						<SP ID="P13_SP00181" HPOS="615" VPOS="2772" WIDTH="39"/>
						<String ID="P13_ST00216" HPOS="654" VPOS="2721" WIDTH="134" HEIGHT="51" CONTENT="point" WC="0.98" CC="92400"/>
						<SP ID="P13_SP00182" HPOS="788" VPOS="2772" WIDTH="42"/>
						<String ID="P13_ST00217" HPOS="830" VPOS="2720" WIDTH="58" HEIGHT="42" CONTENT="de" WC="0.93" CC="01"/>
						<SP ID="P13_SP00183" HPOS="888" VPOS="2772" WIDTH="39"/>
						<String ID="P13_ST00218" HPOS="927" VPOS="2737" WIDTH="91" HEIGHT="26" CONTENT="vue" WC="0.97" CC="060"/>
						<SP ID="P13_SP00184" HPOS="1018" VPOS="2772" WIDTH="40"/>
						<String ID="P13_ST00219" HPOS="1058" VPOS="2737" WIDTH="128" HEIGHT="26" CONTENT="assez" WC="0.99" CC="00007"/>
						<SP ID="P13_SP00185" HPOS="1186" VPOS="2772" WIDTH="42"/>
						<String ID="P13_ST00220" HPOS="1228" VPOS="2720" WIDTH="106" HEIGHT="43" CONTENT="désa" SUBS_TYPE="HypPart1" SUBS_CONTENT="désagréable" WC="0.99" CC="0600"/>
						<HYP HPOS="1334" VPOS="2720" WIDTH="26" CONTENT="-"/>
					</TextLine>
					<TextLine ID="P13_TL00036" HPOS="166" VPOS="2782" WIDTH="1191" HEIGHT="53">
						<String ID="P13_ST00221" HPOS="166" VPOS="2782" WIDTH="191" HEIGHT="53" CONTENT="gréable" SUBS_TYPE="HypPart2" SUBS_CONTENT="désagréable" WC="0.99" CC="9040600"/>
						<SP ID="P13_SP00186" HPOS="357" VPOS="2835" WIDTH="35"/>
						<String ID="P13_ST00222" HPOS="392" VPOS="2785" WIDTH="27" HEIGHT="41" CONTENT="à" WC="0.32" CC="6"/>
						<SP ID="P13_SP00187" HPOS="419" VPOS="2835" WIDTH="35"/>
						<String ID="P13_ST00223" HPOS="454" VPOS="2782" WIDTH="228" HEIGHT="49" CONTENT="débattre," WC="0.99" CC="940300203"/>
						<SP ID="P13_SP00188" HPOS="682" VPOS="2835" WIDTH="42"/>
						<String ID="P13_ST00224" HPOS="724" VPOS="2800" WIDTH="56" HEIGHT="26" CONTENT="en" WC="0.69" CC="06"/>
						<SP ID="P13_SP00189" HPOS="780" VPOS="2835" WIDTH="36"/>
						<String ID="P13_ST00225" HPOS="816" VPOS="2785" WIDTH="193" HEIGHT="41" CONTENT="matière" WC="0.98" CC="0805550"/>
						<SP ID="P13_SP00190" HPOS="1009" VPOS="2835" WIDTH="35"/>
						<String ID="P13_ST00226" HPOS="1044" VPOS="2782" WIDTH="313" HEIGHT="49" CONTENT="d'électricité," WC="1.00" CC="04640001005062"/>
					</TextLine>
					<TextLine ID="P13_TL00037" HPOS="163" VPOS="2846" WIDTH="1199" HEIGHT="53">
						<String ID="P13_ST00227" HPOS="163" VPOS="2864" WIDTH="143" HEIGHT="35" CONTENT="parce" WC="1.00" CC="00300"/>
						<SP ID="P13_SP00191" HPOS="306" VPOS="2899" WIDTH="48"/>
						<String ID="P13_ST00228" HPOS="354" VPOS="2846" WIDTH="173" HEIGHT="53" CONTENT="qu'une" WC="1.00" CC="004000"/>
						<SP ID="P13_SP00192" HPOS="527" VPOS="2899" WIDTH="45"/>
						<String ID="P13_ST00229" HPOS="572" VPOS="2848" WIDTH="191" HEIGHT="51" CONTENT="opinion" WC="0.99" CC="0030410"/>
						<SP ID="P13_SP00193" HPOS="763" VPOS="2899" WIDTH="46"/>
						<String ID="P13_ST00230" HPOS="809" VPOS="2849" WIDTH="263" HEIGHT="50" CONTENT="préconçue" WC="0.99" CC="025306690"/>
						<SP ID="P13_SP00194" HPOS="1072" VPOS="2899" WIDTH="47"/>
						<String ID="P13_ST00231" HPOS="1119" VPOS="2858" WIDTH="105" HEIGHT="41" CONTENT="trop" WC="1.00" CC="0000"/>
						<SP ID="P13_SP00195" HPOS="1224" VPOS="2899" WIDTH="49"/>
						<String ID="P13_ST00232" HPOS="1273" VPOS="2847" WIDTH="67" HEIGHT="43" CONTENT="fré" SUBS_TYPE="HypPart1" SUBS_CONTENT="fréquente" WC="0.97" CC="603"/>
						<HYP HPOS="1340" VPOS="2847" WIDTH="22" CONTENT="-"/>
					</TextLine>
					<TextLine ID="P13_TL00038" HPOS="165" VPOS="2912" WIDTH="1195" HEIGHT="51">
						<String ID="P13_ST00233" HPOS="165" VPOS="2920" WIDTH="172" HEIGHT="42" CONTENT="quente" SUBS_TYPE="HypPart2" SUBS_CONTENT="fréquente" WC="0.99" CC="392000"/>
						<SP ID="P13_SP00196" HPOS="337" VPOS="2962" WIDTH="33"/>
						<String ID="P13_ST00234" HPOS="370" VPOS="2912" WIDTH="267" HEIGHT="50" CONTENT="représente" WC="1.00" CC="0000600000"/>
						<SP ID="P13_SP00197" HPOS="637" VPOS="2962" WIDTH="33"/>
						<String ID="P13_ST00235" HPOS="670" VPOS="2920" WIDTH="72" HEIGHT="33" CONTENT="cet" WC="1.00" CC="000"/>
						<SP ID="P13_SP00198" HPOS="742" VPOS="2962" WIDTH="32"/>
						<String ID="P13_ST00236" HPOS="774" VPOS="2920" WIDTH="141" HEIGHT="42" CONTENT="agent" WC="0.99" CC="09000"/>
						<SP ID="P13_SP00199" HPOS="915" VPOS="2962" WIDTH="31"/>
						<String ID="P13_ST00237" HPOS="946" VPOS="2927" WIDTH="186" HEIGHT="26" CONTENT="comme" WC="1.00" CC="04000"/>
						<SP ID="P13_SP00200" HPOS="1132" VPOS="2962" WIDTH="31"/>
						<String ID="P13_ST00238" HPOS="1163" VPOS="2928" WIDTH="62" HEIGHT="26" CONTENT="un" WC="1.00" CC="00"/>
						<SP ID="P13_SP00201" HPOS="1225" VPOS="2962" WIDTH="34"/>
						<String ID="P13_ST00239" HPOS="1259" VPOS="2927" WIDTH="76" HEIGHT="36" CONTENT="gas" SUBS_TYPE="HypPart1" SUBS_CONTENT="gaspilleur" WC="0.97" CC="900"/>
						<HYP HPOS="1335" VPOS="2927" WIDTH="25" CONTENT="-"/>
					</TextLine>
					<TextLine ID="P13_TL00039" HPOS="164" VPOS="2972" WIDTH="505" HEIGHT="54">
						<String ID="P13_ST00240" HPOS="164" VPOS="2972" WIDTH="166" HEIGHT="54" CONTENT="pilleur" SUBS_TYPE="HypPart2" SUBS_CONTENT="gaspilleur" WC="0.99" CC="0212160"/>
						<SP ID="P13_SP00202" HPOS="330" VPOS="3026" WIDTH="38"/>
						<String ID="P13_ST00241" HPOS="368" VPOS="2972" WIDTH="59" HEIGHT="44" CONTENT="de" WC="1.00" CC="00"/>
						<SP ID="P13_SP00203" HPOS="427" VPOS="3026" WIDTH="35"/>
						<String ID="P13_ST00242" HPOS="462" VPOS="2972" WIDTH="207" HEIGHT="44" CONTENT="calories." WC="0.99" CC="003004600"/>
					</TextLine>
					<TextLine ID="P13_TL00040" HPOS="235" VPOS="3035" WIDTH="1124" HEIGHT="54">
						<String ID="P13_ST00243" HPOS="235" VPOS="3035" WIDTH="127" HEIGHT="44" CONTENT="C'est" WC="0.99" CC="04010"/>
						<SP ID="P13_SP00204" HPOS="362" VPOS="3079" WIDTH="43"/>
						<String ID="P13_ST00244" HPOS="405" VPOS="3054" WIDTH="103" HEIGHT="35" CONTENT="que," WC="1.00" CC="0000"/>
						<SP ID="P13_SP00205" HPOS="508" VPOS="3089" WIDTH="46"/>
						<String ID="P13_ST00245" HPOS="554" VPOS="3053" WIDTH="119" HEIGHT="36" CONTENT="pour" WC="1.00" CC="0200"/>
						<SP ID="P13_SP00206" HPOS="673" VPOS="3089" WIDTH="40"/>
						<String ID="P13_ST00246" HPOS="713" VPOS="3038" WIDTH="132" HEIGHT="42" CONTENT="avoir" WC="0.99" CC="00043"/>
						<SP ID="P13_SP00207" HPOS="845" VPOS="3089" WIDTH="42"/>
						<String ID="P13_ST00247" HPOS="887" VPOS="3036" WIDTH="58" HEIGHT="44" CONTENT="de" WC="1.00" CC="00"/>
						<SP ID="P13_SP00208" HPOS="945" VPOS="3089" WIDTH="42"/>
						<String ID="P13_ST00248" HPOS="987" VPOS="3035" WIDTH="296" HEIGHT="50" CONTENT="l'électricité," WC="1.00" CC="44003000505001"/>
						<SP ID="P13_SP00209" HPOS="1283" VPOS="3089" WIDTH="46"/>
						<String ID="P13_ST00249" HPOS="1329" VPOS="3036" WIDTH="30" HEIGHT="44" CONTENT="il" WC="0.52" CC="35"/>
					</TextLine>
					<TextLine ID="P13_TL00041" HPOS="164" VPOS="3097" WIDTH="1192" HEIGHT="54">
						<String ID="P13_ST00250" HPOS="164" VPOS="3098" WIDTH="101" HEIGHT="44" CONTENT="faut" WC="0.99" CC="5000"/>
						<SP ID="P13_SP00210" HPOS="265" VPOS="3142" WIDTH="50"/>
						<String ID="P13_ST00251" HPOS="315" VPOS="3097" WIDTH="157" HEIGHT="45" CONTENT="brûler" WC="1.00" CC="000300"/>
						<SP ID="P13_SP00211" HPOS="472" VPOS="3142" WIDTH="53"/>
						<String ID="P13_ST00252" HPOS="525" VPOS="3099" WIDTH="42" HEIGHT="43" CONTENT="le" WC="0.91" CC="10"/>
						<SP ID="P13_SP00212" HPOS="567" VPOS="3142" WIDTH="52"/>
						<String ID="P13_ST00253" HPOS="619" VPOS="3097" WIDTH="208" HEIGHT="45" CONTENT="charbon" WC="0.99" CC="0091020"/>
						<SP ID="P13_SP00213" HPOS="827" VPOS="3142" WIDTH="55"/>
						<String ID="P13_ST00254" HPOS="882" VPOS="3097" WIDTH="115" HEIGHT="44" CONTENT="dans" WC="1.00" CC="0000"/>
						<SP ID="P13_SP00214" HPOS="997" VPOS="3142" WIDTH="50"/>
						<String ID="P13_ST00255" HPOS="1047" VPOS="3099" WIDTH="85" HEIGHT="43" CONTENT="des" WC="1.00" CC="010"/>
						<SP ID="P13_SP00215" HPOS="1132" VPOS="3142" WIDTH="54"/>
						<String ID="P13_ST00256" HPOS="1186" VPOS="3098" WIDTH="170" HEIGHT="53" CONTENT="foyers," WC="0.99" CC="4410400"/>
					</TextLine>
					<TextLine ID="P13_TL00042" HPOS="165" VPOS="3161" WIDTH="1195" HEIGHT="55">
						<String ID="P13_ST00257" HPOS="165" VPOS="3172" WIDTH="292" HEIGHT="43" CONTENT="transporter" WC="0.99" CC="30060044005"/>
						<SP ID="P13_SP00216" HPOS="457" VPOS="3215" WIDTH="47"/>
						<String ID="P13_ST00258" HPOS="504" VPOS="3162" WIDTH="221" HEIGHT="54" CONTENT="l'énergie" WC="0.99" CC="146506030"/>
						<SP ID="P13_SP00217" HPOS="725" VPOS="3216" WIDTH="46"/>
						<String ID="P13_ST00259" HPOS="771" VPOS="3161" WIDTH="273" HEIGHT="55" CONTENT="calorifique" WC="0.99" CC="00204263150"/>
						<SP ID="P13_SP00218" HPOS="1044" VPOS="3216" WIDTH="48"/>
						<String ID="P13_ST00260" HPOS="1092" VPOS="3164" WIDTH="113" HEIGHT="42" CONTENT="ainsi" WC="0.98" CC="02436"/>
						<SP ID="P13_SP00219" HPOS="1205" VPOS="3216" WIDTH="47"/>
						<String ID="P13_ST00261" HPOS="1252" VPOS="3179" WIDTH="81" HEIGHT="36" CONTENT="pro" SUBS_TYPE="HypPart1" SUBS_CONTENT="produite," WC="0.97" CC="053"/>
						<HYP HPOS="1333" VPOS="3179" WIDTH="27" CONTENT="-"/>
					</TextLine>
					<TextLine ID="P13_TL00043" HPOS="167" VPOS="3225" WIDTH="1193" HEIGHT="50">
						<String ID="P13_ST00262" HPOS="167" VPOS="3226" WIDTH="141" HEIGHT="49" CONTENT="duite," SUBS_TYPE="HypPart2" SUBS_CONTENT="produite," WC="0.99" CC="007003"/>
						<SP ID="P13_SP00220" HPOS="308" VPOS="3275" WIDTH="47"/>
						<String ID="P13_ST00263" HPOS="355" VPOS="3226" WIDTH="57" HEIGHT="43" CONTENT="de" WC="1.00" CC="00"/>
						<SP ID="P13_SP00221" HPOS="412" VPOS="3275" WIDTH="44"/>
						<String ID="P13_ST00264" HPOS="456" VPOS="3226" WIDTH="43" HEIGHT="44" CONTENT="la" WC="0.86" CC="20"/>
						<SP ID="P13_SP00222" HPOS="499" VPOS="3275" WIDTH="41"/>
						<String ID="P13_ST00265" HPOS="540" VPOS="3225" WIDTH="193" HEIGHT="45" CONTENT="flamme" WC="0.99" CC="620000"/>
						<SP ID="P13_SP00223" HPOS="733" VPOS="3275" WIDTH="41"/>
						<String ID="P13_ST00266" HPOS="774" VPOS="3229" WIDTH="26" HEIGHT="40" CONTENT="à" WC="0.44" CC="5"/>
						<SP ID="P13_SP00224" HPOS="800" VPOS="3275" WIDTH="41"/>
						<String ID="P13_ST00267" HPOS="841" VPOS="3226" WIDTH="43" HEIGHT="43" CONTENT="la" WC="0.92" CC="10"/>
						<SP ID="P13_SP00225" HPOS="884" VPOS="3275" WIDTH="40"/>
						<String ID="P13_ST00268" HPOS="924" VPOS="3226" WIDTH="248" HEIGHT="44" CONTENT="chaudière" WC="1.00" CC="000000730"/>
						<SP ID="P13_SP00226" HPOS="1172" VPOS="3275" WIDTH="42"/>
						<String ID="P13_ST00269" HPOS="1214" VPOS="3237" WIDTH="44" HEIGHT="33" CONTENT="et" WC="1.00" CC="00"/>
						<SP ID="P13_SP00227" HPOS="1258" VPOS="3275" WIDTH="43"/>
						<String ID="P13_ST00270" HPOS="1301" VPOS="3228" WIDTH="59" HEIGHT="43" CONTENT="de" WC="0.50" CC="09"/>
					</TextLine>
					<TextLine ID="P13_TL00044" HPOS="164" VPOS="3288" WIDTH="1196" HEIGHT="51">
						<String ID="P13_ST00271" HPOS="164" VPOS="3288" WIDTH="180" HEIGHT="44" CONTENT="celle-ci" WC="0.99" CC="00020306"/>
						<SP ID="P13_SP00228" HPOS="344" VPOS="3332" WIDTH="47"/>
						<String ID="P13_ST00272" HPOS="391" VPOS="3292" WIDTH="26" HEIGHT="41" CONTENT="à" WC="0.56" CC="4"/>
						<SP ID="P13_SP00229" HPOS="417" VPOS="3333" WIDTH="46"/>
						<String ID="P13_ST00273" HPOS="463" VPOS="3307" WIDTH="85" HEIGHT="26" CONTENT="son" WC="0.97" CC="600"/>
						<SP ID="P13_SP00230" HPOS="548" VPOS="3333" WIDTH="46"/>
						<String ID="P13_ST00274" HPOS="594" VPOS="3299" WIDTH="216" HEIGHT="38" CONTENT="contenu," WC="1.00" CC="00007000"/>
						<SP ID="P13_SP00231" HPOS="810" VPOS="3337" WIDTH="51"/>
						<String ID="P13_ST00275" HPOS="861" VPOS="3288" WIDTH="143" HEIGHT="51" CONTENT="L'eau;" WC="0.97" CC="817097"/>
						<SP ID="P13_SP00232" HPOS="1004" VPOS="3339" WIDTH="49"/>
						<String ID="P13_ST00276" HPOS="1053" VPOS="3289" WIDTH="307" HEIGHT="44" CONTENT="transformer" WC="0.99" CC="00000826180"/>
					</TextLine>
					<TextLine ID="P13_TL00045" HPOS="162" VPOS="3352" WIDTH="1197" HEIGHT="53">
						<String ID="P13_ST00277" HPOS="162" VPOS="3352" WIDTH="225" HEIGHT="53" CONTENT="l'énergie" WC="0.99" CC="245009067"/>
						<SP ID="P13_SP00233" HPOS="387" VPOS="3405" WIDTH="36"/>
						<String ID="P13_ST00278" HPOS="423" VPOS="3352" WIDTH="59" HEIGHT="44" CONTENT="de" WC="0.63" CC="07"/>
						<SP ID="P13_SP00234" HPOS="482" VPOS="3405" WIDTH="34"/>
						<String ID="P13_ST00279" HPOS="516" VPOS="3352" WIDTH="121" HEIGHT="44" CONTENT="l'eau" WC="0.99" CC="04000"/>
						<SP ID="P13_SP00235" HPOS="637" VPOS="3405" WIDTH="33"/>
						<String ID="P13_ST00280" HPOS="670" VPOS="3355" WIDTH="245" HEIGHT="50" CONTENT="vaporisée" WC="0.99" CC="000112053"/>
						<SP ID="P13_SP00236" HPOS="915" VPOS="3405" WIDTH="35"/>
						<String ID="P13_ST00281" HPOS="950" VPOS="3370" WIDTH="56" HEIGHT="26" CONTENT="en" WC="1.00" CC="00"/>
						<SP ID="P13_SP00237" HPOS="1006" VPOS="3405" WIDTH="37"/>
						<String ID="P13_ST00282" HPOS="1043" VPOS="3355" WIDTH="186" HEIGHT="50" CONTENT="énergie" WC="0.99" CC="5020010"/>
						<SP ID="P13_SP00238" HPOS="1229" VPOS="3405" WIDTH="35"/>
						<String ID="P13_ST00283" HPOS="1264" VPOS="3355" WIDTH="64" HEIGHT="41" CONTENT="mé" SUBS_TYPE="HypPart1" SUBS_CONTENT="mécanique," WC="0.96" CC="05"/>
						<HYP HPOS="1328" VPOS="3355" WIDTH="31" CONTENT="-"/>
					</TextLine>
					<TextLine ID="P13_TL00046" HPOS="162" VPOS="3415" WIDTH="1200" HEIGHT="55">
						<String ID="P13_ST00284" HPOS="162" VPOS="3419" WIDTH="212" HEIGHT="49" CONTENT="canique," SUBS_TYPE="HypPart2" SUBS_CONTENT="mécanique," WC="0.99" CC="20050602"/>
						<SP ID="P13_SP00239" HPOS="374" VPOS="3468" WIDTH="52"/>
						<String ID="P13_ST00285" HPOS="426" VPOS="3416" WIDTH="117" HEIGHT="43" CONTENT="dans" WC="1.00" CC="0000"/>
						<SP ID="P13_SP00240" HPOS="543" VPOS="3468" WIDTH="43"/>
						<String ID="P13_ST00286" HPOS="586" VPOS="3416" WIDTH="66" HEIGHT="43" CONTENT="les" WC="0.99" CC="002"/>
						<SP ID="P13_SP00241" HPOS="652" VPOS="3468" WIDTH="44"/>
						<String ID="P13_ST00287" HPOS="696" VPOS="3415" WIDTH="250" HEIGHT="51" CONTENT="machines," WC="1.00" CC="020040000"/>
						<SP ID="P13_SP00242" HPOS="946" VPOS="3468" WIDTH="49"/>
						<String ID="P13_ST00288" HPOS="995" VPOS="3419" WIDTH="100" HEIGHT="49" CONTENT="puis" WC="0.99" CC="0040"/>
						<SP ID="P13_SP00243" HPOS="1095" VPOS="3468" WIDTH="45"/>
						<String ID="P13_ST00289" HPOS="1140" VPOS="3415" WIDTH="222" HEIGHT="55" CONTENT="l'énergie" WC="0.99" CC="046010067"/>
					</TextLine>
					<TextLine ID="P13_TL00047" HPOS="163" VPOS="3477" WIDTH="1197" HEIGHT="55">
						<String ID="P13_ST00290" HPOS="163" VPOS="3482" WIDTH="276" HEIGHT="49" CONTENT="mécanique" WC="1.00" CC="060007000"/>
						<SP ID="P13_SP00244" HPOS="439" VPOS="3531" WIDTH="27"/>
						<String ID="P13_ST00291" HPOS="466" VPOS="3497" WIDTH="57" HEIGHT="27" CONTENT="en" WC="0.73" CC="50"/>
						<SP ID="P13_SP00245" HPOS="523" VPOS="3531" WIDTH="29"/>
						<String ID="P13_ST00292" HPOS="552" VPOS="3482" WIDTH="184" HEIGHT="50" CONTENT="énergie" WC="0.99" CC="4001030"/>
						<SP ID="P13_SP00246" HPOS="736" VPOS="3532" WIDTH="26"/>
						<String ID="P13_ST00293" HPOS="762" VPOS="3478" WIDTH="261" HEIGHT="54" CONTENT="électrique," WC="1.00" CC="60020060004"/>
						<SP ID="P13_SP00247" HPOS="1023" VPOS="3532" WIDTH="31"/>
						<String ID="P13_ST00294" HPOS="1054" VPOS="3482" WIDTH="26" HEIGHT="40" CONTENT="à" WC="0.37" CC="6"/>
						<SP ID="P13_SP00248" HPOS="1080" VPOS="3532" WIDTH="28"/>
						<String ID="P13_ST00295" HPOS="1108" VPOS="3477" WIDTH="140" HEIGHT="46" CONTENT="l'aide" WC="0.98" CC="440600"/>
						<SP ID="P13_SP00249" HPOS="1248" VPOS="3532" WIDTH="30"/>
						<String ID="P13_ST00296" HPOS="1278" VPOS="3478" WIDTH="82" HEIGHT="44" CONTENT="des" WC="0.98" CC="014"/>
					</TextLine>
					<TextLine ID="P13_TL00048" HPOS="163" VPOS="3545" WIDTH="324" HEIGHT="48">
						<String ID="P13_ST00297" HPOS="163" VPOS="3545" WIDTH="324" HEIGHT="48" CONTENT="génératrices." WC="1.00" CC="9074000050001"/>
					</TextLine>
				</TextBlock>
				<TextBlock ID="P13_TB00005" HPOS="1428" VPOS="546" WIDTH="1201" HEIGHT="3047" STYLEREFS="TXT_2 PAR_BLOCK">
					<TextLine ID="P13_TL00049" HPOS="1491" VPOS="547" WIDTH="1123" HEIGHT="57">
						<String ID="P13_ST00298" HPOS="1491" VPOS="547" WIDTH="74" HEIGHT="43" CONTENT="Un" WC="0.23" CC="59"/>
						<SP ID="P13_SP00250" HPOS="1565" VPOS="590" WIDTH="19"/>
						<String ID="P13_ST00299" HPOS="1584" VPOS="553" WIDTH="103" HEIGHT="48" CONTENT="jour" WC="0.98" CC="1063"/>
						<SP ID="P13_SP00251" HPOS="1687" VPOS="601" WIDTH="19"/>
						<String ID="P13_ST00300" HPOS="1706" VPOS="550" WIDTH="194" HEIGHT="43" CONTENT="viendra" WC="0.99" CC="0308040"/>
						<SP ID="P13_SP00252" HPOS="1900" VPOS="601" WIDTH="19"/>
						<String ID="P13_ST00301" HPOS="1919" VPOS="551" WIDTH="362" HEIGHT="53" CONTENT="probablement" WC="1.00" CC="033007000200"/>
						<SP ID="P13_SP00253" HPOS="2281" VPOS="604" WIDTH="20"/>
						<String ID="P13_ST00302" HPOS="2301" VPOS="557" WIDTH="59" HEIGHT="39" CONTENT="où" WC="0.93" CC="01"/>
						<SP ID="P13_SP00254" HPOS="2360" VPOS="604" WIDTH="18"/>
						<String ID="P13_ST00303" HPOS="2378" VPOS="571" WIDTH="75" HEIGHT="26" CONTENT="ces" WC="1.00" CC="000"/>
						<SP ID="P13_SP00255" HPOS="2453" VPOS="604" WIDTH="21"/>
						<String ID="P13_ST00304" HPOS="2474" VPOS="564" WIDTH="117" HEIGHT="34" CONTENT="trans" SUBS_TYPE="HypPart1" SUBS_CONTENT="transformations" WC="0.99" CC="03004"/>
						<HYP HPOS="2591" VPOS="564" WIDTH="23" CONTENT="-"/>
					</TextLine>
					<TextLine ID="P13_TL00050" HPOS="1437" VPOS="609" WIDTH="1182" HEIGHT="55">
						<String ID="P13_ST00305" HPOS="1437" VPOS="609" WIDTH="276" HEIGHT="45" CONTENT="formations" SUBS_TYPE="HypPart2" SUBS_CONTENT="transformations" WC="0.99" CC="5070300005"/>
						<SP ID="P13_SP00256" HPOS="1713" VPOS="654" WIDTH="24"/>
						<String ID="P13_ST00306" HPOS="1737" VPOS="616" WIDTH="277" HEIGHT="40" CONTENT="successives" WC="1.00" CC="00000030044"/>
						<SP ID="P13_SP00257" HPOS="2014" VPOS="656" WIDTH="24"/>
						<String ID="P13_ST00307" HPOS="2038" VPOS="627" WIDTH="156" HEIGHT="31" CONTENT="seront" WC="1.00" CC="020200"/>
						<SP ID="P13_SP00258" HPOS="2194" VPOS="658" WIDTH="26"/>
						<String ID="P13_ST00308" HPOS="2220" VPOS="618" WIDTH="185" HEIGHT="46" CONTENT="évitées," WC="0.99" CC="40404062"/>
						<SP ID="P13_SP00259" HPOS="2405" VPOS="664" WIDTH="32"/>
						<String ID="P13_ST00309" HPOS="2437" VPOS="634" WIDTH="54" HEIGHT="26" CONTENT="en" WC="0.98" CC="00"/>
						<SP ID="P13_SP00260" HPOS="2491" VPOS="664" WIDTH="30"/>
						<String ID="P13_ST00310" HPOS="2521" VPOS="628" WIDTH="98" HEIGHT="34" CONTENT="tout" WC="0.99" CC="0600"/>
					</TextLine>
					<TextLine ID="P13_TL00051" HPOS="1435" VPOS="676" WIDTH="1180" HEIGHT="54">
						<String ID="P13_ST00311" HPOS="1435" VPOS="689" WIDTH="59" HEIGHT="25" CONTENT="ou" WC="0.73" CC="50"/>
						<SP ID="P13_SP00261" HPOS="1494" VPOS="714" WIDTH="24"/>
						<String ID="P13_ST00312" HPOS="1518" VPOS="688" WIDTH="54" HEIGHT="26" CONTENT="en" WC="1.00" CC="00"/>
						<SP ID="P13_SP00262" HPOS="1572" VPOS="714" WIDTH="26"/>
						<String ID="P13_ST00313" HPOS="1598" VPOS="676" WIDTH="166" HEIGHT="48" CONTENT="partie;" WC="0.98" CC="0906503"/>
						<SP ID="P13_SP00263" HPOS="1764" VPOS="724" WIDTH="27"/>
						<String ID="P13_ST00314" HPOS="1791" VPOS="692" WIDTH="61" HEIGHT="25" CONTENT="on" WC="1.00" CC="00"/>
						<SP ID="P13_SP00264" HPOS="1852" VPOS="724" WIDTH="21"/>
						<String ID="P13_ST00315" HPOS="1873" VPOS="687" WIDTH="111" HEIGHT="40" CONTENT="peut" WC="1.00" CC="0000"/>
						<SP ID="P13_SP00265" HPOS="1984" VPOS="727" WIDTH="23"/>
						<String ID="P13_ST00316" HPOS="2007" VPOS="677" WIDTH="108" HEIGHT="52" CONTENT="déjà" WC="0.98" CC="0523"/>
						<SP ID="P13_SP00266" HPOS="2115" VPOS="729" WIDTH="25"/>
						<String ID="P13_ST00317" HPOS="2140" VPOS="677" WIDTH="64" HEIGHT="43" CONTENT="les" WC="0.98" CC="400"/>
						<SP ID="P13_SP00267" HPOS="2204" VPOS="729" WIDTH="24"/>
						<String ID="P13_ST00318" HPOS="2228" VPOS="677" WIDTH="239" HEIGHT="52" CONTENT="simplifier" WC="0.99" CC="0000436410"/>
						<SP ID="P13_SP00268" HPOS="2467" VPOS="729" WIDTH="25"/>
						<String ID="P13_ST00319" HPOS="2492" VPOS="679" WIDTH="99" HEIGHT="51" CONTENT="quel" SUBS_TYPE="HypPart1" SUBS_CONTENT="quelque" WC="0.99" CC="0002"/>
						<HYP HPOS="2591" VPOS="679" WIDTH="24" CONTENT="-"/>
					</TextLine>
					<TextLine ID="P13_TL00052" HPOS="1435" VPOS="739" WIDTH="1180" HEIGHT="48">
						<String ID="P13_ST00320" HPOS="1435" VPOS="750" WIDTH="87" HEIGHT="35" CONTENT="que" SUBS_TYPE="HypPart2" SUBS_CONTENT="quelque" WC="1.00" CC="000"/>
						<SP ID="P13_SP00269" HPOS="1522" VPOS="785" WIDTH="23"/>
						<String ID="P13_ST00321" HPOS="1545" VPOS="751" WIDTH="103" HEIGHT="34" CONTENT="peu," WC="0.99" CC="0004"/>
						<SP ID="P13_SP00270" HPOS="1648" VPOS="785" WIDTH="27"/>
						<String ID="P13_ST00322" HPOS="1675" VPOS="752" WIDTH="56" HEIGHT="27" CONTENT="en" WC="0.98" CC="00"/>
						<SP ID="P13_SP00271" HPOS="1731" VPOS="785" WIDTH="24"/>
						<String ID="P13_ST00323" HPOS="1755" VPOS="739" WIDTH="195" HEIGHT="48" CONTENT="opérant" WC="1.00" CC="0050200"/>
						<SP ID="P13_SP00272" HPOS="1950" VPOS="787" WIDTH="23"/>
						<String ID="P13_ST00324" HPOS="1973" VPOS="755" WIDTH="113" HEIGHT="26" CONTENT="avec" WC="1.00" CC="0000"/>
						<SP ID="P13_SP00273" HPOS="2086" VPOS="787" WIDTH="24"/>
						<String ID="P13_ST00325" HPOS="2110" VPOS="739" WIDTH="82" HEIGHT="43" CONTENT="des" WC="0.97" CC="015"/>
						<SP ID="P13_SP00274" HPOS="2192" VPOS="787" WIDTH="21"/>
						<String ID="P13_ST00326" HPOS="2213" VPOS="750" WIDTH="203" HEIGHT="32" CONTENT="moteurs" WC="1.00" CC="0200060"/>
						<SP ID="P13_SP00275" HPOS="2416" VPOS="787" WIDTH="24"/>
						<String ID="P13_ST00327" HPOS="2440" VPOS="743" WIDTH="26" HEIGHT="40" CONTENT="à" WC="0.32" CC="6"/>
						<SP ID="P13_SP00276" HPOS="2466" VPOS="787" WIDTH="25"/>
						<String ID="P13_ST00328" HPOS="2491" VPOS="757" WIDTH="93" HEIGHT="26" CONTENT="com" SUBS_TYPE="HypPart1" SUBS_CONTENT="combustion" WC="0.99" CC="000"/>
						<HYP HPOS="2584" VPOS="757" WIDTH="31" CONTENT="-"/>
					</TextLine>
					<TextLine ID="P13_TL00053" HPOS="1432" VPOS="796" WIDTH="1186" HEIGHT="55">
						<String ID="P13_ST00329" HPOS="1432" VPOS="796" WIDTH="187" HEIGHT="42" CONTENT="bustion" SUBS_TYPE="HypPart2" SUBS_CONTENT="combustion" WC="1.00" CC="0000000"/>
						<SP ID="P13_SP00277" HPOS="1619" VPOS="838" WIDTH="22"/>
						<String ID="P13_ST00330" HPOS="1641" VPOS="798" WIDTH="176" HEIGHT="41" CONTENT="interne" WC="1.00" CC="2000500"/>
						<SP ID="P13_SP00278" HPOS="1817" VPOS="839" WIDTH="23"/>
						<String ID="P13_ST00331" HPOS="1840" VPOS="816" WIDTH="58" HEIGHT="25" CONTENT="ou" WC="1.00" CC="00"/>
						<SP ID="P13_SP00279" HPOS="1898" VPOS="841" WIDTH="21"/>
						<String ID="P13_ST00332" HPOS="1919" VPOS="802" WIDTH="26" HEIGHT="39" CONTENT="à" WC="0.48" CC="5"/>
						<SP ID="P13_SP00280" HPOS="1945" VPOS="841" WIDTH="20"/>
						<String ID="P13_ST00333" HPOS="1965" VPOS="799" WIDTH="263" HEIGHT="52" CONTENT="explosion;" WC="1.00" CC="0000200304"/>
						<SP ID="P13_SP00281" HPOS="2228" VPOS="851" WIDTH="25"/>
						<String ID="P13_ST00334" HPOS="2253" VPOS="804" WIDTH="127" HEIGHT="45" CONTENT="mais," WC="0.99" CC="03014"/>
						<SP ID="P13_SP00282" HPOS="2380" VPOS="851" WIDTH="29"/>
						<String ID="P13_ST00335" HPOS="2409" VPOS="802" WIDTH="58" HEIGHT="43" CONTENT="de" WC="1.00" CC="00"/>
						<SP ID="P13_SP00283" HPOS="2467" VPOS="851" WIDTH="22"/>
						<String ID="P13_ST00336" HPOS="2489" VPOS="812" WIDTH="129" HEIGHT="34" CONTENT="toute" WC="1.00" CC="00000"/>
					</TextLine>
					<TextLine ID="P13_TL00054" HPOS="1433" VPOS="857" WIDTH="1179" HEIGHT="56">
						<String ID="P13_ST00337" HPOS="1433" VPOS="857" WIDTH="381" HEIGHT="52" CONTENT="façon,plusieurs" WC="1.00" CC="400001000080040"/>
						<SP ID="P13_SP00284" HPOS="1814" VPOS="909" WIDTH="24"/>
						<String ID="P13_ST00338" HPOS="1838" VPOS="863" WIDTH="265" HEIGHT="48" CONTENT="opérations" WC="1.00" CC="2052000000"/>
						<SP ID="P13_SP00285" HPOS="2103" VPOS="911" WIDTH="25"/>
						<String ID="P13_ST00339" HPOS="2128" VPOS="874" WIDTH="170" HEIGHT="32" CONTENT="restent" WC="1.00" CC="0000000"/>
						<SP ID="P13_SP00286" HPOS="2298" VPOS="911" WIDTH="24"/>
						<String ID="P13_ST00340" HPOS="2322" VPOS="866" WIDTH="290" HEIGHT="47" CONTENT="nécessaires," WC="0.99" CC="061006043003"/>
					</TextLine>
					<TextLine ID="P13_TL00055" HPOS="1433" VPOS="922" WIDTH="1181" HEIGHT="56">
						<String ID="P13_ST00341" HPOS="1433" VPOS="922" WIDTH="75" HEIGHT="49" CONTENT="qui" WC="0.99" CC="003"/>
						<SP ID="P13_SP00287" HPOS="1508" VPOS="971" WIDTH="49"/>
						<String ID="P13_ST00342" HPOS="1557" VPOS="923" WIDTH="261" HEIGHT="40" CONTENT="entraînent" WC="1.00" CC="0003030000"/>
						<SP ID="P13_SP00288" HPOS="1818" VPOS="971" WIDTH="49"/>
						<String ID="P13_ST00343" HPOS="1867" VPOS="922" WIDTH="203" HEIGHT="45" CONTENT="chacune" WC="1.00" CC="0000000"/>
						<SP ID="P13_SP00289" HPOS="2070" VPOS="971" WIDTH="51"/>
						<String ID="P13_ST00344" HPOS="2121" VPOS="926" WIDTH="81" HEIGHT="42" CONTENT="des" WC="1.00" CC="000"/>
						<SP ID="P13_SP00290" HPOS="2202" VPOS="971" WIDTH="46"/>
						<String ID="P13_ST00345" HPOS="2248" VPOS="936" WIDTH="153" HEIGHT="40" CONTENT="pertes" WC="1.00" CC="000000"/>
						<SP ID="P13_SP00291" HPOS="2401" VPOS="976" WIDTH="47"/>
						<String ID="P13_ST00346" HPOS="2448" VPOS="930" WIDTH="139" HEIGHT="48" CONTENT="appré" SUBS_TYPE="HypPart1" SUBS_CONTENT="appréciables." WC="0.99" CC="00035"/>
						<HYP HPOS="2587" VPOS="930" WIDTH="27" CONTENT="-"/>
					</TextLine>
					<TextLine ID="P13_TL00056" HPOS="1431" VPOS="982" WIDTH="184" HEIGHT="43">
						<String ID="P13_ST00347" HPOS="1431" VPOS="982" WIDTH="184" HEIGHT="43" CONTENT="ciables." SUBS_TYPE="HypPart2" SUBS_CONTENT="appréciables." WC="0.99" CC="34002003"/>
					</TextLine>
					<TextLine ID="P13_TL00057" HPOS="1508" VPOS="1067" WIDTH="1112" HEIGHT="56">
						<String ID="P13_ST00348" HPOS="1508" VPOS="1067" WIDTH="156" HEIGHT="43" CONTENT="Pertes" WC="0.99" CC="000500"/>
						<SP ID="P13_SP00292" HPOS="1664" VPOS="1110" WIDTH="27"/>
						<String ID="P13_ST00349" HPOS="1691" VPOS="1085" WIDTH="72" HEIGHT="25" CONTENT="sur" WC="1.00" CC="000"/>
						<SP ID="P13_SP00293" HPOS="1763" VPOS="1110" WIDTH="28"/>
						<String ID="P13_ST00350" HPOS="1791" VPOS="1069" WIDTH="63" HEIGHT="42" CONTENT="les" WC="0.99" CC="300"/>
						<SP ID="P13_SP00294" HPOS="1854" VPOS="1111" WIDTH="26"/>
						<String ID="P13_ST00351" HPOS="1880" VPOS="1069" WIDTH="162" HEIGHT="52" CONTENT="grilles," WC="0.99" CC="90030000"/>
						<SP ID="P13_SP00295" HPOS="2042" VPOS="1121" WIDTH="30"/>
						<String ID="P13_ST00352" HPOS="2072" VPOS="1082" WIDTH="151" HEIGHT="41" CONTENT="pertes" WC="1.00" CC="000000"/>
						<SP ID="P13_SP00296" HPOS="2223" VPOS="1123" WIDTH="28"/>
						<String ID="P13_ST00353" HPOS="2251" VPOS="1074" WIDTH="115" HEIGHT="42" CONTENT="dans" WC="1.00" CC="0000"/>
						<SP ID="P13_SP00297" HPOS="2366" VPOS="1123" WIDTH="26"/>
						<String ID="P13_ST00354" HPOS="2392" VPOS="1074" WIDTH="65" HEIGHT="42" CONTENT="les" WC="1.00" CC="000"/>
						<SP ID="P13_SP00298" HPOS="2457" VPOS="1123" WIDTH="26"/>
						<String ID="P13_ST00355" HPOS="2483" VPOS="1074" WIDTH="110" HEIGHT="44" CONTENT="chau" SUBS_TYPE="HypPart1" SUBS_CONTENT="chaudières," WC="1.00" CC="0000"/>
						<HYP HPOS="2593" VPOS="1074" WIDTH="27" CONTENT="-"/>
					</TextLine>
					<TextLine ID="P13_TL00058" HPOS="1439" VPOS="1130" WIDTH="1177" HEIGHT="57">
						<String ID="P13_ST00356" HPOS="1439" VPOS="1130" WIDTH="161" HEIGHT="48" CONTENT="dières," SUBS_TYPE="HypPart2" SUBS_CONTENT="chaudières," WC="0.99" CC="0373000"/>
						<SP ID="P13_SP00299" HPOS="1600" VPOS="1178" WIDTH="38"/>
						<String ID="P13_ST00357" HPOS="1638" VPOS="1140" WIDTH="153" HEIGHT="42" CONTENT="pertes" WC="1.00" CC="000000"/>
						<SP ID="P13_SP00300" HPOS="1791" VPOS="1182" WIDTH="33"/>
						<String ID="P13_ST00358" HPOS="1824" VPOS="1131" WIDTH="114" HEIGHT="43" CONTENT="dans" WC="0.98" CC="0007"/>
						<SP ID="P13_SP00301" HPOS="1938" VPOS="1182" WIDTH="31"/>
						<String ID="P13_ST00359" HPOS="1969" VPOS="1131" WIDTH="63" HEIGHT="44" CONTENT="les" WC="0.95" CC="507"/>
						<SP ID="P13_SP00302" HPOS="2032" VPOS="1182" WIDTH="30"/>
						<String ID="P13_ST00360" HPOS="2062" VPOS="1134" WIDTH="241" HEIGHT="44" CONTENT="conduites" WC="1.00" CC="050000000"/>
						<SP ID="P13_SP00303" HPOS="2303" VPOS="1182" WIDTH="33"/>
						<String ID="P13_ST00361" HPOS="2336" VPOS="1136" WIDTH="59" HEIGHT="43" CONTENT="de" WC="1.00" CC="00"/>
						<SP ID="P13_SP00304" HPOS="2395" VPOS="1182" WIDTH="30"/>
						<String ID="P13_ST00362" HPOS="2425" VPOS="1153" WIDTH="191" HEIGHT="34" CONTENT="vapeur," WC="1.00" CC="0000010"/>
					</TextLine>
					<TextLine ID="P13_TL00059" HPOS="1430" VPOS="1192" WIDTH="1185" HEIGHT="58">
						<String ID="P13_ST00363" HPOS="1430" VPOS="1202" WIDTH="155" HEIGHT="42" CONTENT="pertes" WC="1.00" CC="010000"/>
						<SP ID="P13_SP00305" HPOS="1585" VPOS="1244" WIDTH="26"/>
						<String ID="P13_ST00364" HPOS="1611" VPOS="1192" WIDTH="116" HEIGHT="44" CONTENT="dans" WC="0.99" CC="0303"/>
						<SP ID="P13_SP00306" HPOS="1727" VPOS="1244" WIDTH="25"/>
						<String ID="P13_ST00365" HPOS="1752" VPOS="1192" WIDTH="66" HEIGHT="44" CONTENT="les" WC="1.00" CC="000"/>
						<SP ID="P13_SP00307" HPOS="1818" VPOS="1244" WIDTH="24"/>
						<String ID="P13_ST00366" HPOS="1842" VPOS="1193" WIDTH="247" HEIGHT="51" CONTENT="machines," WC="1.00" CC="005050002"/>
						<SP ID="P13_SP00308" HPOS="2089" VPOS="1244" WIDTH="29"/>
						<String ID="P13_ST00367" HPOS="2118" VPOS="1205" WIDTH="154" HEIGHT="43" CONTENT="pertes" WC="1.00" CC="001000"/>
						<SP ID="P13_SP00309" HPOS="2272" VPOS="1248" WIDTH="26"/>
						<String ID="P13_ST00368" HPOS="2298" VPOS="1197" WIDTH="115" HEIGHT="44" CONTENT="dans" WC="0.98" CC="0340"/>
						<SP ID="P13_SP00310" HPOS="2413" VPOS="1248" WIDTH="26"/>
						<String ID="P13_ST00369" HPOS="2439" VPOS="1199" WIDTH="64" HEIGHT="43" CONTENT="les" WC="1.00" CC="100"/>
						<SP ID="P13_SP00311" HPOS="2503" VPOS="1248" WIDTH="27"/>
						<String ID="P13_ST00370" HPOS="2530" VPOS="1215" WIDTH="85" HEIGHT="35" CONTENT="gaz" WC="1.00" CC="000"/>
					</TextLine>
					<TextLine ID="P13_TL00060" HPOS="1435" VPOS="1254" WIDTH="1184" HEIGHT="58">
						<String ID="P13_ST00371" HPOS="1435" VPOS="1254" WIDTH="266" HEIGHT="53" CONTENT="échappant" WC="1.00" CC="400000000"/>
						<SP ID="P13_SP00312" HPOS="1701" VPOS="1307" WIDTH="24"/>
						<String ID="P13_ST00372" HPOS="1725" VPOS="1255" WIDTH="82" HEIGHT="43" CONTENT="des" WC="1.00" CC="000"/>
						<SP ID="P13_SP00313" HPOS="1807" VPOS="1307" WIDTH="23"/>
						<String ID="P13_ST00373" HPOS="1830" VPOS="1255" WIDTH="167" HEIGHT="52" CONTENT="foyers," WC="0.99" CC="6100013"/>
						<SP ID="P13_SP00314" HPOS="1997" VPOS="1307" WIDTH="25"/>
						<String ID="P13_ST00374" HPOS="2022" VPOS="1267" WIDTH="151" HEIGHT="42" CONTENT="pertes" WC="1.00" CC="002000"/>
						<SP ID="P13_SP00315" HPOS="2173" VPOS="1309" WIDTH="24"/>
						<String ID="P13_ST00375" HPOS="2197" VPOS="1259" WIDTH="114" HEIGHT="43" CONTENT="dans" WC="1.00" CC="0000"/>
						<SP ID="P13_SP00316" HPOS="2311" VPOS="1309" WIDTH="22"/>
						<String ID="P13_ST00376" HPOS="2333" VPOS="1260" WIDTH="64" HEIGHT="42" CONTENT="les" WC="0.98" CC="400"/>
						<SP ID="P13_SP00317" HPOS="2397" VPOS="1309" WIDTH="21"/>
						<String ID="P13_ST00377" HPOS="2418" VPOS="1277" WIDTH="201" HEIGHT="35" CONTENT="vapeurs" WC="0.99" CC="0000822"/>
					</TextLine>
					<TextLine ID="P13_TL00061" HPOS="1434" VPOS="1317" WIDTH="1185" HEIGHT="57">
						<String ID="P13_ST00378" HPOS="1434" VPOS="1327" WIDTH="180" HEIGHT="33" CONTENT="sortant" WC="1.00" CC="0200000"/>
						<SP ID="P13_SP00318" HPOS="1614" VPOS="1360" WIDTH="41"/>
						<String ID="P13_ST00379" HPOS="1655" VPOS="1317" WIDTH="82" HEIGHT="42" CONTENT="des" WC="1.00" CC="000"/>
						<SP ID="P13_SP00319" HPOS="1737" VPOS="1360" WIDTH="37"/>
						<String ID="P13_ST00380" HPOS="1774" VPOS="1326" WIDTH="217" HEIGHT="40" CONTENT="moteurs," WC="1.00" CC="00000071"/>
						<SP ID="P13_SP00320" HPOS="1991" VPOS="1366" WIDTH="41"/>
						<String ID="P13_ST00381" HPOS="2032" VPOS="1330" WIDTH="151" HEIGHT="40" CONTENT="pertes" WC="1.00" CC="004000"/>
						<SP ID="P13_SP00321" HPOS="2183" VPOS="1370" WIDTH="36"/>
						<String ID="P13_ST00382" HPOS="2219" VPOS="1321" WIDTH="116" HEIGHT="43" CONTENT="adns" WC="1.00" CC="0000"/>
						<SP ID="P13_SP00322" HPOS="2335" VPOS="1370" WIDTH="37"/>
						<String ID="P13_ST00383" HPOS="2372" VPOS="1323" WIDTH="64" HEIGHT="42" CONTENT="les" WC="1.00" CC="100"/>
						<SP ID="P13_SP00323" HPOS="2436" VPOS="1370" WIDTH="41"/>
						<String ID="P13_ST00384" HPOS="2477" VPOS="1323" WIDTH="114" HEIGHT="51" CONTENT="dyna" SUBS_TYPE="HypPart1" SUBS_CONTENT="dynamos" WC="0.99" CC="0100"/>
						<HYP HPOS="2591" VPOS="1323" WIDTH="28" CONTENT="-"/>
					</TextLine>
					<TextLine ID="P13_TL00062" HPOS="1436" VPOS="1379" WIDTH="963" HEIGHT="56">
						<String ID="P13_ST00385" HPOS="1436" VPOS="1397" WIDTH="103" HEIGHT="25" CONTENT="mos" SUBS_TYPE="HypPart2" SUBS_CONTENT="dynamos" WC="1.00" CC="010"/>
						<SP ID="P13_SP00324" HPOS="1539" VPOS="1422" WIDTH="33"/>
						<String ID="P13_ST00386" HPOS="1572" VPOS="1397" WIDTH="10" HEIGHT="25" CONTENT=":" WC="1.00" CC="0"/>
						<SP ID="P13_SP00325" HPOS="1582" VPOS="1422" WIDTH="29"/>
						<String ID="P13_ST00387" HPOS="1611" VPOS="1380" WIDTH="42" HEIGHT="42" CONTENT="le" WC="0.80" CC="30"/>
						<SP ID="P13_SP00326" HPOS="1653" VPOS="1422" WIDTH="25"/>
						<String ID="P13_ST00388" HPOS="1678" VPOS="1379" WIDTH="127" HEIGHT="43" CONTENT="bilan" WC="1.00" CC="02000"/>
						<SP ID="P13_SP00327" HPOS="1805" VPOS="1422" WIDTH="27"/>
						<String ID="P13_ST00389" HPOS="1832" VPOS="1390" WIDTH="68" HEIGHT="34" CONTENT="est" WC="1.00" CC="000"/>
						<SP ID="P13_SP00328" HPOS="1900" VPOS="1424" WIDTH="24"/>
						<String ID="P13_ST00390" HPOS="1924" VPOS="1397" WIDTH="90" HEIGHT="35" CONTENT="peu" WC="1.00" CC="000"/>
						<SP ID="P13_SP00329" HPOS="2014" VPOS="1432" WIDTH="26"/>
						<String ID="P13_ST00391" HPOS="2040" VPOS="1387" WIDTH="359" HEIGHT="48" CONTENT="encourageant!" WC="1.00" CC="0000000005003"/>
					</TextLine>
					<TextLine ID="P13_TL00063" HPOS="1502" VPOS="1465" WIDTH="1114" HEIGHT="58">
						<String ID="P13_ST00392" HPOS="1502" VPOS="1465" WIDTH="83" HEIGHT="44" CONTENT="Tel" WC="0.98" CC="103"/>
						<SP ID="P13_SP00330" HPOS="1585" VPOS="1509" WIDTH="28"/>
						<String ID="P13_ST00393" HPOS="1613" VPOS="1465" WIDTH="118" HEIGHT="53" CONTENT="quel," WC="0.99" CC="00003"/>
						<SP ID="P13_SP00331" HPOS="1731" VPOS="1518" WIDTH="28"/>
						<String ID="P13_ST00394" HPOS="1759" VPOS="1467" WIDTH="280" HEIGHT="51" CONTENT="cependant," WC="1.00" CC="0000000002"/>
						<SP ID="P13_SP00332" HPOS="2039" VPOS="1518" WIDTH="27"/>
						<String ID="P13_ST00395" HPOS="2066" VPOS="1469" WIDTH="27" HEIGHT="43" CONTENT="il" WC="0.90" CC="02"/>
						<SP ID="P13_SP00333" HPOS="2093" VPOS="1518" WIDTH="25"/>
						<String ID="P13_ST00396" HPOS="2118" VPOS="1486" WIDTH="58" HEIGHT="26" CONTENT="ne" WC="1.00" CC="00"/>
						<SP ID="P13_SP00334" HPOS="2176" VPOS="1518" WIDTH="24"/>
						<String ID="P13_ST00397" HPOS="2200" VPOS="1471" WIDTH="112" HEIGHT="42" CONTENT="rend" WC="1.00" CC="0000"/>
						<SP ID="P13_SP00335" HPOS="2312" VPOS="1518" WIDTH="27"/>
						<String ID="P13_ST00398" HPOS="2339" VPOS="1488" WIDTH="83" HEIGHT="35" CONTENT="pas" WC="0.98" CC="060"/>
						<SP ID="P13_SP00336" HPOS="2422" VPOS="1523" WIDTH="24"/>
						<String ID="P13_ST00399" HPOS="2446" VPOS="1472" WIDTH="40" HEIGHT="42" CONTENT="le" WC="0.69" CC="41"/>
						<SP ID="P13_SP00337" HPOS="2486" VPOS="1523" WIDTH="26"/>
						<String ID="P13_ST00400" HPOS="2512" VPOS="1488" WIDTH="78" HEIGHT="35" CONTENT="pro" SUBS_TYPE="HypPart1" SUBS_CONTENT="procédé" WC="0.98" CC="024"/>
						<HYP HPOS="2590" VPOS="1488" WIDTH="26" CONTENT="-"/>
					</TextLine>
					<TextLine ID="P13_TL00064" HPOS="1433" VPOS="1528" WIDTH="1187" HEIGHT="54">
						<String ID="P13_ST00401" HPOS="1433" VPOS="1528" WIDTH="117" HEIGHT="43" CONTENT="cédé" SUBS_TYPE="HypPart2" SUBS_CONTENT="procédé" WC="0.98" CC="0402"/>
						<SP ID="P13_SP00338" HPOS="1550" VPOS="1571" WIDTH="32"/>
						<String ID="P13_ST00402" HPOS="1582" VPOS="1528" WIDTH="243" HEIGHT="53" CONTENT="prohibitif" WC="1.00" CC="0000502044"/>
						<SP ID="P13_SP00339" HPOS="1825" VPOS="1581" WIDTH="42"/>
						<String ID="P13_ST00403" HPOS="1867" VPOS="1547" WIDTH="8" HEIGHT="25" CONTENT=":" WC="1.00" CC="0"/>
						<SP ID="P13_SP00340" HPOS="1875" VPOS="1581" WIDTH="38"/>
						<String ID="P13_ST00404" HPOS="1913" VPOS="1540" WIDTH="150" HEIGHT="33" CONTENT="toutes" WC="1.00" CC="000000"/>
						<SP ID="P13_SP00341" HPOS="2063" VPOS="1581" WIDTH="35"/>
						<String ID="P13_ST00405" HPOS="2098" VPOS="1548" WIDTH="83" HEIGHT="26" CONTENT="nos" WC="0.99" CC="020"/>
						<SP ID="P13_SP00342" HPOS="2181" VPOS="1581" WIDTH="32"/>
						<String ID="P13_ST00406" HPOS="2213" VPOS="1532" WIDTH="253" HEIGHT="50" CONTENT="industries," WC="0.99" CC="10900033222"/>
						<SP ID="P13_SP00343" HPOS="2466" VPOS="1582" WIDTH="38"/>
						<String ID="P13_ST00407" HPOS="2504" VPOS="1535" WIDTH="93" HEIGHT="42" CONTENT="élec" SUBS_TYPE="HypPart1" SUBS_CONTENT="électrifiées," WC="0.73" CC="4400"/>
						<HYP HPOS="2597" VPOS="1535" WIDTH="23" CONTENT="-"/>
					</TextLine>
					<TextLine ID="P13_TL00065" HPOS="1433" VPOS="1591" WIDTH="1186" HEIGHT="56">
						<String ID="P13_ST00408" HPOS="1433" VPOS="1591" WIDTH="187" HEIGHT="47" CONTENT="trifiées," SUBS_TYPE="HypPart2" SUBS_CONTENT="électrifiées," WC="0.81" CC="010705003"/>
						<SP ID="P13_SP00344" HPOS="1620" VPOS="1638" WIDTH="45"/>
						<String ID="P13_ST00409" HPOS="1665" VPOS="1609" WIDTH="59" HEIGHT="25" CONTENT="ou" WC="1.00" CC="00"/>
						<SP ID="P13_SP00345" HPOS="1724" VPOS="1638" WIDTH="41"/>
						<String ID="P13_ST00410" HPOS="1765" VPOS="1591" WIDTH="224" HEIGHT="52" CONTENT="appelant" WC="1.00" CC="00005000"/>
						<SP ID="P13_SP00346" HPOS="1989" VPOS="1643" WIDTH="39"/>
						<String ID="P13_ST00411" HPOS="2028" VPOS="1596" WIDTH="26" HEIGHT="39" CONTENT="à" WC="0.45" CC="5"/>
						<SP ID="P13_SP00347" HPOS="2054" VPOS="1643" WIDTH="39"/>
						<String ID="P13_ST00412" HPOS="2093" VPOS="1592" WIDTH="141" HEIGHT="51" CONTENT="l'être," WC="0.99" CC="1420100"/>
						<SP ID="P13_SP00348" HPOS="2234" VPOS="1643" WIDTH="43"/>
						<String ID="P13_ST00413" HPOS="2277" VPOS="1606" WIDTH="104" HEIGHT="32" CONTENT="sont" WC="1.00" CC="0000"/>
						<SP ID="P13_SP00349" HPOS="2381" VPOS="1643" WIDTH="38"/>
						<String ID="P13_ST00414" HPOS="2419" VPOS="1594" WIDTH="43" HEIGHT="44" CONTENT="là" WC="0.69" CC="14"/>
						<SP ID="P13_SP00350" HPOS="2462" VPOS="1643" WIDTH="39"/>
						<String ID="P13_ST00415" HPOS="2501" VPOS="1613" WIDTH="118" HEIGHT="34" CONTENT="pour" WC="1.00" CC="0001"/>
					</TextLine>
					<TextLine ID="P13_TL00066" HPOS="1437" VPOS="1653" WIDTH="1185" HEIGHT="52">
						<String ID="P13_ST00416" HPOS="1437" VPOS="1663" WIDTH="189" HEIGHT="37" CONTENT="attester" WC="1.00" CC="00000010"/>
						<SP ID="P13_SP00351" HPOS="1626" VPOS="1700" WIDTH="27"/>
						<String ID="P13_ST00417" HPOS="1653" VPOS="1671" WIDTH="87" HEIGHT="34" CONTENT="que" WC="1.00" CC="000"/>
						<SP ID="P13_SP00352" HPOS="1740" VPOS="1705" WIDTH="24"/>
						<String ID="P13_ST00418" HPOS="1764" VPOS="1653" WIDTH="379" HEIGHT="45" CONTENT="l'intermédiaire" WC="0.99" CC="708406603465070"/>
						<SP ID="P13_SP00353" HPOS="2143" VPOS="1705" WIDTH="26"/>
						<String ID="P13_ST00419" HPOS="2169" VPOS="1657" WIDTH="58" HEIGHT="42" CONTENT="de" WC="1.00" CC="00"/>
						<SP ID="P13_SP00354" HPOS="2227" VPOS="1705" WIDTH="24"/>
						<String ID="P13_ST00420" HPOS="2251" VPOS="1657" WIDTH="277" HEIGHT="44" CONTENT="l'électricité" WC="1.00" CC="1323000300004"/>
						<SP ID="P13_SP00355" HPOS="2528" VPOS="1705" WIDTH="26"/>
						<String ID="P13_ST00421" HPOS="2554" VPOS="1670" WIDTH="68" HEIGHT="32" CONTENT="est" WC="1.00" CC="000"/>
					</TextLine>
					<TextLine ID="P13_TL00067" HPOS="1436" VPOS="1718" WIDTH="1186" HEIGHT="54">
						<String ID="P13_ST00422" HPOS="1436" VPOS="1733" WIDTH="62" HEIGHT="28" CONTENT="un" WC="1.00" CC="00"/>
						<SP ID="P13_SP00356" HPOS="1498" VPOS="1761" WIDTH="33"/>
						<String ID="P13_ST00423" HPOS="1531" VPOS="1718" WIDTH="227" HEIGHT="43" CONTENT="immense" WC="0.99" CC="6000070"/>
						<SP ID="P13_SP00357" HPOS="1758" VPOS="1761" WIDTH="34"/>
						<String ID="P13_ST00424" HPOS="1792" VPOS="1719" WIDTH="206" HEIGHT="50" CONTENT="progrès," WC="1.00" CC="00000300"/>
						<SP ID="P13_SP00358" HPOS="1998" VPOS="1769" WIDTH="37"/>
						<String ID="P13_ST00425" HPOS="2035" VPOS="1733" WIDTH="55" HEIGHT="27" CONTENT="en" WC="1.00" CC="00"/>
						<SP ID="P13_SP00359" HPOS="2090" VPOS="1769" WIDTH="35"/>
						<String ID="P13_ST00426" HPOS="2125" VPOS="1735" WIDTH="51" HEIGHT="26" CONTENT="ce" WC="0.75" CC="50"/>
						<SP ID="P13_SP00360" HPOS="2176" VPOS="1769" WIDTH="36"/>
						<String ID="P13_ST00427" HPOS="2212" VPOS="1723" WIDTH="73" HEIGHT="49" CONTENT="qui" WC="0.99" CC="003"/>
						<SP ID="P13_SP00361" HPOS="2285" VPOS="1772" WIDTH="32"/>
						<String ID="P13_ST00428" HPOS="2317" VPOS="1737" WIDTH="228" HEIGHT="26" CONTENT="concerne" WC="0.99" CC="53010000"/>
						<SP ID="P13_SP00362" HPOS="2545" VPOS="1772" WIDTH="33"/>
						<String ID="P13_ST00429" HPOS="2578" VPOS="1721" WIDTH="44" HEIGHT="42" CONTENT="la" WC="0.91" CC="10"/>
					</TextLine>
					<TextLine ID="P13_TL00068" HPOS="1440" VPOS="1779" WIDTH="1180" HEIGHT="52">
						<String ID="P13_ST00430" HPOS="1440" VPOS="1781" WIDTH="317" HEIGHT="41" CONTENT="transmission" WC="1.00" CC="000000310200"/>
						<SP ID="P13_SP00363" HPOS="1757" VPOS="1822" WIDTH="39"/>
						<String ID="P13_ST00431" HPOS="1796" VPOS="1790" WIDTH="44" HEIGHT="32" CONTENT="et" WC="1.00" CC="00"/>
						<SP ID="P13_SP00364" HPOS="1840" VPOS="1822" WIDTH="39"/>
						<String ID="P13_ST00432" HPOS="1879" VPOS="1779" WIDTH="43" HEIGHT="43" CONTENT="la" WC="0.82" CC="30"/>
						<SP ID="P13_SP00365" HPOS="1922" VPOS="1822" WIDTH="41"/>
						<String ID="P13_ST00433" HPOS="1963" VPOS="1780" WIDTH="288" HEIGHT="44" CONTENT="distribution" WC="1.00" CC="059010000200"/>
						<SP ID="P13_SP00366" HPOS="2251" VPOS="1824" WIDTH="43"/>
						<String ID="P13_ST00434" HPOS="2294" VPOS="1782" WIDTH="56" HEIGHT="42" CONTENT="de" WC="1.00" CC="00"/>
						<SP ID="P13_SP00367" HPOS="2350" VPOS="1824" WIDTH="40"/>
						<String ID="P13_ST00435" HPOS="2390" VPOS="1782" WIDTH="42" HEIGHT="43" CONTENT="la" WC="0.33" CC="48"/>
						<SP ID="P13_SP00368" HPOS="2432" VPOS="1825" WIDTH="41"/>
						<String ID="P13_ST00436" HPOS="2473" VPOS="1782" WIDTH="147" HEIGHT="49" CONTENT="force;" WC="0.98" CC="647004"/>
					</TextLine>
					<TextLine ID="P13_TL00069" HPOS="1438" VPOS="1841" WIDTH="1185" HEIGHT="53">
						<String ID="P13_ST00437" HPOS="1438" VPOS="1841" WIDTH="101" HEIGHT="42" CONTENT="c'en" WC="0.98" CC="3400"/>
						<SP ID="P13_SP00369" HPOS="1539" VPOS="1883" WIDTH="27"/>
						<String ID="P13_ST00438" HPOS="1566" VPOS="1853" WIDTH="67" HEIGHT="31" CONTENT="est" WC="0.98" CC="600"/>
						<SP ID="P13_SP00370" HPOS="1633" VPOS="1884" WIDTH="24"/>
						<String ID="P13_ST00439" HPOS="1657" VPOS="1859" WIDTH="60" HEIGHT="25" CONTENT="un" WC="0.56" CC="80"/>
						<SP ID="P13_SP00371" HPOS="1717" VPOS="1884" WIDTH="25"/>
						<String ID="P13_ST00440" HPOS="1742" VPOS="1845" WIDTH="118" HEIGHT="40" CONTENT="aussi" WC="0.99" CC="00005"/>
						<SP ID="P13_SP00372" HPOS="1860" VPOS="1885" WIDTH="26"/>
						<String ID="P13_ST00441" HPOS="1886" VPOS="1860" WIDTH="57" HEIGHT="25" CONTENT="en" WC="1.00" CC="00"/>
						<SP ID="P13_SP00373" HPOS="1943" VPOS="1885" WIDTH="26"/>
						<String ID="P13_ST00442" HPOS="1969" VPOS="1860" WIDTH="51" HEIGHT="25" CONTENT="ce" WC="1.00" CC="00"/>
						<SP ID="P13_SP00374" HPOS="2020" VPOS="1885" WIDTH="27"/>
						<String ID="P13_ST00443" HPOS="2047" VPOS="1845" WIDTH="75" HEIGHT="49" CONTENT="qui" WC="0.99" CC="003"/>
						<SP ID="P13_SP00375" HPOS="2122" VPOS="1894" WIDTH="25"/>
						<String ID="P13_ST00444" HPOS="2147" VPOS="1860" WIDTH="225" HEIGHT="27" CONTENT="concerne" WC="0.99" CC="06600500"/>
						<SP ID="P13_SP00376" HPOS="2372" VPOS="1894" WIDTH="25"/>
						<String ID="P13_ST00445" HPOS="2397" VPOS="1845" WIDTH="41" HEIGHT="42" CONTENT="le" WC="0.81" CC="30"/>
						<SP ID="P13_SP00377" HPOS="2438" VPOS="1894" WIDTH="27"/>
						<String ID="P13_ST00446" HPOS="2465" VPOS="1844" WIDTH="132" HEIGHT="44" CONTENT="chauf" SUBS_TYPE="HypPart1" SUBS_CONTENT="chauffage." WC="0.99" CC="10006"/>
						<HYP HPOS="2597" VPOS="1844" WIDTH="26" CONTENT="-"/>
					</TextLine>
					<TextLine ID="P13_TL00070" HPOS="1438" VPOS="1904" WIDTH="121" HEIGHT="52">
						<String ID="P13_ST00447" HPOS="1438" VPOS="1904" WIDTH="121" HEIGHT="52" CONTENT="fage." SUBS_TYPE="HypPart2" SUBS_CONTENT="chauffage." WC="0.96" CC="66905"/>
					</TextLine>
					<TextLine ID="P13_TL00071" HPOS="1506" VPOS="1989" WIDTH="1114" HEIGHT="54">
						<String ID="P13_ST00448" HPOS="1506" VPOS="1990" WIDTH="90" HEIGHT="42" CONTENT="Car" WC="1.00" CC="000"/>
						<SP ID="P13_SP00378" HPOS="1596" VPOS="2032" WIDTH="25"/>
						<String ID="P13_ST00449" HPOS="1621" VPOS="1989" WIDTH="68" HEIGHT="44" CONTENT="s'il" WC="0.98" CC="0404"/>
						<SP ID="P13_SP00379" HPOS="1689" VPOS="2033" WIDTH="26"/>
						<String ID="P13_ST00450" HPOS="1715" VPOS="2008" WIDTH="30" HEIGHT="33" CONTENT="y" WC="1.00" CC="0"/>
						<SP ID="P13_SP00380" HPOS="1745" VPOS="2041" WIDTH="24"/>
						<String ID="P13_ST00451" HPOS="1769" VPOS="2008" WIDTH="26" HEIGHT="24" CONTENT="a" WC="0.51" CC="4"/>
						<SP ID="P13_SP00381" HPOS="1795" VPOS="2041" WIDTH="28"/>
						<String ID="P13_ST00452" HPOS="1823" VPOS="1990" WIDTH="81" HEIGHT="42" CONTENT="des" WC="1.00" CC="000"/>
						<SP ID="P13_SP00382" HPOS="1904" VPOS="2041" WIDTH="28"/>
						<String ID="P13_ST00453" HPOS="1932" VPOS="2001" WIDTH="152" HEIGHT="42" CONTENT="pertes" WC="1.00" CC="002000"/>
						<SP ID="P13_SP00383" HPOS="2084" VPOS="2043" WIDTH="25"/>
						<String ID="P13_ST00454" HPOS="2109" VPOS="2008" WIDTH="117" HEIGHT="35" CONTENT="pour" WC="1.00" CC="0000"/>
						<SP ID="P13_SP00384" HPOS="2226" VPOS="2043" WIDTH="26"/>
						<String ID="P13_ST00455" HPOS="2252" VPOS="1992" WIDTH="42" HEIGHT="42" CONTENT="la" WC="0.77" CC="40"/>
						<SP ID="P13_SP00385" HPOS="2294" VPOS="2043" WIDTH="28"/>
						<String ID="P13_ST00456" HPOS="2322" VPOS="1992" WIDTH="271" HEIGHT="44" CONTENT="transforma" SUBS_TYPE="HypPart1" SUBS_CONTENT="transformation" WC="1.00" CC="0000060100"/>
						<HYP HPOS="2593" VPOS="1992" WIDTH="27" CONTENT="-"/>
					</TextLine>
					<TextLine ID="P13_TL00072" HPOS="1437" VPOS="2052" WIDTH="1185" HEIGHT="47">
						<String ID="P13_ST00457" HPOS="1437" VPOS="2055" WIDTH="96" HEIGHT="40" CONTENT="tion" SUBS_TYPE="HypPart2" SUBS_CONTENT="transformation" WC="0.99" CC="0410"/>
						<SP ID="P13_SP00386" HPOS="1533" VPOS="2095" WIDTH="29"/>
						<String ID="P13_ST00458" HPOS="1562" VPOS="2052" WIDTH="61" HEIGHT="43" CONTENT="du" WC="1.00" CC="00"/>
						<SP ID="P13_SP00387" HPOS="1623" VPOS="2095" WIDTH="25"/>
						<String ID="P13_ST00459" HPOS="1648" VPOS="2053" WIDTH="311" HEIGHT="43" CONTENT="combustible" WC="1.00" CC="01000403030"/>
						<SP ID="P13_SP00388" HPOS="1959" VPOS="2096" WIDTH="25"/>
						<String ID="P13_ST00460" HPOS="1984" VPOS="2071" WIDTH="57" HEIGHT="25" CONTENT="en" WC="1.00" CC="00"/>
						<SP ID="P13_SP00389" HPOS="2041" VPOS="2096" WIDTH="26"/>
						<String ID="P13_ST00461" HPOS="2067" VPOS="2053" WIDTH="243" HEIGHT="45" CONTENT="électricité" WC="0.99" CC="42000009205"/>
						<SP ID="P13_SP00390" HPOS="2310" VPOS="2098" WIDTH="26"/>
						<String ID="P13_ST00462" HPOS="2336" VPOS="2066" WIDTH="45" HEIGHT="32" CONTENT="et" WC="1.00" CC="00"/>
						<SP ID="P13_SP00391" HPOS="2381" VPOS="2098" WIDTH="27"/>
						<String ID="P13_ST00463" HPOS="2408" VPOS="2055" WIDTH="58" HEIGHT="43" CONTENT="de" WC="1.00" CC="00"/>
						<SP ID="P13_SP00392" HPOS="2466" VPOS="2098" WIDTH="23"/>
						<String ID="P13_ST00464" HPOS="2489" VPOS="2055" WIDTH="111" HEIGHT="44" CONTENT="celle" SUBS_TYPE="HypPart1" SUBS_CONTENT="celleci" WC="0.99" CC="00060"/>
						<HYP HPOS="2600" VPOS="2055" WIDTH="22" CONTENT="-"/>
					</TextLine>
					<TextLine ID="P13_TL00073" HPOS="1434" VPOS="2114" WIDTH="1188" HEIGHT="55">
						<String ID="P13_ST00465" HPOS="1434" VPOS="2118" WIDTH="41" HEIGHT="40" CONTENT="ci" SUBS_TYPE="HypPart2" SUBS_CONTENT="celleci" WC="0.84" CC="20"/>
						<SP ID="P13_SP00393" HPOS="1475" VPOS="2158" WIDTH="22"/>
						<String ID="P13_ST00466" HPOS="1497" VPOS="2133" WIDTH="59" HEIGHT="26" CONTENT="en" WC="1.00" CC="00"/>
						<SP ID="P13_SP00394" HPOS="1556" VPOS="2159" WIDTH="18"/>
						<String ID="P13_ST00467" HPOS="1574" VPOS="2114" WIDTH="202" HEIGHT="51" CONTENT="chaleur," WC="0.99" CC="07020940"/>
						<SP ID="P13_SP00395" HPOS="1776" VPOS="2165" WIDTH="26"/>
						<String ID="P13_ST00468" HPOS="1802" VPOS="2115" WIDTH="28" HEIGHT="44" CONTENT="il" WC="0.69" CC="23"/>
						<SP ID="P13_SP00396" HPOS="1830" VPOS="2165" WIDTH="24"/>
						<String ID="P13_ST00469" HPOS="1854" VPOS="2115" WIDTH="79" HEIGHT="52" CONTENT="n'y" WC="0.98" CC="040"/>
						<SP ID="P13_SP00397" HPOS="1933" VPOS="2167" WIDTH="22"/>
						<String ID="P13_ST00470" HPOS="1955" VPOS="2134" WIDTH="56" HEIGHT="25" CONTENT="en" WC="0.96" CC="00"/>
						<SP ID="P13_SP00398" HPOS="2011" VPOS="2167" WIDTH="23"/>
						<String ID="P13_ST00471" HPOS="2034" VPOS="2133" WIDTH="83" HEIGHT="36" CONTENT="pas" WC="1.00" CC="000"/>
						<SP ID="P13_SP00399" HPOS="2117" VPOS="2169" WIDTH="21"/>
						<String ID="P13_ST00472" HPOS="2138" VPOS="2119" WIDTH="150" HEIGHT="40" CONTENT="moins" WC="0.99" CC="00700"/>
						<SP ID="P13_SP00400" HPOS="2288" VPOS="2169" WIDTH="23"/>
						<String ID="P13_ST00473" HPOS="2311" VPOS="2135" WIDTH="119" HEIGHT="34" CONTENT="pour" WC="1.00" CC="0100"/>
						<SP ID="P13_SP00401" HPOS="2430" VPOS="2169" WIDTH="19"/>
						<String ID="P13_ST00474" HPOS="2449" VPOS="2118" WIDTH="44" HEIGHT="43" CONTENT="la" WC="0.77" CC="40"/>
						<SP ID="P13_SP00402" HPOS="2493" VPOS="2169" WIDTH="21"/>
						<String ID="P13_ST00475" HPOS="2514" VPOS="2135" WIDTH="81" HEIGHT="25" CONTENT="con" SUBS_TYPE="HypPart1" SUBS_CONTENT="conversion" WC="0.99" CC="200"/>
						<HYP HPOS="2595" VPOS="2135" WIDTH="27" CONTENT="-"/>
					</TextLine>
					<TextLine ID="P13_TL00074" HPOS="1437" VPOS="2178" WIDTH="1185" HEIGHT="46">
						<String ID="P13_ST00476" HPOS="1437" VPOS="2180" WIDTH="185" HEIGHT="40" CONTENT="version" SUBS_TYPE="HypPart2" SUBS_CONTENT="conversion" WC="0.99" CC="0080640"/>
						<SP ID="P13_SP00403" HPOS="1622" VPOS="2220" WIDTH="43"/>
						<String ID="P13_ST00477" HPOS="1665" VPOS="2179" WIDTH="172" HEIGHT="42" CONTENT="directe" WC="1.00" CC="0130000"/>
						<SP ID="P13_SP00404" HPOS="1837" VPOS="2221" WIDTH="42"/>
						<String ID="P13_ST00478" HPOS="1879" VPOS="2179" WIDTH="59" HEIGHT="42" CONTENT="du" WC="1.00" CC="00"/>
						<SP ID="P13_SP00405" HPOS="1938" VPOS="2221" WIDTH="42"/>
						<String ID="P13_ST00479" HPOS="1980" VPOS="2178" WIDTH="309" HEIGHT="44" CONTENT="combustible" WC="1.00" CC="02000002000"/>
						<SP ID="P13_SP00406" HPOS="2289" VPOS="2222" WIDTH="40"/>
						<String ID="P13_ST00480" HPOS="2329" VPOS="2198" WIDTH="56" HEIGHT="24" CONTENT="en" WC="1.00" CC="00"/>
						<SP ID="P13_SP00407" HPOS="2385" VPOS="2222" WIDTH="38"/>
						<String ID="P13_ST00481" HPOS="2423" VPOS="2179" WIDTH="199" HEIGHT="45" CONTENT="chaleur." WC="0.99" CC="07010024"/>
					</TextLine>
					<TextLine ID="P13_TL00075" HPOS="1434" VPOS="2240" WIDTH="1189" HEIGHT="54">
						<String ID="P13_ST00482" HPOS="1434" VPOS="2240" WIDTH="76" HEIGHT="44" CONTENT="On" WC="0.65" CC="70"/>
						<SP ID="P13_SP00408" HPOS="1510" VPOS="2284" WIDTH="38"/>
						<String ID="P13_ST00483" HPOS="1548" VPOS="2258" WIDTH="118" HEIGHT="26" CONTENT="nous" WC="1.00" CC="0000"/>
						<SP ID="P13_SP00409" HPOS="1666" VPOS="2284" WIDTH="35"/>
						<String ID="P13_ST00484" HPOS="1701" VPOS="2241" WIDTH="187" HEIGHT="43" CONTENT="affirme" WC="0.99" CC="0553000"/>
						<SP ID="P13_SP00410" HPOS="1888" VPOS="2284" WIDTH="36"/>
						<String ID="P13_ST00485" HPOS="1924" VPOS="2241" WIDTH="108" HEIGHT="44" CONTENT="bien" WC="1.00" CC="0020"/>
						<SP ID="P13_SP00411" HPOS="2032" VPOS="2285" WIDTH="39"/>
						<String ID="P13_ST00486" HPOS="2071" VPOS="2259" WIDTH="87" HEIGHT="35" CONTENT="que" WC="1.00" CC="000"/>
						<SP ID="P13_SP00412" HPOS="2158" VPOS="2294" WIDTH="36"/>
						<String ID="P13_ST00487" HPOS="2194" VPOS="2240" WIDTH="65" HEIGHT="45" CONTENT="les" WC="1.00" CC="000"/>
						<SP ID="P13_SP00413" HPOS="2259" VPOS="2294" WIDTH="35"/>
						<String ID="P13_ST00488" HPOS="2294" VPOS="2243" WIDTH="233" HEIGHT="51" CONTENT="appareils" WC="0.99" CC="000910507"/>
						<SP ID="P13_SP00414" HPOS="2527" VPOS="2294" WIDTH="39"/>
						<String ID="P13_ST00489" HPOS="2566" VPOS="2243" WIDTH="57" HEIGHT="42" CONTENT="de" WC="0.95" CC="00"/>
					</TextLine>
					<TextLine ID="P13_TL00076" HPOS="1433" VPOS="2303" WIDTH="1192" HEIGHT="53">
						<String ID="P13_ST00490" HPOS="1433" VPOS="2303" WIDTH="252" HEIGHT="53" CONTENT="chauffage" WC="0.99" CC="200065700"/>
						<SP ID="P13_SP00415" HPOS="1685" VPOS="2356" WIDTH="23"/>
						<String ID="P13_ST00491" HPOS="1708" VPOS="2304" WIDTH="172" HEIGHT="43" CONTENT="central" WC="1.00" CC="0000205"/>
						<SP ID="P13_SP00416" HPOS="1880" VPOS="2356" WIDTH="23"/>
						<String ID="P13_ST00492" HPOS="1903" VPOS="2303" WIDTH="214" HEIGHT="44" CONTENT="réalisent" WC="0.99" CC="050456000"/>
						<SP ID="P13_SP00417" HPOS="2117" VPOS="2356" WIDTH="24"/>
						<String ID="P13_ST00493" HPOS="2141" VPOS="2304" WIDTH="81" HEIGHT="43" CONTENT="des" WC="0.98" CC="050"/>
						<SP ID="P13_SP00418" HPOS="2222" VPOS="2356" WIDTH="20"/>
						<String ID="P13_ST00494" HPOS="2242" VPOS="2304" WIDTH="300" HEIGHT="43" CONTENT="rendements" WC="1.00" CC="0000000030"/>
						<SP ID="P13_SP00419" HPOS="2542" VPOS="2356" WIDTH="24"/>
						<String ID="P13_ST00495" HPOS="2566" VPOS="2304" WIDTH="59" HEIGHT="45" CONTENT="de" WC="1.00" CC="00"/>
					</TextLine>
					<TextLine ID="P13_TL00077" HPOS="1437" VPOS="2366" WIDTH="1187" HEIGHT="54">
						<String ID="P13_ST00496" HPOS="1437" VPOS="2366" WIDTH="61" HEIGHT="43" CONTENT="50" WC="1.00" CC="00"/>
						<SP ID="P13_SP00420" HPOS="1498" VPOS="2409" WIDTH="35"/>
						<String ID="P13_ST00497" HPOS="1533" VPOS="2384" WIDTH="59" HEIGHT="25" CONTENT="ou" WC="0.97" CC="00"/>
						<SP ID="P13_SP00421" HPOS="1592" VPOS="2409" WIDTH="33"/>
						<String ID="P13_ST00498" HPOS="1625" VPOS="2366" WIDTH="63" HEIGHT="44" CONTENT="60" WC="0.85" CC="02"/>
						<SP ID="P13_SP00422" HPOS="1688" VPOS="2410" WIDTH="32"/>
						<String ID="P13_ST00499" HPOS="1720" VPOS="2384" WIDTH="112" HEIGHT="35" CONTENT="p.c.;" WC="0.58" CC="02646"/>
						<SP ID="P13_SP00423" HPOS="1832" VPOS="2419" WIDTH="34"/>
						<String ID="P13_ST00500" HPOS="1866" VPOS="2369" WIDTH="115" HEIGHT="41" CONTENT="mais" WC="1.00" CC="0000"/>
						<SP ID="P13_SP00424" HPOS="1981" VPOS="2419" WIDTH="31"/>
						<String ID="P13_ST00501" HPOS="2012" VPOS="2366" WIDTH="95" HEIGHT="44" CONTENT="l'on" WC="0.99" CC="0400"/>
						<SP ID="P13_SP00425" HPOS="2107" VPOS="2419" WIDTH="31"/>
						<String ID="P13_ST00502" HPOS="2138" VPOS="2384" WIDTH="57" HEIGHT="26" CONTENT="ne" WC="1.00" CC="00"/>
						<SP ID="P13_SP00426" HPOS="2195" VPOS="2419" WIDTH="30"/>
						<String ID="P13_ST00503" HPOS="2225" VPOS="2378" WIDTH="191" HEIGHT="41" CONTENT="compte" WC="0.99" CC="450002"/>
						<SP ID="P13_SP00427" HPOS="2416" VPOS="2419" WIDTH="30"/>
						<String ID="P13_ST00504" HPOS="2446" VPOS="2386" WIDTH="83" HEIGHT="34" CONTENT="pas" WC="0.99" CC="020"/>
						<SP ID="P13_SP00428" HPOS="2529" VPOS="2420" WIDTH="31"/>
						<String ID="P13_ST00505" HPOS="2560" VPOS="2367" WIDTH="64" HEIGHT="43" CONTENT="les" WC="0.99" CC="300"/>
					</TextLine>
					<TextLine ID="P13_TL00078" HPOS="1435" VPOS="2429" WIDTH="1187" HEIGHT="54">
						<String ID="P13_ST00506" HPOS="1435" VPOS="2439" WIDTH="155" HEIGHT="43" CONTENT="pertes" WC="1.00" CC="010000"/>
						<SP ID="P13_SP00429" HPOS="1590" VPOS="2482" WIDTH="42"/>
						<String ID="P13_ST00507" HPOS="1632" VPOS="2429" WIDTH="113" HEIGHT="44" CONTENT="dues" WC="1.00" CC="0000"/>
						<SP ID="P13_SP00430" HPOS="1745" VPOS="2482" WIDTH="40"/>
						<String ID="P13_ST00508" HPOS="1785" VPOS="2447" WIDTH="91" HEIGHT="26" CONTENT="aux" WC="1.00" CC="000"/>
						<SP ID="P13_SP00431" HPOS="1876" VPOS="2482" WIDTH="38"/>
						<String ID="P13_ST00509" HPOS="1914" VPOS="2430" WIDTH="257" HEIGHT="48" CONTENT="conduites," WC="1.00" CC="0200050020"/>
						<SP ID="P13_SP00432" HPOS="2171" VPOS="2482" WIDTH="43"/>
						<String ID="P13_ST00510" HPOS="2214" VPOS="2447" WIDTH="90" HEIGHT="26" CONTENT="aux" WC="1.00" CC="000"/>
						<SP ID="P13_SP00433" HPOS="2304" VPOS="2482" WIDTH="37"/>
						<String ID="P13_ST00511" HPOS="2341" VPOS="2433" WIDTH="154" HEIGHT="50" CONTENT="joints," WC="0.99" CC="4050053"/>
						<SP ID="P13_SP00434" HPOS="2495" VPOS="2483" WIDTH="43"/>
						<String ID="P13_ST00512" HPOS="2538" VPOS="2440" WIDTH="84" HEIGHT="33" CONTENT="etc." WC="0.99" CC="0004"/>
					</TextLine>
					<TextLine ID="P13_TL00079" HPOS="1440" VPOS="2492" WIDTH="1185" HEIGHT="53">
						<String ID="P13_ST00513" HPOS="1440" VPOS="2492" WIDTH="68" HEIGHT="48" CONTENT="Et," WC="0.98" CC="500"/>
						<SP ID="P13_SP00435" HPOS="1508" VPOS="2540" WIDTH="37"/>
						<String ID="P13_ST00514" HPOS="1545" VPOS="2502" WIDTH="146" HEIGHT="42" CONTENT="quant" WC="1.00" CC="00300"/>
						<SP ID="P13_SP00436" HPOS="1691" VPOS="2544" WIDTH="31"/>
						<String ID="P13_ST00515" HPOS="1722" VPOS="2510" WIDTH="90" HEIGHT="25" CONTENT="aux" WC="0.98" CC="140"/>
						<SP ID="P13_SP00437" HPOS="1812" VPOS="2544" WIDTH="31"/>
						<String ID="P13_ST00516" HPOS="1843" VPOS="2492" WIDTH="157" HEIGHT="53" CONTENT="foyers" WC="0.99" CC="500030"/>
						<SP ID="P13_SP00438" HPOS="2000" VPOS="2545" WIDTH="32"/>
						<String ID="P13_ST00517" HPOS="2032" VPOS="2492" WIDTH="254" HEIGHT="44" CONTENT="ordinaires" WC="1.00" CC="5000003000"/>
						<SP ID="P13_SP00439" HPOS="2286" VPOS="2545" WIDTH="32"/>
						<String ID="P13_ST00518" HPOS="2318" VPOS="2510" WIDTH="57" HEIGHT="26" CONTENT="au" WC="0.79" CC="04"/>
						<SP ID="P13_SP00440" HPOS="2375" VPOS="2545" WIDTH="29"/>
						<String ID="P13_ST00519" HPOS="2404" VPOS="2492" WIDTH="221" HEIGHT="50" CONTENT="charbon," WC="0.99" CC="07000040"/>
					</TextLine>
					<TextLine ID="P13_TL00080" HPOS="1439" VPOS="2556" WIDTH="1190" HEIGHT="53">
						<String ID="P13_ST00520" HPOS="1439" VPOS="2556" WIDTH="85" HEIGHT="42" CONTENT="tels" WC="1.00" CC="0200"/>
						<SP ID="P13_SP00441" HPOS="1524" VPOS="2598" WIDTH="38"/>
						<String ID="P13_ST00521" HPOS="1562" VPOS="2556" WIDTH="143" HEIGHT="52" CONTENT="qu'on" WC="0.98" CC="00434"/>
						<SP ID="P13_SP00442" HPOS="1705" VPOS="2608" WIDTH="38"/>
						<String ID="P13_ST00522" HPOS="1743" VPOS="2556" WIDTH="66" HEIGHT="44" CONTENT="les" WC="0.98" CC="400"/>
						<SP ID="P13_SP00443" HPOS="1809" VPOS="2608" WIDTH="37"/>
						<String ID="P13_ST00523" HPOS="1846" VPOS="2556" WIDTH="204" HEIGHT="52" CONTENT="emploie" WC="0.99" CC="0006150"/>
						<SP ID="P13_SP00444" HPOS="2050" VPOS="2608" WIDTH="37"/>
						<String ID="P13_ST00524" HPOS="2087" VPOS="2574" WIDTH="169" HEIGHT="26" CONTENT="encore" WC="1.00" CC="000020"/>
						<SP ID="P13_SP00445" HPOS="2256" VPOS="2608" WIDTH="37"/>
						<String ID="P13_ST00525" HPOS="2293" VPOS="2574" WIDTH="195" HEIGHT="35" CONTENT="presque" WC="1.00" CC="0000000"/>
						<SP ID="P13_SP00446" HPOS="2488" VPOS="2609" WIDTH="40"/>
						<String ID="P13_ST00526" HPOS="2528" VPOS="2574" WIDTH="76" HEIGHT="34" CONTENT="par" SUBS_TYPE="HypPart1" SUBS_CONTENT="partout," WC="0.99" CC="001"/>
						<HYP HPOS="2604" VPOS="2574" WIDTH="25" CONTENT="-"/>
					</TextLine>
					<TextLine ID="P13_TL00081" HPOS="1439" VPOS="2617" WIDTH="1190" HEIGHT="50">
						<String ID="P13_ST00527" HPOS="1439" VPOS="2629" WIDTH="113" HEIGHT="38" CONTENT="tout," SUBS_TYPE="HypPart2" SUBS_CONTENT="partout," WC="0.99" CC="01003"/>
						<SP ID="P13_SP00447" HPOS="1552" VPOS="2667" WIDTH="35"/>
						<String ID="P13_ST00528" HPOS="1587" VPOS="2619" WIDTH="53" HEIGHT="43" CONTENT="ils" WC="0.98" CC="330"/>
						<SP ID="P13_SP00448" HPOS="1640" VPOS="2667" WIDTH="28"/>
						<String ID="P13_ST00529" HPOS="1668" VPOS="2628" WIDTH="172" HEIGHT="34" CONTENT="restent" WC="1.00" CC="0000400"/>
						<SP ID="P13_SP00449" HPOS="1840" VPOS="2667" WIDTH="30"/>
						<String ID="P13_ST00530" HPOS="1870" VPOS="2617" WIDTH="458" HEIGHT="45" CONTENT="considérablement" WC="1.00" CC="0000004007000000"/>
						<SP ID="P13_SP00450" HPOS="2328" VPOS="2667" WIDTH="28"/>
						<String ID="P13_ST00531" HPOS="2356" VPOS="2619" WIDTH="273" HEIGHT="43" CONTENT="au-dessous" WC="1.00" CC="0040010401"/>
					</TextLine>
					<TextLine ID="P13_TL00082" HPOS="1437" VPOS="2680" WIDTH="1192" HEIGHT="54">
						<String ID="P13_ST00532" HPOS="1437" VPOS="2681" WIDTH="58" HEIGHT="43" CONTENT="de" WC="0.67" CC="06"/>
						<SP ID="P13_SP00451" HPOS="1495" VPOS="2724" WIDTH="34"/>
						<String ID="P13_ST00533" HPOS="1529" VPOS="2699" WIDTH="74" HEIGHT="26" CONTENT="ces" WC="0.97" CC="007"/>
						<SP ID="P13_SP00452" HPOS="1603" VPOS="2725" WIDTH="34"/>
						<String ID="P13_ST00534" HPOS="1637" VPOS="2681" WIDTH="302" HEIGHT="44" CONTENT="rendements" WC="1.00" CC="0000000000"/>
						<SP ID="P13_SP00453" HPOS="1939" VPOS="2725" WIDTH="30"/>
						<String ID="P13_ST00535" HPOS="1969" VPOS="2680" WIDTH="268" HEIGHT="54" CONTENT="théoriques" WC="0.99" CC="0060810300"/>
						<SP ID="P13_SP00454" HPOS="2237" VPOS="2734" WIDTH="38"/>
						<String ID="P13_ST00536" HPOS="2275" VPOS="2699" WIDTH="11" HEIGHT="26" CONTENT=":" WC="0.72" CC="2"/>
						<SP ID="P13_SP00455" HPOS="2286" VPOS="2734" WIDTH="32"/>
						<String ID="P13_ST00537" HPOS="2318" VPOS="2680" WIDTH="66" HEIGHT="45" CONTENT="les" WC="0.99" CC="100"/>
						<SP ID="P13_SP00456" HPOS="2384" VPOS="2734" WIDTH="29"/>
						<String ID="P13_ST00538" HPOS="2413" VPOS="2689" WIDTH="156" HEIGHT="45" CONTENT="pertes" WC="0.99" CC="900600"/>
						<SP ID="P13_SP00457" HPOS="2569" VPOS="2734" WIDTH="29"/>
						<String ID="P13_ST00539" HPOS="2598" VPOS="2697" WIDTH="31" HEIGHT="37" CONTENT="y" WC="0.81" CC="1"/>
					</TextLine>
					<TextLine ID="P13_TL00083" HPOS="1430" VPOS="2743" WIDTH="961" HEIGHT="54">
						<String ID="P13_ST00540" HPOS="1430" VPOS="2755" WIDTH="108" HEIGHT="33" CONTENT="sont" WC="1.00" CC="0000"/>
						<SP ID="P13_SP00458" HPOS="1538" VPOS="2788" WIDTH="22"/>
						<String ID="P13_ST00541" HPOS="1560" VPOS="2754" WIDTH="327" HEIGHT="34" CONTENT="couramment" WC="1.00" CC="6100000000"/>
						<SP ID="P13_SP00459" HPOS="1887" VPOS="2788" WIDTH="28"/>
						<String ID="P13_ST00542" HPOS="1915" VPOS="2744" WIDTH="59" HEIGHT="44" CONTENT="de" WC="1.00" CC="00"/>
						<SP ID="P13_SP00460" HPOS="1974" VPOS="2788" WIDTH="26"/>
						<String ID="P13_ST00543" HPOS="2000" VPOS="2743" WIDTH="64" HEIGHT="45" CONTENT="90" WC="0.97" CC="00"/>
						<SP ID="P13_SP00461" HPOS="2064" VPOS="2788" WIDTH="26"/>
						<String ID="P13_ST00544" HPOS="2090" VPOS="2761" WIDTH="87" HEIGHT="36" CONTENT="p.c." WC="0.57" CC="0484"/>
						<SP ID="P13_SP00462" HPOS="2177" VPOS="2797" WIDTH="30"/>
						<String ID="P13_ST00545" HPOS="2207" VPOS="2754" WIDTH="45" HEIGHT="34" CONTENT="et" WC="1.00" CC="00"/>
						<SP ID="P13_SP00463" HPOS="2252" VPOS="2797" WIDTH="23"/>
						<String ID="P13_ST00546" HPOS="2275" VPOS="2743" WIDTH="116" HEIGHT="54" CONTENT="plus." WC="0.99" CC="02014"/>
					</TextLine>
					<TextLine ID="P13_TL00084" HPOS="1506" VPOS="2829" WIDTH="1123" HEIGHT="53">
						<String ID="P13_ST00547" HPOS="1506" VPOS="2829" WIDTH="73" HEIGHT="44" CONTENT="De" WC="1.00" CC="00"/>
						<SP ID="P13_SP00464" HPOS="1579" VPOS="2873" WIDTH="33"/>
						<String ID="P13_ST00548" HPOS="1612" VPOS="2830" WIDTH="106" HEIGHT="43" CONTENT="telle" WC="1.00" CC="00010"/>
						<SP ID="P13_SP00465" HPOS="1718" VPOS="2873" WIDTH="32"/>
						<String ID="P13_ST00549" HPOS="1750" VPOS="2840" WIDTH="123" HEIGHT="34" CONTENT="sorte" WC="1.00" CC="04000"/>
						<SP ID="P13_SP00466" HPOS="1873" VPOS="2874" WIDTH="32"/>
						<String ID="P13_ST00550" HPOS="1905" VPOS="2846" WIDTH="102" HEIGHT="36" CONTENT="que," WC="1.00" CC="0000"/>
						<SP ID="P13_SP00467" HPOS="2007" VPOS="2882" WIDTH="35"/>
						<String ID="P13_ST00551" HPOS="2042" VPOS="2834" WIDTH="153" HEIGHT="39" CONTENT="même" WC="0.99" CC="0500"/>
						<SP ID="P13_SP00468" HPOS="2195" VPOS="2882" WIDTH="34"/>
						<String ID="P13_ST00552" HPOS="2229" VPOS="2831" WIDTH="116" HEIGHT="43" CONTENT="dans" WC="1.00" CC="0000"/>
						<SP ID="P13_SP00469" HPOS="2345" VPOS="2882" WIDTH="30"/>
						<String ID="P13_ST00553" HPOS="2375" VPOS="2831" WIDTH="64" HEIGHT="43" CONTENT="les" WC="0.99" CC="200"/>
						<SP ID="P13_SP00470" HPOS="2439" VPOS="2882" WIDTH="31"/>
						<String ID="P13_ST00554" HPOS="2470" VPOS="2830" WIDTH="133" HEIGHT="43" CONTENT="condi" SUBS_TYPE="HypPart1" SUBS_CONTENT="conditions" WC="0.99" CC="02004"/>
						<HYP HPOS="2603" VPOS="2830" WIDTH="26" CONTENT="-"/>
					</TextLine>
					<TextLine ID="P13_TL00085" HPOS="1435" VPOS="2892" WIDTH="1194" HEIGHT="49">
						<String ID="P13_ST00555" HPOS="1435" VPOS="2895" WIDTH="122" HEIGHT="40" CONTENT="tions" SUBS_TYPE="HypPart2" SUBS_CONTENT="conditions" WC="1.00" CC="03000"/>
						<SP ID="P13_SP00471" HPOS="1557" VPOS="2935" WIDTH="29"/>
						<String ID="P13_ST00556" HPOS="1586" VPOS="2892" WIDTH="234" HEIGHT="49" CONTENT="actuelles," WC="1.00" CC="0000043052"/>
						<SP ID="P13_SP00472" HPOS="1820" VPOS="2941" WIDTH="36"/>
						<String ID="P13_ST00557" HPOS="1856" VPOS="2910" WIDTH="115" HEIGHT="25" CONTENT="avec" WC="1.00" CC="0000"/>
						<SP ID="P13_SP00473" HPOS="1971" VPOS="2941" WIDTH="30"/>
						<String ID="P13_ST00558" HPOS="2001" VPOS="2911" WIDTH="85" HEIGHT="25" CONTENT="nos" WC="0.98" CC="004"/>
						<SP ID="P13_SP00474" HPOS="2086" VPOS="2941" WIDTH="31"/>
						<String ID="P13_ST00559" HPOS="2117" VPOS="2892" WIDTH="305" HEIGHT="44" CONTENT="installations" WC="1.00" CC="4070003005400"/>
						<SP ID="P13_SP00475" HPOS="2422" VPOS="2941" WIDTH="32"/>
						<String ID="P13_ST00560" HPOS="2454" VPOS="2892" WIDTH="154" HEIGHT="45" CONTENT="électri" SUBS_TYPE="HypPart1" SUBS_CONTENT="électriques" WC="0.99" CC="7300035"/>
						<HYP HPOS="2608" VPOS="2892" WIDTH="21" CONTENT="-"/>
					</TextLine>
					<TextLine ID="P13_TL00086" HPOS="1435" VPOS="2955" WIDTH="1192" HEIGHT="53">
						<String ID="P13_ST00561" HPOS="1435" VPOS="2973" WIDTH="112" HEIGHT="35" CONTENT="ques" SUBS_TYPE="HypPart2" SUBS_CONTENT="électriques" WC="1.00" CC="0000"/>
						<SP ID="P13_SP00476" HPOS="1547" VPOS="3008" WIDTH="22"/>
						<String ID="P13_ST00562" HPOS="1569" VPOS="2955" WIDTH="200" HEIGHT="43" CONTENT="rendant" WC="1.00" CC="0200000"/>
						<SP ID="P13_SP00477" HPOS="1769" VPOS="3008" WIDTH="21"/>
						<String ID="P13_ST00563" HPOS="1790" VPOS="2959" WIDTH="26" HEIGHT="39" CONTENT="à" WC="0.72" CC="2"/>
						<SP ID="P13_SP00478" HPOS="1816" VPOS="3008" WIDTH="21"/>
						<String ID="P13_ST00564" HPOS="1837" VPOS="2958" WIDTH="136" HEIGHT="50" CONTENT="peine" WC="0.99" CC="00500"/>
						<SP ID="P13_SP00479" HPOS="1973" VPOS="3008" WIDTH="22"/>
						<String ID="P13_ST00565" HPOS="1995" VPOS="2956" WIDTH="27" HEIGHT="42" CONTENT="8" WC="0.63" CC="3"/>
						<SP ID="P13_SP00480" HPOS="2022" VPOS="3008" WIDTH="25"/>
						<String ID="P13_ST00566" HPOS="2047" VPOS="2974" WIDTH="60" HEIGHT="24" CONTENT="ou" WC="0.93" CC="10"/>
						<SP ID="P13_SP00481" HPOS="2107" VPOS="3008" WIDTH="29"/>
						<String ID="P13_ST00567" HPOS="2136" VPOS="2956" WIDTH="11" HEIGHT="43" CONTENT="1" WC="0.28" CC="7"/>
						<SP ID="P13_SP00482" HPOS="2147" VPOS="3008" WIDTH="18"/>
						<String ID="P13_ST00568" HPOS="2165" VPOS="2956" WIDTH="27" HEIGHT="42" CONTENT="0" WC="0.98" CC="0"/>
						<SP ID="P13_SP00483" HPOS="2192" VPOS="3008" WIDTH="24"/>
						<String ID="P13_ST00569" HPOS="2216" VPOS="2974" WIDTH="87" HEIGHT="34" CONTENT="p.c." WC="0.75" CC="0243"/>
						<SP ID="P13_SP00484" HPOS="2303" VPOS="3008" WIDTH="28"/>
						<String ID="P13_ST00570" HPOS="2331" VPOS="2955" WIDTH="57" HEIGHT="43" CONTENT="de" WC="1.00" CC="00"/>
						<SP ID="P13_SP00485" HPOS="2388" VPOS="3008" WIDTH="21"/>
						<String ID="P13_ST00571" HPOS="2409" VPOS="2955" WIDTH="218" HEIGHT="52" CONTENT="l'énergie" WC="0.99" CC="046000040"/>
					</TextLine>
					<TextLine ID="P13_TL00087" HPOS="1433" VPOS="3017" WIDTH="1195" HEIGHT="49">
						<String ID="P13_ST00572" HPOS="1433" VPOS="3017" WIDTH="186" HEIGHT="49" CONTENT="initiale," WC="0.99" CC="300047603"/>
						<SP ID="P13_SP00486" HPOS="1619" VPOS="3066" WIDTH="34"/>
						<String ID="P13_ST00573" HPOS="1653" VPOS="3018" WIDTH="41" HEIGHT="43" CONTENT="le" WC="0.93" CC="10"/>
						<SP ID="P13_SP00487" HPOS="1694" VPOS="3066" WIDTH="28"/>
						<String ID="P13_ST00574" HPOS="1722" VPOS="3018" WIDTH="276" HEIGHT="43" CONTENT="rendement" WC="1.00" CC="200000000"/>
						<SP ID="P13_SP00488" HPOS="1998" VPOS="3066" WIDTH="30"/>
						<String ID="P13_ST00575" HPOS="2028" VPOS="3018" WIDTH="110" HEIGHT="43" CONTENT="final" WC="0.98" CC="63002"/>
						<SP ID="P13_SP00489" HPOS="2138" VPOS="3066" WIDTH="31"/>
						<String ID="P13_ST00576" HPOS="2169" VPOS="3019" WIDTH="59" HEIGHT="43" CONTENT="de" WC="1.00" CC="00"/>
						<SP ID="P13_SP00490" HPOS="2228" VPOS="3066" WIDTH="28"/>
						<String ID="P13_ST00577" HPOS="2256" VPOS="3019" WIDTH="41" HEIGHT="43" CONTENT="la" WC="0.80" CC="30"/>
						<SP ID="P13_SP00491" HPOS="2297" VPOS="3066" WIDTH="31"/>
						<String ID="P13_ST00578" HPOS="2328" VPOS="3018" WIDTH="273" HEIGHT="43" CONTENT="transforma" SUBS_TYPE="HypPart1" SUBS_CONTENT="transformation" WC="1.00" CC="0330050000"/>
						<HYP HPOS="2601" VPOS="3018" WIDTH="27" CONTENT="-"/>
					</TextLine>
					<TextLine ID="P13_TL00088" HPOS="1434" VPOS="3079" WIDTH="1193" HEIGHT="54">
						<String ID="P13_ST00579" HPOS="1434" VPOS="3084" WIDTH="95" HEIGHT="39" CONTENT="tion" SUBS_TYPE="HypPart2" SUBS_CONTENT="transformation" WC="0.96" CC="0199"/>
						<SP ID="P13_SP00492" HPOS="1529" VPOS="3123" WIDTH="36"/>
						<String ID="P13_ST00580" HPOS="1565" VPOS="3080" WIDTH="118" HEIGHT="44" CONTENT="n'est" WC="0.98" CC="04250"/>
						<SP ID="P13_SP00493" HPOS="1683" VPOS="3124" WIDTH="32"/>
						<String ID="P13_ST00581" HPOS="1715" VPOS="3099" WIDTH="85" HEIGHT="34" CONTENT="pas" WC="1.00" CC="000"/>
						<SP ID="P13_SP00494" HPOS="1800" VPOS="3133" WIDTH="32"/>
						<String ID="P13_ST00582" HPOS="1832" VPOS="3080" WIDTH="103" HEIGHT="53" CONTENT="plus" WC="1.00" CC="0200"/>
						<SP ID="P13_SP00495" HPOS="1935" VPOS="3133" WIDTH="32"/>
						<String ID="P13_ST00583" HPOS="1967" VPOS="3081" WIDTH="84" HEIGHT="42" CONTENT="bas" WC="0.97" CC="700"/>
						<SP ID="P13_SP00496" HPOS="2051" VPOS="3133" WIDTH="33"/>
						<String ID="P13_ST00584" HPOS="2084" VPOS="3098" WIDTH="87" HEIGHT="34" CONTENT="que" WC="0.99" CC="002"/>
						<SP ID="P13_SP00497" HPOS="2171" VPOS="3133" WIDTH="33"/>
						<String ID="P13_ST00585" HPOS="2204" VPOS="3079" WIDTH="115" HEIGHT="44" CONTENT="celui" WC="0.99" CC="00504"/>
						<SP ID="P13_SP00498" HPOS="2319" VPOS="3133" WIDTH="35"/>
						<String ID="P13_ST00586" HPOS="2354" VPOS="3081" WIDTH="153" HEIGHT="43" CONTENT="fourni" WC="0.99" CC="500002"/>
						<SP ID="P13_SP00499" HPOS="2507" VPOS="3133" WIDTH="35"/>
						<String ID="P13_ST00587" HPOS="2542" VPOS="3097" WIDTH="85" HEIGHT="35" CONTENT="psir" WC="0.98" CC="0709"/>
					</TextLine>
					<TextLine ID="P13_TL00089" HPOS="1430" VPOS="3142" WIDTH="1188" HEIGHT="55">
						<String ID="P13_ST00588" HPOS="1430" VPOS="3142" WIDTH="65" HEIGHT="44" CONTENT="les" WC="0.98" CC="400"/>
						<SP ID="P13_SP00500" HPOS="1495" VPOS="3186" WIDTH="27"/>
						<String ID="P13_ST00589" HPOS="1522" VPOS="3144" WIDTH="234" HEIGHT="53" CONTENT="appareils" WC="0.99" CC="800034224"/>
						<SP ID="P13_SP00501" HPOS="1756" VPOS="3197" WIDTH="28"/>
						<String ID="P13_ST00590" HPOS="1784" VPOS="3144" WIDTH="316" HEIGHT="52" CONTENT="domestiques" WC="0.99" CC="06017060040"/>
						<SP ID="P13_SP00502" HPOS="2100" VPOS="3197" WIDTH="27"/>
						<String ID="P13_ST00591" HPOS="2127" VPOS="3146" WIDTH="27" HEIGHT="40" CONTENT="à" WC="0.44" CC="5"/>
						<SP ID="P13_SP00503" HPOS="2154" VPOS="3197" WIDTH="27"/>
						<String ID="P13_ST00592" HPOS="2181" VPOS="3142" WIDTH="251" HEIGHT="54" CONTENT="chauffage" WC="1.00" CC="000056000"/>
						<SP ID="P13_SP00504" HPOS="2432" VPOS="3197" WIDTH="29"/>
						<String ID="P13_ST00593" HPOS="2461" VPOS="3142" WIDTH="157" HEIGHT="44" CONTENT="direct." WC="1.00" CC="0020104"/>
					</TextLine>
					<TextLine ID="P13_TL00090" HPOS="1505" VPOS="3228" WIDTH="1122" HEIGHT="54">
						<String ID="P13_ST00594" HPOS="1505" VPOS="3229" WIDTH="184" HEIGHT="44" CONTENT="Notons" WC="1.00" CC="000000"/>
						<SP ID="P13_SP00505" HPOS="1689" VPOS="3273" WIDTH="38"/>
						<String ID="P13_ST00595" HPOS="1727" VPOS="3229" WIDTH="108" HEIGHT="53" CONTENT="qu'il" WC="0.98" CC="00435"/>
						<SP ID="P13_SP00506" HPOS="1835" VPOS="3282" WIDTH="38"/>
						<String ID="P13_ST00596" HPOS="1873" VPOS="3229" WIDTH="133" HEIGHT="52" CONTENT="s'agit" WC="0.99" CC="040020"/>
						<SP ID="P13_SP00507" HPOS="2006" VPOS="3282" WIDTH="37"/>
						<String ID="P13_ST00597" HPOS="2043" VPOS="3229" WIDTH="42" HEIGHT="43" CONTENT="là" WC="0.76" CC="04"/>
						<SP ID="P13_SP00508" HPOS="2085" VPOS="3282" WIDTH="39"/>
						<String ID="P13_ST00598" HPOS="2124" VPOS="3228" WIDTH="140" HEIGHT="44" CONTENT="d'une" WC="0.99" CC="04000"/>
						<SP ID="P13_SP00509" HPOS="2264" VPOS="3282" WIDTH="34"/>
						<String ID="P13_ST00599" HPOS="2298" VPOS="3231" WIDTH="329" HEIGHT="50" CONTENT="comparaison" WC="1.00" CC="00000505800"/>
					</TextLine>
					<TextLine ID="P13_TL00091" HPOS="1436" VPOS="3290" WIDTH="1191" HEIGHT="54">
						<String ID="P13_ST00600" HPOS="1436" VPOS="3292" WIDTH="171" HEIGHT="43" CONTENT="établie" WC="1.00" CC="5000020"/>
						<SP ID="P13_SP00510" HPOS="1607" VPOS="3335" WIDTH="37"/>
						<String ID="P13_ST00601" HPOS="1644" VPOS="3291" WIDTH="188" HEIGHT="53" CONTENT="d'après" WC="1.00" CC="0400030"/>
						<SP ID="P13_SP00511" HPOS="1832" VPOS="3344" WIDTH="35"/>
						<String ID="P13_ST00602" HPOS="1867" VPOS="3292" WIDTH="66" HEIGHT="43" CONTENT="les" WC="1.00" CC="000"/>
						<SP ID="P13_SP00512" HPOS="1933" VPOS="3344" WIDTH="34"/>
						<String ID="P13_ST00603" HPOS="1967" VPOS="3290" WIDTH="266" HEIGHT="45" CONTENT="conditions" WC="1.00" CC="0000200007"/>
						<SP ID="P13_SP00513" HPOS="2233" VPOS="3344" WIDTH="35"/>
						<String ID="P13_ST00604" HPOS="2268" VPOS="3294" WIDTH="199" HEIGHT="40" CONTENT="existant" WC="1.00" CC="00200000"/>
						<SP ID="P13_SP00514" HPOS="2467" VPOS="3344" WIDTH="33"/>
						<String ID="P13_ST00605" HPOS="2500" VPOS="3309" WIDTH="96" HEIGHT="25" CONTENT="com" SUBS_TYPE="HypPart1" SUBS_CONTENT="communément" WC="0.98" CC="110"/>
						<HYP HPOS="2596" VPOS="3309" WIDTH="31" CONTENT="-"/>
					</TextLine>
					<TextLine ID="P13_TL00092" HPOS="1435" VPOS="3353" WIDTH="1194" HEIGHT="54">
						<String ID="P13_ST00606" HPOS="1435" VPOS="3358" WIDTH="273" HEIGHT="40" CONTENT="munément" SUBS_TYPE="HypPart2" SUBS_CONTENT="communément" WC="1.00" CC="00040000"/>
						<SP ID="P13_SP00515" HPOS="1708" VPOS="3398" WIDTH="30"/>
						<String ID="P13_ST00607" HPOS="1738" VPOS="3353" WIDTH="297" HEIGHT="54" CONTENT="aujourd'hui" WC="1.00" CC="00320004003"/>
						<SP ID="P13_SP00516" HPOS="2035" VPOS="3407" WIDTH="40"/>
						<String ID="P13_ST00608" HPOS="2075" VPOS="3372" WIDTH="9" HEIGHT="25" CONTENT=":" WC="0.90" CC="0"/>
						<SP ID="P13_SP00517" HPOS="2084" VPOS="3407" WIDTH="33"/>
						<String ID="P13_ST00609" HPOS="2117" VPOS="3354" WIDTH="43" HEIGHT="43" CONTENT="la" WC="0.81" CC="30"/>
						<SP ID="P13_SP00518" HPOS="2160" VPOS="3407" WIDTH="31"/>
						<String ID="P13_ST00610" HPOS="2191" VPOS="3356" WIDTH="217" HEIGHT="42" CONTENT="situation" WC="1.00" CC="060000300"/>
						<SP ID="P13_SP00519" HPOS="2408" VPOS="3407" WIDTH="34"/>
						<String ID="P13_ST00611" HPOS="2442" VPOS="3353" WIDTH="161" HEIGHT="44" CONTENT="devien" SUBS_TYPE="HypPart1" SUBS_CONTENT="deviendrait" WC="1.00" CC="000100"/>
						<HYP HPOS="2603" VPOS="3353" WIDTH="26" CONTENT="-"/>
					</TextLine>
					<TextLine ID="P13_TL00093" HPOS="1436" VPOS="3416" WIDTH="1192" HEIGHT="54">
						<String ID="P13_ST00612" HPOS="1436" VPOS="3417" WIDTH="119" HEIGHT="44" CONTENT="drait" SUBS_TYPE="HypPart2" SUBS_CONTENT="deviendrait" WC="0.99" CC="05050"/>
						<SP ID="P13_SP00520" HPOS="1555" VPOS="3461" WIDTH="37"/>
						<String ID="P13_ST00613" HPOS="1592" VPOS="3417" WIDTH="246" HEIGHT="53" CONTENT="beaucoup" WC="1.00" CC="00005000"/>
						<SP ID="P13_SP00521" HPOS="1838" VPOS="3470" WIDTH="40"/>
						<String ID="P13_ST00614" HPOS="1878" VPOS="3416" WIDTH="102" HEIGHT="54" CONTENT="plus" WC="0.99" CC="0300"/>
						<SP ID="P13_SP00522" HPOS="1980" VPOS="3470" WIDTH="38"/>
						<String ID="P13_ST00615" HPOS="2018" VPOS="3427" WIDTH="257" HEIGHT="32" CONTENT="nettement" WC="1.00" CC="000000000"/>
						<SP ID="P13_SP00523" HPOS="2275" VPOS="3470" WIDTH="38"/>
						<String ID="P13_ST00616" HPOS="2313" VPOS="3426" WIDTH="315" HEIGHT="42" CONTENT="avantageuse" WC="1.00" CC="00000000000"/>
					</TextLine>
					<TextLine ID="P13_TL00094" HPOS="1432" VPOS="3479" WIDTH="1190" HEIGHT="53">
						<String ID="P13_ST00617" HPOS="1432" VPOS="3497" WIDTH="118" HEIGHT="35" CONTENT="pour" WC="1.00" CC="0000"/>
						<SP ID="P13_SP00524" HPOS="1550" VPOS="3532" WIDTH="33"/>
						<String ID="P13_ST00618" HPOS="1583" VPOS="3479" WIDTH="281" HEIGHT="44" CONTENT="l'électricité" WC="0.73" CC="4440020630305"/>
						<SP ID="P13_SP00525" HPOS="1864" VPOS="3532" WIDTH="34"/>
						<String ID="P13_ST00619" HPOS="1898" VPOS="3482" WIDTH="34" HEIGHT="40" CONTENT="si" WC="0.86" CC="02"/>
						<SP ID="P13_SP00526" HPOS="1932" VPOS="3532" WIDTH="34"/>
						<String ID="P13_ST00620" HPOS="1966" VPOS="3497" WIDTH="116" HEIGHT="25" CONTENT="nous" WC="1.00" CC="0000"/>
						<SP ID="P13_SP00527" HPOS="2082" VPOS="3532" WIDTH="33"/>
						<String ID="P13_ST00621" HPOS="2115" VPOS="3482" WIDTH="233" HEIGHT="50" CONTENT="pouvions" WC="1.00" CC="03003002"/>
						<SP ID="P13_SP00528" HPOS="2348" VPOS="3532" WIDTH="33"/>
						<String ID="P13_ST00622" HPOS="2381" VPOS="3496" WIDTH="241" HEIGHT="36" CONTENT="supposer," WC="1.00" CC="000000042"/>
					</TextLine>
					<TextLine ID="P13_TL00095" HPOS="1429" VPOS="3542" WIDTH="1194" HEIGHT="51">
						<String ID="P13_ST00623" HPOS="1429" VPOS="3561" WIDTH="57" HEIGHT="25" CONTENT="au" WC="1.00" CC="00"/>
						<SP ID="P13_SP00529" HPOS="1486" VPOS="3586" WIDTH="21"/>
						<String ID="P13_ST00624" HPOS="1507" VPOS="3543" WIDTH="88" HEIGHT="43" CONTENT="lieu" WC="0.98" CC="2600"/>
						<SP ID="P13_SP00530" HPOS="1595" VPOS="3586" WIDTH="24"/>
						<String ID="P13_ST00625" HPOS="1619" VPOS="3543" WIDTH="81" HEIGHT="43" CONTENT="des" WC="0.98" CC="006"/>
						<SP ID="P13_SP00531" HPOS="1700" VPOS="3586" WIDTH="23"/>
						<String ID="P13_ST00626" HPOS="1723" VPOS="3542" WIDTH="212" HEIGHT="44" CONTENT="résultats" WC="1.00" CC="067000000"/>
						<SP ID="P13_SP00532" HPOS="1935" VPOS="3586" WIDTH="22"/>
						<String ID="P13_ST00627" HPOS="1957" VPOS="3542" WIDTH="184" HEIGHT="43" CONTENT="réalisés" WC="0.99" CC="16005060"/>
						<SP ID="P13_SP00533" HPOS="2141" VPOS="3586" WIDTH="21"/>
						<String ID="P13_ST00628" HPOS="2162" VPOS="3546" WIDTH="26" HEIGHT="39" CONTENT="à" WC="0.61" CC="3"/>
						<SP ID="P13_SP00534" HPOS="2188" VPOS="3586" WIDTH="21"/>
						<String ID="P13_ST00629" HPOS="2209" VPOS="3545" WIDTH="200" HEIGHT="48" CONTENT="présent," WC="1.00" CC="02600002"/>
						<SP ID="P13_SP00535" HPOS="2409" VPOS="3593" WIDTH="27"/>
						<String ID="P13_ST00630" HPOS="2436" VPOS="3543" WIDTH="64" HEIGHT="43" CONTENT="les" WC="1.00" CC="100"/>
						<SP ID="P13_SP00536" HPOS="2500" VPOS="3593" WIDTH="22"/>
						<String ID="P13_ST00631" HPOS="2522" VPOS="3559" WIDTH="101" HEIGHT="27" CONTENT="ren-" WC="0.90" CC="0003"/>
					</TextLine>
				</TextBlock>
			</PrintSpace>
		</Page>
	</Layout>
</alto>
