3546 4437
1655 136 108 52 323

134 264 120 49 Köln
286 267 273 64 wenigstens
588 270 81 47 auf
694 271 129 47 einen
855 271 98 63 Tag
983 271 170 48 wieder
1181 290 52 29 zu
1265 273 244 49 besuchen.
1550 276 105 48 Wir

135 341 159 48 wissen
327 360 82 30 uns
433 344 137 49 kaum
601 362 53 31 zu
685 346 228 56 erinnern,
944 348 70 47 ein
1038 364 48 31 so
1111 348 270 51 überfülltes
1406 352 145 55 Haus,
1574 353 84 47 wie

135 435 72 33 am
236 419 206 65 Montag,
468 422 96 47 hier
587 422 47 65 je
662 423 198 62 gesehen
889 441 51 30 zu
973 425 165 48 haben.
1170 427 60 47 Es
1251 427 55 48 ist
1330 428 329 65 merkwürdig,

135 496 86 47 wie
252 494 78 50 das
362 498 313 48 musicalische
705 501 174 47 Drama
908 501 71 48 die
1010 502 253 48 Oberhand
1294 506 116 47 über
1439 506 79 47 das
1548 507 89 46 reci-

134 572 176 48 tirende
352 574 43 47 in
437 574 86 49 den
556 577 187 48 meisten
775 593 185 49 grossen
992 578 187 48 Städten
1210 581 180 66 erlangt
1417 582 93 48 bat.
1569 583 92 49 Das

139 648 233 58 Wunder,

398 760 111 25 wenn
537 750 82 36 sich
650 752 66 35 der
744 752 125 35 Strom
897 764 66 23 zur
990 753 108 36 Bude
1129 755 146 47 drängt,

394 818 77 34 und
499 819 68 34 mit
594 819 181 47 gewaltig
804 820 276 36 wiederholten
1110 824 147 34 Wehen

396 887 82 35 sich
506 887 119 36 durch
655 888 60 35 die
744 899 94 36 enge
869 889 284 48 Gnadenpforte
1182 895 161 44 zwängt,

396 955 79 35 dies
504 956 172 36 Wunder
704 957 112 35 wirkt
843 959 68 33 auf
936 969 41 24 so
1004 960 272 35 verschiedene
1304 962 119 35 Leute

137 1027 82 48 der
248 1028 190 47 Dichter
467 1028 124 48 nicht
622 1030 147 60 mehr,
798 1031 197 48 sondern
1019 1032 80 48 der
1123 1034 176 64 Sänger
1323 1033 110 49 oder
1459 1033 70 49 die
1554 1037 83 47 San-

136 1103 147 66 gerin.
356 1105 59 47 Es
456 1104 57 48 ist
563 1106 219 49 mitunter
832 1108 240 65 spasshaft,
1115 1109 122 48 diese
1287 1110 378 56 „verschiedenen

365 1181 71 50 die
460 1200 56 31 an
540 1184 146 48 einem
710 1185 183 48 solchen
916 1185 249 50 Niemann-
1194 1187 112 49 oder
1330 1189 336 50 Patti-Abende

139 1258 81 49 das
250 1259 202 48 Theater
495 1260 160 56 füllen,
697 1279 52 29 zu
795 1261 305 59 beobachten,
1143 1280 75 32 um
1249 1282 52 30 zu
1330 1265 159 56 sehen,
1528 1267 66 48 bis
1623 1269 43 47 in

139 1335 174 48 welche
335 1335 243 50 Schichten
602 1336 78 49 des
701 1338 266 48 Publicums
995 1339 72 49 die
1089 1340 113 48 Lust
1230 1358 55 32 an
1316 1341 80 49 der
1425 1343 128 64 Oper
1576 1344 90 48 und

137 1411 73 50 die
238 1413 204 64 Neugier
470 1414 293 65 gedrungen!
810 1415 61 48 So
901 1432 151 33 sassen
1082 1433 73 33 am
1186 1419 190 65 Montag
1405 1420 42 47 in
1478 1438 188 32 unserer

135 1490 133 48 Nähe
296 1490 95 47 drei
424 1491 178 49 Damen
642 1491 82 49 auf
746 1493 499 58 Zweithaler-Plätzen,
1284 1496 173 50 welche
1495 1498 71 49 bei
1599 1499 44 63 je-

139 1566 104 50 dem
276 1568 156 48 Fallen
464 1568 77 48 des
569 1568 245 66 Vorhangs
843 1570 72 48 die
941 1571 130 65 Loge
1099 1574 225 48 verlassen
1355 1575 181 48 wollten
1575 1575 91 48 und

136 1645 46 48 in
212 1645 104 47 echt
344 1645 278 50 kölnischem
652 1646 181 50 Dialekt
857 1649 117 48 nach
995 1650 260 48 erhaltener
1277 1651 264 66 Belehrung
1569 1653 97 48 ihre

139 1721 184 50 Freude
352 1722 326 58 ausdrückten,
706 1724 102 49 dass
837 1725 80 48 das
944 1726 139 49 Stück
1115 1729 116 47 noch
1263 1729 123 48 nicht
1414 1747 81 30 aus
1524 1731 76 47 sei.

258 1800 85 48 Die
371 1801 221 65 Leistung
621 1801 81 48 der
729 1804 244 63 Signorina
1003 1806 116 47 Patti
1152 1808 64 45 als
1238 1808 141 47 Lucia
1411 1809 42 46 in
1484 1808 156 48 Aulfas-

137 1893 136 49 sung,
302 1879 298 64 Darstellung
631 1880 91 48 und
755 1881 182 65 Gesang
977 1881 79 48 hat
1083 1884 124 47 nicht
1235 1902 87 30 nur
1350 1885 42 47 in
1423 1884 86 48 den
1541 1886 98 64 glän-

135 1954 214 49 zendsten
380 1956 265 48 Momenten
677 1956 81 48 der
786 1959 131 47 Rolle
946 1959 129 48 einen
1108 1961 353 64 unglaublichen
1485 1962 150 49 Enthu-

136 2031 193 50 siasmus
358 2040 172 57 erregt,
570 2032 199 50 sondern
812 2035 115 48 auch
959 2035 86 49 den
1077 2036 233 50 Eindruck
1350 2037 314 60 hinterlassen,

136 2109 86 49 den
266 2110 71 48 ein
381 2110 181 49 wahres
603 2112 281 49 Kunstwerk
927 2114 83 48 auf
1047 2114 224 49 Verstand
1329 2116 91 48 und
1463 2117 201 49 Gemüth

135 2187 166 50 macht.
358 2187 115 49 Jede
502 2189 226 64 Stellung,
769 2206 47 32 es
857 2192 182 47 mochte
1082 2191 128 50 darin
1242 2194 267 66 Bewegung
1551 2195 112 49 oder

135 2263 137 50 Ruhe
301 2263 165 65 liegen,
495 2265 162 49 wurde
686 2266 143 48 durch
860 2267 72 49 die
963 2269 206 64 Haltung
1198 2271 80 47 der
1301 2271 264 50 Künstlerin
1594 2274 71 48 ein

136 2341 263 66 plastisches
428 2341 117 58 Bild,
591 2342 195 50 welches
827 2342 126 51 Blick
993 2346 90 47 und
1115 2347 160 47 Mimik
1320 2347 211 50 belebten
1572 2350 93 48 und

135 2418 371 58 verschönerten,
534 2420 92 49 und
657 2421 72 48 ihr
753 2422 183 65 Gesang
965 2423 245 67 vereinigte
1241 2426 84 48 alle
1355 2443 84 33 von
1471 2444 84 32 uns
1585 2427 53 50 be-

134 2497 109 48 reits
272 2498 267 49 erwähnten
567 2500 202 48 seltenen
799 2500 213 66 Vorzüge
1048 2519 52 30 zu
1138 2503 126 49 einer
1307 2503 359 51 künstlerischen

135 2575 202 55 Einheit,
380 2573 71 50 die
493 2576 72 48 ein
597 2576 175 49 Ganzes
809 2592 85 33 von
930 2595 49 32 so
1010 2580 334 49 wunderbarer
1374 2581 290 67 Vollendung

134 2652 378 60 hervorbrachte,
551 2653 102 50 dass
683 2655 84 48 wir
796 2655 116 49 doch
943 2657 135 57 auch,
1109 2658 85 49 wie
1222 2660 110 48 viele
1362 2660 202 57 Andere,
1591 2661 74 48 die

136 2731 132 48 Rolle
299 2730 81 49 der
407 2731 142 48 Lucia
579 2732 79 47 für
694 2732 100 48 eine
831 2732 124 50 ihrer
993 2735 297 49 herrlichsten
1320 2737 344 66 Schöpfungen,

136 2825 74 33 wo
239 2810 122 48 nicht
390 2808 78 50 für
494 2810 99 48 ihre
621 2810 229 58 schönste,
880 2812 167 50 halten.
1176 2815 145 49 Unter
1350 2815 87 49 den
1467 2816 194 66 übrigen

135 2886 354 51 Mitwirkenden
517 2888 231 50 zeichnete
775 2888 93 50 sich
899 2890 125 48 Herr
1056 2892 149 48 Behr
1242 2893 43 49 in
1316 2892 81 50 der
1426 2895 130 48 Rolle
1585 2895 79 48 des

134 2965 119 49 alten
285 2966 237 48 Erziehers
563 2965 82 49 der
673 2966 158 58 Lucia,
873 2968 174 49 welche
1086 2968 145 50 durch
1273 2971 124 49 seine
1437 2971 100 51 edle
1575 2972 60 50 Be-

135 3042 240 66 handlung
401 3042 45 48 in
478 3043 184 66 Gesang
691 3043 91 50 und
812 3045 120 66 Spiel
964 3046 100 48 eine
1097 3048 108 47 weit
1241 3052 211 61 grössere
1482 3048 148 50 Bedeu-

131 3127 117 58 tung
277 3121 179 57 erhielt,
485 3122 65 48 als
577 3122 63 48 sie
668 3128 125 42 sonst
819 3141 54 31 zu
896 3123 151 50 haben
1070 3125 157 66 pflegt,
1256 3142 83 33 aus
1363 3127 90 48 und
1477 3127 183 51 erwarb

132 3198 389 50 wohlverdienten
562 3199 270 50 Hervorruf.
890 3201 88 49 Die
1020 3202 182 50 Herren
1245 3203 277 68 Schelper
1569 3206 92 48 und

131 3277 198 57 Riese,
372 3276 132 50 beide
548 3278 81 48 mit
668 3278 287 66 klangvollen
997 3281 224 49 Stimmen
1264 3282 189 66 begabt,
1508 3283 152 50 haben

132 3354 300 50 Fortschritte
462 3356 238 64 gemacht;
746 3372 45 33 es
822 3361 122 45 wäre
972 3357 114 49 aber
1111 3359 186 59 schade,
1327 3377 132 32 wenn
1489 3361 62 49 sie
1580 3361 80 51 das

130 3439 110 59 gute
269 3433 226 57 Material,
525 3433 80 50 das
633 3434 138 50 ihnen
800 3434 73 50 die
899 3436 151 49 Natur
1077 3437 247 58 verliehen,
1364 3438 123 50 nicht
1515 3438 144 51 durch

128 3509 277 52 anhaltende
435 3511 190 49 Studien
654 3530 54 31 zu
737 3512 211 51 veredeln
977 3516 206 49 suchten.
1237 3516 132 49 Auch
1401 3517 257 65 empfehlen

128 3589 86 49 wir
254 3589 137 50 ihnen
431 3589 186 50 Oskar
657 3591 109 49 Gut
779 3593 175 48 mann'
965 3608 21 33 s
1025 3593 311 57 „Grundsätze
1365 3594 82 50 der
1473 3596 162 49 ästheti-

127 3668 140 48 schen
296 3667 199 66 Bildung
522 3667 79 51 des
631 3669 338 51 menschlichen
1283 3673 70 50 ein
1383 3673 104 50 sehr
1517 3673 110 66 prak-

127 3746 164 49 tisches
333 3746 240 58 Büchlein,
622 3747 196 49 welches
866 3748 103 51 kein
1011 3749 320 68 Schauspieler
1379 3751 279 50 unbeachtet

127 3824 146 50 lassen
301 3824 144 50 sollte.

2103 296 125 55 Ueber
2273 297 387 56 Kirchenmusik
2718 304 48 51 in
2809 303 152 55 Wien.

1873 426 88 47 Die
1992 426 166 48 wiener
2602 430 98 64 (Nr.
2732 431 88 65 39)
2861 436 229 49 enthalten
3122 438 147 65 einige

1759 502 353 65 Bemerkungen
2144 502 113 48 über
2286 503 70 49 die
2386 505 347 50 Kirchenmusik
2765 510 41 47 in
2834 512 151 64 Wien,
3014 513 145 50 denen
3185 517 82 46 wir

1759 579 43 49 in
1847 596 192 32 unseren
2083 581 220 48 Diöcesen
2346 598 81 31 von
2467 583 120 49 Köln
2629 586 88 47 und
2748 587 204 50 Münster
2994 592 90 47 und
3124 593 148 47 Mainz

1762 672 80 32 aus
1871 657 101 47 dem
2005 656 187 49 Grunde
2223 658 183 48 weitere
2430 659 304 68 Verbreitung
2762 681 52 31 zu
2839 666 144 63 geben
3009 670 260 54 wünschen,

1763 733 100 47 weil
1892 734 61 47 sie
1981 734 173 64 zeigen,
2183 734 101 47 dass
2313 752 103 31 man
2446 737 41 46 in
2517 738 135 47 Wien
2676 756 118 32 zwar
2818 741 85 48 den
2934 743 335 51 unkirchlichen

1765 809 256 49 Charakter
2047 826 84 33 von
2163 812 220 47 manchen
2416 813 224 57 Werken,
2685 816 71 48 die
2795 822 477 50 unverantwortlicher

1767 887 157 47 Weise
1966 887 114 47 noch
2126 887 42 47 in
2214 888 195 48 Kirchen
2453 892 213 61 gemacht
2708 892 199 58 werden,
2949 896 114 48 eben
3100 913 48 32 so
3188 899 84 47 wie

1765 962 174 49 überall
1970 963 281 56 verurtheilt,
2293 964 100 49 dass
2422 966 111 49 aber
2562 967 70 48 die
2662 968 305 51 Geistlichkeit
2997 973 277 66 keineswegs

1767 1039 78 48 das
1876 1039 118 48 Kind
2027 1040 78 47 mit
2134 1040 100 49 dem
2268 1042 122 48 Bade
2418 1044 278 50 ausschüttet
2737 1047 90 48 und
2865 1047 70 49 die
2966 1049 307 68 Vereinigung

1767 1133 82 31 von
1884 1117 158 48 Vocal-
2075 1118 91 47 und
2202 1118 492 52 Instrumental-Musik
2738 1123 258 67 überhaupt
3035 1128 235 59 verbannt,

1765 1195 196 47 sondern
1993 1211 85 31 nur
2108 1195 223 64 geläutert
2359 1198 157 47 wissen
2548 1199 112 55 will;
2705 1199 148 50 ferner
2882 1202 100 48 dass
3021 1204 216 50 Frauen-

1765 1272 258 48 stimmen
2068 1273 113 47 nach
2220 1273 84 47 wie
2341 1289 76 32 vor
2446 1275 42 47 in
2519 1274 80 48 der
2628 1277 166 49 Kirche
2822 1278 155 66 singen
3020 1282 90 47 und
3140 1300 135 45 sogar

1767 1349 178 48 Damen
1976 1364 80 33 aus
2086 1349 85 48 den
2202 1349 215 48 höchsten
2449 1352 198 49 Ständen
2689 1371 44 30 es
2776 1354 121 48 nicht
2938 1358 337 57 verschmähen,

1765 1425 141 50 durch
1939 1427 127 48 ihren
2093 1427 182 64 Gesang
2298 1428 85 47 den
2408 1429 304 50 Gottesdienst
2736 1448 52 32 zu
2812 1434 316 57 verschönern,
3157 1437 120 48 ohne

1765 1503 101 48 dass
1895 1521 84 31 von
2011 1504 80 48 der
2119 1504 397 50 erzbischöflichen
2548 1508 208 48 Behörde
2785 1509 79 50 der
2893 1512 102 48 Satz
3024 1513 251 65 aufgestellt

1765 1581 130 54 wird,
1924 1581 79 49 das
2032 1581 60 49 sei
2124 1599 144 47 gegen
2300 1581 71 50 die
2402 1583 277 51 katholische
2708 1585 162 50 Lehre.

1881 1659 60 47 Es
1971 1659 136 48 heisst
2134 1659 42 47 in
2200 1659 151 65 jenem
2384 1660 230 61 Aufsatze,
2657 1663 220 48 nachdem
2908 1679 83 33 von
3024 1664 84 50 den
3141 1668 108 47 musi-

1763 1735 222 48 calischen
2014 1736 258 49 Zuständen
2306 1736 162 49 Wiens
2496 1739 84 47 seit
2607 1740 181 65 Haydn,
2818 1741 173 49 Mozart
3021 1743 89 47 und
3142 1744 104 48 Beet-

1764 1813 144 48 hoven
1939 1814 72 47 die
2039 1814 127 47 Rede
2196 1830 226 47 gewesen,
2451 1815 101 48 dass
2581 1818 70 47 die
2676 1818 345 49 Kirchenmusik
3046 1819 80 49 der
3150 1823 99 47 welt-

1764 1890 144 48 lichen
1927 1891 237 47 Tonkunst
2179 1891 265 65 gegenüber
2460 1893 102 48 dort
2574 1903 139 40 etwas
2729 1896 356 50 stiefmütterlich
3105 1899 142 48 behan-

1764 1966 92 49 delt
1872 1968 187 48 worden
2077 1969 59 47 sei
2160 1969 89 47 und
2270 1985 45 32 es
2332 1969 114 48 noch
2465 1971 169 58 werde,
2652 1971 90 49 und
2760 1971 114 50 doch
2892 1974 117 48 habe
3027 1975 68 47 die
3113 1975 164 57 Musik,

1764 2045 87 47 wie
1873 2044 107 66 jede
2009 2046 164 55 Kunst,
2204 2045 85 50 den
2318 2046 182 57 Zweck,
2541 2048 86 48 den
2658 2050 243 48 Menschen
2939 2050 114 50 über
3094 2053 91 47 sich
3223 2070 54 31 zu

1764 2122 202 49 erheben
2099 2122 92 50 und
2223 2140 71 32 wo
2333 2125 149 48 könne
2511 2126 147 49 dieser
2684 2128 165 48 Zweck
2892 2128 151 49 besser
3085 2130 196 48 erreicht

1763 2199 204 58 werden,
2008 2201 64 48 als
2119 2201 43 47 in
2201 2200 80 49 der
2322 2201 185 57 Kirche,
2548 2204 151 48 wohin
2738 2204 82 49 der
2855 2205 125 50 Geist
3019 2206 138 50 schon
3204 2208 71 48 die

1763 2277 262 65 Stimmung
2054 2277 81 49 mit
2160 2279 93 47 sich
2285 2277 187 65 bringt?

1881 2355 118 48 Was
2030 2354 71 49 die
2140 2355 391 66 Composition
2571 2356 63 48 als
2661 2357 151 49 solche
2842 2359 172 48 betrifft
3145 2361 136 50 heisst

1763 2449 47 33 es
1833 2432 258 58 weiter—,
2120 2449 49 33 so
2200 2439 179 43 müssen
2404 2434 83 48 wir
2513 2435 233 65 gestehen,
2776 2435 101 49 dass
2907 2437 42 47 in
2972 2439 189 64 jetziger
3183 2440 98 48 Zeit

1764 2510 81 48 mit
1867 2511 206 65 wenigen
2099 2512 295 47 Ausnahmen
2423 2512 106 49 sehr
2555 2512 342 50 Unkirchliches
2924 2516 203 62 geleistet
3150 2517 127 50 wird.

1763 2590 96 47 Der
1901 2589 116 48 noch
2059 2605 79 32 vor
2178 2590 179 65 einigen
2395 2590 173 48 Jahren
2611 2591 42 47 in
2696 2590 79 48 der
2812 2592 286 49 Salonmusik
3148 2594 104 48 herr-

1762 2665 197 49 schende
1988 2666 283 48 Geschmack
2314 2667 79 49 hat
2430 2667 115 49 auch
2588 2667 44 47 in
2675 2666 80 50 der
2784 2669 168 48 Kirche
2982 2670 296 65 prädominirt

1763 2742 93 49 und
1898 2744 152 48 macht
2091 2745 116 48 noch
2240 2745 110 65 jetzt
2386 2745 248 48 theilweise
2661 2746 152 48 seinen
2841 2746 198 50 Einfluss
3077 2749 196 63 geltend.

1760 2821 88 48 Ein
1871 2820 303 51 Offertorium
2206 2838 83 33 von
2317 2822 184 49 Weiss
2530 2822 112 50 oder
2668 2824 69 48 ein
2762 2824 232 49 Graduale
3018 2841 82 33 von
3123 2826 113 48 Neu-

1762 2915 172 50 pauer
1962 2900 337 49 unterscheidet
2324 2901 93 48 sich
2445 2901 105 50 sehr
2573 2902 323 49 unwesentlich
2925 2919 84 33 von
3039 2904 125 48 einer
3193 2905 62 48 ita-

1760 2976 244 49 liänischen
2026 2977 227 50 Cavatine.
2284 2977 132 50 Auch
2446 2977 73 48 die
2545 2977 352 50 Oboe-Ranken
2921 2980 90 48 und
3038 2980 240 51 Clarinett-

1762 3053 280 51 Guirlanden
2078 3056 122 48 eines
2229 3057 300 64 Assmayer
2567 3055 91 49 und
2696 3056 472 67 Randhartinger
3206 3076 48 31 er-

1762 3132 165 50 weisen
1956 3133 91 49 sich
2079 3133 122 49 nicht
2228 3133 65 49 als
2320 3133 228 65 geeignet,
2577 3133 71 49 die
2672 3133 212 50 Andacht
2906 3135 80 48 der
3009 3136 237 49 Menschen-

1758 3212 119 47 seele
1919 3227 53 32 zu
2011 3211 212 66 steigern.
2281 3212 192 48 Freilich
2517 3211 155 66 bringt
2717 3212 71 48 die
2828 3212 332 51 Individualität
3198 3213 77 51 des

1760 3287 324 66 Componisten
2113 3288 86 50 den
2230 3288 276 50 kirchlichen
2536 3288 112 50 oder
2677 3288 341 51 unkirchlichen
3043 3291 123 48 Geist
3195 3292 80 48 mit

1758 3366 108 51 sich.
1901 3367 284 66 Diejenigen,
2215 3367 173 50 welche
2417 3367 161 50 keinen
2610 3367 142 50 Beruf
2775 3385 100 32 zum
2905 3368 298 50 Kirchenstile
3230 3370 47 48 in

1758 3443 93 50 sich
1881 3445 178 57 fühlen,
2099 3443 140 51 deren
2271 3445 251 49 Gedanken
2559 3445 139 49 schon
2737 3461 56 33 an
2832 3445 93 49 und
2966 3446 75 48 für
3067 3447 92 47 sich
3190 3446 83 49 der

1758 3522 240 66 religiösen
2030 3522 171 50 Weihe
2237 3522 269 58 entbehren,
2549 3523 91 47 und
2672 3523 172 49 welche
2872 3522 114 51 doch
3018 3523 128 50 darin
3175 3525 93 48 sich

1758 3600 247 49 versuchen
2047 3600 181 58 wollen,
2270 3603 165 63 mögen
2479 3600 275 50 mindestens
2795 3601 73 48 die
2902 3601 259 49 traditionel
3197 3619 52 48 ge-

1758 3677 247 51 wordenen
2035 3680 200 48 Formen
2273 3677 237 51 desselben
2548 3678 227 50 einhalten
2817 3678 91 50 und
2938 3695 49 33 so
3016 3680 144 48 durch
3189 3680 85 48 den

1868 3740 9 7 ✓

1758 3758 138 49 Ernst
1923 3756 81 51 der
2033 3757 174 50 Gestalt
2235 3756 71 49 die
2334 3756 342 67 Lebhaftigkeit
2709 3756 81 51 der
2818 3758 195 49 Materie
3051 3757 223 66 dämpfen.

1758 3834 98 51 Auf
1878 3834 122 50 diese
2028 3837 89 47 Art
2152 3834 185 50 werden
2375 3834 65 51 sie
2482 3834 115 51 doch
2633 3834 124 50 nicht
2792 3851 49 34 so
2870 3834 185 50 störend
3084 3834 190 58 wirken,

1758 3913 86 50 wie
1873 3930 47 33 es
1960 3913 44 50 in
2032 3914 159 49 Italien
2220 3912 83 51 der
2332 3913 99 50 Fall
2472 3913 71 59 ist,
2586 3930 72 33 wo
2696 3913 98 50 eine
2821 3913 143 48 Polka
3002 3912 80 49 das
3109 3911 70 50 Et
3202 3909 48 52 in-

1758 3992 237 60 carnaius,
2035 3992 70 48 ein
2146 3991 166 50 kecker
2340 3991 411 50 Dreiviertel-Tact
2779 3991 79 48 das
2884 3988 201 52 Sanctus
3122 3989 126 65 profa-

1758 4071 107 53 nirt,
1901 4087 74 32 wo
2004 4087 47 32 es
2079 4087 48 33 so
2157 4071 108 48 weit
2299 4071 274 65 gekommen
2613 4069 69 55 ist,
2724 4068 101 50 dass
2861 4085 103 33 man
3002 4067 72 51 die
3103 4068 169 48 Kirche

2971 4143 70 68 [*l
