2981 3048
1526 2495 74 74 26

884 471 159 56 DIE
1086 472 662 58 REFORMIERTE
1792 476 489 56 AKADEMIE

1081 556 202 24 GEDANKEN
1302 558 84 22 BEIM
1405 558 176 24 SCHLÜSSE
1600 559 71 23 DER
1689 559 381 25 SCHULAUSSTELLUNG

673 681 163 102 Wer
850 681 47 29 bei
913 693 54 18 uns
986 682 144 34 plötzlich
1149 683 47 28 die
1211 683 86 29 Rede
1312 684 52 28 auf
1379 685 47 28 die
1441 685 95 29 Kunst-

805 721 180 29 akademien
1014 721 124 29 brächte
1144 742 8 13 ,
1184 722 50 29 der
1265 723 102 29 würde
1397 724 82 28 wohl
1508 724 48 29 die

805 761 259 28 allerseltsamsten
1075 761 234 37 Vorstellungen
1320 773 31 18 in
1363 763 57 29 den
1432 763 123 35 Köpfen

676 809 95 18 seiner
793 799 97 29 Hörer
912 800 165 29 erwecken*

736 838 137 30 Unklare
898 839 99 29 Bilder
1022 851 62 17 von
1110 840 132 29 Modell-
1272 841 60 28 und
1358 841 198 35 Aktstudien,

674 877 202 35 Perspective-
908 879 62 28 und
995 879 330 36 Anatomievorträgen
1350 881 122 28 würden
1501 893 55 17 vor

674 916 86 29 ihren
786 923 147 31 geistigen
959 918 112 36 Augen
1097 918 257 35 vorbeihuschen,
1384 920 78 28 ohne
1489 921 65 29 dass

674 956 63 28 sich
759 956 89 29 selbst
871 953 60 38 der,
954 958 49 28 der
1025 958 78 28 doch
1125 963 81 24 sonst
1229 969 78 25 ganz
1330 964 53 30 gut
1405 959 71 29 über
1498 960 56 28 den

674 995 230 37 Bildungsgang
935 1007 79 18 eines
1044 997 196 34 Mediciners,
1266 996 189 31 Technikers
1486 999 69 28 oder

669 1035 132 34 Juristen
836 1036 173 35 aufgeklärt
1039 1041 53 28 ist,
1125 1037 228 28 Rechenschaft
1387 1048 37 18 zu
1460 1038 94 35 geben

672 1077 126 31 wüsste,
823 1086 58 17 wie
902 1075 135 28 dadurch
1064 1086 52 17 aus
1139 1086 96 18 einem
1261 1076 158 28 einfachen
1441 1076 95 29 Kunst-

673 1115 104 34 jünger
793 1124 47 18 ein
855 1114 141 35 richtiger
1011 1114 206 34 Kunstmaler,
1239 1125 47 18 ein
1307 1115 163 29 Bildhauer
1485 1116 69 28 oder

672 1164 55 24 gar
749 1164 48 17 ein
812 1153 166 28 Architekt
1000 1154 118 29 werden
1139 1154 66 28 soll*
1246 1154 47 29 Zu
1315 1154 56 29 den
1387 1155 165 28 Künstlern

670 1191 54 28 hat
750 1203 72 17 man
848 1192 74 29 eben
948 1192 89 30 keine
1062 1194 228 36 Beziehungen;
1323 1194 98 29 weder
1448 1194 87 29 künst-

670 1231 139 33 lerische,
839 1231 79 29 denn
945 1244 72 16 man
1047 1233 53 29 hat
1127 1244 48 18 nie
1205 1244 47 18 ein
1281 1234 189 29 Verhältnis
1500 1245 51 20 zur

670 1270 102 29 Kunst
802 1271 151 34 besessen,
983 1273 79 28 noch
1089 1273 284 36 gesellschaftliche;
1400 1274 78 29 denn
1504 1274 47 29 die

670 1310 156 33 Künstler,
847 1316 54 23 mit
917 1311 96 29 denen
1027 1324 71 17 man
1113 1316 40 25 im
1169 1313 91 28 Salon
1276 1313 154 35 verkehrt,
1451 1314 99 29 haben

668 1359 31 18 in
726 1349 51 29 der
797 1349 98 36 Regel
925 1361 37 19 zu
992 1351 47 28 ihr
1068 1352 100 36 längst

669 1388 78 29 auch
769 1389 103 31 keines
887 1390 96 28 mehr*
998 1391 77 28 Man
1096 1392 71 29 lässt

668 1428 64 28 sich
762 1428 106 28 darum
898 1440 62 17 von
990 1440 96 19 einem
1116 1431 34 28 Er-

666 1467 148 29 fahrenen
829 1468 54 28 auf
898 1468 47 28 die
960 1468 189 35 Specialschu-

666 1506 49 28 len
738 1507 49 28 der
815 1506 177 30 berühmten
1014 1509 135 29 Professo-

666 1556 51 17 ren
744 1556 164 19 verweisen
939 1547 61 28 und
1029 1547 134 37 begnügt

665 1584 64 29 sich
751 1585 183 29 schliesslich
955 1591 54 23 mit
1028 1586 66 29 dem
1109 1588 36 28 Be-

665 1629 171 29 wusstsein,
872 1625 66 28 dass
965 1625 47 29 die
1037 1626 105 29 Akade-

664 1673 58 18 mie
736 1674 65 18 eine
812 1664 197 29 Hochschule
1022 1666 60 28 und
1100 1666 62 33 das,

664 1713 62 18 was
749 1703 65 28 dort
840 1704 115 35 gelehrt
978 1705 88 33 wird,
1096 1715 65 18 eine

664 1741 218 30 Wissenschaft
897 1749 48 28 ist,
968 1744 47 28 die
1029 1744 113 29 Wissen-

663 1781 99 28 schaft
783 1793 63 17 von
867 1782 51 29 der
939 1783 112 29 Kunst*

719 1820 74 29 Eine
820 1821 195 30 Hochschule
1105 1823 52 29 das

658 1865 38 22 ist
712 1870 28 18 es
756 1871 62 17 nun
835 1860 83 29 eben*
948 1862 74 28 Eine
1037 1862 120 34 Schule,

658 1909 48 17 wo
722 1909 66 19 eine
802 1900 158 34 Disciplin,
975 1911 65 18 eine
1054 1902 101 29 Kunst

657 1939 210 33 systematisch
888 1939 61 29 und
969 1940 184 37 vollständig

657 1977 115 35 gelehrt
794 1978 83 28 wird*

715 2017 78 27 Man
815 2017 93 29 denkt
928 2018 86 29 dabei
1035 2021 101 27 unwill-

655 2055 119 29 kürlich
796 2067 39 17 an
862 2057 46 29 die
933 2058 98 28 vielen
1055 2059 80 29 Colle-

656 2105 82 25 gien,
769 2095 46 29 die
844 2108 71 17 man
941 2102 75 24 einst
1041 2108 31 18 in
1097 2110 40 17 sei-

654 2144 51 18 ner
725 2134 231 37 Rathlosigkeit
976 2137 94 28 wähl-
1089 2138 60 29 und

654 2173 115 34 quallos
809 2174 116 37 belegte
966 2176 61 29 und
1068 2177 81 28 dann

653 2211 69 29 bald
751 2213 135 35 gröblich
912 2215 220 38 vernachlässig-

652 2256 44 28 te,
737 2252 67 28 weil
839 2264 71 18 man
945 2254 85 29 darin
1064 2257 83 28 nicht

652 2290 47 29 die
741 2292 102 28 rasche
884 2293 192 38 Einführung
1116 2307 31 17 in

651 2340 101 19 seinen
763 2331 194 36 Gegenstand
967 2333 85 34 fand,
1063 2335 83 28 nicht

651 2370 47 28 die
750 2371 216 30 vorhandenen
1017 2374 129 34 Quellen

650 2409 61 29 und
723 2409 149 30 Schriften
887 2412 95 29 sicher
997 2412 149 31 benutzen

1605 685 107 34 lernte,
1743 686 127 28 sondern
1900 689 57 26 wie
1986 698 55 17 vor
2071 687 200 37 Gutenberg's
2301 689 179 36 Erfindung,

1604 725 79 28 nach,
1699 725 57 29 den
1766 725 171 36 Vorträgen
1950 737 76 18 neue
2040 727 225 36 umfangreiche
2276 728 206 35 Compendien

1604 763 154 30 schreiben
1773 765 97 33 sollte,
1888 765 48 29 die
1951 765 77 29 doch
2043 777 56 17 nur
2114 766 108 29 wieder
2236 772 54 23 mit
2306 767 83 29 Hilfe
2404 771 77 32 jener

1605 803 106 29 bereits
1737 804 184 35 gedruckten
1943 805 113 29 Werke
2081 816 38 19 zu
2145 806 184 36 berichtigen
2357 808 60 28 und
2444 818 36 19 zu

1606 843 157 28 verstehen
1785 854 110 18 waren*
1931 844 77 28 Man
2030 845 58 35 gab
2111 856 29 18 es
2162 845 93 29 daher
2276 846 119 29 zeitlich
2417 847 63 33 auf,

1605 882 66 28 dort
1692 882 48 29 die
1761 883 146 33 ersehnte,
1930 883 230 33 „harmonische
2171 885 193 36 Ausbildung
2387 889 93 26 seines

1605 921 136 29 Geistes”
1756 932 38 19 zu
1809 922 112 29 suchen
1937 923 59 28 und
2011 929 169 24 misstraute
2200 924 181 29 schliesslich
2401 926 78 28 auch

1605 961 56 28 den
1683 960 199 35 Seminarien,
1911 973 47 17 wo
1984 965 41 25 im
2048 963 123 29 Grunde
2196 966 138 27 meistens
2356 976 55 17 nur
2433 965 47 28 die

1604 999 125 29 Studien
1757 1001 49 28 der
1827 1001 192 29 Professoren
2044 1003 149 35 gefördert
2220 1004 132 33 werden,
2378 1004 37 28 ob
2438 1007 41 26 sie

1604 1038 46 29 die
1672 1039 203 35 Fähigkeiten
1900 1050 69 20 zum
1990 1042 149 33 Arbeiter,
2160 1053 70 19 zum
2252 1042 142 29 Forscher
2417 1049 47 23 ent-

1604 1078 127 28 wickeln
1747 1078 145 29 könnten*
1915 1080 76 32 Wir,
2006 1081 46 28 die
2067 1084 54 25 wir
2135 1093 55 17 uns
2205 1092 32 17 so
2249 1082 59 28 viel
2321 1087 56 24 erst
2391 1083 66 28 müh-

1604 1127 62 17 sam
1687 1119 106 26 mitten
1815 1120 30 25 in
1871 1118 49 28 der
1942 1118 107 29 Arbeit
2071 1120 148 29 erwerben
2244 1126 146 29 mussten,
2416 1133 61 18 was

1604 1158 52 25 wir
1671 1166 90 25 gerne
1775 1156 93 29 schon
1883 1162 86 23 unter
1989 1158 66 29 dem
2069 1159 157 36 Rüstzeug
2242 1172 117 17 unserer
2374 1161 86 29 Schul-

1604 1195 133 29 weisheit
1759 1195 133 29 besessen
1911 1196 117 35 hätten,
2049 1200 117 31 wissen,
2187 1202 57 25 wie
2259 1200 59 27 viel
2338 1203 53 25 wir
2411 1201 66 28 dem

1604 1235 302 29 freundschaftlichen
1942 1236 157 29 Verkehre
2133 1247 37 20 zu
2210 1238 121 28 danken
2366 1239 110 35 haben,

1604 1274 99 29 dessen
1725 1286 54 18 uns
1802 1275 177 36 einsichtige
2000 1276 110 28 Lehrer
2132 1277 171 28 ausserhalb
2327 1277 49 29 der
2398 1279 59 28 Hör-

1604 1314 56 29 säle
1682 1315 183 36 würdigten,
1890 1315 101 29 indem
2016 1318 42 26 sie
2078 1327 55 17 uns
2155 1318 86 26 einen
2262 1316 88 28 Blick
2375 1320 31 25 in
2428 1318 46 28 ihr

1978 1366 116 25 eigenes
2107 1355 143 29 Schaffen
2264 1355 79 28 thun
2358 1356 115 29 Hessen*

1976 1396 65 28 Wir
2075 1395 151 29 erkennen
2261 1395 101 29 darum
2395 1396 78 28 auch

1975 1435 97 29 besser
2104 1435 42 29 als
2180 1434 122 35 andere,
2336 1446 62 18 was
2434 1446 39 17 an

1975 1486 125 17 unseren
2143 1475 225 28 Universitäten
2414 1475 58 28 fast

1976 1514 107 28 ebenso
2109 1514 117 28 morsch
2252 1514 43 28 als
2321 1514 64 29 ihre
2410 1515 47 28 Pri-

1975 1553 130 36 vilegien
2116 1553 160 36 geworden
2285 1556 49 31 ist,
2346 1553 61 29 und
2419 1557 53 25 wir

1975 1592 93 29 hören
2088 1604 28 17 es
2136 1595 54 25 mit
2205 1593 251 29 verständnissvol-

1975 1632 40 28 ler
2030 1630 216 34 Theilnahme,
2260 1643 88 17 wenn
2364 1642 38 19 zu
2416 1644 55 17 uns

1975 1671 78 28 auch
2073 1682 62 17 von
2154 1671 153 28 anderswo
2328 1672 47 27 die
2397 1672 56 28 Kla-

1976 1721 57 25 gen
2053 1710 72 28 über
2144 1710 49 28 die
2207 1710 177 36 Aufgaben,
2405 1711 44 28 Me-

1974 1749 124 33 thoden,
2119 1749 102 29 Mittel
2240 1749 61 29 und
2321 1749 80 29 Ziele
2418 1761 36 17 un-

1975 1799 74 18 serer
2077 1788 300 36 Bildungsanstalten
2406 1789 48 29 her-

1974 1827 209 37 überdringen,
2190 1829 47 28 die
2245 1831 116 33 ewigen
2367 1828 83 29 Noth-

1973 1867 111 29 schreie
2094 1868 80 28 nach
2185 1870 145 33 grösserer
2339 1868 113 28 Berück-

1973 1906 174 36 sichtigung
2177 1906 49 29 der
2256 1906 213 36 Forderungen

1974 1945 49 29 des
2046 1945 194 35 praktischen
2261 1945 125 29 Lebens*

2032 1985 38 28 Es
2092 1985 65 29 sind
2180 1985 79 28 noch
2280 1985 89 28 keine
2391 1985 77 29 zehn

1969 2024 93 35 Jahre
2083 2024 67 34 her,
2180 2024 66 29 dass
2267 2027 31 25 in
2321 2024 129 29 Deutsch-

1972 2063 71 28 land
2066 2066 47 26 ein
2134 2064 85 28 Buch
2246 2066 144 33 ausging,
2416 2064 52 28 das

1973 2102 46 29 die
2030 2105 153 26 weitesten
2196 2103 104 28 Kreise
2312 2106 31 24 in
2351 2102 116 29 Athem

1972 2142 84 28 hielt*
2138 2143 95 27 Darin
2279 2142 87 28 stand
2409 2142 59 27 viel

1972 2180 233 30 Schmerzliches
2251 2181 72 28 über
2364 2191 104 17 unsere

1971 2220 132 29 Schulen
2125 2231 37 19 zu
2183 2221 80 28 lesen
2278 2219 61 28 und
2356 2221 112 33 einiges

1972 2259 101 29 davon
2098 2260 73 28 fand
2199 2258 152 30 vielleicht
2381 2268 87 25 sogar

1971 2298 71 29 über
2066 2299 124 28 Gebühr
2211 2298 193 35 Beachtung,
2435 2309 31 17 so

1970 2339 90 35 lange
2081 2349 72 18 man
2175 2339 43 27 als
2240 2337 58 28 den
2312 2337 154 29 Verfasser

1971 2380 65 26 eine
2060 2378 80 28 hohe
2157 2377 240 29 Persönlichkeit
2417 2376 33 29 be-

1971 2416 160 30 trachtete,
2154 2417 78 28 nach
2255 2417 87 28 deren
2364 2417 102 29 Zielen

394 1386 29 23 E.
443 1387 38 23 M.
500 1387 114 25 LILIEN
