<?xml version="1.0" encoding="UTF-8"?>
<alto xmlns:xsi="http://www.w3.org/2001/XMLSchema-instance" xmlns="http://www.loc.gov/standards/alto/ns-v2#" xsi:schemaLocation="http://www.loc.gov/standards/alto/ns-v2# http://www.loc.gov/standards/alto/v2/alto-2-0.xsd" xmlns:xlink="http://www.w3.org/1999/xlink">
	<Description>
		<MeasurementUnit>mm10</MeasurementUnit>
		<sourceImageInformation>
			<fileName>//lib-docworks1/IN/PUL-BlueMountain-RQA/periodicals/bmtnabf/issues/1899/08_01/00000023.jp2</fileName>
		</sourceImageInformation>
		<OCRProcessing ID="OCRPROCESSING_1">
			<preProcessingStep>
				<processingSoftware>
					<softwareCreator>CCS Content Conversion Specialists GmbH, Germany</softwareCreator>
					<softwareName>CCS docWorks</softwareName>
					<softwareVersion>6.8-1.24</softwareVersion>
				</processingSoftware>
			</preProcessingStep>
			<ocrProcessingStep>
				<processingSoftware>
					<softwareCreator>ABBYY (BIT Software), Russia</softwareCreator>
					<softwareName>FineReader</softwareName>
					<softwareVersion>11.0</softwareVersion>
				</processingSoftware>
			</ocrProcessingStep>
			<postProcessingStep>
				<processingSoftware>
					<softwareCreator>CCS Content Conversion Specialists GmbH, Germany</softwareCreator>
					<softwareName>CCS docWorks</softwareName>
					<softwareVersion>6.8-1.24</softwareVersion>
					<applicationDescription>docWorks: Text modified manually, or automatically replaced</applicationDescription>
				</processingSoftware>
			</postProcessingStep>
		</OCRProcessing>
	</Description>
	<Styles>
		<TextStyle ID="TXT_0" FONTSIZE="26" FONTFAMILY="Times New Roman"/>
		<TextStyle ID="TXT_1" FONTSIZE="10" FONTFAMILY="Times New Roman"/>
		<TextStyle ID="TXT_2" FONTSIZE="10" FONTFAMILY="Times New Roman" FONTSTYLE="italics"/>
		<TextStyle ID="TXT_3" FONTSIZE="9" FONTFAMILY="Times New Roman"/>
		<TextStyle ID="TXT_4" FONTSIZE="9" FONTFAMILY="Times New Roman"/>
		<ParagraphStyle ID="PAR_LEFT" ALIGN="Left"/>
		<ParagraphStyle ID="PAR_BLOCK" ALIGN="Block"/>
		<ParagraphStyle ID="PAR_RIGHT" ALIGN="Right"/>
	</Styles>
	<Layout>
		<Page ID="P23" PHYSICAL_IMG_NR="23" HEIGHT="3048" WIDTH="2970" PRINTED_IMG_NR="23" PC="0.984">
			<TopMargin ID="P23_TM00001" HPOS="0" VPOS="0" WIDTH="2970" HEIGHT="114"/>
			<LeftMargin ID="P23_LM00001" HPOS="0" VPOS="114" WIDTH="30" HEIGHT="2346"/>
			<RightMargin ID="P23_RM00001" HPOS="2864" VPOS="114" WIDTH="106" HEIGHT="2346"/>
			<BottomMargin ID="P23_BM00001" HPOS="0" VPOS="2460" WIDTH="2970" HEIGHT="588">
				<TextBlock ID="P23_TB00001" HPOS="1345" VPOS="2462" WIDTH="72" HEIGHT="69" STYLEREFS="TXT_0 PAR_LEFT">
					<TextLine ID="P23_TL00001" HPOS="1345" VPOS="2462" WIDTH="72" HEIGHT="69">
						<String ID="P23_ST00001" HPOS="1345" VPOS="2462" WIDTH="72" HEIGHT="69" CONTENT="23" WC="1.00" CC="00"/>
					</TextLine>
				</TextBlock>
			</BottomMargin>
			<PrintSpace ID="P23_PS00001" HPOS="30" VPOS="114" WIDTH="2834" HEIGHT="2346">
				<TextBlock ID="P23_TB00002" HPOS="505" VPOS="459" WIDTH="864" HEIGHT="272" STYLEREFS="TXT_1 PAR_BLOCK">
					<TextLine ID="P23_TL00002" HPOS="508" VPOS="459" WIDTH="861" HEIGHT="42">
						<String ID="P23_ST00002" HPOS="508" VPOS="478" WIDTH="61" HEIGHT="17" CONTENT="war" WC="0.97" CC="600"/>
						<SP ID="P23_SP00001" HPOS="569" VPOS="495" WIDTH="15"/>
						<String ID="P23_ST00003" HPOS="584" VPOS="469" WIDTH="65" HEIGHT="26" CONTENT="eine" WC="1.00" CC="0000"/>
						<SP ID="P23_SP00002" HPOS="649" VPOS="495" WIDTH="15"/>
						<String ID="P23_ST00004" HPOS="664" VPOS="468" WIDTH="128" HEIGHT="33" CONTENT="grössere" WC="0.97" CC="66669767" STYLEREFS="TXT_2"/>
						<SP ID="P23_SP00003" HPOS="792" VPOS="501" WIDTH="20"/>
						<String ID="P23_ST00005" HPOS="812" VPOS="461" WIDTH="171" HEIGHT="30" CONTENT="öffentliche" WC="0.99" CC="60405057070"/>
						<SP ID="P23_SP00004" HPOS="983" VPOS="501" WIDTH="15"/>
						<String ID="P23_ST00006" HPOS="998" VPOS="459" WIDTH="142" HEIGHT="36" CONTENT="Aufgabe" WC="0.98" CC="1708490"/>
						<SP ID="P23_SP00005" HPOS="1140" VPOS="501" WIDTH="19"/>
						<String ID="P23_ST00007" HPOS="1159" VPOS="459" WIDTH="124" HEIGHT="36" CONTENT="gestellt," WC="0.99" CC="800001507"/>
						<SP ID="P23_SP00006" HPOS="1283" VPOS="501" WIDTH="22"/>
						<String ID="P23_ST00008" HPOS="1305" VPOS="470" WIDTH="64" HEIGHT="17" CONTENT="eine" WC="1.00" CC="0000"/>
					</TextLine>
					<TextLine ID="P23_TL00003" HPOS="508" VPOS="499" WIDTH="860" HEIGHT="35">
						<String ID="P23_ST00009" HPOS="508" VPOS="505" WIDTH="182" HEIGHT="29" CONTENT="Volksbank" WC="0.99" CC="501607005"/>
						<SP ID="P23_SP00007" HPOS="690" VPOS="534" WIDTH="20"/>
						<String ID="P23_ST00010" HPOS="710" VPOS="504" WIDTH="47" HEIGHT="28" CONTENT="für" WC="0.96" CC="037"/>
						<SP ID="P23_SP00008" HPOS="757" VPOS="534" WIDTH="21"/>
						<String ID="P23_ST00011" HPOS="778" VPOS="503" WIDTH="98" HEIGHT="28" CONTENT="Wien*" WC="0.98" CC="70004"/>
						<SP ID="P23_SP00009" HPOS="876" VPOS="534" WIDTH="29"/>
						<String ID="P23_ST00012" HPOS="905" VPOS="500" WIDTH="92" HEIGHT="28" CONTENT="Auch" WC="0.96" CC="0907"/>
						<SP ID="P23_SP00010" HPOS="997" VPOS="534" WIDTH="20"/>
						<String ID="P23_ST00013" HPOS="1017" VPOS="499" WIDTH="62" HEIGHT="28" CONTENT="hier" WC="0.97" CC="0067"/>
						<SP ID="P23_SP00011" HPOS="1079" VPOS="534" WIDTH="18"/>
						<String ID="P23_ST00014" HPOS="1097" VPOS="504" WIDTH="37" HEIGHT="23" CONTENT="ist" WC="1.00" CC="000"/>
						<SP ID="P23_SP00012" HPOS="1134" VPOS="534" WIDTH="23"/>
						<String ID="P23_ST00015" HPOS="1157" VPOS="508" WIDTH="47" HEIGHT="18" CONTENT="ein" WC="1.00" CC="000"/>
						<SP ID="P23_SP00013" HPOS="1204" VPOS="534" WIDTH="19"/>
						<String ID="P23_ST00016" HPOS="1223" VPOS="499" WIDTH="125" HEIGHT="34" CONTENT="Wagner" SUBS_TYPE="HypPart1" SUBS_CONTENT="Wagnerscher" WC="1.00" CC="000000"/>
						<HYP HPOS="1348" VPOS="499" WIDTH="20" CONTENT="-"/>
					</TextLine>
					<TextLine ID="P23_TL00004" HPOS="507" VPOS="536" WIDTH="860" HEIGHT="42">
						<String ID="P23_ST00017" HPOS="507" VPOS="545" WIDTH="83" HEIGHT="29" CONTENT="scher" SUBS_TYPE="HypPart2" SUBS_CONTENT="Wagnerscher" WC="0.99" CC="00007"/>
						<SP ID="P23_SP00014" HPOS="590" VPOS="574" WIDTH="23"/>
						<String ID="P23_ST00018" HPOS="613" VPOS="541" WIDTH="244" HEIGHT="37" CONTENT="Grundgedanke" WC="1.00" CC="100070070060"/>
						<SP ID="P23_SP00015" HPOS="857" VPOS="578" WIDTH="28"/>
						<String ID="P23_ST00019" HPOS="885" VPOS="550" WIDTH="61" HEIGHT="17" CONTENT="von" WC="0.98" CC="400"/>
						<SP ID="P23_SP00016" HPOS="946" VPOS="578" WIDTH="29"/>
						<String ID="P23_ST00020" HPOS="975" VPOS="536" WIDTH="135" HEIGHT="34" CONTENT="Tomek," WC="0.89" CC="500000"/>
						<SP ID="P23_SP00017" HPOS="1110" VPOS="578" WIDTH="29"/>
						<String ID="P23_ST00021" HPOS="1139" VPOS="537" WIDTH="106" HEIGHT="29" CONTENT="Fenzei" WC="1.00" CC="000004"/>
						<SP ID="P23_SP00018" HPOS="1245" VPOS="578" WIDTH="30"/>
						<String ID="P23_ST00022" HPOS="1275" VPOS="548" WIDTH="28" HEIGHT="17" CONTENT="u*" WC="0.78" CC="04"/>
						<SP ID="P23_SP00019" HPOS="1303" VPOS="578" WIDTH="22"/>
						<String ID="P23_ST00023" HPOS="1325" VPOS="537" WIDTH="42" HEIGHT="27" CONTENT="A*" WC="0.78" CC="04"/>
					</TextLine>
					<TextLine ID="P23_TL00005" HPOS="507" VPOS="576" WIDTH="799" HEIGHT="42">
						<String ID="P23_ST00024" HPOS="507" VPOS="582" WIDTH="216" HEIGHT="36" CONTENT="wirkungsvoll" WC="1.00" CC="300000006155"/>
						<SP ID="P23_SP00020" HPOS="723" VPOS="618" WIDTH="21"/>
						<String ID="P23_ST00025" HPOS="744" VPOS="591" WIDTH="68" HEIGHT="19" CONTENT="zum" WC="0.96" CC="900"/>
						<SP ID="P23_SP00021" HPOS="812" VPOS="618" WIDTH="21"/>
						<String ID="P23_ST00026" HPOS="833" VPOS="577" WIDTH="160" HEIGHT="29" CONTENT="Ausdruck" WC="1.00" CC="00100000"/>
						<SP ID="P23_SP00022" HPOS="993" VPOS="618" WIDTH="22"/>
						<String ID="P23_ST00027" HPOS="1015" VPOS="576" WIDTH="142" HEIGHT="36" CONTENT="gebracht" WC="0.99" CC="05700070"/>
						<SP ID="P23_SP00023" HPOS="1157" VPOS="618" WIDTH="21"/>
						<String ID="P23_ST00028" HPOS="1178" VPOS="576" WIDTH="128" HEIGHT="28" CONTENT="worden*" WC="0.99" CC="2000604"/>
					</TextLine>
					<TextLine ID="P23_TL00006" HPOS="565" VPOS="614" WIDTH="802" HEIGHT="40">
						<String ID="P23_ST00029" HPOS="565" VPOS="623" WIDTH="61" HEIGHT="27" CONTENT="Der" WC="0.99" CC="100"/>
						<SP ID="P23_SP00024" HPOS="626" VPOS="650" WIDTH="22"/>
						<String ID="P23_ST00030" HPOS="648" VPOS="621" WIDTH="86" HEIGHT="28" CONTENT="dritte" WC="1.00" CC="000000"/>
						<SP ID="P23_SP00025" HPOS="734" VPOS="650" WIDTH="16"/>
						<String ID="P23_ST00031" HPOS="750" VPOS="619" WIDTH="156" HEIGHT="35" CONTENT="Jahrgang" WC="1.00" CC="60000000"/>
						<SP ID="P23_SP00026" HPOS="906" VPOS="654" WIDTH="23"/>
						<String ID="P23_ST00032" HPOS="929" VPOS="616" WIDTH="103" HEIGHT="28" CONTENT="erhielt" WC="1.00" CC="0000050"/>
						<SP ID="P23_SP00027" HPOS="1032" VPOS="654" WIDTH="21"/>
						<String ID="P23_ST00033" HPOS="1053" VPOS="616" WIDTH="216" HEIGHT="28" CONTENT="umfassendere" WC="1.00" CC="000000000000"/>
						<SP ID="P23_SP00028" HPOS="1269" VPOS="654" WIDTH="21"/>
						<String ID="P23_ST00034" HPOS="1290" VPOS="614" WIDTH="58" HEIGHT="29" CONTENT="Auf" SUBS_TYPE="HypPart1" SUBS_CONTENT="Aufgaben," WC="0.99" CC="000"/>
						<HYP HPOS="1348" VPOS="614" WIDTH="19" CONTENT="-"/>
					</TextLine>
					<TextLine ID="P23_TL00007" HPOS="506" VPOS="653" WIDTH="862" HEIGHT="44">
						<String ID="P23_ST00035" HPOS="506" VPOS="661" WIDTH="107" HEIGHT="36" CONTENT="gaben," SUBS_TYPE="HypPart2" SUBS_CONTENT="Aufgaben," WC="0.99" CC="067000"/>
						<SP ID="P23_SP00029" HPOS="613" VPOS="697" WIDTH="21"/>
						<String ID="P23_ST00036" HPOS="634" VPOS="660" WIDTH="46" HEIGHT="28" CONTENT="bei" WC="1.00" CC="000"/>
						<SP ID="P23_SP00030" HPOS="680" VPOS="697" WIDTH="23"/>
						<String ID="P23_ST00037" HPOS="703" VPOS="659" WIDTH="94" HEIGHT="28" CONTENT="denen" WC="0.99" CC="00060"/>
						<SP ID="P23_SP00031" HPOS="797" VPOS="697" WIDTH="15"/>
						<String ID="P23_ST00038" HPOS="812" VPOS="657" WIDTH="46" HEIGHT="28" CONTENT="die" WC="1.00" CC="000"/>
						<SP ID="P23_SP00032" HPOS="858" VPOS="697" WIDTH="14"/>
						<String ID="P23_ST00039" HPOS="872" VPOS="655" WIDTH="158" HEIGHT="36" CONTENT="Eigenheit" WC="1.00" CC="070000000"/>
						<SP ID="P23_SP00033" HPOS="1030" VPOS="697" WIDTH="16"/>
						<String ID="P23_ST00040" HPOS="1046" VPOS="655" WIDTH="48" HEIGHT="28" CONTENT="des" WC="1.00" CC="001"/>
						<SP ID="P23_SP00034" HPOS="1094" VPOS="697" WIDTH="15"/>
						<String ID="P23_ST00041" HPOS="1109" VPOS="655" WIDTH="160" HEIGHT="28" CONTENT="Einzelnen" WC="0.99" CC="000904000"/>
						<SP ID="P23_SP00035" HPOS="1269" VPOS="697" WIDTH="15"/>
						<String ID="P23_ST00042" HPOS="1284" VPOS="653" WIDTH="84" HEIGHT="29" CONTENT="mehr" WC="1.00" CC="0000"/>
					</TextLine>
					<TextLine ID="P23_TL00008" HPOS="505" VPOS="693" WIDTH="863" HEIGHT="38">
						<String ID="P23_ST00043" HPOS="505" VPOS="711" WIDTH="68" HEIGHT="18" CONTENT="zum" WC="1.00" CC="000"/>
						<SP ID="P23_SP00036" HPOS="573" VPOS="729" WIDTH="14"/>
						<String ID="P23_ST00044" HPOS="587" VPOS="697" WIDTH="179" HEIGHT="29" CONTENT="Ausdrucke" WC="1.00" CC="000000000"/>
						<SP ID="P23_SP00037" HPOS="766" VPOS="729" WIDTH="23"/>
						<String ID="P23_ST00045" HPOS="789" VPOS="696" WIDTH="129" HEIGHT="35" CONTENT="gelangt*" WC="1.00" CC="00000004"/>
						<SP ID="P23_SP00038" HPOS="918" VPOS="731" WIDTH="35"/>
						<String ID="P23_ST00046" HPOS="953" VPOS="694" WIDTH="60" HEIGHT="28" CONTENT="Der" WC="0.99" CC="200"/>
						<SP ID="P23_SP00039" HPOS="1013" VPOS="731" WIDTH="21"/>
						<String ID="P23_ST00047" HPOS="1034" VPOS="694" WIDTH="73" HEIGHT="27" CONTENT="Eine" WC="1.00" CC="1000"/>
						<SP ID="P23_SP00040" HPOS="1107" VPOS="731" WIDTH="18"/>
						<String ID="P23_ST00048" HPOS="1125" VPOS="698" WIDTH="78" HEIGHT="31" CONTENT="zeigt" WC="1.00" CC="00000"/>
						<SP ID="P23_SP00041" HPOS="1203" VPOS="731" WIDTH="18"/>
						<String ID="P23_ST00049" HPOS="1221" VPOS="693" WIDTH="82" HEIGHT="28" CONTENT="mehr" WC="0.98" CC="0070"/>
						<SP ID="P23_SP00042" HPOS="1303" VPOS="731" WIDTH="16"/>
						<String ID="P23_ST00050" HPOS="1319" VPOS="693" WIDTH="33" HEIGHT="27" CONTENT="Er" SUBS_TYPE="HypPart1" SUBS_CONTENT="Erfindungsgabe," WC="0.98" CC="00"/>
						<HYP HPOS="1352" VPOS="693" WIDTH="16" CONTENT="-"/>
					</TextLine>
				</TextBlock>
				<TextBlock ID="P23_TB00003" HPOS="494" VPOS="1948" WIDTH="867" HEIGHT="475" STYLEREFS="TXT_1 PAR_LEFT">
					<TextLine ID="P23_TL00009" HPOS="496" VPOS="1949" WIDTH="865" HEIGHT="38">
						<String ID="P23_ST00051" HPOS="496" VPOS="1950" WIDTH="233" HEIGHT="37" CONTENT="findungsgabe," SUBS_TYPE="HypPart2" SUBS_CONTENT="Erfindungsgabe," WC="0.99" CC="1000000000000"/>
						<SP ID="P23_SP00043" HPOS="729" VPOS="1987" WIDTH="30"/>
						<String ID="P23_ST00052" HPOS="759" VPOS="1950" WIDTH="49" HEIGHT="28" CONTENT="der" WC="1.00" CC="000"/>
						<SP ID="P23_SP00044" HPOS="808" VPOS="1987" WIDTH="29"/>
						<String ID="P23_ST00053" HPOS="837" VPOS="1950" WIDTH="121" HEIGHT="28" CONTENT="Andere" WC="0.96" CC="678777" STYLEREFS="TXT_2"/>
						<SP ID="P23_SP00045" HPOS="958" VPOS="1987" WIDTH="28"/>
						<String ID="P23_ST00054" HPOS="986" VPOS="1949" WIDTH="83" HEIGHT="29" CONTENT="mehr" WC="0.95" CC="2677"/>
						<SP ID="P23_SP00046" HPOS="1069" VPOS="1987" WIDTH="24"/>
						<String ID="P23_ST00055" HPOS="1093" VPOS="1949" WIDTH="185" HEIGHT="28" CONTENT="technisches" WC="0.99" CC="06172700750"/>
						<SP ID="P23_SP00047" HPOS="1278" VPOS="1987" WIDTH="27"/>
						<String ID="P23_ST00056" HPOS="1305" VPOS="1949" WIDTH="38" HEIGHT="29" CONTENT="Ge" SUBS_TYPE="HypPart1" SUBS_CONTENT="Geschick*" WC="0.97" CC="40"/>
						<HYP HPOS="1343" VPOS="1949" WIDTH="18" CONTENT="-"/>
					</TextLine>
					<TextLine ID="P23_TL00010" HPOS="496" VPOS="1988" WIDTH="865" HEIGHT="37">
						<String ID="P23_ST00057" HPOS="496" VPOS="1991" WIDTH="112" HEIGHT="29" CONTENT="schick*" SUBS_TYPE="HypPart2" SUBS_CONTENT="Geschick*" WC="0.99" CC="0107264"/>
						<SP ID="P23_SP00048" HPOS="608" VPOS="2020" WIDTH="22"/>
						<String ID="P23_ST00058" HPOS="630" VPOS="1990" WIDTH="159" HEIGHT="35" CONTENT="Jedenfalls" WC="0.98" CC="5776404450"/>
						<SP ID="P23_SP00049" HPOS="789" VPOS="2025" WIDTH="12"/>
						<String ID="P23_ST00059" HPOS="801" VPOS="1989" WIDTH="64" HEIGHT="29" CONTENT="sind" WC="1.00" CC="0000"/>
						<SP ID="P23_SP00050" HPOS="865" VPOS="2025" WIDTH="13"/>
						<String ID="P23_ST00060" HPOS="878" VPOS="1989" WIDTH="46" HEIGHT="28" CONTENT="die" WC="1.00" CC="000"/>
						<SP ID="P23_SP00051" HPOS="924" VPOS="2025" WIDTH="9"/>
						<String ID="P23_ST00061" HPOS="933" VPOS="1989" WIDTH="144" HEIGHT="28" CONTENT="Arbeiten" WC="0.99" CC="07900000"/>
						<SP ID="P23_SP00052" HPOS="1077" VPOS="2025" WIDTH="12"/>
						<String ID="P23_ST00062" HPOS="1089" VPOS="1999" WIDTH="60" HEIGHT="18" CONTENT="von" WC="0.98" CC="400"/>
						<SP ID="P23_SP00053" HPOS="1149" VPOS="2025" WIDTH="9"/>
						<String ID="P23_ST00063" HPOS="1158" VPOS="1988" WIDTH="203" HEIGHT="29" CONTENT="Matouschek" WC="0.84" CC="3000005700"/>
					</TextLine>
					<TextLine ID="P23_TL00011" HPOS="549" VPOS="2028" WIDTH="811" HEIGHT="37">
						<String ID="P23_ST00064" HPOS="549" VPOS="2041" WIDTH="47" HEIGHT="19" CONTENT="ein" WC="0.97" CC="070"/>
						<SP ID="P23_SP00054" HPOS="596" VPOS="2060" WIDTH="11"/>
						<String ID="P23_ST00065" HPOS="607" VPOS="2029" WIDTH="211" HEIGHT="36" CONTENT="Thiergarten," WC="0.99" CC="670008000007"/>
						<SP ID="P23_SP00055" HPOS="818" VPOS="2065" WIDTH="22"/>
						<String ID="P23_ST00066" HPOS="840" VPOS="2029" WIDTH="69" HEIGHT="28" CONTENT="aber" WC="0.98" CC="0700"/>
						<SP ID="P23_SP00056" HPOS="909" VPOS="2065" WIDTH="22"/>
						<String ID="P23_ST00067" HPOS="931" VPOS="2040" WIDTH="91" HEIGHT="24" CONTENT="gross," WC="0.99" CC="000244"/>
						<SP ID="P23_SP00057" HPOS="1022" VPOS="2065" WIDTH="22"/>
						<String ID="P23_ST00068" HPOS="1044" VPOS="2028" WIDTH="253" HEIGHT="28" CONTENT="architektonisch" WC="1.00" CC="000000000000000"/>
						<SP ID="P23_SP00058" HPOS="1297" VPOS="2065" WIDTH="16"/>
						<String ID="P23_ST00069" HPOS="1313" VPOS="2039" WIDTH="32" HEIGHT="24" CONTENT="ge" SUBS_TYPE="HypPart1" SUBS_CONTENT="gefasst," WC="0.96" CC="06"/>
						<HYP HPOS="1345" VPOS="2039" WIDTH="15" CONTENT="-"/>
					</TextLine>
					<TextLine ID="P23_TL00012" HPOS="495" VPOS="2066" WIDTH="865" HEIGHT="39">
						<String ID="P23_ST00070" HPOS="495" VPOS="2071" WIDTH="87" HEIGHT="34" CONTENT="fasst," SUBS_TYPE="HypPart2" SUBS_CONTENT="gefasst," WC="1.00" CC="003000"/>
						<SP ID="P23_SP00059" HPOS="582" VPOS="2105" WIDTH="32"/>
						<String ID="P23_ST00071" HPOS="614" VPOS="2069" WIDTH="82" HEIGHT="29" CONTENT="nicht" WC="1.00" CC="00000"/>
						<SP ID="P23_SP00060" HPOS="696" VPOS="2105" WIDTH="21"/>
						<String ID="P23_ST00072" HPOS="717" VPOS="2079" WIDTH="56" HEIGHT="18" CONTENT="wie" WC="0.97" CC="205"/>
						<SP ID="P23_SP00061" HPOS="773" VPOS="2105" WIDTH="21"/>
						<String ID="P23_ST00073" HPOS="794" VPOS="2079" WIDTH="29" HEIGHT="17" CONTENT="in" WC="1.00" CC="00"/>
						<SP ID="P23_SP00062" HPOS="823" VPOS="2105" WIDTH="22"/>
						<String ID="P23_ST00074" HPOS="845" VPOS="2068" WIDTH="113" HEIGHT="34" CONTENT="Berlin," WC="1.00" CC="0005000"/>
						<SP ID="P23_SP00063" HPOS="958" VPOS="2105" WIDTH="27"/>
						<String ID="P23_ST00075" HPOS="985" VPOS="2079" WIDTH="47" HEIGHT="17" CONTENT="wo" WC="0.75" CC="31"/>
						<SP ID="P23_SP00064" HPOS="1032" VPOS="2105" WIDTH="27"/>
						<String ID="P23_ST00076" HPOS="1059" VPOS="2067" WIDTH="75" HEIGHT="35" CONTENT="jedes" WC="0.99" CC="70001"/>
						<SP ID="P23_SP00065" HPOS="1134" VPOS="2105" WIDTH="22"/>
						<String ID="P23_ST00077" HPOS="1156" VPOS="2066" WIDTH="94" HEIGHT="30" CONTENT="Thier" WC="0.99" CC="50000"/>
						<SP ID="P23_SP00066" HPOS="1250" VPOS="2105" WIDTH="26"/>
						<String ID="P23_ST00078" HPOS="1276" VPOS="2078" WIDTH="84" HEIGHT="18" CONTENT="einen" WC="1.00" CC="00000"/>
					</TextLine>
					<TextLine ID="P23_TL00013" HPOS="496" VPOS="2107" WIDTH="806" HEIGHT="37">
						<String ID="P23_ST00079" HPOS="496" VPOS="2111" WIDTH="64" HEIGHT="28" CONTENT="Bau" WC="0.97" CC="007"/>
						<SP ID="P23_SP00067" HPOS="560" VPOS="2139" WIDTH="26"/>
						<String ID="P23_ST00080" HPOS="586" VPOS="2121" WIDTH="31" HEIGHT="17" CONTENT="in" WC="1.00" CC="00"/>
						<SP ID="P23_SP00068" HPOS="617" VPOS="2139" WIDTH="30"/>
						<String ID="P23_ST00081" HPOS="647" VPOS="2108" WIDTH="151" HEIGHT="36" CONTENT="„seinem”" WC="0.98" CC="62070058"/>
						<SP ID="P23_SP00069" HPOS="798" VPOS="2144" WIDTH="31"/>
						<String ID="P23_ST00082" HPOS="829" VPOS="2107" WIDTH="73" HEIGHT="29" CONTENT="Stile" WC="0.98" CC="00760"/>
						<SP ID="P23_SP00070" HPOS="902" VPOS="2144" WIDTH="25"/>
						<String ID="P23_ST00083" HPOS="927" VPOS="2107" WIDTH="53" HEIGHT="29" CONTENT="hat" WC="1.00" CC="000"/>
						<SP ID="P23_SP00071" HPOS="980" VPOS="2144" WIDTH="88"/>
						<String ID="P23_ST00084" HPOS="1068" VPOS="2118" WIDTH="61" HEIGHT="17" CONTENT="von" WC="0.98" CC="500"/>
						<SP ID="P23_SP00072" HPOS="1129" VPOS="2144" WIDTH="25"/>
						<String ID="P23_ST00085" HPOS="1154" VPOS="2107" WIDTH="148" HEIGHT="28" CONTENT="Melichar" WC="0.83" CC="00600700"/>
						<SP ID="P23_SP00073" HPOS="1302" VPOS="2144" WIDTH="0"/>
					</TextLine>
					<TextLine ID="P23_TL00014" HPOS="496" VPOS="2146" WIDTH="864" HEIGHT="37">
						<String ID="P23_ST00086" HPOS="496" VPOS="2151" WIDTH="49" HEIGHT="29" CONTENT="der" WC="1.00" CC="000"/>
						<SP ID="P23_SP00074" HPOS="545" VPOS="2180" WIDTH="15"/>
						<String ID="P23_ST00087" HPOS="560" VPOS="2149" WIDTH="135" HEIGHT="30" CONTENT="Entwurf" WC="0.99" CC="0000701"/>
						<SP ID="P23_SP00075" HPOS="695" VPOS="2180" WIDTH="21"/>
						<String ID="P23_ST00088" HPOS="716" VPOS="2149" WIDTH="46" HEIGHT="28" CONTENT="für" WC="1.00" CC="000"/>
						<SP ID="P23_SP00076" HPOS="762" VPOS="2180" WIDTH="21"/>
						<String ID="P23_ST00089" HPOS="783" VPOS="2157" WIDTH="64" HEIGHT="19" CONTENT="eine" WC="1.00" CC="0000"/>
						<SP ID="P23_SP00077" HPOS="847" VPOS="2180" WIDTH="14"/>
						<String ID="P23_ST00090" HPOS="861" VPOS="2146" WIDTH="196" HEIGHT="37" CONTENT="Ausstellung" WC="1.00" CC="00000065060"/>
						<SP ID="P23_SP00078" HPOS="1057" VPOS="2183" WIDTH="78"/>
						<String ID="P23_ST00091" HPOS="1135" VPOS="2157" WIDTH="62" HEIGHT="18" CONTENT="von" WC="1.00" CC="000"/>
						<SP ID="P23_SP00079" HPOS="1197" VPOS="2183" WIDTH="14"/>
						<String ID="P23_ST00092" HPOS="1211" VPOS="2146" WIDTH="149" HEIGHT="29" CONTENT="Swoboda" WC="0.97" CC="0010000"/>
					</TextLine>
					<TextLine ID="P23_TL00015" HPOS="555" VPOS="2186" WIDTH="805" HEIGHT="39">
						<String ID="P23_ST00093" HPOS="555" VPOS="2201" WIDTH="47" HEIGHT="19" CONTENT="ein" WC="0.97" CC="070"/>
						<SP ID="P23_SP00080" HPOS="602" VPOS="2220" WIDTH="26"/>
						<String ID="P23_ST00094" HPOS="628" VPOS="2187" WIDTH="290" HEIGHT="38" CONTENT="Spektakeltheater," WC="1.00" CC="05060000500000004"/>
						<SP ID="P23_SP00081" HPOS="918" VPOS="2225" WIDTH="26"/>
						<String ID="P23_ST00095" HPOS="944" VPOS="2198" WIDTH="59" HEIGHT="17" CONTENT="von" WC="1.00" CC="000"/>
						<SP ID="P23_SP00082" HPOS="1003" VPOS="2225" WIDTH="26"/>
						<String ID="P23_ST00096" HPOS="1029" VPOS="2187" WIDTH="137" HEIGHT="28" CONTENT="Kovacic" WC="1.00" CC="0000000"/>
						<SP ID="P23_SP00083" HPOS="1166" VPOS="2225" WIDTH="80"/>
						<String ID="P23_ST00097" HPOS="1246" VPOS="2186" WIDTH="51" HEIGHT="29" CONTENT="das" WC="1.00" CC="000"/>
						<SP ID="P23_SP00084" HPOS="1297" VPOS="2225" WIDTH="22"/>
						<String ID="P23_ST00098" HPOS="1319" VPOS="2198" WIDTH="28" HEIGHT="17" CONTENT="er" SUBS_TYPE="HypPart1" SUBS_CONTENT="erwähnte" WC="0.99" CC="00"/>
						<HYP HPOS="1347" VPOS="2198" WIDTH="13" CONTENT="-"/>
					</TextLine>
					<TextLine ID="P23_TL00016" HPOS="496" VPOS="2226" WIDTH="805" HEIGHT="34">
						<String ID="P23_ST00099" HPOS="496" VPOS="2231" WIDTH="122" HEIGHT="29" CONTENT="wähnte" SUBS_TYPE="HypPart2" SUBS_CONTENT="erwähnte" WC="0.99" CC="060000"/>
						<SP ID="P23_SP00085" HPOS="618" VPOS="2260" WIDTH="20"/>
						<String ID="P23_ST00100" HPOS="638" VPOS="2229" WIDTH="117" HEIGHT="29" CONTENT="Schloss" WC="1.00" CC="0006000"/>
						<SP ID="P23_SP00086" HPOS="755" VPOS="2260" WIDTH="20"/>
						<String ID="P23_ST00101" HPOS="775" VPOS="2226" WIDTH="134" HEIGHT="30" CONTENT="Orianda" WC="1.00" CC="0000000"/>
						<SP ID="P23_SP00087" HPOS="909" VPOS="2260" WIDTH="67"/>
						<String ID="P23_ST00102" HPOS="976" VPOS="2226" WIDTH="60" HEIGHT="29" CONTENT="und" WC="1.00" CC="000"/>
						<SP ID="P23_SP00088" HPOS="1036" VPOS="2260" WIDTH="22"/>
						<String ID="P23_ST00103" HPOS="1058" VPOS="2226" WIDTH="243" HEIGHT="29" CONTENT="Karasimeonoff" WC="0.94" CC="0000000610000"/>
						<SP ID="P23_SP00089" HPOS="1301" VPOS="2260" WIDTH="0"/>
					</TextLine>
					<TextLine ID="P23_TL00017" HPOS="496" VPOS="2265" WIDTH="863" HEIGHT="36">
						<String ID="P23_ST00104" HPOS="496" VPOS="2281" WIDTH="64" HEIGHT="18" CONTENT="eine" WC="0.99" CC="0005"/>
						<SP ID="P23_SP00090" HPOS="560" VPOS="2299" WIDTH="26"/>
						<String ID="P23_ST00105" HPOS="586" VPOS="2271" WIDTH="185" HEIGHT="28" CONTENT="Universität" WC="1.00" CC="00000007090"/>
						<SP ID="P23_SP00091" HPOS="771" VPOS="2299" WIDTH="26"/>
						<String ID="P23_ST00106" HPOS="797" VPOS="2278" WIDTH="31" HEIGHT="17" CONTENT="in" WC="1.00" CC="00"/>
						<SP ID="P23_SP00092" HPOS="828" VPOS="2299" WIDTH="29"/>
						<String ID="P23_ST00107" HPOS="857" VPOS="2266" WIDTH="113" HEIGHT="35" CONTENT="Sophia" WC="1.00" CC="000000"/>
						<SP ID="P23_SP00093" HPOS="970" VPOS="2301" WIDTH="87"/>
						<String ID="P23_ST00108" HPOS="1057" VPOS="2266" WIDTH="62" HEIGHT="35" CONTENT="jede" WC="0.98" CC="7000"/>
						<SP ID="P23_SP00094" HPOS="1119" VPOS="2301" WIDTH="25"/>
						<String ID="P23_ST00109" HPOS="1144" VPOS="2276" WIDTH="30" HEIGHT="18" CONTENT="in" WC="1.00" CC="00"/>
						<SP ID="P23_SP00095" HPOS="1174" VPOS="2301" WIDTH="25"/>
						<String ID="P23_ST00110" HPOS="1199" VPOS="2266" WIDTH="77" HEIGHT="28" CONTENT="ihrer" WC="1.00" CC="00000"/>
						<SP ID="P23_SP00096" HPOS="1276" VPOS="2301" WIDTH="25"/>
						<String ID="P23_ST00111" HPOS="1301" VPOS="2265" WIDTH="58" HEIGHT="29" CONTENT="Art" WC="1.00" CC="000"/>
					</TextLine>
					<TextLine ID="P23_TL00018" HPOS="495" VPOS="2309" WIDTH="261" HEIGHT="30">
						<String ID="P23_ST00112" HPOS="495" VPOS="2311" WIDTH="66" HEIGHT="28" CONTENT="sehr" WC="1.00" CC="0000"/>
						<SP ID="P23_SP00097" HPOS="561" VPOS="2339" WIDTH="21"/>
						<String ID="P23_ST00113" HPOS="582" VPOS="2309" WIDTH="174" HEIGHT="30" CONTENT="bedeutend*" WC="1.00" CC="7000000001"/>
					</TextLine>
					<TextLine ID="P23_TL00019" HPOS="554" VPOS="2345" WIDTH="806" HEIGHT="35">
						<String ID="P23_ST00114" HPOS="554" VPOS="2350" WIDTH="72" HEIGHT="28" CONTENT="Von" WC="0.98" CC="500"/>
						<SP ID="P23_SP00098" HPOS="626" VPOS="2378" WIDTH="9"/>
						<String ID="P23_ST00115" HPOS="635" VPOS="2347" WIDTH="212" HEIGHT="33" CONTENT="Matouschek," WC="0.92" CC="30000000050"/>
						<SP ID="P23_SP00099" HPOS="847" VPOS="2380" WIDTH="13"/>
						<String ID="P23_ST00116" HPOS="860" VPOS="2346" WIDTH="48" HEIGHT="30" CONTENT="der" WC="1.00" CC="000"/>
						<SP ID="P23_SP00100" HPOS="908" VPOS="2380" WIDTH="11"/>
						<String ID="P23_ST00117" HPOS="919" VPOS="2345" WIDTH="62" HEIGHT="30" CONTENT="sich" WC="0.98" CC="0007"/>
						<SP ID="P23_SP00101" HPOS="981" VPOS="2380" WIDTH="11"/>
						<String ID="P23_ST00118" HPOS="992" VPOS="2350" WIDTH="85" HEIGHT="24" CONTENT="unter" WC="0.99" CC="00060"/>
						<SP ID="P23_SP00102" HPOS="1077" VPOS="2380" WIDTH="11"/>
						<String ID="P23_ST00119" HPOS="1088" VPOS="2345" WIDTH="57" HEIGHT="28" CONTENT="den" WC="1.00" CC="000"/>
						<SP ID="P23_SP00103" HPOS="1145" VPOS="2380" WIDTH="10"/>
						<String ID="P23_ST00120" HPOS="1155" VPOS="2345" WIDTH="205" HEIGHT="33" CONTENT="Vertretenen," WC="1.00" CC="400000000000"/>
					</TextLine>
					<TextLine ID="P23_TL00020" HPOS="496" VPOS="2385" WIDTH="864" HEIGHT="38">
						<String ID="P23_ST00121" HPOS="496" VPOS="2388" WIDTH="154" HEIGHT="30" CONTENT="besonders" WC="1.00" CC="000000000"/>
						<SP ID="P23_SP00104" HPOS="650" VPOS="2418" WIDTH="22"/>
						<String ID="P23_ST00122" HPOS="672" VPOS="2400" WIDTH="30" HEIGHT="18" CONTENT="in" WC="1.00" CC="00"/>
						<SP ID="P23_SP00105" HPOS="702" VPOS="2418" WIDTH="18"/>
						<String ID="P23_ST00123" HPOS="720" VPOS="2399" WIDTH="100" HEIGHT="19" CONTENT="seinen" WC="1.00" CC="000000"/>
						<SP ID="P23_SP00106" HPOS="820" VPOS="2418" WIDTH="19"/>
						<String ID="P23_ST00124" HPOS="839" VPOS="2386" WIDTH="136" HEIGHT="37" CONTENT="genialen" WC="1.00" CC="00000200"/>
						<SP ID="P23_SP00107" HPOS="975" VPOS="2423" WIDTH="15"/>
						<String ID="P23_ST00125" HPOS="990" VPOS="2385" WIDTH="137" HEIGHT="33" CONTENT="Skizzen," WC="0.99" CC="06079000"/>
						<SP ID="P23_SP00108" HPOS="1127" VPOS="2423" WIDTH="22"/>
						<String ID="P23_ST00126" HPOS="1149" VPOS="2385" WIDTH="211" HEIGHT="36" CONTENT="alsWagner's" WC="0.82" CC="06040000080"/>
					</TextLine>
				</TextBlock>
				<TextBlock ID="P23_TB00004" HPOS="1415" VPOS="458" WIDTH="870" HEIGHT="274" STYLEREFS="TXT_1 PAR_BLOCK">
					<TextLine ID="P23_TL00021" HPOS="1417" VPOS="459" WIDTH="866" HEIGHT="36">
						<String ID="P23_ST00127" HPOS="1417" VPOS="459" WIDTH="225" HEIGHT="30" CONTENT="bedeutendster" WC="1.00" CC="7000000502000"/>
						<SP ID="P23_SP00109" HPOS="1642" VPOS="489" WIDTH="14"/>
						<String ID="P23_ST00128" HPOS="1656" VPOS="460" WIDTH="123" HEIGHT="29" CONTENT="Schüler" WC="1.00" CC="0003500"/>
						<SP ID="P23_SP00110" HPOS="1779" VPOS="489" WIDTH="22"/>
						<String ID="P23_ST00129" HPOS="1801" VPOS="462" WIDTH="142" HEIGHT="33" CONTENT="darstellt," WC="1.00" CC="0000005400"/>
						<SP ID="P23_SP00111" HPOS="1943" VPOS="495" WIDTH="22"/>
						<String ID="P23_ST00130" HPOS="1965" VPOS="469" WIDTH="37" HEIGHT="23" CONTENT="ist" WC="1.00" CC="000"/>
						<SP ID="P23_SP00112" HPOS="2002" VPOS="495" WIDTH="22"/>
						<String ID="P23_ST00131" HPOS="2024" VPOS="464" WIDTH="78" HEIGHT="28" CONTENT="auch" WC="1.00" CC="0000"/>
						<SP ID="P23_SP00113" HPOS="2102" VPOS="495" WIDTH="22"/>
						<String ID="P23_ST00132" HPOS="2124" VPOS="476" WIDTH="47" HEIGHT="17" CONTENT="ein" WC="1.00" CC="000"/>
						<SP ID="P23_SP00114" HPOS="2171" VPOS="495" WIDTH="22"/>
						<String ID="P23_ST00133" HPOS="2193" VPOS="471" WIDTH="90" HEIGHT="24" CONTENT="etwas" WC="1.00" CC="00000"/>
					</TextLine>
					<TextLine ID="P23_TL00022" HPOS="1417" VPOS="498" WIDTH="867" HEIGHT="36">
						<String ID="P23_ST00134" HPOS="1417" VPOS="498" WIDTH="104" HEIGHT="29" CONTENT="älterer" WC="0.99" CC="7300000"/>
						<SP ID="P23_SP00115" HPOS="1521" VPOS="527" WIDTH="21"/>
						<String ID="P23_ST00135" HPOS="1542" VPOS="499" WIDTH="136" HEIGHT="29" CONTENT="Entwurf" WC="1.00" CC="0000000"/>
						<SP ID="P23_SP00116" HPOS="1678" VPOS="528" WIDTH="20"/>
						<String ID="P23_ST00136" HPOS="1698" VPOS="500" WIDTH="47" HEIGHT="28" CONTENT="für" WC="0.97" CC="080"/>
						<SP ID="P23_SP00117" HPOS="1745" VPOS="528" WIDTH="21"/>
						<String ID="P23_ST00137" HPOS="1766" VPOS="500" WIDTH="47" HEIGHT="28" CONTENT="die" WC="1.00" CC="000"/>
						<SP ID="P23_SP00118" HPOS="1813" VPOS="528" WIDTH="17"/>
						<String ID="P23_ST00138" HPOS="1830" VPOS="501" WIDTH="274" HEIGHT="33" CONTENT="Jubiläumskirche" WC="0.81" CC="507029002000000"/>
						<SP ID="P23_SP00119" HPOS="2104" VPOS="534" WIDTH="21"/>
						<String ID="P23_ST00139" HPOS="2125" VPOS="515" WIDTH="36" HEIGHT="18" CONTENT="zu" WC="1.00" CC="00"/>
						<SP ID="P23_SP00120" HPOS="2161" VPOS="534" WIDTH="21"/>
						<String ID="P23_ST00140" HPOS="2182" VPOS="505" WIDTH="102" HEIGHT="28" CONTENT="sehen*" WC="1.00" CC="000000"/>
					</TextLine>
					<TextLine ID="P23_TL00023" HPOS="1416" VPOS="537" WIDTH="868" HEIGHT="35">
						<String ID="P23_ST00141" HPOS="1416" VPOS="537" WIDTH="75" HEIGHT="28" CONTENT="Man" WC="0.98" CC="500"/>
						<SP ID="P23_SP00121" HPOS="1491" VPOS="565" WIDTH="21"/>
						<String ID="P23_ST00142" HPOS="1512" VPOS="538" WIDTH="105" HEIGHT="34" CONTENT="findet," WC="1.00" CC="0000004"/>
						<SP ID="P23_SP00122" HPOS="1617" VPOS="572" WIDTH="21"/>
						<String ID="P23_ST00143" HPOS="1638" VPOS="550" WIDTH="31" HEIGHT="16" CONTENT="so" WC="0.93" CC="01"/>
						<SP ID="P23_SP00123" HPOS="1669" VPOS="572" WIDTH="22"/>
						<String ID="P23_ST00144" HPOS="1691" VPOS="538" WIDTH="76" HEIGHT="29" CONTENT="sieht" WC="1.00" CC="00000"/>
						<SP ID="P23_SP00124" HPOS="1767" VPOS="572" WIDTH="19"/>
						<String ID="P23_ST00145" HPOS="1786" VPOS="550" WIDTH="64" HEIGHT="17" CONTENT="eine" WC="1.00" CC="0000"/>
						<SP ID="P23_SP00125" HPOS="1850" VPOS="572" WIDTH="19"/>
						<String ID="P23_ST00146" HPOS="1869" VPOS="540" WIDTH="190" HEIGHT="30" CONTENT="katholische" WC="1.00" CC="60000600000"/>
						<SP ID="P23_SP00126" HPOS="2059" VPOS="572" WIDTH="15"/>
						<String ID="P23_ST00147" HPOS="2074" VPOS="542" WIDTH="113" HEIGHT="30" CONTENT="Kirche" WC="1.00" CC="000000"/>
						<SP ID="P23_SP00127" HPOS="2187" VPOS="572" WIDTH="13"/>
						<String ID="P23_ST00148" HPOS="2200" VPOS="544" WIDTH="84" HEIGHT="28" CONTENT="nicht" WC="1.00" CC="00000"/>
					</TextLine>
					<TextLine ID="P23_TL00024" HPOS="1415" VPOS="577" WIDTH="869" HEIGHT="41">
						<String ID="P23_ST00149" HPOS="1415" VPOS="587" WIDTH="64" HEIGHT="17" CONTENT="aus*" WC="0.99" CC="0024"/>
						<SP ID="P23_SP00128" HPOS="1479" VPOS="604" WIDTH="41"/>
						<String ID="P23_ST00150" HPOS="1520" VPOS="577" WIDTH="58" HEIGHT="28" CONTENT="Die" WC="0.94" CC="473"/>
						<SP ID="P23_SP00129" HPOS="1578" VPOS="605" WIDTH="20"/>
						<String ID="P23_ST00151" HPOS="1598" VPOS="577" WIDTH="119" HEIGHT="28" CONTENT="übliche" WC="0.99" CC="0737002"/>
						<SP ID="P23_SP00130" HPOS="1717" VPOS="605" WIDTH="21"/>
						<String ID="P23_ST00152" HPOS="1738" VPOS="588" WIDTH="104" HEIGHT="25" CONTENT="gewiss" WC="0.99" CC="000700"/>
						<SP ID="P23_SP00131" HPOS="1842" VPOS="613" WIDTH="21"/>
						<String ID="P23_ST00153" HPOS="1863" VPOS="579" WIDTH="97" HEIGHT="32" CONTENT="nicht;" WC="0.99" CC="000006"/>
						<SP ID="P23_SP00132" HPOS="1960" VPOS="613" WIDTH="27"/>
						<String ID="P23_ST00154" HPOS="1987" VPOS="580" WIDTH="69" HEIGHT="28" CONTENT="aber" WC="0.97" CC="0750"/>
						<SP ID="P23_SP00133" HPOS="2056" VPOS="613" WIDTH="22"/>
						<String ID="P23_ST00155" HPOS="2078" VPOS="582" WIDTH="50" HEIGHT="28" CONTENT="das" WC="1.00" CC="000"/>
						<SP ID="P23_SP00134" HPOS="2128" VPOS="613" WIDTH="22"/>
						<String ID="P23_ST00156" HPOS="2150" VPOS="583" WIDTH="85" HEIGHT="28" CONTENT="sollte" WC="0.99" CC="025400"/>
						<SP ID="P23_SP00135" HPOS="2235" VPOS="613" WIDTH="22"/>
						<String ID="P23_ST00157" HPOS="2257" VPOS="586" WIDTH="27" HEIGHT="32" CONTENT="ja" WC="0.63" CC="70"/>
					</TextLine>
					<TextLine ID="P23_TL00025" HPOS="1416" VPOS="614" WIDTH="868" HEIGHT="43">
						<String ID="P23_ST00158" HPOS="1416" VPOS="614" WIDTH="78" HEIGHT="28" CONTENT="auch" WC="1.00" CC="0000"/>
						<SP ID="P23_SP00136" HPOS="1494" VPOS="642" WIDTH="19"/>
						<String ID="P23_ST00159" HPOS="1513" VPOS="616" WIDTH="83" HEIGHT="28" CONTENT="nicht" WC="1.00" CC="00000"/>
						<SP ID="P23_SP00137" HPOS="1596" VPOS="644" WIDTH="21"/>
						<String ID="P23_ST00160" HPOS="1617" VPOS="617" WIDTH="46" HEIGHT="27" CONTENT="die" WC="0.98" CC="006"/>
						<SP ID="P23_SP00138" HPOS="1663" VPOS="644" WIDTH="15"/>
						<String ID="P23_ST00161" HPOS="1678" VPOS="616" WIDTH="117" HEIGHT="28" CONTENT="übliche" WC="1.00" CC="0040000"/>
						<SP ID="P23_SP00139" HPOS="1795" VPOS="644" WIDTH="14"/>
						<String ID="P23_ST00162" HPOS="1809" VPOS="627" WIDTH="71" HEIGHT="18" CONTENT="sein*" WC="1.00" CC="00000"/>
						<SP ID="P23_SP00140" HPOS="1880" VPOS="645" WIDTH="32"/>
						<String ID="P23_ST00163" HPOS="1912" VPOS="617" WIDTH="58" HEIGHT="29" CONTENT="Die" WC="0.97" CC="205"/>
						<SP ID="P23_SP00141" HPOS="1970" VPOS="646" WIDTH="21"/>
						<String ID="P23_ST00164" HPOS="1991" VPOS="620" WIDTH="134" HEIGHT="33" CONTENT="gestellte" WC="1.00" CC="000005600"/>
						<SP ID="P23_SP00142" HPOS="2125" VPOS="653" WIDTH="14"/>
						<String ID="P23_ST00165" HPOS="2139" VPOS="621" WIDTH="145" HEIGHT="36" CONTENT="Aufgabe" WC="1.00" CC="0000000"/>
					</TextLine>
					<TextLine ID="P23_TL00026" HPOS="1415" VPOS="655" WIDTH="868" HEIGHT="36">
						<String ID="P23_ST00166" HPOS="1415" VPOS="664" WIDTH="62" HEIGHT="17" CONTENT="war" WC="1.00" CC="000"/>
						<SP ID="P23_SP00143" HPOS="1477" VPOS="681" WIDTH="15"/>
						<String ID="P23_ST00167" HPOS="1492" VPOS="664" WIDTH="64" HEIGHT="18" CONTENT="eine" WC="1.00" CC="0000"/>
						<SP ID="P23_SP00144" HPOS="1556" VPOS="682" WIDTH="15"/>
						<String ID="P23_ST00168" HPOS="1571" VPOS="655" WIDTH="148" HEIGHT="28" CONTENT="dreifache" WC="1.00" CC="000000600"/>
						<SP ID="P23_SP00145" HPOS="1719" VPOS="683" WIDTH="18"/>
						<String ID="P23_ST00169" HPOS="1737" VPOS="656" WIDTH="60" HEIGHT="28" CONTENT="und" WC="1.00" CC="000"/>
						<SP ID="P23_SP00146" HPOS="1797" VPOS="684" WIDTH="16"/>
						<String ID="P23_ST00170" HPOS="1813" VPOS="657" WIDTH="159" HEIGHT="34" CONTENT="eigentlich" WC="1.00" CC="0000004010"/>
						<SP ID="P23_SP00147" HPOS="1972" VPOS="691" WIDTH="15"/>
						<String ID="P23_ST00171" HPOS="1987" VPOS="667" WIDTH="31" HEIGHT="18" CONTENT="in" WC="1.00" CC="00"/>
						<SP ID="P23_SP00148" HPOS="2018" VPOS="691" WIDTH="14"/>
						<String ID="P23_ST00172" HPOS="2032" VPOS="658" WIDTH="63" HEIGHT="27" CONTENT="sich" WC="0.98" CC="0700"/>
						<SP ID="P23_SP00149" HPOS="2095" VPOS="691" WIDTH="15"/>
						<String ID="P23_ST00173" HPOS="2110" VPOS="669" WIDTH="47" HEIGHT="18" CONTENT="ein" WC="1.00" CC="000"/>
						<SP ID="P23_SP00150" HPOS="2157" VPOS="691" WIDTH="12"/>
						<String ID="P23_ST00174" HPOS="2169" VPOS="660" WIDTH="95" HEIGHT="29" CONTENT="Wider" SUBS_TYPE="HypPart1" SUBS_CONTENT="Widerspruch;" WC="1.00" CC="00000"/>
						<HYP HPOS="2264" VPOS="660" WIDTH="19" CONTENT="-"/>
					</TextLine>
					<TextLine ID="P23_TL00027" HPOS="1416" VPOS="693" WIDTH="866" HEIGHT="39">
						<String ID="P23_ST00175" HPOS="1416" VPOS="693" WIDTH="119" HEIGHT="34" CONTENT="spruch;" SUBS_TYPE="HypPart2" SUBS_CONTENT="Widerspruch;" WC="0.99" CC="1400009"/>
						<SP ID="P23_SP00151" HPOS="1535" VPOS="727" WIDTH="28"/>
						<String ID="P23_ST00176" HPOS="1563" VPOS="704" WIDTH="28" HEIGHT="17" CONTENT="es" WC="0.81" CC="03"/>
						<SP ID="P23_SP00152" HPOS="1591" VPOS="727" WIDTH="21"/>
						<String ID="P23_ST00177" HPOS="1612" VPOS="694" WIDTH="85" HEIGHT="28" CONTENT="sollte" WC="0.99" CC="004500"/>
						<SP ID="P23_SP00153" HPOS="1697" VPOS="727" WIDTH="19"/>
						<String ID="P23_ST00178" HPOS="1716" VPOS="705" WIDTH="65" HEIGHT="17" CONTENT="eine" WC="1.00" CC="0000"/>
						<SP ID="P23_SP00154" HPOS="1781" VPOS="727" WIDTH="10"/>
						<String ID="P23_ST00179" HPOS="1791" VPOS="694" WIDTH="273" HEIGHT="35" CONTENT="Jubiläumskirche" WC="1.00" CC="500709000000000"/>
						<SP ID="P23_SP00155" HPOS="2064" VPOS="729" WIDTH="22"/>
						<String ID="P23_ST00180" HPOS="2086" VPOS="697" WIDTH="48" HEIGHT="28" CONTENT="des" WC="1.00" CC="000"/>
						<SP ID="P23_SP00156" HPOS="2134" VPOS="729" WIDTH="16"/>
						<String ID="P23_ST00181" HPOS="2150" VPOS="698" WIDTH="132" HEIGHT="34" CONTENT="Kaisers," WC="1.00" CC="00000004"/>
					</TextLine>
				</TextBlock>
				<TextBlock ID="P23_TB00005" HPOS="1406" VPOS="1950" WIDTH="871" HEIGHT="473" STYLEREFS="TXT_1 PAR_BLOCK">
					<TextLine ID="P23_TL00028" HPOS="1410" VPOS="1950" WIDTH="867" HEIGHT="40">
						<String ID="P23_ST00182" HPOS="1410" VPOS="1960" WIDTH="63" HEIGHT="18" CONTENT="eine" WC="1.00" CC="0000"/>
						<SP ID="P23_SP00157" HPOS="1473" VPOS="1978" WIDTH="31"/>
						<String ID="P23_ST00183" HPOS="1504" VPOS="1950" WIDTH="268" HEIGHT="32" CONTENT="Garnisonskirche" WC="1.00" CC="000000000600070"/>
						<SP ID="P23_SP00158" HPOS="1772" VPOS="1982" WIDTH="31"/>
						<String ID="P23_ST00184" HPOS="1803" VPOS="1955" WIDTH="60" HEIGHT="28" CONTENT="und" WC="1.00" CC="000"/>
						<SP ID="P23_SP00159" HPOS="1863" VPOS="1983" WIDTH="30"/>
						<String ID="P23_ST00185" HPOS="1893" VPOS="1966" WIDTH="47" HEIGHT="17" CONTENT="ein" WC="1.00" CC="000"/>
						<SP ID="P23_SP00160" HPOS="1940" VPOS="1983" WIDTH="30"/>
						<String ID="P23_ST00186" HPOS="1970" VPOS="1956" WIDTH="151" HEIGHT="30" CONTENT="Denkmal" WC="0.99" CC="3006000"/>
						<SP ID="P23_SP00161" HPOS="2121" VPOS="1986" WIDTH="30"/>
						<String ID="P23_ST00187" HPOS="2151" VPOS="1960" WIDTH="48" HEIGHT="28" CONTENT="für" WC="1.00" CC="000"/>
						<SP ID="P23_SP00162" HPOS="2199" VPOS="1988" WIDTH="31"/>
						<String ID="P23_ST00188" HPOS="2230" VPOS="1961" WIDTH="47" HEIGHT="29" CONTENT="die" WC="0.97" CC="070"/>
					</TextLine>
					<TextLine ID="P23_TL00029" HPOS="1410" VPOS="1988" WIDTH="867" HEIGHT="42">
						<String ID="P23_ST00189" HPOS="1410" VPOS="1988" WIDTH="138" HEIGHT="29" CONTENT="Kaiserin" WC="1.00" CC="00000000"/>
						<SP ID="P23_SP00163" HPOS="1548" VPOS="2017" WIDTH="30"/>
						<String ID="P23_ST00190" HPOS="1578" VPOS="1991" WIDTH="127" HEIGHT="28" CONTENT="werden*" WC="1.00" CC="0000004"/>
						<SP ID="P23_SP00164" HPOS="1705" VPOS="2019" WIDTH="45"/>
						<String ID="P23_ST00191" HPOS="1750" VPOS="1993" WIDTH="87" HEIGHT="34" CONTENT="Jeder" WC="1.00" CC="00000"/>
						<SP ID="P23_SP00165" HPOS="1837" VPOS="2027" WIDTH="24"/>
						<String ID="P23_ST00192" HPOS="1861" VPOS="1994" WIDTH="154" HEIGHT="30" CONTENT="Bewerber" WC="1.00" CC="10000000"/>
						<SP ID="P23_SP00166" HPOS="2015" VPOS="2027" WIDTH="25"/>
						<String ID="P23_ST00193" HPOS="2040" VPOS="2008" WIDTH="61" HEIGHT="17" CONTENT="war" WC="1.00" CC="000"/>
						<SP ID="P23_SP00167" HPOS="2101" VPOS="2027" WIDTH="30"/>
						<String ID="P23_ST00194" HPOS="2131" VPOS="1999" WIDTH="61" HEIGHT="28" CONTENT="also" WC="0.99" CC="0600"/>
						<SP ID="P23_SP00168" HPOS="2192" VPOS="2027" WIDTH="30"/>
						<String ID="P23_ST00195" HPOS="2222" VPOS="2012" WIDTH="55" HEIGHT="18" CONTENT="vor" WC="1.00" CC="000"/>
					</TextLine>
					<TextLine ID="P23_TL00030" HPOS="1409" VPOS="2029" WIDTH="867" HEIGHT="43">
						<String ID="P23_ST00196" HPOS="1409" VPOS="2030" WIDTH="64" HEIGHT="26" CONTENT="eine" WC="1.00" CC="0000"/>
						<SP ID="P23_SP00169" HPOS="1473" VPOS="2056" WIDTH="29"/>
						<String ID="P23_ST00197" HPOS="1502" VPOS="2029" WIDTH="145" HEIGHT="33" CONTENT="peinliche" WC="0.99" CC="007010070"/>
						<SP ID="P23_SP00170" HPOS="1647" VPOS="2062" WIDTH="21"/>
						<String ID="P23_ST00198" HPOS="1668" VPOS="2031" WIDTH="93" HEIGHT="28" CONTENT="Wahl" WC="0.99" CC="0006"/>
						<SP ID="P23_SP00171" HPOS="1761" VPOS="2062" WIDTH="29"/>
						<String ID="P23_ST00199" HPOS="1790" VPOS="2033" WIDTH="125" HEIGHT="35" CONTENT="gestellt*" WC="1.00" CC="000001604"/>
						<SP ID="P23_SP00172" HPOS="1915" VPOS="2068" WIDTH="45"/>
						<String ID="P23_ST00200" HPOS="1960" VPOS="2034" WIDTH="74" HEIGHT="29" CONTENT="Hier" WC="1.00" CC="0000"/>
						<SP ID="P23_SP00173" HPOS="2034" VPOS="2068" WIDTH="25"/>
						<String ID="P23_ST00201" HPOS="2059" VPOS="2039" WIDTH="36" HEIGHT="26" CONTENT="ist" WC="0.96" CC="900"/>
						<SP ID="P23_SP00174" HPOS="2095" VPOS="2068" WIDTH="30"/>
						<String ID="P23_ST00202" HPOS="2125" VPOS="2038" WIDTH="151" HEIGHT="34" CONTENT="jedenfalls" WC="1.00" CC="7000000040"/>
					</TextLine>
					<TextLine ID="P23_TL00031" HPOS="1409" VPOS="2068" WIDTH="867" HEIGHT="39">
						<String ID="P23_ST00203" HPOS="1409" VPOS="2070" WIDTH="47" HEIGHT="26" CONTENT="ein" WC="1.00" CC="000"/>
						<SP ID="P23_SP00175" HPOS="1456" VPOS="2096" WIDTH="25"/>
						<String ID="P23_ST00204" HPOS="1481" VPOS="2068" WIDTH="66" HEIGHT="28" CONTENT="Bau" WC="1.00" CC="000"/>
						<SP ID="P23_SP00176" HPOS="1547" VPOS="2096" WIDTH="29"/>
						<String ID="P23_ST00205" HPOS="1576" VPOS="2079" WIDTH="61" HEIGHT="17" CONTENT="von" WC="1.00" CC="000"/>
						<SP ID="P23_SP00177" HPOS="1637" VPOS="2096" WIDTH="32"/>
						<String ID="P23_ST00206" HPOS="1669" VPOS="2081" WIDTH="118" HEIGHT="24" CONTENT="grossen" WC="1.00" CC="0001200"/>
						<SP ID="P23_SP00178" HPOS="1787" VPOS="2105" WIDTH="32"/>
						<String ID="P23_ST00207" HPOS="1819" VPOS="2071" WIDTH="299" HEIGHT="33" CONTENT="charakteristischen" WC="1.00" CC="000006060400000000"/>
						<SP ID="P23_SP00179" HPOS="2118" VPOS="2105" WIDTH="32"/>
						<String ID="P23_ST00208" HPOS="2150" VPOS="2077" WIDTH="126" HEIGHT="30" CONTENT="Formen" WC="1.00" CC="000000"/>
					</TextLine>
					<TextLine ID="P23_TL00032" HPOS="1409" VPOS="2107" WIDTH="867" HEIGHT="47">
						<String ID="P23_ST00209" HPOS="1409" VPOS="2107" WIDTH="186" HEIGHT="36" CONTENT="geschaffen," WC="1.00" CC="00000000000"/>
						<SP ID="P23_SP00180" HPOS="1595" VPOS="2143" WIDTH="30"/>
						<String ID="P23_ST00210" HPOS="1625" VPOS="2108" WIDTH="49" HEIGHT="29" CONTENT="der" WC="1.00" CC="000"/>
						<SP ID="P23_SP00181" HPOS="1674" VPOS="2143" WIDTH="29"/>
						<String ID="P23_ST00211" HPOS="1703" VPOS="2109" WIDTH="43" HEIGHT="29" CONTENT="bis" WC="0.97" CC="701"/>
						<SP ID="P23_SP00182" HPOS="1746" VPOS="2143" WIDTH="25"/>
						<String ID="P23_ST00212" HPOS="1771" VPOS="2112" WIDTH="31" HEIGHT="26" CONTENT="in" WC="1.00" CC="00"/>
						<SP ID="P23_SP00183" HPOS="1802" VPOS="2143" WIDTH="26"/>
						<String ID="P23_ST00213" HPOS="1828" VPOS="2111" WIDTH="47" HEIGHT="29" CONTENT="die" WC="1.00" CC="000"/>
						<SP ID="P23_SP00184" HPOS="1875" VPOS="2143" WIDTH="25"/>
						<String ID="P23_ST00214" HPOS="1900" VPOS="2112" WIDTH="113" HEIGHT="30" CONTENT="oberste" WC="1.00" CC="0000000"/>
						<SP ID="P23_SP00185" HPOS="2013" VPOS="2143" WIDTH="26"/>
						<String ID="P23_ST00215" HPOS="2039" VPOS="2114" WIDTH="99" HEIGHT="35" CONTENT="Spitze" WC="1.00" CC="000000"/>
						<SP ID="P23_SP00186" HPOS="2138" VPOS="2149" WIDTH="29"/>
						<String ID="P23_ST00216" HPOS="2167" VPOS="2120" WIDTH="30" HEIGHT="25" CONTENT="in" WC="1.00" CC="00"/>
						<SP ID="P23_SP00187" HPOS="2197" VPOS="2149" WIDTH="30"/>
						<String ID="P23_ST00217" HPOS="2227" VPOS="2129" WIDTH="33" HEIGHT="25" CONTENT="ge" SUBS_TYPE="HypPart1" SUBS_CONTENT="gewaltigem" WC="0.98" CC="00"/>
						<HYP HPOS="2260" VPOS="2129" WIDTH="16" CONTENT="-"/>
					</TextLine>
					<TextLine ID="P23_TL00033" HPOS="1408" VPOS="2147" WIDTH="866" HEIGHT="39">
						<String ID="P23_ST00218" HPOS="1408" VPOS="2147" WIDTH="151" HEIGHT="36" CONTENT="waltigem" SUBS_TYPE="HypPart2" SUBS_CONTENT="gewaltigem" WC="1.00" CC="00500000"/>
						<SP ID="P23_SP00188" HPOS="1559" VPOS="2183" WIDTH="22"/>
						<String ID="P23_ST00219" HPOS="1581" VPOS="2148" WIDTH="151" HEIGHT="29" CONTENT="Wachsen" WC="1.00" CC="0050000"/>
						<SP ID="P23_SP00189" HPOS="1732" VPOS="2183" WIDTH="35"/>
						<String ID="P23_ST00220" HPOS="1767" VPOS="2151" WIDTH="192" HEIGHT="33" CONTENT="emporstrebt" WC="1.00" CC="00000300000"/>
						<SP ID="P23_SP00190" HPOS="1959" VPOS="2184" WIDTH="31"/>
						<String ID="P23_ST00221" HPOS="1990" VPOS="2154" WIDTH="60" HEIGHT="28" CONTENT="und" WC="1.00" CC="000"/>
						<SP ID="P23_SP00191" HPOS="2050" VPOS="2184" WIDTH="32"/>
						<String ID="P23_ST00222" HPOS="2082" VPOS="2160" WIDTH="86" HEIGHT="24" CONTENT="unter" WC="1.00" CC="00000"/>
						<SP ID="P23_SP00192" HPOS="2168" VPOS="2184" WIDTH="30"/>
						<String ID="P23_ST00223" HPOS="2198" VPOS="2157" WIDTH="76" HEIGHT="29" CONTENT="allen" WC="0.99" CC="06300"/>
					</TextLine>
					<TextLine ID="P23_TL00034" HPOS="1408" VPOS="2186" WIDTH="868" HEIGHT="42">
						<String ID="P23_ST00224" HPOS="1408" VPOS="2186" WIDTH="132" HEIGHT="29" CONTENT="Kirchen" WC="1.00" CC="0000000"/>
						<SP ID="P23_SP00193" HPOS="1540" VPOS="2215" WIDTH="12"/>
						<String ID="P23_ST00225" HPOS="1552" VPOS="2187" WIDTH="102" HEIGHT="29" CONTENT="Wiens" WC="1.00" CC="00000"/>
						<SP ID="P23_SP00194" HPOS="1654" VPOS="2216" WIDTH="16"/>
						<String ID="P23_ST00226" HPOS="1670" VPOS="2188" WIDTH="62" HEIGHT="28" CONTENT="sich" WC="0.98" CC="2700"/>
						<SP ID="P23_SP00195" HPOS="1732" VPOS="2216" WIDTH="21"/>
						<String ID="P23_ST00227" HPOS="1753" VPOS="2189" WIDTH="247" HEIGHT="37" CONTENT="herausgehoben" WC="1.00" CC="0000000000700"/>
						<SP ID="P23_SP00196" HPOS="2000" VPOS="2226" WIDTH="15"/>
						<String ID="P23_ST00228" HPOS="2015" VPOS="2192" WIDTH="95" HEIGHT="36" CONTENT="hätte," WC="1.00" CC="000000"/>
						<SP ID="P23_SP00197" HPOS="2110" VPOS="2228" WIDTH="21"/>
						<String ID="P23_ST00229" HPOS="2131" VPOS="2198" WIDTH="47" HEIGHT="25" CONTENT="ein" WC="1.00" CC="000"/>
						<SP ID="P23_SP00198" HPOS="2178" VPOS="2228" WIDTH="15"/>
						<String ID="P23_ST00230" HPOS="2193" VPOS="2197" WIDTH="63" HEIGHT="28" CONTENT="wah" SUBS_TYPE="HypPart1" SUBS_CONTENT="wahres" WC="0.99" CC="000"/>
						<HYP HPOS="2256" VPOS="2197" WIDTH="20" CONTENT="-"/>
					</TextLine>
					<TextLine ID="P23_TL00035" HPOS="1407" VPOS="2226" WIDTH="378" HEIGHT="35">
						<String ID="P23_ST00231" HPOS="1407" VPOS="2237" WIDTH="43" HEIGHT="17" CONTENT="res" SUBS_TYPE="HypPart2" SUBS_CONTENT="wahres" WC="1.00" CC="000"/>
						<SP ID="P23_SP00199" HPOS="1450" VPOS="2254" WIDTH="18"/>
						<String ID="P23_ST00232" HPOS="1468" VPOS="2226" WIDTH="317" HEIGHT="35" CONTENT="Jubiläumsdenkmal." WC="1.00" CC="00746000000060064"/>
					</TextLine>
					<TextLine ID="P23_TL00036" HPOS="1466" VPOS="2266" WIDTH="809" HEIGHT="42">
						<String ID="P23_ST00233" HPOS="1466" VPOS="2266" WIDTH="49" HEIGHT="28" CONTENT="Bis" WC="1.00" CC="000"/>
						<SP ID="P23_SP00200" HPOS="1515" VPOS="2294" WIDTH="23"/>
						<String ID="P23_ST00234" HPOS="1538" VPOS="2269" WIDTH="68" HEIGHT="31" CONTENT="jetzt" WC="0.99" CC="70000"/>
						<SP ID="P23_SP00201" HPOS="1606" VPOS="2300" WIDTH="19"/>
						<String ID="P23_ST00235" HPOS="1625" VPOS="2267" WIDTH="83" HEIGHT="29" CONTENT="hatte" WC="0.99" CC="70000"/>
						<SP ID="P23_SP00202" HPOS="1708" VPOS="2300" WIDTH="19"/>
						<String ID="P23_ST00236" HPOS="1727" VPOS="2268" WIDTH="46" HEIGHT="28" CONTENT="die" WC="1.00" CC="000"/>
						<SP ID="P23_SP00203" HPOS="1773" VPOS="2300" WIDTH="15"/>
						<String ID="P23_ST00237" HPOS="1788" VPOS="2279" WIDTH="75" HEIGHT="18" CONTENT="neue" WC="1.00" CC="0000"/>
						<SP ID="P23_SP00204" HPOS="1863" VPOS="2300" WIDTH="14"/>
						<String ID="P23_ST00238" HPOS="1877" VPOS="2270" WIDTH="157" HEIGHT="37" CONTENT="Richtung" WC="1.00" CC="00200000"/>
						<SP ID="P23_SP00205" HPOS="2034" VPOS="2307" WIDTH="16"/>
						<String ID="P23_ST00239" HPOS="2050" VPOS="2274" WIDTH="158" HEIGHT="34" CONTENT="eigentlich" WC="1.00" CC="0005003000"/>
						<SP ID="P23_SP00206" HPOS="2208" VPOS="2308" WIDTH="19"/>
						<String ID="P23_ST00240" HPOS="2227" VPOS="2278" WIDTH="48" HEIGHT="26" CONTENT="nie" WC="1.00" CC="000"/>
					</TextLine>
					<TextLine ID="P23_TL00037" HPOS="1409" VPOS="2305" WIDTH="866" HEIGHT="42">
						<String ID="P23_ST00241" HPOS="1409" VPOS="2305" WIDTH="210" HEIGHT="36" CONTENT="Gelegenheit," WC="1.00" CC="062505005000"/>
						<SP ID="P23_SP00207" HPOS="1619" VPOS="2341" WIDTH="21"/>
						<String ID="P23_ST00242" HPOS="1640" VPOS="2307" WIDTH="63" HEIGHT="28" CONTENT="sich" WC="1.00" CC="0010"/>
						<SP ID="P23_SP00208" HPOS="1703" VPOS="2341" WIDTH="21"/>
						<String ID="P23_ST00243" HPOS="1724" VPOS="2310" WIDTH="30" HEIGHT="25" CONTENT="in" WC="1.00" CC="00"/>
						<SP ID="P23_SP00209" HPOS="1754" VPOS="2341" WIDTH="22"/>
						<String ID="P23_ST00244" HPOS="1776" VPOS="2311" WIDTH="95" HEIGHT="26" CONTENT="einem" WC="1.00" CC="00000"/>
						<SP ID="P23_SP00210" HPOS="1871" VPOS="2341" WIDTH="23"/>
						<String ID="P23_ST00245" HPOS="1894" VPOS="2320" WIDTH="133" HEIGHT="25" CONTENT="grossen," WC="1.00" CC="00010004"/>
						<SP ID="P23_SP00211" HPOS="2027" VPOS="2345" WIDTH="22"/>
						<String ID="P23_ST00246" HPOS="2049" VPOS="2313" WIDTH="226" HEIGHT="34" CONTENT="geschlossenen" WC="1.00" CC="0000050000000"/>
					</TextLine>
					<TextLine ID="P23_TL00038" HPOS="1408" VPOS="2344" WIDTH="866" HEIGHT="46">
						<String ID="P23_ST00247" HPOS="1408" VPOS="2344" WIDTH="288" HEIGHT="31" CONTENT="Monumentalbaue" WC="1.00" CC="01000000030000"/>
						<SP ID="P23_SP00212" HPOS="1696" VPOS="2375" WIDTH="15"/>
						<String ID="P23_ST00248" HPOS="1711" VPOS="2358" WIDTH="60" HEIGHT="17" CONTENT="von" WC="1.00" CC="000"/>
						<SP ID="P23_SP00213" HPOS="1771" VPOS="2375" WIDTH="15"/>
						<String ID="P23_ST00249" HPOS="1786" VPOS="2359" WIDTH="32" HEIGHT="17" CONTENT="so" WC="1.00" CC="00"/>
						<SP ID="P23_SP00214" HPOS="1818" VPOS="2376" WIDTH="16"/>
						<String ID="P23_ST00250" HPOS="1834" VPOS="2348" WIDTH="251" HEIGHT="38" CONTENT="hervorragender" WC="1.00" CC="00000000000000"/>
						<SP ID="P23_SP00215" HPOS="2085" VPOS="2386" WIDTH="12"/>
						<String ID="P23_ST00251" HPOS="2097" VPOS="2352" WIDTH="177" HEIGHT="38" CONTENT="Bedeutung" WC="1.00" CC="100000000"/>
					</TextLine>
					<TextLine ID="P23_TL00039" HPOS="1409" VPOS="2385" WIDTH="865" HEIGHT="37">
						<String ID="P23_ST00252" HPOS="1409" VPOS="2394" WIDTH="36" HEIGHT="19" CONTENT="zu" WC="1.00" CC="00"/>
						<SP ID="P23_SP00216" HPOS="1445" VPOS="2413" WIDTH="23"/>
						<String ID="P23_ST00253" HPOS="1468" VPOS="2387" WIDTH="117" HEIGHT="34" CONTENT="zeigen;" WC="1.00" CC="0000000"/>
						<SP ID="P23_SP00217" HPOS="1585" VPOS="2421" WIDTH="30"/>
						<String ID="P23_ST00254" HPOS="1615" VPOS="2385" WIDTH="104" HEIGHT="29" CONTENT="darum" WC="1.00" CC="00000"/>
						<SP ID="P23_SP00218" HPOS="1719" VPOS="2421" WIDTH="21"/>
						<String ID="P23_ST00255" HPOS="1740" VPOS="2387" WIDTH="86" HEIGHT="29" CONTENT="lohnt" WC="1.00" CC="20000"/>
						<SP ID="P23_SP00219" HPOS="1826" VPOS="2421" WIDTH="21"/>
						<String ID="P23_ST00256" HPOS="1847" VPOS="2388" WIDTH="123" HEIGHT="29" CONTENT="diesmal" WC="0.99" CC="0470602"/>
						<SP ID="P23_SP00220" HPOS="1970" VPOS="2421" WIDTH="23"/>
						<String ID="P23_ST00257" HPOS="1993" VPOS="2389" WIDTH="51" HEIGHT="30" CONTENT="das" WC="1.00" CC="000"/>
						<SP ID="P23_SP00221" HPOS="2044" VPOS="2421" WIDTH="22"/>
						<String ID="P23_ST00258" HPOS="2066" VPOS="2390" WIDTH="137" HEIGHT="31" CONTENT="Studium" WC="1.00" CC="0000000"/>
						<SP ID="P23_SP00222" HPOS="2203" VPOS="2421" WIDTH="22"/>
						<String ID="P23_ST00259" HPOS="2225" VPOS="2394" WIDTH="49" HEIGHT="28" CONTENT="des" WC="1.00" CC="000"/>
					</TextLine>
				</TextBlock>
				<TextBlock ID="P23_TB00006" HPOS="2250" VPOS="968" WIDTH="137" HEIGHT="26" STYLEREFS="TXT_3 PAR_RIGHT">
					<TextLine ID="P23_TL00040" HPOS="2252" VPOS="969" WIDTH="131" HEIGHT="25">
						<String ID="P23_ST00260" HPOS="2252" VPOS="969" WIDTH="131" HEIGHT="25" CONTENT="STUDIE" WC="0.99" CC="060000"/>
					</TextLine>
				</TextBlock>
				<TextBlock ID="P23_TB00007" HPOS="2189" VPOS="921" WIDTH="260" HEIGHT="29" STYLEREFS="TXT_3 PAR_RIGHT">
					<TextLine ID="P23_TL00041" HPOS="2189" VPOS="923" WIDTH="260" HEIGHT="27">
						<String ID="P23_ST00261" HPOS="2189" VPOS="923" WIDTH="84" HEIGHT="23" CONTENT="MAX" WC="1.00" CC="100"/>
						<SP ID="P23_SP00223" HPOS="2273" VPOS="946" WIDTH="17"/>
						<String ID="P23_ST00262" HPOS="2290" VPOS="924" WIDTH="159" HEIGHT="26" CONTENT="KLINGER" WC="0.68" CC="5019040"/>
					</TextLine>
				</TextBlock>
				<ComposedBlock ID="P23_CB00001" HPOS="667" VPOS="831" WIDTH="1464" HEIGHT="1013" STYLEREFS="TXT_4 PAR_LEFT" TYPE="Illustration">
					<GraphicalElement ID="P23_CB00001_SUB" HPOS="667" VPOS="831" WIDTH="1464" HEIGHT="1013"/>
				</ComposedBlock>
			</PrintSpace>
		</Page>
	</Layout>
</alto>
