3368 4308
1645 168 107 49 410

172 300 278 64 geschweige
478 300 113 47 denn
621 300 78 47 das
726 303 139 62 Zeug,
889 303 191 48 welches
1113 342 16 18 „
1138 320 47 32 ce
1211 303 178 50 terrible
1414 304 90 49 role
1528 305 108 50 d'Os-

219 374 96 51 min
322 383 8 19 u
331 378 209 60 verlangt.
582 378 208 47 Madame
821 379 165 47 Meillet
1015 380 280 65 (Constanze)
1334 381 86 47 und
1451 381 211 50 Madame

172 451 171 64 Ugalde
366 451 273 64 (Blondchen
651 482 58 5 —
719 452 245 66 Bkniine)
990 455 134 48 hüten
1154 458 88 45 sich
1268 459 135 53 wohl,
1433 459 95 47 ihre
1552 460 81 46 Par-

168 527 113 46 lieen
309 544 53 29 zu
389 527 170 63 singen,
590 527 82 49 wie
696 530 169 47 Mozart
892 531 61 46 sie
981 532 289 63 geschrieben
1296 534 90 54 hat,
1416 534 243 48 besonders

167 601 70 48 die
265 610 180 47 erstere,
487 602 71 47 die
599 605 111 46 noch
752 605 111 48 dazu
902 606 95 48 ihre
1033 615 121 41 sonst
1190 609 200 49 hübsche
1429 610 88 47 und
1547 611 111 47 volle

166 677 185 47 Stimme
378 695 97 31 zum
507 679 211 48 Schreien
748 681 313 58 missbraucht,
1090 684 78 48 das
1206 685 241 48 besonders
1483 686 41 47 in
1554 685 100 49 dem

164 755 140 44 Duett
332 752 79 47 mit
437 753 231 49 Belmonte
699 757 326 49 unausstehlich
1057 760 65 46 ist.
1152 761 155 47 Durch
1338 761 84 47 den
1455 762 199 51 Wegfall

1551 809 25 16 o

164 829 78 46 der
270 846 181 46 grossen
481 831 133 47 Arie:
655 833 224 53 „Martern
908 835 108 47 aller
1264 838 156 48 wurde
1450 855 80 30 uns
1559 839 96 47 eine

163 906 85 45 Art
274 921 83 31 von
387 906 113 46 allen
528 907 199 48 Martern
757 917 185 56 erspart.

268 981 212 49 Weber's
508 983 460 65 Erstlings-Operette
1008 987 131 55 „Abu
1404 1007 82 47 zog
1509 990 142 47 durch

160 1056 84 47 den
268 1058 172 45 Namen
466 1058 74 47 des
568 1060 314 64 Componisten
912 1079 70 31 an.
1011 1065 80 45 Mit
1112 1065 174 63 einigen
1309 1066 220 65 Einlagen
1551 1084 77 30 aus-

157 1133 212 62 gespickt,
411 1134 129 61 gefiel
581 1136 77 54 sie,
700 1136 78 47 hat
807 1137 162 63 jedoch
1008 1140 157 47 keinen
1197 1141 313 49 bedeutenden
1537 1145 82 45 Ein-

160 1207 138 48 druck
328 1210 220 62 gemacht.

266 1284 113 47 Eine
407 1286 292 47 französische
727 1288 361 67 Original-Oper
1122 1309 96 31 war
1258 1332 16 16 „
1284 1294 73 47 La
1382 1295 93 48 Fee
1506 1294 112 50 Cava-

334 1361 79 46 mit
440 1361 146 48 Musik
616 1378 81 31 von
730 1364 184 48 Victor
955 1367 200 57 Masse,
1197 1369 100 47 dem
1330 1371 316 64 Componisten

153 1436 79 46 der
273 1436 171 63 artigen
484 1437 149 49 Noees
659 1439 55 47 de
740 1439 243 50 Jeannette
1021 1444 88 47 und
1157 1444 80 49 der
1270 1444 148 50 Reine
1460 1447 187 67 Topaze.

151 1512 133 46 Diese
329 1512 332 65 Zauber-Oper
707 1516 167 48 enthält
921 1519 113 47 allen
1081 1522 166 47 Unsinn
1302 1522 80 47 der
1432 1524 212 48 früheren

150 1587 163 47 Stücke
355 1588 143 47 dieser
540 1591 214 65 Gattung,
803 1594 116 47 ohne
959 1594 85 48 den
1087 1597 250 48 kindlichen
1380 1601 104 47 Reiz
1526 1601 118 47 eines

147 1663 247 49 Märchens.
449 1666 84 46 Die
561 1667 142 47 Leute
733 1668 180 49 werden
952 1670 125 49 darin
1117 1675 201 62 plötzlich
1349 1677 176 47 steinalt
1554 1677 88 47 und

150 1740 184 47 hässlich
382 1740 90 47 und
512 1742 114 46 eben
667 1760 47 31 so
764 1746 200 62 plötzlich
1001 1750 114 62 jung
1169 1750 90 47 und
1306 1751 164 56 schön;
1520 1753 117 48 dann

148 1815 204 64 buckelig
390 1817 88 47 und
517 1818 167 47 wieder
712 1822 183 61 gerade,
925 1824 88 46 und
1044 1827 282 62 umgekehrt.
1383 1831 124 44 Dazu
1539 1831 98 46 eine

146 1891 124 48 dicke
300 1893 194 47 Partitur
508 1894 159 48 —drei
693 1899 109 45 Acte
832 1899 90 46 und
951 1900 69 47 ein
1049 1903 349 63 Prolog!—voll
1423 1906 218 48 Lärmens

146 1968 87 46 und
263 1967 111 48 doch
406 1969 106 55 leer,
554 1987 79 31 aus
663 1973 192 48 welcher
893 1994 85 28 nur
1008 1977 144 64 einige
1183 1980 173 64 wenige
1385 1983 251 46 Nummern

145 2044 75 46 mit
241 2044 135 63 jenen
406 2045 186 49 leichten
623 2048 89 47 und
749 2053 292 63 anmuthigen
1072 2055 248 48 Melodieen
1351 2058 287 56 auftauchen,

141 2119 68 46 die
239 2119 99 47 dem
368 2123 186 46 Talente
581 2125 181 46 Masses
792 2126 154 49 früher
985 2129 253 50 verdienten
1269 2135 95 45 Ruf
1400 2135 237 47 verschafft

145 2196 160 47 haben.

253 2281 251 48 Gleichfalls
545 2284 137 48 schon
722 2286 59 47 im
820 2290 269 64 Frühjahre,
1128 2293 84 48 wie
1253 2293 118 49 diese
1401 2294 236 66 buckelige

138 2357 107 56 Fee,
273 2357 111 64 stieg
413 2357 69 48 die
512 2361 125 62 Oper
666 2363 193 57 Faust,
888 2366 135 48 deren
1052 2370 119 47 Buch
1199 2370 70 47 die
1295 2373 174 45 Herren
1496 2373 140 47 Carre

139 2433 87 46 und
250 2434 189 47 Barbier
467 2436 111 47 nach
604 2438 183 49 Göthe's
818 2444 325 49 unsterblicher
1163 2448 229 64 Dichtung
1415 2453 190 59 vergäng-

137 2509 81 47 lich
247 2510 181 48 zurecht
454 2513 208 62 gemacht
692 2516 168 58 hatten,
891 2520 77 46 mit
997 2521 145 48 Musik
1173 2540 80 30 von
1286 2525 230 47 Gounod
1557 2527 82 46 auf

135 2584 69 48 die
232 2587 141 47 Scene
407 2587 76 48 des
526 2589 214 64 lyrischen
772 2594 234 59 Theaters,
1061 2599 41 45 in
1147 2600 105 46 fünf
1285 2601 142 48 Acten
1547 2619 82 31 von

139 2664 168 45 I*austs
336 2664 484 53 Lebens-Ueberdruss
863 2671 64 52 bis
971 2692 51 29 zu
1068 2676 260 47 Gretchen's
1371 2679 257 63 Apotheose

134 2754 79 31 aus
241 2738 98 48 dem
371 2741 174 47 Kerker
573 2743 43 46 in
638 2744 84 48 den
745 2747 214 58 Himmel,
983 2751 143 47 einem
1151 2754 474 62 optisch-decoralivcn

136 2815 228 58 Gemälde,
392 2817 213 48 wodurch
637 2821 69 48 die
747 2824 214 54 „Stimme
983 2844 80 30 von
1279 2830 76 47 des
1383 2830 242 50 deutschen

134 2891 227 48 Dichters:
402 2895 98 53 „Sie
529 2895 52 48 ist
881 2902 83 47 den
992 2903 322 51 französischen
1337 2908 290 48 Zuschauern

133 2968 188 47 deutlich
352 2971 208 61 gemacht
588 2974 124 48 wird.
748 2978 96 46 Der
870 2979 215 48 Referent
1114 2982 117 47 eines
1262 2983 196 56 hiesigen
1490 3001 135 38 ange-

1374 3027 25 20 O
1550 3030 25 18 O

131 3044 193 48 sehenen
347 3046 181 58 Blattes,
559 3050 211 64 übrigens
799 3053 69 48 ein
892 3056 104 46 sehr
1019 3060 342 46 unterrichteter
1390 3060 89 48 und
1510 3062 112 46 auch

133 3121 76 46 mit
237 3121 78 47 der
342 3121 240 51 deutschen
611 3127 230 50 Literatur
880 3133 120 46 nicht
1034 3151 111 46 ganz
1187 3135 314 49 unbekannter
1524 3139 66 46 Mu-

131 3197 132 58 siker,
291 3205 97 57 sagt
414 3200 105 46 sehr
546 3203 126 48 naiv:
724 3208 195 52 „Ausser
947 3209 175 65 einigen
1152 3212 471 50 unbedeutenden

129 3274 332 63 Aenderungen
490 3278 95 47 sind
614 3279 70 48 die
712 3283 177 48 Herren
922 3286 139 47 Carre
1089 3287 91 48 und
1213 3289 187 47 Barbier
1429 3290 193 49 Göthe'n

130 3350 163 48 Schritt
322 3352 73 46 für
423 3352 164 49 Schritt
614 3357 169 65 gefolgt
819 3360 91 48 und
940 3362 148 48 haben
1115 3364 90 48 sich
1236 3365 140 48 damit
1406 3366 217 65 begnügt,

131 3426 68 47 die
253 3427 495 65 philosophischen
790 3436 242 50 Tiraden
1084 3457 52 30 zu

133 3504 117 55 Nun,
279 3504 95 47 eine
403 3504 142 48 dieser
1056 3516 336 64 Aenderungen
1425 3520 54 47 ist
1505 3538 33 29 z.
1569 3521 51 47 B.

131 3578 85 56 die,
257 3579 97 47 dass
384 3583 26 44 V
424 3589 96 39 aust
557 3585 77 47 mit
675 3586 80 47 der
795 3590 430 64 verhängnissvollen
1256 3596 159 47 Schale
1455 3596 45 47 in
1542 3596 80 48 der

131 3654 132 48 Hand
293 3655 138 49 durch
461 3657 67 47 ein
557 3659 237 52 fröhliches
815 3666 408 50 Hoboestückchen
1246 3688 98 30 zum
1368 3672 155 48 Leben
1545 3692 50 28 zu-

127 3731 301 63 rückgeführt
456 3733 125 58 wird,
623 3747 164 40 anstatt
821 3741 141 49 durch
992 3742 85 49 den
1109 3746 121 47 Chor
1258 3764 71 30 am
1361 3749 231 47 Ostermor-

128 3824 107 46 gen:
275 3809 176 55 „Christ
479 3810 52 46 ist
985 3821 172 47 Ferner
1194 3822 53 47 ist
1287 3824 222 49 Gretchen
1548 3843 70 30 am

127 3884 220 63 Spinnrad
377 3887 62 47 als
470 3886 167 58 Vision,
660 3890 69 49 die
759 3894 218 64 Mephisto
1008 3896 101 48 dem
1139 3899 139 47 Faust
1305 3901 129 63 zeigt,
1463 3902 41 46 in
1535 3902 85 48 den

127 3967 144 41 ersten
301 3963 83 46 Act
412 3970 206 50 versetzt;
658 3967 61 48 sie
760 3969 115 64 singt
901 3988 136 48 sogar
1064 3974 71 47 ein
1164 3974 192 49 deutlich
1386 3979 207 47 vernehm-

127 4036 130 49 bares
286 4038 107 49 Lied
423 4039 43 48 in
494 4040 145 48 dieser
666 4045 311 68 Erscheinung
1018 4049 186 65 (gerade
1241 4053 84 47 wie
1357 4052 87 50 <ler
1471 4056 152 48 Tenor

1735 309 155 46 Helios
1918 309 43 47 in
1985 310 344 69 Herculanum),
2358 333 52 30 zu
2435 316 154 49 dessen
2613 319 193 48 Melodie
2832 319 68 49 die
2933 320 202 49 Violinen
3166 322 76 50 das

1734 385 100 45 Rad
1864 385 184 57 drehen,
2093 389 139 46 Harle
2275 391 88 47 und
2406 394 184 46 Hörner
2631 396 97 47 eine
2760 397 234 64 mystische
3026 399 214 65 Färbung

1731 461 162 62 geben,
1935 462 90 46 und
2068 464 84 46 mir
2185 481 49 31 so
2276 474 137 41 etwas
2454 470 83 47 wie
2578 472 145 46 Franz
2753 473 226 47 Schubert
3020 473 131 48 dabei
3193 476 42 47 in

1732 536 84 47 den
1846 536 106 47 Sinn
1985 538 117 48 kam.

1844 612 281 49 Auerbachs
2147 617 153 47 Keller
2328 619 53 46 ist
2403 619 41 47 in
2469 621 126 46 einen
2622 621 136 48 freien
2781 625 138 53 Platz,
2950 626 128 46 einen
3102 626 105 47 Lust-

1729 695 84 48 ort,
1843 689 289 57 verwandelt,
2175 692 83 47 wie
2295 694 116 48 denn
2445 696 256 66 überhaupt
2739 699 71 47 die
2838 701 142 45 Scene
3010 701 80 47 der
3118 703 84 63 Spa-

1726 764 235 64 zirgänger
1990 783 76 29 vor
2093 767 85 47 den
2210 770 182 48 Thoren
2435 773 79 47 mit
2542 772 80 47 der
2650 776 141 46 Scene
2819 776 41 46 in
2892 776 99 47 dem
3024 778 209 65 leipziger

1726 840 153 48 Keller
1893 847 489 60 zusammengeworfen
2402 848 125 48 wird.
2552 850 211 47 Soldaten
2782 852 165 63 spielen
2971 853 69 46 die
3059 854 146 64 Haupt-

1727 916 109 47 rolle
1865 916 156 57 dabei;
2070 920 61 46 als
2161 920 80 47 der
2274 923 136 48 Wein
2452 926 149 47 Feuer
2639 927 174 63 sprüht,
2852 928 153 46 ziehen
3047 929 61 47 sie
3144 930 85 48 den

1728 993 174 62 Degen,
1932 993 190 65 dringen
2152 998 82 45 auf
2257 999 221 64 Mephisto
2507 1002 85 47 ein.
2647 1004 95 45 Der
2770 1004 171 47 schützt
2970 1006 90 46 sich
3091 1005 140 49 durch

1726 1069 283 48 Blendwerk.
2039 1072 71 46 Da
2141 1073 183 48 merken
2354 1075 70 48 die
2453 1077 200 64 tapferen
2677 1079 209 64 Krieger,
2918 1080 80 47 mit
3027 1098 114 31 wem
3172 1084 61 46 sie

1724 1160 45 30 es
1796 1162 53 29 zu
1879 1146 110 46 thun
2022 1147 163 57 haben,
2231 1150 167 49 kehren
2434 1152 96 48 ihre
2559 1154 259 48 Schwerter
2847 1173 74 30 um
2960 1156 91 47 und
3081 1158 149 48 halten

1722 1220 90 47 ihm
1844 1220 70 48 die
1944 1222 140 48 Griffe
2112 1224 42 46 in
2185 1226 316 49 Kreuzesform
2544 1237 245 57 entgegen;
2831 1230 200 66 zugleich
3074 1234 154 64 singen

1721 1296 61 47 sie
1810 1297 75 47 ihn
1916 1298 78 47 mit
2022 1299 145 48 einem
2198 1303 164 48 Choral
2394 1305 76 47 an!
2523 1307 94 46 Das
2660 1307 118 47 halte
2821 1307 78 47 der
2929 1310 156 46 Teufel
3123 1312 106 46 aus!

1721 1374 221 63 Mephisto
1985 1374 160 49 erbebt
2187 1378 91 47 und
2315 1381 114 47 steht
2468 1380 57 49 da
2554 1382 84 47 wie
2668 1383 68 46 ein
2769 1383 272 64 begossener
3069 1386 157 48 Pudel.

1721 1450 70 46 Da
1821 1467 48 29 er
1896 1467 48 31 so
1986 1452 131 63 lange
2160 1453 179 50 bleiben
2382 1473 136 40 muss,
2563 1458 66 48 bis
2667 1458 70 49 die
2767 1461 135 47 Kerle
2944 1461 85 47 den
3061 1462 168 48 Choral

1718 1541 313 50 ausgesungen
2064 1529 164 57 haben,
2270 1548 48 32 so
2358 1532 191 65 begreift
2589 1552 101 29 man
2721 1536 136 53 nicht,
2900 1554 174 31 warum
3105 1538 119 49 diese

1717 1602 120 46 nicht
1865 1603 126 48 ihren
2022 1605 106 64 Sieg
2158 1606 235 59 benutzen,
2430 1611 74 45 ihn
2537 1611 170 63 packen
2738 1613 89 47 und
2859 1620 131 40 unter
3017 1614 207 49 sicheren

1719 1677 259 50 Verschluss
2008 1682 209 49 nehmen.
2256 1685 169 48 Sobald
2456 1688 61 45 sie
2549 1687 130 64 fertig
2707 1689 113 54 sind,
2849 1689 109 49 läuft
2986 1708 48 29 er
3064 1690 158 50 davon.

1715 1754 91 47 Das
1832 1755 113 47 Volk
1975 1757 117 65 singt
2121 1759 91 47 und
2241 1768 134 49 tanzt,
2405 1763 69 47 ein
2506 1763 239 49 deutscher
2770 1766 184 47 Walzer
2984 1767 104 47 darf
3103 1768 121 47 nicht

1713 1830 159 49 fehlen.

1827 1909 94 46 Der
1949 1909 132 49 dritte
2105 1911 84 48 Act
2218 1913 91 48 hält
2336 1915 89 47 sich
2459 1933 203 46 genauer
2684 1935 55 29 an
2766 1919 161 48 Göthe.
2959 1921 263 47 Gretchen's

1709 1982 215 59 Zimmer,
1954 1985 77 49 das
2060 1989 458 61 Schmuckkästchen,
2548 1994 81 47 der
2650 1995 278 65 Spazirgang
2950 1996 58 46 im
3035 1997 186 56 Garten,

1712 2058 77 48 das
1824 2062 431 67 Wechselgespräch
2300 2067 81 49 der
2420 2069 157 57 Liebe,
2619 2070 78 47 das
2739 2072 54 46 ist
2833 2073 106 46 alles
2981 2072 71 48 da.
3095 2073 126 48 Aber

1711 2152 111 45 ganz
1845 2137 116 48 ohne
1978 2142 358 48 Lächerlichkeit
2359 2145 104 46 darf
2485 2162 45 30 es
2552 2146 121 48 nicht
2694 2147 231 63 abgehen;
2956 2147 263 66 desswegen

1711 2212 149 48 hatten
1885 2215 70 48 die
1977 2216 287 50 Librettisten
2289 2220 83 47 den
2398 2222 178 54 Einfall,
2608 2223 127 46 einen
2761 2240 110 46 ganz
2894 2225 172 63 jungen
3090 2226 97 47 Men-

1707 2290 151 55 schen,
1900 2291 85 48 den
2022 2293 96 48 eine
2147 2296 219 63 Sängerin
2405 2297 215 58 darstellt,
2662 2300 315 57 einzuführen,
3020 2300 81 49 der
3142 2302 76 47 für

1708 2364 224 51 Gretchen
1955 2370 265 49 schwärmt!
2253 2373 99 47 Und
2377 2375 83 47 wie
2484 2375 149 47 haben
2655 2376 61 47 sie
2739 2377 74 46 ihn
2838 2379 230 62 genannt?
3099 2378 87 48 Sie-

1707 2440 108 49 be!!
1844 2460 131 48 sage:
2004 2447 148 47 Siebel

2133 2538 78 34 will
2238 2550 71 23 von
2337 2540 149 35 keinem
2514 2540 143 36 Grusse
2685 2542 146 43 wissen,

2006 2603 68 34 Als
2102 2604 58 35 ihr
2188 2605 58 35 die
2274 2608 158 35 Fenster

1814 2674 65 47 Im
1904 2674 165 48 vierten
2095 2677 85 47 Act
2204 2679 166 47 wieder
2398 2680 69 47 ein
2490 2680 344 56 Soldatenchor,
2864 2683 210 49 Valentin
3097 2686 114 49 wird

1701 2751 234 47 erstochen
1978 2752 89 47 und
2112 2754 173 48 kanzelt
2325 2758 200 46 nachher
2558 2759 122 47 seine
2722 2760 255 48 Schwester
3019 2763 43 45 in
3104 2764 106 47 sehr

1698 2826 310 66 langweiliger
2038 2830 193 48 Melodie
2260 2831 75 55 ab,
2364 2832 70 49 die
2463 2834 168 48 Kirche
2659 2834 57 47 im
2749 2836 344 65 Hintergründe
3122 2838 63 49 öff-

1700 2911 75 40 net
1800 2904 91 48 sich
1923 2921 80 31 von
2032 2906 139 50 selbst
2196 2907 143 50 durch
2370 2910 69 47 ein
2469 2911 272 47 Kunststück
2773 2912 76 47 des
2873 2914 335 59 Maschinisten,

1700 2981 224 47 Gretchen
1956 2981 136 58 betet,
2135 2984 82 48 der
2247 2986 107 47 böse
2384 2987 139 55 Geist,
2565 2987 96 47 hier
2690 2990 225 63 Mephisto
2953 2991 43 47 in
3027 2992 183 64 eigener

1700 3057 184 56 Person,
1926 3057 137 50 brüllt
2105 3061 68 46 ihr
2210 3062 121 47 seine
2363 3064 238 48 Vorwürfe
2633 3066 79 46 mit
2741 3066 292 50 furchtbaren
3064 3070 120 47 Gesti-

1696 3133 253 49 culationen
1979 3152 90 31 vor.
2126 3137 145 50 Dabei
2303 3140 164 47 Choral
2519 3140 87 48 und
2652 3141 78 48 das
3118 3146 90 48 und

1696 3208 203 50 dennoch
1931 3210 129 49 keine
2090 3213 435 66 Wirkung-—nicht
2554 3217 163 49 einmal
2749 3220 75 46 für
2853 3220 70 48 die
2953 3221 200 48 Pariser!

1808 3287 186 56 Zuletzt,
2018 3288 58 47 im
2104 3291 174 47 fünften
2295 3293 130 54 Acte,
2452 3293 326 50 Hexensabbat
2800 3297 80 46 auf
2899 3296 100 48 dem
3026 3300 156 47 Blocks-

1696 3362 124 65 berg.
1877 3365 139 47 Faust
2055 3366 118 65 singt
2214 3368 70 47 ein
2314 3368 247 50 Trinklied.
2614 3373 112 46 Zum
2758 3373 181 49 Schluss
2968 3376 144 47 Scene
3147 3376 59 47 im

1696 3439 190 56 Kerker,
1917 3442 84 47 wie
2030 3442 117 48 oben
2177 3445 139 47 schon
2344 3447 218 47 erwähnt.
2646 3450 91 45 Das
2761 3448 54 49 ist
2840 3452 139 46 Faust
3000 3452 41 46 in
3069 3453 137 47 Paris.

1810 3517 192 48 Gounod
2031 3520 70 55 ist,
2149 3522 85 47 wie
2274 3522 84 47 wir
2393 3523 137 47 schon
2570 3525 63 47 oft
2676 3523 220 52 berichtet
2924 3523 166 61 haben,
3132 3530 70 47 ein

1695 3592 276 66 Componist,
2012 3596 80 48 der
2134 3598 58 47 im
2225 3600 186 48 Grunde
2439 3617 272 47 genommen
2753 3603 99 47 eine
2892 3612 149 41 ernste
3071 3606 108 48 Rich-

1692 3676 112 57 tung
1832 3671 204 64 verfolgt,
2079 3673 270 66 wenigstens
2391 3676 76 47 für
2507 3677 130 47 einen
2669 3678 325 51 französischen
3026 3683 150 64 Opern-

1692 3744 229 50 schreiber
1951 3747 80 48 der
2055 3751 290 63 Gegenwart.
2401 3753 65 46 Er
2495 3753 75 47 hat
2600 3754 114 47 auch
2746 3757 175 57 Talent,
2958 3757 247 51 besonders

1695 3822 75 47 für
1797 3823 507 58 Instrumentalsachen;
2347 3828 79 48 das
2455 3829 245 49 Orchester
2737 3832 55 48 ist
2829 3834 115 47 auch
2975 3836 58 47 im
3062 3837 143 47 Faust

1693 3898 248 67 durchweg
1969 3911 82 56 gut
2079 3903 260 57 behandelt,
2383 3906 255 49 manchmal
2683 3908 336 52 überraschend
3047 3913 156 56 schön,

1693 3974 200 52 obschon
1923 3994 55 32 an
2002 3978 198 50 anderen
2224 3982 168 47 Steilen
2416 3983 168 48 freilich
2614 3986 168 48 wieder
2810 3988 142 48 nichts
2981 3989 64 49 als
3066 3991 136 47 Lärm

1692 4068 53 32 zu
1775 4052 142 49 hören
1945 4054 67 50 ist.
2041 4057 124 47 Alles
2186 4055 80 50 das
2288 4057 111 49 aber
2419 4059 172 50 schützt
2612 4061 74 49 ihn
2708 4062 122 49 nicht
2850 4081 80 32 vor
2958 4064 101 50 dem
3090 4066 84 48 hau-
