3424 4389
1666 194 65 50 77

167 318 138 49 sehen
339 320 89 47 und
458 320 163 65 gehört
656 320 184 50 worden
875 324 111 50 sind.
1033 328 80 47 Als
1142 329 156 47 Osmin
1327 332 59 46 im
1414 331 250 59 Belmonte,

167 394 255 65 Leporeilo,
450 398 166 61 Figaro
639 412 83 32 von
745 398 172 48 Mozart
938 402 90 47 und
1051 404 190 56 Rossini,
1268 406 167 64 Caspar
1457 407 57 47 im
1540 409 100 46 Frei-

165 470 152 49 schütz
360 472 92 47 und
492 472 233 47 ähnlichen
755 475 207 49 Partieen
1005 479 152 47 feierte
1198 497 48 29 er
1275 482 262 63 Triumphe,
1579 484 85 49 wie

165 546 61 47 sie
254 548 140 45 selten
423 548 144 45 einem
586 549 213 47 Künstler
827 552 42 45 in
899 553 196 58 gleicher
1115 555 154 47 Weise
1300 558 240 61 geworden
1570 560 90 47 und

167 623 132 56 allen,
341 623 71 47 die
452 624 78 46 ihn
571 624 43 47 in
652 627 145 46 seiner
822 629 248 48 Blüthezeit
1099 633 80 44 auf
1211 632 78 47 der
1319 634 157 47 Bühne
1505 637 161 62 gehört

165 696 168 56 haben,
375 700 329 62 unvergesslich
746 703 237 63 geblieben
1023 705 110 49 sind.
1188 707 103 47 Und
1333 726 130 30 wenn
1514 727 47 30 er
1608 729 56 30 an

165 774 145 47 einem
341 774 191 48 Abende
571 775 142 51 durch
755 779 150 48 seinen
934 781 122 47 Alles
1094 781 79 47 mit
1200 783 92 47 sich
1322 784 342 51 fortreissenden

165 851 182 47 Humor
375 850 79 47 das
483 853 235 48 Publicum
747 856 64 46 als
839 856 166 64 Figaro
1034 858 206 48 entzückt
1268 860 109 47 oder
1405 863 62 45 als
1496 861 169 65 Caspar

164 926 43 47 in
237 926 71 47 die
336 934 417 60 entgegengesetzte
775 933 257 63 Stimmung
1059 941 186 41 versetzt
1273 936 136 58 hatte,
1438 954 47 31 so
1513 939 152 63 spielte

165 1018 49 30 er
242 1018 72 30 am
344 1004 197 48 anderen
573 1008 125 60 Tage
725 1006 87 48 den
849 1009 312 63 treuherzigen
1190 1011 125 47 Hans
1343 1029 82 31 von
1456 1014 208 48 Kottwitz

167 1077 43 47 in
239 1079 178 47 Kleist's
445 1081 186 47 Prinzen
661 1098 84 30 von
772 1082 262 65 Homburg,
1063 1085 110 48 oder
1200 1086 83 49 den
1308 1089 134 47 Pater
1462 1090 201 50 Lorenzo

165 1154 44 47 in
249 1154 351 66 Shakespeare's
643 1160 173 46 Romeo
846 1159 92 47 und
976 1161 119 47 Julia
1139 1164 78 45 mit
1251 1164 195 63 gleicher
1482 1166 154 47 Vollen-

163 1230 141 65 dung,
333 1232 80 46 mit
441 1234 197 62 gleicher
668 1235 248 65 Wirkung,
946 1237 78 47 mit
1052 1239 195 63 gleicher
1269 1241 211 65 Hingabe
1508 1259 56 32 an
1593 1244 70 48 die

164 1307 202 62 gestellte
389 1308 213 65 Aufgabe
626 1310 91 47 und
738 1312 80 46 mit
839 1312 195 64 gleicher
1057 1316 211 64 Achtung
1297 1334 76 30 vor
1401 1317 80 49 der
1500 1320 163 57 Kunst,

164 1382 118 47 ohne
305 1383 46 64 je
380 1385 113 45 nach
525 1385 99 47 dem
649 1387 183 47 Beilalle
860 1387 80 48 der
962 1390 162 65 Menge
1152 1409 52 29 zu
1233 1409 171 48 ringen.
1432 1396 48 45 In
1505 1395 159 47 kurzer

163 1460 98 47 Zeit
287 1460 144 47 zählte
460 1476 50 31 er
536 1461 71 48 die
638 1461 352 52 bedeutendsten
1019 1467 189 49 Männer
1236 1470 222 47 Breslau's
1495 1489 51 29 zu
1578 1472 62 46 sei-

163 1552 89 31 nen
305 1537 213 47 nächsten
572 1540 259 57 Freunden,
905 1542 90 47 und
1062 1546 271 47 namentlich
1399 1549 262 47 vermittelte

160 1613 214 56 Schall,
422 1613 95 57 der,
562 1617 263 47 ausserhalb
874 1617 79 48 der
1000 1621 160 48 Bühne
1207 1622 202 56 stehend,
1457 1623 202 49 dennoch

159 1689 131 47 einen
319 1691 292 63 Mittelpunkt
654 1693 77 47 für
771 1695 226 57 Gelehrte,
1046 1698 228 47 Literaten
1316 1700 90 47 und
1447 1701 216 47 Künstler

160 1764 171 65 abgab,
375 1766 104 48 bald
520 1768 120 48 seine
681 1770 166 48 nähere
893 1772 352 50 Bekanntschaft
1296 1775 77 47 mit
1413 1776 246 57 Braniss,

163 1843 272 57 Steffens,
473 1861 103 32 von
610 1847 269 57 Raumer,
921 1865 99 33 von
1058 1850 93 48 der
1186 1852 192 64 Hagen
1419 1852 90 47 und
1538 1853 123 47 einer

158 1936 184 48 grossen
372 1921 111 47 Zahl
508 1922 221 65 jüngerer
756 1924 190 49 Männer
986 1942 84 32 von
1108 1927 345 48 künstlerischer
1482 1928 147 49 Bedeu-

157 2003 124 59 tung.
338 1997 159 48 Neben
540 2001 147 45 seiner
723 1999 270 68 vielseitigen
1021 2003 257 64 Thätigkeit
1306 2021 54 30 an
1391 2003 79 48 der
1498 2006 161 47 Bühne

157 2072 123 48 hatte
309 2074 296 49 Mosewius
635 2076 167 63 jedoch
831 2078 71 47 nie
931 2079 99 47 eine
1057 2079 227 64 Richtung
1312 2081 239 57 verlassen,
1580 2082 80 47 der

158 2166 49 29 er
235 2149 92 47 sich
362 2166 84 30 von
485 2149 102 48 dem
623 2153 172 62 Beginn
836 2154 145 46 seiner
1023 2156 336 47 musicalischen
1387 2157 186 48 Studien
1604 2175 55 30 an

158 2225 79 46 mit
264 2225 138 46 Ernst
431 2225 89 47 und
549 2227 218 48 Interesse
797 2229 262 64 gewidmet:
1096 2231 80 47 der
1204 2233 238 46 Kenntniss
1470 2232 78 48 der
1576 2233 54 48 hö-

155 2300 139 49 heren
324 2303 259 61 geistlichen
611 2304 149 47 Musik
789 2305 89 47 und
907 2305 100 49 dem
1038 2307 207 48 Studium
1275 2308 78 47 der
1383 2309 264 49 Geschichte

157 2378 251 48 derselben.
438 2380 150 58 SQhon
618 2380 44 47 in
689 2382 290 64 Königsberg
1009 2401 94 30 war
1132 2401 48 30 er
1207 2384 80 48 mit
1315 2385 122 47 Eifer
1458 2385 200 64 Mitglied

155 2455 121 47 eines
305 2457 396 64 Gesang-Vereins
731 2476 207 47 gewesen
986 2460 91 47 und
1113 2460 120 49 hatte
1268 2460 70 49 die
1367 2463 151 47 Hörer
1559 2463 101 48 dort

155 2532 142 46 durch
339 2533 152 47 seinen
522 2534 198 64 Vortrag
764 2535 266 49 kirchlicher
1058 2538 432 62 Gesangs-Partieen
1526 2539 104 47 erho-

154 2608 89 49 ben
268 2609 89 47 und
379 2610 218 47 entzückt.
630 2613 47 46 In
706 2612 79 47 das
808 2612 208 48 Studium
1040 2613 144 48 dieser
1207 2614 223 65 Richtung
1460 2615 198 47 vertiefte

154 2702 50 31 er
230 2686 92 47 sich
344 2686 167 65 jedoch
548 2689 43 46 in
625 2689 188 48 Breslau
852 2690 162 47 immer
1054 2692 130 47 mehr
1225 2692 91 47 und
1352 2693 127 47 mehr
1514 2692 140 48 durch

154 2763 70 48 die
266 2764 169 48 nähere
473 2765 350 48 Bekanntschaft
861 2766 79 47 mit
976 2766 101 47 dem
1108 2768 523 64 Ober-Landesgerichts-

151 2840 102 48 rath
295 2858 99 30 von
441 2841 370 56 Winterfeld,
855 2843 100 48 dem
987 2844 144 47 feinen
1174 2844 90 47 und
1306 2845 131 47 tiefen
1474 2846 185 46 Kenner

154 2924 174 41 ernster
365 2918 93 47 und
501 2919 184 63 heiliger
715 2919 163 54 Musik,
920 2920 43 46 in
1002 2920 158 47 dessen
1189 2921 152 46 Hause
1371 2938 49 30 er
1449 2921 78 47 mit
1552 2920 102 48 dem

155 2994 348 48 freundlichsten
536 2996 309 49 Wohlwollen
885 2996 348 65 aufgenommen
1270 2998 173 57 wurde,
1485 3015 75 31 um
1592 2998 64 48 bis

153 3088 53 29 zu
235 3071 167 47 seinem
435 3071 124 49 Tode
600 3073 260 48 demselben
901 3090 86 47 eng
1025 3074 90 48 und
1153 3075 122 62 innig
1317 3075 259 47 verbunden
1604 3093 54 29 zu

155 3147 193 49 bleiben.
403 3149 82 47 Mit
525 3150 245 47 Raumer
812 3150 154 48 führte
1005 3151 76 47 ihn
1123 3150 80 48 der
1241 3151 145 49 Zufall
1425 3159 148 41 zuerst
1612 3153 43 45 in

153 3224 146 48 einem
328 3225 362 65 antiquarischen
712 3225 157 49 Laden
894 3243 276 40 zusammen,
1198 3226 44 48 in
1265 3227 215 47 welchem
1503 3226 153 57 Beide,

153 3301 115 50 nach
299 3302 237 49 Sebastian
565 3302 276 49 Bach'schen
874 3304 207 48 Werken
1114 3304 198 48 suchend
1344 3305 90 47 und
1461 3305 91 47 sich
1581 3306 82 47 auf

154 3380 221 63 gleichem
403 3380 150 63 Wege
581 3379 198 58 findend,
807 3396 85 32 von
913 3380 102 49 dem
1039 3389 146 40 ersten
1208 3382 243 64 Begegnen
1481 3398 55 31 an
1565 3381 90 48 sich

151 3456 45 47 in
225 3456 197 65 innigem
445 3456 208 48 Verkehr
681 3457 274 64 gegenseitig
985 3474 198 47 anzogen
1207 3457 89 47 und
1320 3457 334 49 befreundeten.

153 3534 152 48 Schon
332 3535 62 47 im
421 3535 141 48 Jahre
606 3534 139 49 1819
785 3535 243 63 vereinigte
1063 3551 49 31 er
1138 3535 92 48 sich
1260 3535 79 47 mit
1367 3534 166 48 diesem
1562 3534 93 48 und

151 3626 101 32 von
282 3611 344 48 Winterleid
656 3628 77 30 zur
762 3611 351 65 Veranstaltung
1137 3615 229 61 grösserer
1390 3611 266 47 kirchlicher

158 3687 382 65 Aufführungen;
585 3688 132 47 allein
756 3688 138 47 schon
935 3688 114 47 nach
1091 3688 104 47 zwei
1231 3687 169 48 Jahren
1435 3687 79 47 sah
1554 3705 101 30 man

151 3765 92 48 sich
272 3766 262 56 veranlasst,
563 3765 79 48 das
670 3765 341 48 Unternehmen
1040 3763 168 50 wieder
1236 3763 295 66 aufzugeben.

266 3843 96 47 Das
407 3842 331 48 Theaterleben
786 3843 44 47 in
872 3843 151 47 seinen
1052 3842 353 48 Schattenseiten
1446 3842 94 64 fing
1580 3857 75 40 an,

150 3920 117 47 Mos
280 3920 171 48 ewius
491 3920 163 47 immer
695 3920 356 64 unerträglicher
1089 3937 52 30 zu
1179 3917 197 57 werden,
1419 3917 89 48 und
1537 3917 121 47 seine

150 3992 421 53 Kunst-Ansichten
618 4003 241 58 vertrugen
899 3997 93 47 sich
1033 3996 161 48 immer
1222 3995 197 64 weniger
1457 3995 77 48 mit
1571 3993 85 49 den

151 4073 329 59 Grundsätzen,
510 4073 146 49 denen
686 4072 80 48 der
797 4073 190 49 Pächter
1018 4072 97 64 (seit
1151 4072 157 64 1823)
1341 4071 89 48 und
1458 4071 78 48 das
1565 4072 60 47 Pu-

1735 338 165 48 blicum
1929 338 246 66 huldigten.
2222 343 63 46 Zu
2317 343 176 68 Anfang
2521 347 75 48 des
2623 348 160 47 Jahres
2818 350 138 48 1825
2986 357 88 42 trat
3102 370 47 29 er
3175 355 45 47 in

1736 413 77 48 das
1841 416 281 48 Privatleben
2148 418 166 47 zurück
2345 421 89 47 und
2462 422 336 66 beabsichtigte,
2834 427 218 64 vorläufig
3079 427 142 50 durch

1735 491 394 63 Sing-Unterricht
2168 494 127 46 einen
2326 496 304 49 Schillerkreis
2658 501 88 47 sich
2777 520 52 28 zu
2858 503 251 49 erwerben.
3150 506 72 47 Da

1735 567 92 46 traf
1858 567 75 47 ihn
1956 559 98 55 'der
2096 568 127 47 harte
2261 569 178 66 Schlag,
2486 572 99 47 dass
2622 576 118 45 seine
2774 585 127 39 treue
2942 580 166 54 Gattin,
3151 580 70 47 die

1735 642 168 47 Mutter
1929 643 145 47 seiner
2105 644 101 46 fünf
2230 644 173 49 kleinen
2425 648 186 56 Kinder,
2642 651 109 45 nach
2778 652 176 48 kurzem
2978 654 209 49 Kranken-

1735 717 125 63 lager
1880 718 91 48 ihm
1994 719 140 48 durch
2157 720 85 47 den
2266 722 97 47 Tod
2384 724 212 47 entrissen
2620 727 169 47 wurde.
2815 729 212 49 Dennoch
3044 732 177 48 machte

1735 792 144 48 dieser
1907 795 302 64 Unglücksfall
2251 798 76 46 ihn
2366 798 42 47 in
2443 799 97 48 dem
2572 802 212 48 Vorsatze
2824 804 121 49 nicht
2985 808 236 55 wankend,

1736 868 80 47 der
1837 870 147 47 Kunst
2012 872 142 47 fortan
2182 873 81 46 auf
2284 874 119 46 seine
2425 875 158 47 Weise
2611 894 51 30 zu
2685 878 159 48 dienen
2868 881 91 46 und
2980 882 91 47 sich
3094 884 128 46 einen

1734 961 143 31 neuen
1909 947 372 63 Wirkungskreis
2308 967 49 28 zu
2388 952 230 62 gestalten.
2666 954 64 45 Er
2759 955 119 64 ging,
2917 958 79 46 mit
3037 958 157 48 wirksa-

1738 1037 99 30 men
1872 1021 362 65 Empfehlungen
2279 1027 230 54 versehen,
2549 1028 113 47 nach
2703 1029 150 47 Berlin
2895 1033 90 46 und
3024 1034 198 65 empfing

1733 1113 82 30 von
1846 1096 99 49 dem
1974 1099 201 47 Minister
2214 1099 76 47 des
2321 1101 155 47 Cultus
2515 1119 96 31 von
2656 1105 316 50 Altenstein
3010 1108 70 48 die
3107 1110 85 47 Ver-

1733 1171 238 65 sicherung
1998 1174 192 63 thätiger
2210 1175 154 56 Hülfe,
2388 1193 129 32 wenn
2545 1194 45 31 es
2620 1179 89 47 ihm
2741 1181 202 64 gelänge,
2973 1184 97 46 eine
3090 1185 130 64 Sing-

1734 1248 249 48 Akademie
2011 1250 43 47 in
2082 1251 185 47 Breslau
2305 1269 51 29 zu
2388 1253 278 64 begründen.
2722 1256 81 47 Mit
2841 1259 184 47 Zelter
3066 1262 156 46 wurde

1733 1325 118 47 Rath
1875 1326 236 64 gepflogen
2135 1328 89 47 und
2247 1328 70 48 die
2337 1329 297 65 Einrichtung
2665 1330 89 48 und
2774 1333 215 64 Leistung
3017 1335 80 47 der
3123 1336 75 49 ber-

1735 1400 109 47 liner
1870 1401 249 48 Akademie
2162 1420 147 47 genau
2350 1405 171 48 studirt.
2576 1408 275 48 Demnächst
2886 1411 113 47 nach
3038 1413 184 48 Breslau

1733 1476 374 64 zurückgekehrt,
2147 1481 307 46 versammelte
2492 1482 292 47 Mosewius
2825 1485 119 47 seine
2975 1488 220 63 Gesanges-

1734 1551 185 48 freunde
1948 1552 91 49 und
2068 1552 278 65 begründete
2369 1573 71 30 am
2469 1556 79 48 17.
2571 1559 90 47 Mai
2690 1559 139 49 1825
2859 1561 79 48 mit
2964 1562 124 49 einer
3116 1564 85 48 klei-

1733 1644 86 33 nen
1848 1629 142 48 Schar
2106 1648 86 29 nur
2223 1630 67 48 26
2321 1634 227 47 Personen
2657 1634 70 48 die
2755 1636 307 51 Breslauische
3089 1641 132 64 Sing-

1731 1703 262 50 Akademie.
2041 1707 85 46 Die
2155 1707 397 50 Sommer-Ferien
2580 1710 110 48 aber
2718 1711 178 50 wandte
2925 1731 48 30 er
3000 1731 74 40 an,
3102 1716 119 48 seine

1733 1780 257 49 Vaterstadt
2017 1782 288 65 Königsberg
2335 1783 377 59 wiederzusehen,
2747 1804 70 32 wo
2858 1805 48 31 er
2931 1792 135 46 zwölf
3090 1794 102 45 Gast-

1731 1857 140 47 rollen
1901 1858 105 64 gab,
2045 1876 75 31 um
2149 1860 114 47 noch
2294 1860 69 48 die
2390 1862 186 48 Summe
2603 1880 52 30 zu
2684 1865 253 57 erwerben,
2977 1869 168 47 welche
3173 1886 48 31 er

1733 1933 75 46 für
1835 1933 84 47 den
1948 1935 181 64 Anfang
2157 1937 143 46 seiner
2328 1954 145 31 neuen
2501 1938 248 50 Laufbahn
2775 1942 156 64 nöthig
2959 1943 135 49 hatte.
3128 1946 93 47 Seit

1725 2010 151 62 jenem
1904 2011 208 47 Sommer
2148 2012 76 47 hat
2263 2029 50 30 er
2340 2012 71 48 die
2439 2015 160 48 Bühne
2627 2016 189 63 nirgend
2843 2018 128 47 mehr
3000 2018 217 51 betreten.

1848 2086 235 47 Während
2112 2104 49 30 er
2190 2105 90 29 nun
2309 2087 79 48 der
2409 2090 249 48 Akademie
2680 2092 119 47 seine
2821 2093 193 64 eifrigste
3037 2096 159 65 Thätig-

1731 2159 90 49 keit
1848 2162 225 57 widmete,
2116 2163 278 64 begründete
2434 2182 48 31 er
2517 2167 148 47 neben
2699 2168 235 49 derselben
2963 2172 127 47 einen
3118 2175 78 47 Ele-

1731 2238 367 48 mentar-Cursus
2121 2241 75 45 für
2211 2241 141 63 junge
2368 2242 218 48 Mädchen
2609 2243 62 47 als
2688 2244 302 50 Pflanzschule
3015 2248 74 46 für
3104 2250 118 62 jene.

1729 2314 86 46 Am
1847 2322 145 39 ersten
2020 2316 264 64 Jahrestage
2322 2317 121 47 ihrer
2470 2318 195 65 Stiftung
2699 2321 140 47 zählte
2876 2322 69 47 die
2973 2323 249 51 Akademie

1729 2389 136 47 schon
1896 2389 66 49 58
1994 2391 266 63 Mitglieder.
2296 2393 84 46 Am
2415 2393 45 47 8.
2490 2394 125 64 April
2652 2394 136 49 1827
2820 2403 89 41 trat
2933 2399 62 46 sie
3022 2417 100 29 zum
3151 2418 46 30 er-

1729 2473 94 39 sten
1851 2468 118 46 Male
2011 2468 78 46 mit
2126 2469 122 47 einer
2276 2486 182 47 grossen
2486 2471 297 66 Aufführung
2822 2473 76 47 des
2925 2476 182 49 Messias
3144 2479 78 47 mit

1729 2543 536 66 Orchester-Begleitung
2293 2547 42 45 in
2364 2545 68 47 die
2463 2547 374 49 Oeffentlichkeit.

1841 2620 49 45 In
1918 2618 255 49 demselben
2201 2622 139 47 Jahre
2368 2629 88 40 trat
2483 2623 97 47 eine
2608 2624 102 46 sehr
2738 2625 205 65 günstige
2972 2627 250 65 Wendung

1730 2695 75 46 für
1832 2697 252 47 Mosewius'
2115 2702 178 43 äussere
2316 2699 203 64 Stellung
2547 2700 85 56 ein,
2662 2702 62 45 als
2754 2717 48 30 er
2830 2704 110 46 nach
2971 2705 250 49 Berner's

1728 2772 124 47 Tode
1899 2772 70 48 die
2011 2774 133 46 Stelle
2186 2775 62 46 als
2285 2775 298 47 Musiklehrer
2625 2793 56 31 an
2719 2777 79 48 der
2826 2779 265 50 Universität
3128 2783 92 48 und

1729 2848 204 47 Director
1971 2848 75 47 des
2087 2849 283 65 königlichen
2406 2852 343 48 akademischen
2777 2854 195 48 Instituts
3014 2857 76 47 für
3121 2859 75 46 Kir-

1728 2925 260 46 chenmusik
2037 2926 169 47 erhielt.
2261 2928 189 47 Freilich
2496 2929 164 47 konnte
2700 2947 102 30 man
2839 2948 45 29 es
2920 2933 44 46 in
3005 2935 219 61 gewissen

1728 3000 186 47 Kreisen
1945 3001 113 47 noch
2088 3003 159 47 immer
2275 3004 119 46 nicht
2423 3003 310 58 überwinden,
2764 3005 98 48 dass
2892 3006 79 49 der
2992 3009 228 60 Künstler,

1728 3076 156 49 dessen
1912 3079 236 62 Leporeilo
2180 3097 101 30 man
2310 3081 82 46 auf
2422 3080 79 47 der
2530 3081 159 47 Bühne
2732 3083 179 48 belacht
2952 3085 137 57 hatte,
3131 3106 90 30 nun

1728 3160 144 41 ernste
1901 3154 92 46 und
2021 3154 161 65 heilige
2210 3156 146 46 Musik
2387 3156 256 49 aufführte!
2674 3158 124 47 Aber
2827 3160 63 46 als
2919 3177 70 30 am
3023 3160 44 50 3.
3093 3164 128 62 April

1734 3229 140 48 1830
1904 3229 71 48 die
2004 3231 296 65 Aufführung
2336 3231 80 47 der
2455 3234 483 48 Passions-Musik
2977 3238 114 48 nach
3119 3239 102 48 dem

1725 3306 295 64 Evangelium
2050 3309 225 47 Matthäus
2303 3325 82 32 von
2422 3310 40 47 J.
2492 3310 117 48 Seb.
2639 3313 141 45 Bach
2822 3313 116 47 Statt
2977 3315 241 62 gefunden,

1726 3390 319 41 verstummten
2075 3385 105 62 jene
2209 3386 216 46 Stimmen
2464 3387 197 63 gänzlich
2704 3404 76 30 vor
2816 3387 79 49 der
2923 3390 297 64 allgemeinen

1728 3460 339 63 Anerkennung
2107 3461 80 47 der
2238 3462 286 63 Tüchtigkeit
2563 3462 79 47 der
2683 3464 247 48 Akademie
2972 3467 92 46 und
3105 3469 120 48 ihres

1725 3536 243 47 Directors.
1997 3537 62 46 Es
2088 3553 94 31 war
2210 3536 92 48 dies
2331 3537 68 47 die
2427 3539 153 47 zweite
2603 3539 297 66 Aufführung
2930 3541 76 47 des
3027 3544 195 48 Werkes

1728 3612 41 47 in
1799 3628 205 31 unserem
2032 3614 334 54 Jahrhundert;
2411 3614 68 48 die
2521 3621 113 41 erste
2676 3616 122 47 hatte
2825 3617 51 47 F.
2907 3619 317 50 Mendelssohn

1726 3690 43 47 in
1799 3690 149 47 Berlin
1978 3706 71 31 am
2084 3691 79 47 11.
2194 3691 120 47 März
2351 3690 137 49 1829
2519 3694 298 49 veranstaltet.

1842 3767 94 45 Aus
1976 3765 99 47 dem
2120 3766 159 47 immer
2318 3767 185 47 tieferen
2531 3767 221 48 Einleben
2793 3770 42 45 in
2876 3770 85 48 den
2989 3772 106 47 Sinn
3133 3774 87 47 und

1730 3841 121 48 Geist
1877 3842 158 47 Bach's
2064 3842 107 64 ging
2199 3843 251 47 Mosewius'
2487 3845 596 54 „musicalisch-ästhetische
3100 3850 91 47 Ana-

1729 3920 87 64 lyse
1844 3918 79 47 der
2444 3921 178 57 hervor,
2652 3921 70 48 die
2749 3925 196 63 zwanzig
2964 3926 136 47 Jahre
3122 3931 72 58 spä-

1728 4003 68 40 ter
1824 3995 215 48 erschien.
2069 3996 71 47 Sie
2172 3996 229 48 bekundet
2429 3997 74 47 ihn
2534 3998 62 47 als
2625 4000 127 47 einen
2777 4000 78 47 der
2877 4005 199 58 grössten
3098 4003 90 46 Ken-

1729 4089 80 31 ner
1848 4071 269 48 Bach'scher
2158 4072 147 48 Musik
2355 4072 91 50 und
2488 4073 164 49 sichert
2697 4076 91 47 ihm
2834 4076 68 47 ein
2948 4077 272 47 ehrenvolles
