3083 4127
147 4014 45 21 146

143 134 138 57 Der
307 134 179 57 Geist
514 133 116 57 der
650 131 321 59 Umwand-

142 217 157 71 lung
343 216 66 57 in
456 214 122 59 der
622 213 360 60 bildenden

140 299 219 56 Kunst

139 396 147 29 Vlatislav
307 395 129 28 Hofman

198 463 169 31 Organisch
394 462 59 28 und
477 462 323 32 entwicklungsmäßig
826 463 28 27 in
880 461 55 29 das
960 468 44 21 mo-

141 512 95 29 derne
255 512 102 28 Milieu
378 510 287 30 hineinzuwachsen
686 512 145 29 bedeutet
851 510 173 29 bestimmte

140 561 228 32 zweckmäßige
402 560 286 33 Notwendigkeiten
723 562 129 31 spontan
887 567 38 21 zu
959 566 44 21 um-

137 611 112 29 fassen.
289 610 83 29 Nach
394 610 53 28 der
471 609 240 32 Erschütterung
732 617 62 20 von
816 608 109 28 Taines
951 615 54 20 evo-

140 661 251 30 lutionistischem
419 660 254 29 Determinismus
711 661 40 28 ist
788 668 32 19 es
861 658 163 31 allerdings

137 711 87 28 keine
252 710 202 29 Gewohnheit
480 710 95 33 mehr,
602 709 69 29 dem
699 708 101 28 Milieu
826 706 66 30 eine
920 705 104 29 solche

140 760 104 30 Macht
273 760 186 33 beizulegen,
488 760 44 30 als
560 760 39 28 ob
628 769 33 20 es
689 760 54 27 mit
771 759 150 31 gewisser
951 755 54 30 Not-

140 811 185 31 wendigkeit
351 811 48 28 die
426 809 150 34 Richtung
599 808 60 29 und
686 808 58 27 den
769 806 171 29 Charakter
969 806 54 28 des

141 859 243 30 künstlerischen
414 858 160 30 Schaffens
604 858 180 28 bestimmen
816 856 116 28 würde.
983 854 39 28 Es

140 911 39 29 ist
200 910 96 33 wahr,
317 909 59 29 daß
398 909 55 29 das
475 908 101 28 Milieu
598 915 39 20 an
658 906 64 29 sich
746 905 195 29 unbestimmt
964 903 61 29 und

137 959 128 29 formlos
293 961 47 32 ist,
377 959 59 28 wie
464 959 66 27 eine
558 955 206 33 Nebelwolke,
802 962 56 21 aus
884 953 54 30 der
967 960 55 21 nur

140 1010 96 32 einige
281 1009 84 28 mehr
411 1005 287 31 charakteristische
743 1003 179 29 Emotionen
969 1002 54 28 des

138 1060 121 29 Geistes
282 1060 59 27 wie
365 1056 120 31 scharfe
508 1055 118 31 Kanten
651 1054 60 28 und
735 1053 141 29 Strahlen
901 1059 100 25 empor-

139 1110 126 32 steigen,
280 1108 47 28 die
340 1107 74 29 aber
428 1105 151 30 trotzdem
595 1104 83 29 nicht
692 1105 149 31 genügen,
857 1110 51 20 um
923 1102 84 27 inner-

139 1159 68 28 halb
231 1158 52 29 des
306 1157 148 32 geistigen
476 1154 120 29 Milieus
617 1154 48 29 die
687 1152 143 29 Struktur
852 1159 38 21 zu
913 1150 109 29 bilden.

138 1209 81 28 Aber
237 1207 114 32 gerade
369 1207 29 28 in
417 1205 99 30 dieser
536 1202 181 30 Indifferenz
736 1202 72 32 liegt
826 1209 43 25 es,
889 1199 58 29 daß
967 1199 56 28 das

138 1256 219 30 künstlerische
390 1254 102 29 Milieu
524 1254 47 28 ein
604 1251 247 32 zweckmäßiges
884 1248 139 30 Stadium

137 1308 46 28 für
217 1307 48 29 die
289 1305 196 33 Möglichkeit
520 1304 83 28 eines
637 1309 99 22 neuen
762 1298 177 31 Ausdrucks
974 1298 47 28 ist.

137 1357 87 30 Denn
247 1357 47 29 die
315 1355 97 32 Kunst
434 1354 114 29 enthält
569 1354 29 27 in
621 1351 64 30 sich
708 1352 87 28 einen
816 1349 105 31 Drang
944 1345 78 30 nach

137 1406 240 33 Organisierung
406 1404 100 28 dieses
534 1402 236 29 unbestimmten
797 1397 125 33 Stoffes,
949 1395 56 29 ähn-

136 1457 58 29 lich
219 1456 59 28 wie
303 1463 91 21 wenn
420 1455 66 27 eine
512 1449 243 35 philosophische
783 1449 69 28 Idee
880 1446 141 33 entsteht,

136 1507 48 28 die
202 1506 64 28 für
288 1505 150 28 diesen
459 1500 271 34 Augenblick
750 1497 131 30 nützlich
901 1497 40 29 ist
961 1495 60 29 und

136 1557 60 28 ihm
224 1557 65 27 eine
317 1552 246 31 überraschende
601 1550 60 29 und
698 1543 323 35 selbstverständliche

136 1606 149 31 Ordnung
306 1604 146 31 einprägt.
492 1601 103 29 Durch
616 1600 87 28 einen
724 1595 212 32 zweckvollen
957 1595 48 28 ent-

135 1654 312 32 wicklungsmäßigen
470 1651 127 29 Instinkt
621 1648 130 34 geführt,
776 1648 79 28 setzt
877 1644 64 30 sich
967 1643 52 28 der

135 1705 140 31 Künstler
293 1705 29 27 in
338 1703 100 28 dieses
454 1702 139 29 Stadium
610 1701 47 28 ein
676 1699 60 29 und
753 1698 60 29 ruft
830 1699 29 27 in
876 1697 61 28 ihm
954 1697 66 28 eine

135 1755 56 28 Art
219 1752 224 34 magnetischer
473 1751 174 31 Störungen
677 1749 127 31 hervor;
837 1747 83 29 seine
948 1744 55 30 Auf-

136 1804 78 33 gabe
239 1805 37 27 ist
301 1811 42 26 es,
368 1802 55 28 das
447 1800 103 29 Milieu
575 1801 29 28 in
630 1799 54 28 der
709 1797 150 30 formalen
883 1794 138 30 Hinsicht

136 1863 39 19 zu
205 1854 216 32 organisieren,
452 1849 148 30 während
629 1848 58 29 das
718 1846 103 29 Milieu
851 1844 169 30 wiederum

136 1905 49 28 ihn
205 1905 29 27 in
253 1902 95 29 Inhalt
368 1902 61 28 und
447 1898 235 35 Eigenschaften
703 1896 169 30 umändert.

191 1953 56 29 Die
268 1952 158 28 Wahrheit
445 1950 77 29 eben
543 1950 38 28 ist
598 1948 98 33 darin,
717 1946 57 29 daß
795 1945 56 30 alle
872 1943 131 33 Möglich-

135 2004 101 28 keiten
263 2002 53 29 des
342 2009 98 21 neuen
466 1998 178 30 Ausdrucks
670 1997 29 28 in
725 1996 116 29 diesem
866 1994 138 31 bildungs-

135 2053 130 33 fähigen,
285 2060 62 20 von
367 2050 150 32 Energien
538 2047 276 31 durchdrungenen
833 2043 103 29 Milieu
957 2041 65 31 sich

136 2103 150 32 befinden,
311 2103 40 27 im
374 2100 103 29 Milieu
502 2098 98 30 erfüllt
623 2105 63 20 von
710 2095 160 32 Energien,
896 2093 47 28 die
967 2091 53 29 der

135 2152 141 33 Künstler
300 2160 37 19 zu
361 2150 225 30 konsequenter
610 2146 175 32 Harmonie,
810 2142 126 33 System
960 2140 61 29 und

136 2211 54 20 zur
212 2201 233 29 konstruktiven
466 2195 296 32 Vereinheitlichung
783 2194 151 28 benützen
957 2189 64 34 soll,

136 2253 60 28 und
214 2251 58 30 daß
289 2251 97 28 hinter
403 2250 82 28 einer
503 2247 88 32 jeden
608 2243 243 32 künstlerischen
870 2239 151 33 Gebärde,

137 2303 97 28 hinter
255 2302 81 28 einer
356 2299 89 32 jeden
464 2305 98 22 neuen
582 2295 91 29 Form
694 2295 47 28 ein
761 2290 180 31 Triebwerk
962 2287 61 30 und

138 2354 65 27 eine
224 2351 124 29 Summe
367 2357 63 21 von
448 2347 119 32 Dingen
586 2347 47 32 ist,
655 2344 48 29 die
724 2343 47 28 die
791 2340 231 33 gegenwärtige

136 2402 82 28 Welt
236 2401 114 31 bilden;
367 2399 47 28 für
435 2398 47 29 ein
499 2395 161 30 bewußtes
680 2391 190 31 Individuum
889 2390 39 28 ist
948 2387 73 30 aber

137 2451 81 29 wohl
244 2451 48 28 die
317 2448 107 34 größte
449 2446 61 30 und
534 2443 226 31 umfassendste
785 2439 137 31 Sache
950 2437 72 29 der

137 2502 109 28 Welt
270 2501 83 28 seine
377 2496 298 30 Anschauung.

193 2550 62 30 Der
282 2549 263 31 Zusammenhang
572 2548 54 28 mit
653 2546 59 29 den
739 2545 119 32 Dingen
886 2544 54 28 des
965 2542 39 29 Mi-

137 2601 76 29 lieus
228 2602 38 27 ist
282 2600 52 28 der
350 2601 81 27 erste
447 2596 288 31 charakteristische
751 2594 63 33 Zug
831 2594 53 29 der
901 2592 102 29 moder-

139 2658 58 21 nen
223 2649 104 32 Kunst.
373 2648 64 29 Das
463 2656 78 21 neue
567 2646 104 29 Milieu
698 2646 40 28 ist
762 2645 60 28 wie
851 2644 66 28 eine
945 2650 78 21 neue

138 2700 126 33 Region,
286 2699 47 28 die
354 2705 69 21 zum
443 2695 249 31 Durchforschen
713 2693 61 30 und
795 2691 229 30 Durchmessen

135 2749 90 29 lockt.
264 2747 115 30 Sobald
399 2747 55 28 das
475 2745 109 30 Gefühl
604 2744 54 29 des
678 2742 206 29 veränderten
904 2739 121 29 Milieus

136 2799 142 33 entsteht,
303 2797 81 30 stellt
412 2796 64 29 sich
501 2795 97 33 gleich
628 2796 65 28 eine
729 2792 160 32 lebendige
927 2788 76 31 Sehn-

139 2850 89 28 sucht
254 2848 77 30 nach
360 2848 70 29 dem
457 2855 100 21 neuen
585 2845 201 34 Geschmack,
814 2845 79 29 nach
921 2844 102 29 bisher

139 2899 209 32 verborgener
372 2897 92 29 Form
489 2897 62 28 und
575 2895 78 30 nach
678 2896 82 29 einer
786 2902 99 21 neuen
910 2901 95 25 gegen-

139 2949 151 32 wärtigen
313 2948 61 29 und
396 2947 65 29 rein
483 2945 168 30 modernen
674 2944 166 30 Schönheit
861 2944 57 28 ein.
960 2941 63 29 Vor

137 2998 89 28 allem
250 2998 112 27 konnte
388 2996 53 29 der
465 2996 148 29 moderne
637 2994 86 29 Geist
748 2996 54 27 mit
826 2994 99 29 seiner
950 2992 55 29 For-

137 3047 203 34 schungslust,
362 3046 128 30 Schärfe
513 3046 61 28 und
598 3046 115 28 seinem
738 3044 266 32 Durchdringungs-

139 3099 169 31 vermögen
331 3097 83 30 nicht
436 3096 280 33 vernachlässigen,
739 3095 47 29 die
811 3094 195 29 Veränderun-

141 3156 58 24 gen
215 3148 60 28 und
291 3156 98 20 neuen
405 3146 190 30 Situationen
612 3146 216 32 auszunützen,
846 3144 48 29 die
910 3143 47 29 für
976 3142 50 30 ihn

142 3198 180 29 entstanden
339 3196 75 30 sind.
431 3196 64 29 Das
511 3204 98 24 ganze
626 3203 99 21 neuen
740 3194 105 30 Leben
859 3194 40 29 ist
916 3194 91 29 durch-

141 3248 105 31 sättigt
261 3255 62 20 von
336 3246 172 29 Sehnsucht
523 3245 78 29 nach
617 3245 70 29 dem
704 3245 167 29 Geheimen
888 3243 62 28 und
964 3251 62 21 von

142 3297 69 28 dem
230 3296 118 34 Willen,
368 3304 32 21 es
421 3294 245 33 durchdringend
685 3302 37 21 zu
743 3293 147 33 erfassen,
910 3300 67 21 was
997 3293 29 27 in

143 3346 53 28 der
224 3345 224 30 Wissenschaft
476 3346 51 28 auf
551 3347 98 28 einem
677 3345 202 34 mühevollen,
906 3344 103 33 kriege-

143 3395 120 29 rischen
288 3394 98 33 Wege
413 3395 165 34 geschieht,
604 3397 30 27 in
661 3395 53 29 der
741 3393 97 33 Kunst
865 3393 83 35 aber,
977 3392 51 30 auf

143 3445 69 28 dem
233 3444 98 33 Wege
351 3444 53 29 der
425 3444 165 30 Schönheit
610 3445 61 28 und
692 3444 54 29 der
767 3443 148 30 Emotion.

199 3493 57 30 Die
285 3493 146 30 moderne
459 3493 64 31 Zeit
551 3495 40 29 ist
620 3495 97 28 ihrem
747 3493 171 30 Charakter
949 3493 78 29 nach

144 3543 300 30 antinaturalistisch:
482 3545 43 27 sie
550 3544 196 32 überwältigt
771 3544 48 28 die
844 3542 105 35 Natur,
974 3542 36 29 be-

144 3593 146 33 mächtigt
306 3593 64 29 sich
385 3593 81 29 ihrer
483 3594 61 28 und
559 3593 93 29 bildet
668 3594 67 28 eine
750 3592 170 30 künstliche
936 3591 91 33 Welt,

145 3641 48 29 die
218 3642 94 29 durch
348 3642 47 30 die
421 3643 183 32 gewaltigen
630 3642 198 33 Fähigkeiten
861 3643 54 29 des
941 3641 66 30 Men-

145 3691 95 29 schen
261 3692 122 31 geleitet
406 3691 92 33 wird;
523 3693 53 28 mit
600 3692 96 34 allem,
720 3700 68 21 was
812 3692 47 29 bis
883 3693 74 31 jetzt
981 3700 32 21 er-

146 3747 117 25 rungen
289 3740 108 30 wurde
423 3741 54 29 mit
504 3740 53 30 der
585 3740 144 35 Technik,
757 3741 69 29 dem
851 3740 177 30 Scharfsinn

146 3789 60 29 und
226 3789 54 29 der
300 3789 117 35 Praxis,
437 3791 55 28 mit
511 3791 53 28 der
584 3790 170 31 Sicherheit
773 3792 62 28 und
855 3791 158 31 Selbstver-

147 3838 220 35 ständlichkeit,
384 3840 53 29 mit
451 3838 212 36 Kenntnissen,
679 3841 53 28 mit
748 3840 96 30 Härte
859 3841 61 28 und
934 3840 95 35 Kraft,

148 3888 54 28 mit
224 3888 37 28 all
285 3887 70 30 dem
377 3888 107 30 stellen
507 3888 64 30 sich
595 3890 48 29 die
666 3888 169 31 Menschen
858 3898 100 24 gegen
982 3890 48 29 die

148 3937 158 32 angeblich
330 3937 215 30 bedrückende
569 3937 106 32 Macht
700 3939 55 29 des
780 3939 166 32 Schöpfers
970 3939 60 29 und

1103 129 53 29 der
1178 128 103 29 Natur.
1322 128 42 29 So
1386 127 166 30 verändert
1575 127 63 29 sich
1663 125 78 30 auch
1764 127 28 28 in
1815 125 53 29 der
1892 124 97 33 Kunst

1103 179 53 29 der
1183 178 83 34 rohe,
1295 177 243 29 naturalistische
1567 176 172 29 Charakter
1777 174 96 30 durch
1902 175 87 28 einen

1098 229 186 29 wirksamen
1305 227 60 28 und
1386 225 159 30 unendlich
1566 224 87 30 tiefer
1673 223 199 29 arbeitenden
1893 222 94 34 Geist,

1102 278 44 30 als
1172 287 33 20 es
1230 278 47 28 die
1302 277 88 29 bloße
1415 276 245 31 Umschreibung
1684 275 61 28 und
1769 273 221 32 Nachahmung

1103 329 53 28 der
1186 327 211 29 Wirklichkeit
1424 327 29 28 in
1484 325 59 30 den
1572 325 129 32 vorigen
1731 322 153 31 Perioden
1913 330 76 21 war.

1101 378 71 29 Hier
1199 377 140 29 herrscht
1364 377 46 28 ein
1437 375 167 31 mächtiger
1631 373 105 29 Druck
1762 372 54 28 der
1840 372 148 32 geistigen

1101 426 220 33 Prinzipialität
1348 425 61 29 und
1437 423 258 33 Absichtlichkeit,
1724 421 55 29 der
1809 421 59 29 den
1897 419 75 30 deka-

1098 477 111 28 denten
1225 475 152 29 Perioden
1397 482 78 24 ganz
1494 472 59 29 und
1573 472 66 32 egal
1657 470 82 29 fehlt.
1778 470 63 28 Der
1858 468 111 29 Natura-

1099 527 105 28 lismus
1221 525 80 28 weiß
1320 524 65 30 sich
1405 524 54 28 der
1480 521 218 34 Gegenstände
1717 520 82 29 nicht
1820 519 111 29 anders
1951 527 38 20 zu

1101 574 221 33 bemächtigen,
1346 573 44 29 als
1414 572 94 28 durch
1533 571 64 29 ihre
1619 569 230 33 Nachahmung,
1871 567 62 30 fast
1954 576 34 20 so

1101 625 60 28 wie
1189 624 48 28 die
1265 621 221 30 australischen
1515 620 121 29 Wilden
1664 618 141 33 glauben,
1834 616 58 29 daß
1919 623 72 22 man

1100 673 48 30 die
1168 673 90 28 Tiere
1277 666 189 35 nachahmen
1486 672 113 31 müsse,
1620 668 94 29 damit
1733 663 44 32 sie
1795 665 64 29 sich
1877 665 113 32 fangen

1099 724 116 30 lassen;
1240 722 140 31 dagegen
1400 721 41 27 ist
1463 719 49 28 die
1534 716 221 33 Prinzipialität
1787 715 59 28 wie
1870 712 100 31 Mathe-

1100 772 102 33 matik,
1226 771 48 28 die
1297 769 64 30 sich
1384 769 54 29 der
1462 767 102 30 Größe
1587 766 60 29 und
1669 765 55 29 des
1743 762 169 33 Umfanges
1935 762 54 29 der

1099 821 118 32 Körper
1242 818 197 33 bemächtigt,
1463 816 101 29 indem
1588 816 44 28 sie
1658 815 43 29 sie
1727 814 28 27 in
1780 810 209 30 Differentiale

1100 870 117 29 zerteilt
1240 868 61 30 und
1324 868 80 28 dann
1426 868 29 26 in
1479 866 87 28 einen
1589 872 58 21 neu
1670 861 224 30 abstrahierten
1916 859 48 29 Um-

1099 920 72 32 fang
1190 919 167 31 integriert.

1155 976 56 28 Die
1227 974 147 29 moderne
1390 972 98 32 Kunst
1504 971 79 28 wird
1600 969 64 30 sich
1682 967 130 30 anderer
1829 964 161 34 Aufgaben

1099 1025 138 32 bewußt;
1265 1023 45 29 ihr
1337 1023 114 31 genügt
1479 1029 32 21 es
1538 1019 91 33 nicht,
1655 1018 48 28 die
1730 1014 95 31 Natur
1854 1023 38 20 zu
1917 1021 54 20 ver-

1096 1075 135 32 mehren,
1253 1072 96 30 selbst
1371 1079 90 21 wenn
1486 1071 44 28 sie
1554 1068 95 28 durch
1673 1067 55 28 das
1752 1062 237 34 Temperament

1099 1126 54 28 des
1169 1124 159 31 Künstlers
1346 1120 203 30 verschönert
1566 1119 95 32 wäre,
1677 1124 35 22 so
1730 1116 60 28 wie
1809 1114 49 29 die
1875 1112 96 29 Photo-

1099 1174 126 33 graphie
1242 1172 83 29 nicht
1343 1169 154 30 ausreicht
1515 1176 54 21 zur
1588 1169 127 26 inneren
1732 1163 184 30 Erkenntnis
1935 1160 54 30 der

1099 1223 100 30 Sache
1224 1221 60 30 und
1308 1229 35 20 so
1367 1221 60 27 wie
1452 1218 48 29 die
1524 1216 129 33 geistige
1679 1214 144 28 Existenz
1848 1210 60 29 und
1934 1210 55 28 das

1099 1272 117 29 Wesen
1254 1272 82 28 eines
1377 1268 182 29 berühmten
1598 1264 131 29 Mannes
1769 1261 83 33 nich*
1892 1258 96 29 durch

1098 1322 137 28 Bronze-
1280 1319 61 29 und
1387 1315 241 32 Metallabgüsse
1675 1312 99 29 seiner
1822 1308 168 34 populären

1098 1372 95 29 Büste
1213 1368 158 31 vermehrt
1392 1366 137 29 werden.
1571 1363 56 29 Die
1649 1359 200 31 wesentliche
1871 1356 99 29 Verän-

1099 1421 126 32 derung,
1245 1419 47 29 die
1312 1418 30 28 in
1361 1423 132 22 unseren
1513 1413 104 29 Zeiten
1637 1411 48 29 die
1703 1409 97 32 Kunst
1821 1404 168 33 durchlebt,

1098 1472 38 28 ist
1159 1469 125 32 bedingt
1305 1466 95 29 durch
1423 1465 49 29 die
1494 1460 174 32 Sehnsucht
1691 1458 78 30 nach
1793 1457 70 29 dem
1886 1454 83 29 Unbe-

1097 1521 143 31 kannten,
1258 1516 78 30 nach
1355 1522 99 21 neuen
1472 1510 201 32 Eindrücken,
1691 1507 78 29 nach
1788 1507 83 28 einer
1890 1510 99 22 neuen

1097 1568 91 29 Welt.
1235 1566 108 29 Dieser
1373 1562 165 30 innerliche
1567 1559 160 31 Ursprung
1765 1554 131 29 verleiht
1934 1552 54 28 der

1097 1626 99 22 neuen
1219 1616 98 32 Kunst
1341 1615 87 27 einen
1453 1607 262 36 eigentümlichen,
1740 1602 170 31 besonders
1936 1608 35 24 ge-

1096 1667 200 31 fühlsartigen
1312 1661 171 31 Ausdruck.

1153 1723 66 29 Wir
1249 1721 100 29 haben
1379 1718 129 29 Malerei
1538 1715 55 29 des
1625 1711 135 34 Gefühls,
1791 1707 197 31 Architekten

1098 1775 54 28 des
1178 1771 135 33 Gefühls,
1338 1768 61 29 und
1425 1764 282 32 Gefühlsdichtung,
1732 1761 28 27 in
1787 1759 99 28 denen
1911 1755 78 29 allen

1098 1824 55 28 das
1178 1820 109 31 Gefühl
1310 1818 64 30 sich
1400 1816 82 29 nicht
1507 1814 95 29 durch
1629 1812 66 28 eine
1720 1809 173 30 Stimmung
1918 1812 51 21 aus-

1095 1873 117 33 drückt,
1246 1870 133 30 sondern
1414 1865 95 31 durch
1543 1865 66 28 eine
1643 1858 255 31 Unterbrechung
1934 1853 53 29 der

1098 1924 95 33 Ruhe.
1235 1922 56 28 Die
1315 1919 147 29 moderne
1485 1915 98 32 Kunst
1607 1914 39 28 ist
1670 1912 67 28 eine
1761 1908 105 30 starke
1891 1905 78 30 Sehn-

1098 1973 88 30 sucht
1212 1970 78 29 nach
1318 1969 53 28 der
1399 1961 354 35 Ueberwindung
1782 1957 72 29 der
1881 1954 81 33 Rea-

1096 2023 111 29 lität.
1243 2018 103 30 Schon
1363 2014 145 33 dadurch,
1527 2011 58 30 daß
1602 2013 44 26 sie
1664 2006 166 36 prinzipiell
1847 2005 47 32 ist,
1912 2001 77 31 reißt

1097 2072 44 30 sie
1159 2070 64 30 sich
1239 2076 62 21 von
1319 2067 54 28 der
1390 2063 181 31 lebendigen
1590 2059 61 29 und
1667 2057 96 29 rohen
1778 2051 212 32 Wirklichkeit

1096 2122 47 28 los
1164 2119 61 29 und
1247 2117 44 29 ihr
1313 2114 131 31 Streben
1464 2112 73 31 liegt
1558 2117 79 25 ganz
1658 2109 29 27 in
1710 2106 54 29 der
1785 2103 204 29 Umwertung

1099 2170 53 29 der
1180 2167 158 30 massiven
1364 2161 154 34 Dynamik
1546 2159 55 28 des
1625 2156 122 29 Lebens
1775 2154 29 28 in
1834 2152 47 28 die
1908 2149 62 32 Kon-

1099 2218 152 30 struktion
1280 2214 61 29 und
1370 2213 30 28 in
1430 2213 66 28 eine
1527 2206 159 31 abstrakte
1717 2200 195 33 Oberfläche,
1942 2197 48 29 die

1099 2267 95 30 durch
1220 2264 56 30 das
1300 2261 202 31 Durchfluten
1527 2258 54 29 des
1609 2256 122 28 Geistes
1758 2250 118 30 beseelt
1901 2246 89 30 wird.

1098 2317 48 29 Ihr
1176 2311 245 35 schöpferischer
1449 2306 120 31 Prozeß
1595 2307 40 27 ist
1662 2302 238 33 Vergeistigung
1929 2295 61 29 und

1097 2363 225 34 Formgebung,
1340 2361 48 28 die
1403 2357 220 31 Umänderung
1640 2353 54 29 der
1711 2350 84 29 Welt
1810 2350 29 27 in
1857 2347 58 29 den
1933 2344 38 29 Zu-

1094 2414 92 31 stand
1204 2413 53 29 der
1274 2410 147 33 Idealität,
1439 2408 31 28 in
1487 2408 66 27 eine
1571 2403 125 29 Summe
1715 2402 183 27 autonomer,
1914 2394 55 29 For-

1098 2474 80 21 men.
1216 2463 80 29 Aber
1315 2460 96 30 selbst
1432 2458 54 28 das
1506 2455 91 29 Wort
1766 2448 135 34 gewinnt
1923 2446 67 28 eine

1099 2514 115 30 andere
1240 2510 196 30 Bedeutung;
1466 2515 34 21 es
1526 2503 146 30 bedeutet
1700 2499 82 29 nicht
1808 2497 86 29 mehr
1924 2494 66 29 eine

1099 2560 227 34 schmückende
1344 2558 101 32 Form,
1465 2555 80 29 denn
1566 2552 86 30 darin
1671 2550 86 28 wäre
1776 2547 48 28 für
1846 2545 59 28 den
1924 2549 44 22 mo-

1099 2614 116 28 dernen
1233 2610 86 30 Geist
1338 2616 38 21 zu
1393 2605 103 31 wenig
1512 2603 54 29 des
1585 2597 211 32 Praktischen,
1814 2591 176 35 Reinlichen

1096 2662 61 29 und
1176 2656 296 33 Fachmännischen;
1496 2661 33 21 es
1551 2650 146 29 bedeutet
1719 2645 77 29 auch
1819 2644 89 27 keine
1929 2638 40 30 Na-

1099 2712 129 31 turform
1255 2709 58 29 den
1338 2700 330 37 Naturgegenständen
1695 2693 213 34 nachgeahmt,
1936 2690 54 28 der

1099 2759 186 36 physischen
1305 2756 82 29 Welt
1407 2751 208 35 abgelauscht.
1656 2747 56 29 Die
1733 2744 147 30 moderne
1899 2741 91 28 Form

1098 2813 40 27 ist
1162 2806 209 33 sachlich,
1398 2805 43 28 sie
1467 2804 39 28 ist
1531 2800 107 29 weder
1665 2798 67 28 eine
1759 2792 151 31 Imitation
1936 2790 53 28 der

1101 2856 226 35 Gegenstände,
1357 2853 78 30 noch
1465 2854 47 27 ein
1541 2847 128 34 Symbol
1700 2846 53 28 der
1782 2844 109 32 Dinge,
1920 2848 54 22 son-

1100 2909 76 29 dern
1194 2907 45 29 sie
1260 2905 95 30 selbst
1376 2904 57 27 ist
1456 2902 93 28 eine
1571 2897 146 32 Sache,
1740 2895 47 28 die
1811 2893 103 28 davon
1936 2898 36 21 un-

1101 2956 152 33 abhängig
1282 2956 48 32 ist,
1359 2952 39 30 ob
1428 2952 44 29 sie
1500 2945 249 37 irgendwelchen
1778 2943 194 31 Naturgegen-

1100 3006 130 30 ständen
1252 3003 117 29 ähnlich
1391 3001 79 30 sieht
1490 2999 74 30 oder
1585 2997 91 29 nicht.
1734 2994 62 29 Der
1818 2991 173 31 besondere

1101 3055 171 30 Charakter
1298 3053 54 28 der
1376 3051 169 28 modernen
1568 3047 98 32 Kunst
1690 3045 38 29 ist
1754 3044 64 28 also
1842 3041 149 31 teilweise

1101 3105 55 28 das
1175 3102 117 34 Gefühl,
1311 3102 53 28 der
1383 3099 135 30 Zustand
1536 3099 54 28 der
1608 3095 149 33 Emotion,
1775 3093 149 30 teilweise
1944 3092 48 28 ein

1100 3154 102 28 klares
1225 3152 60 28 und
1306 3150 136 30 sicheres
1465 3147 198 30 Bewußtsein
1686 3145 54 28 der
1762 3142 230 33 Prinzipialität,

1101 3203 67 29 eine
1181 3201 175 29 bestimmte
1372 3198 144 30 bewußte
1531 3195 157 31 rationelle
1702 3194 97 32 Logik
1816 3193 54 29 des
1886 3192 89 29 künst-

1100 3251 152 30 lerischen
1277 3249 172 34 Schaffens,
1475 3248 61 29 und
1564 3245 117 31 endlich
1708 3246 48 27 ein
1781 3243 131 33 Wagen,
1938 3241 37 29 Er-

1101 3301 103 29 finden
1220 3300 62 28 und
1296 3299 115 29 Prüfen
1425 3306 63 20 von
1504 3304 99 22 neuen
1620 3293 210 34 Ausdrücken,
1847 3293 48 28 die
1912 3292 80 28 ihrer

1102 3349 129 30 Neuheit
1249 3356 112 25 wegen
1378 3347 131 29 lockend
1529 3346 77 29 sind.
1644 3344 92 29 Diese
1755 3344 65 28 drei
1839 3342 155 29 Faktoren

1103 3399 66 28 sind
1189 3398 47 29 die
1256 3398 179 32 gegebenen
1454 3396 60 28 und
1533 3395 196 29 bestimmten
1748 3392 123 30 Größen
1889 3393 30 27 in
1938 3391 55 28 der

1104 3447 237 29 unbestimmten
1399 3445 168 32 Gleichung
1627 3443 53 30 der
1740 3442 254 33 gegenwärtigen

1099 3495 106 33 Kunst.
1224 3495 55 29 Ein
1299 3495 232 30 unbestimmter
1553 3493 60 30 und
1633 3492 249 30 veränderlicher
1904 3490 90 30 Wert

1104 3547 39 29 ist
1172 3546 47 29 die
1248 3546 72 29 tiefe
1349 3545 194 32 Originalität
1572 3544 54 28 der
1657 3545 103 27 ersten
1789 3541 205 33 Vorstellung,

1105 3596 48 28 die
1177 3596 139 31 geheime
1339 3594 150 33 Wirkung
1514 3594 54 29 des
1593 3593 167 29 modernen
1784 3591 131 34 Milieus,
1940 3591 54 28 der

1101 3645 230 32 grundlegende
1354 3644 128 29 Instinkt
1505 3643 60 29 und
1589 3643 48 28 die
1661 3641 127 30 Gefühle
1813 3643 82 28 einer
1921 3648 54 25 poe-

1105 3695 127 33 tischen,
1252 3703 93 24 sogar
1366 3694 189 33 grübelnden
1576 3692 104 29 Natur.
1719 3689 41 32 Es
1780 3693 39 28 ist
1840 3692 75 33 klar,
1936 3690 59 30 daß

1106 3744 48 29 die
1190 3744 146 29 moderne
1371 3742 97 33 Kunst
1506 3744 47 27 ein
1588 3742 150 32 Komplex
1773 3740 222 30 menschlicher

1106 3793 145 32 geistiger
1272 3792 111 30 Stärke
1406 3800 62 21 von
1491 3791 222 33 ungewohnter
1735 3790 261 33 Kompliziertheit

1103 3842 48 34 ist,
1172 3842 61 28 und
1258 3841 57 29 daß
1340 3842 53 29 der
1427 3842 165 29 innerliche
1616 3841 155 33 Vorgang,
1806 3840 97 29 durch
1936 3839 59 29 den

1107 3893 44 29 sie
1177 3892 142 34 entsteht,
1345 3892 64 29 sich
1435 3892 70 29 sehr
1531 3899 62 21 von
1620 3891 69 29 dem
1715 3890 131 30 leichten
1872 3892 107 28 natura-

1105 3941 156 28 listischen
1284 3941 144 28 Schaffen
1451 3941 236 28 unterscheidet

2124 141 56 28 Die
2209 140 175 32 Grundlage
2414 140 54 29 der
2496 140 167 30 modernen
2690 139 97 33 Kunst
2825 140 38 29 ist
2902 140 55 29 das

2070 190 132 29 Streben
2223 190 77 28 nach
2322 190 82 28 einer
2425 189 91 29 Form
2536 197 62 21 von
2620 190 154 29 absoluter
2797 190 60 28 und
2878 191 65 30 prin-

2070 239 133 32 zipieller
2228 238 185 33 Sicherheit;
2437 238 47 30 die
2510 238 194 34 Werkzeuge
2729 239 67 29 sind
2821 240 63 28 hier
2911 240 48 28 die

2067 287 108 35 Mittel,
2194 288 60 28 wie
2273 287 109 34 Farbe,
2402 287 98 33 Raum
2521 288 61 28 und
2602 288 109 30 Schall.
2751 288 43 29 So
2815 289 51 28 hat
2886 297 70 20 zum

2068 336 133 33 Beispiel
2230 337 54 28 der
2313 336 164 32 Kubismus
2507 338 104 28 seinen
2859 337 98 34 Raum

2069 386 78 28 ohne
2176 385 213 34 Atmosphäre,
2419 386 53 29 der
2503 395 51 19 um
2581 386 58 29 den
2670 386 117 31 Zauber
2818 387 61 29 und
2910 388 47 28 die

2064 434 187 33 Klebrigkeit
2273 435 53 29 der
2350 436 267 29 naturalistischen
2641 435 85 30 Säfte
2749 437 132 29 beraubt
2903 438 52 31 ist;

2071 494 33 21 es
2123 486 38 29 ist
2180 485 82 30 nicht
2280 487 48 28 ein
2347 484 107 36 Raum,
2471 485 28 29 in
2519 485 69 30 dem
2607 486 64 29 sich
2688 485 117 32 Motive
2825 488 54 29 der
2899 487 46 29 ele-

2068 538 160 26 mentaren
2258 535 61 29 und
2347 534 302 30 leidenschaftlichen
2678 534 196 32 Naturkräfte
2905 537 36 28 ab-

2065 585 125 32 spielen.
2248 584 39 30 Es
2326 585 38 28 ist
2403 585 48 28 ein
2490 584 224 33 selbständiges
2756 586 60 28 und
2857 588 101 28 reines

2065 634 131 34 Prinzip,
2231 635 55 28 das
2322 636 67 28 eine
2425 635 55 28 Art
2513 643 62 20 von
2611 634 68 30 l'art
2714 642 75 24 pour
2827 635 68 30 l'art
2927 637 30 28 in

2069 687 70 28 dem
2155 686 108 29 besten
2281 685 92 30 Sinne
2392 686 54 29 des
2462 685 126 30 Wortes
2604 685 141 34 gründet,
2761 686 60 29 wie
2839 694 33 21 es
2890 694 69 20 zum

2068 734 133 33 Beispiel
2225 731 94 35 (wohl
2343 736 28 27 in
2395 736 98 28 einem
2517 735 135 29 anderen
2675 731 87 36 Stile)
2787 735 56 29 das
2867 736 75 28 musi-

2068 785 135 29 kalische
2229 784 95 29 Werk
2362 792 62 21 von
2452 783 84 30 Bach
2575 784 176 32 gegenüber
2790 785 70 28 dem
2897 792 63 21 von

2068 833 137 33 Wagner
2225 833 146 30 darstellt.

2126 899 56 30 Die
2203 899 204 34 Abwendung
2429 908 61 19 von
2512 898 232 35 Naturalismus,
2768 899 47 30 die
2837 899 54 29 tief
2912 899 49 29 die

2068 948 147 30 moderne
2235 948 96 32 Kunst
2352 949 259 34 charakterisiert,
2630 949 81 28 kann
2732 957 71 21 man
2823 948 66 30 sich
2910 957 51 20 am

2067 999 181 29 leichtesten
2267 997 51 29 auf
2334 997 143 34 folgende
2494 998 106 29 Weise
2618 998 181 30 vorstellen:
2818 997 68 31 Von
2905 999 54 27 der

2069 1047 210 33 Renaissance
2296 1056 38 20 an
2349 1048 167 29 versuchte
2533 1048 49 30 die
2599 1047 142 30 bildende
2760 1047 201 33 europäische

2068 1096 98 33 Kunst
2195 1097 56 29 das
2281 1097 114 30 schöne
2427 1097 139 30 Aeußere
2606 1098 54 28 der
2689 1096 98 33 Dinge
2827 1097 115 29 nachzu-

2069 1147 119 29 ahmen.
2229 1146 93 30 Diese
2344 1145 145 31 Tendenz
2512 1147 127 29 dauerte
2663 1147 47 29 bis
2733 1148 30 28 in
2786 1147 56 29 das
2865 1154 76 22 neun-

2068 1197 110 28 zehnte
2196 1195 208 30 Jahrhundert
2421 1196 110 34 hinein,
2549 1197 60 28 und
2626 1197 64 29 ihre
2708 1195 253 30 Modifikationen

2069 1246 60 28 und
2147 1245 74 30 Stile
2235 1246 129 28 wurden
2382 1246 85 29 mehr
2486 1246 95 28 durch
2599 1246 47 29 die
2663 1246 226 31 Aenderungen
2907 1246 54 28 der

2470 1294 54 30 der
2561 1295 221 32 europäischen
2818 1294 124 30 Mensch-

2068 1345 62 28 heit
2155 1345 44 29 als
2227 1344 94 29 durch
2349 1345 185 32 prinzipielle
2561 1344 265 33 Umwandlungen
2852 1353 92 20 verur-

2068 1394 97 29 sacht.
2210 1394 82 29 Aber
2319 1394 54 29 der
2399 1395 148 28 moderne
2574 1394 86 29 Geist
2686 1394 90 28 nahm
2802 1394 96 29 schon
2922 1402 38 20 zu

2067 1444 61 30 viel
2147 1453 62 20 von
2225 1444 313 30 wissenschaftlicher
2558 1444 183 30 Erkenntnis
2762 1446 56 32 ein,
2837 1444 46 30 als
2901 1444 60 29 daß

2070 1503 32 20 er
2120 1494 82 29 nicht
2220 1494 113 34 wüßte,
2351 1494 58 28 daß
2428 1494 65 34 das,
2510 1502 68 21 was
2596 1496 88 27 unter
2704 1494 53 29 der
2777 1493 184 29 Oberfläche

2065 1544 55 29 der
2155 1543 108 35 Dinge,
2295 1543 158 30 innerhalb
2488 1543 81 30 ihrer
2604 1543 144 30 Struktur
2783 1543 60 28 und
2879 1543 80 28 ihrer

2065 1594 106 32 Kräfte
2211 1595 65 28 sich
2315 1594 138 34 abspielt,
2491 1594 62 29 viel
2592 1594 268 33 geheimnisvoller
2900 1592 60 30 und

2065 1645 78 29 auch
2195 1646 132 28 schöner
2380 1646 47 33 ist,
2479 1644 45 30 als
2578 1645 64 29 ihre
2695 1644 113 29 äußere
2862 1643 78 29 Ober-

2068 1696 108 29 fläche.
2225 1696 103 29 Selbst
2376 1695 48 29 die
2471 1695 257 29 vollkommenste
2776 1694 187 29 Illusion

2068 1746 74 29 des
2160 1745 338 33 Gegenstandes
2514 1745 94 29 bietet
2625 1744 70 29 dem
2709 1745 254 31 gegenwärtigen

2070 1795 105 29 Geiste
2192 1795 88 29 keine
2297 1795 81 29 volle
2396 1795 60 28 und
2475 1794 157 30 dauernde
2649 1794 228 32 Befriedigung.
2893 1793 69 29 Und

2064 1853 61 20 nun
2143 1844 79 29 wird
2242 1853 33 21 es
2295 1844 48 29 die
2362 1844 141 33 Aufgabe
2524 1844 54 28 der
2599 1842 98 33 Kunst
2716 1844 74 33 sein,
2812 1843 64 29 sich
2897 1851 62 19 von

2069 1896 55 29 der
2142 1894 95 30 Natur
2256 1903 39 21 zu
2314 1895 136 29 befreien
2469 1895 60 28 und
2548 1896 44 28 sie
2611 1903 38 20 zu
2668 1894 210 28 überwinden.
2898 1893 63 29 Der

2067 1945 282 32 Impressionismus
2365 1944 44 29 riß
2423 1944 65 29 sich
2505 1945 189 31 wenigstens
2710 1951 62 20 von
2789 1943 54 28 der
2860 1942 80 29 Mate-

2067 1994 111 29 rialität
2197 1994 54 29 der
2270 1992 96 30 Natur
2385 1993 46 30 los
2451 1993 61 29 und
2533 1993 59 32 gab
2613 1992 45 30 ihr
2679 1992 49 30 die
2748 1992 131 33 Realität
2898 1991 63 29 und

2070 2044 48 28 die
2140 2042 155 31 Subtilität
2317 2043 54 29 des
2395 2042 278 33 psychologischen
2695 2041 168 33 Werdens;
2888 2041 74 29 aber

2068 2093 77 30 auch
2166 2093 137 29 dadurch
2324 2093 108 29 wurde
2449 2093 83 28 nicht
2551 2091 88 30 tiefer
2658 2093 30 27 in
2709 2092 58 29 den
2787 2090 173 30 Charakter

2070 2143 53 29 der
2142 2142 98 31 Kunst
2260 2142 209 34 eingegriffen,
2490 2150 33 21 es
2542 2142 79 28 blieb
2641 2142 78 28 noch
2738 2142 107 27 immer
2866 2140 97 33 übrig,

2069 2192 60 29 den
2152 2191 259 30 entscheidenden
2434 2190 115 31 Schritt
2571 2199 38 21 zu
2631 2190 140 34 machen,
2794 2190 56 30 das
2872 2190 90 33 heißt,

2070 2242 49 28 die
2142 2241 96 29 Natur
2274 2241 95 29 durch
2402 2240 230 35 Künstlichkeit,
2668 2240 96 29 durch
2799 2242 164 27 autonome

2068 2292 206 30 menschliche
2300 2291 151 33 Ordnung
2484 2291 61 29 und
2579 2291 153 29 Autorität
2767 2291 54 28 der
2857 2290 89 29 künst-

2067 2343 101 29 lichen
2191 2342 92 29 Form
2308 2350 35 21 so
2368 2350 38 20 zu
2432 2343 151 32 ersetzen,
2609 2340 58 30 daß
2693 2340 48 29 die
2766 2340 102 34 Form,
2895 2340 67 28 eine

2068 2392 129 32 geistige
2222 2391 186 34 Formation,
2435 2390 58 30 den
2514 2389 292 33 Naturgegenstand
2832 2391 130 27 ersetze.

2068 2441 58 29 Die
2143 2441 148 29 moderne
2309 2439 98 33 Kunst
2425 2440 63 33 gibt
2508 2440 58 29 den
2585 2439 111 30 Seelen
2716 2441 48 28 ein
2783 2447 158 21 monumen-

2064 2490 77 29 tales
2170 2490 149 34 Gewand,
2349 2490 60 29 und
2438 2497 35 22 so
2499 2491 39 28 ist
2569 2498 33 21 es
2632 2489 141 34 möglich,
2803 2490 74 27 statt
2907 2488 54 28 der

2068 2541 212 29 Wirklichkeit
2298 2541 84 29 diese
2399 2540 226 29 monumentale
2643 2538 220 33 Prinzipialität
2882 2538 64 30 selb-

2069 2591 123 33 ständig
2222 2591 60 28 und
2312 2592 144 27 autonom
2486 2597 38 21 zu
2554 2591 120 30 setzen;
2707 2589 47 28 die
2785 2588 92 29 Form
2907 2587 54 29 der

2068 2639 98 33 Kunst
2186 2641 134 29 entsteht
2339 2639 63 30 also
2423 2639 96 29 durch
2541 2639 88 28 einen
2649 2637 136 29 anderen
2804 2636 158 34 Vorgang,

2069 2690 82 29 nicht
2173 2690 95 29 durch
2293 2688 105 30 bloßes
2423 2688 213 32 Uebertragen
2661 2688 54 28 der
2740 2686 221 30 Wirklichkeit.

2126 2739 73 34 Das,
2228 2747 67 21 was
2326 2738 47 29 ich
2403 2737 45 30 als
2478 2731 224 35 künstlerische
2733 2736 204 30 Substitu-

2069 2789 90 29 tion
2178 2789 54 29 der
2253 2787 217 33 Gegenstände
2489 2787 190 29 bezeichnen
2698 2787 118 33 würde,
2835 2787 39 28 ist
2895 2787 66 27 eine

2069 2839 159 29 abstrakte
2252 2837 185 30 Oberfläche
2462 2838 62 28 und
2549 2832 170 35 künstliche
2745 2834 216 35 Gefühlsform,

2068 2897 63 21 von
2151 2889 69 29 dem
2240 2887 223 30 Naturalismus
2481 2886 119 30 befreit.
2640 2886 42 30 So
2702 2895 67 19 war
2790 2885 96 29 schon
2907 2885 54 28 der

2068 2938 118 32 farbige
2212 2937 101 29 Punkt
2340 2937 55 29 des
2422 2936 346 33 Neoimpressionismus
2798 2935 66 29 eine
2892 2934 52 29 der-

2068 2989 99 31 artige
2192 2987 209 32 selbständige
2426 2986 98 34 Seele,
2550 2987 49 28 ein
2623 2985 116 29 kleiner
2765 2986 29 27 in
2820 2985 53 28 der
2899 2984 47 28 far-

2068 3038 91 31 bigen
2183 3036 184 33 Berührung
2402 3036 190 30 enthaltener
2629 3034 112 34 Raum;
2776 3034 96 30 schon
2907 3034 36 28 da-

2069 3086 95 30 durch
2187 3086 109 29 wurde
2319 3087 40 27 im
2381 3085 347 33 Neoimpressionismus
2752 3084 47 29 die
2823 3083 138 29 naturale

2070 3136 119 29 Gestalt
2213 3137 98 28 einem
2334 3135 196 30 bestimmten
2552 3134 122 32 Prinzip
2698 3133 208 30 unterordnet.
2930 3132 32 27 In

2070 3185 54 30 der
2147 3185 143 33 heutigen
2312 3184 98 32 Kunst
2431 3184 103 29 finden
2557 3184 226 31 Aenderungen
2803 3189 62 21 von
2888 3182 75 27 weit

2070 3234 148 33 größerer
2246 3234 178 33 Tragweite
2461 3236 83 31 statt,
2583 3234 28 32 ja
2639 3232 236 33 Aenderungen,
2914 3231 49 28 die

2070 3285 96 29 selbst
2189 3285 59 27 den
2268 3283 82 33 Kern
2373 3283 54 29 der
2449 3283 162 29 bildenden
2632 3281 188 32 Auffassung
2843 3279 119 31 treffen.

2070 3333 58 30 Die
2153 3330 138 33 formelle
2318 3330 362 35 Voreingenommenheit
2704 3330 85 31 hatte
2817 3330 65 29 sich
2909 3338 36 24 ge-

2070 3383 113 29 läutert
2208 3382 60 29 und
2294 3382 128 29 befreite
2459 3381 63 30 sich
2558 3389 63 20 von
2657 3380 118 33 groben
2802 3379 161 29 Zusätzen.

2070 3431 77 30 Was
2166 3433 48 27 die
2232 3430 98 32 Kunst
2347 3439 37 21 zu
2404 3430 157 30 erreichen
2580 3429 98 35 sucht,
2695 3431 40 28 ist
2771 3429 48 30 die
2839 3429 100 29 Idea-

2071 3481 102 30 lität
2195 3481 72 29 der
2291 3481 127 33 Form,
2441 3479 47 28 für
2513 3480 48 28 die
2585 3488 71 20 man
2680 3479 161 32 unzählige
2865 3477 98 30 Mittel

2073 3531 61 28 und
2160 3530 158 30 Versuche
2355 3528 138 30 erfindet.
2542 3529 87 30 Denn
2667 3529 48 29 die
2754 3528 210 33 Realisierung

2075 3580 100 29 dieser
2200 3579 139 29 Idealität
2362 3579 39 29 ist
2425 3579 155 29 durchaus
2603 3578 99 29 nichts
2726 3577 157 33 Leichtes;
2910 3577 54 28 der

2072 3628 141 32 Künstler
2236 3628 97 29 findet
2355 3628 44 29 sie
2422 3627 128 33 nirgend
2573 3629 29 28 in
2626 3627 53 30 der
2703 3627 82 29 Welt
2805 3626 101 34 fertig,
2930 3634 33 20 er

2074 3678 70 29 muß
2165 3679 44 28 sie
2228 3675 211 36 vorbereiten;
2461 3678 48 28 die
2529 3677 148 29 moderne
2696 3676 98 32 Kunst
2814 3675 79 29 wird
2912 3683 36 23 ge-

2072 3727 147 34 schaffen,
2235 3727 82 29 nicht
2332 3728 168 32 geträumt;
2519 3728 43 28 sie
2577 3725 71 30 muß
2664 3726 85 29 ihren
2767 3723 198 33 Gegenstand

2074 3777 52 30 auf
2148 3778 59 29 den
2230 3776 120 33 Wegen
2375 3777 54 29 der
2452 3777 98 32 Logik
2575 3776 61 29 und
2659 3776 54 29 der
2738 3775 131 32 Ahnung
2891 3782 55 21 ver-

2074 3826 111 35 folgen,
2204 3827 44 28 sie
2267 3825 70 29 muß
2357 3827 54 29 mit
2430 3826 59 29 den
2509 3826 121 29 Sachen
2648 3826 54 28 der
2723 3824 81 30 Welt
2825 3825 47 28 ein
2892 3823 58 29 selt-

2075 3883 103 22 sames
2204 3874 83 33 Spiel
2314 3875 127 34 treiben,
2468 3873 44 31 sie
2538 3874 70 30 muß
2636 3874 72 32 klug
2735 3873 61 29 und
2823 3873 66 29 klar
2917 3873 48 28 die

2074 3922 284 33 Weltanschauung
2392 3932 70 21 zum
2487 3923 119 30 Nutzen
2641 3923 53 30 der
2721 3921 246 30 Formanschau-
