3083 4127
2908 3982 45 23 145

124 106 190 39 Umfang:
350 102 104 37 acht
497 101 149 38 Seiten

2391 104 280 42 Einzelbezug
2697 104 59 38 40
2783 105 181 47 Pfennig

1614 494 67 37 Rgggä
2096 499 21 28 n
2166 494 63 37 fjjjPP
2527 495 33 33 itf
2799 494 70 26 'VHk

122 701 1143 81 HALBMONATSSCHRIFT
1321 688 198 94 FÜR
1575 701 419 81 KULTUR
2053 701 223 76 UND
2332 701 175 76 DIE
2563 691 399 91 KÜNSTE

295 879 302 52 Redaktion
643 879 107 49 und
790 880 198 63 Verlag

292 953 115 37 Berlin
420 953 49 37 W
477 954 44 36 9/
531 953 208 38 Potsdamer
751 953 126 39 Straße
890 955 69 36 134
970 966 20 25 a

2095 877 463 65 Ausstellungs
2581 882 211 47 räume

2098 953 115 38 Berlin
2223 954 80 37 W9
2309 953 13 37 /
2331 953 209 39 Potsdamer
2552 953 125 38 Straße
2691 953 69 37 134
2771 967 21 24 a

1271 894 225 33 Herausgeber
1514 895 60 25 und
1593 894 219 26 Schriftleiter

1274 945 285 40 HERWARTH
1594 945 215 38 WALDEN

117 1096 208 40 VIERTER
346 1095 281 47 JAHRGANG
651 1097 93 37 1913

1057 1097 336 39 BERLIN-PARIS
1420 1097 213 37 ZWEITES
1663 1097 403 39 DEZEMBERHEFT

2546 1096 229 40 NUMMER
2804 1095 153 47 190/191

117 1220 155 32 Inhalt:
295 1220 152 31 Vlatislav
469 1220 151 36 Hofman:

648 1222 66 29 Der
737 1222 91 29 Geist
851 1223 57 29 der
930 1222 236 41 Umwandlung
1187 1223 32 29 in
1241 1223 57 30 der
1320 1222 170 31 bildenden
1511 1223 104 29 Kunst
1653 1224 13 36 /
1709 1223 87 39 Aäge
1817 1231 63 22 von
1902 1222 93 32 Kohl:
2022 1223 67 30 Der
2111 1223 146 30 tierische
2280 1223 205 39 Augenblick
2522 1224 13 36 /
2566 1222 36 31 H.
2617 1223 61 30 W«:
2702 1222 70 30 Aus
2795 1223 56 28 der
2873 1222 77 29 Zeit:

117 1264 67 28 Der
204 1264 84 28 Herr
308 1264 54 27 mit
384 1264 73 27 dem
478 1264 143 28 schönen
645 1263 121 30 Namen
787 1265 13 36 /
815 1265 44 28 Im
877 1264 97 30 Sinne
996 1265 120 30 Dürers
1140 1269 12 29 /
1178 1265 146 31 Boccioni
1353 1265 214 30 Simultaneite
1589 1264 142 30 futuriste
1758 1267 13 33 /
1797 1263 211 40 Empfohlene
2029 1265 124 29 Bücher
2179 1267 14 36 /
2223 1264 177 40 Mitteilung
2436 1267 13 36 /
2478 1265 133 30 Notizen
2644 1267 13 35 /
2689 1265 78 30 Paul
2790 1263 86 32 Klee:
2899 1265 65 28 Der

117 1303 234 31 Selbstmörder
374 1303 58 30 auf
450 1304 58 29 der
530 1303 127 32 Brücke
678 1307 14 36 /
713 1305 182 39 Zeichnung

764 3776 164 58 Paul
972 3776 189 61 Klee:
1207 3799 79 32 Der
1310 3798 296 34 Selbstmörder
1627 3799 72 32 auf
1718 3799 73 33 der
1806 3799 163 33 Brücke
1984 3801 14 36 /
2013 3798 238 39 Zeichnung
