3477 4429
1680 127 100 52 181

115 278 366 67 Versammlung
513 278 42 48 in
584 275 185 51 Berka
799 294 40 32 a.
857 275 83 50 W.
966 274 285 67 Gutheissen,
1276 274 104 51 weil
1407 275 63 50 sie
1500 275 186 50 seiner

110 359 126 51 nicht
277 358 182 66 würdig
498 360 139 45 wäre.
682 357 112 48 Erst
834 355 120 50 nach
1001 353 309 49 mehrfachen
1354 354 153 50 Bitten
1553 354 132 66 fügte

108 439 96 50 sich
236 456 138 33 unser
404 437 241 50 verehrter
673 437 232 67 Dirigent
950 434 109 50 Sein
1089 440 257 60 genanntes
1378 434 155 51 Werk
1566 434 117 51 über

108 518 75 51 die
213 517 320 52 musicalische
565 515 202 50 Theorie
805 515 79 49 hat
926 514 80 48 ihn
1034 513 143 49 schon
1208 514 135 67 lange
1375 514 304 69 beschäftigt;

105 598 65 49 ob
200 616 51 31 er
280 614 49 31 es
358 594 273 67 vollständig
655 594 306 50 hinterlassen
984 593 98 57 hat,
1111 592 188 52 können
1328 594 87 50 wir
1442 594 126 50 nicht
1597 594 83 50 mit

110 675 346 51 Bestimmtheit
499 673 231 68 angeben.
776 674 61 48 So
868 672 86 49 viel
983 672 188 50 können
1202 673 84 49 wir
1314 674 153 50 indess
1497 674 154 50 bemer-

114 758 108 56 ken,
256 755 103 50 dass
404 773 50 32 er
496 754 120 50 noch
649 753 85 49 auf
769 753 176 49 seinem
976 753 164 49 letzten
1169 753 334 68 Leidenslager
1533 754 148 50 daran

112 835 262 68 gearbeitet
416 834 98 50 und
546 834 159 48 seinen
729 832 230 49 Schülern
990 832 149 52 davon
1168 833 154 51 dictirt
1355 834 93 50 hat.
1493 834 188 50 Früher

106 915 148 50 schon
299 914 129 50 hatte
472 913 84 49 der
589 910 269 68 Verewigte
901 912 73 48 ein
1016 913 108 48 sehr
1154 912 324 50 brauchbares
1503 913 144 49 Werk-

109 995 122 50 chen
254 993 324 68 geschrieben,
602 992 230 49 nämlich:
876 992 100 49 Die
1021 993 181 49 Kunst
1246 993 99 49 des
1382 993 301 67 Vorspiels

112 1074 142 51 oder
297 1073 85 51 die
424 1073 189 49 Kunst
655 1070 99 50 der
791 1072 413 68 Entwicklung
1246 1073 152 49 eines
1441 1072 205 50 musica-

114 1153 224 51 lischen
379 1150 221 51 Motivs.
620 1180 63 5 —
707 1149 122 52 Was
870 1168 86 33 uns
998 1150 84 51 der
1125 1152 102 49 edle
1260 1152 420 67 Heimgegangene

108 1251 89 33 von
218 1233 177 49 seinem
420 1230 182 51 Werke
626 1230 260 60 mittheilte,
931 1249 99 32 war
1061 1232 110 49 sehr
1200 1233 267 66 geistreich,
1502 1232 148 67 gründ-

110 1312 90 49 lich
245 1310 95 51 und
383 1328 88 32 von
514 1310 410 51 mathematischer
957 1310 218 51 Evidenz.
1220 1310 167 50 Dieser
1430 1312 112 49 feste
1585 1310 95 50 und

315 1374 8 5 •
1449 1369 8 10 *

110 1392 131 49 klare
283 1389 315 67 Standpunkt,
641 1390 211 50 welchen
895 1390 84 50 der
1008 1390 192 50 Meister
1241 1390 47 50 in
1331 1390 152 51 dieser
1519 1390 131 50 Bezie-

109 1472 133 64 hung
272 1470 237 59 einnahm,
552 1487 102 33 war
696 1487 47 33 es
786 1470 137 59 auch,
967 1469 105 51 dass
1116 1487 51 33 er
1208 1488 82 32 zur
1326 1470 354 51 musiealischen

110 1550 363 68 Unterweisung
517 1549 231 69 begabter
801 1550 348 50 musicalischer
1191 1552 194 49 Talente
1436 1552 109 49 sehr
1599 1567 54 51 ge-

110 1630 156 68 eignet
308 1648 112 33 war.
484 1632 100 47 Der
626 1629 292 69 geistreiche,
975 1629 67 51 oft
1083 1630 207 50 ziemlich
1336 1630 343 69 philosophisch

109 1709 251 69 gehaltene
404 1710 222 65 Vortrag,
678 1708 72 49 die
792 1708 215 51 Klarheit
1050 1709 154 50 seiner
1244 1709 158 60 Ideen,
1456 1709 84 50 der
1581 1709 80 50 sitt-

112 1789 118 50 liche
272 1788 119 51 Adel
433 1788 96 49 und
573 1788 72 49 die
688 1788 161 49 wahre
885 1788 295 61 Humanität,
1223 1788 73 52 die
1338 1790 47 49 in
1427 1788 80 51 des
1548 1788 108 51 treff-

112 1869 151 50 lichen
307 1869 245 48 Künstlers
597 1868 263 51 Charakter
913 1868 100 51 aufs
1055 1869 213 51 schönste
1312 1869 226 67 vereinigt
1580 1886 66 33 wa-

112 1966 100 39 ren,
259 1948 212 51 fesselten
513 1948 126 49 seine
679 1947 294 50 zahlreichen
1016 1948 198 49 Schüler
1256 1949 101 48 fürs
1399 1966 146 49 ganze
1587 1949 60 48 Le-

112 2028 107 49 ben.
279 2028 164 67 Gegen
493 2027 74 49 die
621 2043 208 33 neueren
884 2028 358 67 Bestrebungen
1298 2028 45 49 in
1399 2028 84 49 der
1522 2029 157 48 Musik

108 2108 151 66 zeigte
299 2107 98 49 sich
439 2104 286 51 Kühmstedt
766 2105 108 50 sehr
915 2107 336 67 empfänglich,
1308 2107 98 49 und
1448 2124 116 50 gern
1606 2123 49 33 er-

109 2187 171 50 kannte
325 2204 51 32 er
418 2203 76 41 an,
537 2203 96 33 was
670 2187 282 49 namentlich
984 2187 259 67 Wagner
1286 2188 270 48 Herrliches
1599 2203 54 51 ge-

110 2265 207 50 schaffen
360 2264 139 51 habe.
564 2267 62 47 So
678 2264 184 51 schrieb
914 2282 52 33 er
1021 2283 86 32 uns
1162 2267 47 48 in
1261 2267 151 49 einem
1458 2267 222 48 früheren

110 2345 182 50 Briefe:
360 2344 135 59 „Und
538 2344 156 50 haben
738 2344 77 50 Sie
857 2363 91 31 nur
992 2345 240 68 Courage!
1286 2345 257 51 Bedenken
1586 2345 94 59 Sie,

113 2425 80 49 mit
237 2424 203 50 welcher
463 2424 217 66 Courage
715 2424 237 66 Wagner,
995 2423 164 51 dessen
1197 2425 193 50 Talente
1432 2424 73 51 ich
1550 2424 105 50 übri-

112 2522 114 49 gens
270 2504 88 50 alle
402 2503 348 66 Gerechtigkeit
795 2503 315 51 widerfahren
1152 2505 133 58 lasse,
1336 2505 66 65 ja,
1448 2504 226 50 welchem

110 2584 75 48 ich
228 2583 74 49 die
344 2582 193 50 höchste
560 2582 223 67 Achtung
824 2583 131 57 zolle,
999 2583 189 52 auftritt.
1232 2584 68 48 Er
1332 2584 56 48 ist
1417 2583 71 49 ein
1520 2582 125 49 merk-

110 2663 253 67 würdiges,
420 2662 337 50 wunderbares
807 2663 183 58 Talent,
1045 2681 90 31 nur
1190 2663 96 49 sein
1340 2663 184 67 Princip
1581 2662 96 49 und

109 2743 126 49 seine
278 2740 157 51 Kritik
476 2743 57 48 ist
575 2742 66 49 oft
682 2742 235 57 verkehrt,
960 2759 96 32 was
1100 2759 50 32 er
1192 2742 149 49 durch
1384 2742 126 49 seine
1553 2742 100 66 eige-

109 2838 91 33 nen
226 2820 380 68 Compositionen
630 2820 237 58 beweis't;
907 2822 66 64 ja,
1003 2837 103 34 zum
1139 2822 151 58 Theil,
1332 2838 75 33 wo
1444 2822 65 48 sie
1538 2820 113 50 wirk-

110 2902 89 49 lich
242 2900 220 56 herrlich,
520 2900 261 50 himmlisch
824 2900 118 60 sind,
997 2900 59 51 da
1110 2902 120 49 eben
1285 2902 163 48 stehen
1491 2900 63 50 sie
1597 2900 83 50 mit

110 2980 174 50 seinem
317 2982 197 66 eigenen
551 2980 184 68 Princip
773 2980 46 50 in
860 2980 323 51 diametralem
1209 2980 345 68 Widerspruch
1586 2979 95 50 und

114 3060 164 49 stehen
322 3060 82 49 mit
447 3059 90 51 den
581 3060 185 68 ewigen
807 3062 124 48 alten
954 3060 341 68 Bedingungen
1329 3062 110 49 alles
1463 3059 218 52 Wahren

117 3137 95 50 und
254 3138 217 49 Schönen
514 3139 46 48 in

232 3217 164 48 Durch
442 3218 282 48 mancherlei
758 3218 138 49 trübe
919 3217 479 52 Lebens-Schicksale
1436 3219 126 50 hatte
1600 3217 80 50 das

113 3295 183 50 Wesen
338 3295 78 50 des
440 3297 211 49 Meisters
687 3304 145 42 etwas
854 3298 192 48 Ernstes
1091 3298 94 49 und
1216 3298 315 49 anscheinend
1562 3298 88 48 Ver-

112 3374 285 51 schlossenes
440 3374 298 51 bekommen.
791 3375 135 50 Fand
969 3393 52 32 er
1061 3377 94 49 sich
1195 3375 170 68 jedoch
1409 3377 61 49 im
1516 3377 164 48 Kreise

113 3454 439 67 achtungswerther
608 3454 219 50 Freunde
884 3454 96 50 und
1023 3457 258 56 Genossen,
1337 3473 50 32 so
1444 3457 237 49 entfaltete

113 3533 96 49 sich
251 3534 97 48 sein
391 3533 129 51 edler
555 3533 263 51 Charakter
853 3533 95 49 und
990 3534 126 51 seine
1159 3535 156 50 reiche
1346 3534 203 59 Bildung
1581 3534 99 51 aufs

901 3593 7 15 /
1519 3576 28 27 ö

114 3613 447 67 liebenswürdigste.

464 3860 308 58 Anton
847 3857 473 59 Diabelli.

743 3984 306 51 (Nekrolog.)

232 4092 202 49 Anton
484 4089 257 52 Diabelli
791 4089 56 48 ist
876 4106 76 33 am
987 4089 48 51 8.
1064 4089 132 67 April
1227 4088 147 51 dieses
1402 4087 169 50 Jahres

113 4169 96 51 also
240 4170 175 66 gerade
444 4188 62 34 an
534 4168 270 54 demselben
832 4169 296 67 Monatstage
1167 4168 137 56 auch,
1346 4184 60 33 an
1449 4167 228 53 welchem

1761 292 83 33 vor
1886 272 252 52 sechszehn
2180 273 179 51 Jahren
2408 272 85 50 der
2533 269 437 69 Musik-Verleger,
3026 266 327 69 Compositeur

1760 354 96 51 und
1888 353 322 52 musicalische
2239 353 333 51 Schriftsteller
2610 352 208 50 Anton
2859 348 199 53 Andre
3101 365 56 32 zu
3189 346 137 53 Offen-

1759 434 122 51 bach
1911 434 85 50 der
2024 433 235 51 irdischen
2288 432 258 52 Laufbahn
2589 432 229 50 entrissen
2860 429 185 60 wurde,
3097 447 57 32 zu
3199 428 154 51 einem

1759 514 221 51 besseren
2010 513 164 51 Leben
2206 513 302 51 entschlafen.

1878 595 67 47 Er
1976 594 128 50 hatte
2135 611 76 33 am
2246 593 47 51 6.
2325 590 281 69 September
2643 590 139 51 1781
2819 609 56 32 zu
2899 592 201 49 Mattsee
3130 588 65 49 im
3219 588 104 49 Salz-

1757 672 286 68 burgischen
2074 673 82 51 das
2188 673 136 49 Licht
2353 673 84 51 der
2469 672 134 49 Welt
2641 670 212 51 erblickt.
2912 670 112 50 Sein
3055 669 165 58 Vater,
3264 666 86 51 der

1757 753 110 49 dort
1890 755 67 49 als
1978 754 362 50 Stifts-Musicus
2366 752 94 52 und
2484 753 211 49 Messner
2719 752 220 67 fungirte,
2970 768 103 33 war
3095 749 99 51 sein
3217 748 96 51 Leh-

1757 849 80 32 rer
1867 833 61 48 im
1962 834 234 65 Gesänge,
2226 849 52 33 so
2310 833 89 51 wie
2429 834 62 48 im
2525 830 203 51 Ciavier-
2759 830 96 50 und
2886 829 289 67 Violinspiel.

1877 912 171 49 Sieben
2076 913 146 49 Jahre
2254 915 77 58 alt,
2363 912 165 52 wurde
2559 929 52 32 er
2639 912 68 48 als
2739 910 285 51 Chorknabe
3054 910 62 50 im
3146 910 193 49 Kloster

1756 990 386 52 Michaelbeuern
2183 994 380 66 aufgenommen.
2621 990 248 68 Späterhin
2913 990 113 50 kam
3071 1007 52 32 er
3165 988 47 51 in
3255 988 81 49 das

1759 1070 283 68 Capellhaus
2071 1089 56 31 zu
2157 1072 244 67 Salzburg.
2433 1074 90 50 Die
2554 1070 212 52 höheren
2795 1069 304 51 lateinischen
3129 1068 208 51 Schulen

1756 1149 249 52 absolvirte
2034 1168 54 33 er
2108 1169 57 32 zu
2188 1153 259 57 München;
2480 1150 319 51 fortwährend
2822 1149 174 67 jedoch
3025 1148 228 51 cultivirte
3284 1164 53 33 er

1756 1229 74 50 die
1859 1230 610 68 theoretisch-praktischen
2498 1229 392 51 Musik-Studien.

1876 1310 68 50 Im
1987 1312 328 49 neunzehnten
2352 1312 146 49 Jahre
2538 1318 94 42 trat
2673 1327 52 32 er
2768 1310 65 50 als
2872 1308 247 67 Theologe
3161 1307 47 50 in
3251 1307 84 50 das

1757 1389 428 50 Cistercienserstift
2213 1389 402 51 Daitenhasslach.
2660 1388 253 51 Nunmehr
2941 1387 312 67 beschäftigte
3283 1403 53 32 er

1754 1468 95 51 sich
1881 1469 118 50 auch
2025 1469 84 50 mit
2131 1470 387 66 mannigfaltigen
2542 1468 399 67 Compositionen,
2972 1467 181 50 welche
3182 1483 54 32 er
3261 1465 49 68 je-

1754 1548 172 51 derzeit
1967 1567 60 33 an
2066 1550 201 51 Michael
2305 1549 188 67 Haydn,
2536 1548 91 51 den
2655 1566 51 31 er
2734 1549 145 50 schon
2908 1566 90 31 von
3027 1545 193 69 Jugend
3251 1547 86 49 auf

1754 1629 67 50 als
1849 1629 281 51 väterlichen
2159 1629 194 51 Freund
2384 1629 96 50 und
2512 1627 277 67 Rathgeber
2829 1628 233 58 verehrte,
3106 1624 99 52 und
3248 1625 86 50 mit

1752 1707 106 50 dem
1890 1726 52 31 er
1971 1708 68 49 bis
2069 1727 55 32 zu
2147 1708 165 51 dessen
2335 1726 76 33 am
2443 1708 84 51 10.
2551 1708 191 66 August
2768 1707 145 50 1806
2939 1707 248 66 erfolgtem
3210 1704 90 50 Hin-

1752 1788 218 49 scheiden
2013 1789 45 48 in
2102 1788 500 51 ununterbrochenem
2646 1787 331 49 Briefwechsel
3033 1785 153 59 stand,
3242 1802 84 32 zur

1751 1867 286 50 Durchsicht
2066 1868 95 49 und
2185 1869 215 65 Prüfung
2427 1867 180 50 sandte.

1872 1947 133 50 Nach
2029 1947 99 50 drei
2144 1948 179 49 Jahren
2351 1948 196 66 erfolgte
2566 1947 75 49 die
2657 1944 363 51 Säcularisation
3044 1943 84 51 der
3149 1942 151 52 baieri-

1751 2027 142 49 schen
1915 2028 202 49 Klöster.
2141 2028 227 49 Dadurch
2394 2027 195 50 wurden
2620 2025 120 51 auch
2770 2024 242 50 Diabelli's
3041 2023 287 51 Aussichten

1755 2107 79 49 für
1863 2105 72 50 die
1964 2107 210 49 Zukunft
2215 2112 210 53 zerstört,
2475 2107 97 49 und
2615 2123 50 32 er
2707 2104 238 50 beschloss
2987 2103 165 60 daher,
3203 2102 123 52 nach

1755 2184 147 52 Wien
1930 2204 56 31 zu
2015 2187 168 64 gehen.
2226 2187 78 49 An
2331 2185 177 68 Joseph
2536 2184 173 67 Haydn
2738 2183 269 67 empfohlen
3046 2182 98 49 und
3173 2180 150 51 durch

1754 2265 127 50 seine
1910 2265 308 68 gründlichen
2245 2267 282 49 Kenntnisse
2568 2264 96 51 sich
2704 2263 142 49 selbst
2889 2260 316 69 empfehlend,
3248 2278 54 50 ge-

1755 2345 110 66 lang
1895 2362 48 32 es
1972 2345 97 49 ihm
2099 2344 126 61 bald,
2255 2345 126 50 seine
2410 2344 217 50 Existenz
2668 2343 66 49 als
2763 2342 294 49 Pianoforte-
3088 2339 97 51 und
3215 2340 87 50 Gui-

1754 2425 346 50 tarre-Meister
2127 2444 57 31 zu
2213 2425 198 51 sichern.
2442 2425 107 50 Von
2579 2423 90 51 den
2699 2423 147 49 vielen
2876 2420 332 69 angesehenen
3236 2422 61 48 Fa-

1756 2503 172 58 milien,
1958 2504 46 48 in
2034 2503 151 51 denen
2216 2522 52 32 er
2295 2504 96 50 sich
2414 2504 221 66 Eingang
2657 2500 275 51 verschaffte
2955 2499 97 51 und
3078 2505 111 44 stets
3212 2499 92 50 will-

1755 2582 220 50 kommen
2004 2583 242 66 geheissen
2277 2583 180 58 wurde,
2488 2583 63 49 sei
2582 2583 103 49 hier
2714 2579 385 69 beispielshalber
3125 2597 92 32 nur
3245 2578 81 52 das

1755 2662 212 49 fürstlich
1996 2663 433 49 Brezenheim'sche
2458 2663 135 48 Haus
2621 2659 285 52 namentlich
2935 2659 274 66 angeführt.

1872 2742 91 49 Am
2003 2742 83 50 13.
2114 2742 271 50 November
2422 2740 144 51 1818
2612 2739 236 51 associirte
2892 2756 52 31 er
2972 2738 96 49 sich
3097 2737 85 49 mit
3212 2735 109 51 dem

1754 2819 410 69 Musik-Verleger
2193 2823 179 48 Peter
2403 2819 180 69 Cappi
2613 2818 98 51 und
2737 2815 166 52 wurde
2933 2834 77 32 am
3041 2815 50 52 3.
3120 2818 169 47 Decem-

1756 2899 87 51 ber
1884 2899 244 51 desselben
2169 2902 169 49 Jahres
2381 2902 66 49 als
2490 2899 292 51 öffentlicher
2826 2897 358 50 Gesellschafter
3218 2913 107 33 vom

1757 2979 44 51 k.
1831 2979 43 51 k.
1907 2980 437 68 Wechselgerichte
2385 2979 303 69 protocollirt.
2733 2978 94 49 Am
2871 2977 88 49 24.
2998 2977 127 49 März
3177 2975 146 50 1824

1757 3058 116 51 aber
1916 3059 173 50 wurde,
2119 3059 97 50 ihm
2260 3077 104 32 vom
2404 3059 176 50 wiener
2608 3057 272 66 Magistrate
2916 3054 73 50 die
3020 3057 175 47 Kunst-
3229 3052 94 50 und

1755 3138 517 67 Musicalienhandlung
2300 3137 326 66 selbstständig
2654 3135 248 50 verliehen.

1874 3218 137 48 Seine
2042 3224 185 42 unterm
2260 3217 49 50 3.
2330 3217 111 49 Juni
2480 3215 146 51 1824
2659 3214 318 67 protocollirte
2999 3213 164 51 Firma
3191 3212 95 59 „An-

1754 3303 81 43 ton
1856 3295 205 50 Diabelli
2084 3295 43 51 &
2380 3295 179 50 währte
2591 3294 118 50 über
2739 3293 70 49 27
2842 3293 164 58 Jahre,
3029 3293 199 49 nämlich
3252 3292 69 50 bis

1754 3393 104 32 zum
1890 3375 87 49 24.
2008 3377 114 48 Dec.
2154 3375 166 59 1851,
2351 3375 106 59 fort,
2488 3393 61 32 an
2585 3373 227 51 welchem
2837 3374 129 65 Tage
2996 3373 63 48 sie
3088 3372 119 49 über
3227 3373 63 48 Zu-

1755 3454 292 67 rücklegung
2076 3455 148 49 seines
2241 3455 296 66 Befugnisses
2566 3453 209 68 gelöscht
2803 3452 175 49 wurde.
3010 3452 105 49 Von
3144 3450 178 50 diesem

1752 3533 280 66 Zeitpunkte
2075 3551 58 33 an
2177 3533 265 52 übernahm
2485 3535 123 49 Herr
2646 3532 115 49 Karl
2804 3529 268 69 Spinadas
3104 3529 217 52 Geschäft

1756 3614 85 48 auf
1864 3613 165 66 eigene
2058 3614 279 67 Rechnung.

1879 3693 113 49 Wie
2022 3693 108 49 sehr
2157 3693 202 49 Diabelli
2396 3692 148 48 durch
2575 3688 309 51 unermüdete
2916 3688 270 67 Thätigkeit
3229 3689 97 50 und

1756 3772 280 52 industriöse
2074 3774 297 66 Speculation
2399 3772 124 48 seine
2552 3768 260 67 Handlung
2852 3787 57 30 zu
2947 3768 158 51 heben
3144 3768 97 49 und
3269 3787 56 30 zu

1756 3853 250 49 erweitern
2048 3861 187 49 wusste,
2278 3853 56 48 ist
2375 3849 283 51 allbekannt.
2716 3850 101 47 Der
2871 3848 452 68 Verlags-Katalog,

1756 3930 149 51 durch
1935 3932 90 50 den
2055 3930 195 51 Ankauf
2271 3929 313 51 sämmtlicher
2598 3928 184 51 Artikel
2813 3928 85 51 der
2928 3929 120 51 nach
3078 3927 95 50 und
3201 3927 120 49 nach

1756 4012 302 49 erloschenen
2075 4010 218 50 Firmen:
2323 4009 221 50 Matthias
2561 4009 193 50 Artaria
2777 4007 182 68 (früher
2979 4009 62 50 M.
3067 4009 250 64 Sprenger,

1755 4089 168 51 Ludw.
1953 4089 175 52 Maisch
2157 4087 97 50 und
2282 4089 52 48 L.
2366 4087 277 67 Kozeluch),
2672 4088 173 58 Berka,
2884 4088 41 48 J.
2955 4087 61 48 M.
3048 4083 277 51 Leidesdorf

1757 4170 181 51 (früher
1978 4170 150 50 Sauer
2156 4168 43 51 &
2230 4167 316 67 Leidesdorf),
2589 4169 59 50 A.
2678 4169 263 55 Pennauer,
2983 4167 39 47 J.
3055 4165 125 66 Träg
3222 4163 96 49 und
