3581 4465
1718 201 104 51 195

153 335 249 52 findenden
435 340 134 50 Feier
598 341 42 50 in
673 360 84 49 gar
789 344 182 51 keinem
1002 346 459 66 Zusammenhange,
1487 348 68 67 ja,
1589 346 121 50 wohl

150 417 231 66 geradezu
413 420 60 50 im
503 423 370 68 Widerspruche
897 426 137 56 steht,
1067 435 92 40 erst
1188 426 58 50 im
1275 428 324 66 Augenblicke
1630 428 81 48 der

151 496 313 70 Aufführung
493 500 182 52 kennen
708 505 174 48 lernen.
941 506 118 47 Dass
1090 505 72 50 die
1193 508 148 48 Musik
1376 508 335 64 vorzugsweise

153 577 216 67 geeignet
410 580 80 58 sei,
536 583 149 49 einem
731 585 134 48 Feste
912 584 73 49 die
1034 586 366 66 entsprechende
1443 588 268 66 Stimmung

151 656 93 50 und
272 659 154 51 Farbe
452 679 55 31 zu
539 664 249 58 verleiben,
821 664 114 49 wird
968 665 160 66 häufig
1157 684 116 47 ganz
1297 684 157 33 ausser
1480 668 120 49 Acht
1630 685 54 50 ge-

151 737 163 53 lassen.
346 741 108 50 Man
487 743 241 49 betrachte
758 763 89 30 nur
877 745 72 50 die
979 746 72 50 bei
1081 748 185 49 solchen
1293 749 417 67 Gymnasialfesten

150 829 368 58 vorgetragenen
551 823 493 53 Instrumentalstücke
1085 826 81 50 der
1197 828 218 50 Schüler:
1453 828 59 50 da
1555 829 155 49 finden

150 899 94 49 sich
277 901 88 49 alle
397 903 261 63 möglichen
1231 901 175 70 Motifs
1172 905 539 73 d'OTranscriptions,

140 976 216 71 pourris,
659 979 290 66 Fantaisies,
1327 983 201 64 Etudes,
1132 988 93 48 und
1259 989 84 48 wie
1374 988 121 49 denn
1527 989 72 48 die
1631 989 52 48 be-

150 1060 173 48 liebten
356 1060 314 52 Modescbilde
701 1064 82 49 der
822 1066 133 49 faden
988 1066 234 50 Producte
1263 1068 86 49 alle
1390 1068 176 49 heissen
1612 1071 64 46 mö-

149 1155 107 50 gen,
273 1139 90 58 die,
386 1158 89 32 nur
498 1141 84 50 auf
600 1144 302 51 Ohrenkitzel
926 1146 113 50 oder
1062 1148 221 49 süssliche
1306 1148 372 66 Ueberscbwäng-

150 1219 187 49 lichkeit
369 1221 268 60 berechnet,
676 1224 142 51 leider
849 1226 116 49 noch
998 1228 168 49 immer
1195 1226 83 50 der
1307 1229 236 48 Mehrheit
1575 1245 106 32 unse-

150 1315 75 33 rer
253 1300 267 67 spielenden
544 1304 185 65 Jugend
762 1306 65 49 als
850 1306 217 50 Substrat
1096 1308 80 48 des
1207 1308 291 51 Unterrichts
1527 1308 181 49 dienen.

150 1380 133 48 Auch
317 1380 72 50 die
423 1383 145 50 Wahl
600 1384 82 49 der
714 1385 334 69 Chorgesänge
1087 1390 56 47 ist
1172 1388 67 49 oft
1268 1389 125 48 nicht
1423 1390 82 49 viel
1541 1388 169 52 besser.

149 1459 62 49 Ist
240 1477 47 33 es
318 1461 141 56 nicht,
502 1464 183 65 gelinde
715 1474 179 57 gesagt,
940 1468 100 48 eine
1080 1469 348 65 Tactlosigkeit,
1472 1486 134 33 wenn
1639 1468 71 51 bei

150 1539 83 49 der
263 1541 494 52 Schlussfeierlichkeit
788 1546 128 49 einer
943 1548 182 48 Anstalt
1156 1548 83 49 der
1266 1549 298 66 Sängerchor
1593 1549 117 50 nach

148 1618 83 50 der
262 1620 373 52 Abschiedsrede
666 1624 125 49 eines
822 1626 358 51 Abiturienten:

362 1715 132 46 „„Das
523 1715 152 50 klinget
702 1730 42 24 so
775 1718 181 47 herrlich,
988 1720 66 37 das
1084 1720 151 49 klinget
1262 1734 43 24 so
1336 1723 136 48 schön,

359 1785 72 36 Nie
461 1785 88 37 hab'
579 1787 65 36 ich
673 1800 42 25 so
745 1789 131 37 Etwas
904 1790 138 47 gehört
1071 1790 100 37 noch
1200 1792 232 47 geseh'n!""

149 1875 82 33 aus
283 1861 215 49 Mozart's
546 1864 395 51 Zauberflöte
992 1868 254 56 anstimmt,
1297 1869 114 48 oder
1453 1870 258 57 «„Herrn

150 1939 224 49 Urian's
404 1940 169 51 Reise
604 1959 87 32 um
724 1943 88 49 die
838 1944 155 51 Welt
1006 1952 18 20 0
1047 1953 44 51 «;
1124 1963 134 33 wenn
1287 1948 221 49 moderne
1524 1949 154 66 Opern-

149 2024 221 62 gesänge,
410 2021 395 53 wieCavatine
851 2025 112 49 und
1006 2027 156 49 Chor
1206 2044 97 33 aus
1345 2029 366 67 Euryanthe,

150 2115 83 33 aus
257 2101 264 50 Tancred
555 2103 111 58 und,
1127 2101 135 55 horribile
1263 2124 77 50 sogar
1341 2126 95 31 aus
1437 2109 40 48 der
1501 2110 175 49 Nacht-

151 2179 397 69 wandlerin*),
577 2183 84 49 auf
686 2184 104 48 dem
818 2187 307 64 Programme
1156 2188 124 48 eines
1305 2188 255 49 Redeactes
1590 2189 96 66 figu-

149 2260 142 60 riren,
334 2263 221 48 während
590 2264 83 47 wir
705 2264 117 50 doch
863 2265 133 50 einen
1029 2267 86 49 fast
1152 2268 357 49 erdrückenden
1545 2269 136 50 Reich-

150 2340 131 48 thum
315 2340 82 50 der
428 2343 304 49 herrlichsten
765 2344 333 69 Chorgesänge
1128 2348 113 48 aller
1272 2349 86 48 Art
1391 2348 216 58 besitzen,
1639 2349 72 48 die

150 2419 93 49 sich
276 2419 81 49 für
385 2422 330 49 Schulzwecke
744 2425 289 49 vortrefflich
1066 2427 198 64 eignen?
1325 2428 170 65 Häufig
1531 2428 180 49 besteht

151 2499 80 50 das
270 2502 275 66 Repertoire
588 2503 125 49 eines
756 2505 319 66 Sängerchors
1118 2508 334 65 vorzugsweise
1496 2526 82 31 aus
1621 2508 87 51 den

153 2580 638 68 Compositions-Versuchen
838 2588 79 46 des
958 2587 349 57 Musiklehrers,
1352 2588 222 49 wodurch
1621 2588 86 49 den

153 2662 227 49 Schülern
422 2663 122 49 nicht
577 2663 132 51 allein
742 2663 72 51 die
842 2665 116 57 Zeit,
1004 2667 190 49 Edleres
1226 2668 93 48 und
1350 2669 216 48 Besseres
1597 2669 82 48 ken-

151 2758 91 32 nen
264 2759 53 31 zu
338 2743 178 56 lernen,
543 2761 406 48 weggenommen,
973 2747 199 48 sondern
1194 2748 64 47 oft
1275 2748 117 48 auch
1420 2749 88 48 alle
1526 2748 184 49 Freude

153 2837 73 33 am
254 2823 215 65 Gesänge
499 2824 219 48 verleidet
741 2824 130 51 wird.
903 2827 197 48 Manche
1125 2828 345 65 Gesanglehrer
1493 2828 213 49 scheinen

153 2918 85 48 gar
268 2919 84 32 von
385 2903 81 48 der
498 2904 222 65 Meinung
753 2905 229 65 befangen
1014 2924 52 31 zu
1098 2908 113 55 sein,
1255 2908 86 48 wie
1382 2926 107 30 man
1533 2909 144 65 wenig-

151 2989 122 41 stens
315 2999 80 32 aus
426 2982 84 49 der
541 2984 144 48 Wahl
727 2984 124 48 ihrer
883 2987 352 64 Gesangstücke
1277 2988 243 48 schliessen
1567 3006 141 42 muss,

149 3060 82 50 der
261 3063 169 48 Zweck
473 3063 181 49 solcher
686 3065 551 65 Musik-Aufführungen
1278 3069 60 47 sei
1372 3069 335 61 vorzugsweise

149 3142 99 58 der,
281 3144 258 48 Heiterkeit
572 3143 70 49 bei
672 3145 227 49 Schülern
931 3147 92 48 und
1048 3148 245 49 Zuhörern
1329 3148 377 56 hervorzurufen,

149 3223 114 48 aber
295 3225 123 47 nicht
446 3224 43 48 in
522 3224 104 50 dem
659 3227 140 48 Sinne
830 3225 78 49 des
938 3228 260 65 Spruches:
1240 3267 57 19 „„
1308 3229 97 51 Res
1438 3246 162 34 severa
1641 3230 70 49 est

148 3318 162 36 verum
343 3300 236 71 gaudium
743 3305 156 50 Wenn
934 3324 91 30 nun
1057 3307 118 48 noch
1208 3308 114 48 dazu
1367 3309 194 55 kommt,
1604 3309 104 48 dass

149 3383 72 49 die
253 3385 371 64 Aufführungen
661 3403 50 32 so
750 3387 141 48 selten
934 3387 141 48 selbst
1105 3387 87 49 den
1235 3391 269 60 massigsten
1538 3389 141 50 Anfor-

150 3463 240 65 derungen
423 3465 324 65 entsprechen,
778 3465 72 49 die
882 3483 104 32 man
1018 3467 43 47 in
1090 3468 151 62 Bezug
1273 3468 81 48 auf
1382 3469 216 49 Reinheit
1627 3469 81 49 der

150 3544 281 56 Intonation,
466 3545 254 68 Rhythmik
755 3547 90 48 und
882 3547 228 67 Dynamik
1146 3565 56 31 an
1236 3548 86 48 den
1350 3549 202 62 Vortrag
1585 3551 123 47 eines

151 3624 342 50 Musikstückes
534 3627 160 48 stellen
741 3645 139 36 muss,
926 3645 132 30 wenn
1105 3629 328 51 Musiklehrer,
1485 3631 60 47 im
1594 3629 85 49 Ver-

149 3713 165 39 trauen
360 3705 82 47 auf
475 3705 73 49 die
588 3705 317 50 musicalische
938 3708 309 47 Unkenntniss
1279 3707 80 49 der
1390 3709 289 49 Schulbehör-

149 3783 105 53 den,
285 3784 94 48 sich
413 3785 42 47 in
488 3787 128 45 ihren
644 3787 281 62 Leistungen
955 3788 167 47 Fehler
1155 3788 90 47 und
1280 3789 428 63 Nachlässigkeiten

148 3883 53 31 zu
234 3865 234 49 Schulden
502 3868 218 47 kommen
753 3868 164 53 lassen,
958 3868 71 48 die
1070 3868 40 48 in
1137 3868 155 66 jedem
1327 3869 202 49 anderen
1562 3871 119 48 Lehr-

151 3946 130 48 fache
313 3946 100 48 eine
444 3947 135 61 Rüge
610 3948 117 48 nach
758 3948 93 48 sich
884 3949 156 47 ziehen
1075 3948 213 62 würden,
1320 3966 48 32 so
1396 3954 182 45 müssen
1604 3951 83 48 frei-

150 4026 85 48 lich
275 4027 379 65 Erscheinungen
687 4045 51 30 zu
771 4028 130 64 Tage
932 4036 166 48 treten,
1129 4027 71 49 die
1232 4028 116 50 eben
1381 4046 49 33 so
1462 4047 149 48 gegen
1636 4029 74 50 die

256 4226 38 47 *)
329 4228 97 34 Dass
456 4227 66 35 das
550 4226 85 35 hier
664 4226 241 47 Angeführte
935 4237 69 25 aus
1035 4228 276 46 Programmen
1343 4227 174 37 entlehnt
1546 4229 67 45 sei,
1644 4228 44 37 be-

149 4290 88 37 darf
259 4291 77 34 fast
364 4290 67 36 der
459 4289 325 36 ausdrücklichen
816 4289 301 49 Versicherung.

1814 348 187 49 Würde
2025 348 82 49 der
2129 348 246 49 Tonkunst
2406 346 64 50 als
2501 363 148 48 gegen
2675 346 86 50 den
2789 348 140 48 Ernst
2959 345 84 50 der
3067 344 172 51 Schule
3267 360 78 32 Ver-

1811 434 173 43 stössen
2017 429 91 48 und
2141 429 271 65 überhaupt
2444 426 81 49 mit
2554 426 82 49 der
2660 428 395 61 Lehr-Methode,
3095 426 90 49 den
3216 424 155 49 Zielen

1813 506 91 50 und
1951 509 230 48 Zwecken
2229 509 127 48 einer
2403 506 391 50 humanistischen
2829 505 436 69 Bildungs-Anstalt
3310 504 61 48 im

1811 586 252 52 schärfsten
2092 586 377 70 Widerspruche

2393 665 208 68 (Schluss
2632 664 146 67 folgt.)

1981 907 100 56 Das
2121 907 167 57 vierte
2328 905 530 74 mecklenburgische
2898 903 287 57 Musikfest.

2352 1034 191 49 (Schluss.
2587 1035 36 36 S.
2654 1035 66 36 Nr.
2750 1030 80 49 24.)

1929 1150 50 48 In
2012 1149 104 49 dem
2148 1149 241 49 zweiten
2422 1149 291 49 Concerte
2745 1146 160 50 feierte
2929 1146 218 50 zunächst
3170 1146 81 50 das
3276 1148 64 49 Or-

1811 1230 182 50 chester
2035 1230 155 49 seinen
2237 1229 255 66 Ehrentag.
2549 1229 377 50 Schumann's
2970 1226 402 51 i?-e?w-Sinfonie

1814 1309 91 50 und
1951 1309 71 48 die
2067 1324 158 51 grosse
2255 1308 543 49 Leonoren-Ouverture
2839 1323 158 33 waren
3042 1306 72 49 die
3150 1306 95 50 ihm
3292 1323 51 49 ge-

1810 1390 180 49 stellten
2023 1389 267 66 Aufgaben,
2319 1389 143 48 deren
2492 1389 189 65 Lösung
2712 1388 86 49 den
2840 1386 282 66 vereinigten
3161 1386 188 51 vortreff-

1813 1470 146 49 lichen
1995 1470 190 49 Kräften
2227 1468 83 51 auf
2335 1468 81 49 das
2453 1468 216 48 schönste
2698 1469 185 64 gelang,
2926 1484 51 32 so
3008 1466 104 50 dass
3142 1466 118 50 auch
3293 1466 79 50 das

1814 1549 244 48 Publicum
2102 1567 53 30 zu
2195 1549 127 48 einer
2354 1550 301 63 Aeusserung
2691 1548 150 48 seiner
2872 1546 308 50 Theilnahme
3211 1546 135 67 hinge-

1813 1630 142 49 rissen
1989 1629 178 57 wurde,
2210 1647 52 30 zu
2309 1628 201 48 welcher
2539 1644 46 31 es
2616 1644 74 32 am
2724 1626 196 50 Abende
2962 1626 168 49 vorher
3174 1625 71 50 bei
3286 1626 57 49 im-

1814 1709 179 48 merhin
2025 1709 147 66 gleich
2205 1708 244 66 würdigen
2482 1706 502 67 Gesammtleistungen
3023 1706 126 49 nicht
3178 1705 161 66 gekom-

1814 1806 104 33 men
1952 1806 111 31 war.
2096 1789 49 48 In
2178 1788 231 56 frischem,
2441 1787 295 66 lebendigem
2766 1788 131 63 Zuge
2928 1785 111 66 ging
3070 1785 72 48 die
3166 1785 205 50 Sinfonie

1813 1886 57 33 an
1901 1886 84 31 uns
2017 1868 218 58 vorüber,
2267 1869 84 48 voll
2385 1867 234 49 festlichen
2658 1867 291 64 Schwunges
2986 1865 83 49 der
3098 1873 119 41 erste
3248 1867 124 55 Satz,

1811 1948 85 51 tief
1923 1948 282 67 empfunden
2238 1948 93 48 und
2354 1964 101 33 vom
2482 1947 198 49 Hauche
2704 1947 81 48 der
2810 1945 262 51 Sehnsucht
3095 1945 277 49 durchweht

1814 2029 80 48 das
1924 2028 201 66 Adagio,
2158 2028 179 65 markig
2378 2028 91 48 und
2505 2027 203 64 wuchtig
2737 2025 81 51 das
2849 2025 217 55 Scherzo,
3111 2025 137 49 leicht
3277 2025 93 49 und

1814 2109 179 66 graziös
2025 2109 71 48 die
2129 2108 165 51 beiden
2321 2109 148 48 Trio's
2493 2107 259 58 desselben,
2782 2108 85 48 voll
2892 2107 243 55 rastlosen,
3166 2105 177 50 treiben-

1814 2189 86 50 den
1924 2189 186 50 Lebens
2134 2189 80 50 das
2238 2189 175 48 Finale.
2446 2189 61 48 So
2534 2187 104 49 kam
2666 2188 124 48 Alles
2821 2187 43 48 in
2890 2185 104 50 dem
3020 2185 352 51 Meisterwerke

1811 2287 80 32 zur
1921 2269 466 48 charakteristischen
2415 2267 339 66 Wiedergabe,
2784 2265 93 50 und
2907 2265 82 50 das
3020 2282 98 32 war
3149 2265 80 50 das
3255 2265 87 50 Ver-

1811 2348 149 49 dienst
2003 2348 79 49 des
2122 2349 294 65 Dirigenten,
2459 2347 80 49 des
2583 2348 154 48 Herrn
2783 2345 494 66 Hof-Capellmeisters
3316 2347 55 47 A.

1810 2428 273 57 Schmitt;
2114 2428 102 48 dass
2248 2427 212 49 daneben
2493 2427 71 48 ein
2591 2427 185 64 völliges
2802 2425 225 65 Gelingen
3053 2425 112 49 aller
3193 2424 150 48 Einzel-

1810 2508 151 49 heiten
1994 2508 73 48 die
2097 2508 309 63 Aufführung
2445 2505 338 57 auszeichnete,
2827 2505 141 50 dafür
3006 2503 99 49 sind
3149 2504 82 48 wir
3264 2504 103 48 dem

1809 2588 256 51 Orchester
2095 2588 92 48 und
2219 2589 154 47 seinen
2409 2588 213 48 Führern
2661 2604 53 31 zu
2746 2587 124 48 nicht
2914 2584 255 50 minderem
3202 2584 168 50 Danke

1809 2668 302 67 verpflichtet.
2163 2669 95 48 Der
2290 2667 277 66 begeisterte
2596 2667 203 64 Vortrag
2830 2665 81 50 der
2943 2664 423 50 Beethoven'schen

1809 2749 268 50 Ouvertüre
2134 2766 96 31 war
2298 2764 85 33 von
2454 2745 354 59 hinreissender,
2879 2745 125 50 Alles
3062 2744 308 67 besiegender

1811 2828 257 66 Wirkung.

1926 2908 240 51 Zwischen
2216 2908 204 48 Sinfonie
2472 2905 92 50 und
2614 2907 268 48 Ouvertüre
2930 2902 135 50 stand
3124 2903 239 48 Hiller's

1820 2989 250 66 „Hymne
2116 3004 65 32 an
2227 2987 86 48 die
2671 2985 97 49 Der
2808 2982 268 50 Altmeister
3119 2982 248 49 deutscher

1807 3069 153 48 Kunst
1992 3068 127 49 ward
2153 3086 71 30 am
2257 3065 405 66 Dirigentenpulte
2702 3065 81 49 mit
2815 3063 325 66 begeistertem
3175 3063 188 48 Beifalle

1810 3148 230 63 begrüsst,
2074 3148 192 48 Blumen
2299 3147 91 48 und
2425 3147 179 47 Kränze
2637 3144 151 65 flogen
2827 3144 94 48 ihm
2967 3149 245 59 entgegen.
3272 3143 93 48 Das

1806 3229 189 54 schöne,
2030 3227 395 63 wirkungsreiche
2453 3225 151 50 Werk
2630 3224 126 50 ward
2784 3242 84 30 von
2895 3224 86 48 den
3005 3222 357 50 Mitwirkenden

1810 3309 80 48 mit
1931 3308 141 48 Liebe
2117 3308 92 48 und
2249 3308 338 63 Begeisterung
2633 3314 334 55 vorgetragen;
3011 3304 72 47 die
3124 3303 241 65 Wirkung

1810 3389 80 47 der
1922 3389 155 49 Chöre
2107 3388 186 66 gipfelte
2326 3388 122 48 wohl
2487 3387 43 48 in
2572 3385 81 49 der
2683 3387 228 48 Nummer
2944 3383 55 49 7:
3042 3384 94 56 „Er
3165 3383 169 51 verkün-

1809 3468 77 48 det
1923 3468 80 48 das
2290 3468 85 47 Die
2407 3465 317 66 Composition
2769 3465 56 47 ist
2865 3481 50 31 so
2961 3464 129 47 recht
3133 3463 233 65 geeignet,

1810 3549 131 49 einen
1961 3548 353 62 vollstimmigen
2333 3547 127 49 Chor
2483 3565 79 30 zur
2585 3545 244 50 schönsten
2850 3544 203 64 Geltung
3071 3561 53 30 zu
3152 3544 213 64 bringen,

1813 3629 90 49 und
1937 3628 122 48 diese
2092 3628 305 64 Gelegenheit
2427 3627 101 48 liess
2558 3642 105 32 man
2694 3625 93 50 sich
2820 3624 218 65 nirgends
3070 3623 248 65 entgehen.

1932 3709 121 47 Herr
2093 3709 80 49 Dr.
2206 3709 154 47 Gunz
2406 3707 231 48 excellirte
2680 3705 43 47 in
2768 3705 155 49 seinen
2957 3703 400 63 Solo-Vorträgen

1811 3805 79 31 vor
1923 3789 147 47 Allem
2103 3788 44 47 in
2178 3787 103 48 dem
2318 3785 212 50 Andante
2561 3787 43 45 in
2636 3783 181 52 A-moll
2827 3803 12 31 :
2876 3785 127 56 „Aus
3033 3783 179 48 deinem
3241 3783 121 63 Aug'

1811 3869 70 47 ein
1913 3868 199 64 einziger
2404 3868 93 47 Der
2531 3868 122 47 Frau
2688 3863 467 56 Röske-Lundh,
3188 3863 177 48 welche

1810 3947 150 51 neben
1993 3948 93 48 ihm
2120 3948 179 56 wirkte,
2329 3947 153 48 schien
2515 3947 74 48 die
2618 3963 142 49 ganze
2785 3944 284 64 Auffassung
3099 3942 125 49 ihrer
3248 3943 85 48 Auf-

1810 4028 122 66 gabe
1962 4028 248 65 allerdings
2243 4028 154 47 besser
2427 4027 250 65 gelungen,
2722 4027 65 48 als
2825 4026 59 48 im
3229 4023 133 48 allein

1810 4108 72 48 die
1907 4108 260 48 Intonation
2192 4107 68 48 litt
2289 4107 117 48 doch
2434 4123 54 32 an
2514 4125 52 30 zu
2591 4104 333 51 bedenklichen
2949 4102 416 64 Schwankungen,

1811 4188 64 50 als
1918 4187 103 49 dass
2064 4187 71 49 ein
2180 4187 151 48 reiner
2362 4188 322 64 Kunstgenuss
2723 4184 198 66 möglich
2962 4201 216 47 gewesen
3222 4187 140 44 wäre.

1809 4267 264 66 Allerdings
2122 4267 140 49 bietet
2300 4267 82 49 das
2415 4266 151 50 Werk
2611 4264 291 51 bedeutende
2934 4263 429 66 Schwierigkeiten,

3052 4341 70 69 [*J
