3510 4381
1798 108 102 50 176

580 252 179 70 Tages-
801 249 99 55 und
929 249 579 73 Unterhaltungs-Blatt.

366 376 77 34 Das
472 372 61 37 40.
562 372 167 36 nieder
740 369 286 37 rheinische
1065 367 268 35 Musikfest
1364 369 48 32 ist
1441 378 45 22 zu
1517 366 296 34 Düsseldorf

287 448 44 23 an
364 435 69 34 den
464 434 77 34 drei
570 433 257 46 Pfingsttagen
856 441 85 23 vom
973 425 139 37 24.—2
1117 426 32 37 G.
1180 428 75 33 Mai
1286 432 109 29 unter
1425 427 64 34 der
1518 428 198 33 Direction
1747 426 64 34 des

287 496 121 34 Herrn
439 493 109 34 Otto
580 489 337 38 Goldschmidt
946 499 67 23 aus
1042 487 209 46 Hamburg,
1293 488 262 45 gegenwärtig
1582 487 38 33 in
1649 486 161 34 London

286 553 205 42 wohnhaft,
531 552 76 34 und
650 551 64 34 des
743 550 123 33 Herrn
895 547 194 35 Tausch
1128 558 74 22 von
1232 546 228 35 Düsseldorf
1498 552 109 29 unter
1630 546 84 34 dem
1738 546 50 33 Zu-

287 616 164 31 strömen
479 622 74 23 von
581 610 97 34 nahe
707 620 46 22 an
781 606 101 37 2000
910 607 193 33 Zuhörern
1140 607 158 44 gefeiert
1328 606 163 34 worden.
1550 606 166 34 Grossen
1745 606 44 33 Er-

286 672 78 45 folg
393 672 126 33 hatten
548 668 59 37 die
637 668 288 44 Aufführungen
955 666 65 34 des
1048 665 136 35 Elias
1213 677 74 23 von
1315 665 366 43 Mendelssohn,
1712 665 101 33 dann

286 744 68 22 vor
370 731 123 34 Allem
517 730 64 34 der
602 727 285 37 Cäcilien-O
901 727 51 33 de
980 737 74 23 von
1084 725 205 42 Händel,
1321 726 64 34 des
1410 726 135 33 dritten
1566 726 154 34 Theiles
1749 724 66 36 der

645 799 75 23 von
758 787 38 34 J.
825 786 193 46 Haydn,
1060 785 144 34 sowohl
1247 785 115 34 durch
1409 785 69 33 den
1510 785 278 35 Gesammt-Ein-

287 850 117 35 druck
433 850 63 34 der
523 849 232 44 Leistungen
786 847 63 33 des
879 846 120 34 Chors
1028 842 104 49 (780)
1160 844 78 34 und
1267 844 64 35 des
1360 844 221 35 Orchesters
1611 843 117 48 (140),
1759 844 55 35 als

287 912 118 34 durch
428 910 58 35 die
508 907 287 48 begeisternden
817 907 294 43 Solo-Vorträge
1140 905 104 33 einer
1270 905 157 45 Jenny
1457 905 355 35 Goldschmidt-

286 973 142 45 Lind,
477 972 103 33 eines
621 968 143 35 Stock
776 967 176 34 hausen
995 966 75 33 und
1112 966 64 35 Dr.
1208 965 130 34 Gunz
1381 965 77 34 und
1500 966 65 35 des
1609 966 201 34 Fräuleins

287 1044 89 23 von
419 1030 270 44 Edelsberg
730 1024 100 50 (Alt)
874 1037 67 23 aus
977 1026 203 34 München.
1238 1026 71 34 Die
1338 1023 211 37 Einnahme
1579 1027 64 33 hat
1674 1023 139 49 13,000

288 1093 104 35 Thlr.
413 1091 249 45 überstiegen.
690 1086 308 36 Ausführlichere
1014 1086 176 34 Berichte
1218 1086 38 33 in
1285 1086 72 34 den
1388 1086 185 35 nächsten
1594 1086 219 35 Nummern.

364 1198 21 22 *
412 1193 281 39 Münster.
749 1193 71 33 Mit
861 1192 81 33 dem
988 1190 230 34 zwölften
1249 1190 185 35 Concerte
1471 1202 57 22 am
1559 1188 34 37 9.
1624 1192 79 33 Mai
1731 1190 84 35 sind

286 1268 134 24 unsere
448 1253 500 42 Vereins-Concerte,
980 1251 143 34 welche
1145 1256 110 28 unter
1277 1251 64 33 der
1362 1250 246 46 geschickten
1629 1251 79 33 und
1735 1263 54 23 um-

286 1317 183 45 sichtigen
499 1314 165 45 Leitung
704 1313 63 34 des
794 1312 345 35 Musik-Directors
1168 1312 123 33 Herrn
1320 1310 98 36 Jul.
1449 1311 44 34 O.
1525 1312 173 33 Grimm
1744 1323 71 23 uns

284 1378 140 33 schöne
453 1375 288 45 Kunstgenüsse
768 1373 161 46 geboten
958 1372 136 44 haben,
1123 1371 244 47 geschlossen
1398 1372 163 34 worden.
1605 1373 55 33 Im
1692 1378 123 29 ersten

284 1435 130 36 Theile
442 1434 133 35 hörten
604 1434 68 33 wir
701 1431 310 37 Cherubini's
1041 1431 212 35 Ouvertüre
1281 1442 85 22 zum
1397 1431 291 46 Wasserträger,
1719 1432 95 33 zwei

282 1496 136 36 Lieder
446 1495 74 46 (für
548 1495 83 34 eine
660 1493 230 44 Altstimme)
933 1504 75 22 von
1036 1491 349 35 Mendelssohn
1427 1492 76 33 und
1547 1492 266 43 Schubert,

284 1557 66 35 das
379 1556 162 36 Concert
567 1556 37 32 in
635 1554 143 35 A-nnoll
819 1554 60 33 für
907 1552 151 35 Violine
1086 1563 73 22 von
1190 1551 149 44 Rode,
1382 1553 162 44 gespielt
1585 1564 73 23 von
1689 1553 124 34 Herrn

286 1616 315 36 Concertmeister
630 1615 43 34 G.
704 1615 44 31 A.
778 1613 268 45 Bargheer,
1091 1612 76 34 und
1210 1613 85 33 eine
1338 1612 204 46 Neuigkeit
1580 1625 76 22 von
1698 1614 38 35 J.
1768 1613 45 36 O.

286 1678 173 34 Grimm
500 1676 60 33 für
600 1674 91 42 Soli,
736 1673 99 36 Chor
877 1672 77 34 und
988 1672 205 36 Orchester
1234 1673 69 33 auf
1340 1674 61 31 ein
1432 1673 182 34 Gedicht:
1648 1673 165 46 ~Seele

284 1736 94 36 und
572 1746 74 23 von
675 1734 159 34 Levin
863 1733 294 46 Schücking.
1200 1733 78 34 Das
1310 1733 115 35 Werk
1455 1732 266 48 (Manuscript)
1750 1735 65 33 hat

283 1799 68 33 mit
378 1796 121 36 Recht
526 1793 393 37 ausserordentlichen
949 1793 130 46 Erfolg
1107 1793 160 45 gehabt;
1299 1804 39 23 es
1366 1794 49 33 ist
1445 1794 83 34 eine
1558 1794 152 43 schöne,
1740 1806 70 22 von

283 1855 387 47 Erfindungs-Talent
709 1853 79 35 und
828 1853 241 47 geschickter
1099 1853 302 45 Stimmführung
1430 1855 193 44 zeugende
1654 1855 134 45 Compo-

285 1918 124 34 sition.
452 1916 112 34 deren
592 1914 259 46 Herausgabe,
900 1913 46 34 da
988 1924 37 23 es
1065 1914 134 32 immer
1239 1913 99 34 noch
1368 1925 46 22 an
1444 1913 160 34 vocalen
1634 1914 158 36 Concert-

285 1977 160 35 stücken
486 1987 74 23 von
606 1975 202 44 mässigem
837 1973 188 45 Umfange
1072 1971 106 47 fehlt,
1220 1972 99 34 allen
1362 1973 333 46 Gesangvereinen
1737 1974 78 34 und

286 2033 378 39 Concert-Anstalten
693 2034 84 33 sehr
805 2033 259 34 willkommen
1095 2034 80 33 sein
1206 2033 138 34 würde.

366 2137 323 38 Beethoven's
730 2138 164 35 sieben
937 2138 138 34 Trios
1118 2138 60 33 für
1208 2137 144 47 Geigen
1396 2138 76 33 und
1502 2138 133 36 Bläser
1663 2138 84 34 sind
1775 2139 38 33 in

283 2202 166 35 Partitur
476 2211 74 23 neu
580 2199 219 35 erschienen
831 2199 37 33 in
898 2197 148 35 Holle's
1074 2197 135 47 Verlag
1237 2210 47 22 zu
1314 2199 81 33 dem
1418 2199 131 35 Preise
1576 2210 73 23 von
1674 2197 16 37 1
1711 2198 104 37 Thlr.

284 2263 59 32 für
371 2258 48 39 80
449 2260 125 34 Seiten
602 2260 38 32 in
669 2258 64 34 der
760 2258 227 46 gewohnten
1018 2258 264 46 Ausstattung.
1313 2260 77 33 Vor
1410 2260 166 33 Kurzem
1605 2261 83 33 sind
1717 2261 99 33 auch

286 2322 59 34 die
374 2319 227 37 siebeuzehn
632 2318 363 45 Geigen-Quartette
1034 2319 36 32 in
1101 2318 166 34 Partitur
1308 2331 46 21 zu
1385 2317 23 37 3
1437 2319 131 36 Thlrn.
1611 2331 73 23 von
1715 2320 76 34 dem-

286 2382 128 35 selben
433 2379 181 46 Verleger
642 2390 74 22 neu
740 2377 320 46 herausgegeben.
1090 2378 68 33 Bei
1177 2377 144 34 Beiden
1352 2379 221 35 wünschten
1603 2380 67 33 wir
1700 2383 116 30 etwas

284 2445 198 43 grösseren
512 2439 132 35 Druck
673 2439 59 33 für
760 2438 74 34 alte
863 2438 150 45 Augen,
1057 2438 178 33 während
1278 2449 70 23 uns
1376 2445 105 28 sonst
1510 2439 58 35 die
1599 2439 121 36 Sache
1749 2450 68 35 gar

285 2502 98 35 wohl
411 2500 134 47 gefällt
572 2500 77 33 und
678 2499 82 34 dem
790 2498 174 35 Studium
993 2498 145 34 sowohl
1167 2497 55 34 als
1252 2498 64 34 der
1345 2499 252 47 Verbreitung
1639 2501 70 33 mit
1746 2500 72 34 den

285 2561 214 36 wohlfeilen
529 2558 206 48 Ausgaben
776 2558 153 46 gedient
970 2558 59 33 ist.
1086 2558 108 33 Auch
1237 2558 59 33 die
1324 2558 310 36 Einzelstimmen
1665 2560 83 34 sind
1775 2560 39 32 in

287 2620 213 37 demselben
529 2619 160 45 Verlage
717 2619 38 33 in
785 2618 414 45 verhältnissmässiger
1227 2617 198 47 Billigkeit
1453 2619 235 36 erschienen.
1733 2620 83 33 Den

286 2682 125 36 Inhalt
430 2680 224 46 anlangend,
682 2678 200 36 bemerken
915 2679 78 42 wir,
1024 2678 84 34 dass
1139 2678 59 34 die
1226 2678 88 34 fünf
1338 2684 122 29 ersten
1477 2679 142 35 Stücke
1642 2680 63 34 des
1728 2692 64 22 vor-

287 2744 199 46 liegenden
522 2742 150 33 Bandes
715 2740 366 45 Geigen-Trios
1122 2739 85 34 sind
1314 2739 163 45 Violine,
1509 2741 121 44 Viola,
1660 2740 135 36 Violon-

287 2805 96 35 cello
490 2801 77 35 und
609 2800 178 34 ziemlich
821 2799 178 44 bekannt,
1048 2799 97 35 auch
1185 2802 39 32 in
1254 2799 451 49 Ciavierbearbeitungen
1736 2813 61 23 ver-

285 2865 145 34 breitet.
461 2863 54 33 Im
546 2860 171 47 Original
754 2860 147 46 gehört,
941 2859 224 35 überrascht
1208 2860 58 34 die
1308 2861 142 34 schöne
1479 2862 339 47 Vollstimmigkeit

286 2926 65 33 des
381 2923 169 45 Klanges
579 2920 77 36 und
685 2921 65 34 der
776 2921 225 45 specifische
1032 2921 289 46 Geigenton.
1376 2923 116 33 Diese
1521 2923 125 34 wahre
1673 2923 125 35 Instru-

284 2985 212 36 mentalität
524 2983 175 34 zeichnet
740 2982 59 33 die
827 2981 353 36 Beethoven'schen
1209 2984 109 33 Trios
1360 2984 77 33 und
1481 2983 222 43 Quartetten
1746 2996 70 23 vor

284 3045 124 35 vielen
437 3047 174 43 späteren
648 3055 68 21 aus
757 3043 77 33 und
861 3043 93 33 wird
983 3054 71 23 nur
1082 3054 73 24 von
1184 3044 139 45 Haydn
1353 3045 77 33 und
1458 3045 147 33 Mozart
1632 3045 165 35 übertrof-

284 3106 75 47 fen,
401 3106 105 33 nicht
541 3116 47 22 an
624 3103 121 47 Fülle,
792 3103 89 34 aber
921 3114 45 23 an
999 3103 224 50 Süssigkeit.
1278 3106 79 33 Das
1389 3106 147 34 sechste
1565 3107 88 33 Trio
1683 3107 49 34 ist
1760 3107 58 33 die

286 3165 182 35 ebenfalls
508 3165 191 34 bekannte
740 3165 76 34 und
854 3166 54 34 oft
949 3166 208 46 arrangirte
1194 3166 188 34 Serenade
1411 3166 70 46 Op.
1512 3165 46 36 95
1599 3166 134 35 D-dur
1760 3168 58 34 für

284 3226 121 43 Flöte,
435 3226 110 34 obere
573 3226 77 33 und
679 3225 160 35 mittlere
868 3227 138 46 Geige:
1051 3232 117 29 etwas
1210 3227 170 45 spielend
1423 3227 77 34 und
1537 3227 279 36 unbedeutend.

284 3287 138 45 Wenig
449 3286 169 35 bekannt
646 3285 93 35 wird
765 3286 65 34 das
858 3285 168 35 siebente
1055 3288 89 33 Trio
1175 3288 80 33 sein
1279 3287 60 34 für
1362 3289 94 32 zwei
1476 3288 131 34 Oboen
1632 3288 78 35 und
1728 3300 68 34 eng-

281 3346 99 35 lisch
407 3347 119 43 Horn,
568 3346 69 46 Op.
668 3344 45 37 87
748 3345 123 36 C-dur
874 3375 8 18 ,
926 3348 97 34 auch
1064 3349 37 33 in
1143 3348 294 46 leichtfertigem
1465 3349 120 45 Tone,
1629 3349 89 35 aber
1753 3349 62 35 bei

285 3407 161 34 Weitem
474 3405 257 47 geistreicher,
760 3405 56 36 als
847 3407 65 33 das
940 3408 148 45 vorige;
1135 3409 59 32 ein
1234 3408 170 34 niedßch
1446 3408 193 47 eleganter
1668 3409 124 46 Haupt-

286 3473 89 37 satz,
404 3467 59 33 ein
491 3466 282 35 sentimentales
802 3466 148 47 Adagio
981 3469 76 32 und
1086 3467 217 35 neckendes
1326 3467 369 45 Menuett-Scherzo,
1725 3468 69 34 end-

284 3527 76 34 lich
390 3528 59 33 ein
477 3526 247 36 allerliebstes
751 3527 135 34 Finale
914 3527 78 35 voll
1021 3529 169 33 heiteren
1218 3528 167 34 Humors
1413 3530 38 33 in
1481 3528 174 47 Haydn's
1685 3528 83 36 Stil.

1616 3591 42 33 E.
1689 3591 46 36 K.

362 3692 72 33 Am
465 3690 59 36 14.
555 3691 33 36 d.
616 3692 85 34 Mts.
744 3692 100 35 starb
888 3694 38 33 in
966 3694 155 33 Mainz
1165 3694 63 34 der
1256 3695 38 33 in
1326 3694 70 34 den
1425 3696 195 34 weitesten
1651 3696 160 34 Kreisen

284 3751 189 36 bekannte
491 3752 222 46 Componist
740 3753 178 35 Ferdin
933 3765 55 23 an
1005 3753 22 35 d
1054 3755 30 33 B
1100 3765 50 36 ey
1162 3767 47 22 er
1238 3755 98 34 nach
1359 3755 136 46 langen
1519 3756 78 34 und
1615 3756 195 35 schweren

284 3812 143 35 Leiden
456 3812 146 35 schnell
642 3812 77 34 und
752 3814 228 35 schmerzlos
1009 3826 46 22 an
1085 3816 124 34 einem
1240 3815 264 47 Schlagflusse.
1561 3817 78 35 Der
1668 3818 121 46 Hinge-

284 3873 203 35 schiedene
526 3884 77 23 war
630 3884 75 23 von
747 3873 111 47 allen,
901 3876 58 33 die
1000 3876 64 34 ihn
1105 3877 180 43 kannten,
1333 3878 123 33 seiner
1497 3878 316 35 unermüdlichen

287 3934 219 47 Thätigkeit
545 3934 77 35 und
663 3935 124 34 seines
830 3935 257 49 ehrenhaften,
1129 3938 176 34 biederen
1336 3938 225 36 Charakters
1590 3951 131 36 wegen
1749 3951 42 35 ge-

284 3992 92 36 liebt
401 3994 76 34 und
504 3994 190 47 geachtet.

2258 3542 72 49 pie
2627 3542 61 49 fd)c

1888 3600 189 36 erscheint
2107 3601 116 46 jeden
2262 3602 174 47 Samstag
2477 3605 39 33 in
2560 3605 123 33 einem
2726 3616 148 35 ganzen
2909 3605 131 46 Bogen
3085 3605 68 34 mit
3189 3603 236 47 zwanglosen

1888 3652 196 47 Beilagen.
2193 3654 78 33 Der
2293 3654 388 48 Abonnementspreis
2702 3656 149 46 beträgt
2885 3657 60 33 für
2974 3657 65 34 das
3060 3655 188 46 Halbjahr
3277 3653 23 37 2
3316 3655 110 40 Thlr.,

1887 3703 61 36 bei
1977 3704 72 34 den
2070 3704 47 34 K.
2147 3716 143 34 prenss.
2314 3706 311 35 Post-Anstalten
2653 3706 25 37 2
2693 3706 104 36 Thlr.
2824 3707 20 37 5
2865 3708 81 46 Sgr.
3003 3708 96 34 Eine
3128 3706 170 35 einzelne
3318 3707 81 35 Num-

1887 3767 79 22 mer
1994 3753 24 37 4
2047 3755 82 46 Sgr.

1992 3807 126 35 Briefe
2146 3807 79 35 und
2244 3807 278 48 Zusendungen
2558 3808 92 36 aller
2669 3811 70 34 Art
2768 3809 150 36 werden
2948 3814 111 31 unter
3088 3809 63 36 der
3177 3809 165 36 Adresse
3371 3807 58 35 der

1887 3859 53 35 M.
1971 3859 413 47 DuMont-Scliauberg
2388 3859 6 12 1
2400 3861 116 34 sehen
2545 3862 307 46 Buchhandlung
2879 3863 39 32 in
2947 3862 103 34 Köln
3080 3862 164 35 erbeten.

2007 3958 361 36 Verantwortlicher
2396 3958 287 49 Herausgeber:
2715 3960 100 35 Prof.
2850 3958 35 35 L
2888 3985 11 11 .
2929 3958 175 47 Bischoff
3127 3962 40 33 in
3196 3960 114 37 Köln.

1964 4010 198 47 Verleger:
2194 4011 48 34 M
2242 4039 6 8 .
2278 4010 432 49 DuMont-Schauberg'
2716 4012 89 34 sehe
2833 4012 305 47 Buchhandlung
3168 4013 39 34 in
3236 4012 116 35 Köln.

1922 4062 190 35 Drucker:
2149 4062 50 36 M.
2231 4061 420 50 DuMont-Schauberg
2679 4064 39 33 in
2747 4063 113 45 Köln,
2900 4064 244 35 Breitstrasse
3174 4064 48 37 76
3248 4076 35 23 u.
3316 4062 61 39 78.

1987 409 51 37 So
2068 410 89 36 eben
2187 410 219 36 erschienen
2437 408 81 36 and
2545 407 122 37 durch
2695 409 74 35 alle
2797 408 127 36 Buch-
2954 410 83 34 und
3059 409 356 37 Musicalienhand-

1884 463 141 46 lungen
2052 474 46 22 zu
2127 461 195 36 beziehen:

1884 521 313 95 Ludwig
2241 547 146 52 van
2432 519 472 80 Beethoven's
2961 520 453 82 sämmtliche

2504 630 265 79 Werke

2057 751 122 30 Erste
2208 749 297 38 vollständige,
2535 748 165 31 überall
2730 749 261 38 berechtigte
3020 748 211 40 Ausgabe.

1886 806 37 36 P
1933 806 206 36 artitur-
2152 806 91 34 Aus
2251 805 86 46 gab
2352 816 28 23 e.
2425 804 74 37 Nr-.
2531 806 34 31 7.
2611 802 293 47 Symphonie
2934 803 73 36 Nr.
3041 807 33 43 7,
3123 803 66 46 Op.
3222 806 47 33 92
3299 805 42 36 in
3369 805 45 37 A.

2194 870 38 23 n.
2264 859 22 32 2
2324 856 104 35 Thlr.
2460 857 49 32 12
2540 854 96 47 Ngr.

2094 909 72 37 Nr.
2197 910 61 43 85,
2288 910 61 33 86.
2401 907 146 34 Trios
2580 908 78 44 für
2687 904 239 46 Piano/orte,
2968 907 145 35 Violine
3149 908 82 35 und
3270 908 147 37 Violon-

2196 960 69 35 cell
2291 960 42 34 in
2361 957 104 36 Bin
2495 958 119 36 einem
2644 957 110 37 Satze
2861 958 82 35 und
2970 957 42 37 in
3035 959 52 35 Bs
3118 959 82 45 (mit
3229 959 188 49 beigefüg-

2197 1018 62 28 ten
2289 1009 214 47 Stimmen),
2533 1023 38 22 n.
2599 1009 151 47 27Ngr.

2097 1064 71 36 Nr.
2199 1065 48 33 97
2254 1065 110 32 —99.
2408 1060 31 36 S
2448 1067 179 29 onaten
2658 1063 80 44 für
2766 1060 230 48 Pianoforte
3024 1062 82 36 und
3144 1063 157 37 Violine.
3349 1063 68 46 Op.

2197 1116 59 34 30.
2290 1114 71 36 Nr.
2394 1117 68 31 1—
2472 1114 33 34 3.
2562 1126 37 21 n.
2631 1115 22 32 2
2692 1112 106 36 Thlr.
2829 1115 21 32 9
2883 1114 96 47 Ngr.

2097 1166 72 36 Nr.
2199 1167 86 42 105,
2316 1168 87 33 106.
2447 1162 214 37 Sonaten
2693 1164 77 46 für
2808 1164 230 47 Pianoforte
3076 1168 82 34 und
3205 1166 214 39 Violoncell.

2202 1219 68 44 Op.
2301 1218 34 33 5.
2368 1216 71 37 Nr.
2537 1218 34 33 2.
2627 1229 38 21 n.
2695 1217 23 32 2
2755 1215 95 35 Thlr
2892 1218 23 33 3
2947 1218 96 45 Ngr.

2095 1268 75 35 Nr.
2200 1271 84 33 112.
2318 1266 184 37 Sonate
2521 1268 77 46 für
2625 1266 228 46 Pianoforte
2881 1269 83 35 und
2992 1269 124 36 Horn.
3174 1284 37 21 n.
3243 1273 49 33 18
3322 1270 97 47 Ngr.

2096 1320 72 37 Nr.
2198 1322 86 33 152.
2332 1319 180 36 Sonate
2544 1320 79 46 für
2658 1319 229 45 Pianoforte
2923 1321 76 35 solo
3038 1321 382 48 (Hammerciavier).

2202 1375 69 42 Op.
2294 1375 84 33 106.
2433 1385 38 22 n.
2501 1374 20 33 1
2558 1371 104 36 Thlr.
2694 1373 22 33 3
2749 1371 96 47 Ngr.

2097 1423 71 37 Nr.
2200 1426 76 33 187
2331 1425 86 33 190.
2450 1423 295 35 Phantasie.
2782 1425 68 43 Op.
2883 1427 58 32 77.
3032 1424 284 44 Polonaise,
3353 1429 67 42 Op.

2197 1477 61 34 89.
2288 1478 123 31 —ll
2452 1486 123 24 neue
2611 1474 322 48 Bagatellen,
2983 1479 68 43 Op.
3083 1479 85 34 119.
3277 1481 22 33 6
3328 1477 93 35 Ba-

2194 1527 238 47 gatellen,
2467 1526 67 45 Op.
2565 1528 87 34 126.
2709 1539 37 23 n.
2778 1529 19 31 1
2838 1527 105 36 Thlr.
2973 1529 23 34 3
3027 1529 97 47 Ngr.

1991 1587 220 49 Leipzig,
2239 1590 63 35 15.
2333 1588 87 35 Mai
2448 1589 113 34 1863.

2636 1647 349 49 Breiihopf
3002 1650 51 50 &
3081 1651 238 38 Härtel.

1991 1734 62 36 Im
2092 1735 160 47 Verlage
2293 1748 73 24 von
2396 1735 38 36 J.
2465 1736 47 35 A.
2544 1735 298 37 Schlossers
2885 1738 126 36 Buch-
3056 1739 82 35 und
3166 1739 254 37 Kunsthand-

1887 1787 93 47 lung
2008 1788 41 34 in
2077 1787 204 48 Augsburg
2308 1788 48 35 ist
2382 1799 38 23 so
2450 1788 90 35 eben
2570 1788 219 36 erschienen
2817 1790 83 35 und
2928 1790 123 36 durch
3081 1792 75 34 alle
3185 1792 237 35 Buchhand-

1888 1840 141 45 lungen
2065 1851 47 22 zu
2140 1839 173 36 beziehen
2358 1839 61 45 (in
2460 1839 106 36 Köln
2610 1840 123 35 durch
2773 1840 61 36 die
2874 1842 50 35 M
2971 1842 221 36 DuMont
3208 1865 10 5 -
3235 1842 187 37 Schau-

1889 1891 122 47 berg'
2023 1891 85 35 sehe
2136 1891 359 48 Buchhandlung):

2002 1955 221 67 Ißtifs
2663 1956 484 66 deutsche

2202 2072 100 33 von
2346 2056 197 47 seinen
2589 2065 188 40 ersten
2821 2059 292 65 Anfängen

2633 2138 55 36 bis

2376 2200 89 58 auf
2495 2199 76 58 bte
2597 2200 182 70 neuere

2495 2287 219 46 dargestellt
2740 2298 77 24 von

2331 2346 73 35 H.
2451 2346 77 37 Jft.
2579 2346 405 39 SeMetterev.

1985 2406 63 35 Gr.
2079 2404 34 37 8.
2145 2406 104 47 Eleg.
2279 2407 148 34 brosch.
2456 2408 107 34 Preis
2593 2407 22 37 3
2645 2407 57 36 Fl.
2733 2407 49 37 30
2813 2411 66 35 Kr,
2909 2410 117 36 rliein.
3060 2411 89 36 oder
3179 2408 22 37 2
3231 2411 103 35 Thlr.

1994 2467 82 34 Das
2105 2467 239 47 vorliegende
2385 2468 122 46 Werk,
2546 2468 41 35 in
2615 2468 174 36 ivelcliem
2826 2482 84 23 zum
2939 2476 123 30 ersten
3097 2472 102 35 Male
3228 2471 61 36 ein
3319 2472 106 35 wich-

1889 2518 96 48 tiger
2013 2518 196 36 Abschnitt
2250 2531 161 24 unserer
2452 2520 219 35 Literatur-
2714 2521 83 35 und
2836 2522 343 47 Musikgeschichte
3218 2524 210 46 eingehend

1888 2569 84 36 und
1997 2569 207 48 gründlich
2233 2571 227 45 besprochen
2490 2571 107 46 wird,
2625 2573 78 46 gibt
2730 2573 41 35 in
2799 2574 141 35 seinem
2961 2574 252 46 Haupttheile
3243 2575 60 36 die
3333 2576 92 35 Ent-

1889 2621 416 48 wicklungsgeschichte
2334 2623 63 35 des
2426 2623 204 37 deutschen
2658 2623 208 48 Singspiels
2893 2625 43 36 in
2963 2627 193 46 möglichst
3186 2628 241 46 erschöpfen-

1889 2674 70 35 der
1999 2674 125 44 Weise,
2154 2674 111 36 dabei
2291 2674 105 36 nicht
2423 2688 77 22 nur
2530 2677 76 45 auf
2630 2677 60 34 die
2719 2677 269 46 musicalische,
3031 2679 168 35 sondern
3229 2681 100 34 auch
3358 2681 74 45 auf

1889 2726 61 35 die
1975 2726 187 45 poetische
2190 2726 82 36 und
2300 2728 137 34 sociale
2468 2726 100 36 Seite
2597 2728 63 35 des
2684 2729 286 46 Gegenstandes
2992 2730 209 36 Rücksicht
3228 2731 198 37 nehmend.

1889 2777 75 35 Die
1994 2778 253 47 Darstellung
2281 2778 50 35 ist
2371 2778 104 36 nicht
2516 2792 78 23 nur
2627 2782 76 43 für
2734 2781 284 43 Fachmänner,
3060 2783 170 35 sondern
3251 2785 79 45 für
3360 2783 68 35 das

1888 2841 120 34 ganze
2032 2842 130 34 grosse
2190 2828 213 49 Publicum,
2453 2830 69 35 das
2563 2831 77 36 sich
2671 2832 79 46 für
2785 2832 60 36 die
2877 2833 218 35 Geschichte
3124 2834 69 35 der
3222 2836 130 34 Musik
3380 2835 49 35 im

1891 2880 263 48 Allgemeinen
2182 2882 82 35 und
2282 2883 77 45 für
2387 2882 61 35 die
2469 2882 69 35 der
2564 2884 101 44 Oper
2685 2883 267 38 insbesondere
2972 2886 222 43 interessirt,
3220 2886 207 37 berechnet.

1890 2933 84 35 Der
2002 2933 171 47 Anhang
2201 2932 130 48 liefert
2356 2933 43 35 in
2424 2934 250 35 historischen
2695 2935 249 38 JSfachiveisen
2966 2937 82 35 und
3072 2939 162 46 Belegen
3257 2940 61 35 ein
3345 2938 85 37 sehr

1890 2983 145 37 reiches
2064 2985 419 47 kunstgeschichtliches
2511 2986 188 36 Material
2729 2987 84 35 und
2841 2988 69 35 das
2940 2989 138 35 diesem
3097 2990 188 47 folgende
3321 2991 106 35 Text-

1891 3036 96 35 buch
2029 3037 83 35 eine
2141 3037 187 35 Auswahl
2366 3050 73 22 von
2467 3037 241 49 Singspielen
2750 3052 70 23 aus
2854 3041 209 45 frühesten
3100 3042 327 43 Jahrhunderten,

1890 3088 68 36 wie
1998 3088 52 35 sie
2091 3088 109 36 keine
2242 3089 145 35 andere
2429 3102 70 22 aus
2535 3090 75 36 den
2640 3089 187 38 Schätzen
2855 3103 162 25 unserer
3044 3093 154 37 reichen
3227 3095 201 36 Literatur

1889 3141 386 46 zusammengestellte
2301 3140 228 49 Anthologie
2559 3143 118 35 bietet.

1995 3229 84 35 Alle
2108 3229 41 35 in
2177 3229 127 35 dieser
2333 3230 314 47 Musik-Zeitung
2676 3229 298 53 besprochenen.
3000 3233 84 34 und
3120 3235 308 47 angekündigten

1890 3279 233 38 Musicalien
2153 3287 64 29 etc.
2255 3281 91 35 sind
2379 3294 48 23 zu
2466 3283 176 35 erhalten
2669 3283 41 35 in
2739 3283 69 35 der
2836 3290 87 29 stets
2951 3285 231 47 vollständig
3208 3288 220 34 assortirten

1889 3332 473 49 Musicalien-Handlung
2389 3334 84 34 und
2490 3334 251 35 Leihanstalt
2767 3347 75 23 von
2861 3335 317 38 BERNHARD
3198 3337 230 37 BREUER

1886 3384 44 37 in
1957 3384 117 44 Köln,
2110 3397 131 34 grosse
2268 3386 252 46 Budengasse
2551 3386 74 36 Nr.
2657 3391 18 30 1
2682 3415 10 18 9
2735 3399 41 23 so
2820 3388 68 34 wie
2930 3387 58 35 bei
3029 3389 31 34 J
3100 3389 83 34 FR.
3226 3389 202 39 WEBER,

1890 3436 335 46 AppellhofsploAz
2255 3437 76 38 Nr.
2360 3440 62 32 22.
