3510 4381
1776 154 103 48 174

261 303 303 64 Berechnung
595 302 89 47 und
713 301 83 48 der
825 298 233 50 ordnende
1088 298 108 47 Sinn
1228 297 77 47 des
1337 295 260 48 Praktikers
1639 296 147 47 seiner

260 381 149 47 Natur
437 387 190 56 versagt,
657 378 72 47 die
758 377 114 48 auch
903 377 123 47 nicht
1054 374 142 49 durch
1230 374 113 47 leine
1369 370 197 64 Bildung
1593 388 80 31 zur
1694 372 60 48 Lö-

261 473 115 49 sung
400 457 195 48 höherer
613 454 241 65 Aufgaben
873 453 273 48 vorbereitet
1163 450 173 49 wurde.
1367 450 218 47 Unsteten
1609 449 176 54 Sinnes,

261 534 250 49 verlässlich
556 550 86 30 nur
684 533 59 46 im
783 532 178 47 Punkte
1004 528 294 49 ehrenhafter
1332 525 454 65 Uneigennützigkeit

263 610 88 49 und
377 609 347 48 künstlerischer
743 608 348 63 Begeisterung,
1115 604 233 48 wanderte
1371 619 65 40 er,
1459 603 62 48 oft
1545 603 125 47 rath-
1695 602 89 48 und

263 688 177 57 hülflos,
472 687 114 48 doch
618 687 83 47 fast
729 687 161 45 immer
913 682 310 66 wohlgemuth
1253 698 85 32 von
1369 682 87 48 Ort
1483 698 53 29 zu
1567 680 104 55 Ort,
1701 697 82 30 von

260 763 131 49 Stadt
414 781 52 30 zu
496 762 146 53 Stadt,
673 778 82 32 von
787 764 109 46 Amt
924 778 51 31 zu
1007 762 122 47 Amt.
1159 758 212 49 Ueberall
1406 757 179 48 machte
1614 774 49 30 er
1691 757 92 47 sich

260 840 168 49 schnell
471 842 84 47 alle
597 839 252 65 diejenigen
887 856 51 30 zu
980 853 201 32 warmen
1214 834 261 56 Freunden,
1517 833 71 48 die
1618 834 42 47 in
1691 834 92 47 ihm

261 918 233 48 entweder
523 918 85 47 den
638 917 337 64 gemüthlichen
1008 917 371 61 Kunstgenossen
1419 911 111 49 oder
1559 910 85 50 den
1685 928 66 32 mu-

261 995 200 49 sicalisch
506 994 228 65 begabten
778 993 89 48 und
913 990 452 64 musikbegeisterten
1399 989 178 47 Führer
1607 989 177 47 kennen

263 1074 187 47 lernten.
506 1071 130 49 Doch
665 1070 235 48 ermüdete
934 1087 49 30 er
1025 1068 71 48 die
1129 1066 330 50 Freundschaft
1499 1066 102 47 bald
1640 1065 144 48 durch

263 1150 92 47 sein
393 1149 163 48 derbes
590 1148 187 56 Wesen,
819 1148 156 47 dessen
1021 1146 181 47 Humor
1244 1145 70 47 die
1356 1144 305 48 Rücksichten
1704 1143 82 48 der

263 1226 250 47 Lebensart
539 1224 122 48 nicht
691 1225 165 47 kannte
887 1223 88 47 und
1008 1223 122 47 nicht
1158 1221 133 49 leicht
1317 1220 269 48 Jemandem
1616 1238 52 29 zu
1696 1220 59 48 Ge-

264 1304 129 47 fallen
437 1303 97 48 eine
579 1301 348 65 unangenehme
958 1301 218 63 Meinung
1205 1299 303 53 zurückhielt;
1552 1314 48 31 er
1630 1301 121 45 ermü-

263 1380 100 47 dete
384 1380 61 47 sie
471 1380 147 47 ferner
642 1379 144 48 durch
809 1378 71 48 die
904 1376 452 64 Unzuverlässigkeit,
1388 1375 77 48 mit
1494 1375 82 47 der
1605 1393 65 37 er,
1699 1375 63 47 sei-

260 1473 76 32 nes
365 1458 191 62 eigenen
588 1456 227 49 Vortheils
857 1454 284 66 vergessend,
1191 1454 71 47 die
1304 1452 225 67 täglichen
1560 1452 220 49 Pflichten

257 1534 145 48 seines
426 1534 290 65 Dirigenten-
741 1532 111 49 oder
875 1532 268 47 Lehramtes
1165 1530 158 48 versah
1407 1529 112 48 oder
1541 1529 121 48 nicht
1686 1545 73 32 ver-

259 1611 95 48 sah.
403 1613 93 46 Das
524 1613 88 46 alte
641 1610 517 48 Musicantenthum
1200 1609 80 47 mit
1315 1609 153 47 seinen
1499 1607 161 49 Glanz-
1693 1606 88 48 und

259 1687 268 49 Kehrseiten
550 1687 170 49 steckte
744 1687 89 47 ihm
859 1687 42 47 in
927 1687 114 47 allen
1066 1685 230 48 Gliedern.
1328 1686 93 46 Das
1450 1684 334 64 geschniegelte

825 1773 80 39 mit
933 1765 79 47 der
1045 1764 275 63 Honiglippe
1362 1761 92 48 und
1496 1761 101 48 dem
1643 1761 115 48 neidi-

257 1842 135 49 schen
424 1842 291 54 Seitenblick,
759 1842 80 47 mit
868 1841 102 48 dem
1002 1841 167 48 Firniss
1212 1841 80 47 der
1324 1839 315 64 Halbbildung
1671 1839 114 48 über

257 1920 82 48 der
363 1920 601 65 Gesinnungs-Gemeinheit
993 1935 95 32 war
1117 1919 101 47 dem
1248 1926 140 56 guten
1417 1917 269 65 Stegmayer
1714 1917 70 47 ein

260 1997 184 56 Gräuel,
475 1996 90 48 und
595 1997 80 47 mit
699 1996 228 48 schwerer
951 1994 377 64 Ueberwindung
1352 1995 244 65 bequemte
1620 2010 48 32 er
1691 1994 93 48 sich

259 2075 216 47 mancher
503 2074 403 64 Notwendigkeit
936 2074 76 48 des
1042 2074 178 47 Lebens
1249 2089 71 32 an.
1352 2074 134 47 Diese
1508 2074 85 47 Art
1615 2090 53 29 zu
1691 2072 93 47 sein

259 2151 90 47 und
390 2151 90 47 sich
524 2169 51 29 zu
619 2151 164 63 geben,
833 2152 77 46 hat
948 2151 90 47 ihm
1079 2150 64 48 oft
1181 2150 246 64 geschadet
1466 2148 91 49 und
1597 2150 75 45 ihn
1704 2166 75 31 um

259 2228 219 49 manchen
511 2228 204 49 Vortheil
746 2228 88 47 und
866 2232 181 45 äussere
1077 2228 124 47 Ehre
1229 2227 237 65 gebracht,
1496 2227 167 47 seinem
1689 2228 63 46 An-

259 2305 175 48 denken
459 2305 91 48 und
574 2305 81 48 der
678 2306 231 65 Achtung,
937 2306 71 47 die
1033 2306 92 47 ihm
1152 2305 107 64 jetzt
1287 2306 65 46 ins
1375 2305 126 48 Grab
1534 2305 126 63 folgt,
1684 2305 101 47 thut

256 2382 62 48 sie
349 2382 160 48 keinen
539 2382 240 48 Abbruch.

372 2504 99 48 Von
500 2504 185 65 Leipzig
720 2521 98 41 aus,
858 2522 71 32 wo
960 2505 270 64 Stegmayer
1272 2505 64 47 als
1379 2504 378 65 Theater-Capell-

259 2582 178 47 meister
466 2583 208 63 engagirt
704 2599 112 40 war,
845 2583 105 48 kam
983 2601 49 29 er
1061 2583 130 47 Ende
1226 2582 143 49 1848
1400 2582 115 48 nach
1549 2583 138 46 Wien
1719 2583 65 46 als

259 2659 396 65 Opern-Dirigent
675 2660 41 47 in
741 2659 80 48 der
843 2660 295 65 Josephstadt
1159 2668 135 39 unter
1318 2662 209 45 Director
1558 2659 226 65 Stöger,

259 2735 157 48 dessen
443 2738 377 63 Unternehmung
843 2738 165 64 jedoch
1033 2736 103 50 bald
1162 2738 40 47 in
1228 2736 71 50 die
1326 2738 177 47 Brüche
1534 2738 122 63 ging.
1686 2739 64 46 Da-

260 2814 112 47 mals
400 2814 158 48 wurde
588 2815 268 65 Stegmayer
884 2833 99 30 zum
1009 2815 308 48 Chormeister
1346 2814 77 49 des
1454 2815 170 47 wiener
1652 2815 97 48 Män-

259 2890 466 65 ner-Gesangvereins
768 2894 199 61 gewählt
1008 2891 89 49 und
1149 2891 188 49 brachte
1381 2893 64 47 als
1492 2893 178 47 solcher
1710 2893 73 47 die

257 2966 444 50 Mendelssohn'sche
741 2970 151 48 Musik
934 2988 52 29 zu
1378 2969 91 48 und

257 3063 79 29 zur
359 3046 314 65 Aufführung.
703 3046 236 50 Nebenbei
972 3049 89 63 gab
1092 3065 49 31 er
1172 3048 474 64 Gesang-Lectionen,
1677 3050 103 47 kam

257 3123 45 47 in
331 3123 86 48 den
449 3124 221 65 fünfziger
698 3125 172 48 Jahren
908 3128 62 47 als
999 3125 236 50 Professor
1266 3125 77 48 des
1367 3126 417 65 Männergesanges

261 3217 55 30 an
346 3200 78 48 das
461 3201 169 65 hiesige
660 3201 413 57 Conservatorium,
1116 3220 72 31 wo
1234 3219 50 32 er
1320 3203 72 48 die
1435 3203 345 66 Chorübungen

260 3276 146 48 leitete
449 3277 90 49 und
584 3279 80 48 der
704 3277 257 68 damaligen
994 3281 230 49 Direction
1263 3280 71 48 die
1365 3280 259 65 Gründung
1662 3281 122 47 eines

257 3354 191 48 Vereins
487 3356 77 46 für
604 3356 278 65 gemischten
915 3359 122 48 Chor
1074 3359 255 65 vorschlug.
1393 3356 142 51 1855
1581 3359 203 65 dirigirte

259 3432 268 65 Stegmayer
575 3434 58 47 im
683 3435 489 49 Musikvereins-Saale
1226 3435 72 48 die
1346 3435 305 66 Aufführung
1699 3453 84 31 von

256 3510 41 47 J.
327 3510 196 63 Ilager's
560 3511 265 50 Oratorium
867 3515 259 55 „Johannes
1154 3512 81 50 der
1501 3515 92 48 und
1637 3515 148 48 leitete

257 3604 54 29 zu
348 3587 129 65 jener
518 3590 96 47 Zeit
655 3590 114 49 auch
824 3591 70 48 bei
937 3591 88 50 den
1069 3591 599 51 Gesellschafts-Concerten
1713 3592 71 49 die

259 3662 167 52 Chöre.

372 3779 81 47 Als
482 3778 300 51 mittlerweile
821 3782 93 47 sein
957 3780 120 50 oben
1117 3782 259 48 erwähnter
1407 3782 253 66 Vorschlag
1699 3799 82 32 von

259 3854 78 50 der
368 3855 573 51 Gesellschafts-Direction
972 3859 42 47 in
1046 3859 112 48 allzu
1190 3859 133 65 lange
1353 3859 267 66 Erwägung
1649 3876 108 48 gezo-

260 3949 84 47 gen
374 3934 176 56 wurde,
579 3934 180 48 verliess
788 3952 50 32 er
866 3937 120 48 seine
1016 3938 209 63 Stellung
1254 3937 91 48 und
1376 3937 226 64 gründete
1635 3938 145 51 1858

260 4009 60 47 im
348 4010 194 50 Vereine
571 4012 80 48 mit
680 4012 85 48 den
797 4013 181 48 Herren
1016 4014 175 65 Egger,
1219 4015 153 55 Esser,
1402 4014 156 66 Lewy,
1587 4015 194 59 Lorenz,

260 4086 182 59 Martin,
471 4090 129 56 Rick,
642 4090 219 65 Schläger
899 4090 90 49 und
1019 4092 205 48 Schmidt
1265 4092 71 48 die
1383 4093 361 62 Sing-Akade-

1861 296 133 52 raie,
2037 296 183 47 worauf
2255 296 118 47 dann
2420 296 187 62 besagte
2636 293 233 47 Direction
2912 293 78 46 mit
3021 292 79 47 der
3130 289 261 64 Gründung

1859 373 77 47 des
1966 373 287 63 Singvereins
2283 373 273 63 nachfolgte.

1976 449 61 47 Es
2066 449 53 47 ist
2160 449 100 64 jetzt
2297 449 123 47 nicht
2448 448 81 48 der
2560 444 306 65 Augenblick,
2910 444 82 48 auf
3016 443 71 48 die
3117 443 274 48 mancherlei

1858 527 177 47 Phasen
2067 525 78 49 des
2174 525 183 65 Erfolgs
2388 525 91 47 und
2510 523 77 48 des
2618 522 290 54 Misscredits,
2954 522 172 47 welche
3158 520 71 47 die
3260 520 131 64 Sing-

1859 603 255 48 Akademie
2145 603 377 63 durchgemacht,
2559 599 461 48 zurückzukommen.
3079 599 182 62 Genug,
3291 597 101 48 dass

1859 680 269 65 Stegmayer
2165 680 93 47 sich
2305 682 78 45 mit
2422 680 81 47 der
2532 677 259 64 Gründung
2829 675 144 49 dieses
3002 677 81 45 der
3124 675 269 61 „Belebung

1861 758 89 47 und
1994 758 270 63 Förderung
2314 758 160 47 echten
2514 755 300 47 Kunstsinnes
2863 753 144 48 durch
3050 753 201 63 Uebung
3302 753 89 47 und

1859 835 303 64 Aufführung
2193 835 80 49 der
2296 835 322 64 gediegensten
2645 830 282 50 Chorwerke
2950 831 165 47 älterer
3139 829 90 48 und
3253 845 112 32 neue-

1860 929 73 32 rer
2202 913 305 63 gewidmeten
2528 910 229 48 Institutes
2786 909 69 47 ein
2880 908 372 64 geschichtliches
3276 906 87 47 Ver-

1858 989 146 48 dienst
2041 1007 74 30 um
2155 989 70 48 die
2258 990 169 47 wiener
2457 986 367 50 Musikzustände
2866 985 244 48 erworben
3154 985 94 55 hat,
3291 983 102 48 dass

1858 1084 47 32 es
1934 1068 91 47 ihm
2058 1068 111 47 aber
2199 1069 122 46 nicht
2350 1070 202 62 gegönnt
2582 1082 113 34 war,
2725 1065 79 47 das
2833 1064 197 54 Institut,
3060 1063 102 48 dem
3194 1079 49 32 er
3271 1061 116 49 doch

1859 1148 80 45 mit
1969 1145 246 64 begeistert
2251 1145 160 48 stolzer
2443 1141 281 66 Hingebung
2764 1141 187 63 anhing,
2997 1141 81 47 auf
3097 1140 131 65 jener
3257 1139 137 48 Höhe

1858 1240 50 31 zu
1939 1223 223 53 erhalten,
2203 1223 151 48 wohin
2387 1239 46 31 es
2462 1221 92 47 sich
2585 1219 207 65 Anfangs
2823 1226 133 40 unter
2984 1219 149 47 seiner
3166 1218 225 63 Führung

1858 1300 433 64 aufgeschwungen.
2349 1300 85 47 Die
2462 1295 468 66 Unregelmässigkeit
2971 1296 145 47 seines
3150 1294 241 54 Wirkens,

1858 1378 193 49 welches
2074 1378 221 48 zwischen
2321 1376 320 65 begeistertem
2668 1374 315 63 Aufschwung
3015 1372 89 47 und
3130 1370 262 66 grollender

1859 1455 369 64 Entmuthigung
2272 1455 129 47 keine
2432 1452 128 50 Mitte
2606 1451 124 56 fand,
2772 1468 98 30 war
2900 1450 172 65 gerade
3114 1450 73 53 da,
3232 1465 71 31 wo
3346 1464 47 33 es

1855 1534 93 47 sich
1981 1550 75 31 um
2088 1532 78 49 das
2188 1531 434 51 Zusammenhalten
2648 1530 134 47 leicht
2803 1536 271 41 zerstreuter
3092 1529 275 47 Dilettanten-

1859 1610 142 48 kräfte
2046 1610 229 53 handelte,
2331 1609 261 54 unheilvoll,
2649 1623 132 31 wenn
2825 1605 115 49 auch
2984 1605 224 47 vielleicht
3250 1605 138 47 selten

1855 1687 196 50 Jemand
2090 1689 43 45 in
2171 1687 102 49 dem
2307 1687 153 49 Grade
2496 1686 86 47 wie
2608 1686 271 64 Stegmayer
2923 1684 73 47 die
3026 1682 130 49 Gabe
3185 1682 81 49 der
3297 1684 63 45 An-

1859 1766 240 64 feuerung,
2129 1765 80 48 der
2237 1766 277 64 Steigerung
2557 1764 79 47 der
2679 1764 92 47 ihm
2815 1760 388 49 unterstehenden
3236 1760 157 47 Kräfte

1860 1844 164 48 besass.
2057 1844 323 64 Dessgleichen
2404 1842 43 49 in
2472 1841 336 48 musicalischer
2832 1840 285 62 Beziehung:
3148 1854 48 32 so
3222 1837 146 47 unvoll-

1859 1922 213 47 kommen
2105 1920 84 65 (ja,
2218 1921 64 48 oft
2310 1919 296 64 verwirrend)
2637 1919 93 48 sein
2762 1916 265 65 Tactgeben
3059 1933 113 40 war,
3215 1931 50 32 so
3295 1931 73 31 ver-

1858 1997 311 50 ständnissvoll
2201 2014 95 32 war
2325 1997 93 49 sein
2448 1995 295 49 Einstudiren
2786 1994 263 64 derjenigen
3084 1991 195 56 Werke,
3322 1991 70 48 die

1859 2094 48 30 er
1936 2076 139 47 selbst
2104 2076 81 48 mit
2213 2076 141 48 Liebe
2385 2076 42 47 in
2457 2075 92 48 sich
2580 2074 355 64 aufgenommen
2966 2072 141 55 hatte,
3149 2087 48 31 so
3237 2071 130 47 künst-

1860 2154 158 49 lerisch
2052 2152 171 51 beseelt
2250 2155 122 47 seine
2405 2152 221 64 Führung
2656 2151 60 47 im
2748 2147 382 51 entscheidenden
3161 2148 233 47 Momente

1860 2249 78 32 vor
1967 2231 101 48 dem
2101 2249 56 30 an
2187 2231 77 48 ihn
2295 2230 275 66 gewöhnten
2599 2230 198 63 Körper.

1974 2310 67 45 Zu
2084 2308 131 63 jenen
2245 2308 215 64 Mängeln
2495 2307 147 47 seiner
2684 2306 148 47 Natur
2876 2303 89 49 und
3010 2303 147 47 seiner
3196 2302 197 65 Bildung

1860 2386 186 65 gesellte
2074 2386 91 48 sich
2198 2385 264 66 (theilweise
2493 2385 114 47 auch
2634 2383 62 49 als
2719 2383 99 47 eine
2843 2382 141 62 Folge
3007 2378 164 66 davon)
3201 2380 71 49 die
3298 2396 63 32 ma-

1859 2465 173 47 terielle
2061 2465 140 52 Noth,
2231 2463 71 50 die
2333 2481 75 31 um
2437 2479 49 31 so
2517 2463 146 49 höher
2692 2461 131 65 stieg,
2846 2460 47 64 je
2924 2460 129 47 mehr
3082 2458 122 49 seine
3237 2458 157 49 Kräfte

1859 2541 86 48 den
1967 2541 199 48 Einfluss
2190 2542 78 47 des
2292 2542 151 47 Alters
2465 2543 280 60 verspürten.
2776 2540 212 45 Director
3011 2536 214 48 Eckert
3256 2536 136 48 nahm

1858 2620 77 47 ihn
1966 2620 63 47 als
2061 2618 341 65 Capellmeister
2432 2618 66 47 ins
2529 2617 360 65 Operntheater,
2933 2631 71 32 wo
3035 2631 48 31 er
3106 2613 166 65 jedoch
3305 2613 87 49 den

1858 2697 386 65 Anforderungen
2300 2714 54 30 an
2397 2696 87 48 den
2528 2693 288 68 praktischen
2863 2692 532 65 Capellmeister-Dienst

1858 2775 122 48 nicht
2002 2775 131 48 mehr
2157 2778 212 61 genügen
2396 2773 169 49 konnte
2596 2772 90 48 und
2717 2772 115 47 nach
2865 2771 146 47 einem
3036 2769 141 47 Jahre
3204 2776 191 47 austrat,

1856 2853 66 49 ins
1952 2853 296 49 Karltheater
2278 2853 122 54 kam,
2443 2869 72 30 wo
2546 2867 48 32 er
2623 2851 60 47 im
2716 2849 229 64 Dirigiren
2987 2865 83 30 von
3104 2848 165 47 Possen
3303 2846 89 48 und

1856 2931 256 63 Operetten
2143 2929 154 49 weder
2326 2929 82 47 der
2437 2928 231 50 Direction
2700 2931 216 61 genügte,
2946 2924 117 50 noch
3093 2924 299 49 künstlerisch

1858 3008 222 65 gedeihen
2113 3008 184 48 konnte.
2340 3007 137 48 Diese
2508 3006 161 48 beiden
2702 3007 342 62 Engagements
3073 3003 197 48 lähmten
3303 3020 61 30 we-

1856 3086 187 48 sentlich
2067 3087 123 47 seine
2213 3084 309 66 gleichzeitige
2545 3083 263 64 Thätigkeit
2837 3083 63 47 als
2923 3082 208 63 Dirigent
3159 3081 82 48 der
3261 3082 132 63 Sing-

1858 3163 268 48 Akademie.
2170 3164 65 47 Im
2267 3163 260 62 Frühjahre
2561 3161 139 49 1861
2740 3159 165 66 jedoch
2938 3159 91 47 und
3060 3159 59 46 im
3154 3157 239 65 folgenden

1861 3242 186 48 Winter
2076 3241 132 49 raffte
2237 3258 50 32 er
2316 3241 116 48 noch
2463 3241 166 48 einmal
2668 3239 85 49 alle
2789 3238 123 48 seine
2943 3237 159 48 Kräfte
3130 3252 262 32 zusammen

1860 3318 90 48 und
2001 3318 188 50 brachte
2239 3318 71 48 die
2355 3318 305 64 Aufführung
2697 3316 81 48 der
2822 3314 279 49 Bach'schen
3142 3313 251 48 Matthäus-

1859 3397 185 48 Passion
2075 3415 52 30 zu
2157 3396 173 49 Stande
2438 3394 71 49 die
2537 3396 131 47 letzte
2706 3393 90 48 und
2827 3393 209 48 schönste
3068 3389 327 51 künstlerische

1858 3474 222 65 Leistung
2122 3474 143 49 seines
2308 3473 242 65 bewegten
2592 3472 198 49 Lebens.
2844 3469 201 50 Seitdem
3079 3469 235 47 kränkelte
3345 3484 48 31 er

1859 3552 207 66 physisch
2096 3552 92 48 und
2220 3551 241 49 moralisch
2546 3548 298 51 künstlerisch
2875 3548 124 48 hatte
3030 3564 48 31 er
3109 3545 251 66 ausgelebt.

1974 3631 218 48 Umsonst
2220 3629 111 50 aber
2362 3631 79 47 hat
2469 3646 49 32 er
2547 3629 123 49 nicht
2700 3627 175 66 gelebt;
2910 3633 115 41 trotz
3053 3625 147 47 seiner
3233 3624 162 48 Fehler

1859 3708 79 48 hat
1966 3723 49 33 er
2044 3707 82 49 der
2148 3709 150 47 Kunst
2320 3716 154 39 treuer
2496 3707 201 65 gedient,
2728 3705 63 49 als
2814 3704 110 47 viele
2947 3704 148 47 seiner
3117 3702 252 66 glückliche-

1859 3801 80 31 ren
1969 3784 370 66 Fachgenossen.
2396 3784 104 48 Sein
2533 3782 351 50 künstlerisches
2916 3782 232 48 Gewissen
3181 3796 96 31 war
3308 3778 85 48 fein

1860 3863 211 55 besaitet;
2112 3879 49 32 er
2190 3863 78 48 hat
2296 3863 194 47 manche
2521 3862 135 48 Höhe
2688 3860 123 49 nicht
2839 3859 212 56 erreicht,
3093 3858 99 48 weil
3225 3874 49 31 er
3302 3855 90 49 sich

1856 3940 125 50 nicht
2021 3940 180 49 bücken
2245 3940 91 49 und
2380 3940 123 49 nicht
2545 3939 202 48 drücken
2790 3938 167 48 konnte
2988 3937 114 48 noch
3137 3937 165 48 wollte.
3347 3935 46 45 In

1858 4019 205 48 diesem
2094 4019 140 48 Sinne
2269 4036 79 31 vor
2376 4018 147 48 Allem
2556 4017 104 49 darf
2684 4015 80 50 das
2795 4015 310 49 musicalische
3137 4014 142 48 Wien
3311 4012 62 48 sei-

1856 4113 84 32 ner
1969 4095 80 49 mit
2077 4095 218 65 Achtung
2325 4094 254 66 gedenken.
2635 4095 107 47 Man
2775 4093 76 48 hat
2879 4093 76 48 ihn
2988 4092 63 49 oft
3079 4090 224 50 verkannt
