3477 4366
1702 155 87 51 133

113 310 16 11 '
150 301 78 51 das
272 300 166 67 hiesige
479 297 237 51 Publicum
745 312 87 35 nur
871 297 97 50 eine
1010 296 273 51 eklektische
1312 294 292 51 Theilnahme
1634 313 58 32 an

148 383 103 51 dem
296 382 198 52 wirklich
538 382 167 56 Guten,
748 380 289 66 unabhängig
1067 397 85 32 von
1186 380 99 49 Zeit
1328 378 92 50 und
1448 378 244 66 Richtung,

147 484 57 31 an
232 466 87 49 den
344 467 112 64 Tag,
486 463 93 50 und
608 467 182 46 müssen
814 463 80 50 wir
924 462 233 65 gestehen,
1189 462 101 48 dass
1322 462 81 47 wir
1434 460 119 49 diese
1584 462 108 48 alles

148 547 308 51 musicalische
484 546 169 49 Partei-
683 546 93 49 und
808 545 391 67 Cliquen-Wesen
1241 543 133 66 völlig
1403 543 287 66 ignorirende

150 628 426 68 Selbstständigkeit
612 627 60 51 im
705 627 197 50 Urtheile
947 626 79 48 mit
1055 625 179 50 Freude
1266 626 64 48 als
1361 625 127 49 einen
1515 626 175 49 Beweis

148 711 289 67 begrüssten,
481 712 102 49 dass
625 711 68 48 die
731 726 88 33 nur
861 708 93 50 sich
996 707 139 50 selbst
1180 707 208 65 folgende
1417 708 159 58 Natur,
1620 708 72 49 die

148 795 314 66 unbefangene
502 794 218 64 Meinung
764 792 80 50 der
888 790 64 51 oft
996 790 337 66 geschmähten,
1378 791 120 48 nicht
1540 791 150 48 Partei

147 876 286 51 nehmenden
742 872 321 50 meistentheils
1102 871 79 50 das
1210 872 208 65 Richtige
1448 872 111 49 trifft
1599 872 91 50 und

148 960 82 49 der
260 957 342 66 zuverlässigste
621 955 234 49 Leitfaden
885 971 80 33 aus
997 955 101 49 dem
1119 954 573 67 Geschmacks-Labyrinth

147 1058 192 34 unserer
368 1040 97 48 Zeit
494 1039 42 49 in
566 1037 79 50 das
676 1037 186 65 sonnige
886 1037 129 50 Land
1054 1036 79 50 des
1166 1037 184 49 wahren
1380 1036 211 50 Schönen
1620 1037 69 50 ist.

147 1125 85 48 Die
275 1121 295 69 Aussprüche
612 1120 236 51 Voltaire's
893 1120 91 49 und
1029 1120 124 49 Lord
1197 1121 202 65 Byron's,
1445 1120 103 49 dass
1586 1120 104 65 jede

154 1206 205 64 Gattung
388 1204 161 49 Poesie
592 1210 217 59 gestattet
848 1202 78 59 sei,
970 1219 354 50 ausgenommen
1369 1202 70 50 die
1482 1202 184 65 langwei-

147 1289 103 66 lige,
293 1288 146 48 lassen
470 1285 105 60 sich,
620 1285 87 51 wie
735 1285 81 50 auf
833 1284 104 67 jede
966 1285 89 50 Art
1084 1284 465 61 Kunst-Production,
1578 1285 114 50 auch

146 1370 84 50 mit
270 1369 163 51 vollem
475 1368 174 50 Rechte
706 1368 80 49 auf
837 1368 70 48 die
957 1368 150 49 Musik
1164 1368 266 57 anwenden,
1487 1368 93 49 und
1623 1368 69 49 die

151 1468 160 51 grosse
339 1449 230 52 Mehrzahl
609 1449 80 51 der
717 1448 426 50 Musik-Liebhaber
1182 1449 165 58 macht,
1391 1449 102 49 dem
1523 1449 145 49 Partei-

150 1534 191 60 treiben,
396 1533 85 50 wie
536 1533 80 48 der
681 1548 50 33 so
790 1539 255 58 genannten
1101 1530 391 51 Fach-Kenntniss
1552 1531 140 66 gleich

147 1617 161 59 fremd,
338 1615 270 68 glücklicher
639 1614 158 52 Weise
827 1632 87 31 nur
941 1615 152 48 diesen
1119 1614 142 49 Einen
1291 1614 313 58 Unterschied,
1634 1614 58 51 ob

148 1700 70 49 ihr
248 1707 140 43 etwas
419 1698 152 67 gefällt
601 1697 110 49 oder
739 1697 123 49 nicht
891 1697 167 66 gefällt,
1103 1697 93 49 und
1227 1697 278 49 entscheidet
1535 1697 153 58 damit,

150 1788 119 43 trotz
315 1782 80 49 der
437 1779 369 51 Declamationen
849 1779 312 66 vorgeblicher
1189 1780 200 57 Kenner,
1434 1779 146 50 denen
1623 1779 69 50 die

150 1863 334 67 Terminologie
512 1863 118 48 ihres
660 1862 173 49 Faches
865 1860 114 51 eben
1010 1879 50 32 so
1091 1862 212 66 geläufig,
1335 1862 83 49 wie
1449 1862 133 49 ihnen
1613 1862 77 49 das

150 1945 155 51 wahre
336 1947 177 51 Wesen
559 1944 80 50 der
667 1944 152 50 Kunst
861 1944 65 50 oft
965 1944 141 50 fremd
1149 1944 71 59 ist,
1265 1944 268 50 schliesslich
1578 1944 114 50 doch

150 2029 139 51 Alles.

274 2114 93 47 Das
400 2118 119 43 erste
550 2112 80 49 der
660 2111 160 49 beiden
851 2109 437 51 Schluss-Concerte
1318 2109 80 49 der
1429 2109 263 66 Hofcapelle

148 2192 187 51 brachte
366 2211 83 32 uns
481 2194 69 49 die
579 2193 382 50 D-dwr-Sinfonie
992 2210 85 31 von
1107 2191 275 58 Beethoven,
1411 2192 79 49 Nr.
1523 2191 49 58 2,
1619 2191 71 49 die

151 2277 262 49 Ouvertüre
442 2293 54 31 zu
526 2276 227 67 Iphigenie
782 2292 88 32 von
900 2274 145 50 Gluck
1074 2273 89 50 und
1196 2273 93 48 drei
1321 2273 368 67 Compositionen

150 2375 87 33 von
268 2359 143 50 einem
435 2358 173 66 jungen
640 2357 338 67 Componisten,
1018 2356 102 49 dem
1150 2356 64 48 als
1246 2354 335 68 Clavierspieler
1610 2354 53 50 be-

150 2441 198 49 kannten
391 2441 197 49 Anton
631 2439 373 51 Rubinstein.
1060 2437 287 51 Vortrefflich
1393 2437 160 49 wirkte
1610 2455 80 30 zur

150 2523 301 65 Ausführung
504 2523 79 49 des
626 2522 239 50 reizenden
905 2519 417 53 Beethoven'schen
1368 2519 198 51 Werkes
1610 2519 80 49 der

150 2607 169 50 schöne
340 2606 329 49 Rathhaussaal
687 2606 94 58 mit,
805 2605 161 52 dessen
988 2603 373 50 durchbrochene
1378 2602 311 50 Balkendecke

151 2688 71 50 ein
251 2687 444 51 Ineinanderfliessen
715 2687 79 50 der
814 2688 127 47 Töne
971 2686 112 48 auch
1115 2685 70 48 bei
1217 2685 85 48 den
1333 2683 355 50 künstlerischen

150 2772 258 68 Rhythmen
438 2771 93 49 und
568 2771 101 48 dem
692 2770 259 49 raschesten
976 2770 174 64 Tempo
1182 2767 258 50 verhindert
1471 2767 91 48 und
1586 2767 102 48 dem

151 2853 207 50 Zuhörer
399 2853 69 49 die
508 2852 168 51 schöne
705 2852 358 66 Tonschöpfung
1101 2850 57 48 im
1190 2848 298 50 deutlichsten
1519 2847 143 50 akusti-

152 2937 136 49 schen
331 2936 148 48 Relief
518 2936 216 50 vorführt.
792 2936 63 48 Es
898 2933 179 51 möchte
1117 2931 261 49 schwerlich
1418 2930 69 49 ein
1518 2931 69 48 für
1617 2931 48 48 In-

151 3019 425 49 strumentalwerke
620 3036 50 32 so
716 3017 259 66 geeignetes
1006 3015 136 49 Local
1186 3033 103 30 zum
1333 3014 191 49 zweiten
1568 3012 117 50 Male

152 3101 92 50 sich
274 3100 167 58 finden,
471 3100 84 49 wie
584 3100 145 49 dieser
759 3106 151 42 ernste
933 3097 369 54 mittelalterliche
1319 3096 116 57 Saal,
1467 3097 78 47 der
1576 3095 114 49 auch

152 3184 79 49 das
263 3191 193 41 zarteste
479 3182 138 50 Piano
648 3182 101 50 dem
767 3182 207 50 Zuhörer
1003 3181 45 48 in
1078 3180 70 48 die
1170 3180 292 48 entfernteste
1478 3179 185 48 Fenster-

455 3237 8 10 >

150 3266 152 51 nische
333 3265 312 66 hinüberträgt
676 3264 288 49 und—auch
989 3264 136 64 jeden
1147 3261 164 50 Fehler
1340 3260 269 51 verrathend

152 3349 88 49 den
268 3349 187 51 Meister
484 3365 100 32 vom
615 3346 188 51 Schüler
834 3364 49 32 so
916 3346 149 49 scharf
1091 3344 348 49 unterscheidet.
1472 3344 112 47 Hier
1613 3359 51 49 ge-

150 3430 170 51 reichte
350 3447 50 33 er
429 3430 103 48 dem
550 3428 330 50 vortrefflichen
900 3426 385 66 Zusammenspiel
1317 3426 77 49 des
1417 3425 272 50 Orchesters

150 3530 104 33 zum
283 3511 262 69 Triumphe.
603 3514 95 47 Der
728 3511 184 49 Schluss
952 3509 80 49 der
1076 3508 297 49 Gluck'schen
1415 3508 274 55 Ouvertüre,

152 3596 97 50 eine
293 3596 154 59 kurze,
502 3594 325 58 harmonische,
880 3591 307 66 beruhigende
1233 3589 334 67 Verarbeitung
1610 3589 79 49 des

151 3676 465 68 Schlussgedankens,
659 3679 58 48 ist
753 3675 180 67 jedoch,
978 3690 133 33 wenn
1150 3673 83 48 wir
1275 3671 123 50 nicht
1426 3671 135 59 irren,
1605 3688 87 32 von

150 3760 193 60 Mozart,
371 3760 123 50 nicht
521 3778 86 32 von
623 3760 195 50 Richard
838 3759 221 65 Wagner,
1090 3755 83 50 wie
1204 3755 79 48 das
1313 3756 268 64 Programm
1611 3753 52 50 be-

152 3850 151 59 sagte;
334 3842 273 66 wenigstens
623 3842 211 49 erinnern
858 3840 82 50 wir
965 3856 99 41 uns,
1093 3836 79 50 das
1190 3836 151 51 Werk
1370 3836 140 50 schon
1539 3835 153 50 früher

151 3923 46 51 in
225 3924 147 50 dieser
400 3924 160 52 Weise
601 3924 163 66 gehört
805 3941 55 31 zu
900 3922 162 57 haben,
1106 3919 83 50 ehe
1217 3918 196 51 Richard
1443 3919 247 66 Wagner's

148 4005 144 51 Name
321 4007 116 49 auch
465 4023 86 34 nur
580 4005 200 51 bekannt
809 4023 121 40 war;
975 4002 219 54 vielleicht
1222 4000 57 50 ist
1308 4000 71 51 die
1408 4002 252 49 Instrumen-

148 4088 154 67 tirung
330 4106 88 37 von
444 4089 92 51 ihm
565 4087 278 68 angegeben.

1912 296 154 49 Herrn
2095 293 305 52 Rubinstein's
2431 296 116 67 Spiel
2593 294 169 51 bewies
2803 296 81 49 viel
2916 297 147 50 Feuer
3105 297 91 51 und
3227 298 98 52 eine

1787 392 185 36 enorme
2001 378 229 57 Bravour;
2274 378 215 56 Zartheit,
2520 378 279 50 Geschmack
2829 378 92 50 und
2953 380 243 50 Ausdruck
3224 397 75 33 ver-

1784 460 165 49 missen
1982 460 106 58 wir;
2128 460 257 67 überhaupt
2414 461 139 48 fühlte
2582 462 90 48 sich
2704 462 77 50 das
2810 462 238 50 Publicum
3080 462 138 51 durch
3249 463 77 51 ihn

1783 541 129 49 mehr
1942 542 188 66 frappirt
2161 542 89 50 und
2282 543 250 65 aufgeregt,
2563 542 62 50 als
2657 543 162 65 gerade
2838 545 253 64 angenehm
3113 543 212 61 berührt;

1783 623 80 49 mit
1905 623 121 49 einer
2066 625 221 64 gewissen
2320 625 341 64 Verstimmung
2690 626 148 49 schien
2879 645 46 30 es
2967 626 69 49 die
3066 626 134 49 Ruhe
3233 628 94 50 und

1783 706 202 48 Klarheit
2009 724 84 31 von
2114 708 148 49 Herrn
2286 706 303 51 Rubinstein's
2605 708 283 65 Vorgänger,
2915 708 208 50 Alfred
3152 710 173 58 Jaell,

1783 788 196 49 welcher
2019 790 57 48 im
2122 797 152 42 ersten
2315 791 224 48 Concerte
2591 790 80 49 der
2714 791 259 66 Hofcapelle
3016 791 309 66 begeisterten

1780 870 154 48 Beifall
1967 871 116 58 fand,
2127 890 56 31 zu
2225 872 256 51 vermissen.
2541 872 131 50 Auch
2718 872 70 50 die
2832 872 366 69 Compositionen
3242 875 80 49 des

1778 951 174 66 jungen
1982 954 245 49 Virtuosen
2268 955 67 67 (er
2365 955 149 48 führte
2544 971 157 33 ausser
2732 956 92 48 drei
2857 957 434 66 zusammenhangen-

1783 1032 86 50 den
1901 1034 358 50 Clavier-Piecen
2304 1036 97 50 eine
2432 1036 262 50 Ouvertüre
2734 1054 80 32 zur
2843 1037 127 66 Oper
2998 1037 192 50 Demitri
3227 1039 95 49 und

1783 1116 71 48 ein
1873 1116 196 50 Concert
2098 1117 68 49 für
2184 1119 250 49 Orchester
2461 1119 92 49 und
2570 1119 257 49 Pianoforte
2856 1119 92 66 auf)
2978 1120 111 49 trifft
3116 1121 207 50 derselbe

1783 1197 221 50 Vorwurf
2028 1199 81 49 der
2139 1199 276 61 Unklarheit,
2443 1200 191 49 Unruhe
2663 1201 93 50 und
2790 1201 359 65 Formlosigkeit.
3190 1202 102 51 Wel-

1784 1281 107 48 cher
1919 1281 279 51 Missbrauch
2231 1300 94 32 war
2354 1302 39 31 z.
2422 1285 51 47 B.
2506 1282 41 51 in
2578 1284 81 49 der
2688 1284 262 49 Ouvertüre
2981 1284 80 49 mit
3090 1284 87 51 den
3207 1285 86 67 Syn-

1785 1363 147 67 kopen
1958 1364 255 65 getrieben!
2258 1364 220 51 Offenbar
2516 1365 56 50 ist
2600 1368 123 47 Herr
2753 1365 264 51 Rubinstein
3057 1366 122 50 nicht
3207 1366 119 51 ohne

1784 1445 266 67 Begabung,
2080 1445 109 50 aber
2213 1446 79 50 der
2314 1448 153 49 innere
2492 1448 266 49 stürmische
2777 1449 157 66 Drang
2963 1449 105 48 darf
3089 1448 121 50 nicht
3240 1449 85 51 alle

1785 1528 140 48 Form
1952 1528 112 49 über
2094 1529 84 48 den
2196 1530 179 48 Haufen
2405 1538 191 42 stossen.
2627 1530 107 51 Wir
2757 1531 245 50 wünschen
3020 1530 104 50 dem
3148 1531 177 66 jungen

1785 1610 201 50 Musiker
2028 1628 76 32 um
2150 1611 145 50 seiner
2334 1611 141 51 selbst
2512 1613 149 49 willen
2700 1613 160 49 keinen
2890 1614 237 48 stärkeren
3156 1614 169 60 Beifall,

1785 1691 64 49 als
1879 1708 50 32 er
1957 1691 74 50 ihn
2061 1691 72 50 bei
2164 1710 84 32 uns
2277 1694 116 58 fand,
2424 1693 139 51 damit
2592 1710 48 34 er
2663 1712 80 32 zur
2760 1694 199 50 Einkehr
2986 1695 44 50 in
3061 1694 92 51 sich
3188 1694 139 52 selbst

1788 1790 282 50 gezwungen
2102 1775 166 59 werde,
2309 1777 92 48 sich
2441 1777 93 49 sein
2564 1777 290 49 stürmisches
2884 1777 160 49 Talent
3075 1784 142 43 etwas
3246 1777 54 50 ab-

1787 1857 155 49 klären
1981 1858 116 49 lasse
2140 1859 90 48 und
2271 1859 43 48 in
2356 1859 70 48 die
2456 1859 262 51 Schranken
2757 1859 136 66 fügen
2931 1860 138 60 lerne,
3114 1859 68 50 die
3224 1860 103 51 kein

1787 1939 282 50 schaffender
2095 1937 216 53 Künstler
2340 1940 338 51 überschreiten
2709 1942 109 59 darf,
2865 1958 131 34 wenn
3026 1959 50 32 er
3101 1942 131 50 mehr
3260 1943 65 51 als

1787 2022 241 66 ephemere
2056 2022 273 67 Bedeutung
2357 2023 320 70 beansprucht.

1907 2188 51 47 In
1989 2185 101 53 dem
2119 2187 190 52 zweiten
2337 2187 223 52 Concerte
2602 2188 139 50 sahen
2781 2188 83 50 wir
2903 2188 130 50 einen
3063 2188 234 52 schätzens-

1785 2268 204 51 werthen
2020 2269 126 59 Gast,
2175 2272 152 49 Herrn
2354 2271 337 49 Ferdinand
2729 2271 194 49 Hiller
2962 2288 81 32 aus
3073 2272 137 58 Köln,
3240 2288 58 33 un-

1784 2366 101 33 sere
1915 2349 179 69 Capelle
2125 2352 151 58 leiten,
2319 2353 93 48 und
2452 2370 121 31 zwar
2616 2370 80 31 um
2721 2352 210 49 mehrere
2962 2356 210 62 grössere
3202 2354 93 49 Ton-

1784 2432 154 49 werke
1966 2450 87 33 von
2083 2433 91 50 ihm
2205 2434 141 50 selbst
2373 2452 84 32 uns
2487 2434 318 51 vorzuführen.
2847 2433 160 51 Neben
3038 2434 80 50 der
3148 2436 149 49 Ouver-

1783 2522 103 42 türe
1916 2532 82 32 zur
2027 2516 128 67 Oper
2194 2517 300 57 „EinTraum
2525 2516 43 50 in
2600 2517 81 49 der
3053 2517 164 51 hörten
3245 2517 82 51 wir

1783 2597 118 49 noch
1930 2598 94 50 sein
2053 2598 197 51 Concert
2280 2601 69 48 für
2377 2599 257 51 Pianoforte
2666 2599 91 50 und
2784 2598 247 51 Orchester
3054 2599 42 49 in
3115 2602 211 48 Fis-moll

1784 2679 90 49 und
1907 2679 124 50 seine
2060 2681 197 49 Sinfonie
2297 2682 93 57 „Es
2420 2699 126 31 muss
2575 2681 116 51 doch
2721 2681 218 66 Frühling
3254 2682 69 48 Im

1783 2761 413 52 vortheilhaftesten
2224 2763 283 66 Gegensatze
2546 2781 57 32 zu
2641 2763 87 51 den
2758 2762 117 51 eben
2904 2781 85 32 von
3019 2781 85 32 uns
3133 2762 163 69 bespro-

1782 2842 171 51 chenen
1985 2843 369 69 Compositionen
2393 2846 158 49 hatten
2581 2846 81 49 wir
2692 2862 56 33 an
2780 2846 86 49 den
2897 2846 211 51 Werken
3137 2845 80 52 des
3246 2845 53 50 be-

1779 2925 212 50 rühmten
2014 2927 326 51 Rheinländers
2371 2928 269 50 namentlich
2671 2928 71 50 die
2763 2928 289 66 Vollendung
3076 2927 80 51 der
3170 2928 155 59 Form,

1780 3007 88 50 den
1896 3008 273 51 Reichthum
2200 3027 54 32 an
2286 3010 244 50 Gedanken
2560 3010 92 49 und
2682 3010 71 49 die
2781 3010 241 67 gewandte
3050 3010 245 50 instrumen-

1779 3090 89 48 tale
1899 3091 336 67 Verarbeitung
2277 3110 55 32 zu
2375 3092 296 51 bewundern.
2715 3092 86 50 Die
2841 3092 43 50 in
2930 3092 80 49 der
3039 3092 140 50 Form
3219 3109 106 33 zum

1779 3172 128 50 Theil
1947 3190 118 33 neue
2103 3175 211 59 Sinfonie,
2358 3175 43 49 in
2445 3193 50 31 so
2540 3175 96 49 fern
2681 3175 62 49 sie
2786 3175 84 49 der
2897 3174 428 68 Wiederholungen

1780 3255 256 59 entbehrte,
2079 3256 167 51 bewies
2291 3257 98 50 eine
2427 3257 129 51 Fülle
2598 3275 88 33 von
2715 3256 239 51 Phantasie
2997 3257 94 50 und
3120 3257 174 68 Empfin-

1782 3337 124 66 dung
1944 3339 94 48 und
2078 3339 96 48 eine
2203 3339 267 50 Herrschaft
2513 3339 113 49 über
2655 3339 79 50 das
2765 3339 265 59 Orchester,
3073 3339 174 49 welche
3275 3339 45 48 in

1782 3420 103 49 dem
1906 3421 207 50 Zuhörer
2142 3429 112 43 stets
2286 3422 70 50 die
2385 3421 262 67 behagliche
2663 3421 259 66 Stimmung
2951 3420 270 58 hervorruft,
3251 3420 71 49 die

1782 3502 81 51 der
1907 3501 312 69 unbefangene
2262 3505 179 50 Genuss
2484 3504 121 51 eines
2647 3504 331 49 Kunstwerkes
3021 3509 297 44 voraussetzt.

1780 3584 87 49 Die
1896 3602 86 33 von
2013 3586 212 49 mancher
2254 3586 122 50 Seite
2408 3588 72 47 für
2509 3586 204 50 unschön
2753 3584 236 67 gehaltene
3020 3602 160 48 grosse
3209 3585 85 66 Sep-

1780 3666 110 52 time
1920 3668 60 48 im
2005 3676 154 42 ersten
2188 3670 135 48 Satze
2353 3669 80 49 der
2462 3668 197 50 Sinfonie
2687 3668 57 49 ist
2774 3683 190 33 unserer
2993 3666 189 51 Ansicht
3209 3666 114 51 nach

1783 3750 166 65 gerade
1967 3750 102 50 dem
2086 3750 343 67 entsprechend,
2460 3768 93 32 was
2583 3750 62 48 sie
2674 3749 288 51 ausdrücken
2983 3749 97 58 soll,
3110 3748 90 50 und
3224 3765 75 33 ver-

1782 3830 103 50 liert
1921 3830 71 51 bei
2034 3831 167 68 einiger
2239 3831 301 50 ästhetischen
2570 3831 352 68 Interpretation
2953 3831 76 50 das
3058 3831 144 47 Harte
3231 3829 94 51 und

1783 3913 227 50 Peinliche
2039 3914 80 51 der
2149 3919 213 46 äusseren
2387 3914 139 49 Form
2570 3913 61 50 im
2661 3913 419 66 Zusammenhange
3109 3911 81 50 mit
3219 3910 106 52 dem

1784 3995 191 68 übrigen
2005 3998 177 52 Werke
2220 3996 117 51 bald.
2395 3996 95 50 Das
2530 3995 283 71 Clavierspiel
2854 4010 201 36 unseres,
3083 3993 242 53 verehrten

1787 4079 161 50 Gastes
1979 4097 94 33 war
2103 4079 224 51 durchaus
2357 4078 286 52 vortrefflich.
