<?xml version="1.0" encoding="UTF-8"?>
<alto xmlns:xsi="http://www.w3.org/2001/XMLSchema-instance" xsi:noNamespaceSchemaLocation="http://schema.ccs-gmbh.com/metae/alto-1-4.xsd" xmlns:xlink="http://www.w3.org/1999/xlink">
	<Description>
		<MeasurementUnit>mm10</MeasurementUnit>
		<sourceImageInformation>
			<fileName>//wks3/IN2/Princetonian/1896/08/01_01/PAN_1896-08-01_315.tif</fileName>
		</sourceImageInformation>
		<OCRProcessing ID="OCRPROCESSING_1">
			<preProcessingStep>
				<processingSoftware>
					<softwareCreator>CCS Content Conversion Specialists GmbH, Germany</softwareCreator>
					<softwareName>CCS docWORKS</softwareName>
					<softwareVersion>6.4-3.1</softwareVersion>
				</processingSoftware>
			</preProcessingStep>
			<ocrProcessingStep>
				<processingSoftware>
					<softwareCreator>ABBYY (BIT Software), Russia</softwareCreator>
					<softwareName>FineReader</softwareName>
					<softwareVersion>8.1</softwareVersion>
				</processingSoftware>
			</ocrProcessingStep>
		</OCRProcessing>
	</Description>
	<Styles>
		<TextStyle ID="TXT_0" FONTSIZE="19" FONTFAMILY="Times New Roman"/>
		<TextStyle ID="TXT_1" FONTSIZE="9" FONTFAMILY="Times New Roman"/>
		<TextStyle ID="TXT_2" FONTSIZE="22" FONTFAMILY="Times New Roman"/>
		<TextStyle ID="TXT_3" FONTSIZE="149" FONTFAMILY="Arial"/>
		<ParagraphStyle ID="PAR_LEFT" ALIGN="Left"/>
		<ParagraphStyle ID="PAR_BLOCK" ALIGN="Block"/>
		<ParagraphStyle ID="PAR_RIGHT" ALIGN="Right"/>
	</Styles>
	<Layout>
		<Page ID="P159" PHYSICAL_IMG_NR="159" HEIGHT="3304" WIDTH="2539" PRINTED_IMG_NR="173" PC="0.919">
			<TopMargin ID="P159_TM00001" HPOS="0" VPOS="0" WIDTH="2539" HEIGHT="377"/>
			<LeftMargin ID="P159_LM00001" HPOS="0" VPOS="377" WIDTH="247" HEIGHT="2469"/>
			<RightMargin ID="P159_RM00001" HPOS="2018" VPOS="377" WIDTH="521" HEIGHT="2469"/>
			<BottomMargin ID="P159_BM00001" HPOS="0" VPOS="2846" WIDTH="2539" HEIGHT="458"/>
			<PrintSpace ID="P159_PS00001" HPOS="247" VPOS="377" WIDTH="1771" HEIGHT="2469">
				<TextBlock ID="P159_TB00001" HPOS="367" VPOS="1718" WIDTH="1524" HEIGHT="183" STYLEREFS="TXT_0 PAR_LEFT">
					<TextLine ID="P159_TL00001" HPOS="876" VPOS="1722" WIDTH="512" HEIGHT="48">
						<String ID="P159_ST00001" HPOS="876" VPOS="1726" WIDTH="101" HEIGHT="44" CONTENT="EIN" WC="0.99" CC="020"/>
						<SP ID="P159_SP00001" HPOS="977" VPOS="1770" WIDTH="34"/>
						<String ID="P159_ST00002" HPOS="1011" VPOS="1722" WIDTH="377" HEIGHT="47" CONTENT="STREIFBLICK" WC="0.99" CC="50002013247"/>
					</TextLine>
					<TextLine ID="P159_TL00002" HPOS="370" VPOS="1833" WIDTH="1518" HEIGHT="66">
						<String ID="P159_ST00003" HPOS="370" VPOS="1839" WIDTH="119" HEIGHT="45" CONTENT="AUF" WC="0.95" CC="425"/>
						<SP ID="P159_SP00002" HPOS="489" VPOS="1884" WIDTH="33"/>
						<String ID="P159_ST00004" HPOS="522" VPOS="1839" WIDTH="98" HEIGHT="43" CONTENT="DIE" WC="0.98" CC="130"/>
						<SP ID="P159_SP00003" HPOS="620" VPOS="1884" WIDTH="23"/>
						<String ID="P159_ST00005" HPOS="643" VPOS="1837" WIDTH="322" HEIGHT="62" CONTENT="JUENGERE" WC="0.94" CC="30010000"/>
						<SP ID="P159_SP00004" HPOS="965" VPOS="1899" WIDTH="35"/>
						<String ID="P159_ST00006" HPOS="1000" VPOS="1833" WIDTH="455" HEIGHT="47" CONTENT="NORWEGISCHE" WC="0.99" CC="00080145560"/>
						<SP ID="P159_SP00005" HPOS="1455" VPOS="1899" WIDTH="34"/>
						<String ID="P159_ST00007" HPOS="1489" VPOS="1836" WIDTH="399" HEIGHT="49" CONTENT="LITTERATUR" WC="0.84" CC="2600000070"/>
					</TextLine>
				</TextBlock>
				<TextBlock ID="P159_TB00002" HPOS="247" VPOS="1984" WIDTH="846" HEIGHT="712" STYLEREFS="TXT_1 PAR_BLOCK">
					<TextLine ID="P159_TL00003" HPOS="254" VPOS="1988" WIDTH="836" HEIGHT="36">
						<String ID="P159_ST00008" HPOS="254" VPOS="1988" WIDTH="70" HEIGHT="27" CONTENT="TT" WC="0.14" CC="97"/>
						<SP ID="P159_SP00006" HPOS="324" VPOS="2015" WIDTH="16"/>
						<String ID="P159_ST00009" HPOS="340" VPOS="1988" WIDTH="68" HEIGHT="28" CONTENT="TER" WC="0.93" CC="764"/>
						<SP ID="P159_SP00007" HPOS="408" VPOS="2016" WIDTH="21"/>
						<String ID="P159_ST00010" HPOS="429" VPOS="1993" WIDTH="74" HEIGHT="22" CONTENT="SICH" WC="0.99" CC="0006"/>
						<SP ID="P159_SP00008" HPOS="503" VPOS="2016" WIDTH="24"/>
						<String ID="P159_ST00011" HPOS="527" VPOS="1990" WIDTH="58" HEIGHT="25" CONTENT="über" WC="0.98" CC="0920"/>
						<SP ID="P159_SP00009" HPOS="585" VPOS="2016" WIDTH="20"/>
						<String ID="P159_ST00012" HPOS="605" VPOS="1990" WIDTH="39" HEIGHT="25" CONTENT="die" WC="0.94" CC="970"/>
						<SP ID="P159_SP00010" HPOS="644" VPOS="2016" WIDTH="20"/>
						<String ID="P159_ST00013" HPOS="664" VPOS="1989" WIDTH="177" HEIGHT="35" CONTENT="Entwicklung" WC="0.99" CC="00070090305"/>
						<SP ID="P159_SP00011" HPOS="841" VPOS="2024" WIDTH="20"/>
						<String ID="P159_ST00014" HPOS="861" VPOS="1988" WIDTH="51" HEIGHT="26" CONTENT="und" WC="0.95" CC="506"/>
						<SP ID="P159_SP00012" HPOS="912" VPOS="2024" WIDTH="21"/>
						<String ID="P159_ST00015" HPOS="933" VPOS="1988" WIDTH="47" HEIGHT="25" CONTENT="den" WC="0.99" CC="003"/>
						<SP ID="P159_SP00013" HPOS="980" VPOS="2024" WIDTH="21"/>
						<String ID="P159_ST00016" HPOS="1001" VPOS="1998" WIDTH="75" HEIGHT="25" CONTENT="gegen" SUBS_TYPE="HypPart1" SUBS_CONTENT="gegenyy" WC="0.63" CC="07062"/>
						<HYP HPOS="1076" VPOS="1998" WIDTH="14" CONTENT="-"/>
					</TextLine>
					<TextLine ID="P159_TL00004" HPOS="275" VPOS="2026" WIDTH="815" HEIGHT="39">
						<String ID="P159_ST00017" HPOS="275" VPOS="2032" WIDTH="64" HEIGHT="33" CONTENT="yy" SUBS_TYPE="HypPart2" SUBS_CONTENT="gegenyy" WC="0.13" CC="97"/>
						<SP ID="P159_SP00014" HPOS="339" VPOS="2065" WIDTH="34"/>
						<String ID="P159_ST00018" HPOS="373" VPOS="2030" WIDTH="122" HEIGHT="34" CONTENT="wartigen" WC="0.54" CC="09457018"/>
						<SP ID="P159_SP00015" HPOS="495" VPOS="2065" WIDTH="10"/>
						<String ID="P159_ST00019" HPOS="505" VPOS="2028" WIDTH="73" HEIGHT="26" CONTENT="Stand" WC="0.99" CC="02030"/>
						<SP ID="P159_SP00016" HPOS="578" VPOS="2065" WIDTH="16"/>
						<String ID="P159_ST00020" HPOS="594" VPOS="2028" WIDTH="39" HEIGHT="25" CONTENT="des" WC="0.95" CC="704"/>
						<SP ID="P159_SP00017" HPOS="633" VPOS="2065" WIDTH="11"/>
						<String ID="P159_ST00021" HPOS="644" VPOS="2028" WIDTH="187" HEIGHT="34" CONTENT="norwegischen" WC="0.99" CC="000770660560"/>
						<SP ID="P159_SP00018" HPOS="831" VPOS="2065" WIDTH="10"/>
						<String ID="P159_ST00022" HPOS="841" VPOS="2026" WIDTH="154" HEIGHT="26" CONTENT="Schrifttums" WC="0.99" CC="01606967004"/>
						<SP ID="P159_SP00019" HPOS="995" VPOS="2065" WIDTH="13"/>
						<String ID="P159_ST00023" HPOS="1008" VPOS="2033" WIDTH="69" HEIGHT="18" CONTENT="unter" SUBS_TYPE="HypPart1" SUBS_CONTENT="unterrichten" WC="0.98" CC="00770"/>
						<HYP HPOS="1077" VPOS="2033" WIDTH="13" CONTENT="-"/>
					</TextLine>
					<TextLine ID="P159_TL00005" HPOS="252" VPOS="2065" WIDTH="836" HEIGHT="34">
						<String ID="P159_ST00024" HPOS="252" VPOS="2070" WIDTH="93" HEIGHT="25" CONTENT="richten" SUBS_TYPE="HypPart2" SUBS_CONTENT="unterrichten" WC="0.99" CC="0426030"/>
						<SP ID="P159_SP00020" HPOS="345" VPOS="2095" WIDTH="16"/>
						<String ID="P159_ST00025" HPOS="361" VPOS="2068" WIDTH="62" HEIGHT="29" CONTENT="will," WC="0.97" CC="85004"/>
						<SP ID="P159_SP00021" HPOS="423" VPOS="2097" WIDTH="19"/>
						<String ID="P159_ST00026" HPOS="442" VPOS="2066" WIDTH="104" HEIGHT="27" CONTENT="befindet" WC="0.99" CC="37702030"/>
						<SP ID="P159_SP00022" HPOS="546" VPOS="2097" WIDTH="19"/>
						<String ID="P159_ST00027" HPOS="565" VPOS="2066" WIDTH="51" HEIGHT="26" CONTENT="sich" WC="0.97" CC="2207"/>
						<SP ID="P159_SP00023" HPOS="616" VPOS="2097" WIDTH="19"/>
						<String ID="P159_ST00028" HPOS="635" VPOS="2067" WIDTH="100" HEIGHT="24" CONTENT="zumeist" WC="0.98" CC="5200367"/>
						<SP ID="P159_SP00024" HPOS="735" VPOS="2097" WIDTH="19"/>
						<String ID="P159_ST00029" HPOS="754" VPOS="2066" WIDTH="23" HEIGHT="25" CONTENT="in" WC="0.83" CC="12"/>
						<SP ID="P159_SP00025" HPOS="777" VPOS="2097" WIDTH="16"/>
						<String ID="P159_ST00030" HPOS="793" VPOS="2066" WIDTH="64" HEIGHT="25" CONTENT="einer" WC="0.98" CC="54140"/>
						<SP ID="P159_SP00026" HPOS="857" VPOS="2097" WIDTH="13"/>
						<String ID="P159_ST00031" HPOS="870" VPOS="2065" WIDTH="72" HEIGHT="25" CONTENT="üblen" WC="0.98" CC="07600"/>
						<SP ID="P159_SP00027" HPOS="942" VPOS="2097" WIDTH="16"/>
						<String ID="P159_ST00032" HPOS="958" VPOS="2066" WIDTH="71" HEIGHT="33" CONTENT="Lage." WC="0.97" CC="96061"/>
						<SP ID="P159_SP00028" HPOS="1029" VPOS="2099" WIDTH="28"/>
						<String ID="P159_ST00033" HPOS="1057" VPOS="2066" WIDTH="31" HEIGHT="23" CONTENT="So" WC="0.86" CC="02"/>
					</TextLine>
					<TextLine ID="P159_TL00006" HPOS="252" VPOS="2103" WIDTH="837" HEIGHT="37">
						<String ID="P159_ST00034" HPOS="252" VPOS="2109" WIDTH="65" HEIGHT="25" CONTENT="reich" WC="0.97" CC="02746"/>
						<SP ID="P159_SP00029" HPOS="317" VPOS="2134" WIDTH="19"/>
						<String ID="P159_ST00035" HPOS="336" VPOS="2108" WIDTH="38" HEIGHT="24" CONTENT="die" WC="1.00" CC="000"/>
						<SP ID="P159_SP00030" HPOS="374" VPOS="2134" WIDTH="17"/>
						<String ID="P159_ST00036" HPOS="391" VPOS="2104" WIDTH="312" HEIGHT="36" CONTENT="Uebersetzungslitteratur" WC="0.61" CC="66870303750050850405530"/>
						<SP ID="P159_SP00031" HPOS="703" VPOS="2140" WIDTH="18"/>
						<String ID="P159_ST00037" HPOS="721" VPOS="2105" WIDTH="37" HEIGHT="28" CONTENT="ist," WC="0.97" CC="5431"/>
						<SP ID="P159_SP00032" HPOS="758" VPOS="2140" WIDTH="19"/>
						<String ID="P159_ST00038" HPOS="777" VPOS="2104" WIDTH="38" HEIGHT="25" CONTENT="die" WC="0.96" CC="063"/>
						<SP ID="P159_SP00033" HPOS="815" VPOS="2140" WIDTH="17"/>
						<String ID="P159_ST00039" HPOS="832" VPOS="2106" WIDTH="23" HEIGHT="31" CONTENT="ja" WC="0.28" CC="49"/>
						<SP ID="P159_SP00034" HPOS="855" VPOS="2140" WIDTH="19"/>
						<String ID="P159_ST00040" HPOS="874" VPOS="2103" WIDTH="40" HEIGHT="25" CONTENT="für" WC="0.92" CC="974"/>
						<SP ID="P159_SP00035" HPOS="914" VPOS="2140" WIDTH="17"/>
						<String ID="P159_ST00041" HPOS="931" VPOS="2103" WIDTH="39" HEIGHT="24" CONTENT="die" WC="0.99" CC="020"/>
						<SP ID="P159_SP00036" HPOS="970" VPOS="2140" WIDTH="18"/>
						<String ID="P159_ST00042" HPOS="988" VPOS="2104" WIDTH="101" HEIGHT="24" CONTENT="meisten" WC="0.98" CC="0164076"/>
					</TextLine>
					<TextLine ID="P159_TL00007" HPOS="252" VPOS="2142" WIDTH="837" HEIGHT="39">
						<String ID="P159_ST00043" HPOS="252" VPOS="2148" WIDTH="38" HEIGHT="26" CONTENT="die" WC="1.00" CC="010"/>
						<SP ID="P159_SP00037" HPOS="290" VPOS="2174" WIDTH="14"/>
						<String ID="P159_ST00044" HPOS="304" VPOS="2147" WIDTH="91" HEIGHT="34" CONTENT="einzige" WC="0.98" CC="0606706"/>
						<SP ID="P159_SP00038" HPOS="395" VPOS="2181" WIDTH="12"/>
						<String ID="P159_ST00045" HPOS="407" VPOS="2144" WIDTH="88" HEIGHT="36" CONTENT="Quelle" WC="0.98" CC="954004"/>
						<SP ID="P159_SP00039" HPOS="495" VPOS="2181" WIDTH="14"/>
						<String ID="P159_ST00046" HPOS="509" VPOS="2144" WIDTH="49" HEIGHT="26" CONTENT="sein" WC="0.97" CC="3560"/>
						<SP ID="P159_SP00040" HPOS="558" VPOS="2181" WIDTH="15"/>
						<String ID="P159_ST00047" HPOS="573" VPOS="2142" WIDTH="64" HEIGHT="27" CONTENT="mufs" WC="0.27" CC="9693"/>
						<SP ID="P159_SP00041" HPOS="637" VPOS="2181" WIDTH="15"/>
						<String ID="P159_ST00048" HPOS="652" VPOS="2142" WIDTH="76" HEIGHT="26" CONTENT="neben" WC="0.99" CC="70030"/>
						<SP ID="P159_SP00042" HPOS="728" VPOS="2181" WIDTH="12"/>
						<String ID="P159_ST00049" HPOS="740" VPOS="2142" WIDTH="96" HEIGHT="34" CONTENT="einigen" WC="0.98" CC="1694056"/>
						<SP ID="P159_SP00043" HPOS="836" VPOS="2181" WIDTH="11"/>
						<String ID="P159_ST00050" HPOS="847" VPOS="2142" WIDTH="68" HEIGHT="24" CONTENT="mehr" WC="0.97" CC="0750"/>
						<SP ID="P159_SP00044" HPOS="915" VPOS="2181" WIDTH="10"/>
						<String ID="P159_ST00051" HPOS="925" VPOS="2142" WIDTH="59" HEIGHT="24" CONTENT="oder" WC="0.98" CC="0072"/>
						<SP ID="P159_SP00045" HPOS="984" VPOS="2181" WIDTH="10"/>
						<String ID="P159_ST00052" HPOS="994" VPOS="2142" WIDTH="95" HEIGHT="24" CONTENT="minder" WC="0.98" CC="320063"/>
					</TextLine>
					<TextLine ID="P159_TL00008" HPOS="252" VPOS="2180" WIDTH="836" HEIGHT="42">
						<String ID="P159_ST00053" HPOS="252" VPOS="2187" WIDTH="172" HEIGHT="35" CONTENT="zuverlässigen" WC="0.99" CC="0500036246960"/>
						<SP ID="P159_SP00046" HPOS="424" VPOS="2222" WIDTH="10"/>
						<String ID="P159_ST00054" HPOS="434" VPOS="2181" WIDTH="253" HEIGHT="30" CONTENT="Litteraturberichten" WC="0.55" CC="6765300570073546074"/>
						<SP ID="P159_SP00047" HPOS="687" VPOS="2222" WIDTH="8"/>
						<String ID="P159_ST00055" HPOS="695" VPOS="2198" WIDTH="37" HEIGHT="2" CONTENT="—" WC="0.20" CC="8"/>
						<SP ID="P159_SP00048" HPOS="732" VPOS="2222" WIDTH="7"/>
						<String ID="P159_ST00056" HPOS="739" VPOS="2181" WIDTH="38" HEIGHT="26" CONTENT="ein" WC="0.97" CC="060"/>
						<SP ID="P159_SP00049" HPOS="777" VPOS="2222" WIDTH="10"/>
						<String ID="P159_ST00057" HPOS="787" VPOS="2180" WIDTH="144" HEIGHT="37" CONTENT="Spiegelbild" WC="0.99" CC="09770603549"/>
						<SP ID="P159_SP00050" HPOS="931" VPOS="2222" WIDTH="11"/>
						<String ID="P159_ST00058" HPOS="942" VPOS="2180" WIDTH="39" HEIGHT="24" CONTENT="des" WC="0.97" CC="034"/>
						<SP ID="P159_SP00051" HPOS="981" VPOS="2222" WIDTH="12"/>
						<String ID="P159_ST00059" HPOS="993" VPOS="2180" WIDTH="95" HEIGHT="25" CONTENT="reichen" WC="0.98" CC="4456525"/>
					</TextLine>
					<TextLine ID="P159_TL00009" HPOS="252" VPOS="2219" WIDTH="837" HEIGHT="37">
						<String ID="P159_ST00060" HPOS="252" VPOS="2226" WIDTH="174" HEIGHT="27" CONTENT="litterarischen" WC="0.99" CC="25451070740624"/>
						<SP ID="P159_SP00052" HPOS="426" VPOS="2253" WIDTH="18"/>
						<String ID="P159_ST00061" HPOS="444" VPOS="2225" WIDTH="88" HEIGHT="25" CONTENT="Lebens" WC="0.98" CC="306265"/>
						<SP ID="P159_SP00053" HPOS="532" VPOS="2253" WIDTH="18"/>
						<String ID="P159_ST00062" HPOS="550" VPOS="2223" WIDTH="25" HEIGHT="25" CONTENT="in" WC="0.55" CC="35"/>
						<SP ID="P159_SP00054" HPOS="575" VPOS="2253" WIDTH="14"/>
						<String ID="P159_ST00063" HPOS="589" VPOS="2224" WIDTH="143" HEIGHT="32" CONTENT="Norwegen" WC="0.99" CC="53140033"/>
						<SP ID="P159_SP00055" HPOS="732" VPOS="2256" WIDTH="17"/>
						<String ID="P159_ST00064" HPOS="749" VPOS="2219" WIDTH="52" HEIGHT="36" CONTENT="gibt" WC="0.97" CC="0571"/>
						<SP ID="P159_SP00056" HPOS="801" VPOS="2256" WIDTH="18"/>
						<String ID="P159_ST00065" HPOS="819" VPOS="2220" WIDTH="33" HEIGHT="24" CONTENT="sie" WC="0.93" CC="665"/>
						<SP ID="P159_SP00057" HPOS="852" VPOS="2256" WIDTH="18"/>
						<String ID="P159_ST00066" HPOS="870" VPOS="2219" WIDTH="76" HEIGHT="26" CONTENT="nicht." WC="0.98" CC="055550"/>
						<SP ID="P159_SP00058" HPOS="946" VPOS="2256" WIDTH="29"/>
						<String ID="P159_ST00067" HPOS="975" VPOS="2220" WIDTH="55" HEIGHT="23" CONTENT="Von" WC="0.98" CC="041"/>
						<SP ID="P159_SP00059" HPOS="1030" VPOS="2256" WIDTH="18"/>
						<String ID="P159_ST00068" HPOS="1048" VPOS="2219" WIDTH="41" HEIGHT="25" CONTENT="der" WC="0.95" CC="076"/>
					</TextLine>
					<TextLine ID="P159_TL00010" HPOS="251" VPOS="2257" WIDTH="837" HEIGHT="46">
						<String ID="P159_ST00069" HPOS="251" VPOS="2269" WIDTH="113" HEIGHT="34" CONTENT="jüngsten" WC="0.99" CC="30105040"/>
						<SP ID="P159_SP00060" HPOS="364" VPOS="2303" WIDTH="11"/>
						<String ID="P159_ST00070" HPOS="375" VPOS="2264" WIDTH="157" HEIGHT="30" CONTENT="Generation," WC="0.99" CC="04042567434"/>
						<SP ID="P159_SP00061" HPOS="532" VPOS="2303" WIDTH="14"/>
						<String ID="P159_ST00071" HPOS="546" VPOS="2262" WIDTH="47" HEIGHT="26" CONTENT="den" WC="0.98" CC="012"/>
						<SP ID="P159_SP00062" HPOS="593" VPOS="2303" WIDTH="11"/>
						<String ID="P159_ST00072" HPOS="604" VPOS="2264" WIDTH="91" HEIGHT="23" CONTENT="Leuten" WC="0.98" CC="045702"/>
						<SP ID="P159_SP00063" HPOS="695" VPOS="2303" WIDTH="14"/>
						<String ID="P159_ST00073" HPOS="709" VPOS="2259" WIDTH="121" HEIGHT="27" CONTENT="zwischen" WC="0.98" CC="69054622"/>
						<SP ID="P159_SP00064" HPOS="830" VPOS="2303" WIDTH="13"/>
						<String ID="P159_ST00074" HPOS="843" VPOS="2268" WIDTH="33" HEIGHT="16" CONTENT="20" WC="0.28" CC="85"/>
						<SP ID="P159_SP00065" HPOS="876" VPOS="2303" WIDTH="12"/>
						<String ID="P159_ST00075" HPOS="888" VPOS="2257" WIDTH="50" HEIGHT="26" CONTENT="und" WC="1.00" CC="000"/>
						<SP ID="P159_SP00066" HPOS="938" VPOS="2303" WIDTH="15"/>
						<String ID="P159_ST00076" HPOS="953" VPOS="2266" WIDTH="31" HEIGHT="26" CONTENT="30" WC="0.51" CC="81"/>
						<SP ID="P159_SP00067" HPOS="984" VPOS="2303" WIDTH="10"/>
						<String ID="P159_ST00077" HPOS="994" VPOS="2258" WIDTH="94" HEIGHT="32" CONTENT="Jahren," WC="0.98" CC="0960304"/>
					</TextLine>
					<TextLine ID="P159_TL00011" HPOS="252" VPOS="2296" WIDTH="838" HEIGHT="38">
						<String ID="P159_ST00078" HPOS="252" VPOS="2307" WIDTH="51" HEIGHT="25" CONTENT="sind" WC="0.99" CC="3000"/>
						<SP ID="P159_SP00068" HPOS="303" VPOS="2332" WIDTH="20"/>
						<String ID="P159_ST00079" HPOS="323" VPOS="2306" WIDTH="38" HEIGHT="26" CONTENT="bei" WC="0.92" CC="676"/>
						<SP ID="P159_SP00069" HPOS="361" VPOS="2332" WIDTH="18"/>
						<String ID="P159_ST00080" HPOS="379" VPOS="2315" WIDTH="45" HEIGHT="16" CONTENT="uns" WC="0.96" CC="432"/>
						<SP ID="P159_SP00070" HPOS="424" VPOS="2332" WIDTH="18"/>
						<String ID="P159_ST00081" HPOS="442" VPOS="2305" WIDTH="75" HEIGHT="25" CONTENT="kaum" WC="0.95" CC="4709"/>
						<SP ID="P159_SP00071" HPOS="517" VPOS="2332" WIDTH="18"/>
						<String ID="P159_ST00082" HPOS="535" VPOS="2303" WIDTH="38" HEIGHT="25" CONTENT="die" WC="0.93" CC="953"/>
						<SP ID="P159_SP00072" HPOS="573" VPOS="2332" WIDTH="19"/>
						<String ID="P159_ST00083" HPOS="592" VPOS="2303" WIDTH="96" HEIGHT="25" CONTENT="Namen" WC="0.98" CC="66000"/>
						<SP ID="P159_SP00073" HPOS="688" VPOS="2332" WIDTH="20"/>
						<String ID="P159_ST00084" HPOS="708" VPOS="2299" WIDTH="40" HEIGHT="26" CONTENT="der" WC="0.97" CC="017"/>
						<SP ID="P159_SP00074" HPOS="748" VPOS="2332" WIDTH="17"/>
						<String ID="P159_ST00085" HPOS="765" VPOS="2300" WIDTH="199" HEIGHT="34" CONTENT="Hauptvertreter" WC="0.99" CC="07292900630533"/>
						<SP ID="P159_SP00075" HPOS="964" VPOS="2334" WIDTH="17"/>
						<String ID="P159_ST00086" HPOS="981" VPOS="2296" WIDTH="109" HEIGHT="26" CONTENT="bekannt" WC="0.98" CC="2706065"/>
					</TextLine>
					<TextLine ID="P159_TL00012" HPOS="252" VPOS="2335" WIDTH="837" HEIGHT="45">
						<String ID="P159_ST00087" HPOS="252" VPOS="2346" WIDTH="143" HEIGHT="34" CONTENT="geworden," WC="1.00" CC="000020004"/>
						<SP ID="P159_SP00076" HPOS="395" VPOS="2380" WIDTH="24"/>
						<String ID="P159_ST00088" HPOS="419" VPOS="2344" WIDTH="51" HEIGHT="27" CONTENT="und" WC="0.98" CC="300"/>
						<SP ID="P159_SP00077" HPOS="470" VPOS="2380" WIDTH="24"/>
						<String ID="P159_ST00089" HPOS="494" VPOS="2353" WIDTH="50" HEIGHT="16" CONTENT="von" WC="0.98" CC="006"/>
						<SP ID="P159_SP00078" HPOS="544" VPOS="2380" WIDTH="23"/>
						<String ID="P159_ST00090" HPOS="567" VPOS="2341" WIDTH="41" HEIGHT="27" CONTENT="der" WC="0.95" CC="831"/>
						<SP ID="P159_SP00079" HPOS="608" VPOS="2380" WIDTH="19"/>
						<String ID="P159_ST00091" HPOS="627" VPOS="2337" WIDTH="215" HEIGHT="37" CONTENT="voraufgehenden" WC="0.99" CC="01165994620076"/>
						<SP ID="P159_SP00080" HPOS="842" VPOS="2380" WIDTH="20"/>
						<String ID="P159_ST00092" HPOS="862" VPOS="2336" WIDTH="156" HEIGHT="31" CONTENT="Generation," WC="0.99" CC="02040725002"/>
						<SP ID="P159_SP00081" HPOS="1018" VPOS="2380" WIDTH="24"/>
						<String ID="P159_ST00093" HPOS="1042" VPOS="2335" WIDTH="47" HEIGHT="26" CONTENT="den" WC="0.96" CC="046"/>
					</TextLine>
					<TextLine ID="P159_TL00013" HPOS="252" VPOS="2374" WIDTH="837" HEIGHT="46">
						<String ID="P159_ST00094" HPOS="252" VPOS="2385" WIDTH="101" HEIGHT="30" CONTENT="Leuten," WC="0.99" CC="0055004"/>
						<SP ID="P159_SP00082" HPOS="353" VPOS="2415" WIDTH="20"/>
						<String ID="P159_ST00095" HPOS="373" VPOS="2385" WIDTH="39" HEIGHT="26" CONTENT="die" WC="0.98" CC="050"/>
						<SP ID="P159_SP00083" HPOS="412" VPOS="2415" WIDTH="17"/>
						<String ID="P159_ST00096" HPOS="429" VPOS="2387" WIDTH="55" HEIGHT="33" CONTENT="jetzt" WC="0.98" CC="20073"/>
						<SP ID="P159_SP00084" HPOS="484" VPOS="2420" WIDTH="18"/>
						<String ID="P159_ST00097" HPOS="502" VPOS="2384" WIDTH="25" HEIGHT="25" CONTENT="in" WC="0.66" CC="33"/>
						<SP ID="P159_SP00085" HPOS="527" VPOS="2420" WIDTH="20"/>
						<String ID="P159_ST00098" HPOS="547" VPOS="2382" WIDTH="46" HEIGHT="26" CONTENT="den" WC="0.93" CC="927"/>
						<SP ID="P159_SP00086" HPOS="593" VPOS="2420" WIDTH="13"/>
						<String ID="P159_ST00099" HPOS="606" VPOS="2380" WIDTH="137" HEIGHT="35" CONTENT="Vierzigern" WC="0.99" CC="6630760505"/>
						<SP ID="P159_SP00087" HPOS="743" VPOS="2420" WIDTH="15"/>
						<String ID="P159_ST00100" HPOS="758" VPOS="2378" WIDTH="76" HEIGHT="30" CONTENT="stehn," WC="0.65" CC="405704"/>
						<SP ID="P159_SP00088" HPOS="834" VPOS="2420" WIDTH="20"/>
						<String ID="P159_ST00101" HPOS="854" VPOS="2376" WIDTH="31" HEIGHT="26" CONTENT="ist" WC="0.95" CC="344"/>
						<SP ID="P159_SP00089" HPOS="885" VPOS="2420" WIDTH="13"/>
						<String ID="P159_ST00102" HPOS="898" VPOS="2374" WIDTH="130" HEIGHT="36" CONTENT="eigentlich" WC="0.99" CC="5100040665"/>
						<SP ID="P159_SP00090" HPOS="1028" VPOS="2420" WIDTH="15"/>
						<String ID="P159_ST00103" HPOS="1043" VPOS="2385" WIDTH="46" HEIGHT="14" CONTENT="nur" WC="0.96" CC="406"/>
					</TextLine>
					<TextLine ID="P159_TL00014" HPOS="252" VPOS="2413" WIDTH="838" HEIGHT="47">
						<String ID="P159_ST00104" HPOS="252" VPOS="2423" WIDTH="66" HEIGHT="25" CONTENT="Arne" WC="0.97" CC="5006"/>
						<SP ID="P159_SP00091" HPOS="318" VPOS="2448" WIDTH="15"/>
						<String ID="P159_ST00105" HPOS="333" VPOS="2424" WIDTH="112" HEIGHT="36" CONTENT="Garborg" WC="0.99" CC="0704000"/>
						<SP ID="P159_SP00092" HPOS="445" VPOS="2460" WIDTH="18"/>
						<String ID="P159_ST00106" HPOS="463" VPOS="2424" WIDTH="43" HEIGHT="25" CONTENT="mit" WC="0.95" CC="364"/>
						<SP ID="P159_SP00093" HPOS="506" VPOS="2460" WIDTH="18"/>
						<String ID="P159_ST00107" HPOS="524" VPOS="2421" WIDTH="48" HEIGHT="27" CONTENT="fast" WC="0.96" CC="0654"/>
						<SP ID="P159_SP00094" HPOS="572" VPOS="2460" WIDTH="17"/>
						<String ID="P159_ST00108" HPOS="589" VPOS="2420" WIDTH="62" HEIGHT="27" CONTENT="allen" WC="0.98" CC="90003"/>
						<SP ID="P159_SP00095" HPOS="651" VPOS="2460" WIDTH="19"/>
						<String ID="P159_ST00109" HPOS="670" VPOS="2419" WIDTH="80" HEIGHT="26" CONTENT="seinen" WC="0.98" CC="624420"/>
						<SP ID="P159_SP00096" HPOS="750" VPOS="2460" WIDTH="14"/>
						<String ID="P159_ST00110" HPOS="764" VPOS="2415" WIDTH="110" HEIGHT="28" CONTENT="Werken" WC="0.99" CC="410020"/>
						<SP ID="P159_SP00097" HPOS="874" VPOS="2460" WIDTH="14"/>
						<String ID="P159_ST00111" HPOS="888" VPOS="2414" WIDTH="55" HEIGHT="27" CONTENT="dem" WC="0.98" CC="040"/>
						<SP ID="P159_SP00098" HPOS="943" VPOS="2460" WIDTH="15"/>
						<String ID="P159_ST00112" HPOS="958" VPOS="2413" WIDTH="132" HEIGHT="26" CONTENT="deutschen" WC="0.99" CC="050100753"/>
					</TextLine>
					<TextLine ID="P159_TL00015" HPOS="252" VPOS="2452" WIDTH="838" HEIGHT="47">
						<String ID="P159_ST00113" HPOS="252" VPOS="2460" WIDTH="72" HEIGHT="26" CONTENT="Leser" WC="0.99" CC="00604"/>
						<SP ID="P159_SP00099" HPOS="324" VPOS="2486" WIDTH="12"/>
						<String ID="P159_ST00114" HPOS="336" VPOS="2463" WIDTH="147" HEIGHT="36" CONTENT="zugänglich" WC="0.99" CC="2007000267"/>
						<SP ID="P159_SP00100" HPOS="483" VPOS="2499" WIDTH="13"/>
						<String ID="P159_ST00115" HPOS="496" VPOS="2461" WIDTH="141" HEIGHT="37" CONTENT="geworden." WC="1.00" CC="210000230"/>
						<SP ID="P159_SP00101" HPOS="637" VPOS="2499" WIDTH="24"/>
						<String ID="P159_ST00116" HPOS="661" VPOS="2461" WIDTH="28" HEIGHT="24" CONTENT="Es" WC="0.66" CC="05"/>
						<SP ID="P159_SP00102" HPOS="689" VPOS="2499" WIDTH="16"/>
						<String ID="P159_ST00117" HPOS="705" VPOS="2459" WIDTH="28" HEIGHT="25" CONTENT="ist" WC="0.96" CC="424"/>
						<SP ID="P159_SP00103" HPOS="733" VPOS="2499" WIDTH="15"/>
						<String ID="P159_ST00118" HPOS="748" VPOS="2457" WIDTH="73" HEIGHT="26" CONTENT="daher" WC="0.96" CC="96571"/>
						<SP ID="P159_SP00104" HPOS="821" VPOS="2499" WIDTH="14"/>
						<String ID="P159_ST00119" HPOS="835" VPOS="2465" WIDTH="46" HEIGHT="15" CONTENT="nur" WC="0.96" CC="640"/>
						<SP ID="P159_SP00105" HPOS="881" VPOS="2499" WIDTH="13"/>
						<String ID="P159_ST00120" HPOS="894" VPOS="2463" WIDTH="29" HEIGHT="16" CONTENT="zu" WC="0.60" CC="34"/>
						<SP ID="P159_SP00106" HPOS="923" VPOS="2499" WIDTH="14"/>
						<String ID="P159_ST00121" HPOS="937" VPOS="2452" WIDTH="153" HEIGHT="36" CONTENT="begreiflich," WC="0.99" CC="760456950554"/>
					</TextLine>
					<TextLine ID="P159_TL00016" HPOS="253" VPOS="2493" WIDTH="838" HEIGHT="45">
						<String ID="P159_ST00122" HPOS="253" VPOS="2496" WIDTH="53" HEIGHT="27" CONTENT="dafs" WC="0.43" CC="0795"/>
						<SP ID="P159_SP00107" HPOS="306" VPOS="2523" WIDTH="22"/>
						<String ID="P159_ST00123" HPOS="328" VPOS="2501" WIDTH="47" HEIGHT="26" CONTENT="den" WC="0.97" CC="071"/>
						<SP ID="P159_SP00108" HPOS="375" VPOS="2527" WIDTH="20"/>
						<String ID="P159_ST00124" HPOS="395" VPOS="2502" WIDTH="199" HEIGHT="36" CONTENT="gegenwärtigen" WC="0.99" CC="0602109043825"/>
						<SP ID="P159_SP00109" HPOS="594" VPOS="2538" WIDTH="17"/>
						<String ID="P159_ST00125" HPOS="611" VPOS="2498" WIDTH="73" HEIGHT="27" CONTENT="Stand" WC="0.98" CC="06500"/>
						<SP ID="P159_SP00110" HPOS="684" VPOS="2538" WIDTH="18"/>
						<String ID="P159_ST00126" HPOS="702" VPOS="2498" WIDTH="41" HEIGHT="25" CONTENT="der" WC="0.98" CC="050"/>
						<SP ID="P159_SP00111" HPOS="743" VPOS="2538" WIDTH="17"/>
						<String ID="P159_ST00127" HPOS="760" VPOS="2493" WIDTH="182" HEIGHT="36" CONTENT="norwegischen" WC="0.99" CC="401070630570"/>
						<SP ID="P159_SP00112" HPOS="942" VPOS="2538" WIDTH="18"/>
						<String ID="P159_ST00128" HPOS="960" VPOS="2493" WIDTH="131" HEIGHT="25" CONTENT="Litteratur" WC="0.79" CC="0612305001"/>
					</TextLine>
					<TextLine ID="P159_TL00017" HPOS="252" VPOS="2533" WIDTH="838" HEIGHT="39">
						<String ID="P159_ST00129" HPOS="252" VPOS="2545" WIDTH="29" HEIGHT="16" CONTENT="zu" WC="0.34" CC="75"/>
						<SP ID="P159_SP00113" HPOS="281" VPOS="2561" WIDTH="18"/>
						<String ID="P159_ST00130" HPOS="299" VPOS="2536" WIDTH="97" HEIGHT="31" CONTENT="kennen" WC="0.99" CC="044310"/>
						<SP ID="P159_SP00114" HPOS="396" VPOS="2567" WIDTH="17"/>
						<String ID="P159_ST00131" HPOS="413" VPOS="2543" WIDTH="88" HEIGHT="29" CONTENT="meint," WC="0.98" CC="902053"/>
						<SP ID="P159_SP00115" HPOS="501" VPOS="2572" WIDTH="19"/>
						<String ID="P159_ST00132" HPOS="520" VPOS="2551" WIDTH="52" HEIGHT="17" CONTENT="wer" WC="0.94" CC="932"/>
						<SP ID="P159_SP00116" HPOS="572" VPOS="2572" WIDTH="17"/>
						<String ID="P159_ST00133" HPOS="589" VPOS="2540" WIDTH="38" HEIGHT="26" CONTENT="die" WC="0.97" CC="060"/>
						<SP ID="P159_SP00117" HPOS="627" VPOS="2572" WIDTH="17"/>
						<String ID="P159_ST00134" HPOS="644" VPOS="2539" WIDTH="86" HEIGHT="25" CONTENT="letzten" WC="0.98" CC="4674431"/>
						<SP ID="P159_SP00118" HPOS="730" VPOS="2572" WIDTH="14"/>
						<String ID="P159_ST00135" HPOS="744" VPOS="2535" WIDTH="93" HEIGHT="27" CONTENT="Werke" WC="0.97" CC="86004"/>
						<SP ID="P159_SP00119" HPOS="837" VPOS="2572" WIDTH="14"/>
						<String ID="P159_ST00136" HPOS="851" VPOS="2534" WIDTH="92" HEIGHT="28" CONTENT="Ibsens," WC="0.98" CC="1075334"/>
						<SP ID="P159_SP00120" HPOS="943" VPOS="2572" WIDTH="19"/>
						<String ID="P159_ST00137" HPOS="962" VPOS="2533" WIDTH="128" HEIGHT="34" CONTENT="Björnsons" WC="0.65" CC="547004034"/>
					</TextLine>
					<TextLine ID="P159_TL00018" HPOS="253" VPOS="2576" WIDTH="378" HEIGHT="41">
						<String ID="P159_ST00138" HPOS="253" VPOS="2576" WIDTH="51" HEIGHT="25" CONTENT="und" WC="0.99" CC="110"/>
						<SP ID="P159_SP00121" HPOS="304" VPOS="2601" WIDTH="14"/>
						<String ID="P159_ST00139" HPOS="318" VPOS="2579" WIDTH="72" HEIGHT="31" CONTENT="Jonas" WC="0.97" CC="70275"/>
						<SP ID="P159_SP00122" HPOS="390" VPOS="2610" WIDTH="15"/>
						<String ID="P159_ST00140" HPOS="405" VPOS="2582" WIDTH="52" HEIGHT="24" CONTENT="Lies" WC="0.97" CC="0545"/>
						<SP ID="P159_SP00123" HPOS="457" VPOS="2610" WIDTH="16"/>
						<String ID="P159_ST00141" HPOS="473" VPOS="2581" WIDTH="95" HEIGHT="36" CONTENT="gelesen" WC="0.98" CC="0722647"/>
						<SP ID="P159_SP00124" HPOS="568" VPOS="2617" WIDTH="14"/>
						<String ID="P159_ST00142" HPOS="582" VPOS="2580" WIDTH="49" HEIGHT="25" CONTENT="hat." WC="0.96" CC="6770"/>
					</TextLine>
					<TextLine ID="P159_TL00019" HPOS="311" VPOS="2610" WIDTH="779" HEIGHT="42">
						<String ID="P159_ST00143" HPOS="311" VPOS="2617" WIDTH="84" HEIGHT="28" CONTENT="Damit" WC="0.97" CC="62930"/>
						<SP ID="P159_SP00125" HPOS="395" VPOS="2645" WIDTH="14"/>
						<String ID="P159_ST00144" HPOS="409" VPOS="2620" WIDTH="64" HEIGHT="25" CONTENT="wird" WC="0.99" CC="0400"/>
						<SP ID="P159_SP00126" HPOS="473" VPOS="2645" WIDTH="11"/>
						<String ID="P159_ST00145" HPOS="484" VPOS="2620" WIDTH="55" HEIGHT="25" CONTENT="aber" WC="0.98" CC="4030"/>
						<SP ID="P159_SP00127" HPOS="539" VPOS="2645" WIDTH="11"/>
						<String ID="P159_ST00146" HPOS="550" VPOS="2619" WIDTH="38" HEIGHT="26" CONTENT="ein" WC="0.99" CC="030"/>
						<SP ID="P159_SP00128" HPOS="588" VPOS="2645" WIDTH="11"/>
						<String ID="P159_ST00147" HPOS="599" VPOS="2617" WIDTH="76" HEIGHT="35" CONTENT="völlig" WC="0.98" CC="586020"/>
						<SP ID="P159_SP00129" HPOS="675" VPOS="2652" WIDTH="11"/>
						<String ID="P159_ST00148" HPOS="686" VPOS="2615" WIDTH="100" HEIGHT="27" CONTENT="falsches" WC="0.99" CC="07030464"/>
						<SP ID="P159_SP00130" HPOS="786" VPOS="2652" WIDTH="12"/>
						<String ID="P159_ST00149" HPOS="798" VPOS="2612" WIDTH="51" HEIGHT="27" CONTENT="Bild" WC="0.96" CC="3608"/>
						<SP ID="P159_SP00131" HPOS="849" VPOS="2652" WIDTH="12"/>
						<String ID="P159_ST00150" HPOS="861" VPOS="2619" WIDTH="151" HEIGHT="28" CONTENT="gewonnen;" WC="0.99" CC="050200555"/>
						<SP ID="P159_SP00132" HPOS="1012" VPOS="2652" WIDTH="14"/>
						<String ID="P159_ST00151" HPOS="1026" VPOS="2610" WIDTH="64" HEIGHT="26" CONTENT="denn" WC="0.99" CC="0150"/>
					</TextLine>
					<TextLine ID="P159_TL00020" HPOS="252" VPOS="2649" WIDTH="839" HEIGHT="45">
						<String ID="P159_ST00152" HPOS="252" VPOS="2662" WIDTH="50" HEIGHT="17" CONTENT="von" WC="0.95" CC="705"/>
						<SP ID="P159_SP00133" HPOS="302" VPOS="2679" WIDTH="10"/>
						<String ID="P159_ST00153" HPOS="312" VPOS="2656" WIDTH="70" HEIGHT="27" CONTENT="Ibsen" WC="0.98" CC="55600"/>
						<SP ID="P159_SP00134" HPOS="382" VPOS="2683" WIDTH="14"/>
						<String ID="P159_ST00154" HPOS="396" VPOS="2659" WIDTH="51" HEIGHT="25" CONTENT="und" WC="1.00" CC="000"/>
						<SP ID="P159_SP00135" HPOS="447" VPOS="2684" WIDTH="12"/>
						<String ID="P159_ST00155" HPOS="459" VPOS="2661" WIDTH="119" HEIGHT="33" CONTENT="Björnson" WC="0.71" CC="42730220"/>
						<SP ID="P159_SP00136" HPOS="578" VPOS="2694" WIDTH="14"/>
						<String ID="P159_ST00156" HPOS="592" VPOS="2656" WIDTH="64" HEIGHT="28" CONTENT="mufs" WC="0.79" CC="1006"/>
						<SP ID="P159_SP00137" HPOS="656" VPOS="2694" WIDTH="10"/>
						<String ID="P159_ST00157" HPOS="666" VPOS="2656" WIDTH="71" HEIGHT="26" CONTENT="wohl" WC="0.97" CC="0462"/>
						<SP ID="P159_SP00138" HPOS="737" VPOS="2694" WIDTH="11"/>
						<String ID="P159_ST00158" HPOS="748" VPOS="2652" WIDTH="158" HEIGHT="37" CONTENT="zugestanden" WC="0.99" CC="61065373070"/>
						<SP ID="P159_SP00139" HPOS="906" VPOS="2694" WIDTH="11"/>
						<String ID="P159_ST00159" HPOS="917" VPOS="2649" WIDTH="107" HEIGHT="31" CONTENT="werden," WC="1.00" CC="0300004"/>
						<SP ID="P159_SP00140" HPOS="1024" VPOS="2694" WIDTH="15"/>
						<String ID="P159_ST00160" HPOS="1039" VPOS="2649" WIDTH="52" HEIGHT="27" CONTENT="dafs" WC="0.72" CC="0307"/>
					</TextLine>
				</TextBlock>
				<TextBlock ID="P159_TB00003" HPOS="1162" VPOS="1983" WIDTH="856" HEIGHT="717" STYLEREFS="TXT_1 PAR_BLOCK">
					<TextLine ID="P159_TL00021" HPOS="1167" VPOS="1987" WIDTH="843" HEIGHT="44">
						<String ID="P159_ST00161" HPOS="1167" VPOS="1988" WIDTH="33" HEIGHT="25" CONTENT="sie" WC="0.98" CC="042"/>
						<SP ID="P159_SP00141" HPOS="1200" VPOS="2013" WIDTH="13"/>
						<String ID="P159_ST00162" HPOS="1213" VPOS="1988" WIDTH="26" HEIGHT="25" CONTENT="in" WC="0.45" CC="64"/>
						<SP ID="P159_SP00142" HPOS="1239" VPOS="2013" WIDTH="13"/>
						<String ID="P159_ST00163" HPOS="1252" VPOS="1987" WIDTH="47" HEIGHT="26" CONTENT="den" WC="0.98" CC="040"/>
						<SP ID="P159_SP00143" HPOS="1299" VPOS="2013" WIDTH="14"/>
						<String ID="P159_ST00164" HPOS="1313" VPOS="1988" WIDTH="86" HEIGHT="26" CONTENT="letzten" WC="0.99" CC="0200602"/>
						<SP ID="P159_SP00144" HPOS="1399" VPOS="2014" WIDTH="11"/>
						<String ID="P159_ST00165" HPOS="1410" VPOS="1988" WIDTH="86" HEIGHT="34" CONTENT="Jahren" WC="0.98" CC="077044"/>
						<SP ID="P159_SP00145" HPOS="1496" VPOS="2022" WIDTH="14"/>
						<String ID="P159_ST00166" HPOS="1510" VPOS="1990" WIDTH="68" HEIGHT="25" CONTENT="ihren" WC="0.97" CC="06084"/>
						<SP ID="P159_SP00146" HPOS="1578" VPOS="2022" WIDTH="11"/>
						<String ID="P159_ST00167" HPOS="1589" VPOS="1992" WIDTH="147" HEIGHT="25" CONTENT="Besitzstand" WC="0.98" CC="56556601657"/>
						<SP ID="P159_SP00147" HPOS="1736" VPOS="2022" WIDTH="15"/>
						<String ID="P159_ST00168" HPOS="1751" VPOS="2002" WIDTH="45" HEIGHT="16" CONTENT="nur" WC="0.98" CC="021"/>
						<SP ID="P159_SP00148" HPOS="1796" VPOS="2022" WIDTH="15"/>
						<String ID="P159_ST00169" HPOS="1811" VPOS="1993" WIDTH="133" HEIGHT="38" CONTENT="behauptet" WC="0.99" CC="706690200"/>
						<SP ID="P159_SP00149" HPOS="1944" VPOS="2031" WIDTH="13"/>
						<String ID="P159_ST00170" HPOS="1957" VPOS="1997" WIDTH="53" HEIGHT="25" CONTENT="und" WC="0.95" CC="058"/>
					</TextLine>
					<TextLine ID="P159_TL00022" HPOS="1167" VPOS="2026" WIDTH="843" HEIGHT="36">
						<String ID="P159_ST00171" HPOS="1167" VPOS="2026" WIDTH="68" HEIGHT="25" CONTENT="nicht" WC="0.97" CC="07446"/>
						<SP ID="P159_SP00150" HPOS="1235" VPOS="2051" WIDTH="14"/>
						<String ID="P159_ST00172" HPOS="1249" VPOS="2027" WIDTH="121" HEIGHT="25" CONTENT="erweitert" WC="0.99" CC="010205014"/>
						<SP ID="P159_SP00151" HPOS="1370" VPOS="2052" WIDTH="14"/>
						<String ID="P159_ST00173" HPOS="1384" VPOS="2027" WIDTH="87" HEIGHT="31" CONTENT="haben," WC="0.97" CC="667564"/>
						<SP ID="P159_SP00152" HPOS="1471" VPOS="2058" WIDTH="16"/>
						<String ID="P159_ST00174" HPOS="1487" VPOS="2028" WIDTH="50" HEIGHT="26" CONTENT="und" WC="0.97" CC="240"/>
						<SP ID="P159_SP00153" HPOS="1537" VPOS="2058" WIDTH="13"/>
						<String ID="P159_ST00175" HPOS="1550" VPOS="2031" WIDTH="73" HEIGHT="31" CONTENT="Jonas" WC="0.97" CC="35073"/>
						<SP ID="P159_SP00154" HPOS="1623" VPOS="2062" WIDTH="14"/>
						<String ID="P159_ST00176" HPOS="1637" VPOS="2031" WIDTH="53" HEIGHT="24" CONTENT="Lies" WC="0.98" CC="0602"/>
						<SP ID="P159_SP00155" HPOS="1690" VPOS="2062" WIDTH="15"/>
						<String ID="P159_ST00177" HPOS="1705" VPOS="2032" WIDTH="127" HEIGHT="30" CONTENT="Märchen," WC="0.98" CC="99037644"/>
						<SP ID="P159_SP00156" HPOS="1832" VPOS="2062" WIDTH="15"/>
						<String ID="P159_ST00178" HPOS="1847" VPOS="2032" WIDTH="39" HEIGHT="27" CONTENT="die" WC="0.97" CC="060"/>
						<SP ID="P159_SP00157" HPOS="1886" VPOS="2062" WIDTH="15"/>
						<String ID="P159_ST00179" HPOS="1901" VPOS="2034" WIDTH="52" HEIGHT="26" CONTENT="eine" WC="0.98" CC="1600"/>
						<SP ID="P159_SP00158" HPOS="1953" VPOS="2062" WIDTH="14"/>
						<String ID="P159_ST00180" HPOS="1967" VPOS="2035" WIDTH="29" HEIGHT="26" CONTENT="be" SUBS_TYPE="HypPart1" SUBS_CONTENT="bedeutende" WC="0.97" CC="50"/>
						<HYP HPOS="1996" VPOS="2035" WIDTH="14" CONTENT="-"/>
					</TextLine>
					<TextLine ID="P159_TL00023" HPOS="1166" VPOS="2065" WIDTH="846" HEIGHT="38">
						<String ID="P159_ST00181" HPOS="1166" VPOS="2065" WIDTH="119" HEIGHT="25" CONTENT="deutende" SUBS_TYPE="HypPart2" SUBS_CONTENT="bedeutende" WC="0.98" CC="06716505"/>
						<SP ID="P159_SP00159" HPOS="1285" VPOS="2090" WIDTH="20"/>
						<String ID="P159_ST00182" HPOS="1305" VPOS="2067" WIDTH="241" HEIGHT="36" CONTENT="Besitzerweiterung" WC="1.00" CC="36506410000330028"/>
						<SP ID="P159_SP00160" HPOS="1546" VPOS="2103" WIDTH="19"/>
						<String ID="P159_ST00183" HPOS="1565" VPOS="2068" WIDTH="136" HEIGHT="31" CONTENT="darstellen," WC="0.99" CC="00466535604"/>
						<SP ID="P159_SP00161" HPOS="1701" VPOS="2103" WIDTH="22"/>
						<String ID="P159_ST00184" HPOS="1723" VPOS="2071" WIDTH="53" HEIGHT="24" CONTENT="sind" WC="0.97" CC="5350"/>
						<SP ID="P159_SP00162" HPOS="1776" VPOS="2103" WIDTH="22"/>
						<String ID="P159_ST00185" HPOS="1798" VPOS="2071" WIDTH="24" HEIGHT="25" CONTENT="in" WC="0.67" CC="60"/>
						<SP ID="P159_SP00163" HPOS="1822" VPOS="2103" WIDTH="22"/>
						<String ID="P159_ST00186" HPOS="1844" VPOS="2074" WIDTH="168" HEIGHT="26" CONTENT="Deutschland" WC="0.99" CC="00311341129"/>
					</TextLine>
					<TextLine ID="P159_TL00024" HPOS="1166" VPOS="2103" WIDTH="345" HEIGHT="36">
						<String ID="P159_ST00187" HPOS="1166" VPOS="2104" WIDTH="68" HEIGHT="25" CONTENT="nicht" WC="0.96" CC="66762"/>
						<SP ID="P159_SP00164" HPOS="1234" VPOS="2129" WIDTH="14"/>
						<String ID="P159_ST00188" HPOS="1248" VPOS="2103" WIDTH="107" HEIGHT="26" CONTENT="bekannt" WC="0.98" CC="6705005"/>
						<SP ID="P159_SP00165" HPOS="1355" VPOS="2129" WIDTH="15"/>
						<String ID="P159_ST00189" HPOS="1370" VPOS="2106" WIDTH="141" HEIGHT="33" CONTENT="geworden." WC="0.99" CC="069200120"/>
					</TextLine>
					<TextLine ID="P159_TL00025" HPOS="1223" VPOS="2142" WIDTH="788" HEIGHT="40">
						<String ID="P159_ST00190" HPOS="1223" VPOS="2143" WIDTH="64" HEIGHT="24" CONTENT="Wer" WC="1.00" CC="000"/>
						<SP ID="P159_SP00166" HPOS="1287" VPOS="2167" WIDTH="18"/>
						<String ID="P159_ST00191" HPOS="1305" VPOS="2142" WIDTH="47" HEIGHT="26" CONTENT="den" WC="0.98" CC="023"/>
						<SP ID="P159_SP00167" HPOS="1352" VPOS="2168" WIDTH="24"/>
						<String ID="P159_ST00192" HPOS="1376" VPOS="2143" WIDTH="145" HEIGHT="37" CONTENT="derzeitigen" WC="0.99" CC="00040650008"/>
						<SP ID="P159_SP00168" HPOS="1521" VPOS="2180" WIDTH="20"/>
						<String ID="P159_ST00193" HPOS="1541" VPOS="2146" WIDTH="74" HEIGHT="25" CONTENT="Stand" WC="0.98" CC="05600"/>
						<SP ID="P159_SP00169" HPOS="1615" VPOS="2180" WIDTH="21"/>
						<String ID="P159_ST00194" HPOS="1636" VPOS="2145" WIDTH="42" HEIGHT="26" CONTENT="der" WC="0.99" CC="030"/>
						<SP ID="P159_SP00170" HPOS="1678" VPOS="2180" WIDTH="20"/>
						<String ID="P159_ST00195" HPOS="1698" VPOS="2148" WIDTH="190" HEIGHT="34" CONTENT="norwegischen" WC="1.00" CC="100060320702"/>
						<SP ID="P159_SP00171" HPOS="1888" VPOS="2182" WIDTH="20"/>
						<String ID="P159_ST00196" HPOS="1908" VPOS="2151" WIDTH="91" HEIGHT="27" CONTENT="Littera" SUBS_TYPE="HypPart1" SUBS_CONTENT="Litteratur" WC="0.70" CC="0506322"/>
						<HYP HPOS="1999" VPOS="2151" WIDTH="12" CONTENT="-"/>
					</TextLine>
					<TextLine ID="P159_TL00026" HPOS="1166" VPOS="2180" WIDTH="844" HEIGHT="45">
						<String ID="P159_ST00197" HPOS="1166" VPOS="2187" WIDTH="40" HEIGHT="19" CONTENT="tur" SUBS_TYPE="HypPart2" SUBS_CONTENT="Litteratur" WC="0.84" CC="004"/>
						<SP ID="P159_SP00172" HPOS="1206" VPOS="2206" WIDTH="17"/>
						<String ID="P159_ST00198" HPOS="1223" VPOS="2180" WIDTH="104" HEIGHT="27" CONTENT="erfassen" WC="0.98" CC="20044665"/>
						<SP ID="P159_SP00173" HPOS="1327" VPOS="2207" WIDTH="18"/>
						<String ID="P159_ST00199" HPOS="1345" VPOS="2182" WIDTH="63" HEIGHT="31" CONTENT="will," WC="0.98" CC="05407"/>
						<SP ID="P159_SP00174" HPOS="1408" VPOS="2213" WIDTH="20"/>
						<String ID="P159_ST00200" HPOS="1428" VPOS="2184" WIDTH="63" HEIGHT="25" CONTENT="wird" WC="0.98" CC="0730"/>
						<SP ID="P159_SP00175" HPOS="1491" VPOS="2213" WIDTH="15"/>
						<String ID="P159_ST00201" HPOS="1506" VPOS="2191" WIDTH="44" HEIGHT="28" CONTENT="gut" WC="1.00" CC="000"/>
						<SP ID="P159_SP00176" HPOS="1550" VPOS="2219" WIDTH="14"/>
						<String ID="P159_ST00202" HPOS="1564" VPOS="2185" WIDTH="71" HEIGHT="30" CONTENT="thun," WC="0.75" CC="06203"/>
						<SP ID="P159_SP00177" HPOS="1635" VPOS="2219" WIDTH="20"/>
						<String ID="P159_ST00203" HPOS="1655" VPOS="2187" WIDTH="60" HEIGHT="24" CONTENT="zehn" WC="0.96" CC="3565"/>
						<SP ID="P159_SP00178" HPOS="1715" VPOS="2219" WIDTH="14"/>
						<String ID="P159_ST00204" HPOS="1729" VPOS="2187" WIDTH="70" HEIGHT="33" CONTENT="Jahre" WC="0.97" CC="46600"/>
						<SP ID="P159_SP00179" HPOS="1799" VPOS="2220" WIDTH="14"/>
						<String ID="P159_ST00205" HPOS="1813" VPOS="2188" WIDTH="197" HEIGHT="37" CONTENT="zurückzugehn." WC="0.64" CC="6220207447710"/>
					</TextLine>
					<TextLine ID="P159_TL00027" HPOS="1167" VPOS="2220" WIDTH="845" HEIGHT="38">
						<String ID="P159_ST00206" HPOS="1167" VPOS="2220" WIDTH="98" HEIGHT="25" CONTENT="Damals" WC="0.98" CC="006716"/>
						<SP ID="P159_SP00180" HPOS="1265" VPOS="2245" WIDTH="18"/>
						<String ID="P159_ST00207" HPOS="1283" VPOS="2221" WIDTH="77" HEIGHT="25" CONTENT="schon" WC="0.97" CC="24643"/>
						<SP ID="P159_SP00181" HPOS="1360" VPOS="2246" WIDTH="14"/>
						<String ID="P159_ST00208" HPOS="1374" VPOS="2237" WIDTH="37" HEIGHT="4" CONTENT="—" WC="0.20" CC="8"/>
						<SP ID="P159_SP00182" HPOS="1411" VPOS="2246" WIDTH="15"/>
						<String ID="P159_ST00209" HPOS="1426" VPOS="2222" WIDTH="50" HEIGHT="25" CONTENT="und" WC="1.00" CC="000"/>
						<SP ID="P159_SP00183" HPOS="1476" VPOS="2247" WIDTH="18"/>
						<String ID="P159_ST00210" HPOS="1494" VPOS="2224" WIDTH="132" HEIGHT="34" CONTENT="eigentlich" WC="0.99" CC="3503000666"/>
						<SP ID="P159_SP00184" HPOS="1626" VPOS="2258" WIDTH="15"/>
						<String ID="P159_ST00211" HPOS="1641" VPOS="2223" WIDTH="84" HEIGHT="27" CONTENT="früher" WC="0.99" CC="020700"/>
						<SP ID="P159_SP00185" HPOS="1725" VPOS="2258" WIDTH="15"/>
						<String ID="P159_ST00212" HPOS="1740" VPOS="2225" WIDTH="73" HEIGHT="31" CONTENT="noch," WC="0.98" CC="00533"/>
						<SP ID="P159_SP00186" HPOS="1813" VPOS="2258" WIDTH="16"/>
						<String ID="P159_ST00213" HPOS="1829" VPOS="2243" WIDTH="36" HEIGHT="4" CONTENT="—" WC="0.20" CC="8"/>
						<SP ID="P159_SP00187" HPOS="1865" VPOS="2258" WIDTH="15"/>
						<String ID="P159_ST00214" HPOS="1880" VPOS="2229" WIDTH="34" HEIGHT="25" CONTENT="als" WC="0.93" CC="755"/>
						<SP ID="P159_SP00188" HPOS="1914" VPOS="2258" WIDTH="17"/>
						<String ID="P159_ST00215" HPOS="1931" VPOS="2231" WIDTH="81" HEIGHT="26" CONTENT="Ibsens" WC="0.98" CC="205443"/>
					</TextLine>
					<TextLine ID="P159_TL00028" HPOS="1167" VPOS="2258" WIDTH="845" HEIGHT="46">
						<String ID="P159_ST00216" HPOS="1167" VPOS="2258" WIDTH="50" HEIGHT="26" CONTENT="und" WC="0.99" CC="020"/>
						<SP ID="P159_SP00189" HPOS="1217" VPOS="2284" WIDTH="19"/>
						<String ID="P159_ST00217" HPOS="1236" VPOS="2260" WIDTH="130" HEIGHT="34" CONTENT="Björnsons" WC="0.71" CC="507001055"/>
						<SP ID="P159_SP00190" HPOS="1366" VPOS="2294" WIDTH="15"/>
						<String ID="P159_ST00218" HPOS="1381" VPOS="2263" WIDTH="106" HEIGHT="23" CONTENT="Dramen" WC="0.99" CC="002631"/>
						<SP ID="P159_SP00191" HPOS="1487" VPOS="2294" WIDTH="22"/>
						<String ID="P159_ST00219" HPOS="1509" VPOS="2263" WIDTH="23" HEIGHT="23" CONTENT="in" WC="0.81" CC="03"/>
						<SP ID="P159_SP00192" HPOS="1532" VPOS="2294" WIDTH="21"/>
						<String ID="P159_ST00220" HPOS="1553" VPOS="2264" WIDTH="166" HEIGHT="26" CONTENT="Deutschland" WC="0.99" CC="05125050600"/>
						<SP ID="P159_SP00193" HPOS="1719" VPOS="2294" WIDTH="19"/>
						<String ID="P159_ST00221" HPOS="1738" VPOS="2265" WIDTH="69" HEIGHT="27" CONTENT="ihren" WC="0.98" CC="16053"/>
						<SP ID="P159_SP00194" HPOS="1807" VPOS="2294" WIDTH="14"/>
						<String ID="P159_ST00222" HPOS="1821" VPOS="2267" WIDTH="129" HEIGHT="37" CONTENT="Siegeszug" WC="0.99" CC="024502600"/>
						<SP ID="P159_SP00195" HPOS="1950" VPOS="2304" WIDTH="19"/>
						<String ID="P159_ST00223" HPOS="1969" VPOS="2280" WIDTH="29" HEIGHT="16" CONTENT="an" SUBS_TYPE="HypPart1" SUBS_CONTENT="antraten" WC="0.95" CC="66"/>
						<HYP HPOS="1998" VPOS="2280" WIDTH="14" CONTENT="-"/>
					</TextLine>
					<TextLine ID="P159_TL00029" HPOS="1167" VPOS="2299" WIDTH="845" HEIGHT="43">
						<String ID="P159_ST00224" HPOS="1167" VPOS="2304" WIDTH="77" HEIGHT="19" CONTENT="traten" SUBS_TYPE="HypPart2" SUBS_CONTENT="antraten" WC="0.98" CC="007660"/>
						<SP ID="P159_SP00196" HPOS="1244" VPOS="2323" WIDTH="28"/>
						<String ID="P159_ST00225" HPOS="1272" VPOS="2299" WIDTH="50" HEIGHT="25" CONTENT="und" WC="0.96" CC="360"/>
						<SP ID="P159_SP00197" HPOS="1322" VPOS="2324" WIDTH="29"/>
						<String ID="P159_ST00226" HPOS="1351" VPOS="2299" WIDTH="97" HEIGHT="26" CONTENT="endlich" WC="0.98" CC="8400266"/>
						<SP ID="P159_SP00198" HPOS="1448" VPOS="2325" WIDTH="29"/>
						<String ID="P159_ST00227" HPOS="1477" VPOS="2302" WIDTH="217" HEIGHT="27" CONTENT="verständnisvolle" WC="0.99" CC="3702794000202032"/>
						<SP ID="P159_SP00199" HPOS="1694" VPOS="2329" WIDTH="25"/>
						<String ID="P159_ST00228" HPOS="1719" VPOS="2305" WIDTH="164" HEIGHT="37" CONTENT="Würdigung" WC="1.00" CC="000000048"/>
						<SP ID="P159_SP00200" HPOS="1883" VPOS="2342" WIDTH="28"/>
						<String ID="P159_ST00229" HPOS="1911" VPOS="2307" WIDTH="101" HEIGHT="34" CONTENT="fanden," WC="0.99" CC="0620104"/>
					</TextLine>
					<TextLine ID="P159_TL00030" HPOS="1167" VPOS="2336" WIDTH="846" HEIGHT="39">
						<String ID="P159_ST00230" HPOS="1167" VPOS="2336" WIDTH="106" HEIGHT="35" CONTENT="drangen" WC="0.99" CC="0070033"/>
						<SP ID="P159_SP00201" HPOS="1273" VPOS="2371" WIDTH="17"/>
						<String ID="P159_ST00231" HPOS="1290" VPOS="2337" WIDTH="25" HEIGHT="26" CONTENT="in" WC="1.00" CC="00"/>
						<SP ID="P159_SP00202" HPOS="1315" VPOS="2371" WIDTH="17"/>
						<String ID="P159_ST00232" HPOS="1332" VPOS="2339" WIDTH="144" HEIGHT="35" CONTENT="Norwegen" WC="0.98" CC="06093046"/>
						<SP ID="P159_SP00203" HPOS="1476" VPOS="2374" WIDTH="18"/>
						<String ID="P159_ST00233" HPOS="1494" VPOS="2342" WIDTH="100" HEIGHT="33" CONTENT="jüngere" WC="0.99" CC="0039000"/>
						<SP ID="P159_SP00204" HPOS="1594" VPOS="2375" WIDTH="19"/>
						<String ID="P159_ST00234" HPOS="1613" VPOS="2342" WIDTH="100" HEIGHT="27" CONTENT="Talente" WC="0.99" CC="1530040"/>
						<SP ID="P159_SP00205" HPOS="1713" VPOS="2375" WIDTH="21"/>
						<String ID="P159_ST00235" HPOS="1734" VPOS="2343" WIDTH="79" HEIGHT="27" CONTENT="durch" WC="0.98" CC="30437"/>
						<SP ID="P159_SP00206" HPOS="1813" VPOS="2375" WIDTH="16"/>
						<String ID="P159_ST00236" HPOS="1829" VPOS="2347" WIDTH="52" HEIGHT="25" CONTENT="und" WC="0.94" CC="960"/>
						<SP ID="P159_SP00207" HPOS="1881" VPOS="2375" WIDTH="18"/>
						<String ID="P159_ST00237" HPOS="1899" VPOS="2349" WIDTH="114" HEIGHT="25" CONTENT="machten" WC="0.99" CC="5226100"/>
					</TextLine>
					<TextLine ID="P159_TL00031" HPOS="1167" VPOS="2375" WIDTH="846" HEIGHT="39">
						<String ID="P159_ST00238" HPOS="1167" VPOS="2376" WIDTH="51" HEIGHT="25" CONTENT="sich" WC="0.96" CC="4446"/>
						<SP ID="P159_SP00208" HPOS="1218" VPOS="2401" WIDTH="23"/>
						<String ID="P159_ST00239" HPOS="1241" VPOS="2375" WIDTH="97" HEIGHT="36" CONTENT="geltend" WC="0.98" CC="0604740"/>
						<SP ID="P159_SP00209" HPOS="1338" VPOS="2411" WIDTH="24"/>
						<String ID="P159_ST00240" HPOS="1362" VPOS="2376" WIDTH="48" HEIGHT="26" CONTENT="auf" WC="0.94" CC="609"/>
						<SP ID="P159_SP00210" HPOS="1410" VPOS="2411" WIDTH="17"/>
						<String ID="P159_ST00241" HPOS="1427" VPOS="2380" WIDTH="92" HEIGHT="25" CONTENT="Kosten" WC="0.98" CC="506450"/>
						<SP ID="P159_SP00211" HPOS="1519" VPOS="2411" WIDTH="21"/>
						<String ID="P159_ST00242" HPOS="1540" VPOS="2380" WIDTH="41" HEIGHT="25" CONTENT="der" WC="0.97" CC="053"/>
						<SP ID="P159_SP00212" HPOS="1581" VPOS="2411" WIDTH="19"/>
						<String ID="P159_ST00243" HPOS="1600" VPOS="2380" WIDTH="91" HEIGHT="27" CONTENT="älteren" WC="0.99" CC="5000521"/>
						<SP ID="P159_SP00213" HPOS="1691" VPOS="2411" WIDTH="18"/>
						<String ID="P159_ST00244" HPOS="1709" VPOS="2385" WIDTH="164" HEIGHT="27" CONTENT="Generation:" WC="0.99" CC="00960065060"/>
						<SP ID="P159_SP00214" HPOS="1873" VPOS="2412" WIDTH="22"/>
						<String ID="P159_ST00245" HPOS="1895" VPOS="2386" WIDTH="39" HEIGHT="27" CONTENT="die" WC="0.94" CC="960"/>
						<SP ID="P159_SP00215" HPOS="1934" VPOS="2413" WIDTH="14"/>
						<String ID="P159_ST00246" HPOS="1948" VPOS="2390" WIDTH="65" HEIGHT="24" CONTENT="Arne" WC="0.97" CC="2046"/>
					</TextLine>
					<TextLine ID="P159_TL00032" HPOS="1167" VPOS="2415" WIDTH="843" HEIGHT="48">
						<String ID="P159_ST00247" HPOS="1167" VPOS="2415" WIDTH="121" HEIGHT="36" CONTENT="Garboig," WC="0.98" CC="67665804"/>
						<SP ID="P159_SP00216" HPOS="1288" VPOS="2451" WIDTH="15"/>
						<String ID="P159_ST00248" HPOS="1303" VPOS="2418" WIDTH="103" HEIGHT="24" CONTENT="Gunnar" WC="0.62" CC="047172"/>
						<SP ID="P159_SP00217" HPOS="1406" VPOS="2451" WIDTH="15"/>
						<String ID="P159_ST00249" HPOS="1421" VPOS="2418" WIDTH="116" HEIGHT="36" CONTENT="Heiberg," WC="0.98" CC="61664004"/>
						<SP ID="P159_SP00218" HPOS="1537" VPOS="2454" WIDTH="15"/>
						<String ID="P159_ST00250" HPOS="1552" VPOS="2421" WIDTH="67" HEIGHT="25" CONTENT="Hans" WC="0.96" CC="5706"/>
						<SP ID="P159_SP00219" HPOS="1619" VPOS="2454" WIDTH="13"/>
						<String ID="P159_ST00251" HPOS="1632" VPOS="2422" WIDTH="70" HEIGHT="35" CONTENT="Jäger" WC="0.99" CC="30012"/>
						<SP ID="P159_SP00220" HPOS="1702" VPOS="2457" WIDTH="14"/>
						<String ID="P159_ST00252" HPOS="1716" VPOS="2423" WIDTH="52" HEIGHT="26" CONTENT="und" WC="1.00" CC="001"/>
						<SP ID="P159_SP00221" HPOS="1768" VPOS="2457" WIDTH="12"/>
						<String ID="P159_ST00253" HPOS="1780" VPOS="2424" WIDTH="126" HEIGHT="28" CONTENT="Christian" WC="0.99" CC="070450670"/>
						<SP ID="P159_SP00222" HPOS="1906" VPOS="2457" WIDTH="11"/>
						<String ID="P159_ST00254" HPOS="1917" VPOS="2428" WIDTH="93" HEIGHT="35" CONTENT="Krogh." WC="0.86" CC="000070"/>
					</TextLine>
					<TextLine ID="P159_TL00033" HPOS="1225" VPOS="2455" WIDTH="789" HEIGHT="46">
						<String ID="P159_ST00255" HPOS="1225" VPOS="2456" WIDTH="37" HEIGHT="23" CONTENT="Sie" WC="1.00" CC="000"/>
						<SP ID="P159_SP00223" HPOS="1262" VPOS="2479" WIDTH="32"/>
						<String ID="P159_ST00256" HPOS="1294" VPOS="2455" WIDTH="131" HEIGHT="27" CONTENT="bestanden" WC="0.98" CC="056790052"/>
						<SP ID="P159_SP00224" HPOS="1425" VPOS="2482" WIDTH="28"/>
						<String ID="P159_ST00257" HPOS="1453" VPOS="2457" WIDTH="51" HEIGHT="26" CONTENT="ihre" WC="0.98" CC="3520"/>
						<SP ID="P159_SP00225" HPOS="1504" VPOS="2483" WIDTH="27"/>
						<String ID="P159_ST00258" HPOS="1531" VPOS="2460" WIDTH="149" HEIGHT="36" CONTENT="Feuerprobe" WC="0.99" CC="5706003070"/>
						<SP ID="P159_SP00226" HPOS="1680" VPOS="2496" WIDTH="29"/>
						<String ID="P159_ST00259" HPOS="1709" VPOS="2463" WIDTH="25" HEIGHT="24" CONTENT="in" WC="0.52" CC="53"/>
						<SP ID="P159_SP00227" HPOS="1734" VPOS="2496" WIDTH="28"/>
						<String ID="P159_ST00260" HPOS="1762" VPOS="2463" WIDTH="56" HEIGHT="27" CONTENT="dem" WC="0.98" CC="060"/>
						<SP ID="P159_SP00228" HPOS="1818" VPOS="2496" WIDTH="28"/>
						<String ID="P159_ST00261" HPOS="1846" VPOS="2474" WIDTH="168" HEIGHT="27" CONTENT="sogenannten" WC="1.00" CC="04902000000"/>
					</TextLine>
					<TextLine ID="P159_TL00034" HPOS="1167" VPOS="2493" WIDTH="846" HEIGHT="42">
						<String ID="P159_ST00262" HPOS="1167" VPOS="2493" WIDTH="182" HEIGHT="31" CONTENT="Bohemestreit," WC="0.99" CC="7566065303460"/>
						<SP ID="P159_SP00229" HPOS="1349" VPOS="2524" WIDTH="25"/>
						<String ID="P159_ST00263" HPOS="1374" VPOS="2496" WIDTH="64" HEIGHT="25" CONTENT="einer" WC="0.97" CC="70470"/>
						<SP ID="P159_SP00230" HPOS="1438" VPOS="2524" WIDTH="19"/>
						<String ID="P159_ST00264" HPOS="1457" VPOS="2496" WIDTH="41" HEIGHT="27" CONTENT="der" WC="0.97" CC="070"/>
						<SP ID="P159_SP00231" HPOS="1498" VPOS="2524" WIDTH="17"/>
						<String ID="P159_ST00265" HPOS="1515" VPOS="2498" WIDTH="229" HEIGHT="35" CONTENT="eigentümlichsten" WC="0.99" CC="4497640045675053"/>
						<SP ID="P159_SP00232" HPOS="1744" VPOS="2533" WIDTH="19"/>
						<String ID="P159_ST00266" HPOS="1763" VPOS="2504" WIDTH="132" HEIGHT="31" CONTENT="Revolten," WC="0.99" CC="450700144"/>
						<SP ID="P159_SP00233" HPOS="1895" VPOS="2535" WIDTH="23"/>
						<String ID="P159_ST00267" HPOS="1918" VPOS="2507" WIDTH="38" HEIGHT="25" CONTENT="die" WC="1.00" CC="000"/>
						<SP ID="P159_SP00234" HPOS="1956" VPOS="2535" WIDTH="20"/>
						<String ID="P159_ST00268" HPOS="1976" VPOS="2507" WIDTH="37" HEIGHT="26" CONTENT="die" WC="0.98" CC="003"/>
					</TextLine>
					<TextLine ID="P159_TL00035" HPOS="1168" VPOS="2533" WIDTH="684" HEIGHT="39">
						<String ID="P159_ST00269" HPOS="1168" VPOS="2533" WIDTH="142" HEIGHT="25" CONTENT="Litteratur-" WC="0.83" CC="00412005202"/>
						<SP ID="P159_SP00235" HPOS="1310" VPOS="2558" WIDTH="15"/>
						<String ID="P159_ST00270" HPOS="1325" VPOS="2534" WIDTH="49" HEIGHT="26" CONTENT="und" WC="0.96" CC="432"/>
						<SP ID="P159_SP00236" HPOS="1374" VPOS="2560" WIDTH="14"/>
						<String ID="P159_ST00271" HPOS="1388" VPOS="2535" WIDTH="217" HEIGHT="37" CONTENT="Sittengeschichte" WC="0.99" CC="0375008665506544"/>
						<SP ID="P159_SP00237" HPOS="1605" VPOS="2572" WIDTH="15"/>
						<String ID="P159_ST00272" HPOS="1620" VPOS="2538" WIDTH="170" HEIGHT="30" CONTENT="aufzuweisen" WC="0.99" CC="68030064620"/>
						<SP ID="P159_SP00238" HPOS="1790" VPOS="2572" WIDTH="13"/>
						<String ID="P159_ST00273" HPOS="1803" VPOS="2543" WIDTH="49" HEIGHT="26" CONTENT="hat." WC="0.97" CC="6620"/>
					</TextLine>
					<TextLine ID="P159_TL00036" HPOS="1225" VPOS="2573" WIDTH="788" HEIGHT="39">
						<String ID="P159_ST00274" HPOS="1225" VPOS="2573" WIDTH="83" HEIGHT="25" CONTENT="Dieser" WC="0.98" CC="062673"/>
						<SP ID="P159_SP00239" HPOS="1308" VPOS="2598" WIDTH="14"/>
						<String ID="P159_ST00275" HPOS="1322" VPOS="2574" WIDTH="78" HEIGHT="30" CONTENT="Streit," WC="0.97" CC="0668564"/>
						<SP ID="P159_SP00240" HPOS="1400" VPOS="2604" WIDTH="20"/>
						<String ID="P159_ST00276" HPOS="1420" VPOS="2575" WIDTH="41" HEIGHT="26" CONTENT="der" WC="0.97" CC="080"/>
						<SP ID="P159_SP00241" HPOS="1461" VPOS="2604" WIDTH="14"/>
						<String ID="P159_ST00277" HPOS="1475" VPOS="2575" WIDTH="99" HEIGHT="28" CONTENT="offiziell" WC="0.99" CC="091164330"/>
						<SP ID="P159_SP00242" HPOS="1574" VPOS="2604" WIDTH="15"/>
						<String ID="P159_ST00278" HPOS="1589" VPOS="2579" WIDTH="46" HEIGHT="25" CONTENT="mit" WC="0.93" CC="863"/>
						<SP ID="P159_SP00243" HPOS="1635" VPOS="2604" WIDTH="13"/>
						<String ID="P159_ST00279" HPOS="1648" VPOS="2579" WIDTH="57" HEIGHT="27" CONTENT="dem" WC="1.00" CC="000"/>
						<SP ID="P159_SP00244" HPOS="1705" VPOS="2606" WIDTH="14"/>
						<String ID="P159_ST00280" HPOS="1719" VPOS="2582" WIDTH="147" HEIGHT="28" CONTENT="Erscheinen" WC="0.99" CC="0020606300"/>
						<SP ID="P159_SP00245" HPOS="1866" VPOS="2610" WIDTH="14"/>
						<String ID="P159_ST00281" HPOS="1880" VPOS="2595" WIDTH="49" HEIGHT="16" CONTENT="von" WC="1.00" CC="000"/>
						<SP ID="P159_SP00246" HPOS="1929" VPOS="2611" WIDTH="16"/>
						<String ID="P159_ST00282" HPOS="1945" VPOS="2587" WIDTH="68" HEIGHT="25" CONTENT="Hans" WC="0.96" CC="4543"/>
					</TextLine>
					<TextLine ID="P159_TL00037" HPOS="1166" VPOS="2612" WIDTH="849" HEIGHT="47">
						<String ID="P159_ST00283" HPOS="1166" VPOS="2612" WIDTH="78" HEIGHT="34" CONTENT="Jägers" WC="0.98" CC="080406"/>
						<SP ID="P159_SP00247" HPOS="1244" VPOS="2646" WIDTH="28"/>
						<String ID="P159_ST00284" HPOS="1272" VPOS="2614" WIDTH="99" HEIGHT="25" CONTENT="Roman" WC="0.99" CC="00054"/>
						<SP ID="P159_SP00248" HPOS="1371" VPOS="2646" WIDTH="27"/>
						<String ID="P159_ST00285" HPOS="1398" VPOS="2616" WIDTH="70" HEIGHT="29" CONTENT="„Aus" WC="0.95" CC="4396"/>
						<SP ID="P159_SP00249" HPOS="1468" VPOS="2646" WIDTH="31"/>
						<String ID="P159_ST00286" HPOS="1499" VPOS="2616" WIDTH="40" HEIGHT="26" CONTENT="der" WC="0.96" CC="054"/>
						<SP ID="P159_SP00250" HPOS="1539" VPOS="2646" WIDTH="28"/>
						<String ID="P159_ST00287" HPOS="1567" VPOS="2618" WIDTH="274" HEIGHT="30" CONTENT='Christianiaboheme"' WC="0.68" CC="024540640635053002"/>
						<SP ID="P159_SP00251" HPOS="1841" VPOS="2648" WIDTH="28"/>
						<String ID="P159_ST00288" HPOS="1869" VPOS="2624" WIDTH="146" HEIGHT="35" CONTENT="(Dezember" WC="0.99" CC="633200010"/>
					</TextLine>
					<TextLine ID="P159_TL00038" HPOS="1172" VPOS="2650" WIDTH="842" HEIGHT="49">
						<String ID="P159_ST00289" HPOS="1172" VPOS="2650" WIDTH="84" HEIGHT="37" CONTENT="1885)" WC="0.58" CC="01594"/>
						<SP ID="P159_SP00252" HPOS="1256" VPOS="2687" WIDTH="16"/>
						<String ID="P159_ST00290" HPOS="1272" VPOS="2651" WIDTH="105" HEIGHT="37" CONTENT="begann," WC="0.99" CC="6102004"/>
						<SP ID="P159_SP00253" HPOS="1377" VPOS="2688" WIDTH="18"/>
						<String ID="P159_ST00291" HPOS="1395" VPOS="2664" WIDTH="53" HEIGHT="15" CONTENT="war" WC="0.96" CC="073"/>
						<SP ID="P159_SP00254" HPOS="1448" VPOS="2688" WIDTH="20"/>
						<String ID="P159_ST00292" HPOS="1468" VPOS="2656" WIDTH="68" HEIGHT="25" CONTENT="nicht" WC="0.96" CC="66095"/>
						<SP ID="P159_SP00255" HPOS="1536" VPOS="2688" WIDTH="18"/>
						<String ID="P159_ST00293" HPOS="1554" VPOS="2656" WIDTH="65" HEIGHT="28" CONTENT="blofs" WC="0.56" CC="05096"/>
						<SP ID="P159_SP00256" HPOS="1619" VPOS="2688" WIDTH="20"/>
						<String ID="P159_ST00294" HPOS="1639" VPOS="2658" WIDTH="170" HEIGHT="30" CONTENT="litterarischer" WC="0.99" CC="07530060452601"/>
						<SP ID="P159_SP00257" HPOS="1809" VPOS="2688" WIDTH="14"/>
						<String ID="P159_ST00295" HPOS="1823" VPOS="2664" WIDTH="96" HEIGHT="31" CONTENT="Natur;" WC="0.99" CC="062000"/>
						<SP ID="P159_SP00258" HPOS="1919" VPOS="2695" WIDTH="21"/>
						<String ID="P159_ST00296" HPOS="1940" VPOS="2667" WIDTH="21" HEIGHT="32" CONTENT="ja" WC="0.60" CC="25"/>
						<SP ID="P159_SP00259" HPOS="1961" VPOS="2699" WIDTH="15"/>
						<String ID="P159_ST00297" HPOS="1976" VPOS="2664" WIDTH="38" HEIGHT="25" CONTENT="die" WC="0.97" CC="061"/>
					</TextLine>
				</TextBlock>
				<TextBlock ID="P159_TB00004" HPOS="1051" VPOS="2807" WIDTH="160" HEIGHT="39" STYLEREFS="TXT_2 PAR_RIGHT">
					<TextLine ID="P159_TL00039" HPOS="1211" VPOS="2846" WIDTH="0" HEIGHT="0">
						<String ID="P159_ST00298" HPOS="1211" VPOS="2846" WIDTH="0" HEIGHT="0" CONTENT="173" WC="0.98" CC="000"/>
					</TextLine>
				</TextBlock>
				<ComposedBlock ID="P159_CB00001" HPOS="693" VPOS="377" WIDTH="879" HEIGHT="1148" STYLEREFS="TXT_3 PAR_LEFT" TYPE="Illustration">
					<GraphicalElement ID="P159_CB00001_SUB" HPOS="693" VPOS="377" WIDTH="879" HEIGHT="1148"/>
				</ComposedBlock>
			</PrintSpace>
		</Page>
	</Layout>
</alto>
