2539 3304
616 396 43 28 Da
679 398 50 29 auf
746 402 101 30 einmal
864 406 48 29 sah
933 418 30 18 er
983 409 60 32 sich
1063 412 38 31 im
1115 417 107 30 weiten
1236 419 148 33 Hermelin-

557 442 119 36 mantel,
709 446 141 42 mächtige
884 452 181 35 Goldketten
1098 470 49 21 um
1188 464 100 31 seinen
1322 469 79 35 Hals,

557 485 287 40 diamantenbesäetes
861 497 127 33 Schwert
1004 513 34 20 an
1053 507 92 30 seiner
1160 510 93 31 Hüfte
1275 514 61 29 und
1354 516 53 29 auf

557 541 107 21 seinem
685 536 116 42 Haupte
822 543 62 29 eine
906 546 127 33 schwere
1054 552 99 32 Krone

561 623 102 25 An,W
684 628 6 20 m
701 582 74 29 iT
796 597 18 18 V
817 597 16 18 °
837 598 13 18 r
870 590 57 30 iKm
948 593 125 35 ZittCmd
1079 620 7 14 '
1112 600 110 31 demüti
1225 614 29 28 g'
1280 607 61 28 ™d
1361 607 39 30 im

557 623 159 39 Angesicht
736 629 52 30 der
807 637 257 43 tausendköpfigen
1077 645 110 40 Menge
1203 658 90 21 setzte
1309 662 30 19 er
1357 654 44 29 ihr

556 669 46 29 die
622 672 97 31 Krone
740 677 51 29 der
812 680 123 41 Königin
956 687 59 30 aufs
1036 689 107 42 Haupt.

585 761 5 6 _
612 717 68 31 Und
703 730 40 22 im
767 724 100 33 selben
886 730 181 39 Augenblick
1093 740 123 30 erscholl
1243 744 48 28 ein
1308 745 93 36 Jubel,

555 771 53 20 wie
633 775 89 22 wenn
747 768 48 32 das
816 773 83 31 Meer
925 778 60 30 sich
1011 782 52 29 mit
1091 784 66 31 dem
1180 789 128 30 Himmel
1336 802 49 18 ver-

553 809 112 37 mahlte,
689 815 59 28 und
773 816 51 30 alle
845 820 136 33 Glocken
1001 829 142 30 stürmten
1164 834 60 28 und
1246 836 136 30 Kanonen-

553 852 112 33 donner
686 859 163 42 erdröhnte,
871 868 58 29 und
951 870 48 29 das
1016 874 77 29 Volk
1110 878 76 28 warf
1203 880 61 30 sich
1284 883 52 27 auf
1353 883 47 28 die

553 900 75 29 Erde
637 905 60 27 und
708 905 127 42 huldigte
848 911 65 31 dem
925 916 128 38 großen,
1069 920 67 30 dem
1151 925 113 30 stolzen
1276 927 108 39 Königs-

552 955 117 29 paar...
1355 949 16 17 B

606 993 77 35 Jetzt
703 997 126 41 kämpfte
852 1014 30 18 er
904 1005 79 31 nicht
1004 1011 89 29 mehr.

610 1038 34 29 Es
656 1042 56 37 galt
723 1054 61 27 nur,
799 1047 56 29 den
867 1049 81 31 Satan
959 1053 50 29 des
1020 1055 135 32 Zweifels
1167 1070 37 20 zu
1215 1061 186 40 beschämen,

553 1086 60 26 dals
635 1096 30 19 er
685 1098 46 20 nie
752 1092 109 30 wieder
882 1105 35 20 zu
939 1102 143 35 sprechen
1103 1115 89 28 wage.

608 1131 70 30 Und
707 1135 52 29 mit
789 1138 157 33 zitternder
976 1145 87 31 Hand
1094 1151 77 28 warf
1196 1163 30 18 er
1258 1156 46 28 ein
1335 1167 66 27 paar

551 1175 99 30 Zeilen
669 1178 61 32 hin:
1335 1175 18 22 F

608 1222 86 36 „Wir
709 1228 63 29 sind
784 1235 135 32 gerettet!
941 1236 69 29 Wie
1022 1239 132 31 konnten
1165 1244 53 29 wir
1229 1256 53 19 nur
1294 1247 107 32 deinen

552 1266 138 33 Schmuck
708 1275 180 38 vergeßen?!
917 1280 135 33 Verkauf
1068 1285 62 32 ihn!
1172 1290 57 29 Das
1250 1293 75 30 wird
1345 1306 54 18 uns

551 1313 70 28 über
635 1314 46 30 die
695 1327 74 20 erste
784 1320 66 31 Zeit
864 1324 115 41 hinweg
994 1329 107 31 helfen.
1132 1335 71 29 Und
1218 1337 48 29 das
1282 1343 117 33 genügt.

551 1356 50 30 Bei
627 1359 43 30 dir
700 1366 98 28 werde
825 1368 47 30 ich
900 1372 142 39 arbeiten,
1075 1377 45 30 bei
1153 1380 42 29 dir
1224 1385 101 29 werde
1352 1387 49 30 ich

551 1403 78 29 Alles
651 1407 70 29 thun
751 1410 65 30 aber
835 1414 70 37 jetzt
927 1418 78 37 giebt
1023 1431 29 19 es
1074 1423 103 31 keinen
1199 1429 109 30 andern
1324 1432 57 30 Aus-

551 1457 72 30 weg.
656 1452 93 31 Beeile
770 1457 74 36 dich,
865 1460 46 30 ich
933 1464 55 37 geh
1012 1475 83 21 sonst
1115 1479 37 20 zu
1174 1473 134 31 Grunde.
1348 1479 53 28 Ich

552 1496 48 26 bin
621 1501 168 29 entsetzlich
810 1512 123 23 zerstört
953 1509 92 31 durch
1066 1514 32 28 all
1121 1515 46 30 die

607 1541 94 40 Lange
732 1556 30 18 m
784 1551 221 36 majestätischer
1019 1557 168 41 Sicherheit,
1209 1566 50 29 sah
1280 1577 31 18 er
1332 1578 67 20 zum

551 1584 17 26 f
574 1595 94 21 enster
689 1590 106 32 hinaus.

551 1683 61 17 mm
607 1631 26 28 D
634 1642 33 58 ,f
686 1635 26 28 T
713 1646 38 54 al
776 1649 59 51 *5
856 1644 118 30 Verklun
977 1656 17 28 S
996 1658 36 19 en
1038 1672 6 11 >
1141 1653 107 32 dunkle
1269 1658 113 31 Schwer-

551 1683 61 21 mut
632 1678 51 29 der
704 1682 299 49 Abenddämmerung
1023 1705 124 29 spannte
1169 1700 60 30 sich
1248 1704 73 29 über
1340 1706 60 29 den

552 1719 68 31 Him
624 1724 51 29 me]
706 1728 60 29 und
785 1731 72 30 über
878 1734 45 29 die
946 1737 115 41 Wipfel
1082 1743 52 29 der
1154 1745 154 33 Kastanien
1334 1752 64 37 goß

915 1781 207 36 Wlderschein
1133 1789 53 31 der
1197 1796 203 31 versunkenen

609 1948 82 39 Tage
712 1956 166 40 vergingen.

611 1993 120 33 Endlich
752 2000 98 32 bekam
872 2016 29 18 er
922 2009 85 31 einen
1027 2013 83 31 Brief
1126 2028 60 20 von
1206 2020 43 30 ihr

554 2077 37 32 im
606 2082 66 27 Fieh
667 2051 76 30 Wagt
745 2055 43 54 V
790 2048 39 28 hn
850 2051 79 30 Uicht
949 2064 37 20 ZU
1007 2058 108 32 ÖfW
1147 2064 38 28 Er
1206 2066 26 29 zi
1342 2071 56 29 wie

568 2091 87 66 Snde
687 2098 17 60 ;
717 2090 59 30 Und
777 2102 54 56 /°
831 2103 15 21 r
851 2105 39 53 f
891 2096 70 33 inen
969 2101 106 41 Augen
1088 2115 119 25 tanzten
1221 2113 46 29 die
1281 2115 98 39 Gegen-

556 2132 99 25 stände
675 2141 30 20 in
724 2136 108 31 wilden
852 2141 158 42 Sprüngen.
1330 2132 16 22 B

612 2172 20 28 E
633 2183 53 60 ;;
686 2186 13 18 r
701 2188 63 55 7
767 2191 49 19 nte
838 2186 59 29 sich
916 2191 61 29 ™d
997 2196 98 29 zerriß
1118 2199 47 30 das
1187 2203 145 33 Couvert:

555 2219 107 72 Deinf
666 2235 175 66 Verz3u
847 2231 26 29 r!
913 2234 77 63 *?
1084 2243 36 30 iSt
1139 2257 26 26 *
1186 2258 71 29 ■«
1279 2252 118 33 *■*»■

554 2302 39 29 du
613 2264 269 87 auflThTfi
900 2280 263 84 JSrs?
1165 2302 12 18 s
1195 2303 97 62 -t,
1309 2309 90 20 we,m

555 2357 54 20 nur
623 2351 96 32 helfen
725 2358 10 18 5
762 2360 46 23 n„
825 2373 25 10 m
875 2366 15 17 r
968 2335 61 23 aUst
1031 2352 6 6 -
1071 2335 68 29 Was
1155 2340 101 28 wurde
1275 2342 48 31 das
1342 2356 55 19 uns

557 2614 74 39 legte
646 2640 6 7 .
668 2642 5 6 .
688 2644 6 6 .
922 2602 37 21 Cn
978 2599 81 30 Tlau
1061 2612 68 21 men
1150 2609 51 28 auf
1217 2612 78 31 seine
1317 2617 80 31 Seele

615 2662 36 29 Er
671 2667 47 29 sah
740 2670 44 29 die
799 2674 199 41 Brillantnadel
1018 2699 36 19 zu
1076 2693 90 28 einem
1184 2699 26 22 r

559 2707 141 38 wachsen,
721 2714 45 29 die
781 2718 101 28 Aunen
898 2735 18 11 «
1184 2699 150 43 Gespenst
1347 2718 50 20 an-

781 2721 103 37 Augen
898 2737 96 22 waren
1014 2737 73 28 zwei
1101 2739 100 41 riesige
1216 2747 181 43 Diamanten,

1482 425 46 30 die
1556 425 51 32 ihn
1634 427 54 29 mit
1714 427 77 30 ihrer
1819 429 156 38 Feuerglut
2003 438 137 29 sengten,
2172 425 46 30 die
2245 420 94 32 Zahne

1481 482 101 19 waren
1609 483 62 18 von
1697 474 112 29 hartem
1833 475 83 28 Gold
1937 474 61 29 und
2020 475 141 38 schlugen
2187 471 31 30 in
2243 470 97 27 totem,

1482 518 185 39 klingendem
1693 519 172 40 Geklimper
1892 520 193 35 aneinander,
2118 519 46 28 die
2190 511 151 34 metallnen

1481 563 92 29 Arme
1599 564 135 40 preßten
1759 564 50 32 ihn
1835 566 53 28 mit
1914 565 272 31 centnerschwerer
2207 562 67 29 Last
2293 561 48 22 tiei

1480 608 31 31 in
1533 610 58 28 den
1605 611 105 28 Boden
1732 611 108 35 hinein,
1854 612 62 29 und
1936 622 50 18 um
2008 612 80 28 seine
2103 612 87 28 Brust
2203 604 92 33 fühlte
2312 604 28 21 er

1481 655 48 29 die
1555 656 127 38 goldene
1710 657 87 28 Kette
1826 657 212 39 geschlungen,
2064 657 45 28 die
2140 655 61 30 sich
2229 651 30 30 in
2284 651 56 24 sein

1480 701 114 28 Fleisch
1614 701 68 29 fraß
1696 724 44 6 ...

1539 746 39 28 Er
1599 746 94 29 schrie
1708 757 67 19 zum
1791 747 139 36 Himmel,
1945 749 68 28 aber
2031 748 53 30 der
2097 745 131 32 Himmel
2242 737 99 34 blickte

1482 791 156 39 glitzernd,
1672 793 52 29 mit
1752 794 175 29 Diamanten
1958 795 62 28 und
2049 792 187 31 Edelsteinen
2266 783 75 32 reich

1481 837 94 36 besät,
1610 839 58 28 kalt
1699 839 61 28 und
1793 839 84 28 blank
1909 839 51 29 auf
1985 839 51 30 ihn
2066 839 102 34 herab,
2202 833 62 31 und
2298 827 42 28 die

1480 884 136 27 Wolken
1638 884 103 38 glitten
1762 884 55 29 wie
1838 884 78 29 feine
1938 885 136 29 metallne
2096 884 156 30 Coulissen
2272 874 68 31 über

1480 928 53 31 ihn
1554 939 73 28 weg.

1539 975 82 28 Alles
1643 984 59 20 war
1717 975 83 29 Gold
1822 976 61 29 und
1906 977 64 28 edle
1986 977 127 28 Metalle.
2140 975 82 30 Seine
2238 968 101 36 Augen

1480 1030 99 19 waren
1600 1021 159 38 geblendet
1778 1031 62 19 von
1861 1022 68 28 dem
1948 1023 102 28 Orkan
2065 1022 51 29 des
2132 1021 135 30 Glanzes,
2281 1012 58 28 und

1481 1066 124 29 kehrten
1627 1066 62 30 sich
1710 1067 76 29 nach
1806 1067 100 36 innen,
1929 1078 30 19 er
1982 1068 103 29 wurde
2105 1067 69 30 taub
2196 1072 60 21 von
2277 1058 62 28 dem

1481 1112 213 29 entsetzlichen
1710 1113 113 28 Getöse
1844 1114 62 28 und
1928 1113 40 30 iui
1983 1114 114 29 Munde
2112 1115 79 28 hatte
2213 1118 31 20 er
2259 1105 80 29 einen

1481 1168 104 19 sauren
1601 1159 193 34 Geschmack,
1816 1160 55 27 wie
1887 1170 88 18 wenn
1996 1170 67 18 man
2083 1160 84 38 lange
2183 1167 35 19 an

1480 1204 114 39 platten
1614 1204 85 28 leckt.

1540 1248 194 30 Verzweifelt
1756 1250 99 29 wollte
1878 1259 31 19 er
1931 1250 61 29 sich
2019 1249 30 31 in
2076 1250 59 29 den
2156 1247 104 31 Boden
2279 1243 46 26 ver-

1480 1295 148 33 kriechen,
1650 1295 69 29 aber
1739 1295 62 30 sein
1816 1296 115 39 Körper
1952 1296 181 29 zerfleischte
2155 1293 61 30 sich
2237 1298 35 21 an
2285 1287 43 26 dci

1480 1341 136 29 scharfen
1630 1342 115 28 Kanten
1765 1341 51 29 des
1838 1342 209 38 Edelgesteins,
2069 1342 62 28 sein
2148 1340 69 29 Blut
2237 1333 102 42 gerann

1481 1386 52 29 auf
1543 1386 67 29 dem
1625 1387 157 28 kostbaren
1797 1387 100 29 Metall
1912 1387 61 29 und
1988 1387 102 29 wurde
2105 1397 37 19 zu
2163 1376 176 38 fressendem

1480 1432 76 36 Gift,
1578 1432 48 29 die
1641 1432 97 28 Sonne
1754 1433 123 28 erhitzte
1893 1433 60 28 den
1967 1433 112 36 Boden,
2100 1433 52 28 der
2173 1430 81 30 keine
2269 1422 70 30 Erde

1479 1479 63 28 und
1575 1478 67 29 kein
1669 1478 122 29 Wasser
1826 1479 120 34 kannte,
1980 1488 37 20 zu
2052 1480 95 27 einem
2185 1469 143 36 höllische'

1480 1524 157 28 Backofen.

1539 1569 72 29 Und
1622 1568 31 30 in
1665 1569 93 29 seiner
1768 1569 190 39 Todesangst
1969 1570 138 29 überkam
2118 1570 50 29 ihn
2180 1567 48 29 ein
2235 1563 88 30 wüste

1480 1614 128 30 Taumel
1629 1615 74 28 nach
1724 1615 83 30 mehr
1823 1615 91 36 Gold,
1936 1616 75 29 nach
2032 1617 83 28 mehr
2129 1615 150 29 Schätzen.

1480 1660 165 35 wünschte,
1667 1660 80 29 seine
1762 1662 92 28 Arme
1876 1666 101 24 wären
1997 1662 74 28 über
2092 1661 47 29 die
2155 1666 90 33 ganze
2259 1651 68 29 Wei

1481 1706 152 38 gebreitet,
1649 1705 63 29 dafs
1726 1716 31 18 er
1769 1706 51 29 alle
1831 1706 62 29 ihre
1906 1706 122 30 Schätze
2040 1698 299 37 zusammenscharren

1479 1752 124 33 könnte;
1636 1761 31 18 er
1698 1753 168 35 wünschte,
1899 1752 62 29 sein
1986 1753 115 39 Körper
2125 1751 120 30 wüchse
2272 1743 53 28 übe

1478 1797 160 29 Tausende
1665 1807 61 19 von
1751 1798 124 35 Meilen,
1906 1798 61 29 daß
1993 1808 31 19 er
2048 1799 36 28 all
2106 1799 58 29 den
2185 1789 137 35 unermeis-

1479 1843 98 29 liehen
1603 1843 120 29 Haufen
1749 1844 152 28 bedecken
1921 1844 128 35 könnte;
2074 1854 32 18 er
2127 1839 163 33 wünschte,

1480 1889 103 28 würde
1605 1898 37 18 zu
1671 1889 81 29 einer
1779 1889 126 38 riesigen
1925 1890 166 37 Bergkette,
2120 1889 46 29 die
2195 1886 29 30 in
2252 1885 38 25 ih'
2297 1883 22 21 el

1479 1933 103 31 Schoß
1601 1934 35 29 all
1658 1935 48 28 das
1726 1935 216 36 verschließen,
1968 1935 51 29 auf
2041 1935 74 39 ewig
2136 1925 192 39 verschließe'

1479 1981 109 29 könnte
1602 2003 42 7 ...

1901 2036 20 24 #

1537 2119 37 28 Es
1596 2119 119 29 dauerte
1737 2119 90 39 lange,
1850 2119 42 29 bis
1915 2129 31 19 er
1967 2130 36 18 zu
2025 2120 61 28 sich
2108 2119 71 28 kam.

1539 2165 38 28 Er
1597 2165 125 29 versank
1747 2165 29 28 in
1798 2165 64 29 eine
1884 2165 129 40 stumpfe
2034 2165 138 40 Apathie,
2199 2159 47 29 ein
2265 2161 45 26 ta„

1478 2209 99 39 langes
1593 2210 138 30 Grübeln
1746 2211 79 29 ohne
1842 2211 173 36 Gedanken,
2038 2212 79 29 ohne
2132 2208 135 30 Schmerz
2280 2203 26 22 U!

1479 2256 194 39 Erinnerung.
2328 2277 6 11 ,

1537 2302 46 28 Bis
1606 2312 31 18 er
1662 2303 79 27 eines
1763 2303 98 38 Tages
1883 2303 110 28 wieder
2014 2303 83 28 Kraft
2122 2293 137 46 empfand
2279 2295 19 21 ü

1478 2347 47 29 die
1547 2347 218 40 schöpferische
1787 2348 108 36 Macht,
1917 2348 47 29 die
1984 2349 62 29 ihre
2065 2344 147 33 Wurzeln
2233 2347 29 22 in

1478 2394 137 29 Schmerz
1637 2395 143 32 vergräbt.

1536 2439 56 29 Die
1614 2440 154 28 Kastanien
1790 2450 99 18 waren
1911 2440 166 33 abgeblüht,
2099 2437 60 31 und
2180 2435 48 29 das
2250 2435 30 32 g**
2282 2434 18 18 u

1477 2485 81 28 Laub
1583 2485 131 29 verblich
1739 2485 31 30 in
1792 2485 53 29 der
1870 2485 172 30 fiebernden
2066 2479 196 42 Mittagshitze

1478 2531 155 29 Sommers.

1536 2576 124 30 Frieden
1682 2578 61 28 und
1765 2578 83 28 Ruhe
1870 2588 61 18 war
1951 2578 73 28 über
2045 2577 52 30 ihn
2118 2570 180 44 gekommen.

1536 2623 72 28 Und
1629 2623 37 28 da
1686 2623 95 29 fühlte
1804 2634 38 24 er,
1865 2623 62 29 daß
1950 2634 30 18 er
2002 2623 61 28 sein
2078 2623 103 28 letztes
2196 2613 92 31 Wort
2301 2610 15 20 z

1478 2667 44 28 ihr
1544 2670 146 37 sprechen
1711 2672 108 26 müsse:

1537 2714 65 34 „Du
1617 2724 87 20 warst
1720 2716 77 28 mein
1811 2714 125 40 größtes
1953 2715 98 29 Glück
2064 2713 62 30 und
2140 2708 78 32 mein
2233 2705 67 27 scho

1478 2767 58 20 ster
1557 2760 113 29 Traum
1691 2761 83 38 lange
1796 2761 65 28 Zeit
1881 2761 155 29 hindurch.

1518 2931 0 0 118
