2539 3304
328 427 37 25 Im
372 426 192 27 Germanischen
573 426 117 24 Museum
700 420 77 27 haben
785 424 86 19 neuere
878 410 177 33 Schenkungen
1062 404 50 27 und

270 465 186 36 Zuweisungen
475 466 59 25 aller
551 466 58 27 Art,
631 462 37 26 die
690 469 41 17 zur
745 455 166 32 Vermehrung
928 451 63 24 nach
1011 451 40 20 der
1072 451 28 18 be-

271 502 135 28 treffenden
429 504 129 34 Richtung
576 501 108 28 führten,
708 497 75 27 leider
802 504 30 16 zu
854 499 63 18 einer
941 490 95 23 starken
1058 490 42 18 ver-

270 542 114 35 rückung
408 543 40 26 des
473 543 78 25 Zieles
575 542 63 25 eines
658 540 127 25 Museums
809 532 41 27 der
873 526 131 29 deutschen
1024 526 88 22 Kultur

271 580 106 35 geführt.
410 582 73 26 Auch
497 582 43 25 das
555 576 174 31 Germanische
744 576 115 24 Museum
873 570 29 24 ist
919 567 71 25 heute
1005 572 24 15 in
1044 566 69 19 erster

271 620 70 26 Linie
353 621 39 26 ein
400 619 310 37 Kunstgewerbemuseum
721 613 52 26 und
784 619 64 18 zwar
858 606 63 27 nach
929 606 183 24 verschiedenen

271 660 160 35 Richtungen
449 661 41 25 ein
507 659 54 26 sehr
578 652 217 37 hervorragendes;
815 646 117 28 trotzdem
953 644 41 23 hat
1013 648 56 16 man
1088 645 24 15 in

271 698 66 26 einer
361 699 81 31 Stadt,
471 700 26 25 in
524 698 40 25 der
591 696 41 26 das
655 685 217 35 Kunsthandwerk
895 675 218 34 verhältnismäßig

271 738 85 34 wenig
376 738 122 29 bedeutet,
518 738 25 25 in
558 735 139 32 Nürnberg,
716 730 65 26 noch
801 727 38 25 ein
857 730 93 28 eigenes
965 720 147 52 bayrisches

272 777 311 35 Kunstgewerbemuseum
602 772 119 36 angelegt.
758 769 37 23 Im
813 762 151 29 Münchener
981 755 117 28 National-

272 824 127 23 museum,
417 816 41 25 das
474 814 40 27 für
527 814 64 26 seine
609 804 228 34 kulturhistorische
851 800 71 35 Folge
940 806 49 16 von
1002 796 110 23 Räumen

272 855 48 24 mit
334 854 47 26 den
392 855 116 25 Schätzen
523 863 42 16 aus
574 847 186 31 verschiedenen
774 844 35 25 bis
823 841 74 26 dahin
908 835 115 28 intakten,
1039 835 60 21 male-

273 893 96 25 rischen
387 894 122 25 Schlösser
526 892 40 26 des
585 885 176 39 Bayernlandes
785 880 78 38 gleich
884 875 62 27 nach
963 879 90 20 seinem
1071 874 21 20 W-

274 931 185 37 öffnungsjahre
468 942 30 15 an
505 929 142 28 Ueberfülle
657 935 50 17 von
715 917 185 40 Gegenständen
908 914 47 29 litt,
965 911 84 26 wurde
1059 911 27 21 ba
1099 911 13 18 d

273 972 53 24 eine
348 972 133 25 besondere
501 966 201 36 technologische
721 959 132 32 Abteilung
870 950 146 39 begründet;
1036 949 77 22 diese

273 1010 89 25 wurde
373 1011 79 25 durch
459 1011 39 24 die
509 1007 167 27 unleidlichen
685 1001 107 28 Fresken,
801 996 50 26 und
862 994 43 42 die:
911 994 49 23 kul
967 994 65 19 turn
1039 994 21 16 is

274 1049 110 26 rischen
409 1051 109 23 Zimmer
542 1043 154 38 gleichzeitig
718 1038 77 26 durch
820 1034 37 26 d.c
884 1027 165 30 Vermehrung
1072 1022 41 24 der

274 1089 172 34 Gegenstände
466 1097 28 15 so
516 1082 162 36 unbehaglich
699 1078 50 27 und
770 1075 172 34 magaz.nart.g
978 1066 53 58 *£
1049 1069 32 18 M
1083 1067 29 18 «

274 1134 66 19 etwa
366 1128 112 33 zwanzig
500 1126 86 33 Jahren
610 1123 63 25 ihrer
696 1115 160 30 Einrichtung
882 1117 38 16 em
944 1100 160 30 Neubaube

275 1166 56 25 reits
352 1167 76 24 seiner
442 1163 159 34 Vollendung
620 1159 68 27 naht.
729 1156 47 24 Das
797 1151 116 27 Museum
931 1152 30 18 zu
977 1139 128 33 Hamburg

275 1203 47 26 auf
341 1205 94 26 lokaler
453 1204 51 25 und
529 1194 211 38 technologischer
762 1192 65 25 Basis
849 1180 200 63 ****£*
1069 1183 43 17 am

274 1243 99 26 kleinen
387 1242 133 35 Anfängen
537 1239 52 27 und
607 1238 37 25 bei
663 1241 80 25 streng
762 1222 200 59 künstlenscher^
962 1216 150 28 WabJ[nach

274 1283 112 35 weniger
412 1283 34 25 als
473 1281 63 25 zwei
558 1276 156 36 Jahrzehnten
738 1270 24 24 in
785 1273 80 19 seinen
887 1263 110 24 *«

274 1321 124 30 schränkt,
414 1320 52 26 dafs
482 1320 38 24 die
534 1314 158 32 Aufstellung
707 1309 39 25 der
757 1301 157 59 wertvolle^
914 1297 48 26 und
973 1294 139 35 g«anto

274 1360 91 25 Stücke
381 1370 46 15 nur
441 1369 27 15 so
483 1357 107 26 belassen
603 1351 73 29 wird,
690 1357 43 17 um
747 1351 70 20 einen
829 1337 107 31 Neubau
951 1332 149 28 rasch«te

274 1398 169 27 beizuführen.
463 1396 77 26 Noch
554 1393 139 26 schlimmer
707 1383 67 29 stand
786 1391 22 16 es
822 1390 23 15 m

273 1438 130 32 Jahrzehnt
417 1436 80 25 Vieles
518 1432 50 27 und
584 1433 75 24 Gutes
680 1424 47 29 auf
742 1423 41 25 der
799 1415 154 30 technischen
964 1409 11 61 '
975 1409 81 27 Grund
1083 1415 15 24 g

276 1476 109 34 geleistet
399 1475 104 26 worden
518 1473 38 28 ist,
570 1471 42 25 das
627 1466 79 27 bisher
718 1471 47 17 nur

275 1525 12 15 a
276 1486 15 24 B
291 1515 18 25 ls
324 1515 111 26 Behälter
448 1514 76 24 hatte.
552 1511 59 31 Jetzt
630 1503 97 28 endlich
745 1502 41 24 hat
806 1506 39 17 ein
858 1496 98 25 Gönner
975 1487 33 28 du
1008 1485 103 67 £to*

274 1564 58 15 zum
339 1553 108 26 Neubau
456 1548 140 38 geschenkt.
623 1545 63 26 Aber
695 1542 70 26 selbst
773 1548 23 16 in
806 1533 86 31 Berlin,
902 1531 41 26 das
954 1537 41 16 vor
1004 1527 107 25 vierzehn

274 1593 87 32 Jahren
584 1584 107 27 Neubau
713 1579 40 27 für
767 1577 38 26 die
818 1570 173 33 Sammlungen
1005 1562 50 27 und
1074 1559 14 26 d

275 1631 89 25 Schule
378 1628 126 28 eröffnete,
519 1625 85 36 glaubt
619 1631 57 17 man
690 1620 76 25 schon
780 1620 43 21 seit
837 1611 121 27 mehreren
968 1604 85 34 Jahren

275 1670 67 25 noch
356 1668 40 26 für
409 1669 64 23 eines
489 1666 76 24 dieser
579 1661 85 26 beiden
679 1658 111 26 Institute
803 1653 64 25 Platz
880 1658 28 17 zu
923 1647 76 25 haben

333 1705 153 35 Umgekehrt
501 1702 125 26 entstehen
640 1699 26 25 in
680 1696 102 26 anderen
798 1693 75 24 Orten
889 1686 97 27 Palaste,
1000 1691 25 15 in
1036 1681 76 22 denen

275 1747 98 31 geringe
385 1744 58 25 oder
453 1741 161 33 ungeeignete
622 1731 168 38 Gegenstände
801 1730 61 25 dazu
871 1727 85 25 dienen
965 1727 91 20 müssen
1075 1714 37 26 de

276 1750 343 60 ohneßücksicht'uflhren
631 1772 134 27 Charakter
772 1763 168 41 geschaffenen

275 1819 94 34 dürftig
376 1828 29 14 zu
414 1817 91 28 füllen;
518 1815 40 24 ich
568 1822 78 16 nenne
657 1811 42 24 das
710 1809 59 25 eben
779 1803 116 28 eröffnete
903 1798 138 29 Grassi-Mu
1055 1801 57 17 cum

275 1861 25 23 in
309 1857 96 30 Leipzig
414 1854 48 25 und
472 1853 46 24 den
525 1847 250 29 Neckelmann'schen
783 1840 161 29 Kolossalbau
953 1846 25 17 in
983 1835 128 33 Stuttgart,

274 1896 41 25 der
329 1893 77 25 neben
421 1891 46 24 den
479 1888 140 26 Produkten
630 1886 42 25 der
682 1881 207 29 Landwirtschaft
902 1875 156 33 vorwiegend
1073 1875 38 19 die

274 1931 153 31 Erzeugnisse
448 1928 40 25 des
507 1923 259 33 Würtembergischen
784 1915 155 30 Handwerks
956 1914 73 25 dieses
1044 1914 54 27 Jahr-

274 1970 116 26 hunderts
410 1962 148 29 aufnehmen
577 1962 58 25 soll!
663 1961 61 23 Wie
741 1957 64 27 wird
823 1966 23 15 es
865 1954 54 26 aber
937 1957 45 20 erst
999 1956 44 18 m.t
1057 1950 55 22 dem

274 2007 135 29 Prachtbau
427 2003 39 27 für
486 2003 39 25 das
541 1999 156 33 „Märkische
870 1993 25 24 in
909 1990 79 26 Berlin
1005 1986 97 26 werden

275 2058 74 19 wenn
364 2056 23 16 er
398 2042 116 28 wirklich
528 2050 29 16 zu
569 2037 88 26 Stande
671 2035 110 26 kommt?
799 2034 27 23 In
838 2031 95 34 Leipz.g
944 2026 61 26 wird
1017 2025 93 25 freilich

775 2303 97 37 folgen,
887 2308 73 17 «nn
975 2296 66 27 „ich.
1063 2291 49 29 wk

279 2328 132 29 .erlassen,
431 2321 50 29 und
494 2321 107 26 Anderes
613 2323 18 15 *
643 2321 17 17 «
763 2345 22 26 J;
811 2321 133 48 frSdtisch«
953 2333 159 34 Verwaltung

279 2352 423 93 &*&&££

280 2447 90 27 bindet.

338 2565 66 26 Alles
416 2565 41 26 das
469 2564 72 34 zeigt:
558 2569 27 17 es
599 2553 77 30 wird
691 2561 33 17 zu
739 2547 70 30 viel,
823 2538 116 34 es*ird
950 2546 36 18 zu
999 2531 117 66 pU-loj

281 2604 190 35 gesammelt.
503 2602 46 26 Die
566 2600 85 33 Frage,
668 2602 52 17 was
740 2597 29 19 ist
786 2597 37 16 ein

281 2653 48 16 von
346 2643 116 27 wirklich
478 2641 97 27 kultur-
594 2637 59 26 oder
667 2624 228 36 kunsthistorischer
908 2619 45 28 Bed
971 2625 78 25 umng
1088 2621 15 15 o

280 2682 52 26 dafs
354 2694 23 15 es
399 2684 64 25 nach
483 2681 42 26 der
544 2680 70 25 einen
629 2675 48 27 wie
690 2671 62 27 nach
767 2669 40 26 der
822 2663 102 29 anderen
938 2658 124 31 Richtung
1077 2661 28 16 zu

281 2722 142 26 Aufnahme
442 2723 26 24 in
488 2721 64 25 diese
573 2719 102 25 Museen
699 2711 110 37 geeignet
827 2712 37 23 ist,
882 2699 62 30 wird
961 2706 45 18 nur
1028 2703 28 17 zu

1190 399 63 26 ohne
1276 396 58 25 Sinn
1357 392 50 26 und
1425 389 154 26 Verständnis
1601 386 40 26 für
1663 388 80 23 Kunst
1765 383 50 26 und
1833 382 88 26 Kultur
1939 381 70 24 beant-

1189 442 96 21 wortet.
1306 432 59 26 Wie
1383 431 66 24 kann
1468 437 23 16 es
1511 426 62 26 auch
1589 425 82 26 anders
1685 424 62 29 sein,
1767 431 72 16 wenn
1855 421 23 25 in
1894 419 127 28 manchen,

1189 479 20 29 ja
1219 476 23 24 in
1251 474 45 24 den
1308 470 100 27 meisten
1417 467 77 25 Fällen
1502 459 431 38 Sachverständige-Kommissionen,
1943 456 66 25 Stadt-

1189 517 48 23 räte
1260 511 58 25 oder
1341 508 86 26 andere
1450 502 179 28 Bureaukraten
1652 501 39 24 die
1716 498 145 26 Direktoren
1886 496 67 25 nicht
1976 502 45 17 nur

1188 550 105 30 wählen,
1308 546 102 27 sondern
1422 543 62 26 auch
1494 541 73 26 leiten
1578 539 100 26 wollen.
1700 538 48 25 Mit
1763 536 94 34 einigen
1868 532 153 27 rühmlichen

1188 588 156 29 Ausnahmen
1358 585 42 24 hat
1414 582 49 25 dies
1474 590 46 16 nur
1530 588 29 16 zu
1570 577 83 35 häufig
1664 585 29 16 zu
1705 574 162 34 ungünstigen
1879 571 142 26 Resultaten

1189 627 106 32 geführt-
1311 623 55 27 bald
1383 620 78 26 haben
1475 618 38 26 die
1528 615 153 29 Direktoren,
1696 613 55 26 bald
1770 613 38 24 die
1822 613 198 23 Kommissionen

1188 667 69 26 dabei
1283 664 46 25 den
1352 662 120 24 Kürzeren
1497 664 113 27 gezogen.
1646 655 47 23 Der
1719 650 85 34 Erfolg
1830 658 64 19 war,
1921 646 50 26 dafs
1996 656 25 15 in

1188 703 162 29 zahlreichen,
1370 698 49 26 und
1440 696 148 31 keineswegs
1607 688 191 29 ausschliefslich
1817 697 24 15 in
1861 687 46 25 den
1923 686 97 24 kleinen

1188 747 115 24 Museen,
1321 748 50 17 von
1389 737 55 25 dem
1462 730 167 37 Standpunkte
1647 729 40 24 des
1706 727 96 25 kleinen
1817 723 203 27 Privatsammlers

1189 792 41 17 aus
1251 776 140 35 gesammelt
1411 773 101 27 worden
1534 771 29 24 ist
1584 767 50 27 und
1654 767 64 24 noch
1733 772 86 18 weiter
1835 773 26 15 so
1880 762 140 34 gesammelt

1189 832 25 16 w
1217 820 34 26 ird
1292 826 50 16 was
1367 815 53 25 dem
1448 809 121 27 einzelnen
1597 806 118 28 Stadtrat,
1745 803 55 25 dem
1827 800 122 26 einzelnen
1976 800 30 23 Be-

1189 867 79 20 amten
1286 852 134 36 persönlich
1440 856 50 19 nett
1512 846 50 26 und
1581 844 92 27 hübsch
1696 841 118 28 erschien,
1837 839 40 25 das
1899 837 61 25 wird
1982 845 25 16 er-

1188 897 114 28 worben;
1320 902 50 16 was
1390 889 68 34 billig
1476 888 41 28 ist,
1536 894 52 17 was
1606 883 38 25 die
1662 879 95 37 grofsen
1772 880 101 24 Museen
1893 885 41 16 aus
1950 875 67 25 ihren

1192 934 144 35 Magazinen
1364 928 117 36 abgeben,
1513 925 40 25 das
1580 921 76 26 freute
1684 927 55 17 man
1767 917 63 29 sich,
1858 913 158 26 anzukaufen.

1189 977 60 24 Was
1269 972 54 26 aber
1341 971 24 23 in
1382 968 54 25 dem
1454 966 69 24 einen
1537 963 116 24 Museum
1673 967 26 16 zu
1719 955 106 27 schlecht
1839 961 29 17 ist
1883 951 63 36 (und
1961 960 56 15 man

1189 1016 29 24 ist
1229 1010 118 28 wahrlich
1362 1004 129 36 skrupulös
1505 1010 80 27 genug
1599 999 37 25 bei
1650 997 41 24 der
1702 993 118 28 Auswahl
1835 992 75 24 dieser
1920 988 96 30 Stucke,

1189 1053 37 25 die
1246 1050 69 26 meist
1336 1045 63 27 noch
1420 1043 68 26 nicht
1507 1049 27 16 so
1554 1039 70 32 lange
1648 1035 85 25 vorher
1755 1031 39 26 für
1819 1030 41 25 das
1881 1027 135 36 abgebende

1188 1093 114 24 Museum
1316 1081 130 39 angekauft
1460 1077 123 35 wurden),
1598 1076 41 24 das
1653 1072 63 27 wird
1728 1080 45 17 nur
1788 1079 24 15 in
1823 1068 104 25 seltenen
1939 1066 78 25 Fallen

1189 1129 39 26 für
1242 1128 37 25 ein
1299 1125 114 25 kleineres
1429 1121 112 24 Museum
1559 1112 99 39 passend
1672 1121 56 16 sein.
1750 1109 64 25 Aber
1827 1115 56 17 man
1899 1104 54 27 will
1966 1113 51 15 nun

1189 1165 87 29 einmal
1294 1164 44 25 alle
1353 1164 140 29 Gattungen
1510 1154 51 27 und
1579 1151 154 33 Richtungen
1747 1152 116 20 vertreten
1882 1143 89 27 haben:
1987 1142 30 24 da

1188 1208 97 24 benutzt
1297 1211 55 16 man
1363 1198 111 37 günstige
1485 1193 49 27 und
1546 1192 81 33 billige
1639 1187 186 35 Gelegenheiten
1836 1193 28 16 zu
1876 1181 138 27 Ankaufen.

1188 1243 88 27 Stücke
1288 1250 47 16 von
1350 1234 196 30 künstlerischem
1557 1231 72 24 Wert
1640 1226 63 27 wird
1717 1234 56 16 man
1784 1220 151 37 regelmafsig
1947 1220 69 24 dabei

1187 1284 30 25 ab
1220 1292 22 16 er
1264 1289 45 17 nur
1330 1278 65 25 dann
1413 1273 157 27 bekommen,
1591 1275 74 17 wenn
1685 1275 23 14 es
1728 1263 51 25 sich
1798 1270 42 16 um
1859 1260 38 25 die
1917 1257 98 35 Abgabe

1187 1319 141 28 wirklicher
1343 1314 131 28 Dubletten
1488 1307 107 29 handelt.
1616 1307 58 24 Man
1690 1300 109 28 sammelt
1812 1308 48 17 wie
1875 1298 37 25 «he
1927 1297 89 25 andern

1188 1358 115 28 sammeln
1337 1354 41 26 das
1399 1349 70 28 heifst
1496 1357 55 17 man
1572 1344 68 26 sucht
1659 1342 45 26 den
1724 1338 107 37 gröfsten
1849 1336 50 27 und
1916 1336 99 24 ältesten

1187 1374 828 55 Sammlungcn:demßerlincr,demMünchener,demGerman.schen

1187 1408 115 55 Museum
1316 1428 202 30 nachzumachen,
1534 1424 63 25 ohne
1612 1430 28 17 zu
1655 1417 132 28 bedenken,
1801 1415 52 26 dafs
1866 1413 61 34 jedes
1942 1412 74 25 d.eser

1187 1478 100 24 Museen
1303 1472 49 25 sich
1364 1479 41 16 aus
1417 1464 143 28 besonderen
1571 1458 175 27 Verhältnissen
1758 1452 140 28 entwickelt
1909 1452 50 28 hat,
1973 1458 42 17 aus

1187 1514 64 26 alten
1270 1509 171 33 Sammlungen
1461 1501 139 28 entstanden
1615 1499 37 28 ist,
1669 1496 64 25 ohne
1750 1503 29 15 zu
1797 1490 208 34 berücksichtigen

1187 1552 52 27 dafs
1259 1550 60 26 auch
1337 1548 63 26 diese
1413 1546 100 24 Museen
1530 1540 148 31 keineswegs
1693 1535 49 24 ihre
1756 1529 127 37 Aufgaben
1898 1539 24 15 in
1937 1527 78 27 Allem

1188 1590 81 28 erfüllt
1281 1587 77 27 haben
1369 1585 57 26 oder
1437 1585 53 32 jetzt
1500 1578 109 27 erfüllen.
1628 1576 50 24 Vor
1688 1572 80 27 Allem
1778 1568 98 36 verg.fst
1888 1577 55 16 man
1965 1567 50 24 dafs

1188 1630 60 32 jedes
1261 1627 63 26 noch
1336 1635 26 16 so
1373 1623 79 27 kleine
1457 1621 116 25 Museum
1579 1615 41 26 der
1626 1614 46 26 Art
1678 1619 63 19 seine
1748 1617 100 28 eigenen
1868 1616 41 16 aus
1918 1605 97 25 lokalen

1187 1668 50 27 und
1250 1666 102 26 anderen
1364 1661 115 27 Gründen
1491 1657 49 25 sich
1551 1651 147 38 ergebenden
1710 1648 127 35 Aufgaben
1848 1645 76 26 haben
1936 1645 79 28 sollte,

1188 1706 49 28 und
1248 1704 51 27 dafs
1311 1703 41 25 der
1362 1703 49 23 Bau
1423 1696 70 28 dafür
1503 1695 66 26 nicht
1580 1692 32 25 als
1624 1689 141 27 Prachtbau,
1778 1685 102 27 sondern
1892 1692 111 26 gcw.sscr-

1187 1745 90 27 mafsen
1292 1742 33 25 als
1336 1738 131 36 möglichst
1478 1731 146 36 bewegliche
1636 1728 75 26 Hülle
1722 1728 38 23 für
1771 1725 38 25 die
1820 1720 195 40 geschmackvoll

1188 1784 49 27 und
1251 1779 98 35 passend
1360 1774 167 37 aufgestellten
1538 1767 160 29 Runstwerke
1710 1765 109 25 errichtet
1829 1761 98 28 werden
1938 1760 77 26 sollte.

1244 1818 120 32 Obgleich
1391 1822 82 18 unsere
1500 1808 131 28 deutschen
1656 1801 289 38 Kunstgewerbemuseen
1973 1805 43 19 mit

1187 1861 112 28 wenigen
1311 1855 154 28 Ausnahmen
1477 1850 32 26 als
1521 1846 135 28 technische
1667 1840 299 34 Vollversammlungen
1977 1839 40 24 für

1187 1901 38 26 die
1242 1894 202 29 verschiedensten
1458 1892 141 30 Gattungen
1618 1885 38 25 des
1672 1878 225 30 Kunsthandwerks
1915 1878 102 35 gedacht

1187 1938 52 27 und
1270 1932 139 29 entstanden
1441 1928 66 30 sind,
1539 1924 101 27 wurden
1667 1923 33 25 sie
1726 1921 68 25 mehr
1819 1918 50 26 und
1896 1917 67 26 mehr
1988 1926 29 16 zu

1188 1969 286 38 kulturgeschichtlichen
1502 1964 184 34 Sammlungen,
1717 1960 66 26 nicht
1814 1968 39 15 am
1883 1962 135 29 wenigsten

1188 2015 76 26 durch
1281 2012 40 25 das
1336 2007 102 28 Vorbild
1457 2007 39 25 des
1510 2004 78 26 South
1603 2001 151 35 Kensington
1769 2000 122 27 Museum,
1909 1995 40 26 das
1964 1998 54 32 jetzt

1187 2054 114 32 richtiger
1334 2050 36 24 ein
1402 2048 114 24 Museum
1550 2039 169 29 nach-antiker
1749 2040 77 23 Kunst
1855 2042 105 29 genannt
1990 2043 29 16 zu

1187 2092 99 26 werden
1300 2087 128 28 verdiente,
1448 2085 30 25 da
1498 2093 22 16 es
1535 2082 61 26 auch
1616 2081 37 25 die
1671 2077 80 38 grofse
1769 2079 88 24 Kunst:
1875 2075 37 25 die
1930 2072 89 27 Plastik

1187 2132 35 25 im
1236 2130 123 25 weitesten
1373 2126 72 25 Sinne
1460 2123 47 26 und
1523 2120 70 28 selbst
1607 2120 38 26 die
1663 2117 101 27 Malerei
1783 2117 24 25 in
1825 2115 80 26 seinen
1923 2114 96 26 Bereich

1187 2178 105 27 gezogen
1312 2167 48 25 hat.
1391 2165 61 25 Was
1471 2161 91 37 Kugler
1580 2161 23 25 in
1621 2159 41 25 der
1679 2153 220 40 vielgeschmähten
1917 2153 104 26 Berliner

1188 2207 187 28 Kunstkammer
1384 2214 42 16 vor
1437 2202 46 26 fast
1494 2199 94 36 fünfzig
1595 2199 85 34 Jahren
1690 2195 134 36 angestrebt
1833 2193 49 27 und
1893 2193 128 35 begonnen

1188 2249 74 28 hatte,
1274 2246 40 25 das
1325 2244 77 27 haben
1413 2242 39 26 die
1463 2242 99 26 meisten
1571 2247 96 17 unserer
1677 2236 128 26 deutschen
1817 2231 189 38 Kunstgewerbe-

1189 2296 97 18 museen
1308 2291 60 19 trotz
1383 2283 61 25 ihres
1459 2279 183 28 verschiedenen
1656 2279 166 33 Programmes
1836 2272 51 27 und
1901 2281 54 17 zum
1969 2270 52 27 Teil

1189 2327 72 26 selbst
1275 2334 77 27 gegen
1367 2324 51 25 ihre
1429 2320 101 27 Absicht
1545 2317 171 36 nachgeahmt,
1730 2324 74 17 wenn
1816 2313 62 26 auch
1890 2312 74 26 selten
1977 2320 47 16 nur

1190 2368 44 25 mit
1254 2364 138 27 ähnlichem
1413 2359 93 37 Erfolg,
1526 2369 43 16 um
1587 2361 54 32 jetzt
1661 2356 76 26 schon
1756 2354 67 26 mehr
1844 2354 58 25 oder
1916 2351 108 35 weniger

1191 2404 66 28 offen
1275 2405 42 25 das
1336 2400 182 38 ursprüngliche
1536 2400 142 34 Programm
1696 2405 27 16 zu
1743 2395 98 25 ändern.
1876 2395 69 23 Denn
1963 2391 60 26 dazu

1190 2447 66 27 hätte
1270 2455 22 15 es
1308 2443 40 26 der
1363 2440 155 29 Neubauten,
1533 2438 40 26 der
1584 2435 98 38 grofsen
1693 2435 70 26 Pläne
1775 2434 49 26 und
1837 2432 93 26 reichen
1943 2429 81 28 Mittel

1191 2486 67 26 nicht
1272 2481 109 32 bedurft;
1397 2481 30 26 da
1442 2480 65 26 hätte
1522 2488 56 17 man
1592 2477 77 26 besser
1683 2475 99 36 gethan,
1796 2474 38 26 bei
1846 2471 178 27 reichlicherem

1191 2529 80 24 Raum
1292 2523 38 26 die
1355 2521 64 27 alten
1441 2518 182 35 Sammlungen,
1649 2516 49 26 wie
1723 2515 38 25 die
1785 2512 191 28 Kunstkammer
2002 2510 23 24 in

1192 2566 91 29 Berlin,
1307 2563 44 26 mit
1372 2561 46 26 den
1440 2557 173 35 Sammlungen
1635 2556 40 26 der
1700 2553 98 37 grofsen
1819 2555 78 23 Runst
1922 2551 24 26 in
1966 2551 45 25 Ver-

1192 2605 110 34 bindung
1315 2612 30 16 zu
1358 2590 94 49 lassen!
1469 2599 45 26 Die
1528 2595 153 28 Hofmuseen
1696 2595 24 25 in
1733 2595 84 28 Wien,
1832 2592 39 26 die
1884 2593 102 24 Museen
2002 2590 24 24 in

1192 2644 89 30 Cassel,
1296 2642 91 29 Gotha,
1402 2638 188 34 Braunschweig
1606 2646 23 16 u.
1641 2645 21 16 a.
1674 2645 32 16 m.
1722 2634 129 28 beweisen,
1866 2632 47 25 wie
1929 2628 86 28 vorteil-

1192 2687 52 25 haft
1270 2683 48 27 und
1345 2682 45 25 mit
1413 2679 106 26 welcher
1542 2676 127 35 Wirkung
1695 2674 48 26 dies
1769 2683 30 17 an
1824 2672 102 26 anderen
1951 2671 75 23 Orten

1234 2886 0 0 123
