2539 3304
264 401 155 41 Brautpforte
427 413 47 25 mit
482 413 48 26 den
540 414 141 26 thörichten
690 410 50 27 und
748 409 91 36 klugen
846 403 148 39 Jungfrauen
1005 398 49 28 und
1065 398 45 26 den

265 445 79 30 späten
353 448 102 36 Figuren
469 452 42 25 der
522 453 107 26 Ecclesia
644 451 52 26 und
704 453 137 32 Synagoge,
856 446 47 26 den
913 442 143 33 Uebergang
1071 438 39 24 der

265 482 139 32 nämlichen
418 492 158 25 technischen
586 491 128 34 Schulung
728 498 28 16 zu
767 488 46 26 den
825 484 286 33 Gestaltungsprinzipien

265 517 39 27 des
319 526 128 31 gotischen
462 530 78 26 Stiles.
568 530 46 26 Ein
628 530 76 26 volles
718 525 161 37 Jahrhundert
893 531 49 17 von
958 530 8 17 i
978 528 50 25 194
1043 515 55 36 (Hil-

265 556 120 44 desheim)
406 566 36 26 bis
469 579 7 16 1
485 578 31 24 z<)
524 579 9 16 1
559 568 132 36 (Meifsen)
713 568 31 24 ist
764 566 47 25 mit
825 560 164 30 Denkmälern
1009 565 40 17 zur
1062 555 33 25 Ge-

265 597 107 32 schichte
386 605 77 27 dieser
477 608 154 26 sächsischen
646 605 120 28 Bildnerei
779 603 88 35 belegt.

322 641 132 30 Zwischen
465 649 89 24 Weser
569 646 49 26 und
631 646 58 26 Elbe
704 642 114 28 erstreckt
833 642 32 25 sie
878 639 52 26 sich
943 637 113 26 hinunter
1071 639 40 18 ans

265 673 67 29 Meer
343 683 50 24 und
405 684 94 27 hinauf
509 685 36 26 bis
556 696 42 16 ans
609 684 153 36 Erzgebirge,
775 685 23 33 ja
810 679 104 28 hinüber
923 675 64 27 nach
997 670 114 29 Franken.

265 711 51 29 Erst
324 718 163 35 Hildesheim,
495 725 45 25 seit
548 724 46 26 den
602 726 84 33 Tagen
696 720 141 28 Bernwards
845 719 85 27 schon,
938 715 64 25 dann
1010 711 86 34 Magde-

266 748 68 42 burg,
349 758 39 26 die
397 761 74 27 Erbin
486 763 153 26 ottonischer
646 762 99 29 Kultur,
762 760 114 26 scheinen
889 756 38 26 die
938 747 175 39 Mittelpunkte

266 788 42 29 der
321 795 174 32 einheitlichen
508 801 185 27 Wirksamkeit
713 808 128 27 gewesen;
863 795 66 26 dann
949 791 94 26 dehnen
1063 787 51 25 sich

267 827 38 28 die
319 834 82 28 Kreise
415 841 95 30 weiter,
532 841 51 26 und
604 851 31 16 an
657 840 46 25 den
717 840 106 33 Hängen
837 835 39 26 des
891 835 99 26 Harzes,
1010 837 50 17 wie
1079 834 35 16 im

267 867 81 31 Lande
362 875 41 26 des
418 878 177 28 Meifsnischen
608 878 134 36 Bergbaues
763 875 141 27 erwachsen
924 871 38 26 die
983 864 132 30 besondern

267 907 50 26 Gru
321 920 74 27 Ppen,
417 917 39 26 die
470 918 220 26 niedersächsische
703 917 72 28 dort,
796 914 39 26 die
850 907 191 32 obersächsische
1054 905 59 26 hier,

267 944 33 27 als
315 949 71 29 deren
394 956 162 37 Verbindung
570 958 49 25 und
635 956 160 33 Vollendung
809 954 34 24 im
857 950 117 28 höchsten
989 946 71 26 Sinne
1075 942 40 25 der

268 981 160 39 bildnerische
442 996 126 26 Schmuck
585 1006 30 16 zu
629 994 151 34 Naumburg
795 1002 21 16 a.
830 993 23 24 S.
868 989 33 27 als
916 983 122 31 Denkmal
1051 981 64 26 ohne

268 1023 118 33 Gleichen
401 1033 104 28 dasteht.

326 1067 22 24 D
351 1068 20 26 ie
386 1073 133 36 gewaltige
534 1074 144 34 Bedeutung
691 1071 76 26 dieser
781 1066 152 29 sächsischen
946 1062 115 36 Skulptur
1076 1059 39 24 für

269 1098 38 29 die
326 1105 116 32 deutsche
457 1114 80 24 Kunst
556 1112 51 26 und
626 1112 39 26 die
684 1110 115 27 deutsche
813 1105 146 29 Geschichte
973 1099 142 33 überhaupt,

270 1146 24 18 m
297 1142 36 26 ufs
347 1148 78 32 jedem
442 1151 167 31 einleuchten,
630 1150 42 26 der
692 1150 33 26 sie
745 1149 47 25 mit
809 1145 90 27 andern
912 1140 137 29 Versuchen
1063 1137 41 25 der-

270 1178 79 31 selben
363 1187 102 28 Periode
479 1191 145 35 vergleicht,
642 1188 73 27 selbst
729 1188 35 26 im
778 1187 126 27 weitesten
916 1179 122 29 Umkreis,
1052 1175 62 26 nach

1185 384 140 30 Frankreich
1339 380 49 27 und
1401 376 84 27 Italien
1498 370 128 29 schauend.
1656 370 56 24 Nur
1726 364 47 28 auf
1783 362 84 29 Grund
1885 361 40 25 der
1939 365 73 20 freien

1186 428 49 25 und
1249 424 150 30 unbeengten
1413 414 120 33 Stellung,
1555 411 38 25 die
1612 409 41 24 das
1672 403 151 28 romanische
1838 403 136 30 Bausystem
1988 405 25 15 in

1367 456 97 33 solange
1484 452 40 24 der
1544 445 207 29 Schwesterkunst
1770 441 138 36 gewährte,
1930 445 21 26 ,a
1970 443 40 17 zur

1186 470 25 54 Z
1235 469 85 55 IZZ
1384 494 84 30 eignen
1478 487 105 27 Strebens
1595 481 157 29 auffordernd
1764 487 97 21 anwies,
1875 474 137 28 vermochte

1213 512 102 57 Sne
1316 509 8 25 S
1319 536 31 27 rri
1424 540 40 16 zur
1474 522 201 36 Selbständigkeit
1686 519 49 27 und
1745 515 202 29 Naturwahrheit
1958 513 41 23 hm

1187 551 38 20 die
1237 551 66 18 Buon
1713 558 28 24 Je
1755 556 46 25 den
1815 562 25 18 tu
1842 564 5 6 ,
1849 552 60 27 fetcn
1924 551 87 25 Gehalt

1188 582 187 29 durchzuringen
1405 571 50 24 und
1473 576 27 15 so

1188 623 38 25 dCS
1240 622 18 24 L
1260 618 49 63 tr
1327 654 40 25 Ho
1428 615 65 56 taufl
1511 649 60 18 sonn
1565 611 13 25 P
1572 649 11 14 c
1604 638 25 25 in
1648 635 39 25 der
1705 606 130 52 deutschen
1854 624 157 31 Gesellschaft

1310 702 15 16 n
1339 698 51 18 war
1428 685 30 25 Vi
1461 682 42 25 elle
1506 679 49 27 icht
1568 676 106 26 erklären
1688 673 50 24 sich
1754 671 49 24 ihre
1819 668 116 25 höchsten
1949 666 47 22 Vor-

1188 695 137 31 vorhanden
1339 698 58 18 war.
1703 707 153 28 Büdnerschu
1858 705 6 25 i
1868 714 28 15 en
1916 712 31 16 an
1964 701 46 25 den

1189 743 45 30 züg
1235 746 11 16 e
1266 742 44 18 nur
1329 735 75 21 durcn
1404 735 26 49 ,
1456 761 5 4 -
1478 759 26 25 hs
1516 755 48 26 und
1570 735 13 16 b
1576 753 40 25 das
1624 747 164 29 Fortbestehen
1798 745 38 24 des
1844 740 166 28 romanischen

1189 770 158 33 Kathedralen
1355 765 150 27 Frankreichs
1516 766 32 16 im
1753 794 39 15 ore
1842 781 37 25 Jie
1897 788 45 16 nuf
1960 777 50 24 hief

1190 815 66 27 Stiles
1270 812 24 25 in
1714 822 90 27 Weder
1818 819 40 26 der
1872 818 59 27 eine,
1946 815 63 24 noch

1190 843 349 38 sichsoausgi«bigv««mig«
1857 855 104 27 pforteCC
1983 861 26 17 m

1190 894 40 26 der
1249 886 85 32 ander«
1633 900 115 29 Naumbu

1190 930 105 32 Freiberg
1306 922 48 28 und
1364 922 41 25 der
1422 919 43 29 ,ta
1491 915 68 62 g»
1702 938 25 26 fo
1800 932 124 28 deutscher
1932 929 61 26 Dich-

1190 972 41 26 das
1241 975 29 19 ist
1280 961 93 40 gewifs,
1384 957 131 33 d«ngrolsa
1548 958 14 25 g
1840 972 62 24 dnes
1916 970 76 24 Kunst-

1191 1010 142 52 tergetro
1386 1010 36 52 dn
1368 1010 18 52 n
1333 1010 35 52 lr
1442 1026 161 32 wertvollsten
1622 1022 64 24 Kern
1705 1021 92 20 unseres
1818 1011 190 33 angestammten

1192 1054 99 61 Cns
1308 1082 25 24 in
1350 1038 50 66 siel
1417 1042 185 63 auTgenommen
1619 1060 41 25 hat
1675 1054 47 27 und
1736 1061 47 17 von
1798 1058 72 17 innen
1883 1047 84 24 heraus
1981 1052 25 15 in

1192 1128 79 34 eigner
1284 1117 100 40 Sprache
1397 1110 114 39 gestaltet.
1690 1133 98 25 August
1801 1128 151 23 Schmarsow

1268 2885 0 0 159
