3459 4460
1660 168 93 54 117

94 306 205 54 zösische
331 306 239 54 Publicum
604 306 262 61 erworben,
915 306 79 51 das
1026 305 138 52 letzte
1196 306 319 54 Meisterwerk
1547 309 79 53 We-

92 392 121 52 ber's
258 393 81 49 auf
378 393 168 51 seinem
580 393 200 49 Theater
823 390 304 51 vorzuführen
1174 390 92 51 und
1312 392 204 50 dadurch
1562 393 104 51 dem

92 477 257 50 Andenken
396 478 80 49 des
520 475 412 52 unübertroffenen
987 474 210 51 Meisters
1253 475 98 50 eine
1394 477 275 68 Huldigung

92 562 353 67 darzubringen,
477 579 158 32 woran
668 560 72 50 die
771 577 209 48 grossen,
1016 577 101 33 vom
1150 559 158 51 Staate
1340 560 209 53 reichlich
1581 581 56 32 un-

92 651 276 45 terstützten
401 643 351 70 Opernbühnen
785 643 82 50 seit
899 643 190 67 dreissig
1119 643 169 51 Jahren
1318 644 121 50 nicht
1469 646 197 66 gedacht

94 729 164 52 haben.
288 732 108 48 Man
432 732 166 47 kannte
631 727 95 51 hier
757 746 103 32 vom
885 728 192 50 Oberon
1108 728 146 51 nichts
1285 728 65 51 als
1381 728 72 51 die
1484 732 151 48 Ouver-

94 822 118 51 türe,
259 814 87 50 den
381 812 244 51 Elfenchor
665 812 94 49 und
804 812 78 49 das
913 812 110 51 Lied
1067 812 81 51 der
1180 813 373 60 Meermädchen,
1596 814 70 50 die

96 898 120 51 dann
263 897 91 51 und
404 913 132 34 wann
579 896 43 51 in
664 896 86 49 den
783 896 637 51 Conservatoire-Conccrten
1463 900 79 48 auf
1585 898 80 50 das

94 983 273 66 Programm
402 981 177 48 kamen.
639 978 83 51 Um
769 997 51 33 so
863 981 417 66 überwältigender
1321 999 96 31 war
1448 981 80 49 der
1559 982 81 50 Ein-

95 1066 145 51 druck
272 1065 81 49 der
383 1063 154 68 Oper;
583 1063 67 50 ich
684 1063 206 52 erinnere
924 1066 115 49 mich
1072 1065 137 57 nicht,
1243 1065 192 50 seitdem
1468 1066 66 49 ich
1569 1066 97 49 hier

94 1148 92 60 bin,
218 1148 125 50 einer
376 1165 49 32 so
457 1147 303 50 anhaltenden
787 1148 254 68 Spannung
1064 1148 90 50 und
1183 1148 112 50 nach
1321 1147 152 67 jedem
1495 1150 172 49 Stücke

95 1234 127 49 eines
268 1249 50 33 so
360 1231 318 50 rauschenden
710 1231 226 60 Beifalles,
983 1232 85 50 wie
1112 1232 70 50 ich
1229 1232 64 50 sie
1331 1231 114 67 jetzt
1491 1235 42 48 in
1580 1234 86 49 den

95 1315 361 66 Vorstellungen
490 1315 80 49 des
603 1315 194 51 Oberon
829 1316 147 50 erlebt
1009 1315 134 60 habe,
1186 1334 72 33 wo
1303 1316 122 50 nicht
1467 1317 69 50 die
1568 1319 66 49 En-

94 1413 284 54 trepreneurs
406 1401 65 48 du
500 1418 146 33 succes
678 1401 79 48 mit
790 1400 125 49 ihren
955 1400 321 67 harthäutigen
1315 1400 219 58 Fäusten,
1561 1419 79 33 son-

105 1485 114 51 dern
265 1485 79 50 das
391 1484 231 51 wirkliche
666 1484 241 51 Publicum
953 1503 102 32 vom
1088 1485 253 50 Orchester
1383 1484 67 52 bis
1492 1505 53 31 zu
1581 1486 88 50 den

99 1569 308 68 olympischen
439 1569 238 49 Galerieen
711 1569 157 49 hinauf
894 1587 85 31 von
1004 1569 351 49 Enthusiasmus
1388 1570 281 66 hingerissen

100 1653 174 49 wurde.
339 1653 60 49 Es
445 1669 96 33 war
585 1653 69 48 ein
702 1653 179 49 rechtes
915 1653 108 49 Fest
1064 1653 69 49 für
1164 1651 115 50 mich
1314 1653 89 49 und
1437 1654 69 48 die
1539 1654 105 49 deut-

99 1736 138 51 schen
268 1736 230 50 Freunde.
560 1735 155 51 Gleich
748 1736 70 49 die
849 1736 266 50 Ouvertüre
1149 1735 160 50 wurde
1341 1736 241 51 stürmisch

96 1839 109 49 capo
237 1822 222 64 verlangt,
504 1819 93 51 und
632 1819 79 51 das
744 1820 236 57 treffliche,
1027 1820 69 50 für
1127 1819 124 51 diese
1282 1820 130 68 Oper
1442 1822 117 49 noch
1594 1820 51 51 be-

101 1905 191 51 sonders
325 1904 255 51 verstärkte
612 1904 254 51 Orchester
909 1905 297 50 wiederholte
1249 1913 135 42 unter
1416 1905 82 51 der
1529 1905 118 51 siche-

100 2008 83 31 ren
214 1989 200 66 Leitung
457 1989 146 50 seines
647 1988 266 67 Dirigenten
948 1989 201 50 Deloffre
1185 1988 80 52 das
1308 2006 143 49 ganze
1483 1989 188 66 Allegro

99 2074 81 50 mit
209 2074 155 51 Feuer
396 2073 90 50 und
520 2073 213 66 Energie.
796 2073 99 50 Und
943 2091 51 32 so
1040 2073 108 66 ging
1194 2072 81 49 der
1318 2073 151 50 Beifall
1512 2073 159 50 immer

100 2157 208 66 steigend
341 2157 91 49 fort
466 2157 90 49 und
589 2156 138 50 brach
762 2157 64 49 oft
858 2157 87 49 wie
976 2157 262 49 vulcanisch
1270 2175 96 33 aus.
1416 2157 155 51 Selbst
1601 2158 70 48 die

101 2241 292 49 verhärteten
426 2241 183 67 Gegner
644 2241 78 49 der
754 2241 250 49 deutschen
1039 2239 148 51 Musik
1230 2241 92 49 und
1354 2241 106 50 alles
1492 2241 178 59 dessen,

101 2342 94 32 was
227 2324 192 50 deutsch
452 2324 71 60 ist,
569 2323 202 66 ergaben
814 2323 93 51 sich
950 2324 62 50 als
1061 2323 276 69 überflügelt
1369 2324 91 51 und
1493 2324 179 67 besiegt

101 2408 94 50 und
227 2408 232 50 stimmten
491 2425 71 33 am
592 2407 130 51 Ende
752 2408 41 50 in
828 2407 86 51 den
946 2407 295 66 allgemeinen
1271 2407 136 51 Jubel
1440 2408 85 51 ein.
1577 2410 63 48 Da-

103 2492 80 50 mit
222 2491 110 51 aber
374 2492 69 48 die
473 2493 145 50 Leser
663 2492 177 50 meinen
873 2491 182 51 Bericht
1100 2491 121 51 nicht
1266 2500 118 42 etwa
1428 2492 64 51 als
1538 2492 133 50 einen

100 2576 215 49 Ausfluss
359 2594 88 31 von
489 2576 357 49 musicalischem
877 2575 318 50 Patriotismus
1237 2575 268 50 betrachten
1548 2576 98 49 dürf-

103 2667 95 51 ten,
245 2660 136 51 theile
414 2660 67 49 ich
515 2658 209 51 wörtlich
757 2660 94 57 mit,
896 2678 96 31 was
1037 2658 79 51 das
1148 2660 190 49 Journal

118 2745 226 57 musicale,
363 2744 198 49 welches
581 2744 69 49 die
670 2744 264 49 Deutschen
967 2751 129 42 sonst
1126 2742 64 51 als
1210 2742 199 52 Croaten
1439 2744 90 49 und
1558 2745 84 48 Bar-

103 2826 139 51 baren
292 2829 175 48 Iractirt
514 2827 90 51 und
651 2845 80 32 vor
776 2826 179 67 einigen
985 2826 170 51 Jahren
1196 2826 70 51 die
1310 2827 165 51 Devise

114 2929 102 32 aux
651 2911 29 51 auf
702 2911 122 50 seine
868 2910 154 51 Fahne
1063 2910 194 61 schrieb,
1304 2910 113 51 über
1449 2911 70 50 die
1549 2918 122 43 erste

105 2995 299 66 Vorstellung
435 3004 126 58 sagt:

238 3118 17 19 „
273 3079 106 49 Wir
412 3080 213 50 kommen
649 3097 81 33 aus
758 3079 102 49 dem
884 3081 189 50 Thedtre
1102 3080 193 67 lyrique,
1328 3079 93 51 und
1454 3078 216 50 während

103 3179 139 32 unser
272 3163 120 48 Herz
425 3163 117 49 noch
576 3163 84 50 voll
696 3163 57 49 ist
783 3180 89 32 von
901 3163 82 49 der
1013 3163 290 67 Aufregung,
1350 3163 70 49 die
1454 3160 217 52 Weber's

101 3245 590 69 bewunderungswürdige
720 3246 150 51 Musik
901 3246 41 50 in
976 3264 84 32 uns
1093 3246 375 67 hervorgerufen,
1498 3262 167 34 unsere

103 3329 167 67 Augen
302 3330 117 50 noch
453 3329 246 66 geblendet
729 3330 97 51 sind
861 3349 85 32 von
979 3330 103 50 dem
1107 3330 264 68 prächtigen
1390 3329 281 67 Schauspiel,

104 3413 79 51 das
216 3413 82 51 wir
329 3413 216 67 gesehen,
576 3413 238 51 schreiben
849 3415 82 50 wir
961 3414 123 50 diese
1114 3414 154 50 Zeilen
1300 3414 169 51 nieder.
1503 3413 167 52 Welch

103 3497 71 50 ein
205 3497 342 50 Meisterwerk!
611 3497 196 50 Welche
840 3498 224 58 Anmuth,
1110 3498 198 49 welcher
1338 3498 110 51 Reiz
1491 3497 42 50 in
1567 3497 103 49 dem

104 3580 227 67 Gesänge,
364 3580 173 51 welche
566 3580 123 51 Tiefe
721 3580 42 50 in
796 3580 86 50 den
912 3583 336 50 Harmonieen!
1277 3582 83 49 Die
1392 3582 280 57 Ouvertüre,

105 3683 86 33 von
237 3666 102 49 dem
387 3666 254 49 Orchester
687 3664 226 51 vollendet
960 3666 396 68 wiedergegeben,
1402 3666 80 50 mit
1520 3667 153 49 Feuer

104 3749 93 51 und
227 3749 500 50 erstaunenswerthem
752 3751 407 66 Zusammenspiel,
1192 3751 82 49 der
1305 3749 366 51 wunderschöne

104 3833 248 52 Elfenchor
385 3833 80 50 mit
496 3833 170 50 seinem
699 3831 328 52 zauberischen
1060 3834 158 58 Dufte,
1266 3834 71 50 die
1369 3834 138 50 Arien
1545 3832 94 51 Obe-

105 3921 123 47 ron's
275 3917 92 50 und
414 3917 80 50 der
548 3917 136 48 Rezia
726 3916 92 51 und
867 3916 79 51 das
988 3916 156 49 Finale
1191 3916 80 51 des
1312 3925 155 43 ersten
1511 3917 155 56 Actes,

104 4001 127 51 Alles
263 4001 86 49 rief
373 4001 88 51 den
494 4000 246 50 Ausbruch
773 4001 268 49 entzückter
1070 4000 341 68 Begeisterung
1439 4001 177 49 hervor.

242 4082 132 60 „Und
419 4102 51 33 so
514 4083 107 69 ging
663 4101 48 32 es
753 4082 71 51 bei
867 4083 116 50 allen
1014 4083 252 50 Nummern
1300 4083 81 50 der
1427 4083 242 69 folgenden

106 4167 117 51 Acte
272 4170 101 49 fori.
435 4170 106 52 Wir
588 4169 181 50 können
815 4167 122 51 nicht
984 4167 84 51 alle
1230 4166 138 67 jeden
1401 4167 269 60 Hervorrnf,

1764 308 138 51 kurz:
1934 306 85 51 alle
2051 305 71 52 die
2152 306 202 51 Formen
2386 308 263 56 erwähnen,
2697 305 175 52 welche
2905 305 70 51 die
3005 305 337 71 Kundgebung

1761 392 80 50 des
1873 392 180 50 Beifalls
2086 389 71 52 bei
2190 389 173 52 diesem
2390 392 283 50 unerhörten
2705 390 190 68 Erfolge
2939 390 214 50 annahm.
3208 392 133 50 Eben

1761 494 52 35 so
1856 477 150 66 wenig
2053 477 184 49 können
2286 474 82 50 wir
2411 475 84 50 alle
2527 477 171 50 Stücke
2738 477 174 49 einzeln
2945 475 258 57 aufzählen,
3250 478 92 49 und

1761 564 186 47 müssen
1980 578 86 32 uns
2099 560 140 50 heute
2270 577 89 32 nur
2390 559 82 50 auf
2497 559 68 50 die
2584 559 329 70 Constatirung
2944 562 81 49 der
3050 559 292 52 Thatsachen

1761 663 55 31 an
1854 646 154 66 jenem
2038 643 196 51 Abende
2279 642 333 51 beschränken.
2669 643 139 66 Möge
2853 662 86 32 uns
2984 643 80 52 das
3099 643 245 52 Publicum

1762 729 93 50 und
1888 729 83 49 der
2001 728 221 51 Schatten
2243 727 219 52 Weber's
2494 728 70 50 die
2598 727 304 67 Flüchtigkeit
2933 729 144 51 dieses
3104 729 238 51 Berichtes

2083 830 44 33 u.
2161 828 35 33 s.
2230 830 58 31 w.
2330 828 42 33 u.
2405 830 36 33 s.
2476 830 56 31 w.

1891 897 84 50 Die
2005 896 318 67 Bearbeitung
2354 897 80 48 der
2466 897 131 67 Oper
2634 896 68 49 für
2735 894 70 51 die
2838 894 302 51 französische
3172 898 163 51 Bühne

1762 982 55 50 ist
1864 999 112 49 ganz
2024 980 233 68 geschickt
2302 981 229 66 gemacht.
2591 980 85 49 Die
2731 981 183 48 Herren
2958 978 246 51 Nuitter
3248 981 89 68 (ein

1762 1065 329 67 Deutscher?),
2124 1066 334 49 Beaumont
2503 1065 93 49 und
2627 1066 66 48 de
2726 1063 232 50 Chazot
2985 1061 149 52 haben
3167 1063 62 50 sie
3261 1081 51 51 ge-

1762 1148 182 68 fertigt;
1977 1147 81 51 der
2088 1148 147 51 Zettel
2264 1148 198 51 lautete:
2516 1148 196 59 Oberon,
2743 1165 140 49 opcra
2904 1147 287 67 fantaslique
3218 1166 53 32 en
3303 1146 32 52 3

1760 1245 129 47 actes,
1935 1235 210 67 musique
2173 1234 53 49 de
2263 1234 171 57 Weber,
2475 1250 156 50 poeme
2668 1249 201 51 arrange
2908 1232 182 66 d'apres
3132 1232 212 52 Wieland

1754 1335 94 50 par
1877 1328 73 41 etc.
2096 1317 86 50 Die
2222 1319 234 64 traurigen
2489 1317 339 66 Erfahrungen,
2872 1315 72 51 die
2975 1333 103 33 man
3110 1333 74 31 am
3214 1315 101 51 Frei-

1762 1402 159 50 schütz
1953 1401 212 67 gemacht
2197 1401 141 57 halte,
2385 1402 214 49 scheinen
2631 1401 123 51 nicht
2786 1400 280 51 unbeachtet
3096 1400 245 67 geblieben

1765 1504 56 31 zu
1853 1485 122 58 sein;
2006 1485 120 50 denn
2145 1502 105 31 man
2282 1484 77 49 hat
2391 1485 70 48 die
2485 1485 193 50 Musik
2706 1502 88 33 von
2818 1485 183 65 Anfang
3032 1482 67 51 bis
3132 1503 53 32 zu
3205 1482 134 53 Ende

1765 1576 326 59 unangetastet
2124 1569 224 67 gelassen,
2396 1569 93 49 und
2533 1569 70 49 die
2634 1568 350 66 Uebersetzung
3016 1568 80 49 der
3129 1569 213 67 Gesänge

1765 1653 238 66 (meistens
2036 1653 102 49 dem
2173 1651 381 69 ursprünglichen
2578 1651 263 68 englischen
2864 1653 149 48 Texte
3040 1669 84 32 von
3143 1653 198 50 Planche

1766 1736 202 68 folgend)
1999 1736 57 51 ist
2088 1745 97 59 gut,
2217 1754 56 32 an
2307 1736 141 50 vielen
2472 1736 173 50 Stellen
2678 1735 297 51 meisterhaft.
3008 1735 84 48 Die
3125 1736 189 66 Verlags-

1766 1820 235 66 handlung
2033 1820 55 50 G.
2121 1819 224 57 Brandus,
2378 1820 182 50 Dufour
2589 1818 43 52 &
2664 1819 163 69 Comp,
2871 1820 78 49 hat
2997 1818 201 67 sogleich
3229 1820 112 50 zwei

1765 1904 254 66 Ausgaben
2065 1904 78 50 des
2190 1903 422 68 Clavier-Auszugs
2659 1903 97 68 (20
2801 1903 254 51 Nummern
3104 1903 120 51 ohne
3271 1903 70 51 die

1766 1988 286 66 Ouvertüre)
2085 1988 310 58 veranstaltet,
2428 1987 70 50 die
2530 1989 99 48 eine
2660 1988 82 49 mit
2772 1987 356 49 französischem
3147 1988 122 49 Text
3298 1987 42 50 in

1769 2070 68 59 8.,
1986 2083 59 40 netto
2046 2072 128 56 BFr.,
2206 2072 71 49 die
2305 2072 169 49 andere
2505 2072 80 49 mit
2606 2070 269 51 deutschem
2900 2070 92 50 und
3017 2070 322 51 italiänischem

1766 2157 122 49 Text
1920 2157 41 49 in
1995 2157 68 58 4.,
2107 2168 119 40 netto
2277 2156 68 50 10
2386 2158 72 50 Fr.
2519 2157 77 49 Ich
2644 2173 126 33 muss
2818 2154 236 69 gestehen,
3101 2154 103 51 dass
3250 2156 82 49 der

1765 2241 309 49 französische
2105 2242 122 48 Text
2273 2239 85 50 fast
2397 2239 173 51 überall
2615 2239 80 51 das
2728 2238 318 52 Geschraubte
3092 2239 80 51 des
3204 2238 106 52 deut-

1765 2323 155 60 schen,
1952 2342 51 32 so
2037 2324 105 50 weit
2173 2341 48 33 es
2255 2324 84 50 mir
2368 2324 42 50 in
2443 2324 81 50 der
2552 2324 295 65 Erinnerung
2878 2323 71 60 ist,
2993 2341 106 32 zum
3129 2323 210 51 Vortheil

1765 2406 80 52 des
1865 2408 235 66 Gesanges
2132 2407 241 51 verwischt
2405 2407 104 60 hat;
2540 2425 105 33 man
2677 2406 255 67 vergleiche
2963 2425 36 30 z.
3034 2407 52 50 B.
3128 2407 211 61 „Ocean,

1765 2491 61 49 du
2236 2492 81 50 mit
2371 2492 80 57 „0
2494 2493 61 50 toi
2584 2492 83 67 qui
2695 2492 115 51 ceins
2842 2492 48 50 la
2918 2490 380 68 terre»Abge-

1765 2575 217 50 storbner
2249 2575 80 50 mit
2384 2577 207 57 „Pleure,
2635 2594 105 33 mon
2782 2592 146 42 coeur,
2975 2585 77 40 ton

1766 2678 42 31 u.
1842 2678 35 33 s.
1911 2678 57 33 w.
2112 2660 85 49 Die
2240 2658 265 51 Bearbeiter
2550 2658 151 53 haben
2751 2660 111 49 zwei
2911 2658 148 51 kleine
3107 2658 234 53 komische

1764 2744 164 49 Rollen
1962 2744 314 67 hinzugefügt,
2312 2761 87 32 von
2432 2744 148 50 denen
2612 2744 83 49 der
2726 2746 101 64 Aga
2860 2744 81 49 der
2968 2742 256 51 Eunuchen
3255 2752 84 58 gut

1766 2826 229 67 gelungen
2027 2827 69 50 ist.
2128 2827 85 50 Mit
2244 2827 81 50 der
2354 2827 151 50 Musik
2538 2826 149 51 haben
2719 2826 63 51 sie
2817 2826 147 51 nichts
2996 2844 56 32 zu
3083 2826 212 51 schaffen.

1895 2912 83 47 Die
2010 2912 314 65 Ausstattung
2366 2912 57 49 ist
2471 2911 249 68 prachtvoll
2767 2911 93 50 und
2893 2910 200 51 wirklich
3126 2910 213 58 feenhaft,

1765 2994 79 51 das
1877 2995 419 51 Schluss-Tableau
2343 2995 292 51 bezaubernd
2685 2994 156 51 schön.
2900 2994 87 51 Die
3031 2994 305 68 Ausführung

1766 3097 97 31 war
1893 3079 60 49 im
1986 3080 187 50 Ganzen
2221 3097 147 49 genau
2415 3079 93 49 und
2551 3078 325 67 gewissenhaft
2908 3079 81 49 der
3021 3078 319 68 Composition

1765 3161 282 66 gegenüber,
2079 3163 72 48 die
2185 3164 181 65 Sänger
2397 3163 91 48 und
2522 3161 255 51 Darsteller
2808 3161 129 50 recht
2968 3169 98 58 gut.
3125 3161 215 51 Madame

1764 3245 319 51 Rossi-Caccia
2114 3246 174 67 (Rezia)
2319 3246 56 50 ist
2406 3246 102 50 eine
2538 3246 108 50 sehr
2677 3245 136 51 brave
2838 3244 238 69 Sängerin,
3107 3245 135 52 allein
3275 3246 65 51 sie

1764 3330 59 50 ist
1864 3330 122 50 nicht
2028 3330 129 50 mehr
2192 3330 132 66 jung,
2371 3330 94 50 und
2511 3330 80 51 das
2636 3330 210 50 reizende
2878 3329 137 58 Ideal,
3063 3329 83 50 das
3189 3330 148 51 ihrem

1764 3415 151 49 Ritter
1945 3414 58 48 im
2036 3415 200 49 Traume
2268 3413 309 60 vorschwebt,
2607 3431 124 33 muss
2763 3431 101 31 man
2905 3412 147 50 durch
3085 3413 72 51 die
3189 3415 122 50 Phan-

1762 3497 115 50 tasie
1907 3502 244 62 ergänzen.
2185 3499 159 50 Davon
2380 3497 274 68 abgesehen,
2686 3497 232 50 verdiente
2951 3497 65 49 sie
3049 3497 146 50 durch
3226 3498 87 51 Auf-

1765 3582 188 66 fassung
1983 3580 80 51 der
2096 3582 152 51 Partie
2279 3582 92 49 und
2406 3580 256 51 technische
2693 3579 258 51 Sicherheit
2978 3582 115 51 Lob.
3135 3583 84 50 Die
3251 3584 62 49 De-

1765 3664 235 51 moisellen
2027 3666 235 64 Borghese
2287 3666 163 66 (Puck)
2481 3664 92 50 und
2606 3662 165 51 Girard
2795 3663 216 69 (Fatime)
3043 3664 302 70 befriedigten

1764 3748 131 59 sehr;
1952 3748 80 51 das
2079 3749 136 50 Lied:
2269 3747 249 60 „Arabien,
2566 3748 120 50 mein

1780 3833 186 59 Arabie,
1980 3834 209 50 heureux
2702 3833 151 66 sejour
2522 3832 163 49 wurde
2980 3834 207 67 gerufen.
3251 3837 93 47 Der

1764 3915 152 50 Ritter
1934 3917 154 56 Hüon,
2121 3916 111 49 über
2264 3915 163 49 dessen
2460 3915 418 52 unharmonischen
2900 3917 178 51 Namen
3112 3935 103 33 man
3247 3918 97 50 sich

1762 4002 173 64 ärgert,
1981 4000 128 49 hatte
2154 3998 42 50 in
2239 3998 145 50 einem
2425 3998 177 68 jungen
2635 4000 278 50 Tenoristen
2955 4019 88 33 von
3074 4002 266 56 Bordeaux,

1762 4082 157 50 Herrn
1950 4083 187 58 Michot,
2182 4082 129 50 einen
2345 4083 243 50 wackeren
2626 4085 243 49 Vertreter
2900 4085 252 67 gefunden;
3182 4104 50 30 er
3264 4086 52 49 be-

1764 4165 105 52 sitzt
1900 4166 99 52 eine
2029 4184 85 33 von
2142 4165 140 66 jenen
2314 4167 392 61 Tenorstimmen,
2753 4169 70 49 die
2867 4169 173 50 überall
3087 4169 132 50 frisch
3262 4188 52 33 an-
