4198 5618
764 4814 80 60 42

773 559 44 60 il
839 558 447 76 «l'opposerait
1309 573 116 58 pas
1452 571 174 41 assez
1653 551 337 75 d'énergie.
2027 549 46 56 Il
2105 563 78 42 ne
2209 546 216 59 savait
2451 559 117 60 pas
2596 559 129 58 que
2749 546 152 54 tous
2927 543 93 57 les
3045 543 301 61 hommes
3374 563 79 41 en
3482 553 154 56 sont

779 646 275 56 atteints
1084 661 12 51 ;
1128 644 41 54 il
1198 641 277 74 ignorait
1499 656 124 56 que
1651 637 243 73 parfois
1916 651 79 39 ne
2014 634 206 56 fût-ce
2251 631 205 71 qu'un
2486 631 258 54 instant
2772 629 77 56 ils
2881 629 393 73 envisagent
3301 631 59 54 le
3392 636 244 56 monde

781 727 156 56 d'un
988 727 105 56 œil
1143 725 317 66 différent,
1513 722 315 71 étranger,
1880 722 64 54 et
1994 715 284 73 qu'alors
2325 715 171 54 leurs
2546 712 325 56 membres
2923 727 66 39 se
3040 712 261 71 glacent
3355 714 278 61 d'effroi.

781 812 112 57 S'il
933 812 229 56 l'avait
1203 825 95 53 su,
1342 810 42 54 il
1426 824 63 40 se
1533 807 193 56 serait
1767 798 426 76 tranquillisé,
2237 800 44 54 il
2325 798 217 56 aurait
2584 795 293 74 épanché
2921 812 119 40 son
3086 812 201 54 cœur,
3333 815 80 39 en
3458 802 178 59 riant

779 895 346 71 peut-être.
1164 893 171 56 D'un
1372 895 173 69 geste
1577 890 168 72 léger
1777 890 42 54 il
1856 886 212 58 aurait
2100 883 188 74 passé
2322 898 98 41 ses
2456 881 211 58 mains
2703 895 110 42 sur
2844 881 66 56 la
2942 881 183 56 table
3160 883 273 56 humide
3467 902 169 54 pour

781 978 234 56 effacer
1060 981 172 53 cette
1281 998 20 29 «
1350 973 493 72 quelconquerie
1890 993 41 32 ».

945 1061 241 56 Tandis
1233 1059 275 71 qu'ainsi
1552 1059 44 54 il
1643 1056 161 56 était
1850 1052 199 60 enlizé
2119 1052 308 71 jusqu'au
2476 1052 295 53 menton.
2842 1049 88 56 Et
2994 1049 60 56 le
3121 1049 181 57 sable
3375 1057 256 55 monta.

786 1144 49 56 Il
866 1144 103 56 fut
998 1145 132 70 pris
1160 1139 195 62 d'une
1384 1156 147 59 rage
1560 1142 149 56 folle
1740 1157 76 39 en
1848 1137 364 59 entendant
2241 1137 88 54 les
2363 1135 399 56 roulements
2796 1134 112 55 des
2942 1135 318 68 voitures,
3294 1135 90 56 les
3418 1135 215 59 bruits

783 1228 78 55 de
901 1227 153 56 voix
1093 1230 66 53 et
1196 1227 56 54 le
1292 1242 114 39 son
1450 1225 152 56 d'un
1643 1225 193 71 piano
1877 1225 257 52 monter
2175 1220 145 56 d'en
2363 1220 139 66 bas,
2527 1218 168 56 alors
2739 1216 160 73 qu'il
2940 1215 168 57 était
3147 1218 84 68 là,
3279 1220 272 69 debout,
3597 1223 36 56 à

779 1310 429 72 blasphémer,
1255 1325 63 41 se
1365 1310 334 66 lamenter,
1750 1311 62 53 et
1860 1321 62 41 se
1972 1305 386 71 désespérer.

947 1394 300 56 Ouvrant
1291 1394 61 54 la
1396 1396 206 68 porte,
1648 1393 42 54 il
1738 1391 191 56 sortit
1975 1404 107 41 sur
2124 1389 57 54 le
2229 1388 254 55 balcon.

950 1479 50 54 Il
1028 1476 163 57 était
1216 1476 129 57 très
1375 1477 114 54 fier
1516 1477 76 54 de
1619 1493 70 38 ce
1714 1476 230 55 balcon
1975 1491 12 51 ;
2019 1489 156 41 avec
2202 1489 88 39 un
2317 1470 127 56 réel
2469 1470 246 72 plaisir,
2744 1470 44 56 il
2813 1487 46 55 y
2886 1470 378 58 conduisait
3291 1487 98 43 ses
3419 1474 212 57 hôtes.

947 1582 22 27 «
1015 1560 217 70 Voyez
1272 1575 247 39 comme
1555 1559 64 71 je
1658 1560 298 54 demeure
1997 1557 339 56 au-dessus
2378 1555 76 54 de
2493 1559 151 52 tous
2683 1574 49 47 »,
2810 1555 476 71 plaisanta-t-il
3363 1560 66 53 et
3473 1557 160 57 d'un

778 1645 176 68 geste
981 1643 555 70 opulentsonbras
1565 1642 252 55 dessina
1843 1657 125 39 une
1995 1640 483 66 courbe,tandis
2505 1655 127 56 que
2656 1638 59 56 le
2742 1642 232 52 ventre
3001 1653 66 41 se
3094 1638 280 71 pressait
3406 1647 230 50 contre

779 1726 63 54 la
879 1726 197 71 grille.
1125 1726 46 54 Il
1211 1728 217 54 ouvrit
1464 1726 62 54 la
1563 1730 187 67 porte
1789 1726 191 54 d'une
2017 1724 176 55 main
2232 1721 349 70 hésitante,
2622 1723 118 54 elle
2779 1721 161 58 céda
2979 1738 152 39 sans
3172 1723 202 57 bruit.
3419 1723 172 57 Géné-

778 1809 318 56 ralement
1132 1811 115 54 elle
1286 1811 272 71 grinçait
1596 1811 220 69 quand
1855 1809 34 56 à
1926 1809 203 73 grand
2165 1807 186 72 peine
2388 1824 83 38 on
2512 1806 271 57 arrivait
2823 1807 36 56 à
2894 1807 295 56 l'ouvrir.
3267 1809 49 54 Il
3355 1811 279 71 regarda

778 1892 57 54 le
876 1894 91 52 sol
1010 1909 157 39 avec
1210 1892 181 58 fixité
1431 1897 63 51 et
1536 1909 249 56 avança
1824 1890 239 75 malgré
2100 1894 112 64 lui,
2254 1907 251 39 comme
2546 1889 198 57 attiré
2783 1906 120 56 par
2940 1907 92 39 un
3074 1892 428 70 ventilateur,
3546 1911 87 39 ou

781 1989 119 54 par
937 1973 63 56 la
1038 1975 173 56 force
1252 1975 193 56 d'une
1484 1992 152 39 roue
1673 1977 312 54 immense
2007 1978 59 53 et
2093 1989 197 59 rouge
2330 1990 256 39 comme
2625 1973 58 56 le
2723 1975 180 54 soleil
2945 1973 239 56 ardent
3226 1975 114 71 qui
3380 1975 251 58 brillait

778 2058 232 56 là-bas.
1049 2058 93 56 La
1176 2061 227 70 gueule
1438 2060 190 56 avide
1660 2060 249 56 l'attira
1939 2060 307 69 jusqu'au
2285 2060 261 71 grillage
2581 2060 78 54 de
2695 2060 96 54 fer
2820 2075 13 51 ;
2871 2060 44 54 il
2952 2075 66 39 se
3054 2060 281 69 pencha,
3375 2077 258 56 avança

778 2139 91 56 les
906 2139 148 58 bras
1094 2158 249 41 comme
1379 2143 98 56 s'il
1516 2144 179 55 allait
1731 2156 196 58 nager
1963 2146 64 51 et
2063 2143 337 71 renonçait
2439 2143 32 56 à
2508 2146 154 51 tout
2698 2143 188 69 point
2928 2143 295 71 d'appui.
3272 2144 51 55 Il
3358 2144 144 70 jeta
3538 2161 91 39 un

781 2224 227 69 regard
1049 2224 159 56 dans
1245 2226 61 54 la
1343 2226 395 69 profondeur
1765 2243 13 50 ;
1816 2226 57 54 le
1912 2239 156 58 sang
2102 2226 90 54 lui
2229 2227 228 55 monta
2496 2226 36 56 à
2568 2226 62 56 la
2666 2227 139 55 tête
2844 2241 254 41 comme
3135 2243 130 39 une
3302 2227 177 68 bille,
3523 2227 72 56 dé-

781 2305 288 56 truisant
1113 2305 361 71 l'équilibre
1523 2309 84 54 du
1657 2324 201 56 corps.

952 2390 51 54 Il
1038 2390 58 54 le
1132 2390 193 58 laissa
1359 2392 257 56 tomber
1643 2409 14 49 ;
1695 2393 41 55 il
1775 2393 132 55 s'en
1946 2392 379 57 débarrassa
2354 2410 14 51 ;
2405 2393 44 56 il
2486 2395 58 54 le
2581 2393 202 56 sentit
2822 2395 243 71 glisser,
3104 2395 287 73 voltiger
3428 2412 79 41 en
3550 2397 79 56 de

779 2471 175 56 lente
984 2473 397 56 oscillations
1413 2476 161 55 ainsi
1606 2476 240 70 qu'une
1875 2476 215 55 feuille
2119 2493 13 51 ;
2166 2493 107 39 car
2319 2478 44 54 il
2412 2490 62 42 se
2515 2481 200 68 parut
2767 2476 134 58 très
2930 2478 196 73 léger,
3187 2495 258 41 comme
3475 2495 154 42 saus

778 2554 208 70 poids.
1023 2556 105 54 Un
1164 2558 139 54 vrai
1338 2558 132 55 rien
1526 2573 107 40 car
1682 2559 90 56 les
1828 2561 221 54 fiacres
2104 2561 452 56 continuaient
2610 2563 78 54 de
2740 2563 215 54 rouler
3008 2563 493 71 paisiblement,
3536 2564 93 56 les

779 2636 295 55 hommes
1110 2639 486 69 fourmillaient,
1629 2642 204 56 souris
1865 2642 208 56 noires
2107 2646 64 52 et
2203 2644 329 68 blanches,
2554 2661 117 56 pas
2706 2644 261 69 d'éclat,
3001 2663 119 55 pas
3157 2647 79 56 de
3270 2646 183 57 bruit
3489 2664 12 39 :
3536 2664 92 41 un

779 2717 138 56 rien
950 2717 163 57 était
1145 2722 244 56 tombé.

949 2801 83 56 Et
1060 2807 319 66 pourtant
1403 2805 44 56 il
1475 2807 180 55 avait
1682 2823 74 39 eu
1785 2808 61 56 la
1873 2810 327 54 sensation
2226 2808 132 58 très
2385 2813 183 53 nette
2596 2812 160 71 qu'il
2783 2829 64 38 se
2877 2812 342 59 détachait
3247 2813 88 56 du
3365 2813 263 70 balcon,

783 2883 78 56 de
886 2884 64 56 la
978 2886 306 58 chambre
1313 2890 110 69 qui
1447 2890 237 72 jusque
1709 2891 63 56 là
1795 2891 232 58 l'avait
2053 2891 274 75 hébergé
2354 2910 15 52 ;
2398 2895 43 55 il
2471 2896 178 56 avait
2681 2898 169 54 senti
2881 2913 125 54 que
3033 2898 59 56 le
3121 2900 244 54 monde
3391 2900 240 56 l'avait

779 2966 178 56 vomi
994 2983 160 40 avec
1187 2969 349 70 intention,
1577 2989 124 53 que
1736 2989 70 41 sa
1841 2991 234 54 propre
2110 2976 263 56 volonté
2408 2978 234 57 l'avait
2676 2979 235 71 poussé
2950 2996 149 41 vers
3135 2983 64 54 la
3235 2984 193 68 porte
3463 3013 85 9 —
3584 2983 45 56 il

778 3049 169 56 senti
984 3050 239 71 jusque
1264 3054 161 56 dans
1462 3055 62 56 la
1565 3057 227 56 moelle
1829 3059 58 54 le
1927 3061 158 54 choc
2124 3062 230 54 mortel
2395 3077 108 39 sur
2540 3062 60 56 le
2639 3062 191 71 pavé,
2874 3081 117 39 son
3032 3081 164 57 sang
3236 3067 187 56 avait
3462 3067 169 70 jailli

778 3132 162 56 dans
979 3133 63 55 la
1079 3135 329 69 poussière
1448 3138 270 73 grisâtre
1756 3142 77 54 de
1872 3142 62 56 la
1972 3159 132 51 rue,
2144 3144 44 54 il
2229 3145 181 54 avait
2449 3145 240 71 respiré
2728 3149 366 71 largement
3135 3166 118 38 son
3296 3150 206 56 odeur
3545 3166 79 40 en

774 3213 61 54 le
861 3220 267 51 versant
1159 3216 162 56 ainsi
1348 3235 165 54 pour
1538 3221 63 55 la
1629 3238 188 41 cause
1846 3223 234 68 sacrée,
2107 3226 63 55 la
2200 3228 241 71 grande
2468 3243 191 41 cause
2689 3232 112 69 qui
2830 3232 185 72 exige
3042 3235 223 52 toutes
3294 3233 91 56 les
3418 3248 169 41 amer-

778 3298 215 54 tumes
1044 3315 193 54 parce
1286 3303 232 69 qu'elle
1565 3306 90 54 les
1702 3308 159 54 rend
1909 3309 239 56 faciles.

949 3381 51 52 Il
1023 3396 231 56 rampa
1277 3399 146 41 vers
1447 3386 62 54 la
1533 3391 207 66 porte,
1768 3391 190 69 glissa
1983 3406 107 39 sur
2112 3392 58 55 le
2195 3392 254 68 balcon,
2476 3394 120 58 Les
2620 3413 176 56 yeux
2822 3398 409 72 s'emplirent
3257 3401 81 54 de
3360 3401 266 68 larmes,

776 3458 46 56 il
866 3462 249 69 pleura,
1159 3465 44 54 il
1247 3467 227 69 pleura
1518 3470 108 55 des
1672 3472 298 56 douleurs
2012 3474 357 71 indicibles,
2415 3494 115 41 son
2574 3480 469 58 inconcevable
3087 3482 266 58 félicité.

945 3545 87 56 Et
1062 3548 44 54 il
1138 3552 112 52 eut
1279 3550 430 71 l'impression
1741 3557 78 54 de
1850 3562 255 51 monter
2137 3575 158 41 avec
2322 3562 59 54 le
2412 3562 255 69 balcon,
2703 3565 78 56 de
2813 3565 273 58 s'élever
3116 3570 166 54 dans
3313 3585 93 39 un
3440 3569 188 55 éther

773 3624 133 56 très
944 3643 125 54 pur
1108 3645 85 56 qu
1221 3631 44 54 il
1304 3648 80 39 ne
1421 3638 122 66 put
1580 3635 234 57 tolérer
1853 3655 124 54 que
2014 3655 191 56 parce
2244 3658 124 56 que
2407 3660 115 41 son
2562 3662 187 56 corps
2788 3646 166 60 était
2989 3650 253 68 tombé,
3282 3650 222 57 réduit
3543 3668 81 41 en

771 3709 352 68 poussière.
1169 3712 110 56 Ses
1321 3718 290 71 sanglots
1651 3723 67 50 et
1758 3734 97 41 ses
1895 3723 215 69 pleurs
2149 3726 92 54 lui
2280 3728 332 57 rendirent
2656 3733 467 57 connaissance
3165 3738 66 54 et
3274 3736 240 56 vivant
3558 3740 68 52 et

771 3789 262 59 réveillé
1077 3795 44 55 il
1169 3809 66 42 se
1282 3799 200 56 sentit
1528 3816 127 40 une
1697 3802 225 58 lourde
1966 3807 266 71 fatigue.

945 3877 49 54 Il
1030 3892 64 41 se
1125 3880 144 54 leva
1304 3897 78 39 en
1414 3885 315 68 souriant,
1763 3887 239 69 s'étira,
2036 3890 222 58 brossa
2288 3909 115 41 son
2435 3899 321 67 pantalon
2786 3900 449 72 poussiéreux.
3272 3902 90 58 Et
3396 3906 228 69 quand

769 3955 44 55 il
845 3960 275 69 regarda
1150 3966 241 53 autour
1421 3966 76 55 de
1526 3968 112 66 lui,
1670 3973 64 51 et
1765 3985 124 56 que
1917 3973 90 54 les
2038 3975 304 69 maisons,
2371 3978 59 56 le
2461 3980 117 56 ciel
2608 3985 65 53 et
2700 3983 91 56 les
2822 3999 269 59 nuages,
3121 3987 92 56 les
3243 3990 188 53 tours
3462 3990 69 54 et
3558 3988 66 55 la

768 4038 272 59 lumière
1064 4041 245 59 étaient
1331 4048 90 54 les
1445 4049 264 70 mêmes,
1731 4053 44 54 il
1799 4058 191 66 porta
2009 4056 64 58 la
2095 4060 175 57 main
2297 4061 33 56 à
2354 4077 115 44 son
2493 4065 198 57 front.
2720 4066 164 58 Mais
2908 4085 78 39 en
3011 4070 180 67 vain,
3213 4071 47 55 il
3284 4071 340 56 cherchait

774 4121 36 57 à
859 4134 66 46 se
972 4129 309 56 souvenir
1326 4131 80 56 de
1452 4132 279 73 quelque
1778 4136 405 61 événement.

2825 4206 245 57 KARL
3133 4209 315 59 OTTEN.

1871 4375 109 57 LA
2023 4371 394 68 LUMIÈRE

939 4464 105 56 Du
1078 4468 113 54 ciel
1218 4469 200 72 jaune
1447 4490 127 39 une
1604 4478 288 56 courroie
1921 4480 388 62 étincelante
2338 4491 238 58 roulait
2598 4493 34 56 à
2654 4496 256 58 travers
2942 4498 395 59 Yokohama
3360 4518 14 41 :
3401 4518 71 43 ce
3493 4503 132 56 soir

765 4549 93 51 les
900 4561 149 42 rues
1095 4566 35 41 a
1173 4551 108 57 feu
1325 4552 276 60 bariolés
1643 4561 151 54 sont
1836 4566 207 54 mates
2073 4581 14 51 ;

937 4630 247 60 Etoiles
1227 4635 239 60 effilées
1491 4639 95 57 -de
1623 4640 64 58 la
1726 4644 146 57 nuit
1913 4645 274 61 blanche
2226 4657 301 58 montent
2570 4659 276 61 derrière
2883 4664 91 59 les
3015 4668 356 74 fabriques.
