<?xml version="1.0" encoding="UTF-8"?>
<alto xmlns:xsi="http://www.w3.org/2001/XMLSchema-instance" xmlns="http://www.loc.gov/standards/alto/ns-v2#" xsi:schemaLocation="http://www.loc.gov/standards/alto/ns-v2# http://www.loc.gov/standards/alto/alto-v2.0.xsd" xmlns:xlink="http://www.w3.org/1999/xlink">
	<Description>
		<MeasurementUnit>mm10</MeasurementUnit>
		<sourceImageInformation>
			<fileName>//fileserver7/IN2/Princeton/Batch2/bmtnaab/1920/10_01/00000049.tif</fileName>
		</sourceImageInformation>
		<OCRProcessing ID="OCRPROCESSING_1">
			<preProcessingStep>
				<processingSoftware>
					<softwareCreator>CCS Content Conversion Specialists GmbH, Germany</softwareCreator>
					<softwareName>CCS docWORKS</softwareName>
					<softwareVersion>6.6-0.29</softwareVersion>
				</processingSoftware>
			</preProcessingStep>
			<ocrProcessingStep>
				<processingSoftware>
					<softwareCreator>ABBYY (BIT Software), Russia</softwareCreator>
					<softwareName>FineReader</softwareName>
					<softwareVersion>10.0</softwareVersion>
				</processingSoftware>
			</ocrProcessingStep>
		</OCRProcessing>
		<OCRProcessing ID="OCRPROCESSING_2">
			<preProcessingStep>
				<processingSoftware>
					<softwareCreator>CCS Content Conversion Specialists GmbH, Germany</softwareCreator>
					<softwareName>CCS docWORKS</softwareName>
					<softwareVersion>6.6-0.29</softwareVersion>
				</processingSoftware>
			</preProcessingStep>
			<ocrProcessingStep>
				<processingSoftware>
					<softwareCreator>ABBYY (BIT Software), Russia</softwareCreator>
					<softwareName>NA</softwareName>
				</processingSoftware>
			</ocrProcessingStep>
		</OCRProcessing>
	</Description>
	<Styles>
		<TextStyle ID="TXT_0" FONTSIZE="10" FONTFAMILY="Times New Roman"/>
		<ParagraphStyle ID="PAR_RIGHT" ALIGN="Right"/>
		<ParagraphStyle ID="PAR_BLOCK" ALIGN="Block"/>
	</Styles>
	<Layout>
		<Page ID="P49" PHYSICAL_IMG_NR="49" HEIGHT="5618" WIDTH="4198" PRINTED_IMG_NR="39" PC="0.946">
			<TopMargin ID="P49_TM00001" HPOS="0" VPOS="0" WIDTH="4198" HEIGHT="4"/>
			<LeftMargin ID="P49_LM00001" HPOS="0" VPOS="4" WIDTH="4" HEIGHT="4771"/>
			<RightMargin ID="P49_RM00001" HPOS="4192" VPOS="4" WIDTH="6" HEIGHT="4771"/>
			<BottomMargin ID="P49_BM00001" HPOS="0" VPOS="4775" WIDTH="4198" HEIGHT="843">
				<TextBlock ID="P49_TB00001" HPOS="3341" VPOS="4779" WIDTH="79" HEIGHT="58" STYLEREFS="TXT_0 PAR_RIGHT">
					<TextLine ID="P49_TL00001" HPOS="3341" VPOS="4779" WIDTH="79" HEIGHT="58">
						<String ID="P49_ST00001" HPOS="3341" VPOS="4779" WIDTH="79" HEIGHT="58" CONTENT="39" WC="1.00" CC="00"/>
					</TextLine>
				</TextBlock>
			</BottomMargin>
			<PrintSpace ID="P49_PS00001" HPOS="4" VPOS="4" WIDTH="4188" HEIGHT="4771">
				<TextBlock ID="P49_TB00002" HPOS="560" VPOS="570" WIDTH="2861" HEIGHT="4121" STYLEREFS="TXT_0 PAR_BLOCK">
					<Shape>
						<Polygon POINTS="3421,4691 3250,4691 3250,4623 2261,4623 2261,4691 560,4691 560,570 3421,570"/>
					</Shape>
					<TextLine ID="P49_TL00002" HPOS="732" VPOS="571" WIDTH="2689" HEIGHT="86">
						<String ID="P49_ST00002" HPOS="732" VPOS="571" WIDTH="248" HEIGHT="62" CONTENT="Là-bas" WC="0.97" CC="372766"/>
						<SP ID="P49_SP00001" HPOS="980" VPOS="633" WIDTH="31"/>
						<String ID="P49_ST00003" HPOS="1011" VPOS="574" WIDTH="156" HEIGHT="59" CONTENT="tout" WC="0.96" CC="0645"/>
						<SP ID="P49_SP00002" HPOS="1167" VPOS="633" WIDTH="29"/>
						<String ID="P49_ST00004" HPOS="1196" VPOS="577" WIDTH="103" HEIGHT="58" CONTENT="est" WC="0.94" CC="079"/>
						<SP ID="P49_SP00003" HPOS="1299" VPOS="635" WIDTH="30"/>
						<String ID="P49_ST00005" HPOS="1329" VPOS="593" WIDTH="129" HEIGHT="44" CONTENT="une" WC="0.93" CC="683"/>
						<SP ID="P49_SP00004" HPOS="1458" VPOS="637" WIDTH="32"/>
						<String ID="P49_ST00006" HPOS="1490" VPOS="593" WIDTH="229" HEIGHT="44" CONTENT="œuvre" WC="0.98" CC="04033"/>
						<SP ID="P49_SP00005" HPOS="1719" VPOS="637" WIDTH="32"/>
						<String ID="P49_ST00007" HPOS="1751" VPOS="576" WIDTH="196" HEIGHT="62" CONTENT="d'art." WC="0.98" CC="143742"/>
						<SP ID="P49_SP00006" HPOS="1947" VPOS="638" WIDTH="33"/>
						<String ID="P49_ST00008" HPOS="1980" VPOS="577" WIDTH="279" HEIGHT="61" CONTENT="Aucune" WC="0.98" CC="040383"/>
						<SP ID="P49_SP00007" HPOS="2259" VPOS="638" WIDTH="32"/>
						<String ID="P49_ST00009" HPOS="2291" VPOS="576" WIDTH="188" HEIGHT="81" CONTENT="copie" WC="0.98" CC="00660"/>
						<SP ID="P49_SP00008" HPOS="2479" VPOS="657" WIDTH="31"/>
						<String ID="P49_ST00010" HPOS="2510" VPOS="576" WIDTH="326" HEIGHT="74" CONTENT="d'ancien," WC="0.99" CC="603802070"/>
						<SP ID="P49_SP00009" HPOS="2836" VPOS="657" WIDTH="36"/>
						<String ID="P49_ST00011" HPOS="2872" VPOS="594" WIDTH="120" HEIGHT="63" CONTENT="pas" WC="0.97" CC="600"/>
						<SP ID="P49_SP00010" HPOS="2992" VPOS="657" WIDTH="27"/>
						<String ID="P49_ST00012" HPOS="3019" VPOS="576" WIDTH="65" HEIGHT="61" CONTENT="îa" WC="0.30" CC="76"/>
						<SP ID="P49_SP00011" HPOS="3084" VPOS="657" WIDTH="35"/>
						<String ID="P49_ST00013" HPOS="3119" VPOS="574" WIDTH="197" HEIGHT="63" CONTENT="dame" WC="0.98" CC="8200"/>
						<SP ID="P49_SP00012" HPOS="3316" VPOS="657" WIDTH="22"/>
						<String ID="P49_ST00014" HPOS="3338" VPOS="593" WIDTH="83" HEIGHT="44" CONTENT="en" WC="0.60" CC="07"/>
					</TextLine>
					<TextLine ID="P49_TL00003" HPOS="561" VPOS="660" WIDTH="2860" HEIGHT="80">
						<String ID="P49_ST00015" HPOS="561" VPOS="660" WIDTH="337" HEIGHT="75" CONTENT="crinoline," WC="0.99" CC="0945950700"/>
						<SP ID="P49_SP00013" HPOS="898" VPOS="735" WIDTH="35"/>
						<String ID="P49_ST00016" HPOS="933" VPOS="664" WIDTH="166" HEIGHT="62" CONTENT="mais" WC="1.00" CC="0000"/>
						<SP ID="P49_SP00014" HPOS="1099" VPOS="735" WIDTH="32"/>
						<String ID="P49_ST00017" HPOS="1131" VPOS="684" WIDTH="131" HEIGHT="42" CONTENT="une" WC="0.97" CC="350"/>
						<SP ID="P49_SP00015" HPOS="1262" VPOS="735" WIDTH="30"/>
						<String ID="P49_ST00018" HPOS="1292" VPOS="684" WIDTH="229" HEIGHT="42" CONTENT="œuvre" WC="0.99" CC="01060"/>
						<SP ID="P49_SP00016" HPOS="1521" VPOS="735" WIDTH="30"/>
						<String ID="P49_ST00019" HPOS="1551" VPOS="667" WIDTH="178" HEIGHT="61" CONTENT="d'art" WC="0.99" CC="02060"/>
						<SP ID="P49_SP00017" HPOS="1729" VPOS="735" WIDTH="29"/>
						<String ID="P49_ST00020" HPOS="1758" VPOS="667" WIDTH="335" HEIGHT="63" CONTENT="moderne." WC="1.00" CC="00002003"/>
						<SP ID="P49_SP00018" HPOS="2093" VPOS="735" WIDTH="37"/>
						<String ID="P49_ST00021" HPOS="2130" VPOS="670" WIDTH="102" HEIGHT="60" CONTENT="On" WC="0.43" CC="46"/>
						<SP ID="P49_SP00019" HPOS="2232" VPOS="735" WIDTH="32"/>
						<String ID="P49_ST00022" HPOS="2264" VPOS="669" WIDTH="271" HEIGHT="61" CONTENT="s'assied" WC="1.00" CC="01001000"/>
						<SP ID="P49_SP00020" HPOS="2535" VPOS="735" WIDTH="32"/>
						<String ID="P49_ST00023" HPOS="2567" VPOS="687" WIDTH="112" HEIGHT="43" CONTENT="sur" WC="0.98" CC="023"/>
						<SP ID="P49_SP00021" HPOS="2679" VPOS="735" WIDTH="32"/>
						<String ID="P49_ST00024" HPOS="2711" VPOS="669" WIDTH="81" HEIGHT="61" CONTENT="de" WC="1.00" CC="00"/>
						<SP ID="P49_SP00022" HPOS="2792" VPOS="735" WIDTH="27"/>
						<String ID="P49_ST00025" HPOS="2819" VPOS="669" WIDTH="178" HEIGHT="71" CONTENT="l'art," WC="0.99" CC="000503"/>
						<SP ID="P49_SP00023" HPOS="2997" VPOS="740" WIDTH="36"/>
						<String ID="P49_ST00026" HPOS="3033" VPOS="686" WIDTH="84" HEIGHT="40" CONTENT="on" WC="0.88" CC="20"/>
						<SP ID="P49_SP00024" HPOS="3117" VPOS="740" WIDTH="33"/>
						<String ID="P49_ST00027" HPOS="3150" VPOS="667" WIDTH="271" HEIGHT="61" CONTENT="marche" WC="0.99" CC="005030"/>
					</TextLine>
					<TextLine ID="P49_TL00004" HPOS="560" VPOS="753" WIDTH="2861" HEIGHT="87">
						<String ID="P49_ST00028" HPOS="560" VPOS="772" WIDTH="112" HEIGHT="42" CONTENT="sur" WC="0.96" CC="135"/>
						<SP ID="P49_SP00025" HPOS="672" VPOS="814" WIDTH="48"/>
						<String ID="P49_ST00029" HPOS="720" VPOS="753" WIDTH="81" HEIGHT="63" CONTENT="de" WC="1.00" CC="00"/>
						<SP ID="P49_SP00026" HPOS="801" VPOS="816" WIDTH="42"/>
						<String ID="P49_ST00030" HPOS="843" VPOS="755" WIDTH="176" HEIGHT="73" CONTENT="l'art," WC="0.99" CC="730300"/>
						<SP ID="P49_SP00027" HPOS="1019" VPOS="828" WIDTH="53"/>
						<String ID="P49_ST00031" HPOS="1072" VPOS="775" WIDTH="85" HEIGHT="43" CONTENT="on" WC="0.59" CC="08"/>
						<SP ID="P49_SP00028" HPOS="1157" VPOS="828" WIDTH="49"/>
						<String ID="P49_ST00032" HPOS="1206" VPOS="759" WIDTH="233" HEIGHT="60" CONTENT="crache" WC="0.98" CC="050450"/>
						<SP ID="P49_SP00029" HPOS="1439" VPOS="828" WIDTH="49"/>
						<String ID="P49_ST00033" HPOS="1488" VPOS="759" WIDTH="165" HEIGHT="60" CONTENT="dans" WC="0.99" CC="0060"/>
						<SP ID="P49_SP00030" HPOS="1653" VPOS="828" WIDTH="49"/>
						<String ID="P49_ST00034" HPOS="1702" VPOS="779" WIDTH="88" HEIGHT="40" CONTENT="un" WC="0.53" CC="36"/>
						<SP ID="P49_SP00031" HPOS="1790" VPOS="828" WIDTH="49"/>
						<String ID="P49_ST00035" HPOS="1839" VPOS="760" WIDTH="296" HEIGHT="61" CONTENT="crachoir" WC="1.00" CC="00000271"/>
						<SP ID="P49_SP00032" HPOS="2135" VPOS="828" WIDTH="90"/>
						<String ID="P49_ST00036" HPOS="2225" VPOS="760" WIDTH="115" HEIGHT="80" CONTENT="qui" WC="0.98" CC="005"/>
						<SP ID="P49_SP00033" HPOS="2340" VPOS="840" WIDTH="48"/>
						<String ID="P49_ST00037" HPOS="2388" VPOS="765" WIDTH="101" HEIGHT="56" CONTENT="est" WC="1.00" CC="000"/>
						<SP ID="P49_SP00034" HPOS="2489" VPOS="840" WIDTH="43"/>
						<String ID="P49_ST00038" HPOS="2532" VPOS="760" WIDTH="64" HEIGHT="61" CONTENT="la" WC="0.59" CC="61"/>
						<SP ID="P49_SP00035" HPOS="2596" VPOS="840" WIDTH="49"/>
						<String ID="P49_ST00039" HPOS="2645" VPOS="760" WIDTH="298" HEIGHT="61" CONTENT="dernière" WC="0.99" CC="00474020"/>
						<SP ID="P49_SP00036" HPOS="2943" VPOS="840" WIDTH="47"/>
						<String ID="P49_ST00040" HPOS="2990" VPOS="759" WIDTH="300" HEIGHT="60" CONTENT="création" WC="0.99" CC="05300042"/>
						<SP ID="P49_SP00037" HPOS="3290" VPOS="840" WIDTH="49"/>
						<String ID="P49_ST00041" HPOS="3339" VPOS="757" WIDTH="82" HEIGHT="61" CONTENT="de" WC="0.97" CC="00"/>
					</TextLine>
					<TextLine ID="P49_TL00005" HPOS="560" VPOS="845" WIDTH="2859" HEIGHT="85">
						<String ID="P49_ST00042" HPOS="560" VPOS="845" WIDTH="224" HEIGHT="63" CONTENT="Pierre" WC="0.99" CC="000450"/>
						<SP ID="P49_SP00038" HPOS="784" VPOS="908" WIDTH="31"/>
						<String ID="P49_ST00043" HPOS="815" VPOS="847" WIDTH="259" HEIGHT="81" CONTENT="Zapfer," WC="0.88" CC="0005010"/>
						<SP ID="P49_SP00039" HPOS="1074" VPOS="928" WIDTH="35"/>
						<String ID="P49_ST00044" HPOS="1109" VPOS="848" WIDTH="297" HEIGHT="63" CONTENT="création" WC="1.00" CC="00510300"/>
						<SP ID="P49_SP00040" HPOS="1406" VPOS="928" WIDTH="30"/>
						<String ID="P49_ST00045" HPOS="1436" VPOS="850" WIDTH="386" HEIGHT="80" CONTENT="reproduite" WC="1.00" CC="4000403000"/>
						<SP ID="P49_SP00041" HPOS="1822" VPOS="930" WIDTH="32"/>
						<String ID="P49_ST00046" HPOS="1854" VPOS="852" WIDTH="165" HEIGHT="61" CONTENT="dans" WC="1.00" CC="0000"/>
						<SP ID="P49_SP00042" HPOS="2019" VPOS="930" WIDTH="28"/>
						<String ID="P49_ST00047" HPOS="2047" VPOS="853" WIDTH="61" HEIGHT="60" CONTENT="le" WC="0.84" CC="30"/>
						<SP ID="P49_SP00043" HPOS="2108" VPOS="930" WIDTH="31"/>
						<String ID="P49_ST00048" HPOS="2139" VPOS="870" WIDTH="201" HEIGHT="43" CONTENT="revue" WC="0.99" CC="60040"/>
						<SP ID="P49_SP00044" HPOS="2340" VPOS="930" WIDTH="32"/>
						<String ID="P49_ST00049" HPOS="2372" VPOS="875" WIDTH="26" HEIGHT="33" CONTENT="«" WC="1.00" CC="0"/>
						<SP ID="P49_SP00045" HPOS="2398" VPOS="930" WIDTH="29"/>
						<String ID="P49_ST00050" HPOS="2427" VPOS="852" WIDTH="189" HEIGHT="61" CONTENT="L'art" WC="0.99" CC="00340"/>
						<SP ID="P49_SP00046" HPOS="2616" VPOS="930" WIDTH="31"/>
						<String ID="P49_ST00051" HPOS="2647" VPOS="855" WIDTH="67" HEIGHT="58" CONTENT="et" WC="1.00" CC="00"/>
						<SP ID="P49_SP00047" HPOS="2714" VPOS="930" WIDTH="28"/>
						<String ID="P49_ST00052" HPOS="2742" VPOS="852" WIDTH="64" HEIGHT="59" CONTENT="la" WC="1.00" CC="00"/>
						<SP ID="P49_SP00048" HPOS="2806" VPOS="930" WIDTH="35"/>
						<String ID="P49_ST00053" HPOS="2841" VPOS="850" WIDTH="390" HEIGHT="61" CONTENT="décoration" WC="1.00" CC="0100500000"/>
						<SP ID="P49_SP00049" HPOS="3231" VPOS="930" WIDTH="32"/>
						<String ID="P49_ST00054" HPOS="3263" VPOS="850" WIDTH="125" HEIGHT="59" CONTENT="alle" SUBS_TYPE="HypPart1" SUBS_CONTENT="allemande" WC="1.00" CC="0010"/>
						<HYP HPOS="3388" VPOS="850" WIDTH="31" CONTENT="-"/>
					</TextLine>
					<TextLine ID="P49_TL00006" HPOS="562" VPOS="936" WIDTH="2857" HEIGHT="87">
						<String ID="P49_ST00055" HPOS="562" VPOS="936" WIDTH="246" HEIGHT="61" CONTENT="mande" SUBS_TYPE="HypPart2" SUBS_CONTENT="allemande" WC="0.99" CC="00500"/>
						<SP ID="P49_SP00050" HPOS="808" VPOS="997" WIDTH="39"/>
						<String ID="P49_ST00056" HPOS="847" VPOS="962" WIDTH="44" HEIGHT="35" CONTENT="»." WC="1.00" CC="00"/>
						<SP ID="P49_SP00051" HPOS="891" VPOS="997" WIDTH="47"/>
						<String ID="P49_ST00057" HPOS="938" VPOS="938" WIDTH="90" HEIGHT="61" CONTENT="Et" WC="1.00" CC="00"/>
						<SP ID="P49_SP00052" HPOS="1028" VPOS="999" WIDTH="39"/>
						<String ID="P49_ST00058" HPOS="1067" VPOS="958" WIDTH="79" HEIGHT="41" CONTENT="en" WC="0.69" CC="06"/>
						<SP ID="P49_SP00053" HPOS="1146" VPOS="999" WIDTH="39"/>
						<String ID="P49_ST00059" HPOS="1185" VPOS="940" WIDTH="136" HEIGHT="61" CONTENT="l'an" WC="0.98" CC="4024"/>
						<SP ID="P49_SP00054" HPOS="1321" VPOS="1001" WIDTH="47"/>
						<String ID="P49_ST00060" HPOS="1368" VPOS="940" WIDTH="159" HEIGHT="61" CONTENT="1918" WC="0.85" CC="0104"/>
						<SP ID="P49_SP00055" HPOS="1527" VPOS="1001" WIDTH="39"/>
						<String ID="P49_ST00061" HPOS="1566" VPOS="940" WIDTH="46" HEIGHT="61" CONTENT="il" WC="0.94" CC="00"/>
						<SP ID="P49_SP00056" HPOS="1612" VPOS="1001" WIDTH="39"/>
						<String ID="P49_ST00062" HPOS="1651" VPOS="960" WIDTH="46" HEIGHT="61" CONTENT="y" WC="1.00" CC="0"/>
						<SP ID="P49_SP00057" HPOS="1697" VPOS="1021" WIDTH="37"/>
						<String ID="P49_ST00063" HPOS="1734" VPOS="945" WIDTH="117" HEIGHT="57" CONTENT="eut" WC="0.97" CC="080"/>
						<SP ID="P49_SP00058" HPOS="1851" VPOS="1021" WIDTH="41"/>
						<String ID="P49_ST00064" HPOS="1892" VPOS="962" WIDTH="128" HEIGHT="40" CONTENT="une" WC="0.97" CC="350"/>
						<SP ID="P49_SP00059" HPOS="2020" VPOS="1021" WIDTH="39"/>
						<String ID="P49_ST00065" HPOS="2059" VPOS="941" WIDTH="379" HEIGHT="82" CONTENT="exposition" WC="1.00" CC="0002045300"/>
						<SP ID="P49_SP00060" HPOS="2438" VPOS="1023" WIDTH="41"/>
						<String ID="P49_ST00066" HPOS="2479" VPOS="943" WIDTH="115" HEIGHT="78" CONTENT="qui" WC="0.97" CC="440"/>
						<SP ID="P49_SP00061" HPOS="2594" VPOS="1023" WIDTH="39"/>
						<String ID="P49_ST00067" HPOS="2633" VPOS="941" WIDTH="393" HEIGHT="61" CONTENT="s'intitulait" WC="1.00" CC="000800040000"/>
						<SP ID="P49_SP00062" HPOS="3026" VPOS="1023" WIDTH="44"/>
						<String ID="P49_ST00068" HPOS="3070" VPOS="940" WIDTH="349" HEIGHT="61" CONTENT="fièrement" WC="0.99" CC="402364120"/>
					</TextLine>
					<TextLine ID="P49_TL00007" HPOS="564" VPOS="1028" WIDTH="1380" HEIGHT="83">
						<String ID="P49_ST00069" HPOS="564" VPOS="1053" WIDTH="25" HEIGHT="31" CONTENT="«" WC="1.00" CC="0"/>
						<SP ID="P49_SP00063" HPOS="589" VPOS="1084" WIDTH="41"/>
						<String ID="P49_ST00070" HPOS="630" VPOS="1028" WIDTH="190" HEIGHT="61" CONTENT="L'art" WC="0.99" CC="00610"/>
						<SP ID="P49_SP00064" HPOS="820" VPOS="1089" WIDTH="39"/>
						<String ID="P49_ST00071" HPOS="859" VPOS="1048" WIDTH="84" HEIGHT="42" CONTENT="au" WC="1.00" CC="00"/>
						<SP ID="P49_SP00065" HPOS="943" VPOS="1090" WIDTH="43"/>
						<String ID="P49_ST00072" HPOS="986" VPOS="1029" WIDTH="250" HEIGHT="61" CONTENT="service" WC="1.00" CC="0050000"/>
						<SP ID="P49_SP00066" HPOS="1236" VPOS="1090" WIDTH="41"/>
						<String ID="P49_ST00073" HPOS="1277" VPOS="1031" WIDTH="88" HEIGHT="61" CONTENT="du" WC="0.60" CC="07"/>
						<SP ID="P49_SP00067" HPOS="1365" VPOS="1092" WIDTH="42"/>
						<String ID="P49_ST00074" HPOS="1407" VPOS="1036" WIDTH="454" HEIGHT="75" CONTENT="commerçant" WC="0.99" CC="0030160900"/>
						<SP ID="P49_SP00068" HPOS="1861" VPOS="1111" WIDTH="39"/>
						<String ID="P49_ST00075" HPOS="1900" VPOS="1058" WIDTH="44" HEIGHT="37" CONTENT="»." WC="0.75" CC="31"/>
					</TextLine>
					<TextLine ID="P49_TL00008" HPOS="742" VPOS="1121" WIDTH="2677" HEIGHT="85">
						<String ID="P49_ST00076" HPOS="742" VPOS="1121" WIDTH="51" HEIGHT="59" CONTENT="h" WC="0.20" CC="8"/>
						<SP ID="P49_SP00069" HPOS="793" VPOS="1180" WIDTH="23"/>
						<String ID="P49_ST00077" HPOS="816" VPOS="1140" WIDTH="44" HEIGHT="60" CONTENT="y" WC="0.93" CC="0"/>
						<SP ID="P49_SP00070" HPOS="860" VPOS="1200" WIDTH="22"/>
						<String ID="P49_ST00078" HPOS="882" VPOS="1140" WIDTH="38" HEIGHT="42" CONTENT="a" WC="1.00" CC="0"/>
						<SP ID="P49_SP00071" HPOS="920" VPOS="1200" WIDTH="25"/>
						<String ID="P49_ST00079" HPOS="945" VPOS="1121" WIDTH="112" HEIGHT="61" CONTENT="des" WC="1.00" CC="000"/>
						<SP ID="P49_SP00072" HPOS="1057" VPOS="1200" WIDTH="25"/>
						<String ID="P49_ST00080" HPOS="1082" VPOS="1123" WIDTH="313" HEIGHT="76" CONTENT="Français" WC="0.99" CC="05450400"/>
						<SP ID="P49_SP00073" HPOS="1395" VPOS="1200" WIDTH="24"/>
						<String ID="P49_ST00081" HPOS="1419" VPOS="1123" WIDTH="114" HEIGHT="79" CONTENT="qui" WC="1.00" CC="000"/>
						<SP ID="P49_SP00074" HPOS="1533" VPOS="1202" WIDTH="23"/>
						<String ID="P49_ST00082" HPOS="1556" VPOS="1143" WIDTH="80" HEIGHT="41" CONTENT="en" WC="0.59" CC="16"/>
						<SP ID="P49_SP00075" HPOS="1636" VPOS="1202" WIDTH="22"/>
						<String ID="P49_ST00083" HPOS="1658" VPOS="1129" WIDTH="211" HEIGHT="58" CONTENT="secret" WC="0.99" CC="000600"/>
						<SP ID="P49_SP00076" HPOS="1869" VPOS="1202" WIDTH="23"/>
						<String ID="P49_ST00084" HPOS="1892" VPOS="1145" WIDTH="67" HEIGHT="42" CONTENT="se" WC="1.00" CC="00"/>
						<SP ID="P49_SP00077" HPOS="1959" VPOS="1202" WIDTH="21"/>
						<String ID="P49_ST00085" HPOS="1980" VPOS="1128" WIDTH="323" HEIGHT="59" CONTENT="tournent" WC="1.00" CC="01130030"/>
						<SP ID="P49_SP00078" HPOS="2303" VPOS="1202" WIDTH="20"/>
						<String ID="P49_ST00086" HPOS="2323" VPOS="1145" WIDTH="148" HEIGHT="42" CONTENT="vers" WC="0.99" CC="0050"/>
						<SP ID="P49_SP00079" HPOS="2471" VPOS="1202" WIDTH="22"/>
						<String ID="P49_ST00087" HPOS="2493" VPOS="1126" WIDTH="440" HEIGHT="80" CONTENT="l'Allemagne" WC="0.99" CC="10155400160"/>
						<SP ID="P49_SP00080" HPOS="2933" VPOS="1206" WIDTH="22"/>
						<String ID="P49_ST00088" HPOS="2955" VPOS="1128" WIDTH="68" HEIGHT="57" CONTENT="et" WC="1.00" CC="00"/>
						<SP ID="P49_SP00081" HPOS="3023" VPOS="1206" WIDTH="22"/>
						<String ID="P49_ST00089" HPOS="3045" VPOS="1126" WIDTH="374" HEIGHT="78" CONTENT="regrettent" WC="1.00" CC="3054000010"/>
					</TextLine>
					<TextLine ID="P49_TL00009" HPOS="564" VPOS="1209" WIDTH="2855" HEIGHT="86">
						<String ID="P49_ST00090" HPOS="564" VPOS="1211" WIDTH="213" HEIGHT="79" CONTENT="qu'un" WC="0.98" CC="04036"/>
						<SP ID="P49_SP00082" HPOS="777" VPOS="1290" WIDTH="44"/>
						<String ID="P49_ST00091" HPOS="821" VPOS="1209" WIDTH="217" HEIGHT="64" CONTENT="même" WC="1.00" CC="0000"/>
						<SP ID="P49_SP00083" HPOS="1038" VPOS="1290" WIDTH="44"/>
						<String ID="P49_ST00092" HPOS="1082" VPOS="1212" WIDTH="146" HEIGHT="61" CONTENT="état" WC="1.00" CC="0000"/>
						<SP ID="P49_SP00084" HPOS="1228" VPOS="1290" WIDTH="44"/>
						<String ID="P49_ST00093" HPOS="1272" VPOS="1214" WIDTH="81" HEIGHT="59" CONTENT="de" WC="1.00" CC="00"/>
						<SP ID="P49_SP00085" HPOS="1353" VPOS="1290" WIDTH="44"/>
						<String ID="P49_ST00094" HPOS="1397" VPOS="1214" WIDTH="195" HEIGHT="61" CONTENT="chose" WC="1.00" CC="00000"/>
						<SP ID="P49_SP00086" HPOS="1592" VPOS="1290" WIDTH="44"/>
						<String ID="P49_ST00095" HPOS="1636" VPOS="1216" WIDTH="284" HEIGHT="61" CONTENT="n'existe" WC="1.00" CC="60020000"/>
						<SP ID="P49_SP00087" HPOS="1920" VPOS="1290" WIDTH="43"/>
						<String ID="P49_ST00096" HPOS="1963" VPOS="1234" WIDTH="118" HEIGHT="61" CONTENT="pas" WC="1.00" CC="000"/>
						<SP ID="P49_SP00088" HPOS="2081" VPOS="1295" WIDTH="46"/>
						<String ID="P49_ST00097" HPOS="2127" VPOS="1236" WIDTH="81" HEIGHT="41" CONTENT="en" WC="0.65" CC="07"/>
						<SP ID="P49_SP00089" HPOS="2208" VPOS="1295" WIDTH="46"/>
						<String ID="P49_ST00098" HPOS="2254" VPOS="1217" WIDTH="273" HEIGHT="61" CONTENT="France." WC="1.00" CC="0500000"/>
						<SP ID="P49_SP00090" HPOS="2527" VPOS="1295" WIDTH="55"/>
						<String ID="P49_ST00099" HPOS="2582" VPOS="1217" WIDTH="85" HEIGHT="60" CONTENT="Ils" WC="1.00" CC="000"/>
						<SP ID="P49_SP00091" HPOS="2667" VPOS="1295" WIDTH="46"/>
						<String ID="P49_ST00100" HPOS="2713" VPOS="1234" WIDTH="68" HEIGHT="43" CONTENT="se" WC="0.89" CC="20"/>
						<SP ID="P49_SP00092" HPOS="2781" VPOS="1295" WIDTH="45"/>
						<String ID="P49_ST00101" HPOS="2826" VPOS="1216" WIDTH="347" HEIGHT="79" CONTENT="plaignent" WC="0.99" CC="020107050"/>
						<SP ID="P49_SP00093" HPOS="3173" VPOS="1295" WIDTH="46"/>
						<String ID="P49_ST00102" HPOS="3219" VPOS="1214" WIDTH="81" HEIGHT="61" CONTENT="de" WC="1.00" CC="00"/>
						<SP ID="P49_SP00094" HPOS="3300" VPOS="1295" WIDTH="46"/>
						<String ID="P49_ST00103" HPOS="3346" VPOS="1231" WIDTH="73" HEIGHT="46" CONTENT="ce" WC="1.00" CC="00"/>
					</TextLine>
					<TextLine ID="P49_TL00010" HPOS="564" VPOS="1304" WIDTH="2388" HEIGHT="83">
						<String ID="P49_ST00104" HPOS="564" VPOS="1322" WIDTH="132" HEIGHT="61" CONTENT="que" WC="0.99" CC="020"/>
						<SP ID="P49_SP00095" HPOS="696" VPOS="1383" WIDTH="37"/>
						<String ID="P49_ST00105" HPOS="733" VPOS="1304" WIDTH="95" HEIGHT="61" CONTENT="les" WC="0.99" CC="300"/>
						<SP ID="P49_SP00096" HPOS="828" VPOS="1383" WIDTH="42"/>
						<String ID="P49_ST00106" HPOS="870" VPOS="1305" WIDTH="315" HEIGHT="77" CONTENT="Français" WC="1.00" CC="24030000"/>
						<SP ID="P49_SP00097" HPOS="1185" VPOS="1383" WIDTH="43"/>
						<String ID="P49_ST00107" HPOS="1228" VPOS="1324" WIDTH="81" HEIGHT="42" CONTENT="ne" WC="0.76" CC="40"/>
						<SP ID="P49_SP00098" HPOS="1309" VPOS="1383" WIDTH="39"/>
						<String ID="P49_ST00108" HPOS="1348" VPOS="1305" WIDTH="301" HEIGHT="80" CONTENT="puissent" WC="0.99" CC="06100030"/>
						<SP ID="P49_SP00099" HPOS="1649" VPOS="1385" WIDTH="41"/>
						<String ID="P49_ST00109" HPOS="1690" VPOS="1309" WIDTH="310" HEIGHT="78" CONTENT="produire" WC="0.99" CC="00004450"/>
						<SP ID="P49_SP00100" HPOS="2000" VPOS="1387" WIDTH="42"/>
						<String ID="P49_ST00110" HPOS="2042" VPOS="1309" WIDTH="112" HEIGHT="61" CONTENT="des" WC="1.00" CC="000"/>
						<SP ID="P49_SP00101" HPOS="2154" VPOS="1387" WIDTH="42"/>
						<String ID="P49_ST00111" HPOS="2196" VPOS="1327" WIDTH="263" HEIGHT="43" CONTENT="œuvres" WC="0.99" CC="060400"/>
						<SP ID="P49_SP00102" HPOS="2459" VPOS="1387" WIDTH="42"/>
						<String ID="P49_ST00112" HPOS="2501" VPOS="1309" WIDTH="80" HEIGHT="61" CONTENT="de" WC="1.00" CC="00"/>
						<SP ID="P49_SP00103" HPOS="2581" VPOS="1387" WIDTH="42"/>
						<String ID="P49_ST00113" HPOS="2623" VPOS="1327" WIDTH="71" HEIGHT="43" CONTENT="ce" WC="1.00" CC="00"/>
						<SP ID="P49_SP00104" HPOS="2694" VPOS="1387" WIDTH="39"/>
						<String ID="P49_ST00114" HPOS="2733" VPOS="1324" WIDTH="219" HEIGHT="63" CONTENT="genre." WC="0.99" CC="001500"/>
					</TextLine>
					<TextLine ID="P49_TL00011" HPOS="735" VPOS="1395" WIDTH="2681" HEIGHT="83">
						<String ID="P49_ST00115" HPOS="735" VPOS="1395" WIDTH="169" HEIGHT="61" CONTENT="Mais" WC="1.00" CC="0000"/>
						<SP ID="P49_SP00105" HPOS="904" VPOS="1456" WIDTH="36"/>
						<String ID="P49_ST00116" HPOS="940" VPOS="1395" WIDTH="162" HEIGHT="61" CONTENT="c'est" WC="1.00" CC="00000"/>
						<SP ID="P49_SP00106" HPOS="1102" VPOS="1456" WIDTH="31"/>
						<String ID="P49_ST00117" HPOS="1133" VPOS="1395" WIDTH="61" HEIGHT="61" CONTENT="le" WC="0.90" CC="10"/>
						<SP ID="P49_SP00107" HPOS="1194" VPOS="1456" WIDTH="32"/>
						<String ID="P49_ST00118" HPOS="1226" VPOS="1395" WIDTH="190" HEIGHT="80" CONTENT="génie" WC="1.00" CC="02000"/>
						<SP ID="P49_SP00108" HPOS="1416" VPOS="1475" WIDTH="32"/>
						<String ID="P49_ST00119" HPOS="1448" VPOS="1395" WIDTH="215" HEIGHT="63" CONTENT="même" WC="1.00" CC="0000"/>
						<SP ID="P49_SP00109" HPOS="1663" VPOS="1475" WIDTH="34"/>
						<String ID="P49_ST00120" HPOS="1697" VPOS="1399" WIDTH="79" HEIGHT="59" CONTENT="de" WC="1.00" CC="00"/>
						<SP ID="P49_SP00110" HPOS="1776" VPOS="1475" WIDTH="31"/>
						<String ID="P49_ST00121" HPOS="1807" VPOS="1400" WIDTH="64" HEIGHT="60" CONTENT="la" WC="1.00" CC="00"/>
						<SP ID="P49_SP00111" HPOS="1871" VPOS="1475" WIDTH="36"/>
						<String ID="P49_ST00122" HPOS="1907" VPOS="1400" WIDTH="252" HEIGHT="60" CONTENT="France" WC="0.99" CC="322500"/>
						<SP ID="P49_SP00112" HPOS="2159" VPOS="1475" WIDTH="34"/>
						<String ID="P49_ST00123" HPOS="2193" VPOS="1400" WIDTH="113" HEIGHT="78" CONTENT="qui" WC="0.98" CC="040"/>
						<SP ID="P49_SP00113" HPOS="2306" VPOS="1478" WIDTH="31"/>
						<String ID="P49_ST00124" HPOS="2337" VPOS="1399" WIDTH="90" HEIGHT="62" CONTENT="l'a" WC="0.97" CC="133"/>
						<SP ID="P49_SP00114" HPOS="2427" VPOS="1478" WIDTH="35"/>
						<String ID="P49_ST00125" HPOS="2462" VPOS="1399" WIDTH="346" HEIGHT="79" CONTENT="préservée" WC="0.99" CC="064005030"/>
						<SP ID="P49_SP00115" HPOS="2808" VPOS="1478" WIDTH="35"/>
						<String ID="P49_ST00126" HPOS="2843" VPOS="1399" WIDTH="202" HEIGHT="59" CONTENT="d'une" WC="1.00" CC="00300"/>
						<SP ID="P49_SP00116" HPOS="3045" VPOS="1478" WIDTH="30"/>
						<String ID="P49_ST00127" HPOS="3075" VPOS="1397" WIDTH="158" HEIGHT="61" CONTENT="telle" WC="0.99" CC="00550"/>
						<SP ID="P49_SP00117" HPOS="3233" VPOS="1478" WIDTH="33"/>
						<String ID="P49_ST00128" HPOS="3266" VPOS="1397" WIDTH="113" HEIGHT="61" CONTENT="bar" SUBS_TYPE="HypPart1" SUBS_CONTENT="barbarie," WC="0.97" CC="511"/>
						<HYP HPOS="3379" VPOS="1397" WIDTH="37" CONTENT="-"/>
					</TextLine>
					<TextLine ID="P49_TL00012" HPOS="562" VPOS="1485" WIDTH="2857" HEIGHT="83">
						<String ID="P49_ST00129" HPOS="562" VPOS="1485" WIDTH="207" HEIGHT="74" CONTENT="barie," SUBS_TYPE="HypPart2" SUBS_CONTENT="barbarie," WC="0.99" CC="503002"/>
						<SP ID="P49_SP00118" HPOS="769" VPOS="1559" WIDTH="39"/>
						<String ID="P49_ST00130" HPOS="808" VPOS="1487" WIDTH="162" HEIGHT="61" CONTENT="d'un" WC="0.97" CC="0246"/>
						<SP ID="P49_SP00119" HPOS="970" VPOS="1559" WIDTH="33"/>
						<String ID="P49_ST00131" HPOS="1003" VPOS="1488" WIDTH="91" HEIGHT="61" CONTENT="tel" WC="0.98" CC="005"/>
						<SP ID="P49_SP00120" HPOS="1094" VPOS="1559" WIDTH="32"/>
						<String ID="P49_ST00132" HPOS="1126" VPOS="1492" WIDTH="229" HEIGHT="57" CONTENT="retour" WC="0.99" CC="500035"/>
						<SP ID="P49_SP00121" HPOS="1355" VPOS="1559" WIDTH="32"/>
						<String ID="P49_ST00133" HPOS="1387" VPOS="1507" WIDTH="85" HEIGHT="42" CONTENT="au" WC="0.81" CC="03"/>
						<SP ID="P49_SP00122" HPOS="1472" VPOS="1559" WIDTH="35"/>
						<String ID="P49_ST00134" HPOS="1507" VPOS="1488" WIDTH="208" HEIGHT="80" CONTENT="passé." WC="1.00" CC="002010"/>
						<SP ID="P49_SP00123" HPOS="1715" VPOS="1568" WIDTH="39"/>
						<String ID="P49_ST00135" HPOS="1754" VPOS="1490" WIDTH="93" HEIGHT="61" CONTENT="La" WC="1.00" CC="00"/>
						<SP ID="P49_SP00124" HPOS="1847" VPOS="1568" WIDTH="36"/>
						<String ID="P49_ST00136" HPOS="1883" VPOS="1492" WIDTH="254" HEIGHT="61" CONTENT="France" WC="1.00" CC="000600"/>
						<SP ID="P49_SP00125" HPOS="2137" VPOS="1568" WIDTH="31"/>
						<String ID="P49_ST00137" HPOS="2168" VPOS="1492" WIDTH="160" HEIGHT="61" CONTENT="s'est" WC="1.00" CC="00100"/>
						<SP ID="P49_SP00126" HPOS="2328" VPOS="1568" WIDTH="34"/>
						<String ID="P49_ST00138" HPOS="2362" VPOS="1490" WIDTH="330" HEIGHT="63" CONTENT="défendue" WC="0.99" CC="00704050"/>
						<SP ID="P49_SP00127" HPOS="2692" VPOS="1568" WIDTH="34"/>
						<String ID="P49_ST00139" HPOS="2726" VPOS="1509" WIDTH="165" HEIGHT="42" CONTENT="avec" WC="0.98" CC="9000"/>
						<SP ID="P49_SP00128" HPOS="2891" VPOS="1568" WIDTH="32"/>
						<String ID="P49_ST00140" HPOS="2923" VPOS="1492" WIDTH="227" HEIGHT="59" CONTENT="succès" WC="0.99" CC="070080"/>
						<SP ID="P49_SP00129" HPOS="3150" VPOS="1568" WIDTH="35"/>
						<String ID="P49_ST00141" HPOS="3185" VPOS="1493" WIDTH="234" HEIGHT="58" CONTENT="contre" WC="0.99" CC="005012"/>
					</TextLine>
					<TextLine ID="P49_TL00013" HPOS="569" VPOS="1578" WIDTH="596" HEIGHT="63">
						<String ID="P49_ST00142" HPOS="569" VPOS="1580" WIDTH="81" HEIGHT="61" CONTENT="de" WC="0.79" CC="04"/>
						<SP ID="P49_SP00130" HPOS="650" VPOS="1641" WIDTH="48"/>
						<String ID="P49_ST00143" HPOS="698" VPOS="1580" WIDTH="127" HEIGHT="61" CONTENT="tels" WC="0.98" CC="0052"/>
						<SP ID="P49_SP00131" HPOS="825" VPOS="1641" WIDTH="49"/>
						<String ID="P49_ST00144" HPOS="874" VPOS="1578" WIDTH="291" HEIGHT="63" CONTENT="traitres." WC="0.89" CC="030005000"/>
					</TextLine>
					<TextLine ID="P49_TL00014" HPOS="738" VPOS="1670" WIDTH="2678" HEIGHT="82">
						<String ID="P49_ST00145" HPOS="738" VPOS="1670" WIDTH="315" HEIGHT="60" CONTENT="L'œuvre" WC="1.00" CC="0002040"/>
						<SP ID="P49_SP00132" HPOS="1053" VPOS="1730" WIDTH="46"/>
						<String ID="P49_ST00146" HPOS="1099" VPOS="1670" WIDTH="269" HEIGHT="79" CONTENT="d'usage" WC="1.00" CC="0041000"/>
						<SP ID="P49_SP00133" HPOS="1368" VPOS="1749" WIDTH="44"/>
						<String ID="P49_ST00147" HPOS="1412" VPOS="1675" WIDTH="281" HEIGHT="57" CONTENT="courant" WC="0.99" CC="0264060"/>
						<SP ID="P49_SP00134" HPOS="1693" VPOS="1749" WIDTH="43"/>
						<String ID="P49_ST00148" HPOS="1736" VPOS="1676" WIDTH="133" HEIGHT="56" CONTENT="sert" WC="0.99" CC="0060"/>
						<SP ID="P49_SP00135" HPOS="1869" VPOS="1749" WIDTH="41"/>
						<String ID="P49_ST00149" HPOS="1910" VPOS="1673" WIDTH="58" HEIGHT="59" CONTENT="le" WC="0.82" CC="30"/>
						<SP ID="P49_SP00136" HPOS="1968" VPOS="1749" WIDTH="45"/>
						<String ID="P49_ST00150" HPOS="2013" VPOS="1673" WIDTH="287" HEIGHT="79" CONTENT="présent," WC="0.99" CC="54300800"/>
						<SP ID="P49_SP00137" HPOS="2300" VPOS="1752" WIDTH="45"/>
						<String ID="P49_ST00151" HPOS="2345" VPOS="1673" WIDTH="281" HEIGHT="61" CONTENT="l'œuvre" WC="0.99" CC="6005040"/>
						<SP ID="P49_SP00138" HPOS="2626" VPOS="1752" WIDTH="44"/>
						<String ID="P49_ST00152" HPOS="2670" VPOS="1673" WIDTH="177" HEIGHT="61" CONTENT="d'art" WC="0.99" CC="00050"/>
						<SP ID="P49_SP00139" HPOS="2847" VPOS="1752" WIDTH="44"/>
						<String ID="P49_ST00153" HPOS="2891" VPOS="1675" WIDTH="101" HEIGHT="57" CONTENT="est" WC="1.00" CC="000"/>
						<SP ID="P49_SP00140" HPOS="2992" VPOS="1752" WIDTH="44"/>
						<String ID="P49_ST00154" HPOS="3036" VPOS="1670" WIDTH="298" HEIGHT="62" CONTENT="destinée" WC="0.99" CC="00004530"/>
						<SP ID="P49_SP00141" HPOS="3334" VPOS="1752" WIDTH="44"/>
						<String ID="P49_ST00155" HPOS="3378" VPOS="1670" WIDTH="38" HEIGHT="62" CONTENT="à" WC="0.34" CC="6"/>
					</TextLine>
					<TextLine ID="P49_TL00015" HPOS="564" VPOS="1761" WIDTH="2852" HEIGHT="83">
						<String ID="P49_ST00156" HPOS="564" VPOS="1761" WIDTH="303" HEIGHT="63" CONTENT="l'avenir." WC="0.99" CC="400003060"/>
						<SP ID="P49_SP00142" HPOS="867" VPOS="1824" WIDTH="34"/>
						<String ID="P49_ST00157" HPOS="901" VPOS="1763" WIDTH="52" HEIGHT="59" CONTENT="Il" WC="0.71" CC="22"/>
						<SP ID="P49_SP00143" HPOS="953" VPOS="1824" WIDTH="39"/>
						<String ID="P49_ST00158" HPOS="992" VPOS="1761" WIDTH="151" HEIGHT="63" CONTENT="faut" WC="0.99" CC="3000"/>
						<SP ID="P49_SP00144" HPOS="1143" VPOS="1824" WIDTH="24"/>
						<String ID="P49_ST00159" HPOS="1167" VPOS="1781" WIDTH="128" HEIGHT="61" CONTENT="que" WC="0.99" CC="030"/>
						<SP ID="P49_SP00145" HPOS="1295" VPOS="1842" WIDTH="36"/>
						<String ID="P49_ST00160" HPOS="1331" VPOS="1763" WIDTH="239" HEIGHT="79" CONTENT="l'objet" WC="1.00" CC="0304000"/>
						<SP ID="P49_SP00146" HPOS="1570" VPOS="1842" WIDTH="39"/>
						<String ID="P49_ST00161" HPOS="1609" VPOS="1764" WIDTH="271" HEIGHT="80" CONTENT="d'usage" WC="0.99" CC="0040082"/>
						<SP ID="P49_SP00147" HPOS="1880" VPOS="1844" WIDTH="39"/>
						<String ID="P49_ST00162" HPOS="1919" VPOS="1769" WIDTH="279" HEIGHT="56" CONTENT="courant" WC="0.99" CC="0066610"/>
						<SP ID="P49_SP00148" HPOS="2198" VPOS="1844" WIDTH="39"/>
						<String ID="P49_ST00163" HPOS="2237" VPOS="1764" WIDTH="220" HEIGHT="80" CONTENT="puisse" WC="1.00" CC="040000"/>
						<SP ID="P49_SP00149" HPOS="2457" VPOS="1844" WIDTH="39"/>
						<String ID="P49_ST00164" HPOS="2496" VPOS="1764" WIDTH="235" HEIGHT="80" CONTENT="perdre" WC="0.99" CC="004050"/>
						<SP ID="P49_SP00150" HPOS="2731" VPOS="1844" WIDTH="43"/>
						<String ID="P49_ST00165" HPOS="2774" VPOS="1763" WIDTH="79" HEIGHT="62" CONTENT="de" WC="1.00" CC="00"/>
						<SP ID="P49_SP00151" HPOS="2853" VPOS="1844" WIDTH="39"/>
						<String ID="P49_ST00166" HPOS="2892" VPOS="1781" WIDTH="71" HEIGHT="44" CONTENT="sa" WC="0.69" CC="06"/>
						<SP ID="P49_SP00152" HPOS="2963" VPOS="1844" WIDTH="41"/>
						<String ID="P49_ST00167" HPOS="3004" VPOS="1764" WIDTH="232" HEIGHT="60" CONTENT="valeur" WC="0.99" CC="002054"/>
						<SP ID="P49_SP00153" HPOS="3236" VPOS="1844" WIDTH="39"/>
						<String ID="P49_ST00168" HPOS="3275" VPOS="1763" WIDTH="141" HEIGHT="61" CONTENT="afin" WC="0.98" CC="0604"/>
					</TextLine>
					<TextLine ID="P49_TL00016" HPOS="569" VPOS="1854" WIDTH="1129" HEIGHT="80">
						<String ID="P49_ST00169" HPOS="569" VPOS="1854" WIDTH="80" HEIGHT="61" CONTENT="de" WC="1.00" CC="00"/>
						<SP ID="P49_SP00154" HPOS="649" VPOS="1915" WIDTH="45"/>
						<String ID="P49_ST00170" HPOS="694" VPOS="1854" WIDTH="170" HEIGHT="61" CONTENT="faire" WC="0.99" CC="40040"/>
						<SP ID="P49_SP00155" HPOS="864" VPOS="1915" WIDTH="45"/>
						<String ID="P49_ST00171" HPOS="909" VPOS="1854" WIDTH="190" HEIGHT="80" CONTENT="place" WC="0.99" CC="04100"/>
						<SP ID="P49_SP00156" HPOS="1099" VPOS="1934" WIDTH="46"/>
						<String ID="P49_ST00172" HPOS="1145" VPOS="1854" WIDTH="37" HEIGHT="61" CONTENT="à" WC="0.85" CC="1"/>
						<SP ID="P49_SP00157" HPOS="1182" VPOS="1934" WIDTH="51"/>
						<String ID="P49_ST00173" HPOS="1233" VPOS="1854" WIDTH="88" HEIGHT="59" CONTENT="du" WC="0.73" CC="05"/>
						<SP ID="P49_SP00158" HPOS="1321" VPOS="1934" WIDTH="49"/>
						<String ID="P49_ST00174" HPOS="1370" VPOS="1873" WIDTH="328" HEIGHT="44" CONTENT="nouveau." WC="1.00" CC="00500040"/>
					</TextLine>
					<TextLine ID="P49_TL00017" HPOS="738" VPOS="1944" WIDTH="2678" HEIGHT="83">
						<String ID="P49_ST00175" HPOS="738" VPOS="1946" WIDTH="99" HEIGHT="60" CONTENT="La" WC="1.00" CC="00"/>
						<SP ID="P49_SP00159" HPOS="837" VPOS="2006" WIDTH="44"/>
						<String ID="P49_ST00176" HPOS="881" VPOS="1944" WIDTH="215" HEIGHT="61" CONTENT="forme" WC="0.99" CC="30500"/>
						<SP ID="P49_SP00160" HPOS="1096" VPOS="2006" WIDTH="47"/>
						<String ID="P49_ST00177" HPOS="1143" VPOS="1946" WIDTH="159" HEIGHT="59" CONTENT="d'un" WC="0.98" CC="0045"/>
						<SP ID="P49_SP00161" HPOS="1302" VPOS="2006" WIDTH="49"/>
						<String ID="P49_ST00178" HPOS="1351" VPOS="1946" WIDTH="414" HEIGHT="79" CONTENT="quelconque" WC="0.99" CC="0406006030"/>
						<SP ID="P49_SP00162" HPOS="1765" VPOS="2025" WIDTH="47"/>
						<String ID="P49_ST00179" HPOS="1812" VPOS="1946" WIDTH="184" HEIGHT="79" CONTENT="objet" WC="0.98" CC="07700"/>
						<SP ID="P49_SP00163" HPOS="1996" VPOS="2025" WIDTH="26"/>
						<String ID="P49_ST00180" HPOS="2022" VPOS="1947" WIDTH="267" HEIGHT="80" CONTENT="d'usage" WC="0.99" CC="0040701"/>
						<SP ID="P49_SP00164" HPOS="2289" VPOS="2027" WIDTH="26"/>
						<String ID="P49_ST00181" HPOS="2315" VPOS="1949" WIDTH="283" HEIGHT="59" CONTENT="courant" WC="0.99" CC="0030140"/>
						<SP ID="P49_SP00165" HPOS="2598" VPOS="2027" WIDTH="49"/>
						<String ID="P49_ST00182" HPOS="2647" VPOS="1946" WIDTH="181" HEIGHT="72" CONTENT="dure," WC="0.99" CC="01403"/>
						<SP ID="P49_SP00166" HPOS="2828" VPOS="2027" WIDTH="47"/>
						<String ID="P49_ST00183" HPOS="2875" VPOS="1944" WIDTH="410" HEIGHT="62" CONTENT="c'est-à-dire" WC="1.00" CC="000000500390"/>
						<SP ID="P49_SP00167" HPOS="3285" VPOS="2027" WIDTH="48"/>
						<String ID="P49_ST00184" HPOS="3333" VPOS="1962" WIDTH="83" HEIGHT="43" CONTENT="ne" WC="0.65" CC="70"/>
					</TextLine>
					<TextLine ID="P49_TL00018" HPOS="569" VPOS="2037" WIDTH="2841" HEIGHT="80">
						<String ID="P49_ST00185" HPOS="569" VPOS="2037" WIDTH="257" HEIGHT="80" CONTENT="déplaît" WC="0.99" CC="0405500"/>
						<SP ID="P49_SP00168" HPOS="826" VPOS="2117" WIDTH="39"/>
						<String ID="P49_ST00186" HPOS="865" VPOS="2056" WIDTH="119" HEIGHT="61" CONTENT="pas" WC="1.00" CC="000"/>
						<SP ID="P49_SP00169" HPOS="984" VPOS="2117" WIDTH="41"/>
						<String ID="P49_ST00187" HPOS="1025" VPOS="2037" WIDTH="37" HEIGHT="61" CONTENT="à" WC="1.00" CC="0"/>
						<SP ID="P49_SP00170" HPOS="1062" VPOS="2117" WIDTH="37"/>
						<String ID="P49_ST00188" HPOS="1099" VPOS="2037" WIDTH="64" HEIGHT="61" CONTENT="la" WC="0.90" CC="20"/>
						<SP ID="P49_SP00171" HPOS="1163" VPOS="2117" WIDTH="39"/>
						<String ID="P49_ST00189" HPOS="1202" VPOS="2056" WIDTH="149" HEIGHT="52" CONTENT="vue," WC="0.99" CC="0301"/>
						<SP ID="P49_SP00172" HPOS="1351" VPOS="2117" WIDTH="44"/>
						<String ID="P49_ST00190" HPOS="1395" VPOS="2056" WIDTH="85" HEIGHT="40" CONTENT="ou" WC="0.61" CC="07"/>
						<SP ID="P49_SP00173" HPOS="1480" VPOS="2117" WIDTH="39"/>
						<String ID="P49_ST00191" HPOS="1519" VPOS="2056" WIDTH="256" HEIGHT="42" CONTENT="comme" WC="1.00" CC="00000"/>
						<SP ID="P49_SP00174" HPOS="1775" VPOS="2117" WIDTH="40"/>
						<String ID="P49_ST00192" HPOS="1815" VPOS="2039" WIDTH="217" HEIGHT="61" CONTENT="disent" WC="0.99" CC="000060"/>
						<SP ID="P49_SP00175" HPOS="2032" VPOS="2117" WIDTH="36"/>
						<String ID="P49_ST00193" HPOS="2068" VPOS="2039" WIDTH="93" HEIGHT="59" CONTENT="les" WC="0.98" CC="401"/>
						<SP ID="P49_SP00176" HPOS="2161" VPOS="2117" WIDTH="39"/>
						<String ID="P49_ST00194" HPOS="2200" VPOS="2040" WIDTH="320" HEIGHT="70" CONTENT="hommes," WC="0.99" CC="5000050"/>
						<SP ID="P49_SP00177" HPOS="2520" VPOS="2117" WIDTH="44"/>
						<String ID="P49_ST00195" HPOS="2564" VPOS="2057" WIDTH="81" HEIGHT="41" CONTENT="ne" WC="0.81" CC="30"/>
						<SP ID="P49_SP00178" HPOS="2645" VPOS="2117" WIDTH="37"/>
						<String ID="P49_ST00196" HPOS="2682" VPOS="2056" WIDTH="193" HEIGHT="61" CONTENT="passe" WC="1.00" CC="00020"/>
						<SP ID="P49_SP00179" HPOS="2875" VPOS="2117" WIDTH="39"/>
						<String ID="P49_ST00197" HPOS="2914" VPOS="2056" WIDTH="119" HEIGHT="61" CONTENT="pas" WC="1.00" CC="000"/>
						<SP ID="P49_SP00180" HPOS="3033" VPOS="2117" WIDTH="40"/>
						<String ID="P49_ST00198" HPOS="3073" VPOS="2037" WIDTH="80" HEIGHT="61" CONTENT="de" WC="1.00" CC="00"/>
						<SP ID="P49_SP00181" HPOS="3153" VPOS="2117" WIDTH="41"/>
						<String ID="P49_ST00199" HPOS="3194" VPOS="2037" WIDTH="216" HEIGHT="71" CONTENT="mode," WC="1.00" CC="00003"/>
					</TextLine>
					<TextLine ID="P49_TL00019" HPOS="566" VPOS="2127" WIDTH="2511" HEIGHT="81">
						<String ID="P49_ST00200" HPOS="566" VPOS="2128" WIDTH="181" HEIGHT="61" CONTENT="aussi" WC="0.99" CC="04000"/>
						<SP ID="P49_SP00182" HPOS="747" VPOS="2189" WIDTH="44"/>
						<String ID="P49_ST00201" HPOS="791" VPOS="2128" WIDTH="384" HEIGHT="80" CONTENT="longtemps" WC="1.00" CC="301000000"/>
						<SP ID="P49_SP00183" HPOS="1175" VPOS="2208" WIDTH="49"/>
						<String ID="P49_ST00202" HPOS="1224" VPOS="2147" WIDTH="129" HEIGHT="59" CONTENT="que" WC="0.99" CC="010"/>
						<SP ID="P49_SP00184" HPOS="1353" VPOS="2208" WIDTH="47"/>
						<String ID="P49_ST00203" HPOS="1400" VPOS="2127" WIDTH="163" HEIGHT="61" CONTENT="dure" WC="0.98" CC="0360"/>
						<SP ID="P49_SP00185" HPOS="1563" VPOS="2208" WIDTH="46"/>
						<String ID="P49_ST00204" HPOS="1609" VPOS="2132" WIDTH="105" HEIGHT="57" CONTENT="cet" WC="1.00" CC="000"/>
						<SP ID="P49_SP00186" HPOS="1714" VPOS="2208" WIDTH="47"/>
						<String ID="P49_ST00205" HPOS="1761" VPOS="2128" WIDTH="203" HEIGHT="80" CONTENT="objet." WC="0.99" CC="064000"/>
						<SP ID="P49_SP00187" HPOS="1964" VPOS="2208" WIDTH="55"/>
						<String ID="P49_ST00206" HPOS="2019" VPOS="2128" WIDTH="145" HEIGHT="61" CONTENT="Ceci" WC="0.99" CC="5000"/>
						<SP ID="P49_SP00188" HPOS="2164" VPOS="2208" WIDTH="48"/>
						<String ID="P49_ST00207" HPOS="2212" VPOS="2128" WIDTH="259" HEIGHT="80" CONTENT="chaque" WC="0.99" CC="070050"/>
						<SP ID="P49_SP00189" HPOS="2471" VPOS="2208" WIDTH="47"/>
						<String ID="P49_ST00208" HPOS="2518" VPOS="2128" WIDTH="254" HEIGHT="61" CONTENT="artisan" WC="0.99" CC="0710001"/>
						<SP ID="P49_SP00190" HPOS="2772" VPOS="2208" WIDTH="46"/>
						<String ID="P49_ST00209" HPOS="2818" VPOS="2128" WIDTH="61" HEIGHT="60" CONTENT="le" WC="0.79" CC="40"/>
						<SP ID="P49_SP00191" HPOS="2879" VPOS="2208" WIDTH="47"/>
						<String ID="P49_ST00210" HPOS="2926" VPOS="2127" WIDTH="151" HEIGHT="62" CONTENT="sait." WC="0.98" CC="46002"/>
					</TextLine>
					<TextLine ID="P49_TL00020" HPOS="738" VPOS="2218" WIDTH="2672" HEIGHT="81">
						<String ID="P49_ST00211" HPOS="738" VPOS="2220" WIDTH="93" HEIGHT="61" CONTENT="Le" WC="1.00" CC="00"/>
						<SP ID="P49_SP00192" HPOS="831" VPOS="2281" WIDTH="26"/>
						<String ID="P49_ST00212" HPOS="857" VPOS="2222" WIDTH="266" HEIGHT="61" CONTENT="tailleur" WC="0.99" CC="30005034"/>
						<SP ID="P49_SP00193" HPOS="1123" VPOS="2283" WIDTH="25"/>
						<String ID="P49_ST00213" HPOS="1148" VPOS="2238" WIDTH="168" HEIGHT="61" CONTENT="pour" WC="0.98" CC="0055"/>
						<SP ID="P49_SP00194" HPOS="1316" VPOS="2299" WIDTH="27"/>
						<String ID="P49_ST00214" HPOS="1343" VPOS="2220" WIDTH="225" HEIGHT="61" CONTENT="dames" WC="1.00" CC="02000"/>
						<SP ID="P49_SP00195" HPOS="1568" VPOS="2299" WIDTH="25"/>
						<String ID="P49_ST00215" HPOS="1593" VPOS="2220" WIDTH="273" HEIGHT="61" CONTENT="modifie" WC="1.00" CC="0002000"/>
						<SP ID="P49_SP00196" HPOS="1866" VPOS="2299" WIDTH="24"/>
						<String ID="P49_ST00216" HPOS="1890" VPOS="2240" WIDTH="98" HEIGHT="41" CONTENT="ses" WC="0.98" CC="005"/>
						<SP ID="P49_SP00197" HPOS="1988" VPOS="2299" WIDTH="25"/>
						<String ID="P49_ST00217" HPOS="2013" VPOS="2222" WIDTH="229" HEIGHT="76" CONTENT="façons" WC="0.99" CC="700030"/>
						<SP ID="P49_SP00198" HPOS="2242" VPOS="2299" WIDTH="27"/>
						<String ID="P49_ST00218" HPOS="2269" VPOS="2222" WIDTH="146" HEIGHT="77" CONTENT="plus" WC="0.99" CC="0410"/>
						<SP ID="P49_SP00199" HPOS="2415" VPOS="2299" WIDTH="25"/>
						<String ID="P49_ST00219" HPOS="2440" VPOS="2222" WIDTH="423" HEIGHT="77" CONTENT="rapidement" WC="1.00" CC="4000000070"/>
						<SP ID="P49_SP00200" HPOS="2863" VPOS="2299" WIDTH="26"/>
						<String ID="P49_ST00220" HPOS="2889" VPOS="2238" WIDTH="129" HEIGHT="60" CONTENT="que" WC="0.99" CC="030"/>
						<SP ID="P49_SP00201" HPOS="3018" VPOS="2299" WIDTH="22"/>
						<String ID="P49_ST00221" HPOS="3040" VPOS="2218" WIDTH="370" HEIGHT="61" CONTENT="l'ébéniste." WC="0.99" CC="50441005000"/>
					</TextLine>
					<TextLine ID="P49_TL00021" HPOS="569" VPOS="2310" WIDTH="2848" HEIGHT="81">
						<String ID="P49_ST00222" HPOS="569" VPOS="2311" WIDTH="66" HEIGHT="63" CONTENT="Si" WC="0.92" CC="01"/>
						<SP ID="P49_SP00202" HPOS="635" VPOS="2374" WIDTH="36"/>
						<String ID="P49_ST00223" HPOS="671" VPOS="2311" WIDTH="352" HEIGHT="61" CONTENT="l'ébéniste" WC="0.99" CC="7075380000"/>
						<SP ID="P49_SP00203" HPOS="1023" VPOS="2374" WIDTH="37"/>
						<String ID="P49_ST00224" HPOS="1060" VPOS="2311" WIDTH="354" HEIGHT="80" CONTENT="changeait" WC="0.99" CC="070680030"/>
						<SP ID="P49_SP00204" HPOS="1414" VPOS="2391" WIDTH="36"/>
						<String ID="P49_ST00225" HPOS="1450" VPOS="2311" WIDTH="177" HEIGHT="61" CONTENT="aussi" WC="0.99" CC="04000"/>
						<SP ID="P49_SP00205" HPOS="1627" VPOS="2391" WIDTH="34"/>
						<String ID="P49_ST00226" HPOS="1661" VPOS="2311" WIDTH="418" HEIGHT="80" CONTENT="rapidement" WC="0.99" CC="6505000080"/>
						<SP ID="P49_SP00206" HPOS="2079" VPOS="2391" WIDTH="36"/>
						<String ID="P49_ST00227" HPOS="2115" VPOS="2330" WIDTH="100" HEIGHT="42" CONTENT="ses" WC="1.00" CC="001"/>
						<SP ID="P49_SP00207" HPOS="2215" VPOS="2391" WIDTH="35"/>
						<String ID="P49_ST00228" HPOS="2250" VPOS="2311" WIDTH="244" HEIGHT="61" CONTENT="formes" WC="0.99" CC="505000"/>
						<SP ID="P49_SP00208" HPOS="2494" VPOS="2391" WIDTH="39"/>
						<String ID="P49_ST00229" HPOS="2533" VPOS="2330" WIDTH="129" HEIGHT="61" CONTENT="que" WC="0.97" CC="061"/>
						<SP ID="P49_SP00209" HPOS="2662" VPOS="2391" WIDTH="34"/>
						<String ID="P49_ST00230" HPOS="2696" VPOS="2311" WIDTH="61" HEIGHT="61" CONTENT="le" WC="1.00" CC="00"/>
						<SP ID="P49_SP00210" HPOS="2757" VPOS="2391" WIDTH="34"/>
						<String ID="P49_ST00231" HPOS="2791" VPOS="2311" WIDTH="288" HEIGHT="71" CONTENT="tailleur," WC="0.99" CC="054620451"/>
						<SP ID="P49_SP00211" HPOS="3079" VPOS="2391" WIDTH="40"/>
						<String ID="P49_ST00232" HPOS="3119" VPOS="2310" WIDTH="53" HEIGHT="61" CONTENT="si" WC="0.86" CC="20"/>
						<SP ID="P49_SP00212" HPOS="3172" VPOS="2391" WIDTH="39"/>
						<String ID="P49_ST00233" HPOS="3211" VPOS="2330" WIDTH="84" HEIGHT="41" CONTENT="on" WC="1.00" CC="00"/>
						<SP ID="P49_SP00213" HPOS="3295" VPOS="2391" WIDTH="39"/>
						<String ID="P49_ST00234" HPOS="3334" VPOS="2328" WIDTH="83" HEIGHT="43" CONTENT="ne" WC="0.68" CC="41"/>
					</TextLine>
					<TextLine ID="P49_TL00022" HPOS="564" VPOS="2401" WIDTH="2855" HEIGHT="83">
						<String ID="P49_ST00235" HPOS="564" VPOS="2403" WIDTH="288" HEIGHT="81" CONTENT="pouvait" WC="1.00" CC="0060010"/>
						<SP ID="P49_SP00214" HPOS="852" VPOS="2484" WIDTH="25"/>
						<String ID="P49_ST00236" HPOS="877" VPOS="2403" WIDTH="256" HEIGHT="61" CONTENT="utiliser" WC="0.99" CC="00062305"/>
						<SP ID="P49_SP00215" HPOS="1133" VPOS="2484" WIDTH="22"/>
						<String ID="P49_ST00237" HPOS="1155" VPOS="2403" WIDTH="317" HEIGHT="79" CONTENT="jusqu'au" WC="0.99" CC="44006204"/>
						<SP ID="P49_SP00216" HPOS="1472" VPOS="2484" WIDTH="13"/>
						<String ID="P49_ST00238" HPOS="1485" VPOS="2403" WIDTH="169" HEIGHT="61" CONTENT="bout" WC="0.98" CC="7030"/>
						<SP ID="P49_SP00217" HPOS="1654" VPOS="2484" WIDTH="21"/>
						<String ID="P49_ST00239" HPOS="1675" VPOS="2403" WIDTH="279" HEIGHT="61" CONTENT="l'œuvre" WC="0.99" CC="1006050"/>
						<SP ID="P49_SP00218" HPOS="1954" VPOS="2484" WIDTH="27"/>
						<String ID="P49_ST00240" HPOS="1981" VPOS="2403" WIDTH="78" HEIGHT="61" CONTENT="de" WC="0.89" CC="02"/>
						<SP ID="P49_SP00219" HPOS="2059" VPOS="2484" WIDTH="22"/>
						<String ID="P49_ST00241" HPOS="2081" VPOS="2403" WIDTH="429" HEIGHT="71" CONTENT="l'ébéniste,si" WC="1.00" CC="6016523000210"/>
						<SP ID="P49_SP00220" HPOS="2510" VPOS="2484" WIDTH="25"/>
						<String ID="P49_ST00242" HPOS="2535" VPOS="2420" WIDTH="169" HEIGHT="62" CONTENT="pour" WC="0.97" CC="9130"/>
						<SP ID="P49_SP00221" HPOS="2704" VPOS="2484" WIDTH="27"/>
						<String ID="P49_ST00243" HPOS="2731" VPOS="2401" WIDTH="112" HEIGHT="61" CONTENT="des" WC="1.00" CC="000"/>
						<SP ID="P49_SP00222" HPOS="2843" VPOS="2484" WIDTH="26"/>
						<String ID="P49_ST00244" HPOS="2869" VPOS="2401" WIDTH="255" HEIGHT="61" CONTENT="raisons" WC="0.99" CC="0002060"/>
						<SP ID="P49_SP00223" HPOS="3124" VPOS="2484" WIDTH="29"/>
						<String ID="P49_ST00245" HPOS="3153" VPOS="2401" WIDTH="266" HEIGHT="61" CONTENT="d'ordre" WC="0.99" CC="0005054"/>
					</TextLine>
					<TextLine ID="P49_TL00023" HPOS="567" VPOS="2492" WIDTH="2850" HEIGHT="83">
						<String ID="P49_ST00246" HPOS="567" VPOS="2494" WIDTH="385" HEIGHT="81" CONTENT="esthétique" WC="1.00" CC="0004201040"/>
						<SP ID="P49_SP00224" HPOS="952" VPOS="2575" WIDTH="51"/>
						<String ID="P49_ST00247" HPOS="1003" VPOS="2514" WIDTH="86" HEIGHT="41" CONTENT="on" WC="0.80" CC="40"/>
						<SP ID="P49_SP00225" HPOS="1089" VPOS="2575" WIDTH="52"/>
						<String ID="P49_ST00248" HPOS="1141" VPOS="2494" WIDTH="231" HEIGHT="61" CONTENT="devait" WC="1.00" CC="000400"/>
						<SP ID="P49_SP00226" HPOS="1372" VPOS="2575" WIDTH="45"/>
						<String ID="P49_ST00249" HPOS="1417" VPOS="2494" WIDTH="315" HEIGHT="63" CONTENT="l'enlever" WC="1.00" CC="100250000"/>
						<SP ID="P49_SP00227" HPOS="1732" VPOS="2575" WIDTH="51"/>
						<String ID="P49_ST00250" HPOS="1783" VPOS="2494" WIDTH="80" HEIGHT="61" CONTENT="de" WC="1.00" CC="00"/>
						<SP ID="P49_SP00228" HPOS="1863" VPOS="2575" WIDTH="51"/>
						<String ID="P49_ST00251" HPOS="1914" VPOS="2513" WIDTH="118" HEIGHT="42" CONTENT="nos" WC="0.99" CC="300"/>
						<SP ID="P49_SP00229" HPOS="2032" VPOS="2575" WIDTH="51"/>
						<String ID="P49_ST00252" HPOS="2083" VPOS="2498" WIDTH="525" HEIGHT="76" CONTENT="appartements," WC="1.00" CC="4000000006202"/>
						<SP ID="P49_SP00230" HPOS="2608" VPOS="2575" WIDTH="52"/>
						<String ID="P49_ST00253" HPOS="2660" VPOS="2494" WIDTH="95" HEIGHT="59" CONTENT="les" WC="0.97" CC="502"/>
						<SP ID="P49_SP00231" HPOS="2755" VPOS="2575" WIDTH="51"/>
						<String ID="P49_ST00254" HPOS="2806" VPOS="2492" WIDTH="381" HEIGHT="61" CONTENT="matériaux" WC="1.00" CC="000110050"/>
						<SP ID="P49_SP00232" HPOS="3187" VPOS="2575" WIDTH="51"/>
						<String ID="P49_ST00255" HPOS="3238" VPOS="2496" WIDTH="67" HEIGHT="57" CONTENT="et" WC="1.00" CC="00"/>
						<SP ID="P49_SP00233" HPOS="3305" VPOS="2575" WIDTH="50"/>
						<String ID="P49_ST00256" HPOS="3355" VPOS="2492" WIDTH="62" HEIGHT="60" CONTENT="le" WC="1.00" CC="00"/>
					</TextLine>
					<TextLine ID="P49_TL00024" HPOS="566" VPOS="2584" WIDTH="2850" HEIGHT="81">
						<String ID="P49_ST00257" HPOS="566" VPOS="2587" WIDTH="249" HEIGHT="63" CONTENT="travail" WC="1.00" CC="0400011"/>
						<SP ID="P49_SP00234" HPOS="815" VPOS="2650" WIDTH="47"/>
						<String ID="P49_ST00258" HPOS="862" VPOS="2586" WIDTH="291" HEIGHT="62" CONTENT="seraient" WC="0.99" CC="00504060"/>
						<SP ID="P49_SP00235" HPOS="1153" VPOS="2650" WIDTH="46"/>
						<String ID="P49_ST00259" HPOS="1199" VPOS="2586" WIDTH="264" HEIGHT="79" CONTENT="perdus." WC="0.99" CC="0060502"/>
						<SP ID="P49_SP00236" HPOS="1463" VPOS="2665" WIDTH="51"/>
						<String ID="P49_ST00260" HPOS="1514" VPOS="2586" WIDTH="184" HEIGHT="61" CONTENT="Nous" WC="0.99" CC="0050"/>
						<SP ID="P49_SP00237" HPOS="1698" VPOS="2665" WIDTH="48"/>
						<String ID="P49_ST00261" HPOS="1746" VPOS="2604" WIDTH="305" HEIGHT="60" CONTENT="pouvons" WC="0.99" CC="0140050"/>
						<SP ID="P49_SP00238" HPOS="2051" VPOS="2665" WIDTH="49"/>
						<String ID="P49_ST00262" HPOS="2100" VPOS="2586" WIDTH="112" HEIGHT="59" CONTENT="dès" WC="1.00" CC="000"/>
						<SP ID="P49_SP00239" HPOS="2212" VPOS="2665" WIDTH="47"/>
						<String ID="P49_ST00263" HPOS="2259" VPOS="2584" WIDTH="432" HEIGHT="80" CONTENT="aujourd'hui" WC="0.99" CC="02415600640"/>
						<SP ID="P49_SP00240" HPOS="2691" VPOS="2665" WIDTH="44"/>
						<String ID="P49_ST00264" HPOS="2735" VPOS="2584" WIDTH="167" HEIGHT="61" CONTENT="faire" WC="0.99" CC="70020"/>
						<SP ID="P49_SP00241" HPOS="2902" VPOS="2665" WIDTH="48"/>
						<String ID="P49_ST00265" HPOS="2950" VPOS="2584" WIDTH="298" HEIGHT="59" CONTENT="chauffer" WC="0.99" CC="03907104"/>
						<SP ID="P49_SP00242" HPOS="3248" VPOS="2665" WIDTH="47"/>
						<String ID="P49_ST00266" HPOS="3295" VPOS="2601" WIDTH="121" HEIGHT="42" CONTENT="nos" WC="1.00" CC="000"/>
					</TextLine>
					<TextLine ID="P49_TL00025" HPOS="567" VPOS="2672" WIDTH="2849" HEIGHT="81">
						<String ID="P49_ST00267" HPOS="567" VPOS="2677" WIDTH="378" HEIGHT="63" CONTENT="cheminées" WC="1.00" CC="020040000"/>
						<SP ID="P49_SP00243" HPOS="945" VPOS="2740" WIDTH="34"/>
						<String ID="P49_ST00268" HPOS="979" VPOS="2696" WIDTH="164" HEIGHT="42" CONTENT="avec" WC="1.00" CC="0000"/>
						<SP ID="P49_SP00244" HPOS="1143" VPOS="2740" WIDTH="29"/>
						<String ID="P49_ST00269" HPOS="1172" VPOS="2677" WIDTH="95" HEIGHT="61" CONTENT="les" WC="1.00" CC="000"/>
						<SP ID="P49_SP00245" HPOS="1267" VPOS="2740" WIDTH="35"/>
						<String ID="P49_ST00270" HPOS="1302" VPOS="2696" WIDTH="259" HEIGHT="42" CONTENT="œuvres" WC="0.99" CC="040200"/>
						<SP ID="P49_SP00246" HPOS="1561" VPOS="2740" WIDTH="38"/>
						<String ID="P49_ST00271" HPOS="1599" VPOS="2675" WIDTH="79" HEIGHT="61" CONTENT="de" WC="1.00" CC="00"/>
						<SP ID="P49_SP00247" HPOS="1678" VPOS="2740" WIDTH="32"/>
						<String ID="P49_ST00272" HPOS="1710" VPOS="2675" WIDTH="268" HEIGHT="61" CONTENT="Plumet" WC="1.00" CC="050000"/>
						<SP ID="P49_SP00248" HPOS="1978" VPOS="2740" WIDTH="32"/>
						<String ID="P49_ST00273" HPOS="2010" VPOS="2679" WIDTH="66" HEIGHT="57" CONTENT="et" WC="0.86" CC="02"/>
						<SP ID="P49_SP00249" HPOS="2076" VPOS="2740" WIDTH="36"/>
						<String ID="P49_ST00274" HPOS="2112" VPOS="2675" WIDTH="79" HEIGHT="61" CONTENT="de" WC="1.00" CC="00"/>
						<SP ID="P49_SP00250" HPOS="2191" VPOS="2740" WIDTH="36"/>
						<String ID="P49_ST00275" HPOS="2227" VPOS="2674" WIDTH="481" HEIGHT="62" CONTENT="Selmersheim." WC="0.94" CC="000006000000"/>
						<SP ID="P49_SP00251" HPOS="2708" VPOS="2740" WIDTH="37"/>
						<String ID="P49_ST00276" HPOS="2745" VPOS="2674" WIDTH="95" HEIGHT="61" CONTENT="La" WC="1.00" CC="00"/>
						<SP ID="P49_SP00252" HPOS="2840" VPOS="2740" WIDTH="35"/>
						<String ID="P49_ST00277" HPOS="2875" VPOS="2674" WIDTH="314" HEIGHT="79" CONTENT="politesse" WC="1.00" CC="006030010"/>
						<SP ID="P49_SP00253" HPOS="3189" VPOS="2753" WIDTH="32"/>
						<String ID="P49_ST00278" HPOS="3221" VPOS="2672" WIDTH="156" HEIGHT="61" CONTENT="m'in" SUBS_TYPE="HypPart1" SUBS_CONTENT="m'interdit" WC="1.00" CC="0003"/>
						<HYP HPOS="3377" VPOS="2672" WIDTH="39" CONTENT="-"/>
					</TextLine>
					<TextLine ID="P49_TL00026" HPOS="566" VPOS="2763" WIDTH="2851" HEIGHT="83">
						<String ID="P49_ST00279" HPOS="566" VPOS="2770" WIDTH="213" HEIGHT="61" CONTENT="terdit" SUBS_TYPE="HypPart2" SUBS_CONTENT="m'interdit" WC="1.00" CC="002000"/>
						<SP ID="P49_SP00254" HPOS="779" VPOS="2831" WIDTH="32"/>
						<String ID="P49_ST00280" HPOS="811" VPOS="2770" WIDTH="81" HEIGHT="59" CONTENT="de" WC="1.00" CC="00"/>
						<SP ID="P49_SP00255" HPOS="892" VPOS="2831" WIDTH="31"/>
						<String ID="P49_ST00281" HPOS="923" VPOS="2787" WIDTH="301" HEIGHT="42" CONTENT="nommer" WC="0.99" CC="400003"/>
						<SP ID="P49_SP00256" HPOS="1224" VPOS="2831" WIDTH="27"/>
						<String ID="P49_ST00282" HPOS="1251" VPOS="2768" WIDTH="94" HEIGHT="61" CONTENT="les" WC="0.97" CC="600"/>
						<SP ID="P49_SP00257" HPOS="1345" VPOS="2831" WIDTH="32"/>
						<String ID="P49_ST00283" HPOS="1377" VPOS="2791" WIDTH="25" HEIGHT="33" CONTENT="«" WC="1.00" CC="0"/>
						<SP ID="P49_SP00258" HPOS="1402" VPOS="2831" WIDTH="29"/>
						<String ID="P49_ST00284" HPOS="1431" VPOS="2768" WIDTH="266" HEIGHT="61" CONTENT="artistes" WC="1.00" CC="00202000"/>
						<SP ID="P49_SP00259" HPOS="1697" VPOS="2831" WIDTH="32"/>
						<String ID="P49_ST00285" HPOS="1729" VPOS="2791" WIDTH="24" HEIGHT="32" CONTENT="»" WC="1.00" CC="0"/>
						<SP ID="P49_SP00260" HPOS="1753" VPOS="2831" WIDTH="30"/>
						<String ID="P49_ST00286" HPOS="1783" VPOS="2785" WIDTH="161" HEIGHT="43" CONTENT="avec" WC="1.00" CC="0000"/>
						<SP ID="P49_SP00261" HPOS="1944" VPOS="2831" WIDTH="27"/>
						<String ID="P49_ST00287" HPOS="1971" VPOS="2767" WIDTH="93" HEIGHT="61" CONTENT="les" WC="0.97" CC="501"/>
						<SP ID="P49_SP00262" HPOS="2064" VPOS="2831" WIDTH="34"/>
						<String ID="P49_ST00288" HPOS="2098" VPOS="2785" WIDTH="259" HEIGHT="43" CONTENT="œuvres" WC="1.00" CC="040100"/>
						<SP ID="P49_SP00263" HPOS="2357" VPOS="2831" WIDTH="32"/>
						<String ID="P49_ST00289" HPOS="2389" VPOS="2765" WIDTH="305" HEIGHT="81" CONTENT="desquels" WC="0.99" CC="01005064"/>
						<SP ID="P49_SP00264" HPOS="2694" VPOS="2846" WIDTH="32"/>
						<String ID="P49_ST00290" HPOS="2726" VPOS="2784" WIDTH="166" HEIGHT="42" CONTENT="nous" WC="0.98" CC="1060"/>
						<SP ID="P49_SP00265" HPOS="2892" VPOS="2846" WIDTH="32"/>
						<String ID="P49_ST00291" HPOS="2924" VPOS="2782" WIDTH="166" HEIGHT="42" CONTENT="nous" WC="0.98" CC="6050"/>
						<SP ID="P49_SP00266" HPOS="3090" VPOS="2846" WIDTH="33"/>
						<String ID="P49_ST00292" HPOS="3123" VPOS="2763" WIDTH="258" HEIGHT="63" CONTENT="chauffe" SUBS_TYPE="HypPart1" SUBS_CONTENT="chaufferons" WC="0.98" CC="0206657"/>
						<HYP HPOS="3381" VPOS="2763" WIDTH="36" CONTENT="-"/>
					</TextLine>
					<TextLine ID="P49_TL00027" HPOS="569" VPOS="2860" WIDTH="799" HEIGHT="80">
						<String ID="P49_ST00293" HPOS="569" VPOS="2880" WIDTH="157" HEIGHT="43" CONTENT="rons" SUBS_TYPE="HypPart2" SUBS_CONTENT="chaufferons" WC="0.99" CC="4001"/>
						<SP ID="P49_SP00267" HPOS="726" VPOS="2923" WIDTH="50"/>
						<String ID="P49_ST00294" HPOS="776" VPOS="2862" WIDTH="166" HEIGHT="61" CONTENT="dans" WC="0.99" CC="0400"/>
						<SP ID="P49_SP00268" HPOS="942" VPOS="2923" WIDTH="47"/>
						<String ID="P49_ST00295" HPOS="989" VPOS="2860" WIDTH="195" HEIGHT="80" CONTENT="vingt" WC="0.99" CC="03301"/>
						<SP ID="P49_SP00269" HPOS="1184" VPOS="2940" WIDTH="44"/>
						<String ID="P49_ST00296" HPOS="1228" VPOS="2879" WIDTH="140" HEIGHT="42" CONTENT="ans." WC="0.97" CC="0562"/>
					</TextLine>
					<TextLine ID="P49_TL00028" HPOS="740" VPOS="2945" WIDTH="2676" HEIGHT="89">
						<String ID="P49_ST00297" HPOS="740" VPOS="2953" WIDTH="340" HEIGHT="63" CONTENT="L'artisan" WC="1.00" CC="000005006"/>
						<SP ID="P49_SP00270" HPOS="1080" VPOS="3016" WIDTH="34"/>
						<String ID="P49_ST00298" HPOS="1114" VPOS="2953" WIDTH="114" HEIGHT="81" CONTENT="qui" WC="0.97" CC="081"/>
						<SP ID="P49_SP00271" HPOS="1228" VPOS="3034" WIDTH="35"/>
						<String ID="P49_ST00299" HPOS="1263" VPOS="2951" WIDTH="273" HEIGHT="82" CONTENT="produit" WC="0.99" CC="8200520"/>
						<SP ID="P49_SP00272" HPOS="1536" VPOS="3034" WIDTH="34"/>
						<String ID="P49_ST00300" HPOS="1570" VPOS="2951" WIDTH="112" HEIGHT="61" CONTENT="des" WC="0.97" CC="006"/>
						<SP ID="P49_SP00273" HPOS="1682" VPOS="3034" WIDTH="35"/>
						<String ID="P49_ST00301" HPOS="1717" VPOS="2968" WIDTH="259" HEIGHT="44" CONTENT="œuvres" WC="0.99" CC="050100"/>
						<SP ID="P49_SP00274" HPOS="1976" VPOS="3034" WIDTH="37"/>
						<String ID="P49_ST00302" HPOS="2013" VPOS="2950" WIDTH="307" HEIGHT="62" CONTENT="durables" WC="0.99" CC="04406801"/>
						<SP ID="P49_SP00275" HPOS="2320" VPOS="3034" WIDTH="34"/>
						<String ID="P49_ST00303" HPOS="2354" VPOS="2953" WIDTH="101" HEIGHT="58" CONTENT="est" WC="0.98" CC="041"/>
						<SP ID="P49_SP00276" HPOS="2455" VPOS="3034" WIDTH="33"/>
						<String ID="P49_ST00304" HPOS="2488" VPOS="2967" WIDTH="121" HEIGHT="62" CONTENT="par" WC="0.98" CC="005"/>
						<SP ID="P49_SP00277" HPOS="2609" VPOS="3034" WIDTH="33"/>
						<String ID="P49_ST00305" HPOS="2642" VPOS="2950" WIDTH="137" HEIGHT="61" CONTENT="cela" WC="0.98" CC="0070"/>
						<SP ID="P49_SP00278" HPOS="2779" VPOS="3034" WIDTH="34"/>
						<String ID="P49_ST00306" HPOS="2813" VPOS="2945" WIDTH="216" HEIGHT="64" CONTENT="même" WC="1.00" CC="0000"/>
						<SP ID="P49_SP00279" HPOS="3029" VPOS="3034" WIDTH="36"/>
						<String ID="P49_ST00307" HPOS="3065" VPOS="2965" WIDTH="312" HEIGHT="44" CONTENT="conserva" SUBS_TYPE="HypPart1" SUBS_CONTENT="conservateur." WC="1.00" CC="01000109"/>
						<HYP HPOS="3377" VPOS="2965" WIDTH="39" CONTENT="-"/>
					</TextLine>
					<TextLine ID="P49_TL00029" HPOS="569" VPOS="3050" WIDTH="173" HEIGHT="57">
						<String ID="P49_ST00308" HPOS="569" VPOS="3050" WIDTH="173" HEIGHT="57" CONTENT="teur." SUBS_TYPE="HypPart2" SUBS_CONTENT="conservateur." WC="0.99" CC="00320"/>
					</TextLine>
					<TextLine ID="P49_TL00030" HPOS="742" VPOS="3129" WIDTH="2674" HEIGHT="88">
						<String ID="P49_ST00309" HPOS="742" VPOS="3138" WIDTH="139" HEIGHT="61" CONTENT="Peu" WC="0.99" CC="002"/>
						<SP ID="P49_SP00280" HPOS="881" VPOS="3199" WIDTH="45"/>
						<String ID="P49_ST00310" HPOS="926" VPOS="3138" WIDTH="38" HEIGHT="61" CONTENT="à" WC="0.85" CC="1"/>
						<SP ID="P49_SP00281" HPOS="964" VPOS="3199" WIDTH="44"/>
						<String ID="P49_ST00311" HPOS="1008" VPOS="3156" WIDTH="149" HEIGHT="61" CONTENT="peu," WC="0.99" CC="0050"/>
						<SP ID="P49_SP00282" HPOS="1157" VPOS="3217" WIDTH="44"/>
						<String ID="P49_ST00312" HPOS="1201" VPOS="3136" WIDTH="401" HEIGHT="61" CONTENT="l'humanité" WC="0.99" CC="4053000324"/>
						<SP ID="P49_SP00283" HPOS="1602" VPOS="3217" WIDTH="41"/>
						<String ID="P49_ST00313" HPOS="1643" VPOS="3138" WIDTH="101" HEIGHT="57" CONTENT="est" WC="1.00" CC="010"/>
						<SP ID="P49_SP00284" HPOS="1744" VPOS="3217" WIDTH="41"/>
						<String ID="P49_ST00314" HPOS="1785" VPOS="3134" WIDTH="254" HEIGHT="61" CONTENT="arrivée" WC="0.98" CC="6640054"/>
						<SP ID="P49_SP00285" HPOS="2039" VPOS="3217" WIDTH="42"/>
						<String ID="P49_ST00315" HPOS="2081" VPOS="3134" WIDTH="36" HEIGHT="61" CONTENT="à" WC="0.55" CC="4"/>
						<SP ID="P49_SP00286" HPOS="2117" VPOS="3217" WIDTH="44"/>
						<String ID="P49_ST00316" HPOS="2161" VPOS="3133" WIDTH="240" HEIGHT="61" CONTENT="établir" WC="0.99" CC="2006500"/>
						<SP ID="P49_SP00287" HPOS="2401" VPOS="3217" WIDTH="41"/>
						<String ID="P49_ST00317" HPOS="2442" VPOS="3151" WIDTH="129" HEIGHT="41" CONTENT="une" WC="0.98" CC="400"/>
						<SP ID="P49_SP00288" HPOS="2571" VPOS="3217" WIDTH="38"/>
						<String ID="P49_ST00318" HPOS="2609" VPOS="3131" WIDTH="178" HEIGHT="79" CONTENT="ligne" WC="0.99" CC="33040"/>
						<SP ID="P49_SP00289" HPOS="2787" VPOS="3217" WIDTH="44"/>
						<String ID="P49_ST00319" HPOS="2831" VPOS="3131" WIDTH="80" HEIGHT="61" CONTENT="de" WC="1.00" CC="00"/>
						<SP ID="P49_SP00290" HPOS="2911" VPOS="3217" WIDTH="44"/>
						<String ID="P49_ST00320" HPOS="2955" VPOS="3129" WIDTH="461" HEIGHT="61" CONTENT="démarcation" WC="1.00" CC="03004000430"/>
					</TextLine>
					<TextLine ID="P49_TL00031" HPOS="569" VPOS="3221" WIDTH="2847" HEIGHT="88">
						<String ID="P49_ST00321" HPOS="569" VPOS="3232" WIDTH="190" HEIGHT="58" CONTENT="nette" WC="0.99" CC="00050"/>
						<SP ID="P49_SP00291" HPOS="759" VPOS="3290" WIDTH="35"/>
						<String ID="P49_ST00322" HPOS="794" VPOS="3232" WIDTH="190" HEIGHT="58" CONTENT="entre" WC="1.00" CC="00000"/>
						<SP ID="P49_SP00292" HPOS="984" VPOS="3290" WIDTH="32"/>
						<String ID="P49_ST00323" HPOS="1016" VPOS="3227" WIDTH="261" HEIGHT="82" CONTENT="l'esprit" WC="0.99" CC="30000514"/>
						<SP ID="P49_SP00293" HPOS="1277" VPOS="3309" WIDTH="34"/>
						<String ID="P49_ST00324" HPOS="1311" VPOS="3231" WIDTH="67" HEIGHT="57" CONTENT="et" WC="1.00" CC="00"/>
						<SP ID="P49_SP00294" HPOS="1378" VPOS="3309" WIDTH="33"/>
						<String ID="P49_ST00325" HPOS="1411" VPOS="3227" WIDTH="64" HEIGHT="61" CONTENT="la" WC="0.80" CC="40"/>
						<SP ID="P49_SP00295" HPOS="1475" VPOS="3309" WIDTH="36"/>
						<String ID="P49_ST00326" HPOS="1511" VPOS="3226" WIDTH="296" HEIGHT="61" CONTENT="matière." WC="0.99" CC="09800330"/>
						<SP ID="P49_SP00296" HPOS="1807" VPOS="3309" WIDTH="40"/>
						<String ID="P49_ST00327" HPOS="1847" VPOS="3226" WIDTH="95" HEIGHT="59" CONTENT="La" WC="0.50" CC="09"/>
						<SP ID="P49_SP00297" HPOS="1942" VPOS="3309" WIDTH="32"/>
						<String ID="P49_ST00328" HPOS="1974" VPOS="3226" WIDTH="177" HEIGHT="59" CONTENT="lutte" WC="0.97" CC="45350"/>
						<SP ID="P49_SP00298" HPOS="2151" VPOS="3309" WIDTH="33"/>
						<String ID="P49_ST00329" HPOS="2184" VPOS="3227" WIDTH="187" HEIGHT="56" CONTENT="entre" WC="0.99" CC="04030"/>
						<SP ID="P49_SP00299" HPOS="2371" VPOS="3309" WIDTH="32"/>
						<String ID="P49_ST00330" HPOS="2403" VPOS="3222" WIDTH="93" HEIGHT="61" CONTENT="les" WC="0.97" CC="601"/>
						<SP ID="P49_SP00300" HPOS="2496" VPOS="3309" WIDTH="39"/>
						<String ID="P49_ST00331" HPOS="2535" VPOS="3222" WIDTH="176" HEIGHT="60" CONTENT="deux" WC="0.99" CC="0040"/>
						<SP ID="P49_SP00301" HPOS="2711" VPOS="3309" WIDTH="34"/>
						<String ID="P49_ST00332" HPOS="2745" VPOS="3221" WIDTH="364" HEIGHT="61" CONTENT="tendances" WC="1.00" CC="000005000"/>
						<SP ID="P49_SP00302" HPOS="3109" VPOS="3309" WIDTH="37"/>
						<String ID="P49_ST00333" HPOS="3146" VPOS="3221" WIDTH="137" HEIGHT="78" CONTENT="prit" WC="0.99" CC="0400"/>
						<SP ID="P49_SP00303" HPOS="3283" VPOS="3309" WIDTH="39"/>
						<String ID="P49_ST00334" HPOS="3322" VPOS="3221" WIDTH="94" HEIGHT="59" CONTENT="fin" WC="0.97" CC="510"/>
					</TextLine>
					<TextLine ID="P49_TL00032" HPOS="567" VPOS="3310" WIDTH="2852" HEIGHT="88">
						<String ID="P49_ST00335" HPOS="567" VPOS="3339" WIDTH="88" HEIGHT="42" CONTENT="au" WC="0.45" CC="64"/>
						<SP ID="P49_SP00304" HPOS="655" VPOS="3381" WIDTH="38"/>
						<String ID="P49_ST00336" HPOS="693" VPOS="3321" WIDTH="76" HEIGHT="60" CONTENT="19" WC="0.90" CC="02"/>
						<String ID="P49_ST00337" HPOS="781" VPOS="3329" WIDTH="83" HEIGHT="32" CONTENT="me" STYLE="superscript" WC="0.82" CC="30"/>
						<SP ID="P49_SP00305" HPOS="864" VPOS="3381" WIDTH="30"/>
						<String ID="P49_ST00338" HPOS="894" VPOS="3321" WIDTH="213" HEIGHT="60" CONTENT="siècle." WC="0.99" CC="0441502"/>
						<SP ID="P49_SP00306" HPOS="1107" VPOS="3381" WIDTH="36"/>
						<String ID="P49_ST00339" HPOS="1143" VPOS="3321" WIDTH="259" HEIGHT="77" CONTENT="Jusque" WC="0.99" CC="020030"/>
						<SP ID="P49_SP00307" HPOS="1402" VPOS="3398" WIDTH="29"/>
						<String ID="P49_ST00340" HPOS="1431" VPOS="3319" WIDTH="64" HEIGHT="61" CONTENT="là" WC="1.00" CC="00"/>
						<SP ID="P49_SP00308" HPOS="1495" VPOS="3398" WIDTH="32"/>
						<String ID="P49_ST00341" HPOS="1527" VPOS="3317" WIDTH="234" HEIGHT="61" CONTENT="artiste" WC="0.99" CC="0244000"/>
						<SP ID="P49_SP00309" HPOS="1761" VPOS="3398" WIDTH="29"/>
						<String ID="P49_ST00342" HPOS="1790" VPOS="3321" WIDTH="68" HEIGHT="55" CONTENT="et" WC="0.95" CC="00"/>
						<SP ID="P49_SP00310" HPOS="1858" VPOS="3398" WIDTH="30"/>
						<String ID="P49_ST00343" HPOS="1888" VPOS="3315" WIDTH="252" HEIGHT="61" CONTENT="artisan" WC="0.99" CC="0553004"/>
						<SP ID="P49_SP00311" HPOS="2140" VPOS="3398" WIDTH="33"/>
						<String ID="P49_ST00344" HPOS="2173" VPOS="3334" WIDTH="79" HEIGHT="41" CONTENT="ne" WC="1.00" CC="00"/>
						<SP ID="P49_SP00312" HPOS="2252" VPOS="3398" WIDTH="29"/>
						<String ID="P49_ST00345" HPOS="2281" VPOS="3314" WIDTH="315" HEIGHT="61" CONTENT="faisaient" WC="0.99" CC="510005010"/>
						<SP ID="P49_SP00313" HPOS="2596" VPOS="3398" WIDTH="30"/>
						<String ID="P49_ST00346" HPOS="2626" VPOS="3312" WIDTH="231" HEIGHT="80" CONTENT="qu'un." WC="0.99" CC="030320"/>
						<SP ID="P49_SP00314" HPOS="2857" VPOS="3398" WIDTH="35"/>
						<String ID="P49_ST00347" HPOS="2892" VPOS="3310" WIDTH="314" HEIGHT="61" CONTENT="L'œuvre" WC="0.99" CC="0202050"/>
						<SP ID="P49_SP00315" HPOS="3206" VPOS="3398" WIDTH="33"/>
						<String ID="P49_ST00348" HPOS="3239" VPOS="3310" WIDTH="180" HEIGHT="61" CONTENT="d'art" WC="0.98" CC="00653"/>
					</TextLine>
					<TextLine ID="P49_TL00033" HPOS="569" VPOS="3400" WIDTH="2845" HEIGHT="92">
						<String ID="P49_ST00349" HPOS="569" VPOS="3412" WIDTH="171" HEIGHT="63" CONTENT="était" WC="0.98" CC="26005"/>
						<SP ID="P49_SP00316" HPOS="740" VPOS="3475" WIDTH="36"/>
						<String ID="P49_ST00350" HPOS="776" VPOS="3412" WIDTH="347" HEIGHT="80" CONTENT="employée" WC="0.99" CC="00031223"/>
						<SP ID="P49_SP00317" HPOS="1123" VPOS="3492" WIDTH="35"/>
						<String ID="P49_ST00351" HPOS="1158" VPOS="3415" WIDTH="68" HEIGHT="58" CONTENT="et" WC="0.90" CC="02"/>
						<SP ID="P49_SP00318" HPOS="1226" VPOS="3492" WIDTH="34"/>
						<String ID="P49_ST00352" HPOS="1260" VPOS="3410" WIDTH="174" HEIGHT="61" CONTENT="usée." WC="0.98" CC="50700"/>
						<SP ID="P49_SP00319" HPOS="1434" VPOS="3492" WIDTH="38"/>
						<String ID="P49_ST00353" HPOS="1472" VPOS="3410" WIDTH="177" HEIGHT="60" CONTENT="Pour" WC="0.98" CC="0034"/>
						<SP ID="P49_SP00320" HPOS="1649" VPOS="3492" WIDTH="29"/>
						<String ID="P49_ST00354" HPOS="1678" VPOS="3409" WIDTH="318" HEIGHT="59" CONTENT="l'homme" WC="0.99" CC="1061070"/>
						<SP ID="P49_SP00321" HPOS="1996" VPOS="3492" WIDTH="36"/>
						<String ID="P49_ST00355" HPOS="2032" VPOS="3403" WIDTH="498" HEIGHT="82" CONTENT="d'aujourd'hui" WC="1.00" CC="0004424200560"/>
						<SP ID="P49_SP00322" HPOS="2530" VPOS="3492" WIDTH="35"/>
						<String ID="P49_ST00356" HPOS="2565" VPOS="3403" WIDTH="134" HEIGHT="61" CONTENT="ceci" WC="1.00" CC="0000"/>
						<SP ID="P49_SP00323" HPOS="2699" VPOS="3492" WIDTH="34"/>
						<String ID="P49_ST00357" HPOS="2733" VPOS="3407" WIDTH="103" HEIGHT="56" CONTENT="est" WC="1.00" CC="000"/>
						<SP ID="P49_SP00324" HPOS="2836" VPOS="3492" WIDTH="36"/>
						<String ID="P49_ST00358" HPOS="2872" VPOS="3402" WIDTH="80" HEIGHT="61" CONTENT="de" WC="1.00" CC="00"/>
						<SP ID="P49_SP00325" HPOS="2952" VPOS="3492" WIDTH="32"/>
						<String ID="P49_ST00359" HPOS="2984" VPOS="3403" WIDTH="64" HEIGHT="60" CONTENT="la" WC="0.80" CC="30"/>
						<SP ID="P49_SP00326" HPOS="3048" VPOS="3492" WIDTH="34"/>
						<String ID="P49_ST00360" HPOS="3082" VPOS="3400" WIDTH="332" HEIGHT="63" CONTENT="barbarie." WC="0.99" CC="406665300"/>
					</TextLine>
					<TextLine ID="P49_TL00034" HPOS="742" VPOS="3493" WIDTH="2675" HEIGHT="90">
						<String ID="P49_ST00361" HPOS="742" VPOS="3503" WIDTH="215" HEIGHT="61" CONTENT="L'une" WC="0.99" CC="00360"/>
						<SP ID="P49_SP00327" HPOS="957" VPOS="3564" WIDTH="34"/>
						<String ID="P49_ST00362" HPOS="991" VPOS="3505" WIDTH="191" HEIGHT="78" CONTENT="après" WC="1.00" CC="20000"/>
						<SP ID="P49_SP00328" HPOS="1182" VPOS="3583" WIDTH="34"/>
						<String ID="P49_ST00363" HPOS="1216" VPOS="3503" WIDTH="264" HEIGHT="70" CONTENT="l'autre," WC="0.99" CC="40154000"/>
						<SP ID="P49_SP00329" HPOS="1480" VPOS="3583" WIDTH="36"/>
						<String ID="P49_ST00364" HPOS="1516" VPOS="3503" WIDTH="225" HEIGHT="58" CONTENT="toutes" WC="1.00" CC="004000"/>
						<SP ID="P49_SP00330" HPOS="1741" VPOS="3583" WIDTH="34"/>
						<String ID="P49_ST00365" HPOS="1775" VPOS="3500" WIDTH="93" HEIGHT="59" CONTENT="les" WC="0.98" CC="501"/>
						<SP ID="P49_SP00331" HPOS="1868" VPOS="3583" WIDTH="32"/>
						<String ID="P49_ST00366" HPOS="1900" VPOS="3498" WIDTH="357" HEIGHT="61" CONTENT="industries" WC="1.00" CC="0004004000"/>
						<SP ID="P49_SP00332" HPOS="2257" VPOS="3583" WIDTH="36"/>
						<String ID="P49_ST00367" HPOS="2293" VPOS="3497" WIDTH="227" HEIGHT="61" CONTENT="furent" WC="0.98" CC="654000"/>
						<SP ID="P49_SP00333" HPOS="2520" VPOS="3583" WIDTH="32"/>
						<String ID="P49_ST00368" HPOS="2552" VPOS="3493" WIDTH="271" HEIGHT="63" CONTENT="retirées" WC="0.99" CC="21102500"/>
						<SP ID="P49_SP00334" HPOS="2823" VPOS="3583" WIDTH="37"/>
						<String ID="P49_ST00369" HPOS="2860" VPOS="3493" WIDTH="88" HEIGHT="61" CONTENT="du" WC="0.69" CC="06"/>
						<SP ID="P49_SP00335" HPOS="2948" VPOS="3583" WIDTH="39"/>
						<String ID="P49_ST00370" HPOS="2987" VPOS="3493" WIDTH="312" HEIGHT="61" CONTENT="domaine" WC="1.00" CC="0000320"/>
						<SP ID="P49_SP00336" HPOS="3299" VPOS="3583" WIDTH="37"/>
						<String ID="P49_ST00371" HPOS="3336" VPOS="3493" WIDTH="81" HEIGHT="60" CONTENT="de" WC="1.00" CC="00"/>
					</TextLine>
					<TextLine ID="P49_TL00035" HPOS="567" VPOS="3588" WIDTH="2026" HEIGHT="69">
						<String ID="P49_ST00372" HPOS="567" VPOS="3595" WIDTH="180" HEIGHT="62" CONTENT="l'art." WC="0.99" CC="612200"/>
						<SP ID="P49_SP00337" HPOS="747" VPOS="3657" WIDTH="56"/>
						<String ID="P49_ST00373" HPOS="803" VPOS="3597" WIDTH="91" HEIGHT="59" CONTENT="Et" WC="0.94" CC="01"/>
						<SP ID="P49_SP00338" HPOS="894" VPOS="3657" WIDTH="49"/>
						<String ID="P49_ST00374" HPOS="943" VPOS="3595" WIDTH="175" HEIGHT="61" CONTENT="voici" WC="1.00" CC="00000"/>
						<SP ID="P49_SP00339" HPOS="1118" VPOS="3657" WIDTH="49"/>
						<String ID="P49_ST00375" HPOS="1167" VPOS="3593" WIDTH="426" HEIGHT="61" CONTENT="maintenant" WC="1.00" CC="0001030060"/>
						<SP ID="P49_SP00340" HPOS="1593" VPOS="3657" WIDTH="46"/>
						<String ID="P49_ST00376" HPOS="1639" VPOS="3591" WIDTH="61" HEIGHT="61" CONTENT="le" WC="0.88" CC="20"/>
						<SP ID="P49_SP00341" HPOS="1700" VPOS="3657" WIDTH="49"/>
						<String ID="P49_ST00377" HPOS="1749" VPOS="3595" WIDTH="154" HEIGHT="56" CONTENT="tour" WC="0.97" CC="4344"/>
						<SP ID="P49_SP00342" HPOS="1903" VPOS="3657" WIDTH="51"/>
						<String ID="P49_ST00378" HPOS="1954" VPOS="3590" WIDTH="80" HEIGHT="61" CONTENT="de" WC="1.00" CC="00"/>
						<SP ID="P49_SP00343" HPOS="2034" VPOS="3657" WIDTH="45"/>
						<String ID="P49_ST00379" HPOS="2079" VPOS="3588" WIDTH="514" HEIGHT="61" CONTENT="l'architecture." WC="1.00" CC="030503000044500"/>
					</TextLine>
					<TextLine ID="P49_TL00036" HPOS="742" VPOS="3676" WIDTH="2677" HEIGHT="83">
						<String ID="P49_ST00380" HPOS="742" VPOS="3688" WIDTH="533" HEIGHT="63" CONTENT="L'architecture" WC="1.00" CC="02060504000060"/>
						<SP ID="P49_SP00344" HPOS="1275" VPOS="3751" WIDTH="49"/>
						<String ID="P49_ST00381" HPOS="1324" VPOS="3686" WIDTH="109" HEIGHT="61" CONTENT="fut" WC="0.95" CC="534"/>
						<SP ID="P49_SP00345" HPOS="1433" VPOS="3751" WIDTH="52"/>
						<String ID="P49_ST00382" HPOS="1485" VPOS="3705" WIDTH="90" HEIGHT="41" CONTENT="un" WC="0.62" CC="24"/>
						<SP ID="P49_SP00346" HPOS="1575" VPOS="3751" WIDTH="52"/>
						<String ID="P49_ST00383" HPOS="1627" VPOS="3686" WIDTH="126" HEIGHT="58" CONTENT="art." WC="1.00" CC="0000"/>
						<SP ID="P49_SP00347" HPOS="1753" VPOS="3751" WIDTH="56"/>
						<String ID="P49_ST00384" HPOS="1809" VPOS="3683" WIDTH="120" HEIGHT="61" CONTENT="elle" WC="0.99" CC="0040"/>
						<SP ID="P49_SP00348" HPOS="1929" VPOS="3751" WIDTH="52"/>
						<String ID="P49_ST00385" HPOS="1981" VPOS="3700" WIDTH="82" HEIGHT="42" CONTENT="ne" WC="1.00" CC="00"/>
						<SP ID="P49_SP00349" HPOS="2063" VPOS="3751" WIDTH="49"/>
						<String ID="P49_ST00386" HPOS="2112" VPOS="3681" WIDTH="152" HEIGHT="61" CONTENT="l'est" WC="1.00" CC="00000"/>
						<SP ID="P49_SP00350" HPOS="2264" VPOS="3751" WIDTH="51"/>
						<String ID="P49_ST00387" HPOS="2315" VPOS="3698" WIDTH="118" HEIGHT="61" CONTENT="pas" WC="1.00" CC="000"/>
						<SP ID="P49_SP00351" HPOS="2433" VPOS="3759" WIDTH="53"/>
						<String ID="P49_ST00388" HPOS="2486" VPOS="3680" WIDTH="151" HEIGHT="77" CONTENT="plus" WC="0.98" CC="0304"/>
						<SP ID="P49_SP00352" HPOS="2637" VPOS="3759" WIDTH="50"/>
						<String ID="P49_ST00389" HPOS="2687" VPOS="3676" WIDTH="436" HEIGHT="80" CONTENT="aujourd'hui" WC="0.99" CC="04454400350"/>
						<SP ID="P49_SP00353" HPOS="3123" VPOS="3759" WIDTH="52"/>
						<String ID="P49_ST00390" HPOS="3175" VPOS="3695" WIDTH="130" HEIGHT="59" CONTENT="que" WC="0.98" CC="040"/>
						<SP ID="P49_SP00354" HPOS="3305" VPOS="3759" WIDTH="50"/>
						<String ID="P49_ST00391" HPOS="3355" VPOS="3676" WIDTH="64" HEIGHT="61" CONTENT="le" WC="0.84" CC="30"/>
					</TextLine>
					<TextLine ID="P49_TL00037" HPOS="567" VPOS="3764" WIDTH="2852" HEIGHT="97">
						<String ID="P49_ST00392" HPOS="567" VPOS="3783" WIDTH="329" HEIGHT="78" CONTENT="tatouage" WC="1.00" CC="00036000"/>
						<SP ID="P49_SP00355" HPOS="896" VPOS="3861" WIDTH="42"/>
						<String ID="P49_ST00393" HPOS="938" VPOS="3800" WIDTH="88" HEIGHT="40" CONTENT="ou" WC="0.79" CC="04"/>
						<SP ID="P49_SP00356" HPOS="1026" VPOS="3861" WIDTH="39"/>
						<String ID="P49_ST00394" HPOS="1065" VPOS="3781" WIDTH="66" HEIGHT="59" CONTENT="la" WC="0.76" CC="40"/>
						<SP ID="P49_SP00357" HPOS="1131" VPOS="3861" WIDTH="44"/>
						<String ID="P49_ST00395" HPOS="1175" VPOS="3776" WIDTH="451" HEIGHT="63" CONTENT="cordonnerie." WC="1.00" CC="004000004400"/>
						<SP ID="P49_SP00358" HPOS="1626" VPOS="3861" WIDTH="49"/>
						<String ID="P49_ST00396" HPOS="1675" VPOS="3774" WIDTH="125" HEIGHT="63" CONTENT="Car" WC="0.97" CC="106"/>
						<SP ID="P49_SP00359" HPOS="1800" VPOS="3861" WIDTH="37"/>
						<String ID="P49_ST00397" HPOS="1837" VPOS="3774" WIDTH="280" HEIGHT="60" CONTENT="l'œuvre" WC="1.00" CC="1000020"/>
						<SP ID="P49_SP00360" HPOS="2117" VPOS="3861" WIDTH="40"/>
						<String ID="P49_ST00398" HPOS="2157" VPOS="3769" WIDTH="513" HEIGHT="63" CONTENT="architecturale" WC="1.00" CC="03020200205000"/>
						<SP ID="P49_SP00361" HPOS="2670" VPOS="3861" WIDTH="43"/>
						<String ID="P49_ST00399" HPOS="2713" VPOS="3773" WIDTH="101" HEIGHT="57" CONTENT="est" WC="1.00" CC="000"/>
						<SP ID="P49_SP00362" HPOS="2814" VPOS="3861" WIDTH="41"/>
						<String ID="P49_ST00400" HPOS="2855" VPOS="3768" WIDTH="166" HEIGHT="61" CONTENT="faite" WC="0.99" CC="10040"/>
						<SP ID="P49_SP00363" HPOS="3021" VPOS="3861" WIDTH="42"/>
						<String ID="P49_ST00401" HPOS="3063" VPOS="3786" WIDTH="173" HEIGHT="61" CONTENT="pour" WC="0.97" CC="0155"/>
						<SP ID="P49_SP00364" HPOS="3236" VPOS="3861" WIDTH="42"/>
						<String ID="P49_ST00402" HPOS="3278" VPOS="3764" WIDTH="141" HEIGHT="63" CONTENT="être" WC="0.99" CC="0040"/>
					</TextLine>
					<TextLine ID="P49_TL00038" HPOS="571" VPOS="3859" WIDTH="2423" HEIGHT="85">
						<String ID="P49_ST00403" HPOS="571" VPOS="3871" WIDTH="264" HEIGHT="63" CONTENT="utilisée" WC="1.00" CC="40030000"/>
						<SP ID="P49_SP00365" HPOS="835" VPOS="3934" WIDTH="42"/>
						<String ID="P49_ST00404" HPOS="877" VPOS="3876" WIDTH="70" HEIGHT="58" CONTENT="et" WC="0.77" CC="04"/>
						<SP ID="P49_SP00366" HPOS="947" VPOS="3934" WIDTH="40"/>
						<String ID="P49_ST00405" HPOS="987" VPOS="3891" WIDTH="70" HEIGHT="41" CONTENT="se" WC="1.00" CC="00"/>
						<SP ID="P49_SP00367" HPOS="1057" VPOS="3934" WIDTH="44"/>
						<String ID="P49_ST00406" HPOS="1101" VPOS="3869" WIDTH="359" HEIGHT="63" CONTENT="détériorer" WC="0.99" CC="0205204205"/>
						<SP ID="P49_SP00368" HPOS="1460" VPOS="3934" WIDTH="42"/>
						<String ID="P49_ST00407" HPOS="1502" VPOS="3871" WIDTH="68" HEIGHT="57" CONTENT="et" WC="1.00" CC="00"/>
						<SP ID="P49_SP00369" HPOS="1570" VPOS="3934" WIDTH="40"/>
						<String ID="P49_ST00408" HPOS="1610" VPOS="3867" WIDTH="121" HEIGHT="60" CONTENT="elle" WC="0.98" CC="0440"/>
						<SP ID="P49_SP00370" HPOS="1731" VPOS="3934" WIDTH="44"/>
						<String ID="P49_ST00409" HPOS="1775" VPOS="3866" WIDTH="142" HEIGHT="59" CONTENT="doit" WC="0.99" CC="0030"/>
						<SP ID="P49_SP00371" HPOS="1917" VPOS="3934" WIDTH="41"/>
						<String ID="P49_ST00410" HPOS="1958" VPOS="3864" WIDTH="206" HEIGHT="80" CONTENT="plaire" WC="0.99" CC="030050"/>
						<SP ID="P49_SP00372" HPOS="2164" VPOS="3944" WIDTH="41"/>
						<String ID="P49_ST00411" HPOS="2205" VPOS="3864" WIDTH="37" HEIGHT="59" CONTENT="à" WC="1.00" CC="0"/>
						<SP ID="P49_SP00373" HPOS="2242" VPOS="3944" WIDTH="42"/>
						<String ID="P49_ST00412" HPOS="2284" VPOS="3881" WIDTH="100" HEIGHT="42" CONTENT="ses" WC="1.00" CC="000"/>
						<SP ID="P49_SP00374" HPOS="2384" VPOS="3944" WIDTH="44"/>
						<String ID="P49_ST00413" HPOS="2428" VPOS="3859" WIDTH="566" HEIGHT="81" CONTENT="contemporains." WC="1.00" CC="00400004303004"/>
					</TextLine>
					<TextLine ID="P49_TL00039" HPOS="743" VPOS="3949" WIDTH="2676" HEIGHT="86">
						<String ID="P49_ST00414" HPOS="743" VPOS="3964" WIDTH="234" HEIGHT="61" CONTENT="Est-ce" WC="1.00" CC="003000"/>
						<SP ID="P49_SP00375" HPOS="977" VPOS="4025" WIDTH="31"/>
						<String ID="P49_ST00415" HPOS="1008" VPOS="3964" WIDTH="64" HEIGHT="61" CONTENT="là" WC="0.55" CC="08"/>
						<SP ID="P49_SP00376" HPOS="1072" VPOS="4025" WIDTH="35"/>
						<String ID="P49_ST00416" HPOS="1107" VPOS="3981" WIDTH="131" HEIGHT="42" CONTENT="une" WC="0.95" CC="570"/>
						<SP ID="P49_SP00377" HPOS="1238" VPOS="4025" WIDTH="32"/>
						<String ID="P49_ST00417" HPOS="1270" VPOS="3961" WIDTH="195" HEIGHT="61" CONTENT="triste" WC="0.99" CC="060220"/>
						<SP ID="P49_SP00378" HPOS="1465" VPOS="4025" WIDTH="34"/>
						<String ID="P49_ST00418" HPOS="1499" VPOS="3959" WIDTH="306" HEIGHT="61" CONTENT="nouvelle" WC="0.99" CC="00700600"/>
						<SP ID="P49_SP00379" HPOS="1805" VPOS="4025" WIDTH="34"/>
						<String ID="P49_ST00419" HPOS="1839" VPOS="3976" WIDTH="129" HEIGHT="59" CONTENT="que" WC="0.98" CC="040"/>
						<SP ID="P49_SP00380" HPOS="1968" VPOS="4035" WIDTH="30"/>
						<String ID="P49_ST00420" HPOS="1998" VPOS="3956" WIDTH="337" HEIGHT="79" CONTENT="j'apporte" WC="1.00" CC="400000500"/>
						<SP ID="P49_SP00381" HPOS="2335" VPOS="4035" WIDTH="34"/>
						<String ID="P49_ST00421" HPOS="2369" VPOS="3954" WIDTH="37" HEIGHT="61" CONTENT="à" WC="1.00" CC="0"/>
						<SP ID="P49_SP00382" HPOS="2406" VPOS="4035" WIDTH="36"/>
						<String ID="P49_ST00422" HPOS="2442" VPOS="3971" WIDTH="139" HEIGHT="42" CONTENT="mes" WC="0.99" CC="020"/>
						<SP ID="P49_SP00383" HPOS="2581" VPOS="4035" WIDTH="35"/>
						<String ID="P49_ST00423" HPOS="2616" VPOS="3952" WIDTH="330" HEIGHT="59" CONTENT="confrères" WC="0.99" CC="006650604"/>
						<SP ID="P49_SP00384" HPOS="2946" VPOS="4035" WIDTH="33"/>
						<String ID="P49_ST00424" HPOS="2979" VPOS="3950" WIDTH="32" HEIGHT="61" CONTENT="?" WC="0.40" CC="5"/>
						<SP ID="P49_SP00385" HPOS="3011" VPOS="4035" WIDTH="37"/>
						<String ID="P49_ST00425" HPOS="3048" VPOS="3950" WIDTH="176" HEIGHT="60" CONTENT="Leur" WC="0.99" CC="0012"/>
						<SP ID="P49_SP00386" HPOS="3224" VPOS="4035" WIDTH="32"/>
						<String ID="P49_ST00426" HPOS="3256" VPOS="3949" WIDTH="163" HEIGHT="79" CONTENT="ai-je" WC="0.78" CC="30420"/>
					</TextLine>
					<TextLine ID="P49_TL00040" HPOS="569" VPOS="4040" WIDTH="2847" HEIGHT="95">
						<String ID="P49_ST00427" HPOS="569" VPOS="4054" WIDTH="130" HEIGHT="62" CONTENT="fait" WC="0.98" CC="6003"/>
						<SP ID="P49_SP00387" HPOS="699" VPOS="4116" WIDTH="27"/>
						<String ID="P49_ST00428" HPOS="726" VPOS="4055" WIDTH="82" HEIGHT="61" CONTENT="de" WC="1.00" CC="00"/>
						<SP ID="P49_SP00388" HPOS="808" VPOS="4116" WIDTH="22"/>
						<String ID="P49_ST00429" HPOS="830" VPOS="4055" WIDTH="64" HEIGHT="61" CONTENT="la" WC="0.82" CC="30"/>
						<SP ID="P49_SP00389" HPOS="894" VPOS="4116" WIDTH="27"/>
						<String ID="P49_ST00430" HPOS="921" VPOS="4054" WIDTH="195" HEIGHT="81" CONTENT="peine" WC="0.99" CC="00040"/>
						<SP ID="P49_SP00390" HPOS="1116" VPOS="4135" WIDTH="30"/>
						<String ID="P49_ST00431" HPOS="1146" VPOS="4054" WIDTH="33" HEIGHT="61" CONTENT="?" WC="0.58" CC="4"/>
						<SP ID="P49_SP00391" HPOS="1179" VPOS="4135" WIDTH="28"/>
						<String ID="P49_ST00432" HPOS="1207" VPOS="4052" WIDTH="178" HEIGHT="63" CONTENT="C'est" WC="0.99" CC="60001"/>
						<SP ID="P49_SP00392" HPOS="1385" VPOS="4135" WIDTH="26"/>
						<String ID="P49_ST00433" HPOS="1411" VPOS="4069" WIDTH="120" HEIGHT="61" CONTENT="par" WC="1.00" CC="000"/>
						<SP ID="P49_SP00393" HPOS="1531" VPOS="4135" WIDTH="24"/>
						<String ID="P49_ST00434" HPOS="1555" VPOS="4067" WIDTH="130" HEIGHT="43" CONTENT="une" WC="0.98" CC="400"/>
						<SP ID="P49_SP00394" HPOS="1685" VPOS="4135" WIDTH="22"/>
						<String ID="P49_ST00435" HPOS="1707" VPOS="4049" WIDTH="176" HEIGHT="59" CONTENT="lutte" WC="0.99" CC="24300"/>
						<SP ID="P49_SP00395" HPOS="1883" VPOS="4135" WIDTH="24"/>
						<String ID="P49_ST00436" HPOS="1907" VPOS="4047" WIDTH="264" HEIGHT="80" CONTENT="pénible" WC="0.99" CC="0060600"/>
						<SP ID="P49_SP00396" HPOS="2171" VPOS="4135" WIDTH="25"/>
						<String ID="P49_ST00437" HPOS="2196" VPOS="4064" WIDTH="129" HEIGHT="59" CONTENT="que" WC="0.99" CC="020"/>
						<SP ID="P49_SP00397" HPOS="2325" VPOS="4135" WIDTH="22"/>
						<String ID="P49_ST00438" HPOS="2347" VPOS="4044" WIDTH="66" HEIGHT="79" CONTENT="je" WC="0.77" CC="40"/>
						<SP ID="P49_SP00398" HPOS="2413" VPOS="4135" WIDTH="25"/>
						<String ID="P49_ST00439" HPOS="2438" VPOS="4042" WIDTH="134" HEIGHT="61" CONTENT="suis" WC="0.99" CC="0300"/>
						<SP ID="P49_SP00399" HPOS="2572" VPOS="4135" WIDTH="27"/>
						<String ID="P49_ST00440" HPOS="2599" VPOS="4040" WIDTH="237" HEIGHT="71" CONTENT="arrivé," WC="0.99" CC="0460033"/>
						<SP ID="P49_SP00400" HPOS="2836" VPOS="4135" WIDTH="29"/>
						<String ID="P49_ST00441" HPOS="2865" VPOS="4040" WIDTH="136" HEIGHT="61" CONTENT="moi" WC="0.97" CC="051"/>
						<SP ID="P49_SP00401" HPOS="3001" VPOS="4135" WIDTH="25"/>
						<String ID="P49_ST00442" HPOS="3026" VPOS="4040" WIDTH="390" HEIGHT="71" CONTENT="architecte," WC="1.00" CC="04020000003"/>
					</TextLine>
					<TextLine ID="P49_TL00041" HPOS="571" VPOS="4132" WIDTH="2846" HEIGHT="91">
						<String ID="P49_ST00443" HPOS="571" VPOS="4147" WIDTH="37" HEIGHT="61" CONTENT="à" WC="1.00" CC="0"/>
						<SP ID="P49_SP00402" HPOS="608" VPOS="4208" WIDTH="25"/>
						<String ID="P49_ST00444" HPOS="633" VPOS="4150" WIDTH="182" HEIGHT="58" CONTENT="cette" WC="0.99" CC="00202"/>
						<SP ID="P49_SP00403" HPOS="815" VPOS="4208" WIDTH="20"/>
						<String ID="P49_ST00445" HPOS="835" VPOS="4145" WIDTH="235" HEIGHT="63" CONTENT="vérité." WC="0.99" CC="0262010"/>
						<SP ID="P49_SP00404" HPOS="1070" VPOS="4208" WIDTH="24"/>
						<String ID="P49_ST00446" HPOS="1094" VPOS="4143" WIDTH="169" HEIGHT="63" CONTENT="Mais" WC="0.99" CC="0004"/>
						<SP ID="P49_SP00405" HPOS="1263" VPOS="4208" WIDTH="21"/>
						<String ID="P49_ST00447" HPOS="1284" VPOS="4143" WIDTH="118" HEIGHT="80" CONTENT="j'ai" WC="0.99" CC="4100"/>
						<SP ID="P49_SP00406" HPOS="1402" VPOS="4223" WIDTH="27"/>
						<String ID="P49_ST00448" HPOS="1429" VPOS="4140" WIDTH="115" HEIGHT="63" CONTENT="fini" WC="0.98" CC="4400"/>
						<SP ID="P49_SP00407" HPOS="1544" VPOS="4223" WIDTH="26"/>
						<String ID="P49_ST00449" HPOS="1570" VPOS="4140" WIDTH="79" HEIGHT="61" CONTENT="de" WC="1.00" CC="00"/>
						<SP ID="P49_SP00408" HPOS="1649" VPOS="4223" WIDTH="21"/>
						<String ID="P49_ST00450" HPOS="1670" VPOS="4140" WIDTH="210" HEIGHT="59" CONTENT="lutter" WC="0.99" CC="226000"/>
						<SP ID="P49_SP00409" HPOS="1880" VPOS="4223" WIDTH="20"/>
						<String ID="P49_ST00451" HPOS="1900" VPOS="4142" WIDTH="69" HEIGHT="56" CONTENT="et" WC="1.00" CC="00"/>
						<SP ID="P49_SP00410" HPOS="1969" VPOS="4223" WIDTH="21"/>
						<String ID="P49_ST00452" HPOS="1990" VPOS="4135" WIDTH="430" HEIGHT="81" CONTENT="aujourd'hui" WC="0.99" CC="04406500430"/>
						<SP ID="P49_SP00411" HPOS="2420" VPOS="4223" WIDTH="22"/>
						<String ID="P49_ST00453" HPOS="2442" VPOS="4135" WIDTH="64" HEIGHT="78" CONTENT="je" WC="0.81" CC="30"/>
						<SP ID="P49_SP00412" HPOS="2506" VPOS="4223" WIDTH="24"/>
						<String ID="P49_ST00454" HPOS="2530" VPOS="4133" WIDTH="134" HEIGHT="61" CONTENT="suis" WC="0.98" CC="1043"/>
						<SP ID="P49_SP00413" HPOS="2664" VPOS="4223" WIDTH="23"/>
						<String ID="P49_ST00455" HPOS="2687" VPOS="4152" WIDTH="92" HEIGHT="41" CONTENT="un" WC="0.48" CC="64"/>
						<SP ID="P49_SP00414" HPOS="2779" VPOS="4223" WIDTH="22"/>
						<String ID="P49_ST00456" HPOS="2801" VPOS="4132" WIDTH="271" HEIGHT="61" CONTENT="homme" WC="1.00" CC="00000"/>
						<SP ID="P49_SP00415" HPOS="3072" VPOS="4223" WIDTH="20"/>
						<String ID="P49_ST00457" HPOS="3092" VPOS="4132" WIDTH="325" HEIGHT="61" CONTENT="heureux." WC="0.99" CC="60120563"/>
					</TextLine>
					<TextLine ID="P49_TL00042" HPOS="572" VPOS="4223" WIDTH="2845" HEIGHT="97">
						<String ID="P49_ST00458" HPOS="572" VPOS="4240" WIDTH="85" HEIGHT="61" CONTENT="Je" WC="0.93" CC="10"/>
						<SP ID="P49_SP00416" HPOS="657" VPOS="4301" WIDTH="34"/>
						<String ID="P49_ST00459" HPOS="691" VPOS="4240" WIDTH="132" HEIGHT="61" CONTENT="sais" WC="0.98" CC="0440"/>
						<SP ID="P49_SP00417" HPOS="823" VPOS="4301" WIDTH="37"/>
						<String ID="P49_ST00460" HPOS="860" VPOS="4259" WIDTH="131" HEIGHT="61" CONTENT="que" WC="0.98" CC="040"/>
						<SP ID="P49_SP00418" HPOS="991" VPOS="4320" WIDTH="32"/>
						<String ID="P49_ST00461" HPOS="1023" VPOS="4238" WIDTH="68" HEIGHT="80" CONTENT="je" WC="0.79" CC="40"/>
						<SP ID="P49_SP00419" HPOS="1091" VPOS="4320" WIDTH="35"/>
						<String ID="P49_ST00462" HPOS="1126" VPOS="4237" WIDTH="134" HEIGHT="61" CONTENT="suis" WC="0.99" CC="0300"/>
						<SP ID="P49_SP00420" HPOS="1260" VPOS="4320" WIDTH="37"/>
						<String ID="P49_ST00463" HPOS="1297" VPOS="4254" WIDTH="90" HEIGHT="42" CONTENT="un" WC="0.57" CC="62"/>
						<SP ID="P49_SP00421" HPOS="1387" VPOS="4320" WIDTH="35"/>
						<String ID="P49_ST00464" HPOS="1422" VPOS="4233" WIDTH="253" HEIGHT="63" CONTENT="artisan" WC="0.99" CC="0605005"/>
						<SP ID="P49_SP00422" HPOS="1675" VPOS="4320" WIDTH="37"/>
						<String ID="P49_ST00465" HPOS="1712" VPOS="4230" WIDTH="113" HEIGHT="79" CONTENT="qui" WC="0.99" CC="030"/>
						<SP ID="P49_SP00423" HPOS="1825" VPOS="4320" WIDTH="39"/>
						<String ID="P49_ST00466" HPOS="1864" VPOS="4230" WIDTH="143" HEIGHT="61" CONTENT="doit" WC="0.98" CC="8010"/>
						<SP ID="P49_SP00424" HPOS="2007" VPOS="4320" WIDTH="34"/>
						<String ID="P49_ST00467" HPOS="2041" VPOS="4228" WIDTH="208" HEIGHT="61" CONTENT="servir" WC="0.99" CC="005003"/>
						<SP ID="P49_SP00425" HPOS="2249" VPOS="4320" WIDTH="30"/>
						<String ID="P49_ST00468" HPOS="2279" VPOS="4228" WIDTH="320" HEIGHT="59" CONTENT="l'homme" WC="1.00" CC="0050000"/>
						<SP ID="P49_SP00426" HPOS="2599" VPOS="4320" WIDTH="36"/>
						<String ID="P49_ST00469" HPOS="2635" VPOS="4230" WIDTH="69" HEIGHT="56" CONTENT="et" WC="1.00" CC="00"/>
						<SP ID="P49_SP00427" HPOS="2704" VPOS="4320" WIDTH="32"/>
						<String ID="P49_ST00470" HPOS="2736" VPOS="4226" WIDTH="61" HEIGHT="60" CONTENT="le" WC="0.65" CC="70"/>
						<SP ID="P49_SP00428" HPOS="2797" VPOS="4320" WIDTH="44"/>
						<String ID="P49_ST00471" HPOS="2841" VPOS="4228" WIDTH="244" HEIGHT="75" CONTENT="temps," WC="1.00" CC="000004"/>
						<SP ID="P49_SP00429" HPOS="3085" VPOS="4320" WIDTH="38"/>
						<String ID="P49_ST00472" HPOS="3123" VPOS="4223" WIDTH="294" HEIGHT="80" CONTENT="présent." WC="1.00" CC="06100000"/>
					</TextLine>
					<TextLine ID="P49_TL00043" HPOS="572" VPOS="4315" WIDTH="2849" HEIGHT="96">
						<String ID="P49_ST00473" HPOS="572" VPOS="4330" WIDTH="171" HEIGHT="61" CONTENT="Mais" WC="1.00" CC="0002"/>
						<SP ID="P49_SP00430" HPOS="743" VPOS="4391" WIDTH="36"/>
						<String ID="P49_ST00474" HPOS="779" VPOS="4350" WIDTH="125" HEIGHT="61" CONTENT="par" WC="0.97" CC="006"/>
						<SP ID="P49_SP00431" HPOS="904" VPOS="4411" WIDTH="36"/>
						<String ID="P49_ST00475" HPOS="940" VPOS="4330" WIDTH="139" HEIGHT="61" CONTENT="cela" WC="0.98" CC="0250"/>
						<SP ID="P49_SP00432" HPOS="1079" VPOS="4411" WIDTH="37"/>
						<String ID="P49_ST00476" HPOS="1116" VPOS="4325" WIDTH="217" HEIGHT="62" CONTENT="même" WC="0.99" CC="0006"/>
						<SP ID="P49_SP00433" HPOS="1333" VPOS="4411" WIDTH="32"/>
						<String ID="P49_ST00477" HPOS="1365" VPOS="4325" WIDTH="66" HEIGHT="81" CONTENT="je" WC="0.53" CC="44"/>
						<SP ID="P49_SP00434" HPOS="1431" VPOS="4411" WIDTH="37"/>
						<String ID="P49_ST00478" HPOS="1468" VPOS="4323" WIDTH="129" HEIGHT="61" CONTENT="sais" WC="0.99" CC="0500"/>
						<SP ID="P49_SP00435" HPOS="1597" VPOS="4411" WIDTH="37"/>
						<String ID="P49_ST00479" HPOS="1634" VPOS="4342" WIDTH="131" HEIGHT="59" CONTENT="que" WC="0.98" CC="033"/>
						<SP ID="P49_SP00436" HPOS="1765" VPOS="4411" WIDTH="32"/>
						<String ID="P49_ST00480" HPOS="1797" VPOS="4321" WIDTH="157" HEIGHT="60" CONTENT="l'art" WC="0.98" CC="60072"/>
						<SP ID="P49_SP00437" HPOS="1954" VPOS="4411" WIDTH="36"/>
						<String ID="P49_ST00481" HPOS="1990" VPOS="4318" WIDTH="232" HEIGHT="63" CONTENT="existe." WC="1.00" CC="3000030"/>
						<SP ID="P49_SP00438" HPOS="2222" VPOS="4411" WIDTH="42"/>
						<String ID="P49_ST00482" HPOS="2264" VPOS="4318" WIDTH="81" HEIGHT="61" CONTENT="Je" WC="0.68" CC="06"/>
						<SP ID="P49_SP00439" HPOS="2345" VPOS="4411" WIDTH="36"/>
						<String ID="P49_ST00483" HPOS="2381" VPOS="4316" WIDTH="135" HEIGHT="61" CONTENT="suis" WC="0.99" CC="0400"/>
						<SP ID="P49_SP00440" HPOS="2516" VPOS="4411" WIDTH="38"/>
						<String ID="P49_ST00484" HPOS="2554" VPOS="4335" WIDTH="86" HEIGHT="42" CONTENT="au" WC="0.78" CC="04"/>
						<SP ID="P49_SP00441" HPOS="2640" VPOS="4411" WIDTH="39"/>
						<String ID="P49_ST00485" HPOS="2679" VPOS="4318" WIDTH="284" HEIGHT="57" CONTENT="courant" WC="0.98" CC="0057660"/>
						<SP ID="P49_SP00442" HPOS="2963" VPOS="4411" WIDTH="39"/>
						<String ID="P49_ST00486" HPOS="3002" VPOS="4315" WIDTH="82" HEIGHT="59" CONTENT="de" WC="0.65" CC="07"/>
						<SP ID="P49_SP00443" HPOS="3084" VPOS="4411" WIDTH="32"/>
						<String ID="P49_ST00487" HPOS="3116" VPOS="4315" WIDTH="179" HEIGHT="59" CONTENT="l'art." WC="0.99" CC="001624"/>
						<SP ID="P49_SP00444" HPOS="3295" VPOS="4411" WIDTH="43"/>
						<String ID="P49_ST00488" HPOS="3338" VPOS="4315" WIDTH="83" HEIGHT="59" CONTENT="Je" WC="1.00" CC="00"/>
					</TextLine>
					<TextLine ID="P49_TL00044" HPOS="571" VPOS="4404" WIDTH="2850" HEIGHT="98">
						<String ID="P49_ST00489" HPOS="571" VPOS="4423" WIDTH="132" HEIGHT="61" CONTENT="sais" WC="0.99" CC="0400"/>
						<SP ID="P49_SP00445" HPOS="703" VPOS="4484" WIDTH="44"/>
						<String ID="P49_ST00490" HPOS="747" VPOS="4423" WIDTH="164" HEIGHT="79" CONTENT="qu'il" WC="0.99" CC="04003"/>
						<SP ID="P49_SP00446" HPOS="911" VPOS="4502" WIDTH="44"/>
						<String ID="P49_ST00491" HPOS="955" VPOS="4440" WIDTH="81" HEIGHT="42" CONTENT="ne" WC="0.98" CC="00"/>
						<SP ID="P49_SP00447" HPOS="1036" VPOS="4502" WIDTH="43"/>
						<String ID="P49_ST00492" HPOS="1079" VPOS="4438" WIDTH="67" HEIGHT="42" CONTENT="se" WC="0.89" CC="02"/>
						<SP ID="P49_SP00448" HPOS="1146" VPOS="4502" WIDTH="41"/>
						<String ID="P49_ST00493" HPOS="1187" VPOS="4418" WIDTH="129" HEIGHT="62" CONTENT="fait" WC="0.98" CC="5300"/>
						<SP ID="P49_SP00449" HPOS="1316" VPOS="4502" WIDTH="40"/>
						<String ID="P49_ST00494" HPOS="1356" VPOS="4435" WIDTH="117" HEIGHT="62" CONTENT="pas" WC="0.97" CC="070"/>
						<SP ID="P49_SP00450" HPOS="1473" VPOS="4502" WIDTH="44"/>
						<String ID="P49_ST00495" HPOS="1517" VPOS="4433" WIDTH="112" HEIGHT="42" CONTENT="sur" WC="0.97" CC="017"/>
						<SP ID="P49_SP00451" HPOS="1629" VPOS="4502" WIDTH="41"/>
						<String ID="P49_ST00496" HPOS="1670" VPOS="4413" WIDTH="415" HEIGHT="69" CONTENT="commande," WC="0.99" CC="020006060"/>
						<SP ID="P49_SP00452" HPOS="2085" VPOS="4502" WIDTH="47"/>
						<String ID="P49_ST00497" HPOS="2132" VPOS="4409" WIDTH="163" HEIGHT="80" CONTENT="qu'il" WC="0.99" CC="05003"/>
						<SP ID="P49_SP00453" HPOS="2295" VPOS="4502" WIDTH="42"/>
						<String ID="P49_ST00498" HPOS="2337" VPOS="4409" WIDTH="213" HEIGHT="61" CONTENT="existe" WC="0.97" CC="560257"/>
						<SP ID="P49_SP00454" HPOS="2550" VPOS="4502" WIDTH="41"/>
						<String ID="P49_ST00499" HPOS="2591" VPOS="4426" WIDTH="83" HEIGHT="43" CONTENT="en" WC="0.33" CC="66"/>
						<SP ID="P49_SP00455" HPOS="2674" VPOS="4502" WIDTH="40"/>
						<String ID="P49_ST00500" HPOS="2714" VPOS="4406" WIDTH="119" HEIGHT="61" CONTENT="soi." WC="0.99" CC="0042"/>
						<SP ID="P49_SP00456" HPOS="2833" VPOS="4502" WIDTH="47"/>
						<String ID="P49_ST00501" HPOS="2880" VPOS="4408" WIDTH="83" HEIGHT="59" CONTENT="Je" WC="0.77" CC="04"/>
						<SP ID="P49_SP00457" HPOS="2963" VPOS="4502" WIDTH="41"/>
						<String ID="P49_ST00502" HPOS="3004" VPOS="4404" WIDTH="149" HEIGHT="82" CONTENT="puis" WC="0.99" CC="0330"/>
						<SP ID="P49_SP00458" HPOS="3153" VPOS="4502" WIDTH="44"/>
						<String ID="P49_ST00503" HPOS="3197" VPOS="4404" WIDTH="224" HEIGHT="61" CONTENT="suivre" WC="0.99" CC="030060"/>
					</TextLine>
					<TextLine ID="P49_TL00045" HPOS="566" VPOS="4496" WIDTH="2855" HEIGHT="93">
						<String ID="P49_ST00504" HPOS="566" VPOS="4514" WIDTH="235" HEIGHT="61" CONTENT="l'essor" WC="1.00" CC="0100002"/>
						<SP ID="P49_SP00459" HPOS="801" VPOS="4575" WIDTH="36"/>
						<String ID="P49_ST00505" HPOS="837" VPOS="4514" WIDTH="81" HEIGHT="61" CONTENT="de" WC="1.00" CC="00"/>
						<SP ID="P49_SP00460" HPOS="918" VPOS="4575" WIDTH="32"/>
						<String ID="P49_ST00506" HPOS="950" VPOS="4511" WIDTH="308" HEIGHT="71" CONTENT="l'artiste," WC="1.00" CC="0005400002"/>
						<SP ID="P49_SP00461" HPOS="1258" VPOS="4582" WIDTH="41"/>
						<String ID="P49_ST00507" HPOS="1299" VPOS="4508" WIDTH="115" HEIGHT="81" CONTENT="qui" WC="0.98" CC="040"/>
						<SP ID="P49_SP00462" HPOS="1414" VPOS="4589" WIDTH="37"/>
						<String ID="P49_ST00508" HPOS="1451" VPOS="4504" WIDTH="344" HEIGHT="83" CONTENT="disparaît," WC="1.00" CC="0020140103"/>
						<SP ID="P49_SP00463" HPOS="1795" VPOS="4589" WIDTH="37"/>
						<String ID="P49_ST00509" HPOS="1832" VPOS="4504" WIDTH="93" HEIGHT="61" CONTENT="tel" WC="0.99" CC="003"/>
						<SP ID="P49_SP00464" HPOS="1925" VPOS="4589" WIDTH="38"/>
						<String ID="P49_ST00510" HPOS="1963" VPOS="4523" WIDTH="89" HEIGHT="40" CONTENT="un" WC="0.68" CC="06"/>
						<SP ID="P49_SP00465" HPOS="2052" VPOS="4589" WIDTH="39"/>
						<String ID="P49_ST00511" HPOS="2091" VPOS="4501" WIDTH="268" HEIGHT="73" CONTENT="condor," WC="0.99" CC="0060024"/>
						<SP ID="P49_SP00466" HPOS="2359" VPOS="4589" WIDTH="42"/>
						<String ID="P49_ST00512" HPOS="2401" VPOS="4499" WIDTH="166" HEIGHT="63" CONTENT="dans" WC="1.00" CC="0000"/>
						<SP ID="P49_SP00467" HPOS="2567" VPOS="4589" WIDTH="39"/>
						<String ID="P49_ST00513" HPOS="2606" VPOS="4499" WIDTH="114" HEIGHT="61" CONTENT="des" WC="1.00" CC="000"/>
						<SP ID="P49_SP00468" HPOS="2720" VPOS="4589" WIDTH="35"/>
						<String ID="P49_ST00514" HPOS="2755" VPOS="4497" WIDTH="263" HEIGHT="82" CONTENT="régions" WC="1.00" CC="2200000"/>
						<SP ID="P49_SP00469" HPOS="3018" VPOS="4589" WIDTH="32"/>
						<String ID="P49_ST00515" HPOS="3050" VPOS="4496" WIDTH="371" HEIGHT="66" CONTENT="inconneus" WC="0.83" CC="000500035"/>
					</TextLine>
					<TextLine ID="P49_TL00046" HPOS="572" VPOS="4602" WIDTH="749" HEIGHT="85">
						<String ID="P49_ST00516" HPOS="572" VPOS="4643" WIDTH="87" HEIGHT="7" CONTENT="—" WC="0.20" CC="8"/>
						<SP ID="P49_SP00470" HPOS="659" VPOS="4650" WIDTH="44"/>
						<String ID="P49_ST00517" HPOS="703" VPOS="4611" WIDTH="71" HEIGHT="57" CONTENT="et" WC="0.92" CC="01"/>
						<SP ID="P49_SP00471" HPOS="774" VPOS="4668" WIDTH="42"/>
						<String ID="P49_ST00518" HPOS="816" VPOS="4606" WIDTH="68" HEIGHT="81" CONTENT="je" WC="0.81" CC="30"/>
						<SP ID="P49_SP00472" HPOS="884" VPOS="4687" WIDTH="46"/>
						<String ID="P49_ST00519" HPOS="930" VPOS="4604" WIDTH="149" HEIGHT="83" CONTENT="puis" WC="0.98" CC="0640"/>
						<SP ID="P49_SP00473" HPOS="1079" VPOS="4687" WIDTH="47"/>
						<String ID="P49_ST00520" HPOS="1126" VPOS="4602" WIDTH="195" HEIGHT="82" CONTENT="prier." WC="0.99" CC="001067"/>
					</TextLine>
				</TextBlock>
				<TextBlock ID="P49_TB00003" HPOS="2276" VPOS="4638" WIDTH="958" HEIGHT="69" STYLEREFS="TXT_0 PAR_RIGHT">
					<TextLine ID="P49_TL00047" HPOS="2281" VPOS="4644" WIDTH="949" HEIGHT="63">
						<String ID="P49_ST00521" HPOS="2281" VPOS="4644" WIDTH="303" HEIGHT="63" CONTENT="ADOLF" WC="0.93" CC="01100"/>
						<SP ID="P49_SP00474" HPOS="2584" VPOS="4707" WIDTH="42"/>
						<String ID="P49_ST00522" HPOS="2626" VPOS="4644" WIDTH="247" HEIGHT="63" CONTENT="LOOS." WC="0.81" CC="04400"/>
						<SP ID="P49_SP00475" HPOS="2873" VPOS="4707" WIDTH="49"/>
						<String ID="P49_ST00523" HPOS="2922" VPOS="4658" WIDTH="126" HEIGHT="40" CONTENT="trad." WC="0.53" CC="65470"/>
						<SP ID="P49_SP00476" HPOS="3048" VPOS="4707" WIDTH="35"/>
						<String ID="P49_ST00524" HPOS="3083" VPOS="4654" WIDTH="56" HEIGHT="44" CONTENT="c." WC="0.70" CC="05"/>
						<SP ID="P49_SP00477" HPOS="3139" VPOS="4707" WIDTH="29"/>
						<String ID="P49_ST00525" HPOS="3168" VPOS="4653" WIDTH="62" HEIGHT="45" CONTENT="G." WC="0.98" CC="00"/>
					</TextLine>
				</TextBlock>
			</PrintSpace>
		</Page>
	</Layout>
</alto>
