4198 5618
3446 4834 87 57 53

823 642 117 63 Ces
986 659 159 64 gens
1191 640 52 61 si
1287 639 478 62 ressemblants
1811 640 189 58 entre
2043 654 130 42 eux
2217 654 86 41 au
2349 630 288 82 premier
2679 629 214 62 abord
2937 630 67 58 et
3048 629 156 55 tous
3250 640 93 44 un
3389 639 132 62 peu

647 734 205 81 fripés
918 739 68 57 et
1049 734 208 60 ternis
1303 734 450 77 surprennent
1799 749 120 61 par
1961 727 444 62 l'affolement
2451 722 271 62 craintif
2769 720 168 59 dont
2981 718 79 60 ils
3109 713 412 65 descendent

652 825 90 61 du
789 825 214 61 métro
1050 825 38 61 à
1132 822 230 64 l'arrêt
1406 828 68 56 et
1519 840 168 43 vous
1734 820 329 61 étonnent
2107 835 122 61 par
2271 817 64 60 la
2383 813 333 63 certitude
2762 811 214 61 calme
3021 825 166 44 avec
3230 805 291 78 laquelle

646 918 83 61 ils
771 937 68 42 se
881 918 405 80 précipitent
1330 916 166 61 dans
1535 915 93 61 les
1670 930 271 63 wagons
1983 928 239 44 encore
2261 911 156 58 tout
2456 905 408 62 tremblants
2910 901 79 61 de
3028 901 66 59 la
3138 898 273 61 marche
3453 899 70 56 et

652 1028 259 43 comme
944 1008 181 81 prêts
1159 1008 35 61 à
1226 1008 266 61 éclater.

822 1101 159 61 Près
1030 1101 81 61 de
1154 1101 66 61 la
1269 1099 208 61 caisse
1523 1096 425 63 s'entretient
1993 1094 483 78 bruyamment
2523 1108 92 42 un
2661 1104 254 63 groupe
2964 1081 391 62 d'ouvriers.
3407 1079 112 61 Un

652 1192 270 61 homme
971 1213 81 40 en
1103 1192 299 78 chapeau
1452 1189 152 80 gris,
1656 1208 87 40 au
1794 1206 120 41 nez
1963 1184 266 73 crochu,
2281 1201 137 42 aux
2466 1181 245 79 petites
2761 1175 452 70 moustaches,
3267 1170 256 63 semble

651 1286 150 79 plus
847 1284 180 79 agité
1072 1302 131 61 que
1245 1284 91 59 les
1384 1286 247 57 autres.
1682 1280 103 60 En
1831 1277 252 63 faisant
2131 1275 111 61 des
2288 1277 217 76 gestes
2552 1269 315 64 saccadés
2911 1272 70 56 et
3025 1264 403 62 tranchants
3472 1262 47 59 il

659 1374 132 62 crie
835 1396 14 40 :

735 1504 88 5 —
866 1467 169 61 Mais
1084 1465 131 73 oui,
1267 1465 168 61 mais
1484 1463 130 71 oui,
1668 1460 229 81 quand
1946 1479 91 42 un
2085 1458 271 61 homme
2403 1453 317 80 s'éloigne
2769 1452 90 60 du
2908 1450 262 79 peuple,
3223 1465 73 42 ce
3343 1445 176 61 n'est

649 1558 244 80 jamais
937 1560 59 59 le
1042 1558 240 80 peuple
1328 1556 113 80 qui
1485 1575 44 59 y
1575 1553 181 81 perd,
1807 1551 168 63 mais
2015 1550 322 61 l'homme
2380 1545 364 62 lui-même.

827 1685 86 7 —
962 1650 148 71 Oui,
1167 1648 168 61 mais
1384 1646 254 63 Briand
1672 1646 101 60 ?...

823 1777 88 6 —
959 1739 101 63 Oh
1091 1741 12 59 !
1155 1743 105 57 cet
1306 1756 69 43 os
1421 1738 112 61 n'a
1577 1755 130 61 que
1750 1739 154 75 trop
1948 1731 262 81 trempé
2258 1729 166 61 dans
2469 1746 109 42 ma
2625 1743 208 62 soupe
2877 1726 68 59 et
2987 1721 66 81 je
3097 1739 85 43 ne
3224 1721 295 78 regrette

654 1849 119 61 pas
828 1831 80 61 de
959 1833 61 59 le
1069 1831 173 79 jeter
1291 1848 137 42 aux
1479 1829 247 59 chiens.

825 1922 149 63 Une
1020 1924 159 59 voix
1223 1921 286 62 timbrée
1555 1924 69 58 et
1670 1919 212 59 douce
1927 1917 100 59 dit
2073 1915 396 80 gravement
2518 1932 14 41 :

820 2051 88 7 —
952 2014 178 62 C'est
1155 2012 222 61 bien...
1413 2012 50 59 Il
1489 2012 151 59 faut
1665 2009 208 61 croire
1899 2026 128 61 que
2049 2007 61 59 le
2136 2004 301 60 meilleur
2464 2002 80 61 de
2569 2019 73 42 ce
2669 1998 161 80 qu'il
2859 2015 35 44 a
2923 2015 92 61 pu
3040 2012 169 44 nous
3238 1992 283 71 donner,

652 2107 46 59 il
747 2105 246 63 l'avait
1047 2105 218 61 donné
1314 2109 70 55 et
1433 2103 523 61 maintenant....

820 2234 86 5 —
952 2197 186 61 Nous
1186 2214 286 42 sommes
1523 2193 294 61 devenus
1866 2191 149 78 plus
2061 2186 234 72 riches,
2347 2188 68 58 et
2459 2183 95 61 lui
2601 2183 149 80 plus
2798 2195 327 64 pauvre...

823 2288 478 78 Tout-à-coup,
1369 2305 89 42 un
1523 2285 174 79 petit
1760 2283 189 59 chien
2004 2296 172 45 roux
2251 2278 188 59 vient
2522 2293 67 42 se
2645 2274 173 78 jeter
2879 2271 166 61 dans
3125 2269 64 60 le
3263 2283 256 63 groupe

651 2381 96 59 La
776 2379 244 80 langue
1057 2379 180 72 tirée,
1270 2379 65 60 la
1369 2395 216 62 queue
1618 2395 81 40 en
1729 2374 168 71 l'air,
1932 2373 45 59 il
2009 2371 191 61 flaire
2229 2369 93 61 les
2358 2366 186 81 pieds
2579 2366 114 59 des
2725 2378 378 64 voyageurs
3136 2364 68 56 et
3238 2357 286 61 cherche

654 2474 268 66 autour,
972 2488 163 42 avec
1181 2488 100 42 ses
1326 2468 209 79 petits
1579 2484 179 60 yeux
1799 2461 435 81 intelligents.

825 2562 107 61 Un
969 2562 269 60 homme
1270 2561 158 71 fort,
1467 2559 37 61 à
1538 2557 284 80 grandes
1858 2552 450 70 moustaches,
2347 2569 82 41 en
2464 2547 232 61 blouse
2730 2544 286 62 blanche
3048 2545 199 58 toute
3279 2539 245 61 tachée

654 2652 81 61 de
784 2654 324 69 couleurs,
1160 2652 231 59 enlève
1438 2650 447 78 élégamment
1932 2662 121 43 son
2104 2642 301 78 chapeau
2454 2644 68 55 et
2571 2637 323 61 s'adresse
2942 2652 86 42 au
3077 2630 178 81 petit
3301 2628 223 63 chien.

827 2779 88 9 —
959 2745 57 59 V
1027 2747 145 57 otre
1230 2742 189 61 billet
1452 2742 32 59 ?

827 2835 101 61 On
972 2835 90 61 rit
1106 2835 498 78 bruyamment.
1653 2830 93 61 Le
1792 2826 212 72 chien,
2053 2821 406 82 s'accroupit
2505 2821 35 60 à
2588 2837 100 44 ses
2733 2818 190 80 pieds
2967 2833 81 44 en
3094 2833 68 43 se
3206 2815 313 78 grattant

649 2926 276 61 l'oreille
966 2926 81 60 de
1081 2926 64 60 la
1186 2928 211 76 patte.
1441 2923 351 59 L'homme
1827 2920 326 76 l'attrape
2192 2915 166 61 dans
2398 2930 100 44 ses
2539 2911 176 71 bras,
2754 2909 61 60 le
2852 2908 274 61 soulève
3164 2909 67 56 et
3270 2903 251 61 chante

651 3036 83 43 en
788 3018 376 61 sautilllant
1221 3038 12 41 :

823 3145 87 7 —
954 3108 335 71 Mariette,

823 3199 112 61 Ma
983 3199 213 80 petite
1242 3196 408 62 Mariette....

825 3292 198 59 Deux
1060 3307 280 63 garçons
1379 3287 606 78 l'accompagnent.
2066 3280 154 63 Une
2276 3279 181 71 voix,
2501 3275 200 63 crâne
2739 3277 69 59 et
2843 3272 222 81 jeune,
3106 3267 290 83 reprend
3438 3265 86 61 de

657 3401 122 42 son
840 3382 149 59 côté
1052 3402 12 39 :

820 3511 86 5 —
952 3473 213 61 Notre
1211 3470 246 63 travail
1507 3473 102 58 est
1653 3468 66 60 la
1768 3467 159 61 base
1978 3465 80 61 de
2104 3463 66 61 la
2222 3458 425 64 civilisation.

822 3566 179 60 Tout
1045 3565 61 59 le
1154 3563 245 61 monde
1445 3580 68 42 se
1560 3575 411 63 cramponne
2017 3573 87 44 au
2153 3553 118 61 dos
2320 3553 82 59 de
2444 3548 339 64 l'ouvrier.

823 3656 102 59 De
969 3653 279 61 l'orifice
1296 3653 198 61 blanc
1543 3649 88 61 du
1678 3648 239 61 tunnel
1965 3644 276 63 s'enfuit
2285 3643 62 61 le
2395 3643 301 57 monstre
2740 3633 478 72 monoculaire,
3267 3631 259 61 faisant

651 3748 320 59 trembler
1006 3748 93 59 les
1143 3746 104 59 fils
1286 3744 211 80 perlés
1540 3743 79 61 de
1655 3743 259 76 lampes
1953 3736 396 79 électriques
2380 3754 13 51 ;
2437 3751 92 42 un
2569 3736 195 56 autre
2801 3727 220 63 arrive
3060 3727 37 60 à
3135 3727 64 60 la
3240 3722 288 70 station*

651 3839 233 61 enlève
923 3837 347 61 vivement
1308 3839 227 58 toutes
1573 3834 95 59 les
1711 3848 360 64 personnes
2134 3827 115 80 qui
2310 3822 383 71 attendent,
2757 3824 88 68 et,
2908 3819 274 69 sifflant,
3245 3834 27 42 s
3306 3812 218 63 enfuit

654 3931 149 79 plus
834 3929 138 61 loin
1006 3929 164 61 dans
1203 3929 93 59 les
1328 3925 444 82 profondeurs
1807 3922 81 61 de
1919 3922 64 59 la
2015 3924 199 68 terre,
2249 3917 85 61 où
2368 3914 220 64 arrive
2639 3914 62 61 le
2740 3912 210 61 chant
3006 3907 373 79 triomphal
3440 3903 88 61 de

651 4022 64 61 la
756 4020 252 80 grande
1047 4020 130 61 cité
1215 4017 358 63 mondiale.

823 4297 207 61 L'eau
1064 4292 266 63 trouble
1364 4295 67 58 et
1463 4289 317 62 verdâtre
1814 4289 88 60 du
1938 4290 154 76 port
2127 4283 81 61 de
2244 4280 213 64 Gênes
2491 4283 104 58 est
2625 4282 196 57 toute
2855 4278 322 60 couverte
3211 4272 81 61 de
3324 4289 168 62 pous-

651 4390 188 70 sière,
879 4392 88 66 et,
1010 4405 111 41 sur
1159 4404 71 42 sa
1270 4383 215 61 mince
1524 4382 271 71 couche,
1834 4380 61 61 le
1934 4377 183 61 soleil
2159 4375 82 61 de
2276 4373 166 61 midi
2478 4373 172 78 jette
2689 4370 114 61 des
2840 4368 230 61 reflets
3108 4363 311 81 argentés
3458 4365 70 57 et

652 4482 209 61 brode
908 4480 113 59 des
1065 4476 205 61 fleurs
1318 4473 269 63 nacrées
1634 4473 309 78 étranges
1988 4487 114 42 sur
2144 4468 93 59 les
2283 4465 234 61 tâches
2562 4463 336 59 huileuses
2947 4460 81 59 de
3072 4456 279 80 pétrole.

823 4573 95 59 Le
962 4575 154 76 port
1160 4573 104 58 est
1308 4565 357 64 encombré
1712 4565 82 61 de
1839 4561 266 63 navires
2153 4559 81 61 de
2278 4561 229 58 toutes
2549 4556 95 59 les
2689 4553 271 61 nations
2991 4571 13 53 ;
3052 4551 178 59 l'eau
3275 4548 139 61 sale
3460 4549 71 58 et

649 4680 225 64 grasse
918 4663 239 79 s'agite
1199 4659 408 80 légèrement
1651 4659 192 60 entre
1883 4654 94 63 les
2022 4653 203 61 hauts
2271 4649 203 61 bords
2523 4648 82 60 de
2647 4646 322 61 bateaux.
3021 4642 104 61 On
3170 4637 254 65 entend
3467 4637 64 61 le
