4198 5618
770 4789 89 63 58

1778 504 812 138 Archipenko

2083 711 125 39 Tout
2237 712 44 37 le
2313 708 170 38 monde
2517 699 194 44 connaît
2741 697 136 42 l'œuf
2915 700 56 37 de
3004 696 291 49 Christophe
3328 694 197 42 Colomb

2087 767 93 50 Qui
2214 763 118 42 était
2358 776 61 24 un
2446 761 102 39 œuf
2574 759 100 47 plat
2706 759 89 35 fixe
2827 755 135 38 l'œuf
3001 756 108 35 dun
3148 754 257 37 inventeur

2083 823 66 39 La
2176 822 245 47 sculpture
2462 812 353 48 d'Archipenko
2848 812 73 37 est
2968 811 44 36 le
3048 822 17 25 l
3071 811 42 22 er
3142 809 105 37 œuf
3272 807 190 40 ovoïdal

2192 875 255 41 Maintenu
2481 884 58 26 en
2581 866 236 51 équilibre
2852 868 188 36 intense

2252 930 190 41 Comme
2469 938 92 27 une
2593 926 167 46 toupie
2794 922 237 38 immobile

2424 982 89 43 Sur
2545 993 51 28 sa
2626 982 167 48 pointe
2818 975 186 40 animée

2829 1040 161 39 Blaise
3046 1038 265 42 Cendrars.

949 1186 184 61 Dans
1172 1203 129 42 une
1337 1182 157 61 salle
1533 1181 80 59 de
1650 1181 284 67 concert,
1972 1172 242 63 l'autre
2248 1169 169 81 jour,
2456 1164 44 61 il
2537 1182 68 43 se
2639 1165 267 65 trouva,
2947 1155 354 63 au-dessus
3340 1155 113 63 des
3490 1155 108 61 vio-

776 1280 149 58 lons
969 1279 225 69 bruns,
1242 1277 111 59 des
1392 1275 173 61 fracs
1607 1289 197 52 noirs,
1850 1270 113 60 des
2000 1267 158 61 rires
2207 1277 235 63 rouges
2485 1262 64 56 et
2593 1255 113 61 des
2747 1253 259 78 visages
3048 1250 254 71 blancs,
3348 1269 92 40 un
3482 1248 152 63 chef

778 1370 409 61 d'orchestre
1232 1367 359 61 inattendu
1636 1401 85 6 -—
1770 1382 129 41 non
1949 1379 119 62 pas
2115 1375 92 44 un
2256 1352 147 64 chef
2454 1350 37 61 d
2524 1348 338 63 orchestre
2915 1362 157 44 :un
3125 1341 150 61 chef
3326 1341 81 61 de
3455 1341 110 61 vie
3617 1363 14 43 :

783 1480 128 43 une
952 1480 229 43 œuvre
1221 1460 195 69 d'art,
1460 1475 129 43 une
1628 1455 333 81 plastique
2002 1445 511 81 d'Archipenko,
2557 1438 227 83 placée
2823 1457 85 42 au
2950 1435 227 62 milieu
3221 1435 81 59 de
3340 1435 64 59 la
3448 1435 183 72 salle,

781 1572 261 42 comme
1084 1572 129 40 une
1254 1550 255 62 fenêtre
1550 1551 274 58 ouverte
1867 1546 35 61 à
1943 1550 152 54 tous
2134 1541 92 59 les
2266 1536 307 63 horizons
2615 1533 88 59 du
2745 1529 266 71 monde,
3057 1545 261 44 comme
3358 1546 93 41 un
3496 1526 104 63 dia-

783 1650 191 57 mant
1010 1645 113 79 qui
1159 1661 313 44 consume
1508 1660 79 42 en
1619 1638 341 62 lui-même
1994 1638 223 59 toutes
2251 1633 93 59 les
2378 1629 306 61 flammes
2723 1624 78 61 de
2835 1624 64 61 la
2937 1639 232 44 source
3204 1619 427 81 septicoiore,

784 1756 89 41 un
922 1738 345 78 récepteur
1316 1736 88 61 du
1453 1736 432 59 mouvement
1933 1727 345 63 extérieur.

956 1829 86 61 Ce
1093 1829 152 78 jour
1294 1827 85 73 là,
1438 1846 90 41 un
1582 1824 240 61 nouvel
1878 1827 105 56 art
2036 1819 167 61 était
2256 1816 100 60 né.

956 1921 191 60 Cette
1203 1919 211 61 forme
1470 1917 324 70 difforme,
1821 1932 79 43 en
1956 1912 134 61 tôle
2146 1904 384 83 blanc-poli,
2591 1902 337 61 semblant
2986 1897 140 62 être
3172 1899 71 59 le
3299 1895 335 63 véritable

783 2012 323 61 réservoir
1152 2012 200 59 d'une
1396 2010 106 61 vie
1548 2029 129 59 que
1724 2026 163 42 nous
1934 2009 222 57 autres
2203 2002 304 61 alentour
2557 2019 11 39 :
2620 1995 356 71 orchestre,
3026 1992 336 71 auditeur,
3414 1990 217 73 salles,

788 2105 272 61 vitraux
1118 2108 66 56 et
1240 2103 340 70 tableaux,
1641 2100 303 80 croyions
2000 2097 205 59 vivre.
2264 2090 227 64 Miroir
2547 2086 330 63 enchanté
2908 2088 12 59 !

959 2197 91 59 Et
1099 2197 155 59 telle
1304 2200 102 56 est
1453 2195 65 59 la
1567 2191 271 63 mission
1890 2191 80 60 de
2017 2193 193 56 toute
2244 2202 227 45 œuvre
2522 2181 196 71 d'art,
2750 2180 78 61 de
2881 2178 179 63 créer
3109 2195 133 44 une
3257 2268 12 10 _
3292 2175 344 62 existence

784 2286 227 80 puisée
1054 2307 79 40 en
1177 2285 466 72 nous-mêmes,
1690 2281 403 63 c'est-à-dire
2137 2280 163 60 dans
2344 2274 166 63 celui
2552 2273 114 81 qui
2706 2273 65 61 la
2811 2271 298 81 regarde,
3157 2268 117 81 qui
3314 2269 66 60 la
3421 2268 83 61 lit
3546 2286 87 43 ou

786 2379 115 80 qui
939 2379 320 61 l'entend.
1303 2376 232 63 D'être
1568 2378 61 59 le
1667 2376 191 61 reflet
1899 2374 78 63 de
2014 2374 64 60 la
2117 2373 125 59 vie.

956 2471 103 59 En
1093 2471 157 59 effet
1284 2491 12 39 :
1330 2471 64 59 la
1426 2469 126 71 vie,
1589 2473 189 55 notre
1809 2467 125 70 vie,
1972 2464 155 61 celle
2161 2464 78 59 de
2270 2466 154 56 tous
2452 2459 95 61 les
2578 2457 183 80 jours
2794 2461 100 56 est
2930 2456 35 61 à
2998 2456 64 61 la
3096 2456 161 59 base
3291 2452 81 61 de
3404 2456 230 57 toutes

783 2562 91 61 les
905 2562 426 80 impressions
1362 2561 367 71 humaines,
1765 2564 64 56 et
1861 2559 161 61 c'est
2051 2557 119 61 elle
2202 2554 112 81 qui
2347 2552 141 61 doit
2520 2550 136 63 être
2684 2550 60 61 le
2774 2549 398 62 fondement
3204 2547 80 61 de
3314 2550 158 56 tout
3502 2547 131 59 art.

956 2654 96 61 La
1088 2654 106 61 vie
1233 2676 10 39 :
1284 2674 132 41 non
1453 2672 117 61 pas
1606 2654 62 61 la
1707 2677 22 31 «
1765 2655 239 58 nature
2038 2674 42 47 »,
2119 2650 154 60 telle
2308 2666 127 61 que
2469 2645 92 61 les
2598 2644 239 79 esprits
2871 2644 64 59 la
2974 2642 234 59 voient
3243 2657 241 42 encore
3518 2657 79 42 au-

784 2745 343 78 jourd'hui
1155 2769 10 39 :
1193 2762 293 64 paysage
1508 2750 67 56 et
1599 2769 24 32 «
1645 2749 269 57 natures
1938 2745 245 58 mortes
2209 2764 40 37 ».
2276 2738 168 61 Mais
2468 2757 84 41 au
2578 2735 330 63 contraire
2935 2757 12 39 :
2971 2735 64 61 la
3062 2738 242 58 nature
3328 2730 305 74 vivante,

783 2838 66 61 la
903 2842 239 57 nature
1194 2838 336 71 humaine,
1585 2835 390 63 surnaturée
2031 2857 12 39 :
2099 2837 174 57 notre
2325 2830 99 62 vie
2451 2832 12 59 !

959 2928 408 61 Géométries
1406 2928 157 61 d'un
1599 2928 218 61 flocon
1858 2926 78 60 de
1972 2925 203 79 neige.
2219 2921 281 82 Spirales
2539 2920 112 61 des
2684 2920 132 79 jets
2855 2918 195 63 d'eau
3087 2920 68 59 et
3192 2913 441 66 arcs-en-ciel.

784 3019 210 61 Ponts
1035 3021 606 78 architectoniques
1685 3042 10 38 :
1741 3025 236 54 nature
2005 3019 12 60 !
2063 3018 310 78 Rapport
2413 3014 209 60 direct
2661 3031 164 43 avec
2862 3013 93 59 les
2998 3014 259 58 centres
3302 3006 337 81 d'énergie

786 3111 208 61 vitale
1057 3113 88 59 du
1206 3111 264 61 monde.
1536 3111 356 61 Nouvelles
1953 3109 264 61 valeurs
2276 3106 236 81 jaillies
2576 3106 112 59 des
2750 3104 425 80 expériences
3238 3099 396 81 chimiques.

788 3202 449 63 Grammaires
1267 3204 295 61 réduites
1596 3204 35 59 à
1665 3204 318 78 quelques
2014 3199 460 81 hiéroglyphes
2510 3199 80 59 de
2618 3197 415 80 l'alphabète
3069 3218 12 39 :
3116 3196 158 61 telle
3308 3197 103 58 est
3443 3196 196 57 notre

786 3296 308 60 nouvelle
1132 3301 259 57 nature.
1433 3296 286 79 Disques
1758 3294 366 79 astériques
2165 3294 111 59 des
2314 3307 204 65 gares.
2561 3290 198 61 Yeux
2796 3289 378 79 mystiques
3214 3289 116 59 des
3369 3287 265 80 phares.

788 3387 137 61 Cris
954 3389 235 78 jaunes
1221 3394 68 56 et
1320 3404 232 63 rouges
1585 3389 110 59 des
1726 3407 179 41 murs
1938 3406 79 42 en
2051 3384 425 81 décrépitude
2510 3406 10 40 :
2557 3407 24 32 «
2613 3384 222 62 Savon
2867 3382 259 63 Cadum
3159 3406 23 32 »
3214 3406 24 32 «
3269 3382 72 59 P.
3377 3380 74 59 L.
3487 3378 90 61 M.
3612 3400 26 34 »

778 3502 34 31 -«
862 3480 173 59 Lulu
1091 3504 24 32 »
1172 3502 12 39 :
1242 3480 438 80 épigrammes
1711 3482 10 59 !
1780 3478 259 63 Nouvel
2093 3477 304 62 ABC!
2456 3477 257 61 Nature
2742 3477 12 61 !

956 3572 320 60 L'artiste
1316 3572 80 60 de
1435 3590 118 42 nos
1591 3572 182 77 jours
1814 3590 80 41 ne
1933 3570 216 61 créera
2188 3570 148 78 plus
2376 3566 112 61 des
2527 3587 262 42 œuvres
2830 3566 198 72 d'art,
3055 3565 170 61 mais
3267 3563 81 63 de
3384 3563 66 61 la
3489 3561 145 63 Vie.

786 3661 334 63 Guetteur
1172 3665 110 59 des
1335 3663 411 61 révolutions
1799 3663 369 80 cosmiques
2222 3661 164 61 dans
2435 3660 437 62 l'infiniment
2894 3660 176 79 petit
3123 3677 239 62 espace
3414 3658 225 78 qu'est

784 3758 194 56 notre
1010 3758 154 57 tous
1196 3756 93 59 les
1321 3754 183 80 jours
1540 3778 42 48 »,
1619 3756 44 59 il
1697 3754 290 61 recréera
2019 3754 91 60 les
2146 3753 337 61 nouvelles
2517 3753 244 61 formes
2796 3753 114 79 qui
2942 3751 93 61 lui
3072 3754 156 58 sont
3262 3748 372 81 suggérées.

790 3846 52 59 Il
876 3846 354 62 cherchera
1264 3848 179 59 enfin
1475 3848 60 60 le
1568 3871 24 32 «
1623 3849 172 78 style
1828 3871 23 31 »
1885 3848 87 59 du
2004 3846 362 81 vingtième
2397 3844 211 75 siècle,
2645 3846 114 79 qui
2793 3863 166 44 nous
2993 3844 369 63 attendons
3394 3848 157 55 tous
3584 3839 54 63 si

783 3936 449 79 patiemment
1282 3975 87 6 —
1418 3937 559 82 impatiemment.

959 4030 85 61 Ce
1079 4032 180 76 style
1298 4052 11 39 :
1347 4030 44 60 il
1430 4049 164 42 nous
1628 4032 59 59 le
1719 4030 168 61 faut.
1927 4030 183 61 Nous
2146 4030 151 61 n'en
2330 4029 234 62 avions
2598 4030 169 80 plus,
2806 4047 110 44 car
2950 4047 168 43 nous
3153 4027 238 63 avions
3426 4025 212 82 perdu

783 4124 193 57 notre
1001 4122 295 79 religion.
1326 4124 188 61 L'art
1541 4124 112 59 des
1679 4122 162 63 trois
1870 4122 288 61 derniers
2183 4122 224 61 siècles
2434 4122 167 61 était
2627 4142 90 41 un
2744 4127 106 56 art
2876 4124 310 69 athéïste,
3216 4125 68 56 et
3309 4122 285 78 partant
3623 4139 13 40 :

783 4213 272 78 égoïste,
1091 4218 103 56 art
1226 4249 24 8 -
1281 4234 169 61 pour
1477 4249 25 8 -
1533 4215 234 59 artiste
1794 4251 84 5 —
1907 4232 132 42 non
2068 4249 25 8 -
2124 4213 300 61 créateur
2452 4215 82 59 de
2562 4215 341 61 nouvelles
2932 4213 287 61 valeurs.
3255 4213 91 60 Le
3379 4210 262 63 dernier

779 4306 214 78 grand
1027 4306 174 78 style
1235 4306 107 61 fut
1372 4306 278 63 inventé
1684 4327 120 59 par
1833 4306 93 61 les
1963 4306 388 80 Gothiques.
2391 4306 90 60 Et
2513 4327 285 59 presque
2828 4312 158 55 tous
3016 4308 95 59 les
3147 4305 249 81 grands
3429 4305 210 78 styles

778 4398 230 59 furent
1040 4398 437 79 l'expression
1514 4394 204 65 d'une
1772 4398 145 61 idée
1955 4398 242 63 divine.
2237 4398 207 73 Nous,
2485 4400 113 77 qui
2637 4418 210 43 avons
2883 4403 155 56 tous
3077 4398 215 81 perdu
3331 4415 122 42 nos
3492 4394 120 63 reli-

778 4489 213 80 gions,
1044 4510 167 42 nous
1260 4491 622 61 obstinerons-nous
1929 4491 229 80 quand
2203 4488 216 62 même
2464 4491 38 61 à
2527 4491 176 63 créer
2749 4511 91 41 un
2864 4493 195 78 style,
3086 4489 433 73 c'est-à-dire,
3546 4506 93 43 un

779 4581 305 78 symbole
1118 4582 32 61 ?
