4198 5618
3299 4884 41 60 9

428 584 215 70 BAY
710 586 227 68 RUM

1105 682 212 69 Dans
1367 685 99 66 tes
1516 685 302 71 cheveux
1864 687 167 69 s'est
2080 688 361 71 endormie

1110 783 393 70 L'alouette
1559 788 125 88 qui
1742 788 315 70 s'envola
2114 812 87 47 en
2262 793 340 68 chantant

1117 888 178 86 Quel
1359 890 169 68 était
1593 912 164 47 mon
1828 893 278 68 chemin

1962 986 294 70 Jamais
2309 988 68 90 je
2429 990 59 67 le
2538 986 435 70 retrouverai

1108 1074 138 68 Les
1306 1076 326 70 cascades

1488 1171 144 68 Des
1672 1173 251 88 petites
1969 1174 392 68 chevelures
2405 1176 182 68 dans
2634 1176 69 68 la
2747 1173 150 71 rive

1113 1271 131 71 Ces
1291 1273 239 69 étoiles
1577 1274 297 90 glissent
1919 1279 61 65 et
2023 1296 88 48 ne
2163 1278 283 67 brillent
2487 1298 135 69 pas

1102 1374 210 70 Dans
1374 1378 59 66 le
1489 1378 132 69 ciel
1677 1378 351 89 dépeuplé

1113 1477 403 70 Seulement
1567 1484 70 65 ta
1687 1482 356 68 chevelure
2094 1482 305 68 sidérale

1103 1581 293 69 Dénuée
1445 1603 129 47 sur
1625 1582 59 68 le
1735 1582 147 68 soir

1872 1677 130 68 Ces
2067 1677 330 88 flammes

1486 1777 251 70 Prière
1791 1799 91 48 ou
1938 1781 317 67 chanson

1103 1879 439 69 Donne-moi
1601 1886 70 62 ta
1725 1880 203 68 main

2444 1974 261 67 Allons

1110 2075 212 68 Dans
1369 2077 71 68 la
1486 2097 279 48 mousse
1816 2077 51 68 il
1909 2099 44 68 y
2002 2099 41 46 a
2094 2097 95 48 un
2238 2097 140 70 peu
2426 2077 81 68 de
2549 2075 332 92 musique

1110 2170 193 68 Fuir

1493 2283 149 50 vers
1703 2267 71 67 la
1833 2263 320 70 dernière
2214 2265 178 88 forêt

2351 2358 95 68 Et
2507 2356 183 68 dans
2754 2358 71 66 la
2886 2353 168 71 nuit

1115 2458 219 71 Vider
1393 2463 71 64 ta
1523 2460 354 67 chevelure
1938 2480 127 47 sur
2126 2458 367 69 l'univers.

2058 2609 451 69 VINCENT
2573 2604 573 72 HUIDOBRO.

1264 2887 620 86 SOLILOQUES
1926 2887 572 69 GAILLARDS

803 2981 312 70 Arclenie

809 3086 111 68 La
966 3084 266 90 fidélité
1266 3084 425 70 m'entraîne
1730 3106 127 48 sur
1899 3086 71 66 la
2008 3083 184 91 piste
2233 3103 139 69 par
2412 3086 71 64 ta
2521 3083 333 89 présence
2897 3081 223 69 tracée

804 3189 215 68 Deux
1076 3189 173 68 trois
1315 3189 267 68 baisers
1642 3189 227 88 froids
1930 3208 138 68 par
2126 3186 268 68 hasard
2453 3186 269 68 donnés

810 3294 112 68 La
971 3293 430 67 maladresse
1454 3293 213 67 d'une
1720 3291 286 68 étreinte
2055 3289 125 90 qui
2233 3291 313 83 devança
2598 3291 70 64 la
2717 3288 303 89 passion

820 3396 112 68 Tu
975 3416 89 46 ne
1105 3416 261 48 sauras
1405 3394 269 90 jamais
1720 3394 260 88 effacer
2023 3394 59 66 le
2126 3394 296 66 courant
2466 3391 161 88 déjà
2671 3391 190 66 tracé

809 3501 101 68 Le
947 3499 271 90 rythme
1257 3499 126 90 qui
1420 3520 73 47 se
1535 3501 202 86 glaça
1776 3498 181 67 dans
1999 3498 61 66 le
2097 3496 266 68 muscle
2400 3494 97 68 du
2543 3496 160 66 bras
2744 3492 124 90 qui
2910 3492 305 87 t'enlaça

822 3604 117 70 Un
995 3604 156 68 seul
1201 3603 256 89 soupir
1513 3601 190 68 brisé
1750 3621 85 48 en
1891 3601 184 66 deux

807 3763 100 68 Le
963 3782 140 69 peu
1163 3762 79 67 de
1298 3765 117 64 ton
1472 3760 280 68 haleine
1813 3758 494 87 brusquement
2365 3755 332 68 absorbée

815 3867 341 88 Changea
1208 3867 70 66 la
1330 3863 468 90 composition
1853 3862 80 66 de
1985 3880 146 51 mes
2185 3858 237 68 veines

807 3970 296 68 L'autre
1157 3970 161 86 flux
1373 3970 243 64 monta
1672 3985 149 49 vers
1881 3967 59 64 le
1999 3984 190 47 cœur

810 4075 283 85 Enlaça
1151 4075 96 66 les
1301 4072 195 88 nerfs

810 4178 65 68 A
920 4182 117 62 ton
1085 4177 169 67 insu
1296 4178 232 66 contre
1572 4177 114 64 ton
1731 4172 192 67 désir

814 4280 223 69 Creva
1095 4282 59 66 le
1212 4278 282 68 tableau
1554 4276 79 67 de
1691 4273 305 70 l'avenir

809 4373 111 68 La
975 4373 287 68 solidité
1317 4371 81 68 de
1454 4392 120 45 ma
1630 4368 169 90 folie
1858 4370 99 66 est
2016 4368 152 66 telle

810 4476 244 88 Qu'un
1113 4476 239 68 rocher
1406 4473 110 90 s'y
1579 4473 195 68 brisa
1831 4470 329 71 décroché
2212 4470 82 69 de
2351 4471 117 65 ton
2527 4488 192 49 cœur

809 4578 145 90 Qui
1014 4600 71 49 se
1141 4580 243 88 refusa
1413 4576 41 70 à
1486 4597 166 49 mon
1689 4593 273 51 amour.

2336 4671 493 81 LÉONARD
2873 4680 355 71 PIEUX.
