4198 5618
346 298 320 57 Aucassin
725 301 54 54 et
835 299 315 56 Nicolclle.
1220 299 47 54 Il
1328 301 97 52 est
1486 298 277 55 aimable
1823 296 79 56 de

258 372 371 58 s'entendre
695 375 225 53 conter
983 389 128 39 une
1176 372 266 56 histoire
1508 372 238 68 proche
1812 370 88 55 du

258 462 196 42 cœur.
519 447 296 57 Aubault
878 448 78 54 de
1016 448 63 54 la
1143 447 246 55 Haulte
1452 447 340 64 Chambre,
1856 460 46 56 y

256 524 278 68 apporte
600 523 110 54 des
776 523 171 54 soins
1013 521 378 54 d'officiant.
1460 519 312 56 L'auteur
1834 521 66 53 et

258 596 83 55 M.
385 596 195 55 Louis
624 596 76 55 de
742 596 346 71 Gonzague
1127 596 188 54 Frick
1353 597 148 51 sont
1538 594 88 54 les
1667 594 194 54 cheva-

254 670 150 56 liers
448 675 294 51 servants
786 672 109 52 des
937 670 217 71 grâces
1194 670 88 54 les
1323 668 142 70 plus
1508 667 269 56 subtiles
1821 667 78 54 de

254 745 65 55 la
349 745 236 71 langue
615 745 337 69 française,
988 746 62 53 et
1081 745 88 52 les
1204 743 278 54 derniers
1514 741 383 70 champions

256 819 81 54 de
381 817 65 55 la
492 819 304 68 politesse
844 821 64 52 et
957 817 78 55 de
1081 817 151 55 l'art
1281 816 84 54 du
1414 814 148 54 bien
1613 814 152 54 dire.

341 892 362 66 Evidences,
740 892 266 54 Lucien
1044 890 313 56 Daudet.
1394 889 247 54 Yeut-il
1677 889 184 54 rache-

254 970 102 52 ter
397 966 91 56 les
531 965 233 73 péchés
810 966 78 55 de
932 965 198 56 Léon.
1198 963 186 56 Voilà
1426 978 88 39 un
1560 963 130 54 bon
1733 963 162 54 livre

258 1041 39 56 à
341 1041 184 52 venir
571 1041 51 54 si
666 1039 300 66 l'auteur,
1016 1053 124 56 que
1184 1038 61 67 je
1293 1038 160 54 crois
1499 1034 132 56 très
1675 1036 217 69 jeune,

258 1112 323 71 dépouille
630 1129 127 39 une
813 1110 248 73 gravité
1113 1115 147 66 trop
1315 1110 316 56 naturelle
1687 1110 36 55 à
1777 1124 117 41 son

256 1187 134 72 âge.
436 1188 118 54 Les
598 1187 283 69 «Emploi
923 1187 87 54 du
1050 1188 241 68 temps»
1333 1188 64 53 et
1436 1185 90 54 les
1570 1203 22 31 «
1616 1183 274 56 Devoirs

256 1264 78 55 de
375 1276 338 41 vacances»
730 1263 115 52 ont
886 1261 85 53 du
1011 1259 127 55 bon
1181 1275 249 39 comme
1470 1259 97 55 dit
1607 1259 283 65 Lanson,

253 1337 162 54 mais
453 1351 123 54 que
612 1336 230 64 diable,
879 1332 263 56 écoutez
1177 1332 197 66 Léon,
1409 1346 271 57 mangez
1718 1334 77 52 de
1829 1332 63 56 la

253 1410 237 56 viande
517 1424 193 57 rouge
740 1412 65 52 et
834 1410 206 54 buvez
1071 1408 84 53 du
1186 1408 110 56 vin
1326 1408 175 68 frais,
1533 1412 64 51 et
1626 1408 227 55 rendez-

251 1500 161 42 vous
453 1485 37 55 à
524 1486 184 56 votre
746 1481 309 71 prochain
1096 1481 312 71 bouquin.

336 1557 174 56 Idées
575 1559 37 54 à
678 1557 298 55 l'Envers.
1050 1556 85 54 M.
1203 1556 252 54 André
1523 1556 364 54 Raymond

249 1637 99 52 est
402 1634 188 69 digne
644 1630 78 56 de
774 1629 287 71 présider
1111 1632 90 54 les
1259 1630 489 54 Suburbanistes
1804 1645 85 39 ou

248 1708 79 54 de
375 1706 352 58 collaborer
774 1720 82 39 au
915 1705 284 56 Mercure
1245 1705 71 54 de
1369 1706 257 55 France.
1682 1705 76 56 Je
1807 1720 82 39 ne

246 1781 320 59 résisterai
619 1794 115 55 pas
790 1796 83 37 au
928 1778 168 55 désir
1150 1779 78 54 de
1284 1781 158 52 citer
1494 1781 88 52 les
1640 1779 206 70 apoph-

243 1860 269 70 tegmes,
551 1859 355 61 sentences,
947 1854 347 69 proverbes
1337 1857 64 53 et
1440 1854 316 56 maximes
1801 1854 86 54 du

244 1930 400 61 sus-nommé
695 1947 13 40 :
764 1952 24 29 «
837 1930 103 56 Un
989 1930 185 71 foyer
1221 1943 149 41 sans
1421 1930 253 66 enfant,
1726 1930 161 54 c'est

241 2025 127 40 une
415 2008 168 56 forêt
644 2020 147 40 sans
842 2006 237 53 oiseau.
1128 2035 76 7 —
1255 2003 356 73 L'hygiène
1677 2008 64 51 et
1790 2004 90 55 les

243 2086 211 67 sports
478 2084 115 53 ont
619 2079 172 58 aussi
813 2081 170 54 leurs
1008 2077 325 71 voluptés.
1377 2109 75 7 —
1496 2079 384 56 Midinettes

241 2160 66 53 et
329 2159 271 54 trottins
624 2152 335 57 n'écoutez
1001 2153 232 70 jamais
1277 2153 90 56 les
1414 2175 21 29 «
1475 2153 148 70 jolis
1668 2174 21 29 »
1733 2169 114 54 pro-

239 2245 117 56 pos
400 2247 125 54 que
578 2230 88 56 les
700 2230 293 54 hommes
1035 2243 164 41 vous
1240 2228 325 66 tiennent,
1607 2230 77 52 ils
1729 2243 121 39 veu-

239 2306 137 56 lent
400 2309 188 53 votre
612 2304 205 54 ruine.
851 2335 76 6 —
961 2304 176 54 Ceux
1191 2302 108 70 qui
1355 2302 215 56 disent
1621 2304 58 53 le
1734 2302 149 70 plus

241 2379 78 56 de
358 2379 232 56 bêtises
629 2380 149 53 sont
817 2392 164 39 ceux
1020 2377 112 69 qui
1160 2392 77 39 en
1265 2377 146 54 font
1452 2379 57 52 le
1538 2379 232 54 moins.
1809 2407 74 7 —

241 2451 181 58 Paris
448 2468 149 41 sans
637 2467 97 40 ses
778 2453 376 53 midinettes
1182 2453 199 53 serait
1428 2451 235 56 Venise
1728 2467 155 39 sans

243 2526 303 71 gondoles
610 2545 42 35 ».
722 2524 51 56 Il
830 2541 46 54 y
937 2540 78 38 en
1050 2540 38 38 a
1123 2524 78 54 64
1248 2538 197 57 pages
1496 2528 66 52 et
1611 2526 135 54 cela
1795 2540 80 40 ne

241 2600 193 55 coûte
481 2599 202 71 qu'un
729 2599 184 56 franc
961 2599 374 69 cinquante,
1365 2600 83 53 oh
1479 2599 12 54 !
1548 2599 332 56 merveille

243 2675 111 54 des
410 2695 24 31 «
483 2677 293 67 comptes
830 2673 352 54 d'auteurs.
1245 2694 22 28 »

244 2748 271 56 Manuel
564 2748 83 56 du
698 2748 242 69 parfait
989 2748 370 54 aventurier.
1414 2748 131 54 Nul
1594 2748 161 56 livre
1811 2748 78 56 de

244 2821 163 55 P.M.
439 2822 237 56 Orlan
705 2836 80 39 ne
808 2822 247 53 saurait
1083 2821 133 54 être
1242 2819 393 57 indifférent.
1665 2821 187 55 L'éco-

243 2895 116 56 lier
404 2897 111 69 qui
558 2897 254 54 fouette
854 2895 88 54 les
988 2895 250 68 herbes,
1282 2895 60 56 le
1389 2917 20 27 «
1453 2897 149 54 blue
1650 2897 171 54 devil
1867 2917 22 31 »

244 2970 112 67 qui
426 2970 215 56 oublie
708 2970 292 54 l'infâme
1067 2968 231 58 métier
1362 2985 166 54 pour
1596 2971 293 66 chanter,

241 3041 334 59 l'écrivain
624 3042 111 70 qui
779 3058 163 39 nous
989 3046 170 51 reste
1206 3046 64 52 et
1316 3042 154 56 s'est
1518 3042 247 56 affirmé
1811 3059 78 41 en

241 3129 127 40 une
444 3119 403 69 magnifique
923 3117 300 54 nouvelle
1299 3115 258 71 publiée
1633 3132 118 56 par
1826 3119 64 56 la

241 3188 81 56 N.
368 3191 81 55 R.
493 3191 70 56 F.
608 3207 38 39 a
686 3190 215 56 dressé
939 3193 79 54 ici
1059 3208 90 39 un
1188 3191 167 70 petit
1397 3193 341 70 catalogue
1778 3193 111 56 des

243 3263 279 55 éditions
563 3263 289 55 récentes
896 3266 78 52 de
1013 3280 261 40 romans
1318 3264 418 56 d'aventures
1780 3268 112 69 qui

241 3339 278 69 pouvait
566 3339 134 56 être
746 3339 375 66 fastidieux,
1172 3340 112 68 qui
1331 3340 99 53 est
1475 3340 417 70 simplement

243 3413 365 54 charmant.
661 3413 51 54 Il
757 3429 163 38 nous
967 3415 293 52 entraîne
1303 3429 127 38 une
1475 3415 290 54 chanson
1812 3417 78 52 de

241 3488 190 52 route
497 3500 132 40 aux
691 3484 229 68 lèvres,
989 3501 160 41 avec
1210 3488 223 68 plaisir
1496 3503 164 39 nous
1728 3503 161 41 vous

241 3559 300 56 suivront
593 3561 71 54 P.
720 3561 85 52 M.
866 3561 218 66 Orlan,
1138 3576 144 40 vers
1335 3564 188 51 votre
1574 3562 316 70 prochain

241 3647 249 41 roman.

326 3706 101 54 Du
461 3705 296 57 cubisme.
796 3708 104 54 Un
935 3720 286 59 ouvrage
1255 3708 109 71 qui
1399 3723 139 41 sera
1574 3710 316 69 classique

241 3781 68 54 et
373 3781 113 67 qui
553 3796 149 39 sans
769 3786 308 64 apporter
1143 3782 109 55 des
1318 3781 174 56 idées
1560 3786 330 54 nouvelles

239 3867 134 41 aux
398 3852 239 69 initiés,
669 3854 170 55 situe
867 3859 67 50 et
964 3854 195 55 défini
1189 3857 56 52 le
1276 3857 250 54 cubiste
1555 3872 251 41 comme
1833 3859 57 54 le

239 3930 356 67 comprend
641 3930 76 54 A.
771 3930 312 56 Gleizes.
1135 3931 119 55 Les
1299 3931 432 56 illustrations
1780 3935 110 68 qui

238 4004 235 53 ornent
519 4004 103 53 cet
668 4016 286 58 ouvrage
998 4006 440 66 permettront
1484 4004 35 56 à
1569 4019 162 41 ceux
1780 4008 110 67 qui

236 4089 81 41 ne
356 4079 295 66 peuvent
690 4079 216 52 suivre
945 4077 88 56 les
1074 4079 401 69 expositions
1518 4079 76 56 de
1633 4079 259 57 vérifier

236 4146 91 56 les
370 4148 284 56 données
700 4150 78 54 de
820 4152 301 54 l'auteur.
1172 4152 126 54 Des
1343 4150 241 56 vérités
1629 4153 107 70 qui
1784 4153 71 54 dé-

232 4226 273 66 passent
566 4223 63 56 la
693 4224 229 70 simple
986 4223 268 57 volonté
1320 4226 79 54 de
1464 4231 423 65 commenter,

234 4299 68 52 et
366 4299 151 54 sont
583 4297 81 56 de
727 4297 350 58 véritables
1142 4301 215 71 leçons
1425 4301 460 71 d'esthétique.

234 4389 26 32 «
309 4368 304 60 L'œuvre
664 4370 175 56 d'art
889 4375 99 53 est
1037 4387 127 41 une
1215 4373 494 56 manifestation
1762 4377 96 68 spi-

229 4443 259 57 rituelle
544 4445 320 55 concrète.
974 4448 93 52 La
1121 4446 207 56 vérité
1399 4448 195 56 d'une
1665 4465 224 40 œuvre

229 4516 176 57 d'art
446 4533 68 40 se
554 4517 330 73 témoigne
928 4534 83 39 au
1055 4524 375 64 spectateur
1472 4526 418 54 exactement

229 4605 80 41 en
365 4605 147 43 sens
568 4594 327 54 contraire
950 4594 78 54 de
1084 4595 59 53 la
1199 4597 380 68 perception
1636 4597 158 69 qu'il
1851 4614 38 39 a

229 4665 90 54 du
361 4666 241 56 monde
646 4665 325 57 extérieur
1011 4665 148 57 réel.
1206 4668 181 56 Dans
1428 4670 63 54 la
1533 4668 225 58 réalité
1801 4671 86 55 du

226 4739 242 56 monde
556 4739 347 68 extérieur,
998 4741 159 56 c'est
1245 4743 274 54 d'abord
1604 4744 276 70 l'aspect

224 4812 330 73 physique
590 4815 112 55 des
739 4831 186 54 corps
962 4817 112 68 qui
1108 4817 230 69 frappe
1374 4817 515 58 exclusivement

224 4902 102 40 ses
378 4902 168 42 sens.
602 4888 284 71 L'esprit
939 4893 98 53 est
1091 4888 220 70 caché,
1364 4892 404 69 mystérieux
1819 4898 71 51 et

221 4959 45 56 il
324 4959 149 58 faut
527 4976 92 41 un
676 4963 193 56 effort
925 4978 168 56 pour
1145 4964 59 55 le
1260 4963 266 57 révéler.
1589 4964 179 56 Dans
1824 4968 65 56 la

222 5032 214 58 vérité
514 5035 198 56 d'une
793 5052 223 41 œuvre
1098 5037 193 68 d'art,
1372 5039 159 56 c'est
1611 5039 278 57 d'abord

221 5108 257 71 l'esprit
532 5112 114 69 qui
700 5112 232 71 frappe
988 5113 536 56 exclusivement.
1582 5113 307 72 L'aspect

217 5181 334 73 physique
610 5186 100 54 est
769 5185 220 67 caché,
1050 5185 407 72 mystérieux
1514 5191 66 53 et
1636 5188 44 56 il
1738 5190 149 55 faut

216 5271 93 41 un
361 5257 193 58 effort
603 5273 170 55 pour
820 5259 59 56 le
928 5257 266 58 révéler.
1247 5261 96 54 La
1392 5261 288 69 peinture
1728 5262 159 56 n'est

216 5328 159 60 donc
429 5347 122 57 pas
610 5347 124 42 une
793 5332 323 57 imitation
1171 5332 279 72 d'objets.
1509 5335 95 58 La
1660 5334 227 59 réalité

3380 458 30 32 'V

2019 2915 64 48 E3:

2435 501 1165 189 ACTION

2250 971 398 100 TARIF
2731 975 170 95 DE
2992 973 782 100 PUBLICITE:

2254 1190 220 93 Une
2545 1222 230 88 page
3410 1202 187 83 100
3661 1193 113 95 fr.

2256 1339 216 93 Une
2543 1339 600 118 demi-page..
3222 1412 51 20 ..
3461 1352 134 82 60
3658 1342 115 95 fr.

2254 1488 157 91 Un
2472 1507 266 99 quart
2797 1488 117 91 de
2980 1518 295 87 page..
3461 1498 134 85 40
3656 1490 115 96 fr.

2615 1769 83 58 20
2718 1766 110 79 0/0
2887 1766 85 61 de
3038 1766 362 59 reduction

2616 1876 175 59 pour
2870 1860 76 58 12
3014 1857 383 61 insertions

3196 2104 21 14 /■

2240 2121 253 65 POUR
2560 2120 110 61 LA
2738 2118 495 64 PUBLICITE
3302 2120 349 64 ECRIRE
3720 2125 60 62 A

2247 2267 1524 146 ACTION-FELS

2242 2472 142 98 18,
2427 2473 232 82 Rue
2709 2468 239 87 Fev
2965 2472 804 86 dean-PARIS

2191 3081 407 190 LE
2760 3081 1070 190 VIEUX

2198 3339 1626 196 COLOMBIER

2191 3601 291 71 PARIS,
2511 3603 92 68 21,
2621 3620 51 41 r.
2691 3606 93 55 du
2799 3606 721 68 Vieux-Colombier,
3548 3605 274 57 PARIS

2191 3820 562 69 SPECTACLES
2821 3825 131 66 DU
3016 3826 220 66 MOIS
3297 3823 527 71 D'OCTOBRE

2516 3943 88 65 Le
2657 3943 310 68 Medecin
3023 3947 267 86 Malgre
3351 3947 132 64 Lui

2828 4036 68 42 de
2929 4036 253 44 Moliere

2501 4113 93 64 La
2650 4111 312 83 Surprise
3016 4114 81 66 de
3148 4114 327 68 I'Amour

2793 4202 68 42 de
2894 4203 319 44 Marivaux

2481 4279 96 66 La
2626 4280 307 87 Jalousie
2985 4282 88 66 du
3129 4282 400 69 Barbouille

2831 4371 69 42 de
2934 4372 252 44 Moliere

2657 4446 93 66 La
2802 4448 185 68 Folle
3034 4450 312 86 Journ£e

2735 4537 244 44 d'Bmile
3012 4539 257 44 Mazaud

2594 4612 93 68 La
2738 4616 225 83 Coupe
3016 4617 384 66 enchantee

2485 4701 68 42 de
2586 4702 84 43 L»a
2706 4703 290 46 Fontaine
3030 4712 57 37 et
3121 4708 405 54 Champmesle

2606 4781 88 65 Le
2745 4781 169 67 Pain
2970 4785 80 66 de
3101 4787 292 84 Menage

2731 4871 69 42 de
2830 4873 165 43 Jules
3028 4875 236 42 Renard

2186 4966 352 59 Matinees
2554 4971 440 73 dimanches,
3009 4976 237 71 jeudis
3261 4978 73 56 et
3346 4978 205 71 jours
3566 4978 87 56 de
3668 4976 145 56 fete

2191 5108 73 54 Le
2286 5112 240 64 premier
2545 5127 239 44 numero
2809 5117 95 54 des
2929 5117 227 56 Cahiers
3182 5120 74 53 du
3270 5120 184 54 Vieux
3475 5118 340 67 Colombier,

2188 5183 217 66 publics
2421 5198 104 56 par
2535 5188 249 69 Jacques
2804 5190 512 71 Copeau,paraitra
3333 5193 52 56 le
3407 5195 25 54 l
3443 5200 40 22 er
3492 5193 323 58 Novembre
