2563 3885
1189 215 112 59 155

1199 452 84 81 [7]

818 641 135 61 Eve

264 719 145 61 Elle
455 720 367 79 très-jeune
957 738 154 42 avec
1157 721 65 60 la
1269 721 208 78 figure
1520 722 159 60 d'un
1722 724 163 59 bébé
1929 725 276 60 —mais
2254 726 37 57 à

189 799 281 59 certains
494 800 191 76 jours
715 816 92 42 un
836 800 226 76 visage
1105 799 433 77 très-fatigué.
1572 801 101 60 Eh
1703 801 154 61 bien
1903 804 221 75 quand
2168 804 123 58 elle

189 894 103 42 me
338 879 201 59 disait
581 896 92 42 un
714 895 368 56 MENSONGE,
1117 880 360 71 souriante,
1518 880 98 60 les
1665 898 174 59 yeux
1889 882 241 75 grands
2180 900 76 42 ou-

189 957 199 72 verts,
418 974 81 42 en
541 956 163 74 face,
734 957 61 60 le
835 957 223 79 visage
1097 956 248 79 fatigué
1386 959 426 76 rajeunissait
1842 976 251 44 comme
2135 978 158 43 sous

191 1036 115 60 des
333 1036 216 61 brises
582 1054 362 43 NATALES...

1201 1540 87 59 [8]

295 1735 192 61 Seuls
540 1733 232 78 bijoux
802 1732 250 79 permis
1189 1731 114 60 des
1326 1732 330 60 diamants
1697 1732 35 59 à
1773 1747 73 44 sa
1882 1731 291 61 chemise
2219 1732 77 60 de

188 1816 145 60 nuit
478 1813 156 71 Oui,
666 1812 340 60 monsieur
1030 1812 12 59 !

1786 1958 3 10 <

292 2000 596 65 Victoria-theater.
930 1998 117 60 300
1095 1998 278 60 femmes
1424 2015 115 42 sur
1584 1998 65 59 la
1698 1999 192 58 scène
2050 1999 79 58 de
2177 1999 36 59 6
2262 1999 36 58 à

188 2081 78 60 40
296 2099 114 41 ans
556 2080 100 58 De
685 2079 65 58 la
776 2078 183 60 chair
993 2079 36 57 à
1066 2078 240 59 ballets
1476 2078 127 59 Les
1654 2078 349 60 militaires
2041 2078 164 59 dans
2234 2078 65 58 la

191 2161 160 60 salle
381 2159 181 78 (fête)
589 2159 182 60 chair
800 2158 37 58 à
863 2173 226 43 canon.

1204 2651 83 78 [9]

189 2832 94 58 La
311 2829 397 63 Littérature
744 2847 12 41 :
789 2829 65 60 la
887 2828 299 78 Légende
1214 2828 79 59 de
1322 2827 65 60 la
1411 2827 127 60 vie.

268 3015 84 58 Et
381 3015 151 58 d'où
556 3012 181 60 vient
769 3029 124 61 que
923 3011 117 60 dès
1080 3012 63 59 la
1174 3011 277 61 seconde
1484 3010 146 59 nuit
1655 3008 114 79 j'ai
1814 3010 98 57 les
1953 3006 340 61 sommeils

189 3094 229 60 lourds
551 3094 249 58 chacun
836 3092 204 76 coupé
1092 3091 79 60 de
1217 3091 170 60 2ou
1431 3091 36 58 3
1512 3091 185 60 rêves
1741 3087 248 61 dénués
2026 3087 77 59 de
2149 3087 145 57 tout

189 3174 206 77 esprit
424 3172 79 59 de
535 3171 195 60 suite.

272 3254 116 57 des
433 3251 186 58 rêves
664 3252 63 57 et
771 3248 39 60 2
857 3248 129 60 fois
1038 3266 114 42 sur
1198 3250 35 59 6
1282 3248 170 60 celui
1499 3248 79 60 de
1621 3247 335 59 l'Alcazar.
1993 3243 124 60 J'ai
2150 3245 115 58 tant-

189 3330 193 78 passé
415 3330 79 58 de
521 3328 246 60 soirées
798 3327 419 61 méditatives
1250 3327 164 60 dans
1440 3345 105 42 ces
1578 3323 387 64 endroits-là
1986 3339 127 59 que
2136 3322 157 60 c'est

193 3412 256 57 devenu
482 3407 212 59 même
727 3407 162 57 dans
920 3406 177 61 l'état
1127 3408 78 58 de
1237 3407 149 59 rêve
1415 3407 60 59 le
1515 3406 190 60 cadre
1739 3402 259 60 naturel
2030 3401 115 60 des
2177 3401 86 58 flo-

192 3490 258 59 raisons
501 3487 78 59 de
635 3501 108 43 ma
789 3485 269 59 cervelle
1118 3485 471 59 anomaliflore.
1628 3483 106 60 Un
1790 3481 246 61 alcazar
2083 3480 83 58 où
2221 3496 69 43 se
