2563 3885
1243 191 117 61 168

250 329 166 59 dans
450 328 61 60 le
558 343 155 43 sens
741 323 412 80 dépréciatif)
1186 324 118 78 qui
1352 327 111 57 eut
1492 324 324 61 l'instinct
1846 324 80 61 de
1955 324 64 61 la
2048 325 239 79 langue
2314 332 62 58 et

246 408 60 60 le
339 408 128 58 don
494 405 292 72 d'écrire,
811 407 61 58 le
903 404 180 61 souci
1108 404 79 60 de
1219 403 178 61 créer
1423 405 117 59 des
1583 422 259 43 œuvres
1874 404 384 64 définitives
2291 426 76 43 en

246 487 150 58 leur
426 501 223 61 genre,
688 484 336 78 partielles
1063 483 323 77 peut-être
1418 485 62 59 et
1517 483 271 61 étroites
1833 483 172 60 mais
2049 484 317 64 valables.

247 565 84 60 Et
360 565 309 78 pourtant
698 564 224 76 quand
950 563 87 61 M.
1065 563 79 60 de
1176 562 336 62 Goncourt
1544 563 162 61 écrit
1736 564 66 60 la
1830 568 180 56 Fille
2032 569 199 57 Elisa
2259 568 110 76 qui

254 645 99 59 est
377 659 131 45 une
536 659 224 44 œuvre
783 643 79 58 de
884 643 200 58 hante
1112 642 293 59 émotion
1433 643 341 72 humaine,
1808 642 139 61 cela
1968 640 222 63 émeut
2217 662 151 60 peu,

250 723 173 60 mais
456 739 127 61 que
609 723 83 60 M.
731 723 340 77 Alphonse
1092 722 269 61 Daudet
1390 722 179 61 fasse
1597 719 489 78 YEvctngéliste
2095 770 15 27 ,
2134 723 65 60 la
2231 742 106 44 sen-

254 802 269 61 siblerie
560 802 242 77 jubile.

325 883 78 58 Je
456 882 168 58 dirai
671 882 154 77 plus
853 899 11 41 :
899 880 87 61 M.
1023 882 80 61 de
1140 880 338 64 Goncourt
1503 882 101 61 est
1640 880 347 61 tellement
2007 880 61 61 le
2094 883 146 61 seul
2272 901 64 43 ar-

246 962 156 59 tiste
450 960 91 60 du
589 960 127 61 trio
762 960 393 61 naturaliste
1195 978 127 60 que
1364 962 158 59 c'est
1552 962 36 58 à
1629 977 109 44 ses
1775 959 314 78 procédés
2122 978 127 61 que
2274 979 64 45 re-

247 1042 235 59 courut
536 1039 88 61 M.
657 1040 348 78 Alphonse
1046 1040 266 60 Daudet
1357 1057 168 62 pour
1593 1039 207 61 écrire
1861 1043 251 69 Sapho.
2156 1040 210 63 Aussi

247 1119 205 61 fut-ce
482 1137 93 42 un
607 1120 226 60 succès
863 1119 341 61 littéraire.

325 1199 96 60 La
450 1199 417 61 malechance
899 1199 80 60 de
1008 1198 86 61 M.
1117 1199 79 61 de
1230 1198 337 62 Goncourt
1588 1197 257 62 semble
1868 1197 490 64 irrémédiable.

246 1278 212 79 Après
473 1278 243 61 l'échec
732 1280 117 60 des
877 1279 370 61 Mémoires
1278 1280 221 59 contre
1530 1278 117 76 qui
1679 1277 395 75 subsistent,
2104 1296 81 43 en
2209 1280 118 60 sub-

249 1360 243 72 stance,
520 1358 93 61 les
641 1358 363 77 objections
1035 1358 158 76 qu'y
1225 1358 74 58 fit
1323 1357 88 59 M.
1442 1358 80 60 de
1544 1357 362 61 Bonnières
1955 1374 84 42 au
2072 1362 290 70 Figaro,

249 1454 156 45 avec
438 1454 131 44 une
599 1437 279 61 vivacité
933 1437 375 59 d'actualité
1358 1438 64 58 et
1451 1454 130 42 une
1612 1435 220 78 âpreté
1861 1437 80 59 de
1980 1437 383 77 polémique

250 1518 118 76 qui
396 1534 80 44 en
511 1517 454 61 accentuaient
997 1514 129 62 fort
1155 1515 65 61 la
1248 1515 230 73 vérité,
1512 1517 89 59 M.
1628 1517 80 58 de
1743 1515 338 61 Goncourt
2112 1518 254 61 semble

249 1597 184 59 avoir
466 1612 130 61 peu
635 1595 36 60 à
715 1595 298 61 attendre
1066 1594 91 60 du
1186 1595 218 77 temps
1428 1594 290 78 présent.
1751 1594 57 60 Il
1837 1594 249 61 vieillit
2120 1612 81 44 en
2232 1613 132 45 une

247 1677 174 58 sorte
452 1678 80 58 de
563 1675 414 77 demi-gloire
1000 1692 16 55 ;
1046 1674 172 60 mais
1248 1674 163 76 qu'il
1460 1674 286 78 anticipe
1778 1691 82 44 en
1888 1675 240 78 pensée
2157 1693 117 43 sur
2301 1677 63 61 le

247 1771 195 44 cours
473 1755 117 59 des
612 1772 118 42 ans
760 1757 63 57 et
854 1747 163 85 qu'il
1045 1753 288 76 imagine
1364 1769 129 44 une
1516 1752 251 78 époque
1786 1754 86 59 où
1894 1771 83 43 on
1997 1754 369 62 s'étonnera

250 1851 127 61 que
409 1834 156 61 MM.
599 1834 158 61 Zola
793 1835 65 59 et
913 1833 340 77 Alphonse
1299 1833 268 60 Daudet
1623 1834 180 60 aient
1850 1851 90 59 pu
1993 1834 369 78 triompher

254 1913 217 77 parmi
497 1913 99 61 les
624 1913 318 77 louanges
971 1912 194 59 d'une
1196 1912 196 59 basse
1419 1912 625 77 contemporanéité,
2079 1914 166 60 dans
2273 1931 93 42 un

249 1994 218 59 fracas
499 1993 77 61 de
605 1992 219 78 pièces
852 1993 79 60 de
962 1993 149 58 cent
1141 1992 136 59 sols
1309 1992 114 77 qui
1450 1992 182 59 n'ont
1656 2009 167 60 pour
1860 1993 231 60 valeur
2120 2011 127 59 que
2284 1994 80 61 de

249 2073 293 58 montrer
569 2072 66 58 la
655 2070 377 77 corruption
1061 2070 89 60 du
1181 2070 160 77 goût
1367 2072 61 59 et
1460 2070 163 77 qu'il
1654 2087 70 44 se
1756 2070 144 61 dise
1926 2089 14 41 :
1973 2072 136 59 Des
2161 2072 203 61 écrits

251 2152 79 59 de
362 2152 90 59 M.
480 2150 341 78 Alphonse
854 2149 285 73 Daudet,
1191 2149 48 60 il
1278 2167 83 43 ne
1412 2150 249 60 restera
1704 2150 162 61 rien.
1903 2149 101 62 On
2035 2150 332 78 préférera

252 2232 311 59 chercher
607 2230 62 60 le
721 2247 197 61 genre
971 2230 80 60 de
1110 2229 525 60 sentimentalité
1695 2230 198 77 qu'ils
1930 2233 113 57 ont
2086 2232 156 66 chez
2270 2232 91 62 M.

254 2308 251 79 Goppée
532 2308 139 79 qui,
696 2326 83 42 au
810 2308 240 72 moins,
1073 2308 96 60 les
1201 2308 284 61 formule
1512 2326 245 43 envers
1784 2309 196 60 d'une
2002 2309 190 73 façon
2221 2310 109 78 pré-

252 2390 134 60 cise
416 2390 62 59 et
509 2388 491 77 mnémonique.
1024 2388 55 60 Il
1102 2388 229 60 subira
1360 2388 338 61 d'ailleurs
1729 2404 80 45 en
1840 2389 133 60 ceci
2002 2389 63 60 le
2098 2393 136 57 sort
2281 2390 81 63 de

250 2469 65 59 la
342 2467 268 78 plupart
652 2468 117 60 des
814 2467 324 59 écrivains
1185 2467 497 61 sentimentaux
1714 2468 117 76 qui
1880 2468 403 61 s'adressent
2325 2470 38 59 à

246 2548 184 61 leurs
485 2547 533 76 contemporains
1085 2547 406 71 immédiats,
1553 2549 63 57 et
1665 2547 401 61 deviennent
2115 2549 248 61 caducs

249 2627 290 61 aussitôt
567 2643 127 61 que
723 2627 279 58 l'accord
1030 2625 196 61 tacite
1267 2628 180 58 entre
1483 2627 65 58 la
1596 2627 293 61 manière
1919 2627 81 61 de
2032 2628 212 61 sentir
2273 2629 89 60 du

245 2705 230 79 public
506 2707 63 59 et
598 2705 61 60 la
685 2705 149 60 leur
863 2721 203 44 cesse.

325 2785 208 60 Aussi
562 2785 253 77 chaque
847 2783 251 77 époque
1125 2783 245 61 a-t-elle
1402 2801 105 43 ses
1539 2783 329 61 écrivains
1891 2784 80 60 de
1999 2785 364 63 sentiment

247 2865 62 60 et
335 2864 48 60 il
415 2865 100 59 est
544 2881 143 43 rare
720 2881 125 59 que
864 2863 60 61 le
951 2864 156 78 goût
1138 2864 35 57 à
1196 2864 114 76 qui
1338 2863 85 60 ils
1454 2863 364 77 répondent
1858 2864 94 60 ait
1982 2865 117 59 des
2148 2865 178 61 curio-

245 2944 164 61 sités
438 2944 504 78 rétrospectives
974 2944 63 60 et
1064 2943 347 61 recherche
1441 2944 117 60 des
1587 2961 291 43 nuances
1901 2945 392 77 auxquelles
2311 2945 51 61 il

243 3039 83 45 ne
374 3023 201 60 serait
622 3023 198 77 guère
864 3022 290 61 sensible
1210 3023 156 58 chez
1421 3023 117 60 des
1581 3022 325 61 écrivains
1954 3023 396 62 antérieurs.

245 3103 221 70 Quant
487 3119 134 44 aux
643 3118 268 45 romans
942 3103 79 60 de
1046 3102 88 59 M.
1379 3102 86 59 ils
1496 3102 303 77 risquent
1840 3103 129 61 fort
2007 3103 202 61 d'être
2265 3121 93 43 un

245 3182 208 59 fatras
485 3182 185 59 aussi
702 3180 220 61 désert
952 3197 128 60 que
1102 3180 146 60 l'est
1278 3180 416 61 maintenant
1724 3182 170 59 celui
1938 3183 80 60 de
2062 3182 300 62 Madame

247 3262 203 71 Sand,
500 3262 116 76 qui
665 3278 80 43 en
800 3263 100 58 est
929 3260 426 77 l'équivalent
1385 3278 183 43 assez
1600 3263 186 58 exact
1820 3262 163 59 dans
2028 3281 94 42 un
2170 3265 189 59 autre

246 3340 212 61 ordre.
490 3340 101 61 De
623 3340 216 60 même
870 3356 127 61 que
1016 3340 87 60 M.
1127 3339 261 61 Dumas
1416 3342 96 59 est
1538 3340 162 61 sorti
1726 3340 78 60 de
1825 3340 302 63 Madame
2156 3342 203 73 Sand,

242 3420 50 59 il
323 3419 238 61 sortira
593 3420 365 77 quelqu'un
990 3418 79 61 de
1099 3419 88 60 M.
1221 3419 177 73 Zola,
1433 3419 116 78 qui
1579 3419 341 61 résumera
1947 3420 99 61 les
2070 3420 288 78 qualités

243 3499 549 78 embryonnaires
826 3500 89 60 du
944 3500 187 60 vaste
1163 3516 185 44 amas
1381 3499 282 62 délaissé
1704 3517 118 62 par
1860 3500 62 63 le
1971 3503 158 76 goût
2175 3502 189 61 futur
