2563 3885
1244 171 119 61 176

321 304 65 58 4°
416 300 581 62 L'intellectualité
1037 318 82 43 ne
1159 301 98 61 fut
1298 303 252 62 donnée
1592 303 37 61 à
1671 303 316 61 l'homme
2038 319 126 61 que
2202 322 166 61 pour

247 384 331 57 constater
607 398 119 42 son
771 380 462 61 irrémédiable
1266 383 231 59 sottise
1519 402 16 54 ;

326 461 65 60 5°
420 460 95 60 La
552 460 371 60 littérature
954 478 116 60 par
1107 460 66 61 la
1206 463 285 59 hauteur
1521 461 215 63 même
1769 463 80 59 de
1882 478 108 43 ses
2027 460 213 61 visées
2271 465 96 57 est

247 539 65 60 la
341 538 153 78 plus
533 540 386 60 concluante
952 543 65 57 et
1058 540 64 60 la
1161 543 218 58 moins
1415 541 403 61 contestable
1865 540 384 78 expression
2291 541 77 61 de

249 621 185 58 notre
461 619 420 72 imbécillité;

326 695 66 64 6°
423 698 171 73 Etc.,
632 700 151 69 etc.,
815 701 121 59 etc.

325 830 86 61 M.
443 831 76 60 P.
561 831 70 60 Z.
673 831 235 74 Vénal,
948 832 159 60 dont
1152 851 169 42 nous
1370 851 81 44 ne
1497 834 282 61 voulons
1824 850 120 60 pas
1995 834 236 58 mettre
2290 850 78 43 en

250 910 199 61 doute
501 911 66 58 la
630 911 306 61 sincérité
984 912 197 77 (Dieu
1230 930 171 43 nous
1462 930 80 43 en
1600 912 262 79 garde!)
1915 914 100 57 est
2072 912 294 73 victime,

249 989 409 74 semble-t-il,
692 991 196 60 d'une
926 991 287 61 maladie
1257 992 249 60 morale
1545 1009 129 61 que
1718 990 387 61 caractérise
2137 991 59 58 le
2227 991 108 60 des-

250 1070 380 59 sèchement
688 1071 117 60 des
866 1070 279 61 facultés
1202 1072 430 60 admiratives
1686 1074 65 57 et
1813 1071 117 76 qui
1987 1070 248 61 résulte
2291 1071 77 58 de

246 1149 347 76 l'atrophie
627 1150 114 58 des
787 1149 281 60 facultés
1100 1150 341 77 critiques.
1477 1151 123 60 Car
1630 1168 69 41 ce
1737 1151 168 57 n'est
1938 1166 120 59 pas
2089 1166 81 42 en
2215 1150 155 58 vain

250 1245 152 61 que,
437 1230 77 58 de
562 1230 64 58 la
658 1232 335 57 Nouvelle
1040 1226 300 65 Athènes
1384 1248 84 41 au
1500 1231 155 72 café
1713 1234 306 57 Voltaire
2029 1276 15 25 ,
2085 1246 83 42 on
2215 1230 155 58 s'est

249 1307 185 60 lancé
467 1309 240 76 depuis
753 1309 117 58 dix
899 1325 121 42 ans
1051 1325 108 43 ces
1200 1310 430 76 apostrophes
1672 1307 413 78 spirituelles
2116 1326 12 40 :
2168 1328 29 35 «
2230 1309 140 58 Ton

254 1387 367 60 Flaubert?
647 1405 167 42 un...
847 1390 101 58 sot
1088 1389 193 76 Hugo
1307 1389 153 59 ?un
1500 1389 202 59 vieux
1743 1387 191 60 birbe
1970 1409 29 34 »
2047 1387 193 75 (nous
2290 1405 80 42 ne

251 1484 303 59 pouvons
580 1467 382 76 reproduire
1002 1466 61 61 le
1101 1469 438 58 naturalisme
1580 1469 117 58 des
1743 1466 455 79 qualificatifs)
2225 1485 16 55 ;
2273 1466 97 60 les

254 1545 277 59 facultés
562 1546 430 58 admiratives
1021 1547 366 77 manquant
1427 1546 379 60 d'aliments
1846 1563 69 43 se
1947 1547 313 75 repurent
2291 1546 80 60 de

253 1625 201 76 petits
499 1627 170 57 mets
705 1644 12 39 :
767 1643 84 41 on
899 1626 302 76 opposait
1247 1626 376 60 Alexandre
1671 1626 211 58 Hardi
1933 1626 37 58 à
2017 1625 351 72 Corneille,

253 1705 271 58 Ausone
550 1704 37 58 à
611 1704 274 77 Virgile,
915 1725 28 34 «
968 1704 301 77 Gaspard
1295 1725 26 34 »
1354 1705 35 58 à
1416 1705 227 59 Victor
1672 1705 219 77 Hugo.
1917 1704 163 59 Très
2104 1704 263 78 jeunes,

254 1782 199 74 alors,
485 1784 231 58 avides
755 1784 186 58 aussi
980 1782 80 61 de
1105 1806 30 31 «
1167 1784 165 59 faire
1359 1801 130 43 une
1521 1784 205 77 gloire
1759 1805 29 34 »
1822 1784 118 77 (un
1971 1801 127 60 peu
2138 1784 195 74 mysti-

253 1862 332 71 ficateurs,
614 1862 347 78 peut-être)
995 1880 171 43 nous
1192 1864 423 59 cherchâmes
1647 1864 37 58 à
1717 1884 29 35 «
1779 1864 224 59 lancer
2034 1884 31 35 »
2098 1864 242 58 littérai-

251 1944 256 58 rement
532 1941 189 60 Jules
752 1941 241 72 Verne,
1020 1942 153 78 puis
1197 1944 268 58 Ponson
1497 1942 90 59 du
1618 1942 275 73 Terrail,
1928 1959 156 43 sans
2116 1942 251 71 succès,

251 2021 50 60 il
331 2025 97 56 est
471 2021 164 58 vrai.
672 2021 171 60 Tout
881 2021 137 60 cela
1055 2024 311 76 pourtant
1396 2039 81 43 ne
1517 2021 105 61 fut
1658 2039 119 59 pas
1808 2022 154 59 vain
1986 2041 17 55 ;
2036 2021 61 61 le
2130 2022 240 60 dédain

251 2118 234 41 sonore
534 2100 91 58 du
672 2100 137 59 café
860 2118 209 59 gagna
1114 2101 99 60 les
1251 2101 341 76 journaux
1641 2101 85 60 où
1773 2119 275 59 myopes
2093 2102 63 59 et
2194 2118 142 59 pres-

247 2178 196 77 bytes
486 2178 247 60 luttent
759 2196 231 43 encore
1040 2195 156 44 avec
1228 2180 212 59 fracas
1573 2180 169 59 voici
1785 2180 162 77 qu'il
1977 2198 172 41 nous
2173 2180 197 77 jappe

249 2275 132 43 aux
407 2259 249 72 talons;
692 2259 171 58 mais
895 2259 83 73 si,
1009 2259 61 59 le
1102 2276 155 43 sens
1288 2260 116 59 des
1435 2261 418 76 porportions
1887 2278 130 43 une-

247 2336 160 72 téré,
440 2336 63 61 le
534 2337 248 76 mépris
814 2337 157 59 d'un
1002 2336 288 62 écrivain
1316 2339 91 59 tel
1439 2355 128 61 que
1600 2339 86 59 M.
1722 2339 86 59 H.
1843 2339 339 76 Fouquier
2215 2340 156 76 peut

250 2416 425 61 éclabousser
740 2434 80 43 en
876 2422 316 68 premier
1239 2422 263 70 Figaro
1556 2419 576 59 l'immarcescible
2180 2419 190 59 Jules

249 2496 350 77 Laforgue,
647 2495 472 73 l'admiration,
1161 2497 158 76 quoi
1383 2496 198 77 qu'on
1632 2497 169 73 dise,
1854 2515 231 43 encore
2142 2499 226 58 vivace

250 2575 155 59 chez
438 2576 98 58 les
575 2575 318 61 humains
938 2591 69 45 se
1039 2575 246 61 traduit
1323 2575 174 61 ainsi
1531 2576 167 61 dans
1728 2594 123 44 nos
1881 2579 246 74 grands
2159 2576 176 79 quoti-

251 2653 192 61 diens
477 2673 14 40 :

331 2807 31 36 «
393 2786 271 78 Eugène
694 2786 130 61 Sue
854 2788 124 74 est,
1011 2803 156 45 sans
1197 2786 351 74 contredit,
1577 2787 61 61 le
1681 2789 285 77 premier
2001 2789 369 61 romancier

251 2868 80 60 de
360 2868 186 59 notre
578 2867 219 70 siècle,
833 2883 119 45 son
992 2885 157 43 nom
1190 2867 193 61 brille
1415 2883 255 45 comme
1699 2885 131 44 une
1873 2868 196 61 étoile
2113 2869 165 60 dans
2307 2869 61 60 le

250 2946 122 61 ciel
427 2944 341 63 littéraire.
821 2947 117 60 Ses
981 2963 262 44 œuvres
1294 2946 512 77 passionnantes
1859 2949 66 59 et
1976 2948 392 78 énergiques

249 3028 151 59 sont
429 3026 100 61 les
565 3028 192 74 types
786 3026 98 59 les
926 3026 153 77 plus
1121 3026 455 78 dramatiques
1619 3026 180 62 créés
1837 3045 120 61 par
2004 3028 331 78 l'imagina-

246 3106 141 59 tion
430 3104 341 60 humaine.
819 3104 447 78 L'apparition
1317 3106 117 59 des
1479 3106 341 72 Mystères
1868 3112 80 55 de
2006 3111 215 57 Paris
2268 3107 102 60 fut

250 3202 132 43 une
430 3184 372 61 révolution
830 3186 13 57 !
890 3188 300 70 Jamais,
1235 3189 176 58 dans
1453 3200 127 45 son
1619 3186 165 59 rêve
1837 3191 60 56 le
1938 3192 169 67 plus
2156 3192 173 56 auda-

250 3269 232 68 cieux,
515 3280 235 44 aucun
795 3268 410 57 romancier
1253 3266 266 59 n'avait
1556 3266 114 59 osé
1700 3266 229 61 élever
1973 3263 45 64 à
2047 3281 137 46 une
2216 3269 154 58 telle

250 3347 309 58 hauteur
597 3343 161 62 l'art
788 3341 343 66 littéraire
1161 3365 54 39 ».

329 3478 203 61 Notre
581 3475 385 64 méditative
1020 3478 383 62 conclusion
1453 3494 146 45 sera
1641 3476 151 64 telle
1822 3497 15 42 :
1867 3478 59 61 le
1976 3495 155 45 sens
2180 3479 80 60 de
2307 3476 65 60 la
