2563 3885
1337 302 0 0 164

251 368 337 59 l'aideront
618 369 302 74 pourtant
951 369 147 75 qu'à
1133 371 443 76 sophistiquer
1604 371 58 59 le
1686 371 109 58 vin
1818 371 115 57 des
1963 369 299 58 burettes
2288 385 13 39 :

255 444 121 58 elle
402 444 176 59 vient
598 462 145 41 vers
771 462 146 41 eux.
952 448 122 56 Les
1106 447 306 60 élections
1448 448 377 75 prochaines
1860 463 66 41 se
1958 446 208 57 feront
2196 460 114 58 par

255 521 320 58 l'alliance
608 523 86 56 du
726 524 147 56 curé
904 523 353 59 délaissant
1287 542 105 41 ses
1414 526 296 68 ouailles,
1748 527 61 55 et
1842 524 87 56 du
1962 521 345 76 bourgeois

256 598 112 75 qui
397 616 66 40 se
491 599 139 57 dira
656 599 253 71 libéral,
942 618 104 41 car
1074 602 48 57 il
1157 604 139 56 sent
1328 620 125 57 que
1483 604 403 58 maintenant
1915 601 46 57 il
1989 617 34 41 a
2056 601 249 68 besoin,

255 692 163 58 pour
445 677 364 58 consolider
829 695 116 40 son
978 679 203 70 trône,
1215 679 78 59 de
1324 679 309 77 l'appoint
1676 677 389 61 formidable
2098 693 122 57 que
2249 676 58 57 le

255 752 439 59 catholicisme
731 757 155 71 peut
924 754 94 59 lui
1049 756 261 58 donner.
1338 757 332 76 Quelques
1698 754 241 76 prélats
1967 754 232 68 même,
2229 768 80 42 en

256 846 123 42 vue
400 830 85 56 du
517 832 308 72 prochain
854 849 333 58 royaume,
1211 837 315 72 prennent
1559 836 177 57 leurs
1768 848 292 42 mesures
2085 849 11 39 :
2132 832 134 56 Mon-

259 907 298 73 seigneur
592 908 172 58 Fava
802 926 141 42 sera
979 912 315 72 peut-être
1329 912 201 73 grand
1559 909 339 60 aumônier
1934 908 77 57 de
2044 908 263 70 France,

254 982 449 77 Monseigneur
740 985 311 60 Faliières
1080 987 248 58 élèvera
1347 989 94 57 les
1464 989 105 57 fils
1597 989 87 56 du
1717 987 181 57 futur
1926 985 116 58 roi.

334 1060 123 57 J'ai
490 1062 95 57 dit
617 1079 13 40 :
665 1064 337 73 peut-être,
1033 1081 106 40 car
1176 1064 64 74 je
1272 1081 193 58 songe
1494 1065 37 58 à
1559 1064 61 59 la
1651 1063 176 58 foule
1872 1062 191 75 qu'on
2094 1060 216 59 oublie

258 1139 60 56 et
350 1137 112 74 qui
494 1138 283 59 n'oublie
797 1157 137 57 pas.
961 1143 90 56 La
1082 1140 174 59 foule
1287 1142 112 57 des
1437 1140 329 77 opprimés
1798 1140 61 56 et
1893 1140 78 56 de
2005 1156 163 40 ceux
2198 1138 112 75 qui

258 1215 262 74 peinent
562 1218 98 56 est
705 1218 241 75 parfois
988 1219 170 57 lasse
1211 1219 76 57 de
1318 1219 164 57 crier
1511 1220 58 56 la
1600 1219 183 71 faim,
1816 1218 169 57 lasse
2018 1217 76 57 de
2127 1217 184 57 subir

255 1291 63 58 la
348 1293 260 70 misère,
636 1293 170 59 lasse
834 1295 178 57 aussi
1058 1297 114 55 des
1215 1295 255 59 stériles
1514 1295 191 75 pitiés
1765 1297 60 54 et
1874 1294 112 56 des
2041 1294 269 74 phrases

258 1384 279 42 creuses.
564 1370 87 59 Le
677 1370 152 75 jour
851 1371 86 56 du
969 1388 198 53 sacre,
1200 1371 152 58 l'élu
1385 1373 112 57 des
1524 1370 420 60 coffres-forts
1980 1369 327 70 rebondis,

258 1445 182 59 l'oint
462 1446 112 58 des
598 1450 254 56 ventres
882 1449 251 69 obèses,
1167 1449 242 57 sentira
1439 1450 59 57 le
1544 1450 183 56 trône
1759 1446 307 70 défaillir,
2100 1448 211 73 quand

260 1539 118 41 son
407 1524 232 75 peuple
670 1526 250 56 entrera
959 1525 161 57 dans
1149 1525 62 57 la
1254 1526 159 58 salle
1458 1525 114 59 des
1611 1524 259 71 festins,
1947 1524 298 57 s'assoira
2274 1524 37 58 à

255 1598 65 58 la
349 1600 193 70 table,
578 1603 59 55 et
660 1601 414 75 simplement
1102 1601 324 75 proférera
1453 1619 99 42 ces
1576 1600 291 61 Paroles:
1895 1600 123 58 J'ai
2049 1601 177 70 faim,
2246 1601 65 75 je

261 1692 171 41 veux
458 1694 282 58 manger.

1467 2022 314 59 BERNARD
1823 2024 259 57 LAZARE
