3977 3667
3179 267 271 38 POESIA

226 400 77 23 non
333 387 37 36 lo
402 400 160 35 sapesse
594 400 74 25 con
703 388 236 47 precisione,
973 390 76 35 ben
1081 388 273 37 difficilmente
1376 389 80 46 egli
1481 388 194 48 potrebbe
1706 388 42 37 di-

225 455 136 36 venire
394 454 26 37 il
451 455 118 37 Poeta
599 456 122 35 libero
754 456 139 37 ideale.

336 522 202 44 Tuttavia,
571 531 142 40 questo
759 536 74 24 suo
881 523 129 48 primo
1054 524 131 37 sforzo
1216 537 80 24 non
1327 527 21 34 è
1381 524 115 48 privo
1528 524 39 36 di
1600 524 171 37 bellezza

225 602 20 23 e
277 590 39 35 di
349 590 190 37 eroismo:
574 604 21 23 e
627 590 66 37 noi
726 590 218 38 dobbiamo
974 592 163 47 essergli
1171 593 334 46 profondamente
1536 592 120 47 grati.

337 657 93 37 Non
512 670 161 35 sempre
719 658 226 37 necessario
988 658 73 37 che
1104 672 80 23 una
1224 659 269 48 inspirazione
1543 659 157 46 poetica
1735 660 34 36 ci

225 737 132 35 venga
388 724 51 37 da
469 738 53 23 un
555 739 130 34 gorgo
716 726 262 37 strumentale
1008 726 41 36 di
1083 726 167 37 Brahms
1281 740 24 24 o
1337 727 39 36 di
1394 728 62 36 De
1475 728 138 47 Bussy.
1653 728 121 36 Basta

226 804 81 24 una
337 792 129 36 buona
494 792 197 45 fanciulla
720 794 67 35 che
820 806 40 23 se
891 806 47 23 ne
967 794 116 43 vada,
1112 798 76 43 per
1213 799 173 42 sempre:

542 954 100 35 Ecco,
667 962 17 19 e
708 953 144 37 quest'è
875 954 151 28 l'ultimo
1048 954 133 36 giorno.
1205 954 190 28 Guardami

541 1003 92 36 negli
658 1004 111 35 occhi,
795 1004 199 28 fissamente

540 1062 104 20 senza
666 1054 151 28 turbarti
832 1063 6 19 :
863 1054 184 29 diciamoci

543 1104 105 29 addio
671 1105 239 35 guardandoci
934 1105 92 37 negli
1049 1105 108 30 occhi.

547 1156 27 27 Il
598 1159 60 24 tuo
683 1156 269 36 inconsapevole
974 1165 129 27 ctviore,

542 1206 33 28 la
596 1206 138 28 fiamma
757 1207 63 27 che
844 1206 110 29 t'arde
978 1207 35 27 in
1036 1206 105 29 fondo
1163 1207 56 29 del
1242 1216 103 20 cuore

544 1256 121 37 ignota
687 1266 19 18 a
729 1260 33 24 te
787 1261 121 32 stessa,
933 1258 142 28 lontano

544 1307 44 29 da
611 1316 53 19 me
687 1307 242 36 s'estinguerà,
955 1309 101 34 forse,

546 1366 105 20 senza
673 1357 155 29 violento
851 1359 116 28 dolore

543 1408 124 29 Addio.
694 1409 106 28 Come
824 1409 48 28 sei
896 1409 110 28 bella!

544 1467 97 20 come
663 1458 52 28 sei
739 1458 103 29 mite!
869 1459 48 27 La
940 1460 69 27 mia

545 1509 162 36 passione
733 1509 63 28 che
820 1509 60 28 ieri

545 1568 57 19 era
624 1559 143 36 estinta,
793 1559 135 30 rinasce
950 1569 64 20 con
1037 1570 48 19 un
1110 1561 131 36 impeto

545 1610 36 27 di
604 1610 159 28 dolcezza
785 1612 135 27 novella

546 1669 59 20 ora
683 1661 43 27 oh
753 1659 42 37 si,
821 1662 73 27 solo
916 1663 72 28 ora!

547 1763 52 27 Tu
623 1762 90 29 forse
738 1763 122 28 andrai
884 1771 102 27 sposa

2220 387 43 28 ad
2287 396 48 19 un
2357 387 203 35 giovanotto
2584 397 19 18 a
2625 388 33 28 la
2681 388 117 29 buona

2218 437 63 28 che
2303 437 148 35 qualche
2472 438 95 28 volta
2589 438 24 27 ti
2639 437 70 29 farà
2733 439 235 35 rimpiangere

2217 487 10 28 i
2250 487 99 36 sogni
2372 487 71 28 tuoi
2466 488 36 28 di
2526 487 218 32 fanciulla....

2021 601 154 37 Vedete
2204 601 37 37 la
2272 602 197 36 tendenza
2501 603 35 35 al
2567 603 174 36 rimare?

2024 668 193 45 Istintiva,
2263 670 256 46 comprendo.
2566 671 80 43 Ma,
2693 670 115 44 forse,
2843 671 50 36 da
2940 673 169 37 evitare.
3143 672 32 36 E
3208 673 25 34 il
3264 680 97 28 tono
3391 671 62 36 del

1910 738 329 47 componimento
2271 737 119 47 pieno
2421 738 40 36 di
2493 738 142 38 verità.
2668 739 67 36 Ma
2765 739 38 36 io
2836 739 229 46 preferisco,
3099 740 139 43 allora,
3270 739 36 36 le
3329 739 126 37 forme

1911 804 161 37 schiave
2112 804 37 36 di
2198 805 217 48 Nostalgia
2459 804 38 37 cV
2500 807 164 42 oriente,
2707 805 39 36 di
2780 806 58 36 Le
2872 810 176 45 pampas
3054 836 8 15 ,
3105 807 39 36 di
3196 808 120 45 Tigre
3354 808 101 34 della

1918 872 177 47 G?ingla,
2121 872 104 36 nello
2257 879 127 29 stesso
2414 873 186 35 Volume.
2634 873 52 37 Se
2716 873 36 35 la
2783 872 128 37 forma
2941 873 126 37 libera
3099 887 78 24 non
3210 877 21 33 è
3251 881 205 29 sostenuta

1912 939 52 36 da
1995 952 55 23 un
2082 939 194 37 altissimo
2307 947 186 29 concetto
2522 953 21 23 e
2573 940 242 47 giustificata
2847 941 39 35 di
2918 940 297 49 un'esplosione
3243 941 210 48 magnifica

1912 1006 42 36 di
1989 1006 172 48 spasimi,
2199 1006 191 37 minaccia
2420 1007 38 35 di
2493 1006 59 37 far
2582 1008 187 47 apparire
2799 1008 143 37 sciatto
2975 1022 21 22 e
3027 1022 171 23 comune
3230 1009 23 35 il
3287 1021 140 35 compo-

1916 1074 189 36 nimento.

2027 1142 155 47 Questo
2211 1144 22 34 è
2263 1142 26 35 il
2321 1141 81 37 mio
2446 1154 149 35 parere,
2638 1155 117 23 senza
2804 1143 243 46 preconcetti
3086 1143 40 36 di
3161 1156 171 35 persone
3364 1156 21 23 e
3414 1142 39 37 di

1916 1209 146 37 scuole.

2024 1279 33 33 A
2093 1276 192 37 Federico
2317 1277 62 36 De
2411 1277 128 37 Maria
2571 1289 54 24 un
2656 1277 128 37 saluto
2814 1277 52 37 ed
2897 1290 55 24 un
2983 1279 190 48 augurio.

2027 1345 56 35 La
2114 1357 71 23 sua
2216 1343 148 46 Sicilia,
2397 1344 37 36 la
2461 1357 72 24 sua
2564 1344 98 38 isola
2693 1357 124 32 sacra,
2850 1345 50 37 ha
2932 1345 172 47 perduto
3138 1347 182 47 migliaia
3341 1359 20 23 e
3382 1346 50 36 mi-

1916 1411 118 48 gliaia
2065 1411 63 36 dei
2160 1410 203 38 fortissimi
2397 1411 96 47 figli.

2029 1478 90 48 Egli
2164 1479 155 35 rimane
2350 1492 21 22 a
2403 1479 236 36 riassumere
2670 1479 59 37 ciò
2764 1478 73 38 che
2868 1479 40 36 di
2940 1493 79 23 una
3049 1488 120 36 terra,
3203 1494 70 33 per
3314 1480 143 37 sfacelo

1917 1545 39 37 di
1989 1545 229 46 cataclismi,
2254 1558 77 24 non
2366 1545 152 47 giunge
2549 1559 22 22 a
2603 1546 163 38 morire.

2032 1614 58 36 Lo
2114 1613 141 47 spirito
2288 1612 210 48 pervigile,
2531 1613 36 35 la
2598 1613 172 37 bellezza
2804 1612 64 37 del
2900 1613 130 37 Canto
3062 1628 21 23 e
3114 1613 204 38 dell'Idea.

2030 1681 164 37 Grande
2224 1680 182 43 simbolo,
2443 1680 264 46 grandissima
2739 1679 87 37 luce
2859 1679 38 37 in
2929 1682 102 35 cima
3062 1682 35 35 al
3131 1683 217 38 cammino.

2032 1748 36 37 O
2104 1749 116 35 Poeta
2251 1748 38 36 di
2324 1747 149 45 Sicilia,
2506 1749 212 36 ascendete
2748 1749 36 36 la
2813 1757 134 29 vostra
2977 1749 107 36 Etna
3114 1762 118 23 senza
3264 1750 193 37 titubare!

2994 1838 168 46 Paolo
3194 1838 192 46 Buzzi.

439 2048 473 46 D'IMMINENTE
950 2049 533 46 PUBBLICAZIONE
1524 2048 219 48 NELLE
3397 2049 128 46 EDIZ

171 2190 254 158 LE
593 2185 1493 178 RANOCCHIE
2259 2185 1266 178 TURCHINE

2119 2424 64 65 di
2239 2425 382 66 ENRICO
2674 2424 715 69 CAVACCHIOLI

1077 2607 99 62 col
1234 2589 532 81 Manifesto
1830 2589 155 83 del
2053 2588 577 82 Futurismo

1693 2731 63 79 L
1766 2797 13 13 -
1840 2749 185 92 3.5°

181 2912 615 198 ENQUÈTE
882 2942 1174 132 INTERNATIONALE
2127 2942 269 132 SUR
2477 2942 163 132 LE
2706 2942 346 132 VERS
3128 2942 396 132 LIBRE

1110 3192 61 51 et
1229 3161 528 84 Manifeste
1820 3163 133 82 du
2022 3161 571 84 Futurisme

1698 3331 48 80 3
1784 3300 71 82 fr
1858 3369 12 13 -
1903 3328 112 83 5°

1753 3505 214 26 21
