3977 3667
3188 305 265 39 POESIA

658 459 1113 96 L'EMOTION
1969 451 1086 99 NOUVELLE

1280 619 414 70 PROPOS
1750 619 143 68 DE
1948 614 470 71 FEMMES

2779 743 134 30 POUR
2942 733 213 38 CYRILLE
3187 733 168 37 BESSET

1217 839 136 44 Lisbé
1400 839 192 57 pensive
1609 853 8 28 :
1664 839 37 42 si
1758 852 108 29 mon
1904 851 246 45 agresseur
2192 833 113 44 était
2351 846 188 35 revenu,
2572 829 49 60 je

1077 904 191 46 l'aurais
1304 905 83 45 fait
1423 905 224 60 écharper
1703 904 32 45 II
1777 903 119 46 n'est
1931 919 86 44 pas
2054 917 190 37 revenu,
2276 899 69 60 j'y
2380 913 160 44 songe.

2515 987 12 13 »

1828 1003 37 32 &

1217 1076 68 42 La
1311 1074 155 44 vanite
1492 1076 58 41 de
1575 1074 27 43 Y
1619 1074 188 43 homme
1833 1083 70 34 est
1929 1070 141 46 d'une
2096 1070 204 44 candeur
2336 1067 282 44 charmante.

1080 1142 124 58 Quel
1244 1142 212 43 malheur
1491 1142 58 43 de
1595 1142 42 43 la
1675 1141 196 45 défriser
1907 1150 47 33 et
1990 1141 59 42 de
2096 1139 100 43 leur
2232 1137 123 44 dire:
2403 1155 17 19 «
2449 1150 58 28 on
2548 1149 75 28 na

1078 1210 336 44 certainement
1451 1226 90 42 que
1584 1210 66 44 les
1699 1210 192 43 femmes
1927 1223 92 43 que
2066 1215 103 35 tout
2204 1204 42 44 le
2294 1202 171 44 monde
2512 1210 112 50 peut

1079 1278 130 44 avoir
1235 1294 44 27 >.

1216 1446 127 44 Chez
1369 1446 66 44 les
1459 1446 204 50 abeilles,
1693 1446 67 44 les
1786 1445 152 44 reines
1964 1441 132 47 n'ont
2122 1458 83 42 pas
2231 1442 56 43 de
2315 1440 106 57 rois,
2449 1448 47 35 et
2521 1438 106 44 chez

1081 1530 129 35 nous,
1252 1529 60 29 on
1351 1512 76 45 n'a
1464 1530 92 43 que
1592 1513 67 44 les
1696 1512 357 45 demi-femmes.

1211 1681 50 58 je
1288 1679 92 46 n'ai
1418 1697 83 43 pas
1526 1697 156 28 connu
1720 1679 236 44 d'homme
1981 1679 115 42 dont
2115 1678 48 59 je
2189 1674 202 46 n'aurais
2423 1691 58 42 pu
2519 1674 108 44 faire

1084 1748 203 60 quelque
1313 1751 151 48 chose,
1494 1749 115 43 mais
1645 1765 117 27 ceux
1786 1747 77 59 qui
1900 1756 107 35 sont
2033 1745 106 44 faits
2165 1759 119 44 pour
2319 1742 306 52 m'entendre,

1083 1826 110 34 sont
1230 1832 116 28 ceux
1383 1817 78 58 qui
1499 1833 49 27 se
1586 1825 190 49 passent
1813 1815 58 43 de
1908 1813 106 44 moi.

1221 1987 69 42 La
1335 1984 128 45 seule
1504 1985 159 42 bonne
1701 1984 57 43 foi
1813 1982 219 45 féminine
2068 1982 80 59 qui
2183 1979 157 45 vaille:
2381 1978 249 44 maintenir

1082 2050 295 49 rinsécurité.

1221 2222 61 44 Ils
1317 2220 240 45 devraient
1581 2220 104 43 bien
1728 2235 117 27 nous
1880 2225 233 53 épargner
2150 2215 178 45 d'avoir
2364 2217 24 42 à
2426 2214 105 44 leur.
2561 2224 42 33 at-

1086 2299 145 34 tester
1267 2290 81 43 des
1385 2289 228 43 froideurs
1649 2288 115 43 dont
1799 2303 60 27 on
1898 2296 71 34 est
2007 2286 37 42 si
2082 2302 91 41 peu
2211 2281 120 47 sùre.

1844 2385 36 32 £

1224 2458 147 43 Entre
1409 2457 66 44 les
1511 2459 208 41 heureux
1754 2466 46 33 et
1841 2454 68 44 les
1959 2453 304 45 malheurenx
2294 2453 47 59 je
2378 2451 92 43 sais
2506 2450 121 43 enfin

1089 2525 112 60 qu'il
1242 2541 57 29 ne
1336 2525 97 44 faut
1468 2524 106 58 plus
1610 2524 102 44 voir
1748 2520 152 46 mème
1938 2538 91 27 une
2068 2535 192 30 nuance.

1838 2620 36 34 £

1224 2695 91 44 Les
1351 2711 199 34 escrocs,
1589 2709 117 28 ceux
1730 2692 78 59 qui
1841 2688 253 46 m'envient
2112 2690 7 44 !
2162 2688 59 45 Ils
2253 2704 73 27 me
2356 2686 159 44 volent
2552 2687 12 42 1
2585 2694 22 36 é-

1089 2763 177 44 motion
1306 2763 78 58 qui
1422 2760 138 45 m'est
1597 2761 104 57 due,
1741 2760 42 43 la
1821 2758 127 44 seule
1985 2756 148 60 gioire
2169 2756 115 44 dont
2314 2756 48 59 je
2398 2753 180 45 veuille.

1224 2931 154 60 Qu'ils
1415 2941 106 34 sont
1558 2930 194 60 injustes
1788 2944 116 28 ceux
1941 2927 77 59 qui
2058 2943 56 26 ne
2154 2942 118 27 nous
2310 2925 174 43 aiment
2527 2923 103 59 pas!

1094 3000 203 45 Sont-ils
1333 2998 151 45 mème
1520 2997 149 61 polis?

1843 3095 36 32 s

1230 3171 39 53 fe
1306 3169 96 44 suis
1438 3169 40 43 le
1515 3167 141 44 sourd
1694 3167 77 58 qui
1809 3165 168 44 chante
2015 3179 118 43 pour
2168 3160 282 47 s'entendre.

1840 3264 36 32 jt

1227 3339 71 43 En
1327 3348 85 47 art,
1440 3353 60 27 on
1532 3351 58 27 ne
1628 3344 105 49 part
1769 3334 60 43 du
1878 3333 93 43 bon
2009 3331 118 60 pied,
2167 3328 140 61 qu'en
2344 3329 205 59 quittant
2585 3344 50 27 ce

1089 3407 79 58 qui
1204 3405 128 60 plaìt.

1755 3557 219 36 31
