3977 3667
499 217 267 39 POESIA

752 492 353 133 “IL
1338 477 854 148 VERSO
2410 474 1092 151 LIBERO„

1310 719 110 75 di
1503 716 323 76 GIAN
1920 711 470 76 PIETRO
2484 709 427 76 LUCINI

1750 880 288 51 (EDIZIONE
2071 880 56 37 DI

614 1083 93 36 Non
750 1080 213 49 scioglierò
1009 1095 44 22 su
1099 1087 139 41 queste
1282 1078 144 48 pagine
1470 1090 53 22 un
1570 1087 133 25 nuovo
1748 1073 214 37 ditirambo
2006 1071 36 36 al

503 1150 170 38 Romito
704 1149 39 37 di
778 1150 172 35 Varazze
981 1161 21 23 e
1032 1147 39 36 di
1105 1146 170 48 Breglia.
1309 1145 54 37 So
1385 1144 73 36 che
1479 1143 102 37 Gian
1611 1142 132 36 Pietro
1775 1138 144 38 Lucini
1949 1138 94 37 odia

503 1216 34 37 le
565 1216 245 37 esaltazioni.

619 1283 91 48 Egli
741 1283 177 50 (l'anima
950 1282 69 48 più
1049 1279 360 38 formidabilmente
1452 1277 136 37 critica
1617 1287 169 36 apparsa
1820 1274 104 36 nella
1967 1273 59 36 let-

510 1359 177 29 teratura
717 1350 161 37 italiana
911 1349 110 48 dopo
1051 1349 24 35 il
1103 1347 216 48 Carducci)
1350 1359 42 23 sa
1421 1345 61 37 ciò
1513 1343 72 37 che
1614 1343 87 36 vale
1730 1342 37 36 la
1797 1354 70 24 sua
1900 1348 145 37 mente,

508 1417 59 38 ciò
598 1418 74 37 che
701 1418 180 47 significa
913 1417 36 36 la
979 1429 71 23 sua
1080 1427 143 36 opera:
1256 1427 76 24 e....
1365 1413 105 48 (cosa
1491 1411 69 48 più
1592 1410 154 47 tragica
1778 1421 69 35 per
1878 1408 86 47 noi)
1985 1406 59 37 ciò

506 1486 73 37 che
610 1485 174 48 valgono
815 1498 21 23 e
866 1483 256 50 significhino
1167 1481 91 50 quei
1291 1480 115 48 pochi
1452 1479 73 37 che
1559 1477 219 37 azzardano
1823 1476 152 47 parlare
2006 1474 39 36 di

505 1552 67 45 lui,
604 1560 169 29 mettere
802 1552 36 36 le
873 1551 104 36 mani
1008 1549 216 48 nell'opera
1254 1561 84 24 sua.

619 1620 56 44 Io,
707 1620 180 47 dunque,
922 1619 85 36 solo
1038 1618 87 36 dirò
1160 1639 48 5 —
1240 1615 279 47 rapidamente
1551 1634 50 7 —
1632 1610 300 50 l'impressione
1976 1610 72 36 che

508 1695 142 40 questo
680 1687 115 43 libro,
828 1688 80 35 così
943 1698 132 24 nuovo
1106 1685 51 36 ed
1188 1683 132 38 eroico
1353 1695 70 35 per
1453 1681 153 43 l'Italia,
1628 1680 51 36 ha
1700 1678 191 38 suscitato
1912 1677 118 37 nell'a-

510 1754 105 37 nima
645 1754 87 37 mia.

619 1822 35 36 E
684 1834 80 24 non
797 1822 85 35 farò
927 1820 73 36 che
1040 1818 198 37 additarlo
1282 1817 35 36 ai
1349 1816 156 48 giovani
1546 1814 176 49 ingegni,
1754 1814 10 35 i
1797 1813 108 48 quali
1950 1825 100 24 sono

510 1889 126 43 molti,
652 1888 112 49 oggi,
781 1888 74 37 che
872 1887 166 36 anelano
1053 1886 94 37 bere
1163 1885 50 36 ad
1230 1897 79 24 una
1325 1884 164 35 fontana
1501 1882 39 37 di
1558 1894 100 36 pura
1673 1879 159 38 idealità
1843 1879 205 47 indigena.

623 1956 158 35 Parlare
812 1966 76 25 con
920 1952 214 38 diffusione
1165 1965 21 22 e
1218 1964 74 24 con
1323 1949 236 49 precisione,
1591 1946 110 50 oggi,
1733 1946 40 37 di
1802 1953 145 41 questo
1981 1945 48 37 Li-

511 2025 72 35 bro
613 2026 22 34 è
664 2022 264 49 impossibile.
974 2021 56 37 Su
1077 2026 141 41 queste
1264 2018 182 43 colonne,
1491 2029 76 24 con
1599 2021 142 43 questa
1783 2027 131 34 penna
1959 2013 92 44 mia,

510 2091 230 49 improprio.

624 2158 106 38 Altri
762 2158 125 36 dovrà
918 2163 160 41 portare
1108 2154 80 37 alto
1221 2154 26 36 il
1281 2166 118 23 nome
1426 2152 65 35 del
1524 2151 120 36 Poeta
1673 2150 51 36 ed
1764 2150 26 35 il
1829 2149 222 47 significato

513 2225 219 48 dell'opera
762 2238 84 31 sua,
877 2237 41 23 se
948 2224 37 35 la
1021 2223 229 36 letteratura
1280 2220 162 37 italiana
1473 2231 80 24 non
1588 2221 21 34 è
1653 2224 231 29 veramente
1924 2225 130 28 morta

511 2294 39 36 in
582 2293 126 38 Italia.
741 2281 34 48 È
805 2305 52 23 un
889 2292 147 36 dovere
1067 2303 71 34 per
1168 2290 36 35 la
1253 2288 125 37 classe
1408 2285 261 38 intellettuale
1703 2284 103 37 della
1836 2284 130 37 Patria
1992 2285 61 48 (se

511 2361 138 47 esiste)
680 2360 198 36 discutere
906 2358 52 36 ed
988 2356 220 38 assimilare
1238 2366 141 37 queste
1410 2354 145 48 pagine
1586 2352 115 49 piene
1721 2351 39 37 di
1783 2358 104 30 tutte
1907 2351 35 37 le
1962 2363 69 25 cor-

513 2427 99 37 renti
644 2426 116 37 ideali
793 2426 39 36 di
863 2425 78 37 due
971 2424 137 37 secoli:
1141 2422 25 37 il
1197 2422 103 38 XIX
1331 2427 247 36 consumato,
1609 2419 26 37 il
1672 2419 82 36 XX
1790 2418 72 37 che
1905 2431 149 24 avanza

515 2509 21 23 e
567 2495 73 37 che
670 2493 203 38 l'Artefice
905 2492 182 37 mirabile
1118 2488 183 38 dell'idea
1332 2502 21 23 e
1385 2488 64 37 del
1480 2487 122 36 verbo
1637 2485 167 38 intuisce
1834 2485 39 36 in
1920 2485 93 37 tutti
2044 2485 11 36 i

513 2563 88 37 suoi
633 2561 103 37 corsi
769 2573 74 25 con
877 2558 167 38 titanico
1074 2565 136 41 potere
1240 2556 40 37 di
1313 2555 186 48 profezia.

626 2629 85 38 Che
740 2641 93 24 cosa
863 2626 22 38 è
917 2627 78 36 mai
1030 2633 142 41 questa
1202 2624 136 48 specie
1368 2623 37 36 di
1440 2622 136 37 bibbia
1606 2620 201 38 letteraria
1835 2620 221 37 medievale

515 2711 33 32 e,
581 2697 175 43 insieme,
789 2694 215 39 futurista?

628 2765 56 36 La
717 2763 129 47 prima
877 2768 114 42 parte
1019 2760 40 38 di
1089 2760 78 37 due
1197 2759 97 37 altre
1324 2772 22 22 a
1378 2757 146 36 venire.

630 2833 207 36 Lasciamo
868 2831 36 36 la
936 2829 138 49 parola
1103 2829 53 36 ad
1187 2840 83 24 uno
1299 2833 129 29 scatto
1459 2824 225 37 confidente
1713 2823 274 37 dell'Autore:

635 2912 21 24 «
688 2899 154 48 Questa
886 2897 73 40 che
1004 2899 81 46 può
1115 2895 158 48 piacere
1303 2907 22 23 a
1365 2892 110 36 molti
1517 2890 127 37 anche
1673 2903 70 34 per
1773 2890 187 47 l'impeto
1993 2903 45 34 po-

519 2966 154 43 lemico,
704 2969 21 33 è
756 2966 37 36 la
825 2963 67 50 più
925 2963 123 37 facile.
1081 2950 46 57 È,
1160 2961 41 37 in
1234 2960 111 50 fatto,
1376 2959 36 36 la
1443 2958 139 49 ragion
1613 2957 149 37 critica.
1795 2958 122 35 Tutte
1947 2957 36 37 le
2002 2970 39 23 ra-

520 3033 109 48 gioni
653 3033 163 36 critiche
837 3032 137 36 hanno
993 3029 173 49 ragioni.
1188 3028 94 38 Così
1303 3026 146 38 trionfò
1472 3026 132 47 quella
1625 3024 40 37 di
1686 3025 218 36 Emanuelt-
1927 3025 129 36 Kant:

521 3101 164 47 quando
716 3103 20 32 è
769 3100 224 35 necessario
1023 3096 206 43 costruire,
1261 3094 165 48 quando
1458 3092 233 44 interviene,
1723 3104 68 35 per
1820 3091 130 49 logica
1971 3092 68 47 pla-

521 3167 109 50 stica,
663 3167 35 35 la
727 3167 141 48 ragion
901 3166 161 48 pratica,
1096 3163 92 38 tutti
1221 3163 9 35 i
1253 3161 226 48 demiurghi
1501 3161 33 37 si
1565 3168 192 29 stancano
1786 3172 21 24 e
1832 3159 228 48 sbagliano:

522 3248 111 23 come
664 3234 150 44 Odino,
847 3235 181 41 Gehova,
1071 3231 264 47 Huizilopotli
1367 3230 50 36 ed
1464 3227 220 38 Emanuele
1715 3227 122 38 Kant.
1873 3225 105 40 Farò
2022 3228 39 36 io

522 3310 127 29 stesso
678 3303 82 35 così
788 3299 367 47 coll'applicazione
1184 3299 75 35 alla
1292 3299 204 45 Proposta.
1535 3312 14 19 »

2290 1070 91 35 Non
2414 1070 133 44 credo,
2583 1068 186 36 Maestro.

2290 1136 32 37 Il
2354 1144 134 28 vostro
2521 1136 152 47 impeto
2704 1134 199 48 polemico
2936 1139 159 42 porterà
3128 1134 26 36 il
3175 1140 139 29 vostro
3335 1131 128 37 ideale
3494 1130 82 36 fino
3597 1130 35 35 ai
3654 1141 73 23 suo

2179 1205 135 47 giusto
2344 1216 128 35 segno
2504 1203 213 47 planetare.
2766 1202 92 37 Non
2894 1200 21 37 è
2946 1202 203 46 possibile,
3180 1199 206 50 leggendo
3416 1198 35 37 le
3481 1204 134 31 vostre
3654 1209 50 34 pa-

2178 1272 107 50 gine,
2319 1279 157 28 trovare
2505 1269 26 36 il
2561 1268 164 37 minimo
2768 1268 131 37 indice
2928 1267 121 38 d'una
3093 1267 200 37 dinamica
3323 1266 38 36 la
3390 1264 117 49 quale
3537 1263 76 36 stia
3657 1274 71 36 per

2182 1338 164 48 perdere
2375 1337 25 36 il
2431 1350 73 24 suo
2536 1344 98 29 tono
2665 1336 39 36 di
2734 1335 128 37 fuoco.
2895 1336 78 36 Voi
3005 1348 78 23 non
3107 1343 113 28 avete
3250 1334 75 37 età.
3358 1332 106 38 Siete
3483 1344 113 25 come
3617 1330 111 36 l'aria

2180 1412 124 31 stéssa
2335 1405 104 37 della
2472 1404 133 36 Patria
2635 1404 40 35 in
2705 1403 63 37 cui
2799 1403 11 36 i
2845 1403 121 44 Poeti,
2989 1403 72 35 che
3092 1402 63 37 voi
3178 1402 193 47 fustigate
3392 1413 23 23 o
3436 1398 291 49 incoraggiate,

2181 1473 221 47 respirano.

2295 1541 61 35 Nè
2377 1539 38 37 vi
2439 1538 260 45 stancherete,
2734 1540 50 34 nè
2805 1538 252 48 sbaglierete.
3083 1538 176 36 Avremo
3285 1557 50 5 —
3360 1548 74 23 con
3457 1532 273 39 l'Accademia

2183 1607 181 48 perfetta,
2387 1628 56 6 —-
2458 1605 164 48 l'Opera
2655 1605 171 47 perfetta
2856 1604 40 37 di
2929 1604 162 38 Libertà
3113 1617 20 23 e
3156 1602 207 44 d'Amore,
3385 1601 132 49 quella
3539 1601 74 36 che
3634 1613 74 34 pro-

2184 1675 141 37 ietterà
2356 1672 287 38 sull'avvenire
2672 1679 102 30 tutte
2803 1671 35 37 le
2868 1671 77 38 luci
2976 1671 73 37 che
3095 1684 101 24 sono
3227 1671 142 47 giunte
3401 1670 79 36 fino
3510 1668 37 37 al
3590 1675 140 30 vostro

2185 1743 184 37 Culmine
2399 1754 160 29 umano,
2592 1739 105 38 dalle
2728 1740 113 37 Cime
2871 1739 266 37 incalcolabili
3169 1738 64 36 del
3269 1745 175 40 passato.

2300 1809 77 36 Noi
2408 1808 36 36 vi
2478 1808 125 36 siamo
2634 1808 104 47 grati
2772 1807 145 47 perchè
2946 1814 113 29 avete
3090 1813 168 41 gettato,
3292 1806 38 35 in
3363 1812 138 41 queste
3523 1803 160 49 pagine,
3706 1803 26 35 il

2184 1884 243 30 testamento
2473 1875 288 48 maraviglioso
2805 1874 104 37 della
2939 1881 137 30 vostra
3116 1873 131 37 anima
3278 1873 40 36 di
3365 1880 217 40 pensatore
3626 1884 21 23 e
3692 1870 39 36 di

2187 1951 135 39 poeta:
2355 1942 147 48 perchè
2534 1955 147 24 nessun
2714 1941 136 45 Libro,
2895 1941 40 37 in
2970 1953 129 37 paese,
3134 1941 91 42 mai,
3257 1943 22 33 è
3309 1952 185 35 apparso,
3528 1938 51 36 da
3624 1938 106 50 anni,

2186 2012 81 36 così
2299 2024 152 35 pregno
2483 2009 141 44 d'idee,
2657 2010 80 36 così
2766 2007 135 38 lucido
2946 2008 38 37 di
3019 2007 187 45 dottrine,
3240 2009 82 35 così
3369 2007 128 36 fresco
3528 2006 41 36 di
3601 2005 131 44 suoni,

2186 2081 83 35 così
2300 2079 180 47 genuino
2512 2077 39 36 di
2585 2076 134 45 verità,
2752 2077 80 36 così
2860 2075 164 37 italiano
3054 2075 41 36 di
3127 2087 125 24 razza.

2302 2146 33 35 E
2356 2145 39 36 di
2418 2157 54 24 un
2497 2144 127 37 Libro
2640 2143 126 36 simile
2781 2145 21 34 è
2818 2157 21 21 a
2870 2154 164 36 sperare
3055 2141 73 37 che
3151 2140 125 37 molto
3297 2139 157 43 l'Italia,
3476 2140 171 36 riscossa
3668 2139 66 36 dal

2187 2213 101 38 lutto
2320 2211 90 38 dell'
2430 2219 136 28 atroce
2596 2210 226 37 cataclisma
2854 2208 271 45 meridionale,
3159 2207 117 37 abbia
3307 2207 52 37 da
3389 2206 211 37 avvedersi
3631 2219 22 24 e
3683 2206 51 36 da

2189 2279 275 50 inorgoglirsi.

2301 2348 110 38 Sono
2447 2347 123 48 tempi
2615 2345 40 38 di
2701 2345 158 37 miserie
2902 2344 146 37 carnali
3093 2345 49 35 ed
3188 2342 118 38 ideali
3337 2341 141 49 questi.
3526 2343 93 35 Non
3665 2354 71 34 per

2188 2416 108 37 nulla
2326 2414 204 49 provincie
2563 2414 125 36 intere
2732 2412 41 37 di
2805 2420 137 29 nostra
2986 2419 106 29 terra
3122 2411 32 36 si
3204 2417 233 30 tramutano
3483 2410 39 35 in
3555 2407 180 39 cimiteri.

2307 2483 30 37 Il
2368 2481 172 38 simbolo
2573 2494 79 23 non
2683 2480 171 36 avrebbe
2885 2486 143 40 potuto
3072 2491 131 23 essere
3239 2475 68 49 più
3348 2484 271 29 atrocemente
3648 2490 58 23 am-

2192 2553 206 37 monitore.

2302 2619 76 37 Voi
2410 2617 92 37 date
2531 2617 37 36 la
2600 2616 128 48 prima
2758 2614 140 49 squilla
2928 2614 103 37 della
3060 2613 133 38 diana.

2305 2686 68 38 Sia
2403 2698 114 24 come
2546 2683 130 38 volete
2706 2684 64 35 voi
2786 2683 6 36 !
2832 2672 32 46 È
2907 2682 23 36 1'
2949 2681 170 48 augurio
3164 2682 74 37 che
3268 2681 36 36 vi
3337 2681 147 36 mando
3516 2681 40 36 in
3596 2687 143 41 questa

2192 2755 186 47 pestifera
2409 2766 143 24 aurora
2584 2751 223 37 dell'anno!
2841 2750 130 48 Sorga
3001 2750 26 36 il
3064 2750 92 36 volo
3187 2748 243 49 dell'aquila
3460 2749 187 36 futurista
3691 2761 46 24 su

2192 2830 139 42 queste
2363 2821 174 36 macerie
2567 2818 201 49 d'upupa!
2801 2819 58 36 La
2890 2817 189 37 bandiera
3110 2816 183 38 dell'arte
3323 2817 73 36 che
3427 2816 207 37 adoriamo
3656 2830 64 23 nes-

2193 2903 74 23 sun
2299 2888 227 36 cataclisma
2572 2886 38 36 la
2655 2892 149 30 scuote.
2852 2884 174 47 Bisogna
3055 2884 72 37 che
3158 2881 56 51 gii
3248 2883 200 36 avversari
3481 2884 163 36 trovino
3675 2883 65 48 già

2192 2957 181 47 spiegate
2404 2968 22 22 a
2457 2953 194 48 battaglia
2681 2954 36 34 le
2747 2952 152 36 schiere
2930 2964 20 23 e
2981 2950 36 37 le
3046 2950 163 48 passino
3241 2950 40 36 in
3302 2963 207 35 rassegna,
3543 2951 170 36 formida-

2194 3023 82 44 bili,
2310 3022 105 36 nella
2447 3020 133 49 vigilia
2612 3018 153 38 d'armi.
2790 3019 69 37 Sia
2888 3031 113 24 come
3030 3018 130 36 volete
3191 3017 78 45 voi,
3302 3018 197 37 Maestro!

2310 3089 41 37 Si
2382 3102 134 23 scorra
2551 3088 22 36 il
2607 3087 171 43 volume,
2810 3086 198 47 adunque,
3041 3087 39 35 in
3104 3093 145 40 questo
3285 3084 255 37 freddissimo
3574 3085 167 37 inverno

2197 3157 169 37 mortale
2381 3157 6 36 !
2422 3144 32 48 È
2488 3155 115 47 pieno
2634 3154 38 36 di
2705 3154 173 36 fiamme.

2310 3225 147 36 Strano
2487 3222 184 43 cervello,
2702 3229 155 41 questo,
2890 3220 123 36 d'una
3043 3220 286 47 spaventevole
3361 3233 131 22 massa
3522 3221 39 35 di
3591 3221 152 36 coltura

2198 3306 22 23 e
2250 3291 122 37 d'una
2404 3289 253 39 incantevole
2688 3289 290 37 fosforescenza
3008 3287 40 37 di
3081 3288 204 48 genialità.

2021 3429 220 35 16
