3977 3667
3195 276 268 38 POESIA

222 573 389 114 “LA
736 563 1150 122 LEGGENDA
2031 553 711 119 DELLA
2882 547 602 128 VITA„

1090 781 110 76 di
1256 774 625 83 FEDERICO
1940 774 160 76 DE
2156 770 459 77 MARIA

1489 946 289 49 (EDIZIONE
1811 945 58 36 DI
1945 941 214 39 POESIA
2179 940 39 49 „)

353 1179 127 37 Come
511 1178 27 38 il
574 1178 104 37 libro
719 1178 52 36 mi
807 1177 52 37 ha
898 1176 162 49 colpito,
1093 1175 53 37 ho
1190 1174 166 45 chiesto,
1393 1172 49 37 ad
1482 1170 131 45 amici,
1649 1169 146 37 notizie

237 1245 100 39 sulla
366 1246 83 37 vita
478 1259 21 23 e
531 1245 102 37 sulla
679 1244 284 49 preparazione
1006 1240 181 40 artistica
1218 1240 64 37 del
1328 1246 134 41 poeta.
1494 1239 35 36 E
1560 1250 81 25 non
1672 1235 121 38 credo

238 1314 40 37 di
317 1327 95 24 aver
444 1313 102 37 fatto
586 1313 116 37 male.
736 1312 31 37 Il
797 1311 139 37 critico
977 1310 74 37 che
1081 1308 138 49 voglia
1253 1310 83 35 lare
1376 1306 243 39 seriamente
1654 1304 27 37 il
1721 1315 73 26 suo

238 1381 146 38 dovere
416 1384 21 34 è
468 1394 115 24 come
622 1381 26 36 il
685 1380 148 37 clinico
879 1378 72 38 che
996 1376 188 47 esamina,
1215 1388 71 37 per
1326 1375 37 37 la
1400 1374 127 48 prima
1572 1373 121 41 volta,
1740 1384 54 23 un

239 1449 165 38 malato:
438 1451 50 35 ha
520 1449 173 48 bisogno
725 1448 39 36 di
796 1459 216 25 conoscere
1044 1444 93 38 tutti
1160 1444 9 36 i
1195 1442 228 49 precedenti
1448 1441 63 37 del
1533 1447 208 42 soggetto:
1768 1439 26 36 il

239 1518 159 48 quadro
430 1515 273 39 anamnestico
736 1514 21 38 è
793 1515 61 37 ciò
901 1514 73 37 che
1018 1513 68 47 più
1131 1512 55 48 gli
1228 1524 149 36 preme.
1425 1510 109 37 Ecco
1571 1508 36 37 le
1647 1506 150 38 notizie

239 1584 109 49 degli
374 1584 118 36 amici
505 1597 7 24 :

353 1651 197 37 Federico
583 1652 49 35 de
663 1650 129 37 Maria
823 1653 21 33 è
875 1661 146 25 ancora
1052 1647 101 38 assai
1175 1646 177 48 giovane
1374 1645 173 49 (nacque
1570 1642 64 37 nel
1660 1644 135 44 1883),

240 1733 20 23 e
283 1732 99 35 pure
411 1719 38 36 la
479 1732 72 23 sua
572 1726 87 29 arte
680 1715 81 51 può
782 1717 67 49 già
870 1716 213 38 chiamarsi
1105 1714 172 38 evoluta.
1310 1713 92 37 Una
1424 1710 202 50 precocità
1649 1717 146 37 strana,

242 1794 104 30 tutta
376 1786 268 44 meridionale,
678 1787 51 35 ha
758 1792 143 41 aperto
933 1785 38 35 la
1002 1797 73 24 sua
1106 1783 133 37 anima
1270 1781 37 37 ai
1338 1780 112 38 venti
1473 1779 103 37 della
1607 1778 94 37 vita.
1731 1776 46 37 Di-

240 1868 103 24 cono
376 1855 73 36 che
482 1855 54 36 fin
571 1855 52 36 da
654 1853 190 38 fanciullo
877 1851 80 50 egli
989 1851 107 37 fosse
1127 1863 53 24 un
1212 1849 141 37 artista
1367 1861 6 23 :
1407 1861 22 23 a
1460 1854 102 30 sette
1594 1845 90 37 anni
1708 1846 68 35 sba-

242 1922 155 37 lordiva
435 1922 105 36 nella
571 1920 300 38 declamazione
901 1933 22 24 e
954 1919 105 36 nella
1095 1917 238 38 recitazione
1366 1916 64 36 dei
1467 1913 103 38 versi
1687 1918 112 31 tanto

241 1990 74 37 che
347 1990 10 36 i
390 1988 174 49 giornali
595 1988 64 37 del
700 2001 74 24 suo
812 2000 119 35 paese
970 1985 62 52 (Il
1060 1985 191 48 giornale
1280 1983 40 36 di
1352 1982 156 43 Sicilia,
1543 1981 39 36 Il
1616 1980 185 36 Corriere

242 2058 93 37 dell'
341 2058 116 41 Isola,
491 2057 63 36 La
585 2056 157 44 Patria,
778 2056 185 35 L'amico
995 2055 66 35 del
1080 2053 143 49 popolo
1228 2081 7 15 ,
1268 2051 40 36 di
1347 2048 201 51 Palermo)
1581 2048 61 36 nel
1683 2049 118 44 1890,

244 2126 64 36 nel
339 2138 47 33 91
423 2124 62 37 nel
517 2136 65 36 93,
617 2125 64 35 nel
715 2136 64 34 94,
812 2122 222 49 parlavano
1066 2120 40 37 dì
1138 2119 53 37 lui
1222 2131 114 25 come
1367 2117 39 37 di
1439 2129 52 23 un
1532 2115 145 47 enfant
1700 2118 76 46 pro-

242 2194 102 45 dige.
369 2215 50 5 —
445 2193 56 36 La
532 2190 220 39 solitudine
785 2191 40 35 in
859 2190 63 37 cui
954 2197 199 29 trascorse
1183 2186 112 49 quasi
1327 2192 102 30 tutta
1460 2184 37 36 la
1526 2196 73 24 sua
1628 2181 174 37 infanzia

244 2261 194 36 alimentò
454 2260 39 36 in
515 2260 53 36 lui
590 2259 131 49 questi
743 2258 144 49 germi,
910 2256 10 37 i
942 2255 108 50 quali
1072 2255 206 44 crebbero,
1303 2253 52 36 fin
1380 2251 85 49 che,
1487 2264 23 24 a
1533 2249 137 37 undici
1694 2249 106 45 anni,

244 2328 80 48 egli
361 2327 198 38 cominciò
600 2340 22 23 a
662 2326 149 37 scriver
855 2325 104 37 versi
973 2337 8 25 :
1028 2322 115 44 versi,
1176 2320 307 43 naturalmente,
1516 2317 286 37 d'imitazione

244 2409 21 25 e
296 2396 38 37 di
365 2403 148 36 stento,
546 2394 119 38 simili
697 2408 22 22 a
750 2393 122 49 quelli
905 2392 41 37 di
977 2392 93 37 tutti
1104 2390 10 37 i
1147 2388 161 50 ragazzi
1340 2387 73 38 che
1444 2385 266 39 cominciano.

361 2465 58 35 La
450 2463 147 37 lettura
628 2462 40 36 di
698 2460 92 38 libri
823 2460 210 43 fantastici,
1058 2458 39 37 di
1119 2456 120 39 storie
1259 2463 280 35 avventurose,
1557 2452 188 48 sviluppò
1767 2451 37 37 la

245 2544 74 24 sua
350 2530 334 49 immaginazione
701 2542 8 24 :
743 2528 50 37 ed
837 2528 79 48 egli
961 2527 32 37 si
1040 2526 120 36 diede
1204 2523 127 38 anche
1362 2536 23 23 a
1415 2521 59 37 far
1503 2519 192 38 romanzi.
1729 2518 74 37 Per

246 2598 173 48 qualche
451 2604 137 42 tempo
618 2596 103 38 ebbe
751 2608 79 24 una
862 2594 188 49 passione
1079 2592 179 37 sfrenata
1291 2603 72 34 per
1394 2589 38 36 la
1463 2588 80 37 vita
1575 2586 63 37 del
1679 2585 101 37 mari-

248 2666 105 43 naio,
386 2677 22 25 e
439 2665 36 36 le
505 2677 71 25 sue
611 2664 184 48 giornate
841 2673 224 36 passavano
1096 2660 35 36 al
1163 2665 129 42 porto,
1326 2657 109 47 dopo
1482 2667 94 25 aver
1606 2653 126 38 salata
1767 2653 38 37 la

247 2733 150 44 scuola,
428 2731 164 37 dinanzi
625 2731 35 37 al
694 2744 122 31 mare,
851 2738 62 28 tra
959 2728 26 36 il
1032 2726 160 49 pulsare
1237 2726 240 49 gigantesco
1510 2721 103 38 delle
1656 2719 146 49 grandi

249 2799 103 45 navi,
384 2807 61 29 tra
475 2799 26 37 il
532 2799 246 37 movimento
809 2803 115 31 vasto
956 2809 44 23 su
1033 2796 10 34 i
1077 2793 108 38 moli.

362 2868 37 36 A
430 2866 181 49 quindici
642 2865 105 44 anni,
782 2864 62 38 nel
882 2867 116 44 1898,
1032 2861 188 50 pubblicò
1252 2860 27 37 il
1308 2872 74 25 suo
1416 2859 132 48 primo
1580 2857 120 37 libro:
1724 2868 81 25 una

251 2934 157 37 novella
453 2932 206 52 orientale,
691 2932 238 37 esuberante
960 2930 40 36 di
1038 2928 169 46 coloriti,
1240 2926 224 38 romantica
1495 2938 22 25 e
1550 2937 158 36 pagana
1751 2921 53 38 ad

251 3014 55 24 un
336 3008 148 41 tempo,
516 3001 230 49 sfoggiante
778 2998 304 38 un'erudizione
1112 2996 193 48 alquanto
1338 2992 279 50 imparaticela
1647 2991 41 38 di
1721 2990 64 38 fan-

252 3068 119 39 ciullo
402 3075 280 41 presuntuoso,
714 3067 74 38 che
818 3079 100 35 pure
950 3065 54 49 gli
1036 3064 109 38 valse
1177 3064 9 36 i
1219 3062 118 49 primi
1369 3061 120 48 elogi,
1514 3060 50 37 da
1596 3066 113 41 parte
1731 3071 50 24 an-

253 3136 72 36 che
348 3135 40 36 di
420 3135 168 48 giornali
609 3149 21 23 e
652 3135 39 36 di
724 3134 139 37 riviste
892 3133 114 44 serie,
1030 3145 115 24 come
1174 3129 154 39 l'allora
1355 3128 317 38 rinomatissima
1699 3126 81 38 Gaz-

254 3208 103 31 zetta
388 3204 215 43 letteraria,
636 3202 27 37 il
693 3202 202 36 Fracassa
901 3231 7 14 ,
941 3201 37 35 la
1008 3199 185 44 Bohème,
1226 3197 25 37 il
1281 3195 207 48 Fanfulla
1521 3207 81 25 ecc.

369 3270 92 36 Non
492 3282 122 23 aveva
649 3269 72 36 che
752 3267 254 38 diciottenni
1046 3264 166 51 quando
1243 3264 27 37 il
1298 3276 75 24 suo
1413 3262 144 49 spirito
1593 3260 218 49 irrequieto

256 3336 40 38 lo
325 3337 144 48 spinge
499 3350 23 23 a
551 3336 179 49 compire
760 3349 80 24 una
872 3340 158 32 tournée
1074 3332 203 39 letteraria
1321 3344 72 35 per
1424 3330 157 46 l'Italia,
1615 3330 39 36 in
1686 3339 126 27 onore

257 3403 39 38 di
326 3403 140 38 Victor
498 3404 137 48 Hugo,
667 3403 65 37 del
763 3403 117 48 quale
925 3402 200 36 ricorreva
1171 3400 26 36 il
1240 3398 234 38 centenario
1510 3397 104 37 della
1660 3395 153 38 nascita

1929 1168 155 45 (1902).
2119 1164 89 49 Egli
2237 1163 31 38 si
2310 1174 235 36 proponeva
2577 1159 39 38 di
2662 1157 243 49 raccogliere
2935 1155 41 37 in
3008 1167 54 23 un
3093 1153 134 37 album
3273 1148 200 50 autografi

1928 1233 64 37 dei
2025 1231 213 50 principali
2271 1228 170 39 letterati
2473 1241 21 23 e
2524 1226 172 38 scrittori
2739 1224 139 45 nostri,
2912 1235 69 36 per
3012 1221 109 37 farne
3153 1219 66 49 poi
3250 1217 108 37 dono
3402 1215 78 38 alla

1929 1300 98 38 città
2056 1300 41 36 di
2131 1298 145 49 Parigi.
2309 1298 116 43 Partì,
2458 1294 141 45 infatti,
2624 1293 38 37 di
2695 1298 186 31 nascosto
2912 1288 61 38 de'
2992 1288 100 44 suoi,
3115 1301 21 23 e
3166 1286 107 38 andò
3304 1298 22 24 a
3358 1284 101 37 Cata-

1930 1368 77 50 nia,
2040 1367 187 43 Messina,
2260 1364 156 49 Napoli,
2450 1365 146 42 Roma,
2634 1360 176 38 tenendo
2853 1359 40 36 in
2935 1369 167 37 ognuna
3133 1355 40 36 di
3205 1360 142 42 queste
3387 1352 93 37 città

1930 1436 102 37 delle
2061 1435 237 37 conferenze
2329 1446 45 23 su
2406 1432 37 36 lo
2474 1443 123 34 scopo
2627 1435 231 31 veramente
2891 1424 132 38 nobile
3045 1437 21 23 e
3086 1421 209 49 simpatico
3316 1419 64 38 del
3405 1432 75 24 suo

1931 1502 178 50 viaggio.
2141 1502 152 43 Riuscì,
2324 1500 84 36 così
2440 1512 22 23 a
2492 1496 243 48 raccogliere
2766 1493 197 49 autografi
2987 1491 39 37 di
3057 1488 233 50 Rapisardi,
3315 1486 165 45 Pascoli,

1932 1570 260 43 Cannizzaro,
2225 1569 161 42 Bracco,
2420 1567 148 47 Verga,
2601 1565 204 46 Capuana,
2829 1558 250 44 Bernardini,
3113 1558 140 36 Pieran
3259 1555 176 37 toni-Ma
3443 1567 26 22 ri-

1931 1639 92 43 cini,
2060 1638 183 41 Cesareo,
2277 1635 234 43 D'Ancona,
2545 1646 21 23 e
2597 1632 41 36 di
2671 1630 113 37 molti
2822 1629 91 36 altri
2948 1625 156 39 illustri.
3137 1625 79 44 Ma,
3249 1622 179 38 arrivato
3460 1634 22 22 a

1935 1706 102 44 Pisa,
2069 1705 36 37 le
2136 1704 117 43 forze,
2285 1716 24 24 o
2339 1701 202 49 meglio....
2575 1700 9 36 i
2617 1696 207 51 quattrini,
2857 1695 55 49 gli
2944 1706 176 26 vennero
3152 1703 121 25 meno
3307 1703 33 31 e,
3373 1689 110 47 dopo

1935 1787 52 24 un
2032 1773 266 48 telegramma
2328 1768 201 48 d'appello
2564 1767 204 47 disperato
2803 1777 22 24 a
2855 1775 91 25 casa
2981 1775 85 31 sua,
3108 1760 32 36 si
3171 1757 92 39 vide
3309 1755 175 39 arrivare

1933 1840 146 39 l'irato
2108 1839 184 50 genitore
2323 1837 38 37 in
2407 1848 189 36 persona,
2629 1834 71 36 che
2746 1830 252 43 ricondusse,
3045 1841 71 35 per
3161 1839 52 23 un
3231 1824 198 43 orecchio,
3462 1836 23 23 a

1935 1922 90 24 casa
2055 1921 21 24 e
2106 1921 24 23 a
2158 1905 138 39 scuola
2331 1905 27 36 il
2389 1902 155 49 figliuol
2575 1900 233 50 prodigo..,.

2050 1975 52 36 Di
2133 1973 37 38 là
2201 1987 22 23 a
2253 1972 79 37 due
2371 1970 106 44 anni,
2509 1968 79 49 egli
2634 1966 240 49 pubblicava
2909 1964 26 35 il
2977 1963 133 47 primo
3155 1960 104 37 libro
3290 1958 40 37 di
3361 1956 123 38 versi:

1947 2043 95 38 Voci
2044 2072 7 16 ,
2074 2041 73 38 che
2177 2039 356 49 ampollosamente
2553 2036 229 36 chiamava:
2806 2036 143 44 poema
2970 2030 104 36 della
3099 2028 180 37 Natura.
3313 2025 31 37 Il
3366 2031 121 41 poeta

1935 2109 255 39 adolescente
2222 2107 40 37 fu
2293 2105 153 38 accolto
2479 2116 75 24 con
2584 2103 155 48 grande
2769 2098 208 49 benignità
3008 2095 108 37 dalla
3149 2094 152 44 critica,
3334 2092 74 37 che
3437 2091 32 37 ìi-

1936 2189 221 26 conosceva
2189 2174 40 38 in
2262 2173 132 50 questi
2434 2171 105 38 canti
2580 2183 52 23 un
2664 2170 142 47 vigore
2846 2165 49 38 ed
2933 2177 79 25 una
3053 2163 204 36 ricchezza
3288 2159 40 37 di
3361 2160 105 37 senti-

1937 2251 135 31 mento
2103 2257 20 23 e
2154 2243 40 36 di
2226 2241 168 38 colorito
2425 2251 81 25 non
2527 2236 177 39 comuni.
2736 2234 90 49 Egli
2858 2232 31 37 si
2921 2237 240 42 presentava
3184 2227 303 42 audacemente,

1936 2312 40 37 in
2007 2324 98 36 posa
2135 2309 119 38 balda
2285 2322 21 23 e
2337 2308 112 48 quasi
2481 2303 222 44 temeraria,
2737 2298 261 51 rompendola
3028 2298 54 36 fin
3106 2295 51 38 da
3191 2295 122 37 allora
3344 2306 76 24 con
3452 2293 38 37 le

1939 2377 207 40 tradizioni
2173 2391 33 30 e,
2239 2376 79 49 più,
2350 2387 74 25 con
2454 2373 36 37 la
2521 2371 120 37 moda
2672 2369 159 49 poetica
2867 2366 65 37 dei
2968 2364 124 49 tempi
3125 2362 117 49 quasi
3280 2367 103 32 tutta
3422 2359 45 37 in-

1938 2454 141 30 tonata
2100 2444 61 39 sul
2182 2441 273 40 D'Annunzio
2476 2454 21 23 e
2517 2439 61 37 sul
2614 2437 160 37 Pascoli.
2807 2436 223 36 Francesco
3057 2429 217 40 Pastonchi
3295 2428 103 38 ebbe
3420 2440 71 36 per

1938 2514 54 38 lui
2023 2514 61 38 sul
2120 2512 183 39 Corriere
2332 2511 105 36 della
2466 2521 90 24 sera
2585 2505 65 38 del
2682 2508 23 34 6
2736 2504 158 37 ottobre
2929 2512 103 37 1903
3068 2499 103 36 delle
3196 2496 137 49 paiole
3365 2495 124 42 calde,

1938 2580 110 51 quali
2081 2580 27 37 il
2135 2577 153 40 biondo
2319 2577 139 37 critico
2479 2575 39 36 di
2541 2572 236 48 Grugliasco
2808 2582 80 25 non
2919 2567 87 38 suol
3037 2565 222 50 prodigare
3292 2575 142 36 spesso
3455 2562 36 37 ai

1940 2647 174 50 giovani.
2143 2646 200 38 Scrissero
2374 2642 126 38 anche
2530 2640 39 38 di
2599 2647 145 42 questo
2775 2637 132 49 primo
2937 2635 102 37 libro
3065 2633 64 37 del
3160 2632 62 37 De
3242 2630 144 46 Maria,
3409 2642 63 36 pre-

1940 2714 241 41 sentandolo
2211 2725 114 26 come
2354 2724 79 25 una
2460 2722 94 25 vera
2592 2705 254 44 rivelazione,
2882 2704 151 47 Sfinge,
3072 2698 192 52 Jolanda,
3316 2697 176 43 Sacheri,

1942 2784 48 38 O.
2025 2783 123 45 Fava,
2185 2782 55 37 M.
2274 2779 97 45 Pilo,
2402 2791 81 26 ecc.
2528 2777 67 36 Un
2638 2773 224 38 articoletto
2905 2768 258 39 entusiastico
3215 2765 193 48 pubblicò
3459 2763 40 36 II

1940 2850 202 49 Fanfulla
2173 2849 104 37 della
2307 2846 245 40 Domenica;
2583 2856 20 23 e
2634 2855 52 24 un
2716 2840 104 38 altro
2860 2838 63 37 La
2958 2836 224 38 Settimana
3187 2862 7 16 ,
3241 2832 40 37 di
3329 2830 166 38 Matilde

1940 2919 141 38 Serao.
2114 2916 115 38 Nella
2256 2915 164 38 Rivista
2449 2912 164 37 d'Italia
2618 2940 7 14 ,
2657 2907 137 45 anche,
2939 2902 170 40 Picciola
3164 2914 41 24 se
3250 2912 50 24 ne
3341 2901 155 45 occupò

1942 2985 294 39 diffusamente.

2053 3053 68 37 Ma
2150 3051 26 38 il
2204 3062 73 26 suo
2307 3059 186 27 successo
2537 3045 67 48 più
2643 3043 104 38 bello
2785 3041 104 38 ebbe
2928 3037 198 39 Federico
3157 3036 50 36 de
3238 3033 146 48 Maria,
3420 3034 77 35 due

1942 3121 93 38 anni
2066 3120 121 47 dopo,
2218 3130 75 25 con
2324 3116 60 37 Le
2422 3115 175 37 Canzoni
2628 3123 105 26 rosse
2739 3140 6 14 ,
2778 3121 55 25 un
2864 3107 101 37 libro
2987 3106 86 43 che,
3097 3110 226 30 conteneva
3353 3100 144 38 audaci

1942 3202 22 25 e
1994 3187 148 50 geniali
2161 3185 117 50 saggi
2298 3184 39 38 di
2359 3184 306 36 rinnovamento
2697 3177 179 45 metrico,
2900 3175 39 37 di
2961 3173 317 38 rinnovamento
3304 3168 192 50 stilistico,

1943 3256 174 38 diciamo
2148 3253 126 37 anche
2304 3252 40 36 di
2375 3250 306 37 rinnovamento
2719 3245 116 37 etico.
2876 3243 57 37 Le
2972 3240 179 39 Canzoni
3184 3239 127 35 Rosse
3353 3236 144 37 furono

1945 3323 165 38 esaltate
2139 3334 22 24 e
2190 3320 235 47 vituperate,
2457 3328 114 25 come
2602 3321 106 30 tutte
2737 3312 36 37 le
2802 3323 91 25 cose
2925 3308 111 38 forti:
3069 3320 55 24 un
3141 3306 134 37 anima
3300 3316 137 25 nuova
3457 3302 40 37 vi

1946 3391 32 38 si
2025 3389 189 40 rivelava,
2260 3400 55 24 un
2359 3391 125 32 tratto
2529 3382 41 37 di
2615 3392 150 27 moneto
2810 3377 198 38 moderno
3038 3375 38 37 vi
3117 3387 18 25 s
3163 3371 263 39 intravedeva
3458 3370 39 36 di

1783 3539 195 35 19
