3977 3667
601 293 259 38 POESIA

601 427 250 48 sopprimere
874 425 26 36 il
917 422 174 49 capitolo
1113 421 116 37 finale
1243 434 7 24 :
1273 433 21 24 e
1309 419 176 37 l'autrice
1507 418 76 36 rice-

601 491 111 29 vette
734 482 36 37 le
792 483 123 35 bozze
945 479 192 37 mutilate.
1178 478 34 37 O
1242 479 59 35 mi
1317 476 225 48 pubblicate
1573 474 33 36 il

602 551 188 26 romanzo
810 550 104 24 come
943 535 79 38 Vho
1051 536 149 43 scritto,
1223 547 20 23 o
1269 537 119 32 ritiro
1420 535 97 32 tutto
1550 552 49 5 —

604 602 175 42 protesta
809 594 141 36 Neera.
983 590 247 45 Brunetière,
1263 601 76 24 con
1366 588 36 36 la
1434 586 167 49 tenacia,

604 650 286 39 sacramentale
915 647 96 37 d'un
1041 646 325 38 Eminentissimo
1397 643 39 36 di
1470 642 133 44 Curia,

606 707 151 38 insiste.
783 707 129 36 Neera
935 704 124 48 perde
1091 702 131 48 Parigi
1253 714 71 35 per
1355 700 118 47 pochi
1505 698 98 48 fogli

607 764 39 37 di
677 771 154 38 stampa
846 775 7 23 :
886 760 146 49 perchè
1063 761 132 34 Neera
1215 761 21 34 è
1257 759 95 35 fiera
1376 755 67 48 più
1461 755 41 36 di
1520 755 57 36 En-

608 821 82 36 rico
722 819 109 38 IV....
855 830 21 23 e
907 830 79 23 non
1008 816 204 36 andrebbe
1234 814 50 37 ad
1311 811 196 38 ascoltare
1528 823 79 24 una

608 877 133 37 Messa
762 888 94 24 se....
881 881 95 40 puta
1007 884 103 33 caso,
1143 884 23 23 a
1186 884 53 23 un
1271 870 94 35 dato
1387 874 219 36 momento,

607 933 37 36 la
675 931 131 37 Messa
835 930 36 36 le
902 928 185 38 riuscisse
1131 940 80 23 una
1249 938 91 24 cosa
1376 924 179 37 noiosa...
1588 935 21 23 e

608 987 222 38 resistenza
865 985 63 37 del
976 983 202 44 Paradiso,
1223 982 40 36 in
1309 993 230 34 compenso,
1571 978 37 37 le

609 1045 208 47 apparisse
853 1055 78 22 una
961 1053 94 24 cosa
1089 1051 148 24 ancora
1272 1037 69 48 più
1372 1036 130 37 sicura
1531 1034 60 37 del-

609 1100 223 38 l'esistenza
862 1098 39 35 di
933 1096 145 48 Parigi.

667 1157 156 47 Questa
844 1153 190 37 scrittrice
1062 1158 105 30 resta
1198 1162 75 35 pur
1294 1161 156 34 sempre
1470 1147 26 36 il
1526 1146 85 46 tipo

611 1211 70 49 più
713 1209 201 48 singolare
935 1209 105 37 della
1061 1208 193 36 moderna
1284 1204 233 37 letteratura
1545 1202 51 35 ita-

611 1268 116 37 liana.
778 1265 188 37 Feconda
1011 1276 114 24 come
1170 1274 78 24 una
1297 1260 137 37 buona
1478 1258 135 37 madre

613 1322 132 38 d'altri
775 1322 137 47 tempi,
945 1333 87 25 essa
1062 1319 50 36 ha
1141 1317 173 37 lanciato
1344 1316 36 36 al
1411 1314 202 49 pubblico,

613 1393 78 23 una
712 1379 173 37 trentina
902 1376 40 37 di
975 1375 178 38 romanzi
1185 1373 64 36 nei
1281 1371 109 49 quali
1420 1371 27 36 il
1470 1382 145 36 sapore

613 1436 104 36 della
747 1434 81 37 vita
858 1447 21 22 e
910 1433 102 36 della
1041 1444 73 25 sua
1145 1429 195 37 relatività
1370 1427 22 37 è
1422 1439 87 24 reso
1540 1438 75 24 con

614 1492 36 36 la
682 1492 66 47 più
780 1489 187 47 semplice
1008 1495 168 40 potenza
1206 1485 40 36 di
1276 1484 118 37 mezzi
1425 1496 21 23 e
1477 1483 35 35 la
1552 1481 63 37 cui

614 1548 145 37 lettura
790 1549 82 45 può
903 1557 129 25 essere
1063 1543 40 36 in
1133 1541 96 37 certi
1259 1538 191 39 momenti
1473 1537 142 49 d'ogni

616 1604 154 48 giorno,
804 1601 223 37 necessaria
1058 1611 113 25 come
1203 1597 24 35 il
1260 1610 113 34 pane.

673 1660 133 36 Neera
836 1660 34 40 è,
903 1670 117 23 senza
1045 1655 58 36 far
1142 1660 106 31 torto
1277 1666 23 23 a
1339 1649 278 44 nessun'altra,

616 1715 37 36 la
693 1713 68 49 più
798 1714 156 36 sincera
995 1713 59 36 fra
1084 1711 36 36 le
1154 1708 186 39 scrittrici
1371 1708 169 36 italiane.
1573 1706 45 36 In

618 1771 62 37 ciò
712 1778 59 29 sta
802 1770 37 36 la
868 1782 73 24 sua
972 1768 108 36 forza
1110 1780 33 31 e,
1176 1765 201 48 possiamo
1409 1764 77 37 ben
1517 1762 100 43 dire,

618 1828 38 35 la
695 1839 72 24 sua
811 1825 140 47 gloria.
990 1823 141 38 L'idea
1175 1820 62 37 de'
1254 1820 88 37 suoi
1387 1817 174 39 romanzi
1597 1820 22 34 è

619 1895 160 35 sempre
801 1883 168 34 desunta
991 1880 51 36 da
1063 1891 54 23 un
1149 1877 143 37 diretto
1314 1883 181 29 contatto
1516 1873 105 37 colla

620 1939 81 36 vita
722 1938 244 49 quotidiana.
986 1936 16 36 I
1023 1935 84 37 suoi
1133 1932 243 49 personaggi
1397 1943 100 25 sono
1519 1929 102 36 della

622 2008 119 24 carne
762 1995 73 36 che
860 1993 120 37 soffre
1011 2004 21 24 e
1054 1991 72 36 che
1156 1989 169 47 capisce.
1349 1988 57 36 Le
1437 1988 86 36 loro
1554 1999 44 33 pa-

621 2051 82 37 role
735 2064 80 22 non
846 2049 85 37 soffi
962 2046 106 44 vani,
1091 2058 64 25 ma
1179 2043 241 49 espressioni
1452 2041 172 50 positive

623 2105 251 39 d'un'anima
903 2105 73 37 che
1001 2103 116 37 esiste
1148 2114 20 23 e
1198 2101 96 37 vuol
1326 2099 108 37 farne
1463 2098 162 37 esistere

626 2163 110 38 altre.

1761 411 137 39 Perciò
1928 411 99 48 ogni
2069 421 191 26 romanzo
2292 407 41 37 di
2366 409 142 41 Neera,
2540 419 23 23 a
2594 412 113 40 parte

1703 471 12 37 i
1737 470 108 49 gusti
1868 468 153 37 estetici
2043 467 73 36 che
2137 477 163 36 ognuno
2323 464 39 35 di
2384 463 66 36 noi
2472 464 82 46 può
2575 474 130 30 avere,

1703 527 126 37 riesce
1856 537 160 35 sempre
2046 520 324 49 simpaticissimo
2392 532 20 23 e
2434 518 33 37 ci
2490 517 216 43 riconcilia,

1705 597 56 23 uu
1794 594 102 35 poco
1928 592 169 36 sempre,
2121 591 75 23 con
2227 576 92 49 quel
2351 587 149 36 genere
2531 574 41 35 di
2603 574 89 36 lette-

1706 646 136 31 ratura
1887 637 126 37 ormai
2058 635 132 36 vicino
2229 647 22 23 a
2286 631 221 37 dichiarare
2552 630 26 36 il
2613 630 80 36 falli-

1707 703 149 29 mento.
1881 716 43 4 —
1951 693 45 36 E'
2022 691 102 36 della
2145 690 82 37 vita
2241 689 5 38 !
2281 687 202 38 Andiamo
2504 700 22 23 a
2549 694 161 28 trovare

1708 751 65 37 noi
1811 749 117 37 stessi
1968 748 144 37 dentro
2149 752 139 43 queste
2328 743 169 50 pagine!
2531 765 49 4 —
2613 743 35 36 E
2678 741 31 37 si

1709 806 163 48 respira.

1765 861 264 38 L'indomani
2071 858 129 48 parmi
2246 869 82 24 uno
2373 854 63 38 dei
2481 852 229 49 capolavori

1710 920 36 49 (e
1767 931 100 24 sono
1889 915 164 48 diversi)
2083 914 105 37 della
2220 913 153 37 illustre
2399 910 195 38 scrittrice
2617 911 72 35 lom-

1711 974 135 37 barda.
1870 974 42 37 Si
1943 979 113 30 sente
2078 971 52 36 ad
2161 969 95 49 ogni
2288 967 159 49 pagina,
2471 966 113 36 l'arte
2610 966 84 47 squi-

1712 1031 75 37 sita
1816 1030 73 37 che
1919 1029 50 36 ha
2001 1028 148 35 dettate
2179 1027 36 36 le
2246 1037 79 24 non
2357 1021 288 39 dimenticatili
2674 1021 40 37 di

1720 1088 144 36 Teresa
1893 1099 21 23 e
1945 1084 40 36 di
2018 1084 146 48 Lydia.

1771 1143 143 43 Marta,
1950 1140 39 36 la
2032 1137 280 49 protagonista
2342 1135 65 36 del
2439 1135 223 43 Romanzo,
2693 1136 21 33 è

1714 1212 78 23 una
1823 1199 102 35 delle
1970 1195 131 49 figure
2132 1194 67 48 più
2244 1191 420 49 appassionatamente
2694 1202 21 23 e

1715 1255 324 36 dolorosamente
2070 1252 89 37 vive
2189 1249 130 37 uscite
2349 1247 64 36 dal
2442 1246 156 37 fervido
2629 1258 67 24 cer-

1715 1311 103 37 vello
1849 1310 39 36 di
1920 1310 143 36 Neera.
2110 1308 58 35 La
2199 1305 120 48 quale
2348 1316 95 36 pare
2472 1302 31 37 si
2537 1301 57 37 sia
2625 1313 69 35 pre-

1716 1367 92 37 fissa
1837 1378 82 24 uno
1949 1376 123 35 scopo
2118 1374 132 25 sacro:
2295 1359 134 49 quello
2460 1358 39 37 di
2537 1357 181 36 additare

1716 1423 80 48 agli
1828 1421 155 38 uomini
2005 1418 194 38 increduli
2227 1418 35 35 le
2283 1423 183 30 creature
2490 1413 118 38 ideali
2631 1414 83 44 che,

1717 1491 101 38 pure
1849 1478 35 36 ci
1924 1489 110 25 sono.
2082 1476 131 36 Marta
2244 1472 21 37 è
2295 1472 38 36 la
2377 1484 120 35 sposa
2541 1469 175 50 giovine,

1719 1534 113 48 bella,
1879 1534 144 43 buona,
2069 1531 174 48 ingenua
2286 1529 73 36 che
2403 1540 128 34 sogna
2575 1526 27 36 il
2646 1537 73 24 suo

1719 1603 136 25 amore
1886 1602 113 24 come
2044 1587 240 48 potrebbero
2330 1583 197 49 darglielo
2558 1581 55 49 gli
2644 1594 50 23 an-

1719 1646 80 49 geli
1815 1660 7 23 :
1855 1658 21 24 e
1906 1658 48 23 va
1985 1656 117 25 verso
2131 1640 248 44 l'indomani,
2415 1651 197 35 sorpresa,
2640 1649 79 25 non

1720 1701 246 49 spoetizzata
2001 1700 105 36 dalla
2150 1698 124 38 cruda
2317 1694 122 39 realtà
2484 1695 73 36 che
2601 1693 100 37 conti-

1721 1765 215 30 nuamente
1965 1757 36 35 le
2024 1755 194 37 dimostra
2239 1766 131 23 essere
2401 1752 137 35 invece
2569 1750 56 47 gli
2657 1761 44 24 uo-

1722 1814 108 45 mini,
1863 1812 132 48 specie
2030 1811 244 42 nell'amore,
2305 1806 195 39 tutt'altra
2529 1818 91 24 cosa
2651 1804 73 38 che

1723 1884 80 23 non
1847 1870 56 47 gli
1948 1867 218 38 ufficialetti
2201 1864 178 38 aviatorii
2415 1863 63 37 del
2523 1861 199 49 paradiso.

1724 1928 92 36 Una
1846 1933 182 29 creatura
2065 1923 86 45 che,
2190 1921 212 48 malgrado
2432 1920 9 34 i
2475 1917 124 48 tempi
2636 1929 66 25 evo-

1723 1983 85 44 luti,
1850 1993 169 36 ognuno
2050 1979 40 37 di
2135 1978 66 37 noi
2247 1978 156 47 (spesso
2437 1975 105 36 nella
2571 1972 152 39 cerchia

1725 2039 104 36 della
1860 2050 73 24 sua
1971 2043 125 30 stessa
2140 2034 191 47 famiglia)
2367 2035 81 45 può
2479 2043 94 25 aver
2603 2041 100 25 cono-

1726 2095 129 36 sciuto
1886 2107 21 22 e
1942 2103 235 26 conoscere:
2219 2090 156 48 perchè,
2408 2101 42 23 se
2481 2090 21 34 è
2531 2098 95 25 vero
2656 2085 73 37 che

1726 2151 33 38 si
1790 2149 166 39 estende
1986 2148 95 49 oggi
2122 2147 27 36 il
2184 2145 85 49 tipo
2300 2145 105 37 della
2436 2143 135 37 donna
2601 2154 129 24 eman-

2806 402 141 50 cipata,
2980 413 82 24 non
3084 402 21 34 è
3126 410 93 25 men
3251 409 95 25 vero
3368 396 85 50 che,
3487 394 104 36 nelle
3622 392 187 48 famiglie,

2808 459 32 37 si
2872 465 192 42 perpetua
3098 455 26 37 il
3170 454 85 48 tipo
3285 452 104 37 della
3419 452 135 36 donna
3598 457 95 29 nata
3739 461 72 35 per

2808 528 131 24 essere
2983 523 227 37 compagna
3253 521 221 25 sommessa
3505 505 260 44 dell'uomo:;
3794 517 23 24 e

2810 578 142 41 questo
2972 581 143 36 sogno,
3133 574 105 30 tutto
3256 565 185 43 femineo,
3459 562 232 37 dell'amore
3714 562 102 35 fatto

2810 628 40 37 di
2893 626 176 37 assoluta
3112 623 203 48 reciproca
3361 619 210 38 dedizione
3615 619 82 36 fino
3741 617 76 36 alla

2811 691 139 37 morte,
2983 686 21 33 è
3034 680 133 38 antico
3213 684 154 42 quanto
3411 676 26 36 il
3484 674 148 38 mondo
3673 687 22 23 e
3734 686 81 24 non

2811 740 162 37 svanirà
3005 738 90 35 mai.
3130 733 139 39 Perciò
3301 733 25 36 il
3361 733 101 36 libro
3493 731 40 36 di
3567 733 146 44 Neera,
3748 729 69 47 più

2811 799 73 34 che
2909 794 150 44 scritto,
3091 792 155 48 parlato
3277 802 77 25 con
3395 800 83 25 uno
3507 786 89 38 stile
3627 786 192 46 semplice

2811 866 21 23 e
2877 850 199 49 profondo
3112 861 113 24 come
3269 846 134 48 quello
3448 843 108 48 degli
3600 842 147 37 oracoli
3779 840 40 37 di

2813 908 139 42 Cuma,
2985 902 168 41 esercitò
3184 915 155 35 sempre
3360 914 55 24 un
3456 899 150 37 fascino
3645 896 174 50 speciale

2813 964 61 38 sul
2903 976 110 24 sesso
3044 960 151 50 gentile
3225 959 51 36 ed
3312 969 124 25 ancor
3466 954 96 50 oggi
3592 954 161 38 troverà
3783 953 37 36 le

2812 1019 145 38 lettrici
2977 1015 285 40 entusiastiche
3283 1014 73 36 che
3378 1026 49 23 ne
3446 1011 374 48 comprenderanno

2814 1083 102 30 tntta
2945 1075 38 36 la
3002 1086 121 25 soave
3155 1072 175 36 bellezza
3360 1083 22 24 e
3411 1069 37 36 la
3478 1075 170 41 potenza
3669 1066 132 37 confor-

2815 1132 150 37 tatrice.
2997 1131 38 35 A
3070 1128 66 37 noi
3180 1127 167 46 uomini,
3394 1124 311 44 naturalmente,
3743 1134 79 24 una

2815 1188 132 37 donna
2978 1186 64 36 dei
3074 1185 82 47 tipo
3184 1184 40 36 di
3255 1183 144 49 Marta,
3430 1187 151 41 quanto
3612 1178 67 49 più
3712 1177 110 48 piace

2815 1257 70 35 per
2900 1244 37 35 la
2953 1241 295 49 significazione
3264 1238 139 44 ideale,
3418 1237 234 37 altrettanto
3664 1235 160 37 sembra

2816 1299 331 38 eccessivamente
3187 1296 188 36 morbosa
3406 1293 105 37 nella
3549 1305 71 24 sua
3651 1290 151 48 applica-

2816 1356 114 37 zione
2964 1354 76 36 alla
3069 1354 83 36 vita
3196 1352 116 36 reale.
3347 1349 49 38 Di
3445 1356 142 41 questa
3632 1355 115 41 pasta
3791 1345 32 37 si

2818 1413 119 36 fanno
2966 1411 37 36 le
3032 1409 139 49 gelose
3199 1407 194 37 classiche
3422 1405 104 36 della
3556 1402 225 39 commedia
3802 1415 22 23 e

2818 1467 105 37 della
2968 1465 184 49 tragedia
3196 1476 158 24 umana.
3406 1462 94 36 Alla
3548 1460 114 48 larga
3676 1460 7 36 !
3730 1458 94 37 vien

2817 1522 137 49 voglia
2984 1521 38 37 di
3053 1521 170 48 gridare.
3257 1520 67 35 Ma
3354 1519 132 35 Neera
3516 1529 44 24 sa
3584 1515 135 49 quello
3751 1514 73 37 che

2819 1580 52 36 ha
2900 1578 150 37 scritto.
3084 1578 57 35 La
3171 1588 72 24 sua
3273 1575 40 36 fu
3344 1575 52 35 ed
3425 1576 21 34 è
3476 1585 159 35 sempre
3671 1569 155 50 grande

2820 1643 85 29 arte
2934 1634 147 48 perchè
3111 1635 34 41 è,
3176 1632 40 36 in
3261 1630 136 44 fondo,
3429 1636 84 30 arte
3549 1628 41 37 di
3635 1626 189 39 simbolo.

2821 1691 44 37 E'
2900 1703 54 23 un
2994 1690 99 36 altro
3138 1688 240 36 frammento
3415 1685 40 36 di
3501 1691 143 42 questa
3687 1690 140 30 atroce

2823 1746 157 37 miseria
3023 1757 147 25 umana
3208 1743 152 37 ch'essa
3405 1742 52 36 ha
3486 1740 139 37 voluto
3657 1740 172 35 fermare

2823 1802 63 38 nel
2905 1801 132 38 lucido
3059 1799 141 49 raggio
3222 1799 61 36 de'
3297 1797 87 39 suoi
3406 1797 113 37 occhi
3541 1795 150 48 esperti
3714 1807 115 24 come

2825 1858 122 50 quelli
2976 1857 100 36 delle
3112 1855 158 48 Aquile.
3302 1855 50 38 Si
3387 1856 88 34 vive
3506 1857 78 45 per
3612 1864 138 24 amare
3754 1881 8 15 ,
3794 1851 39 36 si

2824 1928 92 24 ama
2954 1918 77 44 per
3072 1913 150 36 morire
3226 1940 8 8 .
3282 1908 251 40 Facciamoci
3579 1907 77 37 alla
3692 1906 139 37 scuola

2826 1971 104 37 della
2961 1969 188 48 pazienza
3168 1980 43 24 se
3232 1980 80 23 non
3334 1966 207 49 vogliamo
3563 1963 169 49 gettarci
3764 1961 68 38 dal

2827 2026 140 50 quinto
3008 2025 130 47 piano.
3184 2023 267 37 UincLomani
3487 2023 22 34 è
3545 2020 27 36 il
3612 2026 220 38 tramonto,

2828 2095 72 38 per
2928 2082 106 42 tutti,
3065 2078 154 39 uomini
3241 2093 21 23 e
3283 2079 147 43 donne,
3452 2090 74 24 con
3554 2076 38 37 la
3612 2090 71 23 sua
3708 2075 122 49 gioia,

2829 2151 75 25 con
2935 2138 37 36 la
3000 2150 70 25 sua
3104 2135 130 49 gloria
3263 2135 114 37 color
3398 2133 65 38 del
3494 2145 154 35 sangue
3679 2131 151 49 quieto.

3362 2213 172 47 Paolo
3569 2211 190 47 Buzzi.

1395 2436 1280 264 Giovane
2904 2431 916 264 Italia,,

1113 2810 605 91 Rivista
1824 2802 148 89 di
2078 2792 1285 96 combattimento

1931 2943 419 84 guidata
2408 2939 132 66 da

1700 3102 1077 178 NOTARI

2720 3347 340 61 MILANO,
3115 3346 109 52 Via
3264 3346 223 57 Revere,
3531 3357 70 52 15

2126 3499 222 45 64
