<?xml version="1.0" encoding="UTF-8"?>
<alto xmlns:xsi="http://www.w3.org/2001/XMLSchema-instance" xmlns="http://www.loc.gov/standards/alto/ns-v2#" xsi:schemaLocation="http://www.loc.gov/standards/alto/ns-v2# http://www.loc.gov/standards/alto/alto-v2.0.xsd" xmlns:xlink="http://www.w3.org/1999/xlink">
	<Description>
		<MeasurementUnit>mm10</MeasurementUnit>
		<sourceImageInformation>
			<fileName>//fileserver7/IN2/Princeton/Batch3/bmtnaai/1909/02_01/00000065.tif</fileName>
		</sourceImageInformation>
		<OCRProcessing ID="OCRPROCESSING_1">
			<preProcessingStep>
				<processingSoftware>
					<softwareCreator>CCS Content Conversion Specialists GmbH, Germany</softwareCreator>
					<softwareName>CCS docWORKS</softwareName>
					<softwareVersion>6.6-1.18</softwareVersion>
				</processingSoftware>
			</preProcessingStep>
			<ocrProcessingStep>
				<processingSoftware>
					<softwareCreator>ABBYY (BIT Software), Russia</softwareCreator>
					<softwareName>FineReader</softwareName>
					<softwareVersion>10.0</softwareVersion>
				</processingSoftware>
			</ocrProcessingStep>
		</OCRProcessing>
	</Description>
	<Styles>
		<TextStyle ID="TXT_0" FONTSIZE="15" FONTFAMILY="Times New Roman"/>
		<TextStyle ID="TXT_1" FONTSIZE="14" FONTFAMILY="Times New Roman"/>
		<TextStyle ID="TXT_2" FONTSIZE="14" FONTFAMILY="Times New Roman" FONTSTYLE="italics"/>
		<TextStyle ID="TXT_3" FONTSIZE="12" FONTFAMILY="Times New Roman"/>
		<TextStyle ID="TXT_4" FONTSIZE="12" FONTFAMILY="Times New Roman"/>
		<TextStyle ID="TXT_5" FONTSIZE="11" FONTFAMILY="Times New Roman"/>
		<TextStyle ID="TXT_6" FONTSIZE="9" FONTFAMILY="Times New Roman" FONTSTYLE="italics"/>
		<TextStyle ID="TXT_7" FONTSIZE="34" FONTFAMILY="Times New Roman"/>
		<ParagraphStyle ID="PAR_RIGHT" ALIGN="Right"/>
		<ParagraphStyle ID="PAR_BLOCK" ALIGN="Block"/>
		<ParagraphStyle ID="PAR_LEFT" ALIGN="Left"/>
		<ParagraphStyle ID="PAR_CENTER" ALIGN="Center"/>
	</Styles>
	<Layout>
		<Page ID="P65" PHYSICAL_IMG_NR="65" HEIGHT="3667" WIDTH="3977" PRINTED_IMG_NR="63" PC="0.866">
			<TopMargin ID="P65_TM00001" HPOS="0" VPOS="0" WIDTH="3977" HEIGHT="236">
				<TextBlock ID="P65_TB00001" HPOS="3200" VPOS="193" WIDTH="270" HEIGHT="40" STYLEREFS="TXT_0 PAR_RIGHT">
					<TextLine ID="P65_TL00001" HPOS="3200" VPOS="193" WIDTH="269" HEIGHT="40">
						<String ID="P65_ST00001" HPOS="3200" VPOS="193" WIDTH="269" HEIGHT="40" CONTENT="POESIA" WC="0.98" CC="606005"/>
					</TextLine>
				</TextBlock>
			</TopMargin>
			<LeftMargin ID="P65_LM00001" HPOS="0" VPOS="236" WIDTH="144" HEIGHT="3345"/>
			<RightMargin ID="P65_RM00001" HPOS="3487" VPOS="236" WIDTH="490" HEIGHT="3345"/>
			<BottomMargin ID="P65_BM00001" HPOS="0" VPOS="3581" WIDTH="3977" HEIGHT="86"/>
			<PrintSpace ID="P65_PS00001" HPOS="144" VPOS="236" WIDTH="3343" HEIGHT="3345">
				<TextBlock ID="P65_TB00002" HPOS="144" VPOS="338" WIDTH="1057" HEIGHT="3123" STYLEREFS="TXT_1 PAR_BLOCK">
					<TextLine ID="P65_TL00002" HPOS="145" VPOS="339" WIDTH="1041" HEIGHT="51">
						<String ID="P65_ST00002" HPOS="145" VPOS="358" WIDTH="139" HEIGHT="28" CONTENT="amore" WC="0.98" CC="75500" STYLEREFS="TXT_2"/>
						<String ID="P65_ST00003" HPOS="289" VPOS="375" WIDTH="6" HEIGHT="8" CONTENT="." WC="0.56" CC="4"/>
						<SP ID="P65_SP00001" HPOS="295" VPOS="386" WIDTH="35"/>
						<String ID="P65_ST00004" HPOS="330" VPOS="344" WIDTH="129" HEIGHT="37" CONTENT="Tutto" WC="1.00" CC="01000"/>
						<SP ID="P65_SP00002" HPOS="459" VPOS="386" WIDTH="32"/>
						<String ID="P65_ST00005" HPOS="491" VPOS="342" WIDTH="62" HEIGHT="38" CONTENT="ciò" WC="0.97" CC="043"/>
						<SP ID="P65_SP00003" HPOS="553" VPOS="386" WIDTH="34"/>
						<String ID="P65_ST00006" HPOS="587" VPOS="341" WIDTH="201" HEIGHT="49" CONTENT="potrebbe" WC="0.99" CC="05002701"/>
						<SP ID="P65_SP00004" HPOS="788" VPOS="390" WIDTH="45"/>
						<String ID="P65_ST00007" HPOS="833" VPOS="339" WIDTH="191" HEIGHT="51" CONTENT="apparire" WC="0.99" CC="00003740"/>
						<SP ID="P65_SP00005" HPOS="1024" VPOS="390" WIDTH="46"/>
						<String ID="P65_ST00008" HPOS="1070" VPOS="339" WIDTH="93" HEIGHT="40" CONTENT="deso" SUBS_TYPE="HypPart1" SUBS_CONTENT="desolante" WC="0.99" CC="0104"/>
						<HYP HPOS="1163" VPOS="339" WIDTH="23" CONTENT="-"/>
					</TextLine>
					<TextLine ID="P65_TL00003" HPOS="148" VPOS="398" WIDTH="1038" HEIGHT="53">
						<String ID="P65_ST00009" HPOS="148" VPOS="405" WIDTH="109" HEIGHT="38" CONTENT="lante" SUBS_TYPE="HypPart2" SUBS_CONTENT="desolante" WC="0.99" CC="00800"/>
						<SP ID="P65_SP00006" HPOS="257" VPOS="443" WIDTH="32"/>
						<String ID="P65_ST00010" HPOS="289" VPOS="401" WIDTH="64" HEIGHT="50" CONTENT="pel" WC="1.00" CC="000"/>
						<SP ID="P65_SP00007" HPOS="353" VPOS="451" WIDTH="32"/>
						<String ID="P65_ST00011" HPOS="385" VPOS="407" WIDTH="139" HEIGHT="31" CONTENT="nostro" WC="0.99" CC="741000"/>
						<SP ID="P65_SP00008" HPOS="524" VPOS="451" WIDTH="32"/>
						<String ID="P65_ST00012" HPOS="556" VPOS="412" WIDTH="112" HEIGHT="25" CONTENT="sesso" WC="0.98" CC="03009"/>
						<SP ID="P65_SP00009" HPOS="668" VPOS="451" WIDTH="32"/>
						<String ID="P65_ST00013" HPOS="700" VPOS="399" WIDTH="171" HEIGHT="44" CONTENT="brutale," WC="1.00" CC="00500302"/>
						<SP ID="P65_SP00010" HPOS="871" VPOS="451" WIDTH="34"/>
						<String ID="P65_ST00014" HPOS="905" VPOS="412" WIDTH="24" HEIGHT="25" CONTENT="o" WC="0.65" CC="3"/>
						<SP ID="P65_SP00011" HPOS="929" VPOS="451" WIDTH="33"/>
						<String ID="P65_ST00015" HPOS="962" VPOS="398" WIDTH="168" HEIGHT="46" CONTENT="uomini," WC="0.98" CC="4001873"/>
						<SP ID="P65_SP00012" HPOS="1130" VPOS="451" WIDTH="34"/>
						<String ID="P65_ST00016" HPOS="1164" VPOS="411" WIDTH="22" HEIGHT="24" CONTENT="e" WC="1.00" CC="0"/>
					</TextLine>
					<TextLine ID="P65_TL00004" HPOS="147" VPOS="456" WIDTH="1038" HEIGHT="56">
						<String ID="P65_ST00017" HPOS="147" VPOS="460" WIDTH="248" HEIGHT="52" CONTENT="legittimare" WC="0.99" CC="40000500063"/>
						<SP ID="P65_SP00013" HPOS="395" VPOS="512" WIDTH="40"/>
						<String ID="P65_ST00018" HPOS="435" VPOS="458" WIDTH="174" HEIGHT="49" CONTENT="qualche" WC="0.98" CC="0555250"/>
						<SP ID="P65_SP00014" HPOS="609" VPOS="512" WIDTH="32"/>
						<String ID="P65_ST00019" HPOS="641" VPOS="465" WIDTH="184" HEIGHT="41" CONTENT="sospetto" WC="1.00" CC="03000040"/>
						<SP ID="P65_SP00015" HPOS="825" VPOS="512" WIDTH="32"/>
						<String ID="P65_ST00020" HPOS="857" VPOS="456" WIDTH="63" HEIGHT="37" CONTENT="sul" WC="0.97" CC="053"/>
						<SP ID="P65_SP00016" HPOS="920" VPOS="512" WIDTH="34"/>
						<String ID="P65_ST00021" HPOS="954" VPOS="456" WIDTH="231" HEIGHT="38" CONTENT="naturismo" WC="0.99" CC="600800000"/>
					</TextLine>
					<TextLine ID="P65_TL00005" HPOS="146" VPOS="513" WIDTH="1041" HEIGHT="51">
						<String ID="P65_ST00022" HPOS="146" VPOS="519" WIDTH="182" HEIGHT="40" CONTENT="sessuale" WC="0.99" CC="70807040"/>
						<SP ID="P65_SP00017" HPOS="328" VPOS="559" WIDTH="32"/>
						<String ID="P65_ST00023" HPOS="360" VPOS="516" WIDTH="51" HEIGHT="38" CONTENT="ed" WC="1.00" CC="00"/>
						<SP ID="P65_SP00018" HPOS="411" VPOS="559" WIDTH="21"/>
						<String ID="P65_ST00024" HPOS="432" VPOS="515" WIDTH="103" HEIGHT="38" CONTENT="etico" WC="0.98" CC="40215"/>
						<SP ID="P65_SP00019" HPOS="535" VPOS="559" WIDTH="25"/>
						<String ID="P65_ST00025" HPOS="560" VPOS="515" WIDTH="42" HEIGHT="37" CONTENT="di" WC="0.53" CC="35"/>
						<SP ID="P65_SP00020" HPOS="602" VPOS="559" WIDTH="21"/>
						<String ID="P65_ST00026" HPOS="623" VPOS="524" WIDTH="145" HEIGHT="40" CONTENT="queste" WC="0.98" CC="095200"/>
						<SP ID="P65_SP00021" HPOS="768" VPOS="564" WIDTH="32"/>
						<String ID="P65_ST00027" HPOS="800" VPOS="528" WIDTH="124" HEIGHT="24" CONTENT="nozze" WC="1.00" CC="00002"/>
						<SP ID="P65_SP00022" HPOS="924" VPOS="564" WIDTH="31"/>
						<String ID="P65_ST00028" HPOS="955" VPOS="513" WIDTH="133" HEIGHT="38" CONTENT="ideali." WC="0.98" CC="1009442"/>
						<SP ID="P65_SP00023" HPOS="1088" VPOS="564" WIDTH="30"/>
						<String ID="P65_ST00029" HPOS="1118" VPOS="513" WIDTH="69" HEIGHT="38" CONTENT="Ma" WC="1.00" CC="00"/>
					</TextLine>
					<TextLine ID="P65_TL00006" HPOS="148" VPOS="571" WIDTH="1039" HEIGHT="45">
						<String ID="P65_ST00030" HPOS="148" VPOS="579" WIDTH="38" HEIGHT="37" CONTENT="la" WC="0.88" CC="20"/>
						<SP ID="P65_SP00024" HPOS="186" VPOS="616" WIDTH="32"/>
						<String ID="P65_ST00031" HPOS="218" VPOS="576" WIDTH="153" HEIGHT="38" CONTENT="finalità" WC="0.99" CC="44804300"/>
						<SP ID="P65_SP00025" HPOS="371" VPOS="616" WIDTH="32"/>
						<String ID="P65_ST00032" HPOS="403" VPOS="574" WIDTH="107" HEIGHT="38" CONTENT="della" WC="0.97" CC="03649"/>
						<SP ID="P65_SP00026" HPOS="510" VPOS="616" WIDTH="33"/>
						<String ID="P65_ST00033" HPOS="543" VPOS="580" WIDTH="139" HEIGHT="31" CONTENT="nostra" WC="0.99" CC="430000"/>
						<SP ID="P65_SP00027" HPOS="682" VPOS="616" WIDTH="21"/>
						<String ID="P65_ST00034" HPOS="703" VPOS="573" WIDTH="200" HEIGHT="38" CONTENT="scrittrice" WC="1.00" CC="0306000130"/>
						<SP ID="P65_SP00028" HPOS="903" VPOS="616" WIDTH="28"/>
						<String ID="P65_ST00035" HPOS="931" VPOS="571" WIDTH="256" HEIGHT="38" CONTENT="incantevole" WC="0.99" CC="06008030052"/>
					</TextLine>
					<TextLine ID="P65_TL00007" HPOS="146" VPOS="630" WIDTH="1042" HEIGHT="52">
						<String ID="P65_ST00036" HPOS="146" VPOS="635" WIDTH="25" HEIGHT="39" CONTENT="è" WC="0.24" CC="7"/>
						<SP ID="P65_SP00029" HPOS="171" VPOS="674" WIDTH="20"/>
						<String ID="P65_ST00037" HPOS="191" VPOS="636" WIDTH="40" HEIGHT="36" CONTENT="in" WC="0.41" CC="47"/>
						<SP ID="P65_SP00030" HPOS="231" VPOS="674" WIDTH="22"/>
						<String ID="P65_ST00038" HPOS="253" VPOS="641" WIDTH="107" HEIGHT="31" CONTENT="tutto" WC="0.97" CC="08920"/>
						<SP ID="P65_SP00031" HPOS="360" VPOS="674" WIDTH="24"/>
						<String ID="P65_ST00039" HPOS="384" VPOS="632" WIDTH="136" HEIGHT="50" CONTENT="degna" WC="0.99" CC="00080"/>
						<SP ID="P65_SP00032" HPOS="520" VPOS="682" WIDTH="22"/>
						<String ID="P65_ST00040" HPOS="542" VPOS="630" WIDTH="125" HEIGHT="38" CONTENT="d'una" WC="0.98" CC="04620"/>
						<SP ID="P65_SP00033" HPOS="667" VPOS="682" WIDTH="29"/>
						<String ID="P65_ST00041" HPOS="696" VPOS="632" WIDTH="143" HEIGHT="48" CONTENT="regina" WC="0.98" CC="300660"/>
						<SP ID="P65_SP00034" HPOS="839" VPOS="682" WIDTH="21"/>
						<String ID="P65_ST00042" HPOS="860" VPOS="630" WIDTH="64" HEIGHT="37" CONTENT="del" WC="0.98" CC="004"/>
						<SP ID="P65_SP00035" HPOS="924" VPOS="682" WIDTH="23"/>
						<String ID="P65_ST00043" HPOS="947" VPOS="642" WIDTH="112" HEIGHT="25" CONTENT="sesso" WC="1.00" CC="00300"/>
						<SP ID="P65_SP00036" HPOS="1059" VPOS="682" WIDTH="32"/>
						<String ID="P65_ST00044" HPOS="1091" VPOS="643" WIDTH="73" HEIGHT="35" CONTENT="gen" SUBS_TYPE="HypPart1" SUBS_CONTENT="gentile." WC="0.97" CC="052"/>
						<HYP HPOS="1164" VPOS="643" WIDTH="24" CONTENT="-"/>
					</TextLine>
					<TextLine ID="P65_TL00008" HPOS="150" VPOS="687" WIDTH="1037" HEIGHT="45">
						<String ID="P65_ST00045" HPOS="150" VPOS="694" WIDTH="83" HEIGHT="38" CONTENT="tile." SUBS_TYPE="HypPart2" SUBS_CONTENT="gentile." WC="0.97" CC="04543"/>
						<SP ID="P65_SP00037" HPOS="233" VPOS="732" WIDTH="28"/>
						<String ID="P65_ST00046" HPOS="261" VPOS="692" WIDTH="104" HEIGHT="37" CONTENT="Essa" WC="0.97" CC="0830"/>
						<SP ID="P65_SP00038" HPOS="365" VPOS="732" WIDTH="30"/>
						<String ID="P65_ST00047" HPOS="395" VPOS="689" WIDTH="200" HEIGHT="38" CONTENT="conclude" WC="0.99" CC="00706700"/>
						<SP ID="P65_SP00039" HPOS="595" VPOS="732" WIDTH="32"/>
						<String ID="P65_ST00048" HPOS="627" VPOS="689" WIDTH="62" HEIGHT="37" CONTENT="col" WC="0.99" CC="002"/>
						<SP ID="P65_SP00040" HPOS="689" VPOS="732" WIDTH="32"/>
						<String ID="P65_ST00049" HPOS="721" VPOS="689" WIDTH="169" HEIGHT="38" CONTENT="credere" WC="0.98" CC="0930490"/>
						<SP ID="P65_SP00041" HPOS="890" VPOS="732" WIDTH="22"/>
						<String ID="P65_ST00050" HPOS="912" VPOS="688" WIDTH="75" HEIGHT="38" CONTENT="che" WC="1.00" CC="000"/>
						<SP ID="P65_SP00042" HPOS="987" VPOS="732" WIDTH="24"/>
						<String ID="P65_ST00051" HPOS="1011" VPOS="687" WIDTH="38" HEIGHT="38" CONTENT="vi" WC="0.81" CC="03"/>
						<SP ID="P65_SP00043" HPOS="1049" VPOS="732" WIDTH="23"/>
						<String ID="P65_ST00052" HPOS="1072" VPOS="687" WIDTH="115" HEIGHT="37" CONTENT="siano" WC="0.99" CC="00080"/>
					</TextLine>
					<TextLine ID="P65_TL00009" HPOS="146" VPOS="745" WIDTH="1042" HEIGHT="53">
						<String ID="P65_ST00053" HPOS="146" VPOS="750" WIDTH="92" HEIGHT="39" CONTENT="altri" WC="0.97" CC="76015"/>
						<SP ID="P65_SP00044" HPOS="238" VPOS="789" WIDTH="32"/>
						<String ID="P65_ST00054" HPOS="270" VPOS="748" WIDTH="181" HEIGHT="50" CONTENT="omaggi," WC="0.99" CC="9000033"/>
						<SP ID="P65_SP00045" HPOS="451" VPOS="798" WIDTH="35"/>
						<String ID="P65_ST00055" HPOS="486" VPOS="747" WIDTH="65" HEIGHT="38" CONTENT="all'" WC="0.98" CC="0314"/>
						<SP ID="P65_SP00046" HPOS="551" VPOS="798" WIDTH="17"/>
						<String ID="P65_ST00056" HPOS="568" VPOS="746" WIDTH="149" HEIGHT="39" CONTENT="infuori" WC="0.98" CC="4807502"/>
						<SP ID="P65_SP00047" HPOS="717" VPOS="798" WIDTH="35"/>
						<String ID="P65_ST00057" HPOS="752" VPOS="746" WIDTH="65" HEIGHT="39" CONTENT="del" WC="0.98" CC="006"/>
						<SP ID="P65_SP00048" HPOS="817" VPOS="798" WIDTH="32"/>
						<String ID="P65_ST00058" HPOS="849" VPOS="747" WIDTH="152" HEIGHT="36" CONTENT="sorriso" WC="0.99" CC="0700500"/>
						<SP ID="P65_SP00049" HPOS="1001" VPOS="798" WIDTH="32"/>
						<String ID="P65_ST00059" HPOS="1033" VPOS="759" WIDTH="21" HEIGHT="24" CONTENT="e" WC="0.77" CC="2"/>
						<SP ID="P65_SP00050" HPOS="1054" VPOS="798" WIDTH="29"/>
						<String ID="P65_ST00060" HPOS="1083" VPOS="745" WIDTH="105" HEIGHT="38" CONTENT="delle" WC="0.99" CC="00341"/>
					</TextLine>
					<TextLine ID="P65_TL00010" HPOS="150" VPOS="802" WIDTH="1037" HEIGHT="54">
						<String ID="P65_ST00061" HPOS="150" VPOS="820" WIDTH="231" HEIGHT="36" CONTENT="menzogne" WC="0.99" CC="50800083"/>
						<SP ID="P65_SP00051" HPOS="381" VPOS="856" WIDTH="32"/>
						<String ID="P65_ST00062" HPOS="413" VPOS="806" WIDTH="105" HEIGHT="38" CONTENT="della" WC="0.99" CC="01260"/>
						<SP ID="P65_SP00052" HPOS="518" VPOS="856" WIDTH="21"/>
						<String ID="P65_ST00063" HPOS="539" VPOS="806" WIDTH="152" HEIGHT="48" CONTENT="grazia," WC="0.99" CC="0000602"/>
						<SP ID="P65_SP00053" HPOS="691" VPOS="856" WIDTH="35"/>
						<String ID="P65_ST00064" HPOS="726" VPOS="805" WIDTH="52" HEIGHT="37" CONTENT="da" WC="1.00" CC="00"/>
						<SP ID="P65_SP00054" HPOS="778" VPOS="856" WIDTH="32"/>
						<String ID="P65_ST00065" HPOS="810" VPOS="804" WIDTH="137" HEIGHT="38" CONTENT="offrire" WC="0.99" CC="4330601"/>
						<SP ID="P65_SP00055" HPOS="947" VPOS="856" WIDTH="32"/>
						<String ID="P65_ST00066" HPOS="979" VPOS="802" WIDTH="208" HEIGHT="45" CONTENT="all'uomo," WC="0.99" CC="006310050"/>
					</TextLine>
					<TextLine ID="P65_TL00011" HPOS="150" VPOS="862" WIDTH="1037" HEIGHT="51">
						<String ID="P65_ST00067" HPOS="150" VPOS="868" WIDTH="36" HEIGHT="36" CONTENT="al" WC="0.76" CC="04"/>
						<SP ID="P65_SP00056" HPOS="186" VPOS="904" WIDTH="47"/>
						<String ID="P65_ST00068" HPOS="233" VPOS="869" WIDTH="139" HEIGHT="35" CONTENT="nostro" WC="0.99" CC="604000" STYLEREFS="TXT_2"/>
						<SP ID="P65_SP00057" HPOS="372" VPOS="904" WIDTH="42"/>
						<String ID="P65_ST00069" HPOS="414" VPOS="863" WIDTH="172" HEIGHT="50" CONTENT="fratello" WC="0.99" CC="00940000" STYLEREFS="TXT_2"/>
						<SP ID="P65_SP00058" HPOS="586" VPOS="913" WIDTH="50"/>
						<String ID="P65_ST00070" HPOS="636" VPOS="864" WIDTH="107" HEIGHT="47" CONTENT="(dice" WC="0.97" CC="80515"/>
						<SP ID="P65_SP00059" HPOS="743" VPOS="913" WIDTH="36"/>
						<String ID="P65_ST00071" HPOS="779" VPOS="863" WIDTH="39" HEIGHT="37" CONTENT="la" WC="0.81" CC="30"/>
						<SP ID="P65_SP00060" HPOS="818" VPOS="913" WIDTH="33"/>
						<String ID="P65_ST00072" HPOS="851" VPOS="863" WIDTH="115" HEIGHT="48" CONTENT="Fata)" WC="0.99" CC="10004"/>
						<SP ID="P65_SP00061" HPOS="966" VPOS="913" WIDTH="32"/>
						<String ID="P65_ST00073" HPOS="998" VPOS="862" WIDTH="46" HEIGHT="36" CONTENT="di" WC="1.00" CC="00" STYLEREFS="TXT_2"/>
						<SP ID="P65_SP00062" HPOS="1044" VPOS="913" WIDTH="20"/>
						<String ID="P65_ST00074" HPOS="1064" VPOS="866" WIDTH="110" HEIGHT="44" CONTENT="peyia" WC="0.69" CC="10940" STYLEREFS="TXT_2"/>
						<String ID="P65_ST00075" HPOS="1179" VPOS="891" WIDTH="8" HEIGHT="15" CONTENT="}" STYLE="subscript" WC="0.24" CC="7" STYLEREFS="TXT_2"/>
					</TextLine>
					<TextLine ID="P65_TL00012" HPOS="150" VPOS="918" WIDTH="1040" HEIGHT="53">
						<String ID="P65_ST00076" HPOS="150" VPOS="926" WIDTH="189" HEIGHT="36" CONTENT="d'ardore" WC="1.00" CC="02000500" STYLEREFS="TXT_2"/>
						<SP ID="P65_SP00063" HPOS="339" VPOS="962" WIDTH="20"/>
						<String ID="P65_ST00077" HPOS="359" VPOS="936" WIDTH="19" HEIGHT="23" CONTENT="e" WC="1.00" CC="0" STYLEREFS="TXT_2"/>
						<SP ID="P65_SP00064" HPOS="378" VPOS="962" WIDTH="22"/>
						<String ID="P65_ST00078" HPOS="400" VPOS="924" WIDTH="45" HEIGHT="35" CONTENT="di" WC="0.93" CC="01" STYLEREFS="TXT_2"/>
						<SP ID="P65_SP00065" HPOS="445" VPOS="962" WIDTH="17"/>
						<String ID="P65_ST00079" HPOS="462" VPOS="923" WIDTH="203" HEIGHT="48" CONTENT="pensiero." WC="1.00" CC="005000007" STYLEREFS="TXT_2"/>
						<SP ID="P65_SP00066" HPOS="665" VPOS="971" WIDTH="36"/>
						<String ID="P65_ST00080" HPOS="701" VPOS="922" WIDTH="94" HEIGHT="37" CONTENT="Non" WC="0.95" CC="058"/>
						<SP ID="P65_SP00067" HPOS="795" VPOS="971" WIDTH="33"/>
						<String ID="P65_ST00081" HPOS="828" VPOS="920" WIDTH="70" HEIGHT="50" CONTENT="più" WC="0.94" CC="069"/>
						<SP ID="P65_SP00068" HPOS="898" VPOS="971" WIDTH="33"/>
						<String ID="P65_ST00082" HPOS="931" VPOS="920" WIDTH="169" HEIGHT="44" CONTENT="amanti," WC="0.99" CC="0005660"/>
						<SP ID="P65_SP00069" HPOS="1100" VPOS="971" WIDTH="33"/>
						<String ID="P65_ST00083" HPOS="1133" VPOS="918" WIDTH="38" HEIGHT="37" CONTENT="in" SUBS_TYPE="HypPart1" SUBS_CONTENT="insomma," WC="0.95" CC="47"/>
						<HYP HPOS="1171" VPOS="918" WIDTH="19" CONTENT="-"/>
					</TextLine>
					<TextLine ID="P65_TL00013" HPOS="146" VPOS="977" WIDTH="1044" HEIGHT="51">
						<String ID="P65_ST00084" HPOS="146" VPOS="995" WIDTH="172" HEIGHT="32" CONTENT="somma," SUBS_TYPE="HypPart2" SUBS_CONTENT="insomma," WC="0.97" CC="750904"/>
						<SP ID="P65_SP00070" HPOS="318" VPOS="1027" WIDTH="34"/>
						<String ID="P65_ST00085" HPOS="352" VPOS="980" WIDTH="64" HEIGHT="38" CONTENT="nel" WC="0.95" CC="606"/>
						<SP ID="P65_SP00071" HPOS="416" VPOS="1027" WIDTH="31"/>
						<String ID="P65_ST00086" HPOS="447" VPOS="993" WIDTH="120" HEIGHT="24" CONTENT="senso" WC="0.98" CC="05740"/>
						<SP ID="P65_SP00072" HPOS="567" VPOS="1027" WIDTH="44"/>
						<String ID="P65_ST00087" HPOS="611" VPOS="987" WIDTH="150" HEIGHT="41" CONTENT="troppo" WC="1.00" CC="301000"/>
						<SP ID="P65_SP00073" HPOS="761" VPOS="1028" WIDTH="47"/>
						<String ID="P65_ST00088" HPOS="808" VPOS="986" WIDTH="187" HEIGHT="30" CONTENT="corrente" WC="0.99" CC="05000800"/>
						<SP ID="P65_SP00074" HPOS="995" VPOS="1028" WIDTH="32"/>
						<String ID="P65_ST00089" HPOS="1027" VPOS="977" WIDTH="64" HEIGHT="37" CONTENT="del" WC="0.99" CC="011"/>
						<SP ID="P65_SP00075" HPOS="1091" VPOS="1028" WIDTH="31"/>
						<String ID="P65_ST00090" HPOS="1122" VPOS="989" WIDTH="46" HEIGHT="25" CONTENT="vo" SUBS_TYPE="HypPart1" SUBS_CONTENT="vocabolo," WC="0.99" CC="00"/>
						<HYP HPOS="1168" VPOS="989" WIDTH="22" CONTENT="-"/>
					</TextLine>
					<TextLine ID="P65_TL00014" HPOS="150" VPOS="1034" WIDTH="1040" HEIGHT="52">
						<String ID="P65_ST00091" HPOS="150" VPOS="1040" WIDTH="156" HEIGHT="45" CONTENT="cabolo," SUBS_TYPE="HypPart2" SUBS_CONTENT="vocabolo," WC="1.00" CC="1040200"/>
						<SP ID="P65_SP00076" HPOS="306" VPOS="1085" WIDTH="36"/>
						<String ID="P65_ST00092" HPOS="342" VPOS="1051" WIDTH="116" HEIGHT="24" CONTENT="come" WC="0.98" CC="2006"/>
						<SP ID="P65_SP00077" HPOS="458" VPOS="1085" WIDTH="33"/>
						<String ID="P65_ST00093" HPOS="491" VPOS="1051" WIDTH="82" HEIGHT="24" CONTENT="non" WC="0.94" CC="707"/>
						<SP ID="P65_SP00078" HPOS="573" VPOS="1085" WIDTH="34"/>
						<String ID="P65_ST00094" HPOS="607" VPOS="1037" WIDTH="69" HEIGHT="49" CONTENT="più" WC="0.97" CC="070"/>
						<SP ID="P65_SP00079" HPOS="676" VPOS="1086" WIDTH="37"/>
						<String ID="P65_ST00095" HPOS="713" VPOS="1036" WIDTH="155" HEIGHT="39" CONTENT="mariti:" WC="0.98" CC="9000850"/>
						<SP ID="P65_SP00080" HPOS="868" VPOS="1086" WIDTH="26"/>
						<String ID="P65_ST00096" HPOS="894" VPOS="1049" WIDTH="65" HEIGHT="24" CONTENT="ma" WC="1.00" CC="00"/>
						<SP ID="P65_SP00081" HPOS="959" VPOS="1086" WIDTH="21"/>
						<String ID="P65_ST00097" HPOS="980" VPOS="1034" WIDTH="155" HEIGHT="39" CONTENT="l'uomo" WC="0.98" CC="345004"/>
						<SP ID="P65_SP00082" HPOS="1135" VPOS="1086" WIDTH="33"/>
						<String ID="P65_ST00098" HPOS="1168" VPOS="1047" WIDTH="22" HEIGHT="24" CONTENT="e" WC="0.55" CC="4"/>
					</TextLine>
					<TextLine ID="P65_TL00015" HPOS="152" VPOS="1092" WIDTH="1038" HEIGHT="51">
						<String ID="P65_ST00099" HPOS="152" VPOS="1098" WIDTH="38" HEIGHT="38" CONTENT="la" WC="0.69" CC="60"/>
						<SP ID="P65_SP00083" HPOS="190" VPOS="1136" WIDTH="45"/>
						<String ID="P65_ST00100" HPOS="235" VPOS="1098" WIDTH="139" HEIGHT="37" CONTENT="donna" WC="0.98" CC="00760"/>
						<SP ID="P65_SP00084" HPOS="374" VPOS="1136" WIDTH="32"/>
						<String ID="P65_ST00101" HPOS="406" VPOS="1096" WIDTH="65" HEIGHT="37" CONTENT="nel" WC="0.98" CC="400"/>
						<SP ID="P65_SP00085" HPOS="471" VPOS="1136" WIDTH="34"/>
						<String ID="P65_ST00102" HPOS="505" VPOS="1095" WIDTH="200" HEIGHT="38" CONTENT="tentativo" WC="0.99" CC="046007405"/>
						<SP ID="P65_SP00086" HPOS="705" VPOS="1136" WIDTH="46"/>
						<String ID="P65_ST00103" HPOS="751" VPOS="1108" WIDTH="195" HEIGHT="35" CONTENT="supremo" WC="0.99" CC="0500009"/>
						<SP ID="P65_SP00087" HPOS="946" VPOS="1143" WIDTH="39"/>
						<String ID="P65_ST00104" HPOS="985" VPOS="1093" WIDTH="40" HEIGHT="37" CONTENT="di" WC="0.92" CC="01"/>
						<SP ID="P65_SP00088" HPOS="1025" VPOS="1143" WIDTH="33"/>
						<String ID="P65_ST00105" HPOS="1058" VPOS="1092" WIDTH="132" HEIGHT="38" CONTENT="uscire" WC="0.98" CC="626102"/>
					</TextLine>
					<TextLine ID="P65_TL00016" HPOS="148" VPOS="1150" WIDTH="1044" HEIGHT="44">
						<String ID="P65_ST00106" HPOS="148" VPOS="1155" WIDTH="108" HEIGHT="39" CONTENT="dalle" WC="0.99" CC="00330"/>
						<SP ID="P65_SP00089" HPOS="256" VPOS="1194" WIDTH="17"/>
						<String ID="P65_ST00107" HPOS="273" VPOS="1154" WIDTH="291" HEIGHT="39" CONTENT="tradizionarie" WC="0.77" CC="0400015180016"/>
						<SP ID="P65_SP00090" HPOS="564" VPOS="1194" WIDTH="22"/>
						<String ID="P65_ST00108" HPOS="586" VPOS="1162" WIDTH="265" HEIGHT="29" CONTENT="costumanze" WC="0.99" CC="2506603801"/>
						<SP ID="P65_SP00091" HPOS="851" VPOS="1194" WIDTH="22"/>
						<String ID="P65_ST00109" HPOS="873" VPOS="1151" WIDTH="194" HEIGHT="43" CONTENT="erotiche," WC="0.99" CC="000030543"/>
						<SP ID="P65_SP00092" HPOS="1067" VPOS="1194" WIDTH="20"/>
						<String ID="P65_ST00110" HPOS="1087" VPOS="1150" WIDTH="105" HEIGHT="37" CONTENT="nella" WC="0.98" CC="70600"/>
					</TextLine>
					<TextLine ID="P65_TL00017" HPOS="152" VPOS="1209" WIDTH="1039" HEIGHT="53">
						<String ID="P65_ST00111" HPOS="152" VPOS="1213" WIDTH="292" HEIGHT="49" CONTENT="meravigliosa" WC="1.00" CC="026002052100"/>
						<SP ID="P65_SP00093" HPOS="444" VPOS="1262" WIDTH="22"/>
						<String ID="P65_ST00112" HPOS="466" VPOS="1213" WIDTH="101" HEIGHT="36" CONTENT="lotta" WC="1.00" CC="30000"/>
						<SP ID="P65_SP00094" HPOS="567" VPOS="1262" WIDTH="25"/>
						<String ID="P65_ST00113" HPOS="592" VPOS="1224" WIDTH="71" HEIGHT="36" CONTENT="per" WC="0.99" CC="030"/>
						<SP ID="P65_SP00095" HPOS="663" VPOS="1262" WIDTH="23"/>
						<String ID="P65_ST00114" HPOS="686" VPOS="1211" WIDTH="220" HEIGHT="43" CONTENT="denudare," WC="0.99" CC="007200053"/>
						<SP ID="P65_SP00096" HPOS="906" VPOS="1262" WIDTH="35"/>
						<String ID="P65_ST00115" HPOS="941" VPOS="1209" WIDTH="98" HEIGHT="37" CONTENT="d'un" WC="0.97" CC="0366"/>
						<SP ID="P65_SP00097" HPOS="1039" VPOS="1262" WIDTH="34"/>
						<String ID="P65_ST00116" HPOS="1073" VPOS="1215" WIDTH="118" HEIGHT="42" CONTENT="gesto" WC="0.99" CC="00604"/>
					</TextLine>
					<TextLine ID="P65_TL00018" HPOS="153" VPOS="1267" WIDTH="1039" HEIGHT="50">
						<String ID="P65_ST00117" HPOS="153" VPOS="1284" WIDTH="233" HEIGHT="26" CONTENT="commosso" WC="0.99" CC="03000070"/>
						<SP ID="P65_SP00098" HPOS="386" VPOS="1310" WIDTH="46"/>
						<String ID="P65_ST00118" HPOS="432" VPOS="1270" WIDTH="52" HEIGHT="37" CONTENT="ed" WC="0.79" CC="40"/>
						<SP ID="P65_SP00099" HPOS="484" VPOS="1310" WIDTH="47"/>
						<String ID="P65_ST00119" HPOS="531" VPOS="1268" WIDTH="226" HEIGHT="45" CONTENT="armonico," WC="1.00" CC="000066000"/>
						<SP ID="P65_SP00100" HPOS="757" VPOS="1313" WIDTH="35"/>
						<String ID="P65_ST00120" HPOS="792" VPOS="1268" WIDTH="27" HEIGHT="37" CONTENT="il" WC="0.57" CC="35"/>
						<SP ID="P65_SP00101" HPOS="819" VPOS="1313" WIDTH="34"/>
						<String ID="P65_ST00121" HPOS="853" VPOS="1281" WIDTH="156" HEIGHT="36" CONTENT="povero" WC="0.99" CC="057100"/>
						<SP ID="P65_SP00102" HPOS="1009" VPOS="1317" WIDTH="38"/>
						<String ID="P65_ST00122" HPOS="1047" VPOS="1267" WIDTH="145" HEIGHT="37" CONTENT="chiuso" WC="0.98" CC="063700"/>
					</TextLine>
					<TextLine ID="P65_TL00019" HPOS="153" VPOS="1326" WIDTH="1039" HEIGHT="51">
						<String ID="P65_ST00123" HPOS="153" VPOS="1343" WIDTH="121" HEIGHT="24" CONTENT="cuore" WC="0.98" CC="53003"/>
						<SP ID="P65_SP00103" HPOS="274" VPOS="1367" WIDTH="32"/>
						<String ID="P65_ST00124" HPOS="306" VPOS="1329" WIDTH="41" HEIGHT="37" CONTENT="di" WC="0.89" CC="02"/>
						<SP ID="P65_SP00104" HPOS="347" VPOS="1367" WIDTH="32"/>
						<String ID="P65_ST00125" HPOS="379" VPOS="1341" WIDTH="27" HEIGHT="36" CONTENT="p" WC="1.00" CC="0"/>
						<SP ID="P65_SP00105" HPOS="406" VPOS="1377" WIDTH="17"/>
						<String ID="P65_ST00126" HPOS="423" VPOS="1327" WIDTH="81" HEIGHT="50" CONTENT="&gt;lpa" WC="0.70" CC="7400"/>
						<SP ID="P65_SP00106" HPOS="504" VPOS="1377" WIDTH="33"/>
						<String ID="P65_ST00127" HPOS="537" VPOS="1341" WIDTH="20" HEIGHT="23" CONTENT="e" WC="0.70" CC="2"/>
						<SP ID="P65_SP00107" HPOS="557" VPOS="1377" WIDTH="33"/>
						<String ID="P65_ST00128" HPOS="590" VPOS="1327" WIDTH="39" HEIGHT="37" CONTENT="di" WC="0.79" CC="04"/>
						<SP ID="P65_SP00108" HPOS="629" VPOS="1377" WIDTH="39"/>
						<String ID="P65_ST00129" HPOS="668" VPOS="1340" WIDTH="172" HEIGHT="34" CONTENT="sangue." WC="0.99" CC="0070704"/>
						<SP ID="P65_SP00109" HPOS="840" VPOS="1377" WIDTH="43"/>
						<String ID="P65_ST00130" HPOS="883" VPOS="1326" WIDTH="210" HEIGHT="36" CONTENT="Insomma" WC="0.99" CC="5800000"/>
						<SP ID="P65_SP00110" HPOS="1093" VPOS="1377" WIDTH="45"/>
						<String ID="P65_ST00131" HPOS="1138" VPOS="1337" WIDTH="54" HEIGHT="24" CONTENT="un" WC="0.28" CC="67"/>
					</TextLine>
					<TextLine ID="P65_TL00020" HPOS="152" VPOS="1381" WIDTH="1042" HEIGHT="49">
						<String ID="P65_ST00132" HPOS="152" VPOS="1387" WIDTH="101" HEIGHT="39" CONTENT="libro" WC="1.00" CC="00003"/>
						<SP ID="P65_SP00111" HPOS="253" VPOS="1426" WIDTH="42"/>
						<String ID="P65_ST00133" HPOS="295" VPOS="1387" WIDTH="41" HEIGHT="36" CONTENT="di" WC="0.93" CC="01"/>
						<SP ID="P65_SP00112" HPOS="336" VPOS="1426" WIDTH="46"/>
						<String ID="P65_ST00134" HPOS="382" VPOS="1387" WIDTH="198" HEIGHT="36" CONTENT="interesse" WC="0.99" CC="180503300"/>
						<SP ID="P65_SP00113" HPOS="580" VPOS="1426" WIDTH="46"/>
						<String ID="P65_ST00135" HPOS="626" VPOS="1392" WIDTH="179" HEIGHT="29" CONTENT="estremo" WC="0.99" CC="4900006"/>
						<SP ID="P65_SP00114" HPOS="805" VPOS="1426" WIDTH="62"/>
						<String ID="P65_ST00136" HPOS="867" VPOS="1397" WIDTH="81" HEIGHT="23" CONTENT="una" WC="0.96" CC="270"/>
						<SP ID="P65_SP00115" HPOS="948" VPOS="1426" WIDTH="47"/>
						<String ID="P65_ST00137" HPOS="995" VPOS="1381" WIDTH="199" HEIGHT="49" CONTENT="battaglia" WC="0.99" CC="000009060"/>
					</TextLine>
					<TextLine ID="P65_TL00021" HPOS="150" VPOS="1439" WIDTH="1044" HEIGHT="52">
						<String ID="P65_ST00138" HPOS="150" VPOS="1445" WIDTH="136" HEIGHT="39" CONTENT="eroica" WC="0.99" CC="900300"/>
						<SP ID="P65_SP00116" HPOS="286" VPOS="1484" WIDTH="46"/>
						<String ID="P65_ST00139" HPOS="332" VPOS="1445" WIDTH="258" HEIGHT="36" CONTENT="combattuta" WC="0.99" CC="2606099600"/>
						<SP ID="P65_SP00117" HPOS="590" VPOS="1484" WIDTH="47"/>
						<String ID="P65_ST00140" HPOS="637" VPOS="1442" WIDTH="42" HEIGHT="37" CONTENT="in" WC="0.55" CC="08"/>
						<SP ID="P65_SP00118" HPOS="679" VPOS="1484" WIDTH="45"/>
						<String ID="P65_ST00141" HPOS="724" VPOS="1442" WIDTH="150" HEIGHT="49" CONTENT="cinque" WC="0.98" CC="045060"/>
						<SP ID="P65_SP00119" HPOS="874" VPOS="1491" WIDTH="46"/>
						<String ID="P65_ST00142" HPOS="920" VPOS="1440" WIDTH="161" HEIGHT="49" CONTENT="episodi" WC="0.98" CC="0760908"/>
						<SP ID="P65_SP00120" HPOS="1081" VPOS="1491" WIDTH="47"/>
						<String ID="P65_ST00143" HPOS="1128" VPOS="1439" WIDTH="66" HEIGHT="38" CONTENT="dei" WC="0.99" CC="003"/>
					</TextLine>
					<TextLine ID="P65_TL00022" HPOS="154" VPOS="1497" WIDTH="1040" HEIGHT="57">
						<String ID="P65_ST00144" HPOS="154" VPOS="1503" WIDTH="111" HEIGHT="51" CONTENT="quali" WC="0.96" CC="06983"/>
						<SP ID="P65_SP00121" HPOS="265" VPOS="1554" WIDTH="34"/>
						<String ID="P65_ST00145" HPOS="299" VPOS="1503" WIDTH="155" HEIGHT="37" CONTENT="taluno," WC="0.98" CC="0077700"/>
						<SP ID="P65_SP00122" HPOS="454" VPOS="1554" WIDTH="25"/>
						<String ID="P65_ST00146" HPOS="479" VPOS="1501" WIDTH="121" HEIGHT="49" CONTENT="quale" WC="0.98" CC="08007"/>
						<SP ID="P65_SP00123" HPOS="600" VPOS="1554" WIDTH="22"/>
						<String ID="P65_ST00147" HPOS="622" VPOS="1501" WIDTH="71" HEIGHT="37" CONTENT="Au" WC="1.00" CC="00" STYLEREFS="TXT_2"/>
						<SP ID="P65_SP00124" HPOS="693" VPOS="1554" WIDTH="24"/>
						<String ID="P65_ST00148" HPOS="717" VPOS="1500" WIDTH="45" HEIGHT="36" CONTENT="de" WC="1.00" CC="00" STYLEREFS="TXT_2"/>
						<SP ID="P65_SP00125" HPOS="762" VPOS="1554" WIDTH="4"/>
						<String ID="P65_ST00149" HPOS="766" VPOS="1500" WIDTH="41" HEIGHT="37" CONTENT="là" WC="0.39" CC="29" STYLEREFS="TXT_2"/>
						<SP ID="P65_SP00126" HPOS="807" VPOS="1554" WIDTH="21"/>
						<String ID="P65_ST00150" HPOS="828" VPOS="1500" WIDTH="54" HEIGHT="36" CONTENT="du" WC="0.60" CC="08" STYLEREFS="TXT_2"/>
						<SP ID="P65_SP00127" HPOS="882" VPOS="1554" WIDTH="15"/>
						<String ID="P65_ST00151" HPOS="897" VPOS="1500" WIDTH="175" HEIGHT="48" CONTENT="pardon," WC="0.99" CC="5600054" STYLEREFS="TXT_2"/>
						<SP ID="P65_SP00128" HPOS="1072" VPOS="1554" WIDTH="26"/>
						<String ID="P65_ST00152" HPOS="1098" VPOS="1497" WIDTH="96" HEIGHT="38" CONTENT="Nus" WC="0.88" CC="030" STYLEREFS="TXT_2"/>
					</TextLine>
					<TextLine ID="P65_TL00023" HPOS="154" VPOS="1556" WIDTH="1041" HEIGHT="47">
						<String ID="P65_ST00153" HPOS="154" VPOS="1576" WIDTH="21" HEIGHT="24" CONTENT="e" WC="0.45" CC="5"/>
						<SP ID="P65_SP00129" HPOS="175" VPOS="1600" WIDTH="34"/>
						<String ID="P65_ST00154" HPOS="209" VPOS="1559" WIDTH="111" HEIGHT="40" CONTENT="Mère" WC="0.97" CC="4900" STYLEREFS="TXT_2"/>
						<SP ID="P65_SP00130" HPOS="320" VPOS="1600" WIDTH="21"/>
						<String ID="P65_ST00155" HPOS="341" VPOS="1561" WIDTH="34" HEIGHT="37" CONTENT="ci" WC="0.94" CC="01"/>
						<SP ID="P65_SP00131" HPOS="375" VPOS="1600" WIDTH="27"/>
						<String ID="P65_ST00156" HPOS="402" VPOS="1561" WIDTH="244" HEIGHT="42" CONTENT="avvincono," WC="0.99" CC="0165810821"/>
						<SP ID="P65_SP00132" HPOS="646" VPOS="1603" WIDTH="35"/>
						<String ID="P65_ST00157" HPOS="681" VPOS="1557" WIDTH="107" HEIGHT="38" CONTENT="oltre" WC="0.99" CC="02700"/>
						<SP ID="P65_SP00133" HPOS="788" VPOS="1603" WIDTH="32"/>
						<String ID="P65_ST00158" HPOS="820" VPOS="1558" WIDTH="74" HEIGHT="36" CONTENT="che" WC="0.96" CC="504"/>
						<SP ID="P65_SP00134" HPOS="894" VPOS="1603" WIDTH="32"/>
						<String ID="P65_ST00159" HPOS="926" VPOS="1557" WIDTH="64" HEIGHT="37" CONTENT="col" WC="0.96" CC="343"/>
						<SP ID="P65_SP00135" HPOS="990" VPOS="1603" WIDTH="33"/>
						<String ID="P65_ST00160" HPOS="1023" VPOS="1556" WIDTH="172" HEIGHT="37" CONTENT="mistero" WC="0.99" CC="0704210"/>
					</TextLine>
					<TextLine ID="P65_TL00024" HPOS="153" VPOS="1612" WIDTH="1042" HEIGHT="53">
						<String ID="P65_ST00161" HPOS="153" VPOS="1618" WIDTH="225" HEIGHT="47" CONTENT="simbolico," WC="0.99" CC="6400034000"/>
						<SP ID="P65_SP00136" HPOS="378" VPOS="1665" WIDTH="34"/>
						<String ID="P65_ST00162" HPOS="412" VPOS="1631" WIDTH="78" HEIGHT="24" CONTENT="con" WC="0.97" CC="008"/>
						<SP ID="P65_SP00137" HPOS="490" VPOS="1665" WIDTH="33"/>
						<String ID="P65_ST00163" HPOS="523" VPOS="1618" WIDTH="38" HEIGHT="36" CONTENT="la" WC="0.89" CC="20"/>
						<SP ID="P65_SP00138" HPOS="561" VPOS="1665" WIDTH="32"/>
						<String ID="P65_ST00164" HPOS="593" VPOS="1624" WIDTH="179" HEIGHT="41" CONTENT="potenza" WC="0.99" CC="0700700"/>
						<SP ID="P65_SP00139" HPOS="772" VPOS="1665" WIDTH="39"/>
						<String ID="P65_ST00165" HPOS="811" VPOS="1615" WIDTH="272" HEIGHT="38" CONTENT="drammatica" WC="1.00" CC="0002006200"/>
						<SP ID="P65_SP00140" HPOS="1083" VPOS="1665" WIDTH="46"/>
						<String ID="P65_ST00166" HPOS="1129" VPOS="1612" WIDTH="66" HEIGHT="38" CONTENT="del" WC="1.00" CC="001"/>
					</TextLine>
					<TextLine ID="P65_TL00025" HPOS="153" VPOS="1670" WIDTH="1043" HEIGHT="51">
						<String ID="P65_ST00167" HPOS="153" VPOS="1679" WIDTH="124" HEIGHT="37" CONTENT="verbo" WC="1.00" CC="00000"/>
						<SP ID="P65_SP00141" HPOS="277" VPOS="1716" WIDTH="16"/>
						<String ID="P65_ST00168" HPOS="293" VPOS="1690" WIDTH="22" HEIGHT="24" CONTENT="e" WC="1.00" CC="0"/>
						<SP ID="P65_SP00142" HPOS="315" VPOS="1716" WIDTH="17"/>
						<String ID="P65_ST00169" HPOS="332" VPOS="1676" WIDTH="107" HEIGHT="38" CONTENT="della" WC="0.99" CC="00340"/>
						<SP ID="P65_SP00143" HPOS="439" VPOS="1716" WIDTH="20"/>
						<String ID="P65_ST00170" HPOS="459" VPOS="1688" WIDTH="138" HEIGHT="27" CONTENT="scena." WC="0.99" CC="001304"/>
						<SP ID="P65_SP00144" HPOS="597" VPOS="1716" WIDTH="23"/>
						<String ID="P65_ST00171" HPOS="620" VPOS="1674" WIDTH="310" HEIGHT="47" CONTENT="Bisognerebbe" WC="0.99" CC="070486003053"/>
						<SP ID="P65_SP00145" HPOS="930" VPOS="1721" WIDTH="32"/>
						<String ID="P65_ST00172" HPOS="962" VPOS="1670" WIDTH="234" HEIGHT="40" CONTENT="diffondere" WC="0.99" CC="0533580002"/>
					</TextLine>
					<TextLine ID="P65_TL00026" HPOS="155" VPOS="1731" WIDTH="1038" HEIGHT="54">
						<String ID="P65_ST00173" HPOS="155" VPOS="1743" WIDTH="145" HEIGHT="42" CONTENT="questo" WC="1.00" CC="003000"/>
						<SP ID="P65_SP00146" HPOS="300" VPOS="1785" WIDTH="46"/>
						<String ID="P65_ST00174" HPOS="346" VPOS="1734" WIDTH="103" HEIGHT="37" CONTENT="libro" WC="0.98" CC="12505"/>
						<SP ID="P65_SP00147" HPOS="449" VPOS="1785" WIDTH="43"/>
						<String ID="P65_ST00175" HPOS="492" VPOS="1733" WIDTH="105" HEIGHT="38" CONTENT="nella" WC="0.98" CC="20440"/>
						<SP ID="P65_SP00148" HPOS="597" VPOS="1785" WIDTH="42"/>
						<String ID="P65_ST00176" HPOS="639" VPOS="1732" WIDTH="156" HEIGHT="37" CONTENT="società" WC="0.98" CC="0904216"/>
						<SP ID="P65_SP00149" HPOS="795" VPOS="1785" WIDTH="43"/>
						<String ID="P65_ST00177" HPOS="838" VPOS="1731" WIDTH="168" HEIGHT="38" CONTENT="italiana" WC="0.99" CC="40046080"/>
						<SP ID="P65_SP00150" HPOS="1006" VPOS="1785" WIDTH="43"/>
						<String ID="P65_ST00178" HPOS="1049" VPOS="1731" WIDTH="76" HEIGHT="36" CONTENT="che" WC="0.96" CC="350"/>
						<SP ID="P65_SP00151" HPOS="1125" VPOS="1785" WIDTH="34"/>
						<String ID="P65_ST00179" HPOS="1159" VPOS="1731" WIDTH="34" HEIGHT="43" CONTENT="è," WC="0.69" CC="60"/>
					</TextLine>
					<TextLine ID="P65_TL00027" HPOS="154" VPOS="1787" WIDTH="1040" HEIGHT="47">
						<String ID="P65_ST00180" HPOS="154" VPOS="1806" WIDTH="123" HEIGHT="26" CONTENT="senza" WC="0.98" CC="03730"/>
						<SP ID="P65_SP00152" HPOS="277" VPOS="1832" WIDTH="38"/>
						<String ID="P65_ST00181" HPOS="315" VPOS="1791" WIDTH="172" HEIGHT="43" CONTENT="dubbio," WC="0.98" CC="0364504"/>
						<SP ID="P65_SP00153" HPOS="487" VPOS="1834" WIDTH="34"/>
						<String ID="P65_ST00182" HPOS="521" VPOS="1792" WIDTH="41" HEIGHT="35" CONTENT="in" WC="0.41" CC="38"/>
						<SP ID="P65_SP00154" HPOS="562" VPOS="1834" WIDTH="33"/>
						<String ID="P65_ST00183" HPOS="595" VPOS="1790" WIDTH="104" HEIGHT="37" CONTENT="fatto" WC="0.98" CC="00065"/>
						<SP ID="P65_SP00155" HPOS="699" VPOS="1834" WIDTH="38"/>
						<String ID="P65_ST00184" HPOS="737" VPOS="1790" WIDTH="203" HEIGHT="44" CONTENT="d'amore," WC="0.99" CC="04090043"/>
						<SP ID="P65_SP00156" HPOS="940" VPOS="1834" WIDTH="34"/>
						<String ID="P65_ST00185" HPOS="974" VPOS="1801" WIDTH="82" HEIGHT="24" CONTENT="una" WC="0.96" CC="470"/>
						<SP ID="P65_SP00157" HPOS="1056" VPOS="1834" WIDTH="32"/>
						<String ID="P65_ST00186" HPOS="1088" VPOS="1787" WIDTH="106" HEIGHT="38" CONTENT="delle" WC="0.98" CC="03533"/>
					</TextLine>
					<TextLine ID="P65_TL00028" HPOS="155" VPOS="1846" WIDTH="1039" HEIGHT="56">
						<String ID="P65_ST00187" HPOS="155" VPOS="1851" WIDTH="70" HEIGHT="51" CONTENT="più" WC="0.96" CC="009"/>
						<SP ID="P65_SP00158" HPOS="225" VPOS="1902" WIDTH="33"/>
						<String ID="P65_ST00188" HPOS="258" VPOS="1851" WIDTH="135" HEIGHT="47" CONTENT="legate" WC="0.99" CC="300063"/>
						<SP ID="P65_SP00159" HPOS="393" VPOS="1902" WIDTH="32"/>
						<String ID="P65_ST00189" HPOS="425" VPOS="1864" WIDTH="23" HEIGHT="24" CONTENT="a" WC="1.00" CC="0"/>
						<SP ID="P65_SP00160" HPOS="448" VPOS="1902" WIDTH="31"/>
						<String ID="P65_ST00190" HPOS="479" VPOS="1848" WIDTH="97" HEIGHT="39" CONTENT="tutti" WC="0.98" CC="06302"/>
						<SP ID="P65_SP00161" HPOS="576" VPOS="1902" WIDTH="28"/>
						<String ID="P65_ST00191" HPOS="604" VPOS="1848" WIDTH="10" HEIGHT="37" CONTENT="i" WC="0.97" CC="0"/>
						<SP ID="P65_SP00162" HPOS="614" VPOS="1902" WIDTH="31"/>
						<String ID="P65_ST00192" HPOS="645" VPOS="1847" WIDTH="70" HEIGHT="49" CONTENT="più" WC="0.97" CC="080"/>
						<SP ID="P65_SP00163" HPOS="715" VPOS="1902" WIDTH="34"/>
						<String ID="P65_ST00193" HPOS="749" VPOS="1847" WIDTH="168" HEIGHT="38" CONTENT="malsani" WC="0.98" CC="0007077"/>
						<SP ID="P65_SP00164" HPOS="917" VPOS="1902" WIDTH="34"/>
						<String ID="P65_ST00194" HPOS="951" VPOS="1846" WIDTH="243" HEIGHT="49" CONTENT="pregiudizi." WC="0.99" CC="00082200064"/>
					</TextLine>
					<TextLine ID="P65_TL00029" HPOS="155" VPOS="1902" WIDTH="1040" HEIGHT="57">
						<String ID="P65_ST00195" HPOS="155" VPOS="1910" WIDTH="169" HEIGHT="49" CONTENT="Questo," WC="0.99" CC="6700042"/>
						<SP ID="P65_SP00165" HPOS="324" VPOS="1959" WIDTH="28"/>
						<String ID="P65_ST00196" HPOS="352" VPOS="1907" WIDTH="63" HEIGHT="38" CONTENT="nel" WC="0.98" CC="410"/>
						<SP ID="P65_SP00166" HPOS="415" VPOS="1959" WIDTH="24"/>
						<String ID="P65_ST00197" HPOS="439" VPOS="1920" WIDTH="167" HEIGHT="37" CONTENT="genere." WC="0.99" CC="0083530"/>
						<SP ID="P65_SP00167" HPOS="606" VPOS="1959" WIDTH="27"/>
						<String ID="P65_ST00198" HPOS="633" VPOS="1905" WIDTH="118" HEIGHT="38" CONTENT="Nella" WC="0.98" CC="50420"/>
						<SP ID="P65_SP00168" HPOS="751" VPOS="1959" WIDTH="32"/>
						<String ID="P65_ST00199" HPOS="783" VPOS="1905" WIDTH="134" HEIGHT="50" CONTENT="specie" WC="0.98" CC="203072"/>
						<SP ID="P65_SP00169" HPOS="917" VPOS="1959" WIDTH="31"/>
						<String ID="P65_ST00200" HPOS="948" VPOS="1917" WIDTH="174" HEIGHT="37" CONTENT="ognuno" WC="0.98" CC="008730"/>
						<SP ID="P65_SP00170" HPOS="1122" VPOS="1959" WIDTH="33"/>
						<String ID="P65_ST00201" HPOS="1155" VPOS="1902" WIDTH="40" HEIGHT="38" CONTENT="di" WC="0.66" CC="06"/>
					</TextLine>
					<TextLine ID="P65_TL00030" HPOS="155" VPOS="1962" WIDTH="1040" HEIGHT="53">
						<String ID="P65_ST00202" HPOS="155" VPOS="1968" WIDTH="80" HEIGHT="41" CONTENT="noi," WC="0.95" CC="7377"/>
						<SP ID="P65_SP00171" HPOS="235" VPOS="2009" WIDTH="34"/>
						<String ID="P65_ST00203" HPOS="269" VPOS="1966" WIDTH="74" HEIGHT="38" CONTENT="che" WC="0.97" CC="061"/>
						<SP ID="P65_SP00172" HPOS="343" VPOS="2009" WIDTH="47"/>
						<String ID="P65_ST00204" HPOS="390" VPOS="1978" WIDTH="104" HEIGHT="37" CONTENT="pure" WC="0.98" CC="0603"/>
						<SP ID="P65_SP00173" HPOS="494" VPOS="2015" WIDTH="30"/>
						<String ID="P65_ST00205" HPOS="524" VPOS="1963" WIDTH="206" HEIGHT="39" CONTENT="vincendo" WC="0.99" CC="07800606"/>
						<SP ID="P65_SP00174" HPOS="730" VPOS="2015" WIDTH="36"/>
						<String ID="P65_ST00206" HPOS="766" VPOS="1977" WIDTH="164" HEIGHT="35" CONTENT="sempre" WC="1.00" CC="000001"/>
						<SP ID="P65_SP00175" HPOS="930" VPOS="2015" WIDTH="31"/>
						<String ID="P65_ST00207" HPOS="961" VPOS="1962" WIDTH="52" HEIGHT="37" CONTENT="ha" WC="0.67" CC="60"/>
						<SP ID="P65_SP00176" HPOS="1013" VPOS="2015" WIDTH="40"/>
						<String ID="P65_ST00208" HPOS="1053" VPOS="1964" WIDTH="38" HEIGHT="36" CONTENT="le" WC="0.75" CC="40"/>
						<SP ID="P65_SP00177" HPOS="1091" VPOS="2015" WIDTH="31"/>
						<String ID="P65_ST00209" HPOS="1122" VPOS="1975" WIDTH="73" HEIGHT="24" CONTENT="sue" WC="0.98" CC="041"/>
					</TextLine>
					<TextLine ID="P65_TL00031" HPOS="155" VPOS="2022" WIDTH="1041" HEIGHT="45">
						<String ID="P65_ST00210" HPOS="155" VPOS="2024" WIDTH="223" HEIGHT="39" CONTENT="sofferenze" WC="0.99" CC="0022153700"/>
						<SP ID="P65_SP00178" HPOS="378" VPOS="2063" WIDTH="36"/>
						<String ID="P65_ST00211" HPOS="414" VPOS="2022" WIDTH="189" HEIGHT="38" CONTENT="d'anima" WC="0.99" CC="0208300"/>
						<SP ID="P65_SP00179" HPOS="603" VPOS="2063" WIDTH="33"/>
						<String ID="P65_ST00212" HPOS="636" VPOS="2022" WIDTH="179" HEIGHT="45" CONTENT="mortali," WC="0.99" CC="06040032"/>
						<SP ID="P65_SP00180" HPOS="815" VPOS="2067" WIDTH="29"/>
						<String ID="P65_ST00213" HPOS="844" VPOS="2022" WIDTH="202" HEIGHT="37" CONTENT="vorrebbe" WC="0.99" CC="00044050"/>
						<SP ID="P65_SP00181" HPOS="1046" VPOS="2067" WIDTH="33"/>
						<String ID="P65_ST00214" HPOS="1079" VPOS="2027" WIDTH="117" HEIGHT="40" CONTENT="poter" WC="0.99" CC="70020"/>
					</TextLine>
					<TextLine ID="P65_TL00032" HPOS="157" VPOS="2079" WIDTH="1038" HEIGHT="52">
						<String ID="P65_ST00215" HPOS="157" VPOS="2084" WIDTH="231" HEIGHT="37" CONTENT="incontrare" WC="0.99" CC="0700805003"/>
						<SP ID="P65_SP00182" HPOS="388" VPOS="2121" WIDTH="43"/>
						<String ID="P65_ST00216" HPOS="431" VPOS="2089" WIDTH="148" HEIGHT="42" CONTENT="questo" WC="0.99" CC="051000"/>
						<SP ID="P65_SP00183" HPOS="579" VPOS="2131" WIDTH="47"/>
						<String ID="P65_ST00217" HPOS="626" VPOS="2079" WIDTH="196" HEIGHT="38" CONTENT="delizioso" WC="0.99" CC="002106390"/>
						<SP ID="P65_SP00184" HPOS="822" VPOS="2131" WIDTH="41"/>
						<String ID="P65_ST00218" HPOS="863" VPOS="2080" WIDTH="86" HEIGHT="46" CONTENT="tipo" WC="0.95" CC="6754"/>
						<SP ID="P65_SP00185" HPOS="949" VPOS="2131" WIDTH="32"/>
						<String ID="P65_ST00219" HPOS="981" VPOS="2079" WIDTH="41" HEIGHT="37" CONTENT="di" WC="0.81" CC="03"/>
						<SP ID="P65_SP00186" HPOS="1022" VPOS="2131" WIDTH="34"/>
						<String ID="P65_ST00220" HPOS="1056" VPOS="2079" WIDTH="139" HEIGHT="37" CONTENT="donna" WC="0.97" CC="07650"/>
					</TextLine>
					<TextLine ID="P65_TL00033" HPOS="157" VPOS="2136" WIDTH="1038" HEIGHT="55">
						<String ID="P65_ST00221" HPOS="157" VPOS="2156" WIDTH="71" HEIGHT="35" CONTENT="per" WC="1.00" CC="000"/>
						<SP ID="P65_SP00187" HPOS="228" VPOS="2191" WIDTH="40"/>
						<String ID="P65_ST00222" HPOS="268" VPOS="2139" WIDTH="237" HEIGHT="45" CONTENT="confidarle," WC="0.99" CC="40844000602"/>
						<SP ID="P65_SP00188" HPOS="505" VPOS="2191" WIDTH="42"/>
						<String ID="P65_ST00223" HPOS="547" VPOS="2152" WIDTH="119" HEIGHT="24" CONTENT="come" WC="0.95" CC="5690"/>
						<SP ID="P65_SP00189" HPOS="666" VPOS="2191" WIDTH="32"/>
						<String ID="P65_ST00224" HPOS="698" VPOS="2138" WIDTH="53" HEIGHT="37" CONTENT="ad" WC="1.00" CC="00"/>
						<SP ID="P65_SP00190" HPOS="751" VPOS="2191" WIDTH="32"/>
						<String ID="P65_ST00225" HPOS="783" VPOS="2151" WIDTH="81" HEIGHT="24" CONTENT="una" WC="0.96" CC="280"/>
						<SP ID="P65_SP00191" HPOS="864" VPOS="2191" WIDTH="32"/>
						<String ID="P65_ST00226" HPOS="896" VPOS="2138" WIDTH="89" HEIGHT="45" CONTENT="dea," WC="0.99" CC="0202"/>
						<SP ID="P65_SP00192" HPOS="985" VPOS="2191" WIDTH="35"/>
						<String ID="P65_ST00227" HPOS="1020" VPOS="2136" WIDTH="36" HEIGHT="38" CONTENT="la" WC="0.75" CC="40"/>
						<SP ID="P65_SP00193" HPOS="1056" VPOS="2191" WIDTH="32"/>
						<String ID="P65_ST00228" HPOS="1088" VPOS="2149" WIDTH="107" HEIGHT="36" CONTENT="pena" WC="0.98" CC="0250"/>
					</TextLine>
					<TextLine ID="P65_TL00034" HPOS="156" VPOS="2196" WIDTH="597" HEIGHT="51">
						<String ID="P65_ST00229" HPOS="156" VPOS="2199" WIDTH="51" HEIGHT="39" CONTENT="ed" WC="1.00" CC="00"/>
						<SP ID="P65_SP00194" HPOS="207" VPOS="2238" WIDTH="32"/>
						<String ID="P65_ST00230" HPOS="239" VPOS="2199" WIDTH="220" HEIGHT="48" CONTENT="implorare" WC="0.98" CC="209738004"/>
						<SP ID="P65_SP00195" HPOS="459" VPOS="2247" WIDTH="33"/>
						<String ID="P65_ST00231" HPOS="492" VPOS="2197" WIDTH="25" HEIGHT="37" CONTENT="il" WC="0.60" CC="25"/>
						<SP ID="P65_SP00196" HPOS="517" VPOS="2247" WIDTH="33"/>
						<String ID="P65_ST00232" HPOS="550" VPOS="2196" WIDTH="203" HEIGHT="38" CONTENT="conforto." WC="0.99" CC="406000841"/>
					</TextLine>
					<TextLine ID="P65_TL00035" HPOS="215" VPOS="2251" WIDTH="979" HEIGHT="54">
						<String ID="P65_ST00233" HPOS="215" VPOS="2258" WIDTH="37" HEIGHT="37" CONTENT="A" WC="0.38" CC="6"/>
						<SP ID="P65_SP00197" HPOS="252" VPOS="2295" WIDTH="47"/>
						<String ID="P65_ST00234" HPOS="299" VPOS="2256" WIDTH="253" HEIGHT="49" CONTENT="completare" WC="1.00" CC="0000230000"/>
						<SP ID="P65_SP00198" HPOS="552" VPOS="2305" WIDTH="47"/>
						<String ID="P65_ST00235" HPOS="599" VPOS="2262" WIDTH="149" HEIGHT="42" CONTENT="questo" WC="0.99" CC="062000"/>
						<SP ID="P65_SP00199" HPOS="748" VPOS="2305" WIDTH="47"/>
						<String ID="P65_ST00236" HPOS="795" VPOS="2266" WIDTH="132" HEIGHT="24" CONTENT="cenno" WC="0.98" CC="00770"/>
						<SP ID="P65_SP00200" HPOS="927" VPOS="2305" WIDTH="42"/>
						<String ID="P65_ST00237" HPOS="969" VPOS="2265" WIDTH="22" HEIGHT="25" CONTENT="e" WC="0.94" CC="0"/>
						<SP ID="P65_SP00201" HPOS="991" VPOS="2305" WIDTH="39"/>
						<String ID="P65_ST00238" HPOS="1030" VPOS="2265" WIDTH="23" HEIGHT="24" CONTENT="a" WC="1.00" CC="0"/>
						<SP ID="P65_SP00202" HPOS="1053" VPOS="2305" WIDTH="41"/>
						<String ID="P65_ST00239" HPOS="1094" VPOS="2251" WIDTH="100" HEIGHT="37" CONTENT="dare" WC="0.99" CC="0002"/>
					</TextLine>
					<TextLine ID="P65_TL00036" HPOS="158" VPOS="2311" WIDTH="1038" HEIGHT="53">
						<String ID="P65_ST00240" HPOS="158" VPOS="2314" WIDTH="164" HEIGHT="38" CONTENT="un'idea" WC="0.98" CC="7820040"/>
						<SP ID="P65_SP00203" HPOS="322" VPOS="2352" WIDTH="32"/>
						<String ID="P65_ST00241" HPOS="354" VPOS="2314" WIDTH="68" HEIGHT="50" CONTENT="più" WC="0.98" CC="050"/>
						<SP ID="P65_SP00204" HPOS="422" VPOS="2364" WIDTH="34"/>
						<String ID="P65_ST00242" HPOS="456" VPOS="2319" WIDTH="129" HEIGHT="32" CONTENT="esatta" WC="0.99" CC="070000"/>
						<SP ID="P65_SP00205" HPOS="585" VPOS="2364" WIDTH="32"/>
						<String ID="P65_ST00243" HPOS="617" VPOS="2311" WIDTH="65" HEIGHT="38" CONTENT="del" WC="0.96" CC="064"/>
						<SP ID="P65_SP00206" HPOS="682" VPOS="2364" WIDTH="37"/>
						<String ID="P65_ST00244" HPOS="719" VPOS="2312" WIDTH="118" HEIGHT="43" CONTENT="libro," WC="0.98" CC="155003"/>
						<SP ID="P65_SP00207" HPOS="837" VPOS="2364" WIDTH="40"/>
						<String ID="P65_ST00245" HPOS="877" VPOS="2311" WIDTH="120" HEIGHT="38" CONTENT="stimo" WC="0.99" CC="00700"/>
						<SP ID="P65_SP00208" HPOS="997" VPOS="2364" WIDTH="40"/>
						<String ID="P65_ST00246" HPOS="1037" VPOS="2321" WIDTH="133" HEIGHT="36" CONTENT="oppor" SUBS_TYPE="HypPart1" SUBS_CONTENT="opportuno," WC="0.98" CC="30700"/>
						<HYP HPOS="1170" VPOS="2321" WIDTH="26" CONTENT="-"/>
					</TextLine>
					<TextLine ID="P65_TL00037" HPOS="157" VPOS="2366" WIDTH="1038" HEIGHT="54">
						<String ID="P65_ST00247" HPOS="157" VPOS="2381" WIDTH="113" HEIGHT="37" CONTENT="tuno," SUBS_TYPE="HypPart2" SUBS_CONTENT="opportuno," WC="0.97" CC="84800"/>
						<SP ID="P65_SP00209" HPOS="270" VPOS="2418" WIDTH="35"/>
						<String ID="P65_ST00248" HPOS="305" VPOS="2371" WIDTH="254" HEIGHT="46" CONTENT="d'altronde," WC="1.00" CC="03020006000"/>
						<SP ID="P65_SP00210" HPOS="559" VPOS="2418" WIDTH="34"/>
						<String ID="P65_ST00249" HPOS="593" VPOS="2370" WIDTH="237" HEIGHT="50" CONTENT="riprodurre" WC="0.99" CC="6000008403"/>
						<SP ID="P65_SP00211" HPOS="830" VPOS="2420" WIDTH="33"/>
						<String ID="P65_ST00250" HPOS="863" VPOS="2369" WIDTH="84" HEIGHT="50" CONTENT="qui," WC="0.97" CC="0660"/>
						<SP ID="P65_SP00212" HPOS="947" VPOS="2420" WIDTH="32"/>
						<String ID="P65_ST00251" HPOS="979" VPOS="2369" WIDTH="145" HEIGHT="43" CONTENT="intera," WC="0.99" CC="1802002"/>
						<SP ID="P65_SP00213" HPOS="1124" VPOS="2420" WIDTH="34"/>
						<String ID="P65_ST00252" HPOS="1158" VPOS="2366" WIDTH="37" HEIGHT="38" CONTENT="la" WC="0.80" CC="40"/>
					</TextLine>
					<TextLine ID="P65_TL00038" HPOS="161" VPOS="2426" WIDTH="766" HEIGHT="52">
						<String ID="P65_ST00253" HPOS="161" VPOS="2430" WIDTH="189" HEIGHT="39" CONTENT="mirabile" WC="0.99" CC="04300440"/>
						<SP ID="P65_SP00214" HPOS="350" VPOS="2469" WIDTH="34"/>
						<String ID="P65_ST00254" HPOS="384" VPOS="2429" WIDTH="236" HEIGHT="49" CONTENT="prefazione" WC="0.98" CC="6800943064"/>
						<SP ID="P65_SP00215" HPOS="620" VPOS="2478" WIDTH="31"/>
						<String ID="P65_ST00255" HPOS="651" VPOS="2426" WIDTH="276" HEIGHT="39" CONTENT="dell'autrice:" WC="1.00" CC="0032305006025"/>
					</TextLine>
					<TextLine ID="P65_TL00039" HPOS="217" VPOS="2482" WIDTH="978" HEIGHT="53">
						<String ID="P65_ST00256" HPOS="217" VPOS="2502" WIDTH="21" HEIGHT="24" CONTENT="«" WC="0.52" CC="4"/>
						<SP ID="P65_SP00216" HPOS="238" VPOS="2526" WIDTH="28"/>
						<String ID="P65_ST00257" HPOS="266" VPOS="2488" WIDTH="213" HEIGHT="47" CONTENT="L'arnant," WC="0.58" CC="040880754"/>
						<SP ID="P65_SP00217" HPOS="479" VPOS="2535" WIDTH="36"/>
						<String ID="P65_ST00258" HPOS="515" VPOS="2500" WIDTH="45" HEIGHT="25" CONTENT="ce" WC="1.00" CC="00"/>
						<SP ID="P65_SP00218" HPOS="560" VPOS="2535" WIDTH="33"/>
						<String ID="P65_ST00259" HPOS="593" VPOS="2498" WIDTH="261" HEIGHT="36" CONTENT="personnage" WC="0.59" CC="0005378681"/>
						<SP ID="P65_SP00219" HPOS="854" VPOS="2535" WIDTH="39"/>
						<String ID="P65_ST00260" HPOS="893" VPOS="2482" WIDTH="212" HEIGHT="40" CONTENT="nauséeux" WC="0.57" CC="70506940"/>
						<SP ID="P65_SP00220" HPOS="1105" VPOS="2535" WIDTH="50"/>
						<String ID="P65_ST00261" HPOS="1155" VPOS="2489" WIDTH="40" HEIGHT="30" CONTENT="et" WC="0.83" CC="30"/>
					</TextLine>
					<TextLine ID="P65_TL00040" HPOS="156" VPOS="2544" WIDTH="1039" HEIGHT="51">
						<String ID="P65_ST00262" HPOS="156" VPOS="2547" WIDTH="131" HEIGHT="45" CONTENT="divin," WC="0.64" CC="050663"/>
						<SP ID="P65_SP00221" HPOS="287" VPOS="2592" WIDTH="33"/>
						<String ID="P65_ST00263" HPOS="320" VPOS="2545" WIDTH="190" HEIGHT="50" CONTENT="apparaìt" WC="0.73" CC="00008930"/>
						<SP ID="P65_SP00222" HPOS="510" VPOS="2595" WIDTH="31"/>
						<String ID="P65_ST00264" HPOS="541" VPOS="2544" WIDTH="147" HEIGHT="50" CONTENT="depuis" WC="0.77" CC="000742"/>
						<SP ID="P65_SP00223" HPOS="688" VPOS="2595" WIDTH="237"/>
						<String ID="P65_ST00265" HPOS="925" VPOS="2550" WIDTH="135" HEIGHT="40" CONTENT="temps" WC="1.00" CC="00000"/>
						<SP ID="P65_SP00224" HPOS="1060" VPOS="2595" WIDTH="22"/>
						<String ID="P65_ST00266" HPOS="1082" VPOS="2553" WIDTH="113" HEIGHT="24" CONTENT="assez" WC="0.85" CC="00600"/>
					</TextLine>
					<TextLine ID="P65_TL00041" HPOS="160" VPOS="2594" WIDTH="1035" HEIGHT="59">
						<String ID="P65_ST00267" HPOS="160" VPOS="2605" WIDTH="80" HEIGHT="38" CONTENT="mal" WC="1.00" CC="000"/>
						<SP ID="P65_SP00225" HPOS="240" VPOS="2643" WIDTH="32"/>
						<String ID="P65_ST00268" HPOS="272" VPOS="2618" WIDTH="50" HEIGHT="23" CONTENT="en" WC="0.48" CC="18"/>
						<SP ID="P65_SP00226" HPOS="322" VPOS="2643" WIDTH="34"/>
						<String ID="P65_ST00269" HPOS="356" VPOS="2611" WIDTH="119" HEIGHT="42" CONTENT="pomt" WC="0.71" CC="0280"/>
						<SP ID="P65_SP00227" HPOS="475" VPOS="2653" WIDTH="31"/>
						<String ID="P65_ST00270" HPOS="506" VPOS="2616" WIDTH="68" HEIGHT="25" CONTENT="sur" WC="0.94" CC="446"/>
						<SP ID="P65_SP00228" HPOS="574" VPOS="2653" WIDTH="32"/>
						<String ID="P65_ST00271" HPOS="606" VPOS="2604" WIDTH="38" HEIGHT="35" CONTENT="la" WC="0.78" CC="40"/>
						<SP ID="P65_SP00229" HPOS="644" VPOS="2653" WIDTH="40"/>
						<String ID="P65_ST00272" HPOS="684" VPOS="2601" WIDTH="131" HEIGHT="38" CONTENT="scène." WC="0.99" CC="000804"/>
						<SP ID="P65_SP00230" HPOS="815" VPOS="2653" WIDTH="41"/>
						<String ID="P65_ST00273" HPOS="856" VPOS="2601" WIDTH="31" HEIGHT="38" CONTENT="Il" WC="0.68" CC="41"/>
						<SP ID="P65_SP00231" HPOS="887" VPOS="2653" WIDTH="35"/>
						<String ID="P65_ST00274" HPOS="922" VPOS="2598" WIDTH="80" HEIGHT="39" CONTENT="m'a" WC="0.92" CC="020"/>
						<SP ID="P65_SP00232" HPOS="1002" VPOS="2653" WIDTH="38"/>
						<String ID="P65_ST00275" HPOS="1040" VPOS="2594" WIDTH="155" HEIGHT="42" CONTENT="semblé" WC="0.88" CC="040011"/>
					</TextLine>
					<TextLine ID="P65_TL00042" HPOS="157" VPOS="2656" WIDTH="1038" HEIGHT="57">
						<String ID="P65_ST00276" HPOS="157" VPOS="2662" WIDTH="104" HEIGHT="51" CONTENT="qu'il" WC="0.53" CC="96204"/>
						<SP ID="P65_SP00233" HPOS="261" VPOS="2713" WIDTH="30"/>
						<String ID="P65_ST00277" HPOS="291" VPOS="2676" WIDTH="28" HEIGHT="36" CONTENT="y" WC="1.00" CC="0"/>
						<SP ID="P65_SP00234" HPOS="319" VPOS="2713" WIDTH="31"/>
						<String ID="P65_ST00278" HPOS="350" VPOS="2661" WIDTH="100" HEIGHT="39" CONTENT="était" WC="0.57" CC="89030"/>
						<SP ID="P65_SP00235" HPOS="450" VPOS="2713" WIDTH="31"/>
						<String ID="P65_ST00279" HPOS="481" VPOS="2673" WIDTH="152" HEIGHT="26" CONTENT="encore" WC="0.70" CC="070090"/>
						<SP ID="P65_SP00236" HPOS="633" VPOS="2713" WIDTH="46"/>
						<String ID="P65_ST00280" HPOS="679" VPOS="2667" WIDTH="95" HEIGHT="41" CONTENT="trop" WC="1.00" CC="0000"/>
						<SP ID="P65_SP00237" HPOS="774" VPOS="2713" WIDTH="47"/>
						<String ID="P65_ST00281" HPOS="821" VPOS="2659" WIDTH="106" HEIGHT="39" CONTENT="bien." WC="0.68" CC="41081"/>
						<SP ID="P65_SP00238" HPOS="927" VPOS="2713" WIDTH="48"/>
						<String ID="P65_ST00282" HPOS="975" VPOS="2657" WIDTH="118" HEIGHT="38" CONTENT="Voici" WC="0.69" CC="04405"/>
						<SP ID="P65_SP00239" HPOS="1093" VPOS="2713" WIDTH="47"/>
						<String ID="P65_ST00283" HPOS="1140" VPOS="2656" WIDTH="55" HEIGHT="37" CONTENT="du" WC="0.71" CC="05"/>
					</TextLine>
					<TextLine ID="P65_TL00043" HPOS="162" VPOS="2714" WIDTH="1032" HEIGHT="56">
						<String ID="P65_ST00284" HPOS="162" VPOS="2721" WIDTH="131" HEIGHT="38" CONTENT="moins" WC="0.70" CC="00680"/>
						<SP ID="P65_SP00240" HPOS="293" VPOS="2759" WIDTH="32"/>
						<String ID="P65_ST00285" HPOS="325" VPOS="2727" WIDTH="93" HEIGHT="43" CONTENT="trop" WC="0.75" CC="0450"/>
						<SP ID="P65_SP00241" HPOS="418" VPOS="2770" WIDTH="33"/>
						<String ID="P65_ST00286" HPOS="451" VPOS="2720" WIDTH="240" HEIGHT="47" CONTENT="longtemps" WC="0.75" CC="505900001"/>
						<SP ID="P65_SP00242" HPOS="691" VPOS="2770" WIDTH="28"/>
						<String ID="P65_ST00287" HPOS="719" VPOS="2715" WIDTH="127" HEIGHT="51" CONTENT="qu'on" WC="0.68" CC="04308"/>
						<SP ID="P65_SP00243" HPOS="846" VPOS="2770" WIDTH="24"/>
						<String ID="P65_ST00288" HPOS="870" VPOS="2729" WIDTH="102" HEIGHT="25" CONTENT="nous" WC="0.45" CC="8760"/>
						<SP ID="P65_SP00244" HPOS="972" VPOS="2770" WIDTH="23"/>
						<String ID="P65_ST00289" HPOS="995" VPOS="2728" WIDTH="51" HEIGHT="24" CONTENT="en" WC="0.57" CC="44"/>
						<SP ID="P65_SP00245" HPOS="1046" VPOS="2770" WIDTH="24"/>
						<String ID="P65_ST00290" HPOS="1070" VPOS="2714" WIDTH="124" HEIGHT="49" CONTENT="parie," WC="0.99" CC="080200"/>
					</TextLine>
					<TextLine ID="P65_TL00044" HPOS="162" VPOS="2772" WIDTH="1035" HEIGHT="56">
						<String ID="P65_ST00291" HPOS="162" VPOS="2792" WIDTH="104" HEIGHT="36" CONTENT="pour" WC="0.55" CC="8800" STYLEREFS="TXT_3"/>
						<SP ID="P65_SP00246" HPOS="266" VPOS="2828" WIDTH="32"/>
						<String ID="P65_ST00292" HPOS="298" VPOS="2791" WIDTH="80" HEIGHT="36" CONTENT="que" WC="0.72" CC="043"/>
						<SP ID="P65_SP00247" HPOS="378" VPOS="2828" WIDTH="32"/>
						<String ID="P65_ST00293" HPOS="410" VPOS="2792" WIDTH="46" HEIGHT="24" CONTENT="ce" WC="0.81" CC="03"/>
						<SP ID="P65_SP00248" HPOS="456" VPOS="2828" WIDTH="32"/>
						<String ID="P65_ST00294" HPOS="488" VPOS="2790" WIDTH="137" HEIGHT="36" CONTENT="vague" WC="0.70" CC="70033"/>
						<SP ID="P65_SP00249" HPOS="625" VPOS="2828" WIDTH="22"/>
						<String ID="P65_ST00295" HPOS="647" VPOS="2773" WIDTH="86" HEIGHT="40" CONTENT="état" WC="0.81" CC="2500"/>
						<SP ID="P65_SP00250" HPOS="733" VPOS="2828" WIDTH="32"/>
						<String ID="P65_ST00296" HPOS="765" VPOS="2775" WIDTH="51" HEIGHT="37" CONTENT="de" WC="1.00" CC="00"/>
						<SP ID="P65_SP00251" HPOS="816" VPOS="2828" WIDTH="47"/>
						<String ID="P65_ST00297" HPOS="863" VPOS="2773" WIDTH="202" HEIGHT="38" CONTENT="l'homme" WC="0.70" CC="4430008"/>
						<SP ID="P65_SP00252" HPOS="1065" VPOS="2828" WIDTH="46"/>
						<String ID="P65_ST00298" HPOS="1111" VPOS="2772" WIDTH="65" HEIGHT="49" CONTENT="pré" SUBS_TYPE="HypPart1" SUBS_CONTENT="préposé" WC="0.80" CC="004"/>
						<HYP HPOS="1176" VPOS="2772" WIDTH="21" CONTENT="-"/>
					</TextLine>
					<TextLine ID="P65_TL00045" HPOS="162" VPOS="2830" WIDTH="1036" HEIGHT="56">
						<String ID="P65_ST00299" HPOS="162" VPOS="2837" WIDTH="98" HEIGHT="49" CONTENT="posé" SUBS_TYPE="HypPart2" SUBS_CONTENT="préposé" WC="0.89" CC="0004"/>
						<SP ID="P65_SP00253" HPOS="260" VPOS="2886" WIDTH="22"/>
						<String ID="P65_ST00300" HPOS="282" VPOS="2839" WIDTH="23" HEIGHT="33" CONTENT="à" WC="1.00" CC="0"/>
						<SP ID="P65_SP00254" HPOS="305" VPOS="2886" WIDTH="23"/>
						<String ID="P65_ST00301" HPOS="328" VPOS="2835" WIDTH="189" HEIGHT="39" CONTENT="l'amour," WC="0.99" CC="24002727"/>
						<SP ID="P65_SP00255" HPOS="517" VPOS="2886" WIDTH="24"/>
						<String ID="P65_ST00302" HPOS="541" VPOS="2834" WIDTH="130" HEIGHT="50" CONTENT="garde" WC="0.99" CC="00000"/>
						<SP ID="P65_SP00256" HPOS="671" VPOS="2886" WIDTH="23"/>
						<String ID="P65_ST00303" HPOS="694" VPOS="2846" WIDTH="79" HEIGHT="25" CONTENT="une" WC="0.94" CC="473"/>
						<SP ID="P65_SP00257" HPOS="773" VPOS="2886" WIDTH="22"/>
						<String ID="P65_ST00304" HPOS="795" VPOS="2845" WIDTH="102" HEIGHT="25" CONTENT="once" WC="0.97" CC="0712"/>
						<SP ID="P65_SP00258" HPOS="897" VPOS="2886" WIDTH="33"/>
						<String ID="P65_ST00305" HPOS="930" VPOS="2832" WIDTH="50" HEIGHT="37" CONTENT="de" WC="0.82" CC="03"/>
						<SP ID="P65_SP00259" HPOS="980" VPOS="2886" WIDTH="24"/>
						<String ID="P65_ST00306" HPOS="1004" VPOS="2830" WIDTH="170" HEIGHT="38" CONTENT="vraisem" SUBS_TYPE="HypPart1" SUBS_CONTENT="vraisemblance." WC="0.80" CC="0004700"/>
						<HYP HPOS="1174" VPOS="2830" WIDTH="24" CONTENT="-"/>
					</TextLine>
					<TextLine ID="P65_TL00046" HPOS="158" VPOS="2886" WIDTH="951" HEIGHT="47">
						<String ID="P65_ST00307" HPOS="158" VPOS="2895" WIDTH="157" HEIGHT="38" CONTENT="blance." SUBS_TYPE="HypPart2" SUBS_CONTENT="vraisemblance." WC="0.69" CC="0608303"/>
						<SP ID="P65_SP00260" HPOS="315" VPOS="2933" WIDTH="34"/>
						<String ID="P65_ST00308" HPOS="349" VPOS="2895" WIDTH="107" HEIGHT="37" CONTENT="Rien" WC="0.60" CC="5108"/>
						<SP ID="P65_SP00261" HPOS="456" VPOS="2933" WIDTH="35"/>
						<String ID="P65_ST00309" HPOS="491" VPOS="2906" WIDTH="51" HEIGHT="24" CONTENT="ne" WC="0.70" CC="41"/>
						<SP ID="P65_SP00262" HPOS="542" VPOS="2933" WIDTH="32"/>
						<String ID="P65_ST00310" HPOS="574" VPOS="2891" WIDTH="107" HEIGHT="39" CONTENT="s'use" WC="0.71" CC="04512"/>
						<SP ID="P65_SP00263" HPOS="681" VPOS="2933" WIDTH="32"/>
						<String ID="P65_ST00311" HPOS="713" VPOS="2904" WIDTH="162" HEIGHT="24" CONTENT="comme" WC="0.99" CC="00000"/>
						<SP ID="P65_SP00264" HPOS="875" VPOS="2933" WIDTH="23"/>
						<String ID="P65_ST00312" HPOS="898" VPOS="2890" WIDTH="38" HEIGHT="36" CONTENT="la" WC="0.67" CC="60"/>
						<SP ID="P65_SP00265" HPOS="936" VPOS="2933" WIDTH="31"/>
						<String ID="P65_ST00313" HPOS="967" VPOS="2886" WIDTH="142" HEIGHT="41" CONTENT="vérité." WC="0.51" CC="9724054"/>
					</TextLine>
					<TextLine ID="P65_TL00047" HPOS="223" VPOS="2945" WIDTH="976" HEIGHT="53">
						<String ID="P65_ST00314" HPOS="223" VPOS="2966" WIDTH="21" HEIGHT="24" CONTENT="«" WC="1.00" CC="0"/>
						<SP ID="P65_SP00266" HPOS="244" VPOS="2990" WIDTH="19"/>
						<String ID="P65_ST00315" HPOS="263" VPOS="2952" WIDTH="44" HEIGHT="39" CONTENT="Si" WC="0.67" CC="06"/>
						<SP ID="P65_SP00267" HPOS="307" VPOS="2991" WIDTH="34"/>
						<String ID="P65_ST00316" HPOS="341" VPOS="2966" WIDTH="46" HEIGHT="24" CONTENT="ce" WC="0.91" CC="10"/>
						<SP ID="P65_SP00268" HPOS="387" VPOS="2991" WIDTH="31"/>
						<String ID="P65_ST00317" HPOS="418" VPOS="2959" WIDTH="129" HEIGHT="31" CONTENT="terme" WC="1.00" CC="00003"/>
						<SP ID="P65_SP00269" HPOS="547" VPOS="2991" WIDTH="47"/>
						<String ID="P65_ST00318" HPOS="594" VPOS="2951" WIDTH="182" HEIGHT="36" CONTENT="d'amant" WC="0.77" CC="0400074"/>
						<SP ID="P65_SP00270" HPOS="776" VPOS="2991" WIDTH="35"/>
						<String ID="P65_ST00319" HPOS="811" VPOS="2947" WIDTH="194" HEIGHT="51" CONTENT="répondit" WC="0.76" CC="05007060"/>
						<SP ID="P65_SP00271" HPOS="1005" VPOS="2998" WIDTH="42"/>
						<String ID="P65_ST00320" HPOS="1047" VPOS="2945" WIDTH="152" HEIGHT="51" CONTENT="parfois" WC="0.93" CC="0000031"/>
					</TextLine>
					<TextLine ID="P65_TL00048" HPOS="159" VPOS="3006" WIDTH="1040" HEIGHT="49">
						<String ID="P65_ST00321" HPOS="159" VPOS="3013" WIDTH="26" HEIGHT="35" CONTENT="à" WC="0.30" CC="6"/>
						<SP ID="P65_SP00272" HPOS="185" VPOS="3048" WIDTH="46"/>
						<String ID="P65_ST00322" HPOS="231" VPOS="3024" WIDTH="81" HEIGHT="24" CONTENT="une" WC="0.94" CC="770"/>
						<SP ID="P65_SP00273" HPOS="312" VPOS="3048" WIDTH="39"/>
						<String ID="P65_ST00323" HPOS="351" VPOS="3006" WIDTH="157" HEIGHT="45" CONTENT="réalité," WC="0.74" CC="03006045"/>
						<SP ID="P65_SP00274" HPOS="508" VPOS="3051" WIDTH="51"/>
						<String ID="P65_ST00324" HPOS="559" VPOS="3008" WIDTH="26" HEIGHT="37" CONTENT="il" WC="0.55" CC="44"/>
						<SP ID="P65_SP00275" HPOS="585" VPOS="3051" WIDTH="53"/>
						<String ID="P65_ST00325" HPOS="638" VPOS="3006" WIDTH="249" HEIGHT="49" CONTENT="n'exprime," WC="0.70" CC="6330006017"/>
						<SP ID="P65_SP00276" HPOS="887" VPOS="3055" WIDTH="37"/>
						<String ID="P65_ST00326" HPOS="924" VPOS="3006" WIDTH="51" HEIGHT="37" CONTENT="de" WC="0.97" CC="00"/>
						<SP ID="P65_SP00277" HPOS="975" VPOS="3055" WIDTH="39"/>
						<String ID="P65_ST00327" HPOS="1014" VPOS="3006" WIDTH="91" HEIGHT="49" CONTENT="plus" WC="0.98" CC="0430"/>
						<SP ID="P65_SP00278" HPOS="1105" VPOS="3055" WIDTH="42"/>
						<String ID="P65_ST00328" HPOS="1147" VPOS="3017" WIDTH="52" HEIGHT="24" CONTENT="en" WC="0.42" CC="37"/>
					</TextLine>
					<TextLine ID="P65_TL00049" HPOS="163" VPOS="3062" WIDTH="1036" HEIGHT="58">
						<String ID="P65_ST00329" HPOS="163" VPOS="3068" WIDTH="103" HEIGHT="52" CONTENT="plus," WC="0.98" CC="00607"/>
						<SP ID="P65_SP00279" HPOS="266" VPOS="3120" WIDTH="35"/>
						<String ID="P65_ST00330" HPOS="301" VPOS="3067" WIDTH="156" HEIGHT="51" CONTENT="qu'une" WC="0.55" CC="054565"/>
						<SP ID="P65_SP00280" HPOS="457" VPOS="3120" WIDTH="30"/>
						<String ID="P65_ST00331" HPOS="487" VPOS="3065" WIDTH="214" HEIGHT="39" CONTENT="condition" WC="0.60" CC="107050658"/>
						<SP ID="P65_SP00281" HPOS="701" VPOS="3120" WIDTH="33"/>
						<String ID="P65_ST00332" HPOS="734" VPOS="3072" WIDTH="94" HEIGHT="41" CONTENT="trop" WC="0.76" CC="0009"/>
						<SP ID="P65_SP00282" HPOS="828" VPOS="3120" WIDTH="33"/>
						<String ID="P65_ST00333" HPOS="861" VPOS="3062" WIDTH="199" HEIGHT="52" CONTENT="précaire," WC="0.86" CC="004000023"/>
						<SP ID="P65_SP00283" HPOS="1060" VPOS="3120" WIDTH="43"/>
						<String ID="P65_ST00334" HPOS="1103" VPOS="3069" WIDTH="96" HEIGHT="41" CONTENT="trop" WC="0.92" CC="0300"/>
					</TextLine>
					<TextLine ID="P65_TL00050" HPOS="162" VPOS="3119" WIDTH="1038" HEIGHT="57">
						<String ID="P65_ST00335" HPOS="162" VPOS="3126" WIDTH="186" HEIGHT="50" CONTENT="éloignée" WC="0.66" CC="63000744"/>
						<SP ID="P65_SP00284" HPOS="348" VPOS="3176" WIDTH="41"/>
						<String ID="P65_ST00336" HPOS="389" VPOS="3126" WIDTH="51" HEIGHT="37" CONTENT="de" WC="1.00" CC="00"/>
						<SP ID="P65_SP00285" HPOS="440" VPOS="3176" WIDTH="39"/>
						<String ID="P65_ST00337" HPOS="479" VPOS="3132" WIDTH="115" HEIGHT="30" CONTENT="notre" WC="0.66" CC="60135"/>
						<SP ID="P65_SP00286" HPOS="594" VPOS="3176" WIDTH="41"/>
						<String ID="P65_ST00338" HPOS="635" VPOS="3123" WIDTH="129" HEIGHT="45" CONTENT="esprit" WC="0.98" CC="502450"/>
						<SP ID="P65_SP00287" HPOS="764" VPOS="3176" WIDTH="39"/>
						<String ID="P65_ST00339" HPOS="803" VPOS="3122" WIDTH="51" HEIGHT="37" CONTENT="de" WC="1.00" CC="00"/>
						<SP ID="P65_SP00288" HPOS="854" VPOS="3176" WIDTH="39"/>
						<String ID="P65_ST00340" HPOS="893" VPOS="3119" WIDTH="307" HEIGHT="51" CONTENT="simplification" WC="0.63" CC="56004244075107"/>
					</TextLine>
					<TextLine ID="P65_TL00051" HPOS="164" VPOS="3177" WIDTH="1036" HEIGHT="56">
						<String ID="P65_ST00341" HPOS="164" VPOS="3198" WIDTH="103" HEIGHT="35" CONTENT="pour" WC="0.62" CC="0950"/>
						<SP ID="P65_SP00289" HPOS="267" VPOS="3233" WIDTH="33"/>
						<String ID="P65_ST00342" HPOS="300" VPOS="3183" WIDTH="130" HEIGHT="39" CONTENT="valoir" WC="0.73" CC="001940"/>
						<SP ID="P65_SP00290" HPOS="430" VPOS="3233" WIDTH="31"/>
						<String ID="P65_ST00343" HPOS="461" VPOS="3182" WIDTH="59" HEIGHT="39" CONTENT="les" WC="0.98" CC="000"/>
						<SP ID="P65_SP00291" HPOS="520" VPOS="3233" WIDTH="42"/>
						<String ID="P65_ST00344" HPOS="562" VPOS="3180" WIDTH="151" HEIGHT="50" CONTENT="égards" WC="0.86" CC="600001"/>
						<SP ID="P65_SP00292" HPOS="713" VPOS="3233" WIDTH="44"/>
						<String ID="P65_ST00345" HPOS="757" VPOS="3179" WIDTH="129" HEIGHT="50" CONTENT="qu'on" WC="0.64" CC="06308"/>
						<SP ID="P65_SP00293" HPOS="886" VPOS="3233" WIDTH="41"/>
						<String ID="P65_ST00346" HPOS="927" VPOS="3179" WIDTH="56" HEIGHT="38" CONTENT="lui" WC="0.94" CC="565"/>
						<SP ID="P65_SP00294" HPOS="983" VPOS="3233" WIDTH="40"/>
						<String ID="P65_ST00347" HPOS="1023" VPOS="3177" WIDTH="177" HEIGHT="40" CONTENT="accorde" WC="0.78" CC="0051008"/>
					</TextLine>
					<TextLine ID="P65_TL00052" HPOS="164" VPOS="3236" WIDTH="1037" HEIGHT="53">
						<String ID="P65_ST00348" HPOS="164" VPOS="3255" WIDTH="158" HEIGHT="26" CONTENT="encore." WC="0.80" CC="0304031"/>
						<SP ID="P65_SP00295" HPOS="322" VPOS="3281" WIDTH="35"/>
						<String ID="P65_ST00349" HPOS="357" VPOS="3241" WIDTH="112" HEIGHT="40" CONTENT="C'est" WC="0.84" CC="04120"/>
						<SP ID="P65_SP00296" HPOS="469" VPOS="3281" WIDTH="32"/>
						<String ID="P65_ST00350" HPOS="501" VPOS="3241" WIDTH="38" HEIGHT="37" CONTENT="la" WC="0.91" CC="10"/>
						<SP ID="P65_SP00297" HPOS="539" VPOS="3281" WIDTH="32"/>
						<String ID="P65_ST00351" HPOS="571" VPOS="3238" WIDTH="212" HEIGHT="51" CONTENT="grandeur" WC="0.67" CC="90070260"/>
						<SP ID="P65_SP00298" HPOS="783" VPOS="3289" WIDTH="32"/>
						<String ID="P65_ST00352" HPOS="815" VPOS="3238" WIDTH="50" HEIGHT="38" CONTENT="de" WC="0.83" CC="03"/>
						<SP ID="P65_SP00299" HPOS="865" VPOS="3289" WIDTH="32"/>
						<String ID="P65_ST00353" HPOS="897" VPOS="3237" WIDTH="37" HEIGHT="37" CONTENT="la" WC="0.82" CC="30"/>
						<SP ID="P65_SP00300" HPOS="934" VPOS="3289" WIDTH="37"/>
						<String ID="P65_ST00354" HPOS="971" VPOS="3236" WIDTH="230" HEIGHT="52" CONTENT="goujaterie" WC="0.87" CC="0200000313"/>
					</TextLine>
					<TextLine ID="P65_TL00053" HPOS="166" VPOS="3294" WIDTH="1035" HEIGHT="55">
						<String ID="P65_ST00355" HPOS="166" VPOS="3300" WIDTH="208" HEIGHT="46" CONTENT="moderne," WC="0.99" CC="04330201"/>
						<SP ID="P65_SP00301" HPOS="374" VPOS="3346" WIDTH="40"/>
						<String ID="P65_ST00356" HPOS="414" VPOS="3312" WIDTH="82" HEIGHT="37" CONTENT="que" WC="0.74" CC="070"/>
						<SP ID="P65_SP00302" HPOS="496" VPOS="3349" WIDTH="46"/>
						<String ID="P65_ST00357" HPOS="542" VPOS="3311" WIDTH="76" HEIGHT="24" CONTENT="son" WC="0.72" CC="008"/>
						<SP ID="P65_SP00303" HPOS="618" VPOS="3349" WIDTH="43"/>
						<String ID="P65_ST00358" HPOS="661" VPOS="3297" WIDTH="145" HEIGHT="38" CONTENT="besoin" WC="0.66" CC="001368"/>
						<SP ID="P65_SP00304" HPOS="806" VPOS="3349" WIDTH="43"/>
						<String ID="P65_ST00359" HPOS="849" VPOS="3295" WIDTH="181" HEIGHT="38" CONTENT="d'aveux" WC="0.79" CC="0401251"/>
						<SP ID="P65_SP00305" HPOS="1030" VPOS="3349" WIDTH="38"/>
						<String ID="P65_ST00360" HPOS="1068" VPOS="3302" WIDTH="41" HEIGHT="31" CONTENT="et" WC="0.95" CC="00"/>
						<SP ID="P65_SP00306" HPOS="1109" VPOS="3349" WIDTH="41"/>
						<String ID="P65_ST00361" HPOS="1150" VPOS="3294" WIDTH="51" HEIGHT="39" CONTENT="de" WC="1.00" CC="00"/>
					</TextLine>
					<TextLine ID="P65_TL00054" HPOS="162" VPOS="3356" WIDTH="404" HEIGHT="41">
						<String ID="P65_ST00362" HPOS="162" VPOS="3358" WIDTH="217" HEIGHT="39" CONTENT="situations" WC="0.82" CC="7400000600"/>
						<SP ID="P65_SP00307" HPOS="379" VPOS="3397" WIDTH="32"/>
						<String ID="P65_ST00363" HPOS="411" VPOS="3356" WIDTH="155" HEIGHT="40" CONTENT="claires." WC="0.73" CC="02610064"/>
					</TextLine>
					<TextLine ID="P65_TL00055" HPOS="228" VPOS="3408" WIDTH="973" HEIGHT="53">
						<String ID="P65_ST00364" HPOS="228" VPOS="3434" WIDTH="17" HEIGHT="17" CONTENT="«" WC="0.72" CC="2"/>
						<SP ID="P65_SP00308" HPOS="245" VPOS="3451" WIDTH="21"/>
						<String ID="P65_ST00365" HPOS="266" VPOS="3416" WIDTH="33" HEIGHT="38" CONTENT="Il" WC="0.63" CC="15"/>
						<SP ID="P65_SP00309" HPOS="299" VPOS="3454" WIDTH="21"/>
						<String ID="P65_ST00366" HPOS="320" VPOS="3415" WIDTH="82" HEIGHT="39" CONTENT="m'a" WC="0.90" CC="030"/>
						<SP ID="P65_SP00310" HPOS="402" VPOS="3454" WIDTH="21"/>
						<String ID="P65_ST00367" HPOS="423" VPOS="3410" WIDTH="158" HEIGHT="44" CONTENT="semblé" WC="0.88" CC="000312"/>
						<SP ID="P65_SP00311" HPOS="581" VPOS="3454" WIDTH="21"/>
						<String ID="P65_ST00368" HPOS="602" VPOS="3426" WIDTH="83" HEIGHT="35" CONTENT="que" WC="0.77" CC="033"/>
						<SP ID="P65_SP00312" HPOS="685" VPOS="3461" WIDTH="22"/>
						<String ID="P65_ST00369" HPOS="707" VPOS="3419" WIDTH="116" HEIGHT="32" CONTENT="notre" WC="0.66" CC="53043"/>
						<SP ID="P65_SP00313" HPOS="823" VPOS="3461" WIDTH="21"/>
						<String ID="P65_ST00370" HPOS="844" VPOS="3418" WIDTH="135" HEIGHT="41" CONTENT="temps" WC="0.56" CC="47900"/>
						<SP ID="P65_SP00314" HPOS="979" VPOS="3461" WIDTH="20"/>
						<String ID="P65_ST00371" HPOS="999" VPOS="3408" WIDTH="202" HEIGHT="52" CONTENT="procréait" WC="0.91" CC="000004030"/>
					</TextLine>
				</TextBlock>
				<TextBlock ID="P65_TB00003" HPOS="1290" VPOS="337" WIDTH="1060" HEIGHT="3117" STYLEREFS="TXT_1 PAR_BLOCK">
					<TextLine ID="P65_TL00056" HPOS="1292" VPOS="338" WIDTH="1033" HEIGHT="53">
						<String ID="P65_ST00372" HPOS="1292" VPOS="353" WIDTH="81" HEIGHT="38" CONTENT="peu" WC="0.63" CC="424"/>
						<SP ID="P65_SP00315" HPOS="1373" VPOS="391" WIDTH="22"/>
						<String ID="P65_ST00373" HPOS="1395" VPOS="345" WIDTH="23" HEIGHT="34" CONTENT="à" WC="0.40" CC="5"/>
						<SP ID="P65_SP00316" HPOS="1418" VPOS="391" WIDTH="22"/>
						<String ID="P65_ST00374" HPOS="1440" VPOS="354" WIDTH="79" HEIGHT="37" CONTENT="peu" WC="0.55" CC="525"/>
						<SP ID="P65_SP00317" HPOS="1519" VPOS="391" WIDTH="23"/>
						<String ID="P65_ST00375" HPOS="1542" VPOS="353" WIDTH="79" HEIGHT="25" CONTENT="une" WC="0.94" CC="680"/>
						<SP ID="P65_SP00318" HPOS="1621" VPOS="391" WIDTH="22"/>
						<String ID="P65_ST00376" HPOS="1643" VPOS="348" WIDTH="108" HEIGHT="30" CONTENT="sorte" WC="0.98" CC="40700"/>
						<SP ID="P65_SP00319" HPOS="1751" VPOS="391" WIDTH="22"/>
						<String ID="P65_ST00377" HPOS="1773" VPOS="339" WIDTH="172" HEIGHT="39" CONTENT="d'union" WC="0.98" CC="0357346"/>
						<SP ID="P65_SP00320" HPOS="1945" VPOS="391" WIDTH="23"/>
						<String ID="P65_ST00378" HPOS="1968" VPOS="338" WIDTH="90" HEIGHT="50" CONTENT="plus" WC="0.97" CC="5433"/>
						<SP ID="P65_SP00321" HPOS="2058" VPOS="391" WIDTH="22"/>
						<String ID="P65_ST00379" HPOS="2080" VPOS="338" WIDTH="245" HEIGHT="38" CONTENT="andacieuse" WC="0.87" CC="0003020600"/>
					</TextLine>
					<TextLine ID="P65_TL00057" HPOS="1293" VPOS="395" WIDTH="1033" HEIGHT="54">
						<String ID="P65_ST00380" HPOS="1293" VPOS="397" WIDTH="129" HEIGHT="52" CONTENT="qu'on" WC="0.68" CC="08204"/>
						<SP ID="P65_SP00322" HPOS="1422" VPOS="449" WIDTH="32"/>
						<String ID="P65_ST00381" HPOS="1454" VPOS="412" WIDTH="50" HEIGHT="25" CONTENT="ne" WC="0.60" CC="70"/>
						<SP ID="P65_SP00323" HPOS="1504" VPOS="449" WIDTH="32"/>
						<String ID="P65_ST00382" HPOS="1536" VPOS="395" WIDTH="176" HEIGHT="52" CONTENT="l'espéra" WC="0.76" CC="14600410"/>
						<SP ID="P65_SP00324" HPOS="1712" VPOS="449" WIDTH="24"/>
						<String ID="P65_ST00383" HPOS="1736" VPOS="398" WIDTH="162" HEIGHT="51" CONTENT="jamais." WC="0.76" CC="2060403"/>
						<SP ID="P65_SP00325" HPOS="1898" VPOS="449" WIDTH="31"/>
						<String ID="P65_ST00384" HPOS="1929" VPOS="396" WIDTH="76" HEIGHT="51" CONTENT="J'ai" WC="0.41" CC="3486"/>
						<SP ID="P65_SP00326" HPOS="2005" VPOS="449" WIDTH="34"/>
						<String ID="P65_ST00385" HPOS="2039" VPOS="411" WIDTH="56" HEIGHT="24" CONTENT="vu" WC="0.52" CC="44"/>
						<SP ID="P65_SP00327" HPOS="2095" VPOS="449" WIDTH="31"/>
						<String ID="P65_ST00386" HPOS="2126" VPOS="397" WIDTH="72" HEIGHT="37" CONTENT="des" WC="0.90" CC="030"/>
						<SP ID="P65_SP00328" HPOS="2198" VPOS="449" WIDTH="36"/>
						<String ID="P65_ST00387" HPOS="2234" VPOS="409" WIDTH="69" HEIGHT="25" CONTENT="cou" SUBS_TYPE="HypPart1" SUBS_CONTENT="couples," WC="0.61" CC="045"/>
						<HYP HPOS="2303" VPOS="409" WIDTH="23" CONTENT="-"/>
					</TextLine>
					<TextLine ID="P65_TL00058" HPOS="1293" VPOS="452" WIDTH="1033" HEIGHT="55">
						<String ID="P65_ST00388" HPOS="1293" VPOS="458" WIDTH="99" HEIGHT="49" CONTENT="ples," SUBS_TYPE="HypPart2" SUBS_CONTENT="couples," WC="0.94" CC="02000"/>
						<SP ID="P65_SP00329" HPOS="1392" VPOS="507" WIDTH="33"/>
						<String ID="P65_ST00389" HPOS="1425" VPOS="470" WIDTH="56" HEIGHT="24" CONTENT="un" WC="0.59" CC="07"/>
						<SP ID="P65_SP00330" HPOS="1481" VPOS="507" WIDTH="34"/>
						<String ID="P65_ST00390" HPOS="1515" VPOS="470" WIDTH="79" HEIGHT="34" CONTENT="peu" WC="0.61" CC="145"/>
						<SP ID="P65_SP00331" HPOS="1594" VPOS="507" WIDTH="42"/>
						<String ID="P65_ST00391" HPOS="1636" VPOS="464" WIDTH="181" HEIGHT="42" CONTENT="partout," WC="0.78" CC="50005600"/>
						<SP ID="P65_SP00332" HPOS="1817" VPOS="507" WIDTH="43"/>
						<String ID="P65_ST00392" HPOS="1860" VPOS="452" WIDTH="168" HEIGHT="41" CONTENT="réaliser" WC="0.78" CC="34040040"/>
						<SP ID="P65_SP00333" HPOS="2028" VPOS="507" WIDTH="45"/>
						<String ID="P65_ST00393" HPOS="2073" VPOS="468" WIDTH="81" HEIGHT="24" CONTENT="une" WC="0.95" CC="570"/>
						<SP ID="P65_SP00334" HPOS="2154" VPOS="507" WIDTH="41"/>
						<String ID="P65_ST00394" HPOS="2195" VPOS="454" WIDTH="131" HEIGHT="38" CONTENT="forme" WC="0.99" CC="00050"/>
					</TextLine>
					<TextLine ID="P65_TL00059" HPOS="1294" VPOS="509" WIDTH="1033" HEIGHT="55">
						<String ID="P65_ST00395" HPOS="1294" VPOS="515" WIDTH="53" HEIGHT="38" CONTENT="de" WC="1.00" CC="00"/>
						<SP ID="P65_SP00335" HPOS="1347" VPOS="553" WIDTH="31"/>
						<String ID="P65_ST00396" HPOS="1378" VPOS="515" WIDTH="38" HEIGHT="37" CONTENT="la" WC="0.77" CC="40"/>
						<SP ID="P65_SP00336" HPOS="1416" VPOS="553" WIDTH="33"/>
						<String ID="P65_ST00397" HPOS="1449" VPOS="512" WIDTH="192" HEIGHT="40" CONTENT="sincérité" WC="0.57" CC="648064404"/>
						<SP ID="P65_SP00337" HPOS="1641" VPOS="553" WIDTH="32"/>
						<String ID="P65_ST00398" HPOS="1673" VPOS="516" WIDTH="181" HEIGHT="48" CONTENT="antique," WC="0.99" CC="09500623"/>
						<SP ID="P65_SP00338" HPOS="1854" VPOS="564" WIDTH="33"/>
						<String ID="P65_ST00399" HPOS="1887" VPOS="513" WIDTH="103" HEIGHT="38" CONTENT="dont" WC="0.69" CC="0560"/>
						<SP ID="P65_SP00339" HPOS="1990" VPOS="564" WIDTH="21"/>
						<String ID="P65_ST00400" HPOS="2011" VPOS="509" WIDTH="234" HEIGHT="54" CONTENT="l'antiquité" WC="0.69" CC="44014306512"/>
						<SP ID="P65_SP00340" HPOS="2245" VPOS="564" WIDTH="32"/>
						<String ID="P65_ST00401" HPOS="2277" VPOS="525" WIDTH="50" HEIGHT="25" CONTENT="ne" WC="1.00" CC="00"/>
					</TextLine>
					<TextLine ID="P65_TL00060" HPOS="1295" VPOS="570" WIDTH="1029" HEIGHT="53">
						<String ID="P65_ST00402" HPOS="1295" VPOS="573" WIDTH="142" HEIGHT="38" CONTENT="donna" WC="0.98" CC="02680"/>
						<SP ID="P65_SP00341" HPOS="1437" VPOS="611" WIDTH="31"/>
						<String ID="P65_ST00403" HPOS="1468" VPOS="585" WIDTH="81" HEIGHT="38" CONTENT="que" WC="0.80" CC="050"/>
						<SP ID="P65_SP00342" HPOS="1549" VPOS="623" WIDTH="32"/>
						<String ID="P65_ST00404" HPOS="1581" VPOS="573" WIDTH="38" HEIGHT="37" CONTENT="la" WC="1.00" CC="00"/>
						<SP ID="P65_SP00343" HPOS="1619" VPOS="623" WIDTH="32"/>
						<String ID="P65_ST00405" HPOS="1651" VPOS="570" WIDTH="225" HEIGHT="51" CONTENT="prévision." WC="0.75" CC="0040804080"/>
						<SP ID="P65_SP00344" HPOS="1876" VPOS="623" WIDTH="34"/>
						<String ID="P65_ST00406" HPOS="1910" VPOS="571" WIDTH="166" HEIGHT="38" CONTENT="Alceste" WC="0.73" CC="5600320"/>
						<SP ID="P65_SP00345" HPOS="2076" VPOS="623" WIDTH="40"/>
						<String ID="P65_ST00407" HPOS="2116" VPOS="570" WIDTH="182" HEIGHT="38" CONTENT="n'accom" SUBS_TYPE="HypPart1" SUBS_CONTENT="n'accomplit" WC="0.73" CC="4300240"/>
						<HYP HPOS="2298" VPOS="570" WIDTH="26" CONTENT="-"/>
					</TextLine>
					<TextLine ID="P65_TL00061" HPOS="1295" VPOS="629" WIDTH="1033" HEIGHT="51">
						<String ID="P65_ST00408" HPOS="1295" VPOS="631" WIDTH="76" HEIGHT="49" CONTENT="plit" SUBS_TYPE="HypPart2" SUBS_CONTENT="n'accomplit" WC="0.90" CC="0300"/>
						<SP ID="P65_SP00346" HPOS="1371" VPOS="680" WIDTH="32"/>
						<String ID="P65_ST00409" HPOS="1403" VPOS="644" WIDTH="81" HEIGHT="36" CONTENT="que" WC="0.83" CC="050"/>
						<SP ID="P65_SP00347" HPOS="1484" VPOS="680" WIDTH="31"/>
						<String ID="P65_ST00410" HPOS="1515" VPOS="644" WIDTH="46" HEIGHT="24" CONTENT="ce" WC="1.00" CC="00"/>
						<SP ID="P65_SP00348" HPOS="1561" VPOS="680" WIDTH="30"/>
						<String ID="P65_ST00411" HPOS="1591" VPOS="630" WIDTH="126" HEIGHT="50" CONTENT="qu'on" WC="0.67" CC="05307"/>
						<SP ID="P65_SP00349" HPOS="1717" VPOS="680" WIDTH="47"/>
						<String ID="P65_ST00412" HPOS="1764" VPOS="630" WIDTH="71" HEIGHT="37" CONTENT="fait" WC="0.54" CC="6047"/>
						<SP ID="P65_SP00350" HPOS="1835" VPOS="680" WIDTH="38"/>
						<String ID="P65_ST00413" HPOS="1873" VPOS="643" WIDTH="51" HEIGHT="23" CONTENT="au" WC="0.60" CC="08"/>
						<SP ID="P65_SP00351" HPOS="1924" VPOS="680" WIDTH="44"/>
						<String ID="P65_ST00414" HPOS="1968" VPOS="629" WIDTH="200" HEIGHT="39" CONTENT="Malabar." WC="0.91" CC="00400002"/>
						<SP ID="P65_SP00352" HPOS="2168" VPOS="680" WIDTH="42"/>
						<String ID="P65_ST00415" HPOS="2210" VPOS="629" WIDTH="118" HEIGHT="38" CONTENT="Nous" WC="0.69" CC="0065"/>
					</TextLine>
					<TextLine ID="P65_TL00062" HPOS="1293" VPOS="687" WIDTH="750" HEIGHT="40">
						<String ID="P65_ST00416" HPOS="1293" VPOS="701" WIDTH="178" HEIGHT="26" CONTENT="sommes" WC="0.82" CC="030105"/>
						<SP ID="P65_SP00353" HPOS="1471" VPOS="727" WIDTH="32"/>
						<String ID="P65_ST00417" HPOS="1503" VPOS="687" WIDTH="185" HEIGHT="39" CONTENT="devenus" WC="0.67" CC="0440670"/>
						<SP ID="P65_SP00354" HPOS="1688" VPOS="727" WIDTH="35"/>
						<String ID="P65_ST00418" HPOS="1723" VPOS="688" WIDTH="132" HEIGHT="38" CONTENT="moins" WC="0.61" CC="06480"/>
						<SP ID="P65_SP00355" HPOS="1855" VPOS="727" WIDTH="33"/>
						<String ID="P65_ST00419" HPOS="1888" VPOS="687" WIDTH="155" HEIGHT="38" CONTENT="sobres." WC="0.81" CC="0060103"/>
					</TextLine>
					<TextLine ID="P65_TL00063" HPOS="1357" VPOS="743" WIDTH="972" HEIGHT="41">
						<String ID="P65_ST00420" HPOS="1357" VPOS="764" WIDTH="18" HEIGHT="16" CONTENT="«" WC="0.47" CC="5"/>
						<SP ID="P65_SP00356" HPOS="1375" VPOS="780" WIDTH="22"/>
						<String ID="P65_ST00421" HPOS="1397" VPOS="746" WIDTH="58" HEIGHT="37" CONTENT="La" WC="1.00" CC="00"/>
						<SP ID="P65_SP00357" HPOS="1455" VPOS="783" WIDTH="21"/>
						<String ID="P65_ST00422" HPOS="1476" VPOS="745" WIDTH="149" HEIGHT="39" CONTENT="femme" WC="0.78" CC="30600"/>
						<SP ID="P65_SP00358" HPOS="1625" VPOS="784" WIDTH="16"/>
						<String ID="P65_ST00423" HPOS="1641" VPOS="754" WIDTH="63" HEIGHT="30" CONTENT="est" WC="1.00" CC="000"/>
						<SP ID="P65_SP00359" HPOS="1704" VPOS="784" WIDTH="22"/>
						<String ID="P65_ST00424" HPOS="1726" VPOS="759" WIDTH="50" HEIGHT="24" CONTENT="en" WC="0.67" CC="06"/>
						<SP ID="P65_SP00360" HPOS="1776" VPOS="784" WIDTH="27"/>
						<String ID="P65_ST00425" HPOS="1803" VPOS="745" WIDTH="106" HEIGHT="39" CONTENT="train" WC="0.78" CC="00046"/>
						<SP ID="P65_SP00361" HPOS="1909" VPOS="784" WIDTH="24"/>
						<String ID="P65_ST00426" HPOS="1933" VPOS="745" WIDTH="235" HEIGHT="38" CONTENT="d'inventer" WC="0.73" CC="0438046000"/>
						<SP ID="P65_SP00362" HPOS="2168" VPOS="784" WIDTH="21"/>
						<String ID="P65_ST00427" HPOS="2189" VPOS="743" WIDTH="38" HEIGHT="38" CONTENT="le" WC="1.00" CC="00"/>
						<SP ID="P65_SP00363" HPOS="2227" VPOS="784" WIDTH="23"/>
						<String ID="P65_ST00428" HPOS="2250" VPOS="757" WIDTH="53" HEIGHT="23" CONTENT="ma" SUBS_TYPE="HypPart1" SUBS_CONTENT="mariane" WC="0.99" CC="00"/>
						<HYP HPOS="2303" VPOS="757" WIDTH="26" CONTENT="-"/>
					</TextLine>
					<TextLine ID="P65_TL00064" HPOS="1295" VPOS="803" WIDTH="1034" HEIGHT="50">
						<String ID="P65_ST00429" HPOS="1295" VPOS="804" WIDTH="114" HEIGHT="49" CONTENT="riane" SUBS_TYPE="HypPart2" SUBS_CONTENT="mariane" WC="0.99" CC="01080"/>
						<SP ID="P65_SP00364" HPOS="1409" VPOS="853" WIDTH="31"/>
						<String ID="P65_ST00430" HPOS="1440" VPOS="811" WIDTH="39" HEIGHT="29" CONTENT="et" WC="1.00" CC="00"/>
						<SP ID="P65_SP00365" HPOS="1479" VPOS="853" WIDTH="31"/>
						<String ID="P65_ST00431" HPOS="1510" VPOS="804" WIDTH="96" HEIGHT="38" CONTENT="d'en" WC="0.72" CC="0208"/>
						<SP ID="P65_SP00366" HPOS="1606" VPOS="853" WIDTH="33"/>
						<String ID="P65_ST00432" HPOS="1639" VPOS="804" WIDTH="49" HEIGHT="37" CONTENT="fai" WC="0.97" CC="007"/>
						<SP ID="P65_SP00367" HPOS="1688" VPOS="853" WIDTH="8"/>
						<String ID="P65_ST00433" HPOS="1696" VPOS="818" WIDTH="42" HEIGHT="24" CONTENT="re" WC="0.68" CC="60"/>
						<SP ID="P65_SP00368" HPOS="1738" VPOS="853" WIDTH="31"/>
						<String ID="P65_ST00434" HPOS="1769" VPOS="804" WIDTH="35" HEIGHT="36" CONTENT="le" WC="0.97" CC="00"/>
						<SP ID="P65_SP00369" HPOS="1804" VPOS="853" WIDTH="32"/>
						<String ID="P65_ST00435" HPOS="1836" VPOS="803" WIDTH="86" HEIGHT="37" CONTENT="seul" WC="0.86" CC="0040"/>
						<SP ID="P65_SP00370" HPOS="1922" VPOS="853" WIDTH="22"/>
						<String ID="P65_ST00436" HPOS="1944" VPOS="803" WIDTH="160" HEIGHT="50" CONTENT="vertige" WC="0.84" CC="3000070"/>
						<SP ID="P65_SP00371" HPOS="2104" VPOS="853" WIDTH="24"/>
						<String ID="P65_ST00437" HPOS="2128" VPOS="803" WIDTH="71" HEIGHT="48" CONTENT="qui" WC="0.96" CC="064"/>
						<SP ID="P65_SP00372" HPOS="2199" VPOS="853" WIDTH="25"/>
						<String ID="P65_ST00438" HPOS="2224" VPOS="814" WIDTH="105" HEIGHT="25" CONTENT="nous" WC="0.56" CC="6370"/>
					</TextLine>
					<TextLine ID="P65_TL00065" HPOS="1295" VPOS="858" WIDTH="1035" HEIGHT="53">
						<String ID="P65_ST00439" HPOS="1295" VPOS="868" WIDTH="118" HEIGHT="37" CONTENT="reste," WC="0.99" CC="310004"/>
						<SP ID="P65_SP00373" HPOS="1413" VPOS="905" WIDTH="33"/>
						<String ID="P65_ST00440" HPOS="1446" VPOS="861" WIDTH="104" HEIGHT="38" CONTENT="celui" WC="0.87" CC="03011"/>
						<SP ID="P65_SP00374" HPOS="1550" VPOS="905" WIDTH="34"/>
						<String ID="P65_ST00441" HPOS="1584" VPOS="861" WIDTH="126" HEIGHT="50" CONTENT="qu'on" WC="0.74" CC="15203"/>
						<SP ID="P65_SP00375" HPOS="1710" VPOS="911" WIDTH="35"/>
						<String ID="P65_ST00442" HPOS="1745" VPOS="875" WIDTH="51" HEIGHT="24" CONTENT="ne" WC="0.67" CC="60"/>
						<SP ID="P65_SP00376" HPOS="1796" VPOS="911" WIDTH="31"/>
						<String ID="P65_ST00443" HPOS="1827" VPOS="858" WIDTH="156" HEIGHT="41" CONTENT="détruit" WC="0.50" CC="0355865"/>
						<SP ID="P65_SP00377" HPOS="1983" VPOS="911" WIDTH="21"/>
						<String ID="P65_ST00444" HPOS="2004" VPOS="874" WIDTH="73" HEIGHT="36" CONTENT="pas" WC="1.00" CC="000"/>
						<SP ID="P65_SP00378" HPOS="2077" VPOS="911" WIDTH="23"/>
						<String ID="P65_ST00445" HPOS="2100" VPOS="859" WIDTH="127" HEIGHT="39" CONTENT="d'une" WC="0.98" CC="03670"/>
						<SP ID="P65_SP00379" HPOS="2227" VPOS="911" WIDTH="23"/>
						<String ID="P65_ST00446" HPOS="2250" VPOS="859" WIDTH="60" HEIGHT="37" CONTENT="chi" SUBS_TYPE="HypPart1" SUBS_CONTENT="chiquenaude." WC="0.60" CC="065"/>
						<HYP HPOS="2310" VPOS="859" WIDTH="20" CONTENT="-"/>
					</TextLine>
					<TextLine ID="P65_TL00066" HPOS="1296" VPOS="914" WIDTH="1034" HEIGHT="55">
						<String ID="P65_ST00447" HPOS="1296" VPOS="919" WIDTH="232" HEIGHT="50" CONTENT="quenaude." SUBS_TYPE="HypPart2" SUBS_CONTENT="chiquenaude." WC="0.79" CC="030703004"/>
						<SP ID="P65_SP00380" HPOS="1528" VPOS="969" WIDTH="30"/>
						<String ID="P65_ST00448" HPOS="1558" VPOS="920" WIDTH="48" HEIGHT="49" CONTENT="Je" WC="1.00" CC="00"/>
						<SP ID="P65_SP00381" HPOS="1606" VPOS="969" WIDTH="31"/>
						<String ID="P65_ST00449" HPOS="1637" VPOS="919" WIDTH="197" HEIGHT="38" CONTENT="voudrais" WC="0.82" CC="40400040"/>
						<SP ID="P65_SP00382" HPOS="1834" VPOS="969" WIDTH="32"/>
						<String ID="P65_ST00450" HPOS="1866" VPOS="919" WIDTH="145" HEIGHT="37" CONTENT="definir" WC="0.99" CC="0000740"/>
						<SP ID="P65_SP00383" HPOS="2011" VPOS="969" WIDTH="35"/>
						<String ID="P65_ST00451" HPOS="2046" VPOS="926" WIDTH="106" HEIGHT="30" CONTENT="cette" WC="0.94" CC="00020"/>
						<SP ID="P65_SP00384" HPOS="2152" VPOS="969" WIDTH="32"/>
						<String ID="P65_ST00452" HPOS="2184" VPOS="914" WIDTH="146" HEIGHT="52" CONTENT="espéce" WC="1.00" CC="000210"/>
					</TextLine>
					<TextLine ID="P65_TL00067" HPOS="1297" VPOS="973" WIDTH="1032" HEIGHT="53">
						<String ID="P65_ST00453" HPOS="1297" VPOS="976" WIDTH="187" HEIGHT="41" CONTENT="d'union," WC="0.99" CC="03535063"/>
						<SP ID="P65_SP00385" HPOS="1484" VPOS="1017" WIDTH="34"/>
						<String ID="P65_ST00454" HPOS="1518" VPOS="990" WIDTH="45" HEIGHT="24" CONTENT="ce" WC="0.90" CC="02"/>
						<SP ID="P65_SP00386" HPOS="1563" VPOS="1017" WIDTH="33"/>
						<String ID="P65_ST00455" HPOS="1596" VPOS="978" WIDTH="69" HEIGHT="48" CONTENT="qui" WC="0.97" CC="034"/>
						<SP ID="P65_SP00387" HPOS="1665" VPOS="1026" WIDTH="26"/>
						<String ID="P65_ST00456" HPOS="1691" VPOS="991" WIDTH="51" HEIGHT="23" CONTENT="ne" WC="0.58" CC="70"/>
						<SP ID="P65_SP00388" HPOS="1742" VPOS="1026" WIDTH="21"/>
						<String ID="P65_ST00457" HPOS="1763" VPOS="990" WIDTH="43" HEIGHT="25" CONTENT="se" WC="1.00" CC="00"/>
						<SP ID="P65_SP00389" HPOS="1806" VPOS="1026" WIDTH="18"/>
						<String ID="P65_ST00458" HPOS="1824" VPOS="990" WIDTH="151" HEIGHT="35" CONTENT="pourra" WC="0.75" CC="015260"/>
						<SP ID="P65_SP00390" HPOS="1975" VPOS="1026" WIDTH="23"/>
						<String ID="P65_ST00459" HPOS="1998" VPOS="976" WIDTH="123" HEIGHT="50" CONTENT="qu'en" WC="0.70" CC="06314"/>
						<SP ID="P65_SP00391" HPOS="2121" VPOS="1026" WIDTH="19"/>
						<String ID="P65_ST00460" HPOS="2140" VPOS="973" WIDTH="166" HEIGHT="52" CONTENT="dépouil" SUBS_TYPE="HypPart1" SUBS_CONTENT="dépouillant" WC="0.61" CC="0408145"/>
						<HYP HPOS="2306" VPOS="973" WIDTH="23" CONTENT="-"/>
					</TextLine>
					<TextLine ID="P65_TL00068" HPOS="1296" VPOS="1034" WIDTH="736" HEIGHT="39">
						<String ID="P65_ST00461" HPOS="1296" VPOS="1035" WIDTH="86" HEIGHT="38" CONTENT="lant" SUBS_TYPE="HypPart2" SUBS_CONTENT="dépouillant" WC="0.74" CC="0063"/>
						<SP ID="P65_SP00392" HPOS="1382" VPOS="1073" WIDTH="31"/>
						<String ID="P65_ST00462" HPOS="1413" VPOS="1042" WIDTH="91" HEIGHT="31" CONTENT="tout" WC="0.72" CC="0550"/>
						<SP ID="P65_SP00393" HPOS="1504" VPOS="1073" WIDTH="31"/>
						<String ID="P65_ST00463" HPOS="1535" VPOS="1034" WIDTH="174" HEIGHT="38" CONTENT="d'abord" WC="0.74" CC="0480500"/>
						<SP ID="P65_SP00394" HPOS="1709" VPOS="1073" WIDTH="31"/>
						<String ID="P65_ST00464" HPOS="1740" VPOS="1034" WIDTH="36" HEIGHT="38" CONTENT="le" WC="0.82" CC="30"/>
						<SP ID="P65_SP00395" HPOS="1776" VPOS="1073" WIDTH="30"/>
						<String ID="P65_ST00465" HPOS="1806" VPOS="1035" WIDTH="96" HEIGHT="37" CONTENT="vieil" WC="0.65" CC="51064"/>
						<SP ID="P65_SP00396" HPOS="1902" VPOS="1073" WIDTH="33"/>
						<String ID="P65_ST00466" HPOS="1935" VPOS="1034" WIDTH="97" HEIGHT="38" CONTENT="ètre." WC="0.77" CC="70011"/>
					</TextLine>
					<TextLine ID="P65_TL00069" HPOS="1361" VPOS="1091" WIDTH="969" HEIGHT="52">
						<String ID="P65_ST00467" HPOS="1361" VPOS="1110" WIDTH="17" HEIGHT="17" CONTENT="«" WC="0.66" CC="3"/>
						<SP ID="P65_SP00397" HPOS="1378" VPOS="1127" WIDTH="19"/>
						<String ID="P65_ST00468" HPOS="1397" VPOS="1093" WIDTH="77" HEIGHT="50" CONTENT="J'ai" WC="0.55" CC="3373"/>
						<SP ID="P65_SP00398" HPOS="1474" VPOS="1143" WIDTH="22"/>
						<String ID="P65_ST00469" HPOS="1496" VPOS="1106" WIDTH="55" HEIGHT="24" CONTENT="vu" WC="0.76" CC="04"/>
						<SP ID="P65_SP00399" HPOS="1551" VPOS="1143" WIDTH="32"/>
						<String ID="P65_ST00470" HPOS="1583" VPOS="1100" WIDTH="160" HEIGHT="30" CONTENT="surtout" WC="0.81" CC="0510060"/>
						<SP ID="P65_SP00400" HPOS="1743" VPOS="1143" WIDTH="24"/>
						<String ID="P65_ST00471" HPOS="1767" VPOS="1093" WIDTH="37" HEIGHT="36" CONTENT="la" WC="0.82" CC="30"/>
						<SP ID="P65_SP00401" HPOS="1804" VPOS="1143" WIDTH="25"/>
						<String ID="P65_ST00472" HPOS="1829" VPOS="1093" WIDTH="165" HEIGHT="44" CONTENT="femme," WC="0.70" CC="044503"/>
						<SP ID="P65_SP00402" HPOS="1994" VPOS="1143" WIDTH="24"/>
						<String ID="P65_ST00473" HPOS="2018" VPOS="1091" WIDTH="103" HEIGHT="38" CONTENT="dans" WC="0.61" CC="3065"/>
						<SP ID="P65_SP00403" HPOS="2121" VPOS="1143" WIDTH="21"/>
						<String ID="P65_ST00474" HPOS="2142" VPOS="1091" WIDTH="188" HEIGHT="43" CONTENT="l'amour," WC="0.99" CC="44000643"/>
					</TextLine>
					<TextLine ID="P65_TL00070" HPOS="1297" VPOS="1147" WIDTH="1035" HEIGHT="52">
						<String ID="P65_ST00475" HPOS="1297" VPOS="1151" WIDTH="101" HEIGHT="37" CONTENT="faire" WC="0.84" CC="00403"/>
						<SP ID="P65_SP00404" HPOS="1398" VPOS="1188" WIDTH="32"/>
						<String ID="P65_ST00476" HPOS="1430" VPOS="1164" WIDTH="80" HEIGHT="24" CONTENT="une" WC="0.96" CC="650"/>
						<SP ID="P65_SP00405" HPOS="1510" VPOS="1188" WIDTH="32"/>
						<String ID="P65_ST00477" HPOS="1542" VPOS="1158" WIDTH="116" HEIGHT="30" CONTENT="autre" WC="0.85" CC="00051"/>
						<SP ID="P65_SP00406" HPOS="1658" VPOS="1188" WIDTH="33"/>
						<String ID="P65_ST00478" HPOS="1691" VPOS="1150" WIDTH="132" HEIGHT="49" CONTENT="figure" WC="0.97" CC="337580"/>
						<SP ID="P65_SP00407" HPOS="1823" VPOS="1199" WIDTH="30"/>
						<String ID="P65_ST00479" HPOS="1853" VPOS="1163" WIDTH="80" HEIGHT="36" CONTENT="que" WC="0.71" CC="062"/>
						<SP ID="P65_SP00408" HPOS="1933" VPOS="1199" WIDTH="33"/>
						<String ID="P65_ST00480" HPOS="1966" VPOS="1148" WIDTH="103" HEIGHT="40" CONTENT="celle" WC="0.98" CC="05443"/>
						<SP ID="P65_SP00409" HPOS="2069" VPOS="1199" WIDTH="44"/>
						<String ID="P65_ST00481" HPOS="2113" VPOS="1149" WIDTH="132" HEIGHT="50" CONTENT="qu'on" WC="0.67" CC="05307"/>
						<SP ID="P65_SP00410" HPOS="2245" VPOS="1199" WIDTH="31"/>
						<String ID="P65_ST00482" HPOS="2276" VPOS="1147" WIDTH="56" HEIGHT="38" CONTENT="lui" WC="0.97" CC="340"/>
					</TextLine>
					<TextLine ID="P65_TL00071" HPOS="1299" VPOS="1206" WIDTH="1034" HEIGHT="52">
						<String ID="P65_ST00483" HPOS="1299" VPOS="1209" WIDTH="124" HEIGHT="46" CONTENT="croit;" WC="0.81" CC="100207"/>
						<SP ID="P65_SP00411" HPOS="1423" VPOS="1255" WIDTH="35"/>
						<String ID="P65_ST00484" HPOS="1458" VPOS="1216" WIDTH="40" HEIGHT="30" CONTENT="et" WC="0.76" CC="40"/>
						<SP ID="P65_SP00412" HPOS="1498" VPOS="1255" WIDTH="26"/>
						<String ID="P65_ST00485" HPOS="1524" VPOS="1209" WIDTH="43" HEIGHT="49" CONTENT="je" WC="1.00" CC="00"/>
						<SP ID="P65_SP00413" HPOS="1567" VPOS="1258" WIDTH="32"/>
						<String ID="P65_ST00486" HPOS="1599" VPOS="1222" WIDTH="64" HEIGHT="24" CONTENT="me" WC="1.00" CC="00"/>
						<SP ID="P65_SP00414" HPOS="1663" VPOS="1258" WIDTH="31"/>
						<String ID="P65_ST00487" HPOS="1694" VPOS="1207" WIDTH="199" HEIGHT="39" CONTENT="donnerai" WC="0.85" CC="00380000"/>
						<SP ID="P65_SP00415" HPOS="1893" VPOS="1258" WIDTH="31"/>
						<String ID="P65_ST00488" HPOS="1924" VPOS="1208" WIDTH="38" HEIGHT="36" CONTENT="la" WC="0.78" CC="40"/>
						<SP ID="P65_SP00416" HPOS="1962" VPOS="1258" WIDTH="33"/>
						<String ID="P65_ST00489" HPOS="1995" VPOS="1207" WIDTH="93" HEIGHT="49" CONTENT="paix" WC="0.93" CC="0020"/>
						<SP ID="P65_SP00417" HPOS="2088" VPOS="1258" WIDTH="40"/>
						<String ID="P65_ST00490" HPOS="2128" VPOS="1206" WIDTH="205" HEIGHT="38" CONTENT="d'avouer" WC="0.80" CC="03000604"/>
					</TextLine>
					<TextLine ID="P65_TL00072" HPOS="1298" VPOS="1262" WIDTH="1033" HEIGHT="53">
						<String ID="P65_ST00491" HPOS="1298" VPOS="1280" WIDTH="160" HEIGHT="25" CONTENT="comme" WC="0.86" CC="06000"/>
						<SP ID="P65_SP00418" HPOS="1458" VPOS="1305" WIDTH="17"/>
						<String ID="P65_ST00492" HPOS="1475" VPOS="1265" WIDTH="43" HEIGHT="50" CONTENT="je" WC="0.81" CC="21"/>
						<SP ID="P65_SP00419" HPOS="1518" VPOS="1315" WIDTH="22"/>
						<String ID="P65_ST00493" HPOS="1540" VPOS="1266" WIDTH="66" HEIGHT="37" CONTENT="l'ai" WC="0.98" CC="5301"/>
						<SP ID="P65_SP00420" HPOS="1606" VPOS="1315" WIDTH="21"/>
						<String ID="P65_ST00494" HPOS="1627" VPOS="1279" WIDTH="80" HEIGHT="25" CONTENT="vue" WC="0.73" CC="070"/>
						<SP ID="P65_SP00421" HPOS="1707" VPOS="1315" WIDTH="22"/>
						<String ID="P65_ST00495" HPOS="1729" VPOS="1265" WIDTH="105" HEIGHT="38" CONTENT="belle" WC="0.99" CC="00072"/>
						<SP ID="P65_SP00422" HPOS="1834" VPOS="1315" WIDTH="21"/>
						<String ID="P65_ST00496" HPOS="1855" VPOS="1274" WIDTH="40" HEIGHT="28" CONTENT="et" WC="0.22" CC="59"/>
						<SP ID="P65_SP00423" HPOS="1895" VPOS="1315" WIDTH="21"/>
						<String ID="P65_ST00497" HPOS="1916" VPOS="1262" WIDTH="191" HEIGHT="53" CONTENT="dégagée" WC="0.76" CC="2500043"/>
						<SP ID="P65_SP00424" HPOS="2107" VPOS="1315" WIDTH="29"/>
						<String ID="P65_ST00498" HPOS="2136" VPOS="1265" WIDTH="56" HEIGHT="36" CONTENT="du" WC="0.63" CC="07"/>
						<SP ID="P65_SP00425" HPOS="2192" VPOS="1315" WIDTH="23"/>
						<String ID="P65_ST00499" HPOS="2215" VPOS="1263" WIDTH="116" HEIGHT="45" CONTENT="male," WC="1.00" CC="00300"/>
					</TextLine>
					<TextLine ID="P65_TL00073" HPOS="1293" VPOS="1329" WIDTH="273" HEIGHT="45">
						<String ID="P65_ST00500" HPOS="1293" VPOS="1329" WIDTH="85" HEIGHT="45" CONTENT="par" WC="1.00" CC="000" STYLEREFS="TXT_2"/>
						<SP ID="P65_SP00426" HPOS="1378" VPOS="1374" WIDTH="30"/>
						<String ID="P65_ST00501" HPOS="1408" VPOS="1337" WIDTH="158" HEIGHT="25" CONTENT="amour." WC="0.98" CC="330807" STYLEREFS="TXT_2"/>
					</TextLine>
					<TextLine ID="P65_TL00074" HPOS="1364" VPOS="1379" WIDTH="970" HEIGHT="53">
						<String ID="P65_ST00502" HPOS="1364" VPOS="1400" WIDTH="16" HEIGHT="16" CONTENT="«" WC="0.84" CC="1"/>
						<SP ID="P65_SP00427" HPOS="1380" VPOS="1416" WIDTH="22"/>
						<String ID="P65_ST00503" HPOS="1402" VPOS="1383" WIDTH="33" HEIGHT="37" CONTENT="Il" WC="0.68" CC="06"/>
						<SP ID="P65_SP00428" HPOS="1435" VPOS="1420" WIDTH="21"/>
						<String ID="P65_ST00504" HPOS="1456" VPOS="1396" WIDTH="28" HEIGHT="36" CONTENT="y" WC="0.34" CC="6"/>
						<SP ID="P65_SP00429" HPOS="1484" VPOS="1432" WIDTH="16"/>
						<String ID="P65_ST00505" HPOS="1500" VPOS="1395" WIDTH="22" HEIGHT="23" CONTENT="a" WC="1.00" CC="0"/>
						<SP ID="P65_SP00430" HPOS="1522" VPOS="1432" WIDTH="23"/>
						<String ID="P65_ST00506" HPOS="1545" VPOS="1394" WIDTH="56" HEIGHT="25" CONTENT="un" WC="0.51" CC="63"/>
						<SP ID="P65_SP00431" HPOS="1601" VPOS="1432" WIDTH="21"/>
						<String ID="P65_ST00507" HPOS="1622" VPOS="1388" WIDTH="114" HEIGHT="31" CONTENT="autre" WC="0.88" CC="06000"/>
						<SP ID="P65_SP00432" HPOS="1736" VPOS="1432" WIDTH="21"/>
						<String ID="P65_ST00508" HPOS="1757" VPOS="1380" WIDTH="222" HEIGHT="48" CONTENT="hommage" WC="0.84" CC="6004000"/>
						<SP ID="P65_SP00433" HPOS="1979" VPOS="1432" WIDTH="22"/>
						<String ID="P65_ST00509" HPOS="2001" VPOS="1393" WIDTH="81" HEIGHT="37" CONTENT="que" WC="0.77" CC="060"/>
						<SP ID="P65_SP00434" HPOS="2082" VPOS="1432" WIDTH="27"/>
						<String ID="P65_ST00510" HPOS="2109" VPOS="1380" WIDTH="35" HEIGHT="36" CONTENT="le" WC="0.75" CC="40"/>
						<SP ID="P65_SP00435" HPOS="2144" VPOS="1432" WIDTH="31"/>
						<String ID="P65_ST00511" HPOS="2175" VPOS="1379" WIDTH="159" HEIGHT="38" CONTENT="sourire" WC="0.57" CC="0057544"/>
					</TextLine>
					<TextLine ID="P65_TL00075" HPOS="1300" VPOS="1435" WIDTH="1035" HEIGHT="53">
						<String ID="P65_ST00512" HPOS="1300" VPOS="1448" WIDTH="41" HEIGHT="30" CONTENT="et" WC="0.76" CC="22"/>
						<SP ID="P65_SP00436" HPOS="1341" VPOS="1478" WIDTH="38"/>
						<String ID="P65_ST00513" HPOS="1379" VPOS="1441" WIDTH="58" HEIGHT="36" CONTENT="les" WC="0.62" CC="470"/>
						<SP ID="P65_SP00437" HPOS="1437" VPOS="1478" WIDTH="42"/>
						<String ID="P65_ST00514" HPOS="1479" VPOS="1452" WIDTH="247" HEIGHT="36" CONTENT="mensonges" WC="0.61" CC="028675031"/>
						<SP ID="P65_SP00438" HPOS="1726" VPOS="1488" WIDTH="41"/>
						<String ID="P65_ST00515" HPOS="1767" VPOS="1439" WIDTH="51" HEIGHT="37" CONTENT="de" WC="1.00" CC="00"/>
						<SP ID="P65_SP00439" HPOS="1818" VPOS="1488" WIDTH="35"/>
						<String ID="P65_ST00516" HPOS="1853" VPOS="1438" WIDTH="37" HEIGHT="37" CONTENT="la" WC="0.64" CC="33"/>
						<SP ID="P65_SP00440" HPOS="1890" VPOS="1488" WIDTH="41"/>
						<String ID="P65_ST00517" HPOS="1931" VPOS="1438" WIDTH="136" HEIGHT="49" CONTENT="gràce," WC="0.50" CC="969110"/>
						<SP ID="P65_SP00441" HPOS="2067" VPOS="1488" WIDTH="45"/>
						<String ID="P65_ST00518" HPOS="2112" VPOS="1441" WIDTH="22" HEIGHT="33" CONTENT="à" WC="0.69" CC="3"/>
						<SP ID="P65_SP00442" HPOS="2134" VPOS="1488" WIDTH="32"/>
						<String ID="P65_ST00519" HPOS="2166" VPOS="1435" WIDTH="115" HEIGHT="40" CONTENT="offrir" WC="0.99" CC="000700"/>
						<SP ID="P65_SP00443" HPOS="2281" VPOS="1488" WIDTH="31"/>
						<String ID="P65_ST00520" HPOS="2312" VPOS="1439" WIDTH="23" HEIGHT="35" CONTENT="à" WC="1.00" CC="0"/>
					</TextLine>
					<TextLine ID="P65_TL00076" HPOS="1301" VPOS="1493" WIDTH="844" HEIGHT="52">
						<String ID="P65_ST00521" HPOS="1301" VPOS="1505" WIDTH="119" HEIGHT="31" CONTENT="notre" WC="0.46" CC="54753"/>
						<SP ID="P65_SP00444" HPOS="1420" VPOS="1536" WIDTH="32"/>
						<String ID="P65_ST00522" HPOS="1452" VPOS="1498" WIDTH="102" HEIGHT="37" CONTENT="frère" WC="0.69" CC="09401"/>
						<SP ID="P65_SP00445" HPOS="1554" VPOS="1536" WIDTH="32"/>
						<String ID="P65_ST00523" HPOS="1586" VPOS="1498" WIDTH="50" HEIGHT="35" CONTENT="de" WC="0.80" CC="04"/>
						<SP ID="P65_SP00446" HPOS="1636" VPOS="1536" WIDTH="34"/>
						<String ID="P65_ST00524" HPOS="1670" VPOS="1496" WIDTH="121" HEIGHT="49" CONTENT="peine" WC="0.71" CC="00670"/>
						<SP ID="P65_SP00447" HPOS="1791" VPOS="1545" WIDTH="32"/>
						<String ID="P65_ST00525" HPOS="1823" VPOS="1503" WIDTH="41" HEIGHT="30" CONTENT="et" WC="0.86" CC="20"/>
						<SP ID="P65_SP00448" HPOS="1864" VPOS="1545" WIDTH="32"/>
						<String ID="P65_ST00526" HPOS="1896" VPOS="1496" WIDTH="52" HEIGHT="37" CONTENT="de" WC="0.71" CC="05"/>
						<SP ID="P65_SP00449" HPOS="1948" VPOS="1545" WIDTH="34"/>
						<String ID="P65_ST00527" HPOS="1982" VPOS="1493" WIDTH="163" HEIGHT="50" CONTENT="pensée." WC="0.99" CC="0281400"/>
					</TextLine>
					<TextLine ID="P65_TL00077" HPOS="1363" VPOS="1552" WIDTH="972" HEIGHT="52">
						<String ID="P65_ST00528" HPOS="1363" VPOS="1573" WIDTH="18" HEIGHT="17" CONTENT="«" WC="0.58" CC="4"/>
						<SP ID="P65_SP00450" HPOS="1381" VPOS="1590" WIDTH="24"/>
						<String ID="P65_ST00529" HPOS="1405" VPOS="1557" WIDTH="132" HEIGHT="45" CONTENT="Donc," WC="0.71" CC="00750"/>
						<SP ID="P65_SP00451" HPOS="1537" VPOS="1602" WIDTH="35"/>
						<String ID="P65_ST00530" HPOS="1572" VPOS="1555" WIDTH="91" HEIGHT="49" CONTENT="plus" WC="0.97" CC="0452"/>
						<SP ID="P65_SP00452" HPOS="1663" VPOS="1604" WIDTH="33"/>
						<String ID="P65_ST00531" HPOS="1696" VPOS="1554" WIDTH="204" HEIGHT="37" CONTENT="d'amants" WC="0.86" CC="03000700"/>
						<SP ID="P65_SP00453" HPOS="1900" VPOS="1604" WIDTH="31"/>
						<String ID="P65_ST00532" HPOS="1931" VPOS="1552" WIDTH="61" HEIGHT="51" CONTENT="(je" WC="0.61" CC="901"/>
						<SP ID="P65_SP00454" HPOS="1992" VPOS="1604" WIDTH="40"/>
						<String ID="P65_ST00533" HPOS="2032" VPOS="1566" WIDTH="50" HEIGHT="24" CONTENT="ne" WC="0.88" CC="20"/>
						<SP ID="P65_SP00455" HPOS="2082" VPOS="1604" WIDTH="37"/>
						<String ID="P65_ST00534" HPOS="2119" VPOS="1553" WIDTH="105" HEIGHT="37" CONTENT="lutte" WC="0.89" CC="05000"/>
						<SP ID="P65_SP00456" HPOS="2224" VPOS="1604" WIDTH="31"/>
						<String ID="P65_ST00535" HPOS="2255" VPOS="1564" WIDTH="80" HEIGHT="37" CONTENT="que" WC="0.76" CC="051"/>
					</TextLine>
					<TextLine ID="P65_TL00078" HPOS="1301" VPOS="1609" WIDTH="1034" HEIGHT="54">
						<String ID="P65_ST00536" HPOS="1301" VPOS="1622" WIDTH="142" HEIGHT="29" CONTENT="contre" WC="0.83" CC="006003"/>
						<SP ID="P65_SP00457" HPOS="1443" VPOS="1651" WIDTH="32"/>
						<String ID="P65_ST00537" HPOS="1475" VPOS="1627" WIDTH="54" HEIGHT="24" CONTENT="un" WC="0.29" CC="58"/>
						<SP ID="P65_SP00458" HPOS="1529" VPOS="1651" WIDTH="33"/>
						<String ID="P65_ST00538" HPOS="1562" VPOS="1613" WIDTH="103" HEIGHT="50" CONTENT="mot)" WC="1.00" CC="0000"/>
						<SP ID="P65_SP00459" HPOS="1665" VPOS="1663" WIDTH="40"/>
						<String ID="P65_ST00539" HPOS="1705" VPOS="1626" WIDTH="73" HEIGHT="36" CONTENT="pas" WC="0.64" CC="045"/>
						<SP ID="P65_SP00460" HPOS="1778" VPOS="1663" WIDTH="48"/>
						<String ID="P65_ST00540" HPOS="1826" VPOS="1612" WIDTH="93" HEIGHT="48" CONTENT="plus" WC="0.98" CC="0330"/>
						<SP ID="P65_SP00461" HPOS="1919" VPOS="1663" WIDTH="47"/>
						<String ID="P65_ST00541" HPOS="1966" VPOS="1611" WIDTH="51" HEIGHT="37" CONTENT="de" WC="1.00" CC="00"/>
						<SP ID="P65_SP00462" HPOS="2017" VPOS="1663" WIDTH="39"/>
						<String ID="P65_ST00542" HPOS="2056" VPOS="1610" WIDTH="134" HEIGHT="46" CONTENT="maris," WC="0.80" CC="000451"/>
						<SP ID="P65_SP00463" HPOS="2190" VPOS="1663" WIDTH="44"/>
						<String ID="P65_ST00543" HPOS="2234" VPOS="1609" WIDTH="101" HEIGHT="37" CONTENT="mais" WC="1.00" CC="0000"/>
					</TextLine>
					<TextLine ID="P65_TL00079" HPOS="1301" VPOS="1667" WIDTH="1036" HEIGHT="43">
						<String ID="P65_ST00544" HPOS="1301" VPOS="1669" WIDTH="195" HEIGHT="41" CONTENT="rhomme" WC="0.70" CC="970000"/>
						<SP ID="P65_SP00464" HPOS="1496" VPOS="1710" WIDTH="32"/>
						<String ID="P65_ST00545" HPOS="1528" VPOS="1679" WIDTH="41" HEIGHT="29" CONTENT="et" WC="0.73" CC="40"/>
						<SP ID="P65_SP00465" HPOS="1569" VPOS="1710" WIDTH="40"/>
						<String ID="P65_ST00546" HPOS="1609" VPOS="1670" WIDTH="38" HEIGHT="38" CONTENT="la" WC="0.48" CC="45"/>
						<SP ID="P65_SP00466" HPOS="1647" VPOS="1710" WIDTH="40"/>
						<String ID="P65_ST00547" HPOS="1687" VPOS="1670" WIDTH="145" HEIGHT="37" CONTENT="femme" WC="0.71" CC="95000"/>
						<SP ID="P65_SP00467" HPOS="1832" VPOS="1710" WIDTH="40"/>
						<String ID="P65_ST00548" HPOS="1872" VPOS="1668" WIDTH="204" HEIGHT="39" CONTENT="achevant" WC="0.69" CC="04633070"/>
						<SP ID="P65_SP00468" HPOS="2076" VPOS="1710" WIDTH="46"/>
						<String ID="P65_ST00549" HPOS="2122" VPOS="1668" WIDTH="51" HEIGHT="37" CONTENT="de" WC="1.00" CC="00"/>
						<SP ID="P65_SP00469" HPOS="2173" VPOS="1710" WIDTH="40"/>
						<String ID="P65_ST00550" HPOS="2213" VPOS="1667" WIDTH="124" HEIGHT="37" CONTENT="sortir" WC="1.00" CC="000040"/>
					</TextLine>
					<TextLine ID="P65_TL00080" HPOS="1301" VPOS="1725" WIDTH="1034" HEIGHT="49">
						<String ID="P65_ST00551" HPOS="1301" VPOS="1729" WIDTH="73" HEIGHT="39" CONTENT="des" WC="0.92" CC="020"/>
						<SP ID="P65_SP00470" HPOS="1374" VPOS="1768" WIDTH="32"/>
						<String ID="P65_ST00552" HPOS="1406" VPOS="1738" WIDTH="216" HEIGHT="30" CONTENT="coutumes" WC="0.67" CC="00506067"/>
						<SP ID="P65_SP00471" HPOS="1622" VPOS="1768" WIDTH="33"/>
						<String ID="P65_ST00553" HPOS="1655" VPOS="1728" WIDTH="183" HEIGHT="43" CONTENT="d'aimer," WC="0.53" CC="04629192"/>
						<SP ID="P65_SP00472" HPOS="1838" VPOS="1771" WIDTH="35"/>
						<String ID="P65_ST00554" HPOS="1873" VPOS="1733" WIDTH="172" HEIGHT="40" CONTENT="tentant," WC="0.86" CC="20200500"/>
						<SP ID="P65_SP00473" HPOS="2045" VPOS="1773" WIDTH="35"/>
						<String ID="P65_ST00555" HPOS="2080" VPOS="1725" WIDTH="99" HEIGHT="38" CONTENT="d'un" WC="0.97" CC="0437"/>
						<SP ID="P65_SP00474" HPOS="2179" VPOS="1773" WIDTH="41"/>
						<String ID="P65_ST00556" HPOS="2220" VPOS="1732" WIDTH="115" HEIGHT="42" CONTENT="geste" WC="0.87" CC="02004"/>
					</TextLine>
					<TextLine ID="P65_TL00081" HPOS="1301" VPOS="1784" WIDTH="735" HEIGHT="49">
						<String ID="P65_ST00557" HPOS="1301" VPOS="1786" WIDTH="110" HEIGHT="47" CONTENT="ému," WC="0.56" CC="6244"/>
						<SP ID="P65_SP00475" HPOS="1411" VPOS="1833" WIDTH="34"/>
						<String ID="P65_ST00558" HPOS="1445" VPOS="1787" WIDTH="93" HEIGHT="38" CONTENT="d'en" WC="0.73" CC="0207"/>
						<SP ID="P65_SP00476" HPOS="1538" VPOS="1833" WIDTH="33"/>
						<String ID="P65_ST00559" HPOS="1571" VPOS="1784" WIDTH="190" HEIGHT="40" CONTENT="dénuder" WC="0.72" CC="0556001"/>
						<SP ID="P65_SP00477" HPOS="1761" VPOS="1833" WIDTH="31"/>
						<String ID="P65_ST00560" HPOS="1792" VPOS="1786" WIDTH="37" HEIGHT="37" CONTENT="le" WC="0.94" CC="10"/>
						<SP ID="P65_SP00478" HPOS="1829" VPOS="1833" WIDTH="32"/>
						<String ID="P65_ST00561" HPOS="1861" VPOS="1798" WIDTH="114" HEIGHT="25" CONTENT="coeur" WC="0.47" CC="07774"/>
						<SP ID="P65_SP00479" HPOS="1975" VPOS="1833" WIDTH="26"/>
						<String ID="P65_ST00562" HPOS="2001" VPOS="1800" WIDTH="35" HEIGHT="24" CONTENT="»." WC="0.71" CC="50"/>
					</TextLine>
					<TextLine ID="P65_TL00082" HPOS="1302" VPOS="1888" WIDTH="1035" HEIGHT="45">
						<String ID="P65_ST00563" HPOS="1302" VPOS="1889" WIDTH="152" HEIGHT="44" CONTENT="Pani" WC="0.95" CC="5388" STYLEREFS="TXT_2"/>
						<SP ID="P65_SP00480" HPOS="1454" VPOS="1933" WIDTH="42"/>
						<String ID="P65_ST00564" HPOS="1496" VPOS="1889" WIDTH="159" HEIGHT="42" CONTENT="Fori*" WC="0.95" CC="88877" STYLEREFS="TXT_2"/>
						<SP ID="P65_SP00481" HPOS="1655" VPOS="1933" WIDTH="51"/>
						<String ID="P65_ST00565" HPOS="1706" VPOS="1912" WIDTH="44" HEIGHT="5" CONTENT="—" WC="0.20" CC="8"/>
						<SP ID="P65_SP00482" HPOS="1750" VPOS="1933" WIDTH="53"/>
						<String ID="P65_ST00566" HPOS="1803" VPOS="1889" WIDTH="81" HEIGHT="38" CONTENT="ILE" WC="0.92" CC="594"/>
						<SP ID="P65_SP00483" HPOS="1884" VPOS="1933" WIDTH="37"/>
						<String ID="P65_ST00567" HPOS="1921" VPOS="1898" WIDTH="64" HEIGHT="28" CONTENT="DE" WC="0.29" CC="67"/>
						<SP ID="P65_SP00484" HPOS="1985" VPOS="1933" WIDTH="45"/>
						<String ID="P65_ST00568" HPOS="2030" VPOS="1888" WIDTH="218" HEIGHT="37" CONTENT="FRANCE." WC="0.69" CC="0694000"/>
						<SP ID="P65_SP00485" HPOS="2248" VPOS="1933" WIDTH="35"/>
						<String ID="P65_ST00569" HPOS="2283" VPOS="1909" WIDTH="54" HEIGHT="5" CONTENT="—" WC="0.20" CC="8"/>
					</TextLine>
					<TextLine ID="P65_TL00083" HPOS="1360" VPOS="1944" WIDTH="912" HEIGHT="46">
						<String ID="P65_ST00570" HPOS="1360" VPOS="1949" WIDTH="195" HEIGHT="38" CONTENT="Editions" WC="0.60" CC="42546070"/>
						<SP ID="P65_SP00486" HPOS="1555" VPOS="1987" WIDTH="33"/>
						<String ID="P65_ST00571" HPOS="1588" VPOS="1949" WIDTH="51" HEIGHT="37" CONTENT="de" WC="0.94" CC="01"/>
						<SP ID="P65_SP00487" HPOS="1639" VPOS="1987" WIDTH="37"/>
						<String ID="P65_ST00572" HPOS="1676" VPOS="1966" WIDTH="17" HEIGHT="16" CONTENT="«" WC="0.50" CC="4"/>
						<SP ID="P65_SP00488" HPOS="1693" VPOS="1987" WIDTH="33"/>
						<String ID="P65_ST00573" HPOS="1726" VPOS="1947" WIDTH="99" HEIGHT="40" CONTENT="Vers" WC="0.73" CC="0604" STYLEREFS="TXT_2"/>
						<SP ID="P65_SP00489" HPOS="1825" VPOS="1987" WIDTH="31"/>
						<String ID="P65_ST00574" HPOS="1856" VPOS="1950" WIDTH="40" HEIGHT="33" CONTENT="et" WC="0.99" CC="00" STYLEREFS="TXT_2"/>
						<SP ID="P65_SP00490" HPOS="1896" VPOS="1987" WIDTH="30"/>
						<String ID="P65_ST00575" HPOS="1926" VPOS="1946" WIDTH="127" HEIGHT="37" CONTENT="Prose" WC="0.98" CC="20046" STYLEREFS="TXT_2"/>
						<SP ID="P65_SP00491" HPOS="2053" VPOS="1987" WIDTH="20"/>
						<String ID="P65_ST00576" HPOS="2073" VPOS="1958" WIDTH="39" HEIGHT="32" CONTENT="»;" WC="0.69" CC="06"/>
						<SP ID="P65_SP00492" HPOS="2112" VPOS="1990" WIDTH="36"/>
						<String ID="P65_ST00577" HPOS="2148" VPOS="1944" WIDTH="124" HEIGHT="38" CONTENT="Paris." WC="0.98" CC="094402"/>
					</TextLine>
					<TextLine ID="P65_TL00084" HPOS="1360" VPOS="2023" WIDTH="979" HEIGHT="55">
						<String ID="P65_ST00578" HPOS="1360" VPOS="2030" WIDTH="58" HEIGHT="37" CONTENT="La" WC="1.00" CC="00"/>
						<SP ID="P65_SP00493" HPOS="1418" VPOS="2067" WIDTH="33"/>
						<String ID="P65_ST00579" HPOS="1451" VPOS="2029" WIDTH="141" HEIGHT="49" CONTENT="poesia" WC="1.00" CC="030000"/>
						<SP ID="P65_SP00494" HPOS="1592" VPOS="2078" WIDTH="23"/>
						<String ID="P65_ST00580" HPOS="1615" VPOS="2028" WIDTH="40" HEIGHT="37" CONTENT="di" WC="0.58" CC="08"/>
						<SP ID="P65_SP00495" HPOS="1655" VPOS="2078" WIDTH="26"/>
						<String ID="P65_ST00581" HPOS="1681" VPOS="2028" WIDTH="97" HEIGHT="38" CONTENT="Paul" WC="0.99" CC="0032"/>
						<SP ID="P65_SP00496" HPOS="1778" VPOS="2078" WIDTH="24"/>
						<String ID="P65_ST00582" HPOS="1802" VPOS="2028" WIDTH="99" HEIGHT="37" CONTENT="Fort" WC="0.97" CC="0049"/>
						<SP ID="P65_SP00497" HPOS="1901" VPOS="2078" WIDTH="22"/>
						<String ID="P65_ST00583" HPOS="1923" VPOS="2025" WIDTH="195" HEIGHT="51" CONTENT="(l'autore" WC="0.99" CC="502040030"/>
						<SP ID="P65_SP00498" HPOS="2118" VPOS="2078" WIDTH="22"/>
						<String ID="P65_ST00584" HPOS="2140" VPOS="2025" WIDTH="40" HEIGHT="37" CONTENT="di" WC="0.81" CC="03"/>
						<SP ID="P65_SP00499" HPOS="2180" VPOS="2078" WIDTH="22"/>
						<String ID="P65_ST00585" HPOS="2202" VPOS="2023" WIDTH="137" HEIGHT="51" CONTENT="quelle" WC="0.99" CC="053150"/>
					</TextLine>
					<TextLine ID="P65_TL00085" HPOS="1301" VPOS="2084" WIDTH="1037" HEIGHT="52">
						<String ID="P65_ST00586" HPOS="1301" VPOS="2089" WIDTH="129" HEIGHT="37" CONTENT="ormai" WC="0.99" CC="00504"/>
						<SP ID="P65_SP00500" HPOS="1430" VPOS="2126" WIDTH="33"/>
						<String ID="P65_ST00587" HPOS="1463" VPOS="2088" WIDTH="167" HEIGHT="48" CONTENT="copiose" WC="1.00" CC="0000300"/>
						<SP ID="P65_SP00501" HPOS="1630" VPOS="2136" WIDTH="28"/>
						<String ID="P65_ST00588" HPOS="1658" VPOS="2086" WIDTH="192" HEIGHT="38" CONTENT="Ballades" WC="0.69" CC="06016009" STYLEREFS="TXT_2"/>
						<SP ID="P65_SP00502" HPOS="1850" VPOS="2136" WIDTH="24"/>
						<String ID="P65_ST00589" HPOS="1874" VPOS="2085" WIDTH="243" HEIGHT="46" CONTENT="Frangaises" WC="0.67" CC="4060720083" STYLEREFS="TXT_2"/>
						<SP ID="P65_SP00503" HPOS="2117" VPOS="2136" WIDTH="21"/>
						<String ID="P65_ST00590" HPOS="2138" VPOS="2084" WIDTH="75" HEIGHT="37" CONTENT="che" WC="0.95" CC="462"/>
						<SP ID="P65_SP00504" HPOS="2213" VPOS="2136" WIDTH="21"/>
						<String ID="P65_ST00591" HPOS="2234" VPOS="2094" WIDTH="104" HEIGHT="25" CONTENT="sono" WC="0.98" CC="0064"/>
					</TextLine>
					<TextLine ID="P65_TL00086" HPOS="1301" VPOS="2141" WIDTH="1039" HEIGHT="52">
						<String ID="P65_ST00592" HPOS="1301" VPOS="2154" WIDTH="113" HEIGHT="29" CONTENT="certo" WC="0.99" CC="00005"/>
						<SP ID="P65_SP00505" HPOS="1414" VPOS="2183" WIDTH="33"/>
						<String ID="P65_ST00593" HPOS="1447" VPOS="2159" WIDTH="81" HEIGHT="24" CONTENT="uno" WC="0.95" CC="580"/>
						<SP ID="P65_SP00506" HPOS="1528" VPOS="2183" WIDTH="32"/>
						<String ID="P65_ST00594" HPOS="1560" VPOS="2145" WIDTH="65" HEIGHT="37" CONTENT="dei" WC="0.97" CC="036"/>
						<SP ID="P65_SP00507" HPOS="1625" VPOS="2183" WIDTH="164"/>
						<String ID="P65_ST00595" HPOS="1789" VPOS="2143" WIDTH="68" HEIGHT="50" CONTENT="più" WC="0.96" CC="036"/>
						<SP ID="P65_SP00508" HPOS="1857" VPOS="2193" WIDTH="23"/>
						<String ID="P65_ST00596" HPOS="1880" VPOS="2142" WIDTH="210" HEIGHT="50" CONTENT="eloquenti" WC="0.99" CC="053062704"/>
						<SP ID="P65_SP00509" HPOS="2090" VPOS="2193" WIDTH="31"/>
						<String ID="P65_ST00597" HPOS="2121" VPOS="2141" WIDTH="106" HEIGHT="37" CONTENT="della" WC="0.99" CC="00340"/>
						<SP ID="P65_SP00510" HPOS="2227" VPOS="2193" WIDTH="31"/>
						<String ID="P65_ST00598" HPOS="2258" VPOS="2152" WIDTH="55" HEIGHT="25" CONTENT="mo" SUBS_TYPE="HypPart1" SUBS_CONTENT="moderna" WC="0.96" CC="05"/>
						<HYP HPOS="2313" VPOS="2152" WIDTH="27" CONTENT="-"/>
					</TextLine>
					<TextLine ID="P65_TL00087" HPOS="1301" VPOS="2197" WIDTH="1038" HEIGHT="52">
						<String ID="P65_ST00599" HPOS="1301" VPOS="2204" WIDTH="129" HEIGHT="38" CONTENT="derna" SUBS_TYPE="HypPart2" SUBS_CONTENT="moderna" WC="1.00" CC="00010"/>
						<SP ID="P65_SP00511" HPOS="1430" VPOS="2242" WIDTH="37"/>
						<String ID="P65_ST00600" HPOS="1467" VPOS="2204" WIDTH="113" HEIGHT="37" CONTENT="lirica" WC="0.98" CC="545300"/>
						<SP ID="P65_SP00512" HPOS="1580" VPOS="2242" WIDTH="40"/>
						<String ID="P65_ST00601" HPOS="1620" VPOS="2203" WIDTH="202" HEIGHT="46" CONTENT="francese)" WC="0.99" CC="000760308"/>
						<SP ID="P65_SP00513" HPOS="1822" VPOS="2249" WIDTH="43"/>
						<String ID="P65_ST00602" HPOS="1865" VPOS="2201" WIDTH="172" HEIGHT="37" CONTENT="esercita" WC="1.00" CC="00100410"/>
						<SP ID="P65_SP00514" HPOS="2037" VPOS="2249" WIDTH="46"/>
						<String ID="P65_ST00603" HPOS="2083" VPOS="2212" WIDTH="56" HEIGHT="24" CONTENT="un" WC="0.59" CC="07"/>
						<SP ID="P65_SP00515" HPOS="2139" VPOS="2249" WIDTH="47"/>
						<String ID="P65_ST00604" HPOS="2186" VPOS="2197" WIDTH="153" HEIGHT="39" CONTENT="fascino" WC="0.98" CC="0450365"/>
					</TextLine>
					<TextLine ID="P65_TL00088" HPOS="1301" VPOS="2256" WIDTH="1039" HEIGHT="54">
						<String ID="P65_ST00605" HPOS="1301" VPOS="2270" WIDTH="110" HEIGHT="30" CONTENT="tutto" WC="0.98" CC="75000"/>
						<SP ID="P65_SP00516" HPOS="1411" VPOS="2300" WIDTH="31"/>
						<String ID="P65_ST00606" HPOS="1442" VPOS="2261" WIDTH="244" HEIGHT="49" CONTENT="particolare" WC="1.00" CC="00004002603"/>
						<SP ID="P65_SP00517" HPOS="1686" VPOS="2310" WIDTH="28"/>
						<String ID="P65_ST00607" HPOS="1714" VPOS="2259" WIDTH="275" HEIGHT="39" CONTENT="determinato" WC="0.99" CC="10017049000"/>
						<SP ID="P65_SP00518" HPOS="1989" VPOS="2310" WIDTH="22"/>
						<String ID="P65_ST00608" HPOS="2011" VPOS="2258" WIDTH="108" HEIGHT="37" CONTENT="dalla" WC="1.00" CC="00000"/>
						<SP ID="P65_SP00519" HPOS="2119" VPOS="2310" WIDTH="23"/>
						<String ID="P65_ST00609" HPOS="2142" VPOS="2256" WIDTH="198" HEIGHT="38" CONTENT="continua" WC="0.99" CC="00803740"/>
					</TextLine>
					<TextLine ID="P65_TL00089" HPOS="1301" VPOS="2316" WIDTH="1039" HEIGHT="52">
						<String ID="P65_ST00610" HPOS="1301" VPOS="2321" WIDTH="111" HEIGHT="37" CONTENT="onda" WC="0.99" CC="0500"/>
						<SP ID="P65_SP00520" HPOS="1412" VPOS="2358" WIDTH="44"/>
						<String ID="P65_ST00611" HPOS="1456" VPOS="2320" WIDTH="107" HEIGHT="37" CONTENT="della" WC="0.99" CC="00060"/>
						<SP ID="P65_SP00521" HPOS="1563" VPOS="2358" WIDTH="46"/>
						<String ID="P65_ST00612" HPOS="1609" VPOS="2318" WIDTH="277" HEIGHT="50" CONTENT="inspirazione" WC="0.99" CC="080020064080"/>
						<SP ID="P65_SP00522" HPOS="1886" VPOS="2368" WIDTH="42"/>
						<String ID="P65_ST00613" HPOS="1928" VPOS="2331" WIDTH="22" HEIGHT="23" CONTENT="e" WC="1.00" CC="0"/>
						<SP ID="P65_SP00523" HPOS="1950" VPOS="2368" WIDTH="37"/>
						<String ID="P65_ST00614" HPOS="1987" VPOS="2316" WIDTH="106" HEIGHT="37" CONTENT="dalla" WC="0.99" CC="00360"/>
						<SP ID="P65_SP00524" HPOS="2093" VPOS="2368" WIDTH="45"/>
						<String ID="P65_ST00615" HPOS="2138" VPOS="2321" WIDTH="202" HEIGHT="31" CONTENT="struttura" WC="0.99" CC="054000850"/>
					</TextLine>
					<TextLine ID="P65_TL00090" HPOS="1301" VPOS="2372" WIDTH="1038" HEIGHT="56">
						<String ID="P65_ST00616" HPOS="1301" VPOS="2378" WIDTH="328" HEIGHT="50" CONTENT="originalissima" WC="0.99" CC="05793700005400"/>
						<SP ID="P65_SP00525" HPOS="1629" VPOS="2428" WIDTH="22"/>
						<String ID="P65_ST00617" HPOS="1651" VPOS="2377" WIDTH="108" HEIGHT="38" CONTENT="delle" WC="0.97" CC="09540"/>
						<SP ID="P65_SP00526" HPOS="1759" VPOS="2428" WIDTH="31"/>
						<String ID="P65_ST00618" HPOS="1790" VPOS="2375" WIDTH="130" HEIGHT="38" CONTENT="strofe" WC="0.99" CC="007051"/>
						<SP ID="P65_SP00527" HPOS="1920" VPOS="2428" WIDTH="28"/>
						<String ID="P65_ST00619" HPOS="1948" VPOS="2375" WIDTH="105" HEIGHT="36" CONTENT="nelle" WC="0.99" CC="22111"/>
						<SP ID="P65_SP00528" HPOS="2053" VPOS="2428" WIDTH="23"/>
						<String ID="P65_ST00620" HPOS="2076" VPOS="2372" WIDTH="111" HEIGHT="50" CONTENT="quali" WC="0.98" CC="07044"/>
						<SP ID="P65_SP00529" HPOS="2187" VPOS="2428" WIDTH="22"/>
						<String ID="P65_ST00621" HPOS="2209" VPOS="2372" WIDTH="112" HEIGHT="38" CONTENT="l'ales" SUBS_TYPE="HypPart1" SUBS_CONTENT="l'alessandrino" WC="0.99" CC="340500"/>
						<HYP HPOS="2321" VPOS="2372" WIDTH="18" CONTENT="-"/>
					</TextLine>
					<TextLine ID="P65_TL00091" HPOS="1302" VPOS="2429" WIDTH="1038" HEIGHT="46">
						<String ID="P65_ST00622" HPOS="1302" VPOS="2437" WIDTH="199" HEIGHT="38" CONTENT="sandrino" SUBS_TYPE="HypPart2" SUBS_CONTENT="l'alessandrino" WC="0.99" CC="00700064"/>
						<SP ID="P65_SP00530" HPOS="1501" VPOS="2475" WIDTH="31"/>
						<String ID="P65_ST00623" HPOS="1532" VPOS="2439" WIDTH="22" HEIGHT="35" CONTENT="è" WC="0.59" CC="4"/>
						<SP ID="P65_SP00531" HPOS="1554" VPOS="2475" WIDTH="31"/>
						<String ID="P65_ST00624" HPOS="1585" VPOS="2436" WIDTH="84" HEIGHT="36" CONTENT="così" WC="0.97" CC="6006"/>
						<SP ID="P65_SP00532" HPOS="1669" VPOS="2475" WIDTH="32"/>
						<String ID="P65_ST00625" HPOS="1701" VPOS="2434" WIDTH="222" HEIGHT="38" CONTENT="abilmente" WC="0.99" CC="004470700"/>
						<SP ID="P65_SP00533" HPOS="1923" VPOS="2475" WIDTH="38"/>
						<String ID="P65_ST00626" HPOS="1961" VPOS="2430" WIDTH="236" HEIGHT="39" CONTENT="combinato" WC="0.99" CC="019008000"/>
						<SP ID="P65_SP00534" HPOS="2197" VPOS="2475" WIDTH="33"/>
						<String ID="P65_ST00627" HPOS="2230" VPOS="2444" WIDTH="21" HEIGHT="23" CONTENT="e" WC="0.53" CC="4"/>
						<SP ID="P65_SP00535" HPOS="2251" VPOS="2475" WIDTH="38"/>
						<String ID="P65_ST00628" HPOS="2289" VPOS="2429" WIDTH="34" HEIGHT="38" CONTENT="ri" SUBS_TYPE="HypPart1" SUBS_CONTENT="rifratto" WC="0.97" CC="33"/>
						<HYP HPOS="2323" VPOS="2429" WIDTH="17" CONTENT="-"/>
					</TextLine>
					<TextLine ID="P65_TL00092" HPOS="1302" VPOS="2488" WIDTH="1040" HEIGHT="54">
						<String ID="P65_ST00629" HPOS="1302" VPOS="2495" WIDTH="125" HEIGHT="38" CONTENT="fratto" SUBS_TYPE="HypPart2" SUBS_CONTENT="rifratto" WC="1.00" CC="000000"/>
						<SP ID="P65_SP00536" HPOS="1427" VPOS="2533" WIDTH="23"/>
						<String ID="P65_ST00630" HPOS="1450" VPOS="2495" WIDTH="53" HEIGHT="37" CONTENT="da" WC="0.69" CC="06"/>
						<SP ID="P65_SP00537" HPOS="1503" VPOS="2533" WIDTH="16"/>
						<String ID="P65_ST00631" HPOS="1519" VPOS="2493" WIDTH="189" HEIGHT="49" CONTENT="apparire" WC="1.00" CC="00006400"/>
						<SP ID="P65_SP00538" HPOS="1708" VPOS="2542" WIDTH="30"/>
						<String ID="P65_ST00632" HPOS="1738" VPOS="2493" WIDTH="38" HEIGHT="37" CONTENT="la" WC="1.00" CC="00"/>
						<SP ID="P65_SP00539" HPOS="1776" VPOS="2542" WIDTH="21"/>
						<String ID="P65_ST00633" HPOS="1797" VPOS="2491" WIDTH="68" HEIGHT="50" CONTENT="più" WC="0.97" CC="026"/>
						<SP ID="P65_SP00540" HPOS="1865" VPOS="2542" WIDTH="33"/>
						<String ID="P65_ST00634" HPOS="1898" VPOS="2491" WIDTH="128" HEIGHT="37" CONTENT="libera" WC="0.99" CC="500100"/>
						<SP ID="P65_SP00541" HPOS="2026" VPOS="2542" WIDTH="31"/>
						<String ID="P65_ST00635" HPOS="2057" VPOS="2488" WIDTH="106" HEIGHT="38" CONTENT="delle" WC="0.98" CC="00640"/>
						<SP ID="P65_SP00542" HPOS="2163" VPOS="2542" WIDTH="29"/>
						<String ID="P65_ST00636" HPOS="2192" VPOS="2488" WIDTH="150" HEIGHT="38" CONTENT="misure" WC="1.00" CC="030020"/>
					</TextLine>
					<TextLine ID="P65_TL00093" HPOS="1301" VPOS="2549" WIDTH="738" HEIGHT="50">
						<String ID="P65_ST00637" HPOS="1301" VPOS="2553" WIDTH="143" HEIGHT="45" CONTENT="libere," WC="1.00" CC="2200020"/>
						<SP ID="P65_SP00543" HPOS="1444" VPOS="2598" WIDTH="34"/>
						<String ID="P65_ST00638" HPOS="1478" VPOS="2553" WIDTH="37" HEIGHT="36" CONTENT="la" WC="0.78" CC="40"/>
						<SP ID="P65_SP00544" HPOS="1515" VPOS="2598" WIDTH="33"/>
						<String ID="P65_ST00639" HPOS="1548" VPOS="2559" WIDTH="128" HEIGHT="30" CONTENT="stessa" WC="0.99" CC="005060"/>
						<SP ID="P65_SP00545" HPOS="1676" VPOS="2598" WIDTH="33"/>
						<String ID="P65_ST00640" HPOS="1709" VPOS="2564" WIDTH="122" HEIGHT="35" CONTENT="prosa" WC="1.00" CC="00000"/>
						<SP ID="P65_SP00546" HPOS="1831" VPOS="2599" WIDTH="31"/>
						<String ID="P65_ST00641" HPOS="1862" VPOS="2549" WIDTH="177" HEIGHT="38" CONTENT="ritmata." WC="1.00" CC="01206000"/>
					</TextLine>
					<TextLine ID="P65_TL00094" HPOS="1363" VPOS="2603" WIDTH="980" HEIGHT="57">
						<String ID="P65_ST00642" HPOS="1363" VPOS="2612" WIDTH="159" HEIGHT="48" CONTENT="Questo" WC="0.99" CC="650000"/>
						<SP ID="P65_SP00547" HPOS="1522" VPOS="2660" WIDTH="49"/>
						<String ID="P65_ST00643" HPOS="1571" VPOS="2622" WIDTH="142" HEIGHT="24" CONTENT="nuovo" WC="0.98" CC="89000"/>
						<SP ID="P65_SP00548" HPOS="1713" VPOS="2660" WIDTH="44"/>
						<String ID="P65_ST00644" HPOS="1757" VPOS="2609" WIDTH="166" HEIGHT="37" CONTENT="volume" WC="0.99" CC="006404"/>
						<SP ID="P65_SP00549" HPOS="1923" VPOS="2660" WIDTH="41"/>
						<String ID="P65_ST00645" HPOS="1964" VPOS="2606" WIDTH="53" HEIGHT="37" CONTENT="ha" WC="0.69" CC="60"/>
						<SP ID="P65_SP00550" HPOS="2017" VPOS="2660" WIDTH="38"/>
						<String ID="P65_ST00646" HPOS="2055" VPOS="2617" WIDTH="55" HEIGHT="24" CONTENT="un" WC="0.47" CC="37"/>
						<SP ID="P65_SP00551" HPOS="2110" VPOS="2660" WIDTH="37"/>
						<String ID="P65_ST00647" HPOS="2147" VPOS="2603" WIDTH="196" HEIGHT="38" CONTENT="interesse" WC="0.99" CC="330041042"/>
					</TextLine>
					<TextLine ID="P65_TL00095" HPOS="1303" VPOS="2662" WIDTH="1040" HEIGHT="57">
						<String ID="P65_ST00648" HPOS="1303" VPOS="2669" WIDTH="177" HEIGHT="50" CONTENT="speciale" WC="0.99" CC="00300054"/>
						<SP ID="P65_SP00552" HPOS="1480" VPOS="2719" WIDTH="47"/>
						<String ID="P65_ST00649" HPOS="1527" VPOS="2666" WIDTH="151" HEIGHT="50" CONTENT="perchè" WC="0.99" CC="020152"/>
						<SP ID="P65_SP00553" HPOS="1678" VPOS="2719" WIDTH="45"/>
						<String ID="P65_ST00650" HPOS="1723" VPOS="2665" WIDTH="316" HEIGHT="49" CONTENT="l'inspirazione" WC="1.00" CC="34050080000020"/>
						<SP ID="P65_SP00554" HPOS="2039" VPOS="2719" WIDTH="28"/>
						<String ID="P65_ST00651" HPOS="2067" VPOS="2662" WIDTH="64" HEIGHT="38" CONTENT="del" WC="0.98" CC="005"/>
						<SP ID="P65_SP00555" HPOS="2131" VPOS="2719" WIDTH="34"/>
						<String ID="P65_ST00652" HPOS="2165" VPOS="2662" WIDTH="125" HEIGHT="37" CONTENT="Poeta" WC="0.99" CC="00420"/>
						<SP ID="P65_SP00556" HPOS="2290" VPOS="2719" WIDTH="31"/>
						<String ID="P65_ST00653" HPOS="2321" VPOS="2663" WIDTH="22" HEIGHT="35" CONTENT="è" WC="0.52" CC="4"/>
					</TextLine>
					<TextLine ID="P65_TL00096" HPOS="1303" VPOS="2719" WIDTH="1041" HEIGHT="54">
						<String ID="P65_ST00654" HPOS="1303" VPOS="2725" WIDTH="253" HEIGHT="40" CONTENT="circoscritta" WC="1.00" CC="000008000000"/>
						<SP ID="P65_SP00557" HPOS="1556" VPOS="2765" WIDTH="22"/>
						<String ID="P65_ST00655" HPOS="1578" VPOS="2739" WIDTH="23" HEIGHT="24" CONTENT="a" WC="1.00" CC="0"/>
						<SP ID="P65_SP00558" HPOS="1601" VPOS="2765" WIDTH="21"/>
						<String ID="P65_ST00656" HPOS="1622" VPOS="2738" WIDTH="55" HEIGHT="25" CONTENT="un" WC="0.77" CC="04"/>
						<SP ID="P65_SP00559" HPOS="1677" VPOS="2765" WIDTH="31"/>
						<String ID="P65_ST00657" HPOS="1708" VPOS="2724" WIDTH="228" HEIGHT="49" CONTENT="paesaggio" WC="1.00" CC="013000060"/>
						<SP ID="P65_SP00560" HPOS="1936" VPOS="2773" WIDTH="33"/>
						<String ID="P65_ST00658" HPOS="1969" VPOS="2721" WIDTH="60" HEIGHT="38" CONTENT="fra" WC="1.00" CC="000"/>
						<SP ID="P65_SP00561" HPOS="2029" VPOS="2773" WIDTH="32"/>
						<String ID="P65_ST00659" HPOS="2061" VPOS="2721" WIDTH="11" HEIGHT="37" CONTENT="i" WC="0.67" CC="3"/>
						<SP ID="P65_SP00562" HPOS="2072" VPOS="2773" WIDTH="30"/>
						<String ID="P65_ST00660" HPOS="2102" VPOS="2719" WIDTH="71" HEIGHT="51" CONTENT="più" WC="0.95" CC="066"/>
						<SP ID="P65_SP00563" HPOS="2173" VPOS="2773" WIDTH="32"/>
						<String ID="P65_ST00661" HPOS="2205" VPOS="2719" WIDTH="84" HEIGHT="38" CONTENT="cari" WC="0.98" CC="0053"/>
						<SP ID="P65_SP00564" HPOS="2289" VPOS="2773" WIDTH="32"/>
						<String ID="P65_ST00662" HPOS="2321" VPOS="2731" WIDTH="23" HEIGHT="25" CONTENT="a" WC="0.51" CC="4"/>
					</TextLine>
					<TextLine ID="P65_TL00097" HPOS="1304" VPOS="2776" WIDTH="1040" HEIGHT="50">
						<String ID="P65_ST00663" HPOS="1304" VPOS="2785" WIDTH="141" HEIGHT="39" CONTENT="coloro" WC="0.99" CC="040001"/>
						<SP ID="P65_SP00565" HPOS="1445" VPOS="2824" WIDTH="43"/>
						<String ID="P65_ST00664" HPOS="1488" VPOS="2784" WIDTH="76" HEIGHT="38" CONTENT="che" WC="0.98" CC="050"/>
						<SP ID="P65_SP00566" HPOS="1564" VPOS="2824" WIDTH="32"/>
						<String ID="P65_ST00665" HPOS="1596" VPOS="2796" WIDTH="149" HEIGHT="24" CONTENT="amano" WC="0.99" CC="00080"/>
						<SP ID="P65_SP00567" HPOS="1745" VPOS="2824" WIDTH="31"/>
						<String ID="P65_ST00666" HPOS="1776" VPOS="2783" WIDTH="38" HEIGHT="37" CONTENT="la" WC="0.78" CC="40"/>
						<SP ID="P65_SP00568" HPOS="1814" VPOS="2824" WIDTH="31"/>
						<String ID="P65_ST00667" HPOS="1845" VPOS="2789" WIDTH="110" HEIGHT="30" CONTENT="terra" WC="0.99" CC="02500"/>
						<SP ID="P65_SP00569" HPOS="1955" VPOS="2824" WIDTH="32"/>
						<String ID="P65_ST00668" HPOS="1987" VPOS="2780" WIDTH="183" HEIGHT="38" CONTENT="francese" WC="0.99" CC="07080126"/>
						<SP ID="P65_SP00570" HPOS="2170" VPOS="2824" WIDTH="33"/>
						<String ID="P65_ST00669" HPOS="2203" VPOS="2791" WIDTH="73" HEIGHT="35" CONTENT="per" WC="1.00" CC="000"/>
						<SP ID="P65_SP00571" HPOS="2276" VPOS="2826" WIDTH="30"/>
						<String ID="P65_ST00670" HPOS="2306" VPOS="2776" WIDTH="38" HEIGHT="37" CONTENT="le" WC="0.82" CC="20"/>
					</TextLine>
					<TextLine ID="P65_TL00098" HPOS="1305" VPOS="2835" WIDTH="1040" HEIGHT="46">
						<String ID="P65_ST00671" HPOS="1305" VPOS="2857" WIDTH="71" HEIGHT="24" CONTENT="sue" WC="0.97" CC="044"/>
						<SP ID="P65_SP00572" HPOS="1376" VPOS="2881" WIDTH="33"/>
						<String ID="P65_ST00672" HPOS="1409" VPOS="2841" WIDTH="198" HEIGHT="40" CONTENT="memorie" WC="0.99" CC="0002050"/>
						<SP ID="P65_SP00573" HPOS="1607" VPOS="2881" WIDTH="30"/>
						<String ID="P65_ST00673" HPOS="1637" VPOS="2840" WIDTH="179" HEIGHT="39" CONTENT="storiche" WC="0.99" CC="00014061"/>
						<SP ID="P65_SP00574" HPOS="1816" VPOS="2881" WIDTH="32"/>
						<String ID="P65_ST00674" HPOS="1848" VPOS="2853" WIDTH="21" HEIGHT="24" CONTENT="e" WC="0.87" CC="1"/>
						<SP ID="P65_SP00575" HPOS="1869" VPOS="2881" WIDTH="31"/>
						<String ID="P65_ST00675" HPOS="1900" VPOS="2839" WIDTH="38" HEIGHT="38" CONTENT="le" WC="0.77" CC="40"/>
						<SP ID="P65_SP00576" HPOS="1938" VPOS="2881" WIDTH="31"/>
						<String ID="P65_ST00676" HPOS="1969" VPOS="2851" WIDTH="73" HEIGHT="25" CONTENT="sue" WC="0.99" CC="020"/>
						<SP ID="P65_SP00577" HPOS="2042" VPOS="2881" WIDTH="30"/>
						<String ID="P65_ST00677" HPOS="2072" VPOS="2835" WIDTH="176" HEIGHT="39" CONTENT="bellezze" WC="1.00" CC="00500011"/>
						<SP ID="P65_SP00578" HPOS="2248" VPOS="2881" WIDTH="31"/>
						<String ID="P65_ST00678" HPOS="2279" VPOS="2848" WIDTH="44" HEIGHT="24" CONTENT="na" SUBS_TYPE="HypPart1" SUBS_CONTENT="naturali." WC="0.96" CC="60"/>
						<HYP HPOS="2323" VPOS="2848" WIDTH="22" CONTENT="-"/>
					</TextLine>
					<TextLine ID="P65_TL00099" HPOS="1305" VPOS="2893" WIDTH="1040" HEIGHT="54">
						<String ID="P65_ST00679" HPOS="1305" VPOS="2901" WIDTH="134" HEIGHT="39" CONTENT="turali." SUBS_TYPE="HypPart2" SUBS_CONTENT="naturali." WC="0.99" CC="0600403"/>
						<SP ID="P65_SP00579" HPOS="1439" VPOS="2940" WIDTH="35"/>
						<String ID="P65_ST00680" HPOS="1474" VPOS="2895" WIDTH="414" HEIGHT="52" CONTENT="Coucy-le-Chàteau," WC="0.68" CC="05206366306700050"/>
						<SP ID="P65_SP00580" HPOS="1888" VPOS="2947" WIDTH="31"/>
						<String ID="P65_ST00681" HPOS="1919" VPOS="2895" WIDTH="148" HEIGHT="45" CONTENT="Senlis," WC="0.77" CC="0053203"/>
						<SP ID="P65_SP00581" HPOS="2067" VPOS="2947" WIDTH="24"/>
						<String ID="P65_ST00682" HPOS="2091" VPOS="2893" WIDTH="119" HEIGHT="40" CONTENT="Saint" WC="0.99" CC="00250"/>
						<SP ID="P65_SP00582" HPOS="2210" VPOS="2947" WIDTH="17"/>
						<String ID="P65_ST00683" HPOS="2227" VPOS="2895" WIDTH="95" HEIGHT="48" CONTENT="Jean" SUBS_TYPE="HypPart1" SUBS_CONTENT="Jeanaux" WC="0.46" CC="6195"/>
						<HYP HPOS="2322" VPOS="2895" WIDTH="23" CONTENT="-"/>
					</TextLine>
					<TextLine ID="P65_TL00100" HPOS="1304" VPOS="2952" WIDTH="1042" HEIGHT="53">
						<String ID="P65_ST00684" HPOS="1304" VPOS="2973" WIDTH="81" HEIGHT="25" CONTENT="aux" SUBS_TYPE="HypPart2" SUBS_CONTENT="Jeanaux" WC="0.93" CC="010"/>
						<SP ID="P65_SP00583" HPOS="1385" VPOS="2998" WIDTH="39"/>
						<String ID="P65_ST00685" HPOS="1424" VPOS="2959" WIDTH="112" HEIGHT="45" CONTENT="Bois," WC="0.61" CC="09422"/>
						<SP ID="P65_SP00584" HPOS="1536" VPOS="3004" WIDTH="33"/>
						<String ID="P65_ST00686" HPOS="1569" VPOS="2958" WIDTH="197" HEIGHT="45" CONTENT="Gonesse," WC="0.79" CC="07700000"/>
						<SP ID="P65_SP00585" HPOS="1766" VPOS="3004" WIDTH="35"/>
						<String ID="P65_ST00687" HPOS="1801" VPOS="2954" WIDTH="403" HEIGHT="51" CONTENT="Roisy-en-France," WC="0.76" CC="2060660340007000" STYLEREFS="TXT_3"/>
						<SP ID="P65_SP00586" HPOS="2204" VPOS="3005" WIDTH="18"/>
						<String ID="P65_ST00688" HPOS="2222" VPOS="2952" WIDTH="100" HEIGHT="49" CONTENT="Jouy" SUBS_TYPE="HypPart1" SUBS_CONTENT="Jouyen-Josas" WC="0.61" CC="3056"/>
						<HYP HPOS="2322" VPOS="2952" WIDTH="24" CONTENT="-"/>
					</TextLine>
					<TextLine ID="P65_TL00101" HPOS="1306" VPOS="3009" WIDTH="1040" HEIGHT="58">
						<String ID="P65_ST00689" HPOS="1306" VPOS="3018" WIDTH="194" HEIGHT="49" CONTENT="en-Josas" SUBS_TYPE="HypPart2" SUBS_CONTENT="Jouyen-Josas" WC="0.69" CC="24436301"/>
						<SP ID="P65_SP00587" HPOS="1500" VPOS="3067" WIDTH="17"/>
						<String ID="P65_ST00690" HPOS="1517" VPOS="3029" WIDTH="101" HEIGHT="25" CONTENT="sono" WC="0.97" CC="2380"/>
						<SP ID="P65_SP00588" HPOS="1618" VPOS="3067" WIDTH="18"/>
						<String ID="P65_ST00691" HPOS="1636" VPOS="3014" WIDTH="227" HEIGHT="39" CONTENT="altrettanti" WC="1.00" CC="00000000116"/>
						<SP ID="P65_SP00589" HPOS="1863" VPOS="3067" WIDTH="23"/>
						<String ID="P65_ST00692" HPOS="1886" VPOS="3012" WIDTH="145" HEIGHT="50" CONTENT="luoghi" WC="0.98" CC="187002"/>
						<SP ID="P65_SP00590" HPOS="2031" VPOS="3067" WIDTH="17"/>
						<String ID="P65_ST00693" HPOS="2048" VPOS="3011" WIDTH="75" HEIGHT="39" CONTENT="che" WC="1.00" CC="000"/>
						<SP ID="P65_SP00591" HPOS="2123" VPOS="3067" WIDTH="22"/>
						<String ID="P65_ST00694" HPOS="2145" VPOS="3010" WIDTH="39" HEIGHT="38" CONTENT="la" WC="0.77" CC="40"/>
						<SP ID="P65_SP00592" HPOS="2184" VPOS="3067" WIDTH="22"/>
						<String ID="P65_ST00695" HPOS="2206" VPOS="3009" WIDTH="140" HEIGHT="50" CONTENT="poesia" WC="1.00" CC="000020"/>
					</TextLine>
					<TextLine ID="P65_TL00102" HPOS="1307" VPOS="3065" WIDTH="1040" HEIGHT="58">
						<String ID="P65_ST00696" HPOS="1307" VPOS="3078" WIDTH="42" HEIGHT="36" CONTENT="di" WC="0.81" CC="03"/>
						<SP ID="P65_SP00593" HPOS="1349" VPOS="3114" WIDTH="36"/>
						<String ID="P65_ST00697" HPOS="1385" VPOS="3075" WIDTH="99" HEIGHT="37" CONTENT="Paul" WC="0.98" CC="0061"/>
						<SP ID="P65_SP00594" HPOS="1484" VPOS="3114" WIDTH="33"/>
						<String ID="P65_ST00698" HPOS="1517" VPOS="3076" WIDTH="100" HEIGHT="36" CONTENT="Fort" WC="0.99" CC="0050"/>
						<SP ID="P65_SP00595" HPOS="1617" VPOS="3114" WIDTH="31"/>
						<String ID="P65_ST00699" HPOS="1648" VPOS="3073" WIDTH="187" HEIGHT="50" CONTENT="disegna," WC="0.99" CC="02110700"/>
						<SP ID="P65_SP00596" HPOS="1835" VPOS="3123" WIDTH="43"/>
						<String ID="P65_ST00700" HPOS="1878" VPOS="3071" WIDTH="153" HEIGHT="44" CONTENT="colora," WC="0.99" CC="0940000"/>
						<SP ID="P65_SP00597" HPOS="2031" VPOS="3123" WIDTH="38"/>
						<String ID="P65_ST00701" HPOS="2069" VPOS="3068" WIDTH="181" HEIGHT="39" CONTENT="sviscera" WC="0.99" CC="00421003"/>
						<SP ID="P65_SP00598" HPOS="2250" VPOS="3123" WIDTH="45"/>
						<String ID="P65_ST00702" HPOS="2295" VPOS="3065" WIDTH="52" HEIGHT="39" CONTENT="ed" WC="1.00" CC="00"/>
					</TextLine>
					<TextLine ID="P65_TL00103" HPOS="1306" VPOS="3126" WIDTH="1041" HEIGHT="47">
						<String ID="P65_ST00703" HPOS="1306" VPOS="3133" WIDTH="128" HEIGHT="40" CONTENT="esalta" WC="0.99" CC="508100"/>
						<SP ID="P65_SP00599" HPOS="1434" VPOS="3173" WIDTH="44"/>
						<String ID="P65_ST00704" HPOS="1478" VPOS="3145" WIDTH="77" HEIGHT="25" CONTENT="con" WC="0.94" CC="068"/>
						<SP ID="P65_SP00600" HPOS="1555" VPOS="3173" WIDTH="47"/>
						<String ID="P65_ST00705" HPOS="1602" VPOS="3139" WIDTH="105" HEIGHT="31" CONTENT="tutte" WC="1.00" CC="10000"/>
						<SP ID="P65_SP00601" HPOS="1707" VPOS="3173" WIDTH="31"/>
						<String ID="P65_ST00706" HPOS="1738" VPOS="3131" WIDTH="36" HEIGHT="37" CONTENT="le" WC="0.83" CC="30"/>
						<SP ID="P65_SP00602" HPOS="1774" VPOS="3173" WIDTH="32"/>
						<String ID="P65_ST00707" HPOS="1806" VPOS="3130" WIDTH="150" HEIGHT="37" CONTENT="risorse" WC="1.00" CC="0060010"/>
						<SP ID="P65_SP00603" HPOS="1956" VPOS="3173" WIDTH="42"/>
						<String ID="P65_ST00708" HPOS="1998" VPOS="3126" WIDTH="106" HEIGHT="40" CONTENT="della" WC="0.99" CC="00050"/>
						<SP ID="P65_SP00604" HPOS="2104" VPOS="3173" WIDTH="40"/>
						<String ID="P65_ST00709" HPOS="2144" VPOS="3139" WIDTH="74" HEIGHT="26" CONTENT="sua" WC="0.99" CC="030"/>
						<SP ID="P65_SP00605" HPOS="2218" VPOS="3173" WIDTH="41"/>
						<String ID="P65_ST00710" HPOS="2259" VPOS="3132" WIDTH="88" HEIGHT="31" CONTENT="arte" WC="0.99" CC="0003"/>
					</TextLine>
					<TextLine ID="P65_TL00104" HPOS="1306" VPOS="3184" WIDTH="1039" HEIGHT="52">
						<String ID="P65_ST00711" HPOS="1306" VPOS="3193" WIDTH="99" HEIGHT="38" CONTENT="fatta" WC="1.00" CC="00000"/>
						<SP ID="P65_SP00606" HPOS="1405" VPOS="3231" WIDTH="46"/>
						<String ID="P65_ST00712" HPOS="1451" VPOS="3190" WIDTH="40" HEIGHT="38" CONTENT="di" WC="0.72" CC="05"/>
						<SP ID="P65_SP00607" HPOS="1491" VPOS="3231" WIDTH="47"/>
						<String ID="P65_ST00713" HPOS="1538" VPOS="3189" WIDTH="358" HEIGHT="47" CONTENT="contemplazione" WC="0.99" CC="00400052173074"/>
						<SP ID="P65_SP00608" HPOS="1896" VPOS="3236" WIDTH="33"/>
						<String ID="P65_ST00714" HPOS="1929" VPOS="3200" WIDTH="21" HEIGHT="26" CONTENT="e" WC="1.00" CC="0"/>
						<SP ID="P65_SP00609" HPOS="1950" VPOS="3236" WIDTH="32"/>
						<String ID="P65_ST00715" HPOS="1982" VPOS="3186" WIDTH="41" HEIGHT="38" CONTENT="di" WC="0.89" CC="02"/>
						<SP ID="P65_SP00610" HPOS="2023" VPOS="3236" WIDTH="38"/>
						<String ID="P65_ST00716" HPOS="2061" VPOS="3184" WIDTH="284" HEIGHT="39" CONTENT="commozione" WC="1.00" CC="0000007050"/>
					</TextLine>
					<TextLine ID="P65_TL00105" HPOS="1307" VPOS="3248" WIDTH="579" HEIGHT="54">
						<String ID="P65_ST00717" HPOS="1307" VPOS="3250" WIDTH="322" HEIGHT="52" CONTENT="squisitamente" WC="1.00" CC="0045230000400"/>
						<SP ID="P65_SP00611" HPOS="1629" VPOS="3302" WIDTH="31"/>
						<String ID="P65_ST00718" HPOS="1660" VPOS="3248" WIDTH="226" HEIGHT="49" CONTENT="disposate." WC="1.00" CC="0300001403"/>
					</TextLine>
					<TextLine ID="P65_TL00106" HPOS="1392" VPOS="3336" WIDTH="957" HEIGHT="36">
						<String ID="P65_ST00719" HPOS="1392" VPOS="3344" WIDTH="48" HEIGHT="28" CONTENT="La" WC="1.00" CC="00" STYLEREFS="TXT_4"/>
						<SP ID="P65_SP00612" HPOS="1440" VPOS="3372" WIDTH="23"/>
						<String ID="P65_ST00720" HPOS="1463" VPOS="3344" WIDTH="84" HEIGHT="28" CONTENT="lune" WC="0.97" CC="1460" STYLEREFS="TXT_4"/>
						<SP ID="P65_SP00613" HPOS="1547" VPOS="3372" WIDTH="22"/>
						<String ID="P65_ST00721" HPOS="1569" VPOS="3351" WIDTH="37" HEIGHT="20" CONTENT="se" WC="1.00" CC="00" STYLEREFS="TXT_4"/>
						<SP ID="P65_SP00614" HPOS="1606" VPOS="3372" WIDTH="24"/>
						<String ID="P65_ST00722" HPOS="1630" VPOS="3341" WIDTH="77" HEIGHT="30" CONTENT="lève" WC="0.98" CC="1600" STYLEREFS="TXT_4"/>
						<SP ID="P65_SP00615" HPOS="1707" VPOS="3372" WIDTH="28"/>
						<String ID="P65_ST00723" HPOS="1735" VPOS="3349" WIDTH="61" HEIGHT="21" CONTENT="sur" WC="0.96" CC="440" STYLEREFS="TXT_4"/>
						<SP ID="P65_SP00616" HPOS="1796" VPOS="3372" WIDTH="22"/>
						<String ID="P65_ST00724" HPOS="1818" VPOS="3340" WIDTH="50" HEIGHT="28" CONTENT="les" WC="0.94" CC="100" STYLEREFS="TXT_4"/>
						<SP ID="P65_SP00617" HPOS="1868" VPOS="3372" WIDTH="23"/>
						<String ID="P65_ST00725" HPOS="1891" VPOS="3339" WIDTH="181" HEIGHT="29" CONTENT="chaumes." WC="0.74" CC="07005043" STYLEREFS="TXT_4"/>
						<SP ID="P65_SP00618" HPOS="2072" VPOS="3372" WIDTH="24"/>
						<String ID="P65_ST00726" HPOS="2096" VPOS="3336" WIDTH="230" HEIGHT="30" CONTENT="Surleschau" SUBS_TYPE="HypPart1" SUBS_CONTENT="Surleschaumes" WC="0.89" CC="0000011500" STYLEREFS="TXT_4"/>
						<HYP HPOS="2326" VPOS="3336" WIDTH="23" CONTENT="-"/>
					</TextLine>
					<TextLine ID="P65_TL00107" HPOS="1309" VPOS="3377" WIDTH="1040" HEIGHT="42">
						<String ID="P65_ST00727" HPOS="1309" VPOS="3393" WIDTH="74" HEIGHT="20" CONTENT="mes" SUBS_TYPE="HypPart2" SUBS_CONTENT="Surleschaumes" WC="0.52" CC="706" STYLEREFS="TXT_4"/>
						<SP ID="P65_SP00619" HPOS="1383" VPOS="3413" WIDTH="25"/>
						<String ID="P65_ST00728" HPOS="1408" VPOS="3384" WIDTH="32" HEIGHT="29" CONTENT="le" WC="0.98" CC="00" STYLEREFS="TXT_4"/>
						<SP ID="P65_SP00620" HPOS="1440" VPOS="3413" WIDTH="24"/>
						<String ID="P65_ST00729" HPOS="1464" VPOS="3384" WIDTH="98" HEIGHT="28" CONTENT="soleil" WC="0.50" CC="855046" STYLEREFS="TXT_4"/>
						<SP ID="P65_SP00621" HPOS="1562" VPOS="3413" WIDTH="27"/>
						<String ID="P65_ST00730" HPOS="1589" VPOS="3392" WIDTH="36" HEIGHT="19" CONTENT="se" WC="0.64" CC="70" STYLEREFS="TXT_4"/>
						<SP ID="P65_SP00622" HPOS="1625" VPOS="3413" WIDTH="25"/>
						<String ID="P65_ST00731" HPOS="1650" VPOS="3391" WIDTH="97" HEIGHT="28" CONTENT="pose." WC="0.98" CC="42004" STYLEREFS="TXT_4"/>
						<SP ID="P65_SP00623" HPOS="1747" VPOS="3419" WIDTH="35"/>
						<String ID="P65_ST00732" HPOS="1782" VPOS="3382" WIDTH="99" HEIGHT="27" CONTENT="Lune" WC="0.95" CC="6673" STYLEREFS="TXT_4"/>
						<SP ID="P65_SP00624" HPOS="1881" VPOS="3419" WIDTH="26"/>
						<String ID="P65_ST00733" HPOS="1907" VPOS="3384" WIDTH="35" HEIGHT="24" CONTENT="et" WC="0.81" CC="03" STYLEREFS="TXT_4"/>
						<SP ID="P65_SP00625" HPOS="1942" VPOS="3419" WIDTH="22"/>
						<String ID="P65_ST00734" HPOS="1964" VPOS="3379" WIDTH="103" HEIGHT="29" CONTENT="soleil" WC="0.76" CC="058000" STYLEREFS="TXT_4"/>
						<SP ID="P65_SP00626" HPOS="2067" VPOS="3419" WIDTH="31"/>
						<String ID="P65_ST00735" HPOS="2098" VPOS="3381" WIDTH="80" HEIGHT="26" CONTENT="sont" WC="0.69" CC="1550" STYLEREFS="TXT_4"/>
						<SP ID="P65_SP00627" HPOS="2178" VPOS="3419" WIDTH="31"/>
						<String ID="P65_ST00736" HPOS="2209" VPOS="3386" WIDTH="44" HEIGHT="20" CONTENT="en" WC="0.64" CC="07" STYLEREFS="TXT_4"/>
						<SP ID="P65_SP00628" HPOS="2253" VPOS="3419" WIDTH="38"/>
						<String ID="P65_ST00737" HPOS="2291" VPOS="3377" WIDTH="39" HEIGHT="28" CONTENT="ba" SUBS_TYPE="HypPart1" SUBS_CONTENT="balance" WC="0.80" CC="20" STYLEREFS="TXT_4"/>
						<HYP HPOS="2330" VPOS="3377" WIDTH="19" CONTENT="-"/>
					</TextLine>
					<TextLine ID="P65_TL00108" HPOS="1308" VPOS="3419" WIDTH="747" HEIGHT="34">
						<String ID="P65_ST00738" HPOS="1308" VPOS="3424" WIDTH="103" HEIGHT="29" CONTENT="lance" SUBS_TYPE="HypPart2" SUBS_CONTENT="balance" WC="0.86" CC="00600" STYLEREFS="TXT_4"/>
						<SP ID="P65_SP00629" HPOS="1411" VPOS="3453" WIDTH="23"/>
						<String ID="P65_ST00739" HPOS="1434" VPOS="3433" WIDTH="69" HEIGHT="20" CONTENT="aux" WC="0.45" CC="762" STYLEREFS="TXT_4"/>
						<SP ID="P65_SP00630" HPOS="1503" VPOS="3453" WIDTH="23"/>
						<String ID="P65_ST00740" HPOS="1526" VPOS="3423" WIDTH="92" HEIGHT="29" CONTENT="deux" WC="0.77" CC="0053" STYLEREFS="TXT_4"/>
						<SP ID="P65_SP00631" HPOS="1618" VPOS="3453" WIDTH="23"/>
						<String ID="P65_ST00741" HPOS="1641" VPOS="3422" WIDTH="138" HEIGHT="30" CONTENT="confins" WC="0.67" CC="0580070" STYLEREFS="TXT_4"/>
						<SP ID="P65_SP00632" HPOS="1779" VPOS="3453" WIDTH="24"/>
						<String ID="P65_ST00742" HPOS="1803" VPOS="3422" WIDTH="43" HEIGHT="28" CONTENT="de" WC="0.78" CC="40" STYLEREFS="TXT_4"/>
						<SP ID="P65_SP00633" HPOS="1846" VPOS="3453" WIDTH="23"/>
						<String ID="P65_ST00743" HPOS="1869" VPOS="3419" WIDTH="186" HEIGHT="30" CONTENT="l'horizon." WC="0.70" CC="5404200480" STYLEREFS="TXT_4"/>
					</TextLine>
				</TextBlock>
				<TextBlock ID="P65_TB00004" HPOS="2423" VPOS="330" WIDTH="1064" HEIGHT="3118" STYLEREFS="TXT_1 PAR_LEFT">
					<TextLine ID="P65_TL00109" HPOS="2512" VPOS="331" WIDTH="952" HEIGHT="36">
						<String ID="P65_ST00744" HPOS="2512" VPOS="336" WIDTH="68" HEIGHT="28" CONTENT="Les" WC="0.72" CC="008" STYLEREFS="TXT_5"/>
						<SP ID="P65_SP00634" HPOS="2580" VPOS="364" WIDTH="24"/>
						<String ID="P65_ST00745" HPOS="2604" VPOS="334" WIDTH="115" HEIGHT="29" CONTENT="maitis" WC="0.60" CC="053860" STYLEREFS="TXT_5"/>
						<SP ID="P65_SP00635" HPOS="2719" VPOS="364" WIDTH="25"/>
						<String ID="P65_ST00746" HPOS="2744" VPOS="334" WIDTH="151" HEIGHT="28" CONTENT="tendues" WC="0.63" CC="6060605" STYLEREFS="TXT_5"/>
						<SP ID="P65_SP00636" HPOS="2895" VPOS="364" WIDTH="22"/>
						<String ID="P65_ST00747" HPOS="2917" VPOS="342" WIDTH="79" HEIGHT="20" CONTENT="vers" WC="0.69" CC="4007" STYLEREFS="TXT_5"/>
						<SP ID="P65_SP00637" HPOS="2996" VPOS="364" WIDTH="18"/>
						<String ID="P65_ST00748" HPOS="3014" VPOS="341" WIDTH="78" HEIGHT="26" CONTENT="eux," WC="0.66" CC="0624" STYLEREFS="TXT_5"/>
						<SP ID="P65_SP00638" HPOS="3092" VPOS="367" WIDTH="21"/>
						<String ID="P65_ST00749" HPOS="3113" VPOS="331" WIDTH="24" HEIGHT="28" CONTENT="il" WC="0.88" CC="02" STYLEREFS="TXT_5"/>
						<SP ID="P65_SP00639" HPOS="3137" VPOS="367" WIDTH="17"/>
						<String ID="P65_ST00750" HPOS="3154" VPOS="331" WIDTH="147" HEIGHT="34" CONTENT="semble," WC="0.86" CC="0004301" STYLEREFS="TXT_5"/>
						<SP ID="P65_SP00640" HPOS="3301" VPOS="367" WIDTH="25"/>
						<String ID="P65_ST00751" HPOS="3326" VPOS="338" WIDTH="138" HEIGHT="20" CONTENT="comtne" WC="0.58" CC="046660" STYLEREFS="TXT_5"/>
					</TextLine>
					<TextLine ID="P65_TL00110" HPOS="2427" VPOS="369" WIDTH="1038" HEIGHT="43">
						<String ID="P65_ST00752" HPOS="2427" VPOS="375" WIDTH="37" HEIGHT="37" CONTENT="je" WC="1.00" CC="00" STYLEREFS="TXT_5"/>
						<SP ID="P65_SP00641" HPOS="2464" VPOS="412" WIDTH="24"/>
						<String ID="P65_ST00753" HPOS="2488" VPOS="375" WIDTH="50" HEIGHT="29" CONTENT="les" WC="0.88" CC="003" STYLEREFS="TXT_5"/>
						<SP ID="P65_SP00642" HPOS="2538" VPOS="412" WIDTH="23"/>
						<String ID="P65_ST00754" HPOS="2561" VPOS="375" WIDTH="90" HEIGHT="36" CONTENT="vois," WC="0.80" CC="40103" STYLEREFS="TXT_5"/>
						<SP ID="P65_SP00643" HPOS="2651" VPOS="412" WIDTH="25"/>
						<String ID="P65_ST00755" HPOS="2676" VPOS="383" WIDTH="44" HEIGHT="20" CONTENT="au" WC="0.32" CC="76" STYLEREFS="TXT_5"/>
						<SP ID="P65_SP00644" HPOS="2720" VPOS="412" WIDTH="29"/>
						<String ID="P65_ST00756" HPOS="2749" VPOS="383" WIDTH="57" HEIGHT="20" CONTENT="ras" WC="0.96" CC="341" STYLEREFS="TXT_5"/>
						<SP ID="P65_SP00645" HPOS="2806" VPOS="412" WIDTH="32"/>
						<String ID="P65_ST00757" HPOS="2838" VPOS="374" WIDTH="63" HEIGHT="28" CONTENT="des" WC="0.96" CC="001" STYLEREFS="TXT_5"/>
						<SP ID="P65_SP00646" HPOS="2901" VPOS="412" WIDTH="28"/>
						<String ID="P65_ST00758" HPOS="2929" VPOS="381" WIDTH="160" HEIGHT="29" CONTENT="paumes," WC="0.61" CC="5046063" STYLEREFS="TXT_5"/>
						<SP ID="P65_SP00647" HPOS="3089" VPOS="412" WIDTH="25"/>
						<String ID="P65_ST00759" HPOS="3114" VPOS="380" WIDTH="68" HEIGHT="27" CONTENT="que" WC="0.81" CC="050" STYLEREFS="TXT_5"/>
						<SP ID="P65_SP00648" HPOS="3182" VPOS="412" WIDTH="20"/>
						<String ID="P65_ST00760" HPOS="3202" VPOS="371" WIDTH="35" HEIGHT="36" CONTENT="je" WC="0.69" CC="32" STYLEREFS="TXT_5"/>
						<SP ID="P65_SP00649" HPOS="3237" VPOS="412" WIDTH="25"/>
						<String ID="P65_ST00761" HPOS="3262" VPOS="371" WIDTH="93" HEIGHT="27" CONTENT="m'eri" WC="0.97" CC="03476" STYLEREFS="TXT_5"/>
						<SP ID="P65_SP00650" HPOS="3355" VPOS="412" WIDTH="34"/>
						<String ID="P65_ST00762" HPOS="3389" VPOS="369" WIDTH="76" HEIGHT="29" CONTENT="vais" WC="0.88" CC="0013" STYLEREFS="TXT_5"/>
					</TextLine>
					<TextLine ID="P65_TL00111" HPOS="2430" VPOS="411" WIDTH="994" HEIGHT="41">
						<String ID="P65_ST00763" HPOS="2430" VPOS="416" WIDTH="97" HEIGHT="29" CONTENT="enfin" WC="0.82" CC="05003" STYLEREFS="TXT_5"/>
						<SP ID="P65_SP00651" HPOS="2527" VPOS="445" WIDTH="19"/>
						<String ID="P65_ST00764" HPOS="2546" VPOS="416" WIDTH="144" HEIGHT="36" CONTENT="jongler" WC="0.74" CC="0080630" STYLEREFS="TXT_5"/>
						<SP ID="P65_SP00652" HPOS="2690" VPOS="452" WIDTH="21"/>
						<String ID="P65_ST00765" HPOS="2711" VPOS="424" WIDTH="84" HEIGHT="20" CONTENT="avec" WC="0.76" CC="9000" STYLEREFS="TXT_5"/>
						<SP ID="P65_SP00653" HPOS="2795" VPOS="452" WIDTH="23"/>
						<String ID="P65_ST00766" HPOS="2818" VPOS="423" WIDTH="58" HEIGHT="20" CONTENT="ces" WC="0.74" CC="205" STYLEREFS="TXT_5"/>
						<SP ID="P65_SP00654" HPOS="2876" VPOS="452" WIDTH="23"/>
						<String ID="P65_ST00767" HPOS="2899" VPOS="413" WIDTH="131" HEIGHT="37" CONTENT="grands" WC="0.66" CC="530803" STYLEREFS="TXT_5"/>
						<SP ID="P65_SP00655" HPOS="3030" VPOS="452" WIDTH="25"/>
						<String ID="P65_ST00768" HPOS="3055" VPOS="412" WIDTH="103" HEIGHT="28" CONTENT="fruits" WC="0.63" CC="065810" STYLEREFS="TXT_5"/>
						<SP ID="P65_SP00656" HPOS="3158" VPOS="452" WIDTH="22"/>
						<String ID="P65_ST00769" HPOS="3180" VPOS="411" WIDTH="45" HEIGHT="29" CONTENT="de" WC="0.98" CC="00" STYLEREFS="TXT_5"/>
						<SP ID="P65_SP00657" HPOS="3225" VPOS="452" WIDTH="23"/>
						<String ID="P65_ST00770" HPOS="3248" VPOS="411" WIDTH="33" HEIGHT="28" CONTENT="la" WC="0.66" CC="60" STYLEREFS="TXT_5"/>
						<SP ID="P65_SP00658" HPOS="3281" VPOS="452" WIDTH="24"/>
						<String ID="P65_ST00771" HPOS="3305" VPOS="412" WIDTH="119" HEIGHT="27" CONTENT="Terre." WC="0.98" CC="205674" STYLEREFS="TXT_5"/>
					</TextLine>
					<TextLine ID="P65_TL00112" HPOS="2515" VPOS="484" WIDTH="954" HEIGHT="43">
						<String ID="P65_ST00772" HPOS="2515" VPOS="492" WIDTH="138" HEIGHT="35" CONTENT="Margot" WC="1.00" CC="000000" STYLEREFS="TXT_5"/>
						<SP ID="P65_SP00659" HPOS="2653" VPOS="527" WIDTH="33"/>
						<String ID="P65_ST00773" HPOS="2686" VPOS="498" WIDTH="62" HEIGHT="20" CONTENT="sur" WC="0.93" CC="369" STYLEREFS="TXT_5"/>
						<SP ID="P65_SP00660" HPOS="2748" VPOS="527" WIDTH="31"/>
						<String ID="P65_ST00774" HPOS="2779" VPOS="489" WIDTH="112" HEIGHT="29" CONTENT="l'orbe" WC="0.98" CC="444740" STYLEREFS="TXT_5"/>
						<SP ID="P65_SP00661" HPOS="2891" VPOS="527" WIDTH="23"/>
						<String ID="P65_ST00775" HPOS="2914" VPOS="487" WIDTH="48" HEIGHT="30" CONTENT="du" WC="0.64" CC="07" STYLEREFS="TXT_5"/>
						<SP ID="P65_SP00662" HPOS="2962" VPOS="527" WIDTH="23"/>
						<String ID="P65_ST00776" HPOS="2985" VPOS="487" WIDTH="114" HEIGHT="35" CONTENT="soleil," WC="0.77" CC="0016440" STYLEREFS="TXT_5"/>
						<SP ID="P65_SP00663" HPOS="3099" VPOS="527" WIDTH="26"/>
						<String ID="P65_ST00777" HPOS="3125" VPOS="495" WIDTH="61" HEIGHT="20" CONTENT="sur" WC="0.96" CC="046" STYLEREFS="TXT_5"/>
						<SP ID="P65_SP00664" HPOS="3186" VPOS="527" WIDTH="26"/>
						<String ID="P65_ST00778" HPOS="3212" VPOS="486" WIDTH="112" HEIGHT="28" CONTENT="l'orbe" WC="0.99" CC="014010" STYLEREFS="TXT_5"/>
						<SP ID="P65_SP00665" HPOS="3324" VPOS="527" WIDTH="34"/>
						<String ID="P65_ST00779" HPOS="3358" VPOS="484" WIDTH="45" HEIGHT="29" CONTENT="de" WC="1.00" CC="00" STYLEREFS="TXT_5"/>
						<SP ID="P65_SP00666" HPOS="3403" VPOS="527" WIDTH="31"/>
						<String ID="P65_ST00780" HPOS="3434" VPOS="484" WIDTH="35" HEIGHT="29" CONTENT="la" WC="0.84" CC="30" STYLEREFS="TXT_5"/>
					</TextLine>
					<TextLine ID="P65_TL00113" HPOS="2432" VPOS="525" WIDTH="1037" HEIGHT="41">
						<String ID="P65_ST00781" HPOS="2432" VPOS="531" WIDTH="84" HEIGHT="29" CONTENT="lune" WC="0.97" CC="6800" STYLEREFS="TXT_5"/>
						<SP ID="P65_SP00667" HPOS="2516" VPOS="560" WIDTH="36"/>
						<String ID="P65_ST00782" HPOS="2552" VPOS="531" WIDTH="178" HEIGHT="35" CONTENT="Marcelle," WC="1.00" CC="004000401" STYLEREFS="TXT_5"/>
						<SP ID="P65_SP00668" HPOS="2730" VPOS="566" WIDTH="36"/>
						<String ID="P65_ST00783" HPOS="2766" VPOS="530" WIDTH="77" HEIGHT="28" CONTENT="font" WC="0.96" CC="0980" STYLEREFS="TXT_5"/>
						<SP ID="P65_SP00669" HPOS="2843" VPOS="566" WIDTH="32"/>
						<String ID="P65_ST00784" HPOS="2875" VPOS="528" WIDTH="153" HEIGHT="30" CONTENT="soudain" WC="0.82" CC="0004007" STYLEREFS="TXT_5"/>
						<SP ID="P65_SP00670" HPOS="3028" VPOS="566" WIDTH="27"/>
						<String ID="P65_ST00785" HPOS="3055" VPOS="527" WIDTH="126" HEIGHT="37" CONTENT="glisser" WC="0.63" CC="5507015" STYLEREFS="TXT_5"/>
						<SP ID="P65_SP00671" HPOS="3181" VPOS="566" WIDTH="23"/>
						<String ID="P65_ST00786" HPOS="3204" VPOS="526" WIDTH="79" HEIGHT="29" CONTENT="leur" WC="0.85" CC="0005" STYLEREFS="TXT_5"/>
						<SP ID="P65_SP00672" HPOS="3283" VPOS="566" WIDTH="23"/>
						<String ID="P65_ST00787" HPOS="3306" VPOS="525" WIDTH="103" HEIGHT="37" CONTENT="profil" WC="0.82" CC="005005" STYLEREFS="TXT_5"/>
						<SP ID="P65_SP00673" HPOS="3409" VPOS="566" WIDTH="25"/>
						<String ID="P65_ST00788" HPOS="3434" VPOS="530" WIDTH="35" HEIGHT="24" CONTENT="et" WC="1.00" CC="00" STYLEREFS="TXT_5"/>
					</TextLine>
					<TextLine ID="P65_TL00114" HPOS="2429" VPOS="570" WIDTH="622" HEIGHT="39">
						<String ID="P65_ST00789" HPOS="2429" VPOS="571" WIDTH="155" HEIGHT="38" CONTENT="j'hésite" WC="0.53" CC="63640366" STYLEREFS="TXT_5"/>
						<SP ID="P65_SP00674" HPOS="2584" VPOS="609" WIDTH="23"/>
						<String ID="P65_ST00790" HPOS="2607" VPOS="575" WIDTH="101" HEIGHT="25" CONTENT="entre" WC="0.86" CC="07000" STYLEREFS="TXT_5"/>
						<SP ID="P65_SP00675" HPOS="2708" VPOS="609" WIDTH="23"/>
						<String ID="P65_ST00791" HPOS="2731" VPOS="579" WIDTH="58" HEIGHT="20" CONTENT="ces" WC="0.65" CC="703" STYLEREFS="TXT_5"/>
						<SP ID="P65_SP00676" HPOS="2789" VPOS="609" WIDTH="23"/>
						<String ID="P65_ST00792" HPOS="2812" VPOS="570" WIDTH="92" HEIGHT="28" CONTENT="deux" WC="0.67" CC="0084" STYLEREFS="TXT_5"/>
						<SP ID="P65_SP00677" HPOS="2904" VPOS="609" WIDTH="22"/>
						<String ID="P65_ST00793" HPOS="2926" VPOS="573" WIDTH="125" HEIGHT="24" CONTENT="astres." WC="0.61" CC="8075040" STYLEREFS="TXT_5"/>
					</TextLine>
					<TextLine ID="P65_TL00115" HPOS="2516" VPOS="640" WIDTH="955" HEIGHT="42">
						<String ID="P65_ST00794" HPOS="2516" VPOS="646" WIDTH="171" HEIGHT="29" CONTENT="Marcelle" WC="0.98" CC="00700649" STYLEREFS="TXT_5"/>
						<SP ID="P65_SP00678" HPOS="2687" VPOS="675" WIDTH="29"/>
						<String ID="P65_ST00795" HPOS="2716" VPOS="645" WIDTH="135" HEIGHT="37" CONTENT="pleure," WC="0.98" CC="6807072" STYLEREFS="TXT_5"/>
						<SP ID="P65_SP00679" HPOS="2851" VPOS="682" WIDTH="35"/>
						<String ID="P65_ST00796" HPOS="2886" VPOS="645" WIDTH="138" HEIGHT="35" CONTENT="Margot" WC="0.87" CC="000007" STYLEREFS="TXT_5"/>
						<SP ID="P65_SP00680" HPOS="3024" VPOS="682" WIDTH="33"/>
						<String ID="P65_ST00797" HPOS="3057" VPOS="642" WIDTH="123" HEIGHT="36" CONTENT="sourit," WC="0.60" CC="1404492" STYLEREFS="TXT_5"/>
						<SP ID="P65_SP00681" HPOS="3180" VPOS="682" WIDTH="24"/>
						<String ID="P65_ST00798" HPOS="3204" VPOS="645" WIDTH="34" HEIGHT="25" CONTENT="et" WC="0.90" CC="01" STYLEREFS="TXT_5"/>
						<SP ID="P65_SP00682" HPOS="3238" VPOS="682" WIDTH="24"/>
						<String ID="P65_ST00799" HPOS="3262" VPOS="641" WIDTH="33" HEIGHT="28" CONTENT="la" WC="1.00" CC="00" STYLEREFS="TXT_5"/>
						<SP ID="P65_SP00683" HPOS="3295" VPOS="682" WIDTH="30"/>
						<String ID="P65_ST00800" HPOS="3325" VPOS="640" WIDTH="146" HEIGHT="28" CONTENT="balance" WC="0.70" CC="0750700" STYLEREFS="TXT_5"/>
					</TextLine>
					<TextLine ID="P65_TL00116" HPOS="2434" VPOS="680" WIDTH="1035" HEIGHT="43">
						<String ID="P65_ST00801" HPOS="2434" VPOS="691" WIDTH="55" HEIGHT="25" CONTENT="est" WC="0.96" CC="029" STYLEREFS="TXT_5"/>
						<SP ID="P65_SP00684" HPOS="2489" VPOS="716" WIDTH="22"/>
						<String ID="P65_ST00802" HPOS="2511" VPOS="685" WIDTH="163" HEIGHT="38" CONTENT="dérèglée" WC="0.54" CC="05659250" STYLEREFS="TXT_5"/>
						<SP ID="P65_SP00685" HPOS="2674" VPOS="723" WIDTH="38"/>
						<String ID="P65_ST00803" HPOS="2712" VPOS="687" WIDTH="49" HEIGHT="27" CONTENT="Le" WC="0.30" CC="58" STYLEREFS="TXT_5"/>
						<SP ID="P65_SP00686" HPOS="2761" VPOS="723" WIDTH="23"/>
						<String ID="P65_ST00804" HPOS="2784" VPOS="684" WIDTH="103" HEIGHT="29" CONTENT="soleil" WC="0.78" CC="003053" STYLEREFS="TXT_5"/>
						<SP ID="P65_SP00687" HPOS="2887" VPOS="723" WIDTH="24"/>
						<String ID="P65_ST00805" HPOS="2911" VPOS="684" WIDTH="88" HEIGHT="28" CONTENT="d'un" WC="0.97" CC="6405" STYLEREFS="TXT_5"/>
						<SP ID="P65_SP00688" HPOS="2999" VPOS="723" WIDTH="30"/>
						<String ID="P65_ST00806" HPOS="3029" VPOS="685" WIDTH="77" HEIGHT="27" CONTENT="seul" WC="0.68" CC="0453" STYLEREFS="TXT_5"/>
						<SP ID="P65_SP00689" HPOS="3106" VPOS="723" WIDTH="34"/>
						<String ID="P65_ST00807" HPOS="3140" VPOS="691" WIDTH="91" HEIGHT="28" CONTENT="coup" WC="0.98" CC="0055" STYLEREFS="TXT_5"/>
						<SP ID="P65_SP00690" HPOS="3231" VPOS="723" WIDTH="37"/>
						<String ID="P65_ST00808" HPOS="3268" VPOS="680" WIDTH="201" HEIGHT="30" CONTENT="s'enfonce." WC="0.73" CC="0406063005" STYLEREFS="TXT_5"/>
					</TextLine>
					<TextLine ID="P65_TL00117" HPOS="2436" VPOS="724" WIDTH="602" HEIGHT="40">
						<String ID="P65_ST00809" HPOS="2436" VPOS="729" WIDTH="49" HEIGHT="28" CONTENT="La" WC="0.77" CC="40" STYLEREFS="TXT_5"/>
						<SP ID="P65_SP00691" HPOS="2485" VPOS="757" WIDTH="22"/>
						<String ID="P65_ST00810" HPOS="2507" VPOS="728" WIDTH="85" HEIGHT="28" CONTENT="lune" WC="0.95" CC="0689" STYLEREFS="TXT_5"/>
						<SP ID="P65_SP00692" HPOS="2592" VPOS="757" WIDTH="25"/>
						<String ID="P65_ST00811" HPOS="2617" VPOS="725" WIDTH="114" HEIGHT="39" CONTENT="légère" WC="0.53" CC="067670" STYLEREFS="TXT_5"/>
						<SP ID="P65_SP00693" HPOS="2731" VPOS="764" WIDTH="23"/>
						<String ID="P65_ST00812" HPOS="2754" VPOS="731" WIDTH="104" HEIGHT="24" CONTENT="sauté" WC="0.98" CC="25540" STYLEREFS="TXT_5"/>
						<SP ID="P65_SP00694" HPOS="2858" VPOS="764" WIDTH="23"/>
						<String ID="P65_ST00813" HPOS="2881" VPOS="734" WIDTH="44" HEIGHT="19" CONTENT="en" WC="0.88" CC="02" STYLEREFS="TXT_5"/>
						<SP ID="P65_SP00695" HPOS="2925" VPOS="764" WIDTH="24"/>
						<String ID="P65_ST00814" HPOS="2949" VPOS="724" WIDTH="89" HEIGHT="29" CONTENT="l'air." WC="0.98" CC="140704" STYLEREFS="TXT_5"/>
					</TextLine>
					<TextLine ID="P65_TL00118" HPOS="2517" VPOS="870" WIDTH="954" HEIGHT="40">
						<String ID="P65_ST00815" HPOS="2517" VPOS="879" WIDTH="28" HEIGHT="27" CONTENT="O" WC="1.00" CC="0" STYLEREFS="TXT_5"/>
						<SP ID="P65_SP00696" HPOS="2545" VPOS="906" WIDTH="22"/>
						<String ID="P65_ST00816" HPOS="2567" VPOS="875" WIDTH="184" HEIGHT="31" CONTENT="Marcelle!" WC="0.99" CC="700000607" STYLEREFS="TXT_5"/>
						<SP ID="P65_SP00697" HPOS="2751" VPOS="906" WIDTH="27"/>
						<String ID="P65_ST00817" HPOS="2778" VPOS="875" WIDTH="28" HEIGHT="29" CONTENT="O" WC="1.00" CC="0" STYLEREFS="TXT_5"/>
						<SP ID="P65_SP00698" HPOS="2806" VPOS="906" WIDTH="20"/>
						<String ID="P65_ST00818" HPOS="2826" VPOS="873" WIDTH="153" HEIGHT="37" CONTENT="Margot!" WC="0.48" CC="6059607" STYLEREFS="TXT_5"/>
						<SP ID="P65_SP00699" HPOS="2979" VPOS="910" WIDTH="19"/>
						<String ID="P65_ST00819" HPOS="2998" VPOS="873" WIDTH="188" HEIGHT="29" CONTENT="berceuses" WC="0.86" CC="003006001" STYLEREFS="TXT_5"/>
						<SP ID="P65_SP00700" HPOS="3186" VPOS="910" WIDTH="22"/>
						<String ID="P65_ST00820" HPOS="3208" VPOS="870" WIDTH="263" HEIGHT="38" CONTENT="d'espérances." WC="0.79" CC="0304255041000" STYLEREFS="TXT_5"/>
					</TextLine>
					<TextLine ID="P65_TL00119" HPOS="2437" VPOS="909" WIDTH="973" HEIGHT="43">
						<String ID="P65_ST00821" HPOS="2437" VPOS="918" WIDTH="135" HEIGHT="29" CONTENT="Minuit" WC="0.53" CC="137319" STYLEREFS="TXT_5"/>
						<SP ID="P65_SP00701" HPOS="2572" VPOS="947" WIDTH="22"/>
						<String ID="P65_ST00822" HPOS="2594" VPOS="926" WIDTH="123" HEIGHT="20" CONTENT="sonne." WC="0.61" CC="076503" STYLEREFS="TXT_5"/>
						<SP ID="P65_SP00702" HPOS="2717" VPOS="947" WIDTH="27"/>
						<String ID="P65_ST00823" HPOS="2744" VPOS="917" WIDTH="48" HEIGHT="28" CONTENT="La" WC="1.00" CC="00" STYLEREFS="TXT_5"/>
						<SP ID="P65_SP00703" HPOS="2792" VPOS="947" WIDTH="23"/>
						<String ID="P65_ST00824" HPOS="2815" VPOS="915" WIDTH="103" HEIGHT="37" CONTENT="neige" WC="0.63" CC="24190" STYLEREFS="TXT_5"/>
						<SP ID="P65_SP00704" HPOS="2918" VPOS="952" WIDTH="24"/>
						<String ID="P65_ST00825" HPOS="2942" VPOS="923" WIDTH="127" HEIGHT="20" CONTENT="couvre" WC="0.77" CC="034050" STYLEREFS="TXT_5"/>
						<SP ID="P65_SP00705" HPOS="3069" VPOS="952" WIDTH="24"/>
						<String ID="P65_ST00826" HPOS="3093" VPOS="914" WIDTH="21" HEIGHT="27" CONTENT="1'" WC="0.70" CC="14" STYLEREFS="TXT_5"/>
						<SP ID="P65_SP00706" HPOS="3114" VPOS="952" WIDTH="16"/>
						<String ID="P65_ST00827" HPOS="3130" VPOS="909" WIDTH="280" HEIGHT="32" CONTENT="Ile-de-France." WC="0.69" CC="51035006602604" STYLEREFS="TXT_5"/>
					</TextLine>
					<TextLine ID="P65_TL00120" HPOS="2442" VPOS="1025" WIDTH="1031" HEIGHT="55">
						<String ID="P65_ST00828" HPOS="2442" VPOS="1027" WIDTH="227" HEIGHT="45" CONTENT="GAIETTE" WC="0.96" CC="8888787" STYLEREFS="TXT_0"/>
						<SP ID="P65_SP00707" HPOS="2669" VPOS="1072" WIDTH="50"/>
						<String ID="P65_ST00829" HPOS="2719" VPOS="1025" WIDTH="183" HEIGHT="55" CONTENT="WILLY." WC="0.97" CC="075878" STYLEREFS="TXT_0"/>
						<SP ID="P65_SP00708" HPOS="2902" VPOS="1080" WIDTH="36"/>
						<String ID="P65_ST00830" HPOS="2938" VPOS="1049" WIDTH="52" HEIGHT="4" CONTENT="—" WC="0.20" CC="8" STYLEREFS="TXT_0"/>
						<SP ID="P65_SP00709" HPOS="2990" VPOS="1080" WIDTH="34"/>
						<String ID="P65_ST00831" HPOS="3024" VPOS="1026" WIDTH="89" HEIGHT="37" CONTENT="LES" WC="0.37" CC="962" STYLEREFS="TXT_0"/>
						<SP ID="P65_SP00710" HPOS="3113" VPOS="1080" WIDTH="41"/>
						<String ID="P65_ST00832" HPOS="3154" VPOS="1025" WIDTH="217" HEIGHT="36" CONTENT="VRILLES" WC="0.35" CC="0678966" STYLEREFS="TXT_0"/>
						<SP ID="P65_SP00711" HPOS="3371" VPOS="1080" WIDTH="37"/>
						<String ID="P65_ST00833" HPOS="3408" VPOS="1030" WIDTH="65" HEIGHT="30" CONTENT="DE" WC="0.36" CC="66"/>
					</TextLine>
					<TextLine ID="P65_TL00121" HPOS="2495" VPOS="1080" WIDTH="979" HEIGHT="46">
						<String ID="P65_ST00834" HPOS="2495" VPOS="1098" WIDTH="66" HEIGHT="28" CONTENT="LA." WC="0.93" CC="972"/>
						<SP ID="P65_SP00712" HPOS="2561" VPOS="1126" WIDTH="30"/>
						<String ID="P65_ST00835" HPOS="2591" VPOS="1087" WIDTH="171" HEIGHT="39" CONTENT="VlG-NE." WC="0.65" CC="0750704"/>
						<SP ID="P65_SP00713" HPOS="2762" VPOS="1126" WIDTH="33"/>
						<String ID="P65_ST00836" HPOS="2795" VPOS="1108" WIDTH="57" HEIGHT="4" CONTENT="—" WC="0.20" CC="8"/>
						<SP ID="P65_SP00714" HPOS="2852" VPOS="1126" WIDTH="31"/>
						<String ID="P65_ST00837" HPOS="2883" VPOS="1084" WIDTH="76" HEIGHT="38" CONTENT="Ed." WC="0.95" CC="094"/>
						<SP ID="P65_SP00715" HPOS="2959" VPOS="1126" WIDTH="33"/>
						<String ID="P65_ST00838" HPOS="2992" VPOS="1084" WIDTH="53" HEIGHT="37" CONTENT="de" WC="0.73" CC="50"/>
						<SP ID="P65_SP00716" HPOS="3045" VPOS="1126" WIDTH="45"/>
						<String ID="P65_ST00839" HPOS="3090" VPOS="1100" WIDTH="17" HEIGHT="17" CONTENT="«" WC="0.65" CC="3"/>
						<SP ID="P65_SP00717" HPOS="3107" VPOS="1126" WIDTH="25"/>
						<String ID="P65_ST00840" HPOS="3132" VPOS="1082" WIDTH="64" HEIGHT="38" CONTENT="La" WC="0.66" CC="06" STYLEREFS="TXT_2"/>
						<SP ID="P65_SP00718" HPOS="3196" VPOS="1126" WIDTH="52"/>
						<String ID="P65_ST00841" HPOS="3248" VPOS="1080" WIDTH="68" HEIGHT="39" CONTENT="Vie" WC="1.00" CC="000" STYLEREFS="TXT_2"/>
						<SP ID="P65_SP00719" HPOS="3316" VPOS="1126" WIDTH="41"/>
						<String ID="P65_ST00842" HPOS="3357" VPOS="1080" WIDTH="94" HEIGHT="37" CONTENT="Pari" SUBS_TYPE="HypPart1" SUBS_CONTENT="Parisienne" WC="0.99" CC="0000" STYLEREFS="TXT_2"/>
						<HYP HPOS="3451" VPOS="1080" WIDTH="23" CONTENT="-"/>
					</TextLine>
					<TextLine ID="P65_TL00122" HPOS="2496" VPOS="1143" WIDTH="361" HEIGHT="47">
						<String ID="P65_ST00843" HPOS="2496" VPOS="1148" WIDTH="139" HEIGHT="36" CONTENT="sienne" SUBS_TYPE="HypPart2" SUBS_CONTENT="Parisienne" WC="0.75" CC="000156" STYLEREFS="TXT_2"/>
						<SP ID="P65_SP00720" HPOS="2635" VPOS="1184" WIDTH="20"/>
						<String ID="P65_ST00844" HPOS="2655" VPOS="1161" WIDTH="17" HEIGHT="17" CONTENT="»" WC="0.54" CC="4"/>
						<SP ID="P65_SP00721" HPOS="2672" VPOS="1184" WIDTH="20"/>
						<String ID="P65_ST00845" HPOS="2692" VPOS="1157" WIDTH="8" HEIGHT="33" CONTENT=";" WC="0.96" CC="0"/>
						<SP ID="P65_SP00722" HPOS="2700" VPOS="1190" WIDTH="35"/>
						<String ID="P65_ST00846" HPOS="2735" VPOS="1143" WIDTH="122" HEIGHT="38" CONTENT="Paris." WC="0.98" CC="055233"/>
					</TextLine>
					<TextLine ID="P65_TL00123" HPOS="2497" VPOS="1221" WIDTH="979" HEIGHT="51">
						<String ID="P65_ST00847" HPOS="2497" VPOS="1226" WIDTH="123" HEIGHT="39" CONTENT="Nulla" WC="0.97" CC="04742"/>
						<SP ID="P65_SP00723" HPOS="2620" VPOS="1265" WIDTH="37"/>
						<String ID="P65_ST00848" HPOS="2657" VPOS="1225" WIDTH="41" HEIGHT="37" CONTENT="di" WC="0.71" CC="32"/>
						<SP ID="P65_SP00724" HPOS="2698" VPOS="1265" WIDTH="42"/>
						<String ID="P65_ST00849" HPOS="2740" VPOS="1225" WIDTH="71" HEIGHT="47" CONTENT="più" WC="0.95" CC="246"/>
						<SP ID="P65_SP00725" HPOS="2811" VPOS="1272" WIDTH="39"/>
						<String ID="P65_ST00850" HPOS="2850" VPOS="1222" WIDTH="177" HEIGHT="39" CONTENT="amabile" WC="0.99" CC="0130150"/>
						<SP ID="P65_SP00726" HPOS="3027" VPOS="1272" WIDTH="30"/>
						<String ID="P65_ST00851" HPOS="3057" VPOS="1235" WIDTH="22" HEIGHT="24" CONTENT="e" WC="1.00" CC="0"/>
						<SP ID="P65_SP00727" HPOS="3079" VPOS="1272" WIDTH="32"/>
						<String ID="P65_ST00852" HPOS="3111" VPOS="1221" WIDTH="41" HEIGHT="37" CONTENT="di" WC="0.83" CC="03"/>
						<SP ID="P65_SP00728" HPOS="3152" VPOS="1272" WIDTH="33"/>
						<String ID="P65_ST00853" HPOS="3185" VPOS="1221" WIDTH="70" HEIGHT="48" CONTENT="più" WC="0.93" CC="467"/>
						<SP ID="P65_SP00729" HPOS="3255" VPOS="1272" WIDTH="32"/>
						<String ID="P65_ST00854" HPOS="3287" VPOS="1231" WIDTH="166" HEIGHT="34" CONTENT="sorpren" SUBS_TYPE="HypPart1" SUBS_CONTENT="sorprendente," WC="0.98" CC="3476006"/>
						<HYP HPOS="3453" VPOS="1231" WIDTH="23" CONTENT="-"/>
					</TextLine>
					<TextLine ID="P65_TL00124" HPOS="2439" VPOS="1276" WIDTH="1036" HEIGHT="55">
						<String ID="P65_ST00855" HPOS="2439" VPOS="1285" WIDTH="138" HEIGHT="46" CONTENT="dente," SUBS_TYPE="HypPart2" SUBS_CONTENT="sorprendente," WC="0.99" CC="008000"/>
						<SP ID="P65_SP00730" HPOS="2577" VPOS="1331" WIDTH="34"/>
						<String ID="P65_ST00856" HPOS="2611" VPOS="1282" WIDTH="141" HEIGHT="46" CONTENT="ormai," WC="0.98" CC="596030"/>
						<SP ID="P65_SP00731" HPOS="2752" VPOS="1331" WIDTH="35"/>
						<String ID="P65_ST00857" HPOS="2787" VPOS="1280" WIDTH="99" HEIGHT="39" CONTENT="d'un" WC="0.99" CC="0410"/>
						<SP ID="P65_SP00732" HPOS="2886" VPOS="1331" WIDTH="38"/>
						<String ID="P65_ST00858" HPOS="2924" VPOS="1281" WIDTH="105" HEIGHT="37" CONTENT="libro" WC="0.98" CC="30273"/>
						<SP ID="P65_SP00733" HPOS="3029" VPOS="1331" WIDTH="33"/>
						<String ID="P65_ST00859" HPOS="3062" VPOS="1279" WIDTH="41" HEIGHT="38" CONTENT="di" WC="0.60" CC="07"/>
						<SP ID="P65_SP00734" HPOS="3103" VPOS="1331" WIDTH="35"/>
						<String ID="P65_ST00860" HPOS="3138" VPOS="1279" WIDTH="161" HEIGHT="37" CONTENT="Colette" WC="0.99" CC="0750220"/>
						<SP ID="P65_SP00735" HPOS="3299" VPOS="1331" WIDTH="33"/>
						<String ID="P65_ST00861" HPOS="3332" VPOS="1276" WIDTH="143" HEIGHT="50" CONTENT="Willy." WC="0.97" CC="064374"/>
					</TextLine>
					<TextLine ID="P65_TL00125" HPOS="2441" VPOS="1336" WIDTH="1037" HEIGHT="57">
						<String ID="P65_ST00862" HPOS="2441" VPOS="1344" WIDTH="157" HEIGHT="49" CONTENT="Questa" WC="0.98" CC="692040"/>
						<SP ID="P65_SP00736" HPOS="2598" VPOS="1393" WIDTH="32"/>
						<String ID="P65_ST00863" HPOS="2630" VPOS="1339" WIDTH="198" HEIGHT="41" CONTENT="scrittrice" WC="1.00" CC="0120005200"/>
						<SP ID="P65_SP00737" HPOS="2828" VPOS="1393" WIDTH="21"/>
						<String ID="P65_ST00864" HPOS="2849" VPOS="1343" WIDTH="23" HEIGHT="34" CONTENT="è" WC="0.38" CC="6"/>
						<SP ID="P65_SP00738" HPOS="2872" VPOS="1393" WIDTH="21"/>
						<String ID="P65_ST00865" HPOS="2893" VPOS="1345" WIDTH="154" HEIGHT="32" CONTENT="venuta" WC="0.99" CC="004500"/>
						<SP ID="P65_SP00739" HPOS="3047" VPOS="1393" WIDTH="23"/>
						<String ID="P65_ST00866" HPOS="3070" VPOS="1336" WIDTH="292" HEIGHT="38" CONTENT="affermandosi" WC="0.99" CC="722300770074"/>
						<SP ID="P65_SP00740" HPOS="3362" VPOS="1393" WIDTH="33"/>
						<String ID="P65_ST00867" HPOS="3395" VPOS="1347" WIDTH="83" HEIGHT="25" CONTENT="una" WC="0.96" CC="470"/>
					</TextLine>
					<TextLine ID="P65_TL00126" HPOS="2441" VPOS="1392" WIDTH="1037" HEIGHT="55">
						<String ID="P65_ST00868" HPOS="2441" VPOS="1401" WIDTH="106" HEIGHT="37" CONTENT="delle" WC="0.99" CC="00340"/>
						<SP ID="P65_SP00741" HPOS="2547" VPOS="1438" WIDTH="33"/>
						<String ID="P65_ST00869" HPOS="2580" VPOS="1399" WIDTH="68" HEIGHT="48" CONTENT="più" WC="0.96" CC="046"/>
						<SP ID="P65_SP00742" HPOS="2648" VPOS="1447" WIDTH="33"/>
						<String ID="P65_ST00870" HPOS="2681" VPOS="1397" WIDTH="193" HEIGHT="50" CONTENT="originali" WC="0.98" CC="052965902"/>
						<SP ID="P65_SP00743" HPOS="2874" VPOS="1447" WIDTH="31"/>
						<String ID="P65_ST00871" HPOS="2905" VPOS="1410" WIDTH="22" HEIGHT="24" CONTENT="e" WC="1.00" CC="0"/>
						<SP ID="P65_SP00744" HPOS="2927" VPOS="1447" WIDTH="31"/>
						<String ID="P65_ST00872" HPOS="2958" VPOS="1395" WIDTH="106" HEIGHT="39" CONTENT="delle" WC="0.99" CC="04140"/>
						<SP ID="P65_SP00745" HPOS="3064" VPOS="1447" WIDTH="37"/>
						<String ID="P65_ST00873" HPOS="3101" VPOS="1394" WIDTH="70" HEIGHT="50" CONTENT="più" WC="0.97" CC="017"/>
						<SP ID="P65_SP00746" HPOS="3171" VPOS="1447" WIDTH="48"/>
						<String ID="P65_ST00874" HPOS="3219" VPOS="1393" WIDTH="158" HEIGHT="50" CONTENT="potenti" WC="0.99" CC="0103703"/>
						<SP ID="P65_SP00747" HPOS="3377" VPOS="1447" WIDTH="33"/>
						<String ID="P65_ST00875" HPOS="3410" VPOS="1392" WIDTH="68" HEIGHT="38" CONTENT="del" WC="0.98" CC="005"/>
					</TextLine>
					<TextLine ID="P65_TL00127" HPOS="2441" VPOS="1451" WIDTH="1039" HEIGHT="54">
						<String ID="P65_ST00876" HPOS="2441" VPOS="1467" WIDTH="143" HEIGHT="29" CONTENT="nostro" WC="0.99" CC="440040"/>
						<SP ID="P65_SP00748" HPOS="2584" VPOS="1496" WIDTH="33"/>
						<String ID="P65_ST00877" HPOS="2617" VPOS="1464" WIDTH="151" HEIGHT="41" CONTENT="tempo." WC="0.99" CC="000503"/>
						<SP ID="P65_SP00749" HPOS="2768" VPOS="1505" WIDTH="36"/>
						<String ID="P65_ST00878" HPOS="2804" VPOS="1456" WIDTH="58" HEIGHT="37" CONTENT="Le" WC="0.97" CC="00"/>
						<SP ID="P65_SP00750" HPOS="2862" VPOS="1505" WIDTH="17"/>
						<String ID="P65_ST00879" HPOS="2879" VPOS="1467" WIDTH="73" HEIGHT="26" CONTENT="sue" WC="0.98" CC="060"/>
						<SP ID="P65_SP00751" HPOS="2952" VPOS="1505" WIDTH="32"/>
						<String ID="P65_ST00880" HPOS="2984" VPOS="1453" WIDTH="152" HEIGHT="50" CONTENT="pagine" WC="0.98" CC="007290"/>
						<SP ID="P65_SP00752" HPOS="3136" VPOS="1505" WIDTH="23"/>
						<String ID="P65_ST00881" HPOS="3159" VPOS="1453" WIDTH="140" HEIGHT="36" CONTENT="hanno" WC="0.99" CC="70030"/>
						<SP ID="P65_SP00753" HPOS="3299" VPOS="1505" WIDTH="31"/>
						<String ID="P65_ST00882" HPOS="3330" VPOS="1451" WIDTH="26" HEIGHT="37" CONTENT="il" WC="0.57" CC="44"/>
						<SP ID="P65_SP00754" HPOS="3356" VPOS="1505" WIDTH="34"/>
						<String ID="P65_ST00883" HPOS="3390" VPOS="1463" WIDTH="60" HEIGHT="24" CONTENT="me" SUBS_TYPE="HypPart1" SUBS_CONTENT="meraviglioso" WC="0.98" CC="00"/>
						<HYP HPOS="3450" VPOS="1463" WIDTH="30" CONTENT="-"/>
					</TextLine>
					<TextLine ID="P65_TL00128" HPOS="2442" VPOS="1510" WIDTH="1034" HEIGHT="56">
						<String ID="P65_ST00884" HPOS="2442" VPOS="1515" WIDTH="224" HEIGHT="51" CONTENT="raviglioso" SUBS_TYPE="HypPart2" SUBS_CONTENT="meraviglioso" WC="0.99" CC="3035934404"/>
						<SP ID="P65_SP00755" HPOS="2666" VPOS="1566" WIDTH="32"/>
						<String ID="P65_ST00885" HPOS="2698" VPOS="1527" WIDTH="148" HEIGHT="35" CONTENT="sapore" WC="0.99" CC="000080"/>
						<SP ID="P65_SP00756" HPOS="2846" VPOS="1566" WIDTH="39"/>
						<String ID="P65_ST00886" HPOS="2885" VPOS="1512" WIDTH="106" HEIGHT="38" CONTENT="della" WC="0.98" CC="00356"/>
						<SP ID="P65_SP00757" HPOS="2991" VPOS="1566" WIDTH="36"/>
						<String ID="P65_ST00887" HPOS="3027" VPOS="1512" WIDTH="83" HEIGHT="36" CONTENT="vita" WC="0.99" CC="0030"/>
						<SP ID="P65_SP00758" HPOS="3110" VPOS="1566" WIDTH="39"/>
						<String ID="P65_ST00888" HPOS="3149" VPOS="1510" WIDTH="207" HEIGHT="49" CONTENT="Parigma," WC="0.54" CC="60970902"/>
						<SP ID="P65_SP00759" HPOS="3356" VPOS="1566" WIDTH="35"/>
						<String ID="P65_ST00889" HPOS="3391" VPOS="1521" WIDTH="85" HEIGHT="24" CONTENT="non" WC="0.94" CC="806"/>
					</TextLine>
					<TextLine ID="P65_TL00129" HPOS="2441" VPOS="1567" WIDTH="1039" HEIGHT="52">
						<String ID="P65_ST00890" HPOS="2441" VPOS="1574" WIDTH="104" HEIGHT="45" CONTENT="solo," WC="1.00" CC="00400"/>
						<SP ID="P65_SP00760" HPOS="2545" VPOS="1619" WIDTH="35"/>
						<String ID="P65_ST00891" HPOS="2580" VPOS="1586" WIDTH="66" HEIGHT="23" CONTENT="ma" WC="1.00" CC="00"/>
						<SP ID="P65_SP00761" HPOS="2646" VPOS="1619" WIDTH="31"/>
						<String ID="P65_ST00892" HPOS="2677" VPOS="1585" WIDTH="49" HEIGHT="24" CONTENT="ne" WC="0.65" CC="60"/>
						<SP ID="P65_SP00762" HPOS="2726" VPOS="1619" WIDTH="30"/>
						<String ID="P65_ST00893" HPOS="2756" VPOS="1571" WIDTH="280" HEIGHT="38" CONTENT="racchiudono" WC="0.99" CC="00307354080"/>
						<SP ID="P65_SP00763" HPOS="3036" VPOS="1619" WIDTH="31"/>
						<String ID="P65_ST00894" HPOS="3067" VPOS="1569" WIDTH="40" HEIGHT="38" CONTENT="lo" WC="0.74" CC="14"/>
						<SP ID="P65_SP00764" HPOS="3107" VPOS="1619" WIDTH="21"/>
						<String ID="P65_ST00895" HPOS="3128" VPOS="1576" WIDTH="131" HEIGHT="30" CONTENT="stesso" WC="0.99" CC="090003"/>
						<SP ID="P65_SP00765" HPOS="3259" VPOS="1619" WIDTH="31"/>
						<String ID="P65_ST00896" HPOS="3290" VPOS="1567" WIDTH="167" HEIGHT="37" CONTENT="incante" SUBS_TYPE="HypPart1" SUBS_CONTENT="incantevole" WC="0.99" CC="0800653"/>
						<HYP HPOS="3457" VPOS="1567" WIDTH="23" CONTENT="-"/>
					</TextLine>
					<TextLine ID="P65_TL00130" HPOS="2441" VPOS="1623" WIDTH="1038" HEIGHT="58">
						<String ID="P65_ST00897" HPOS="2441" VPOS="1632" WIDTH="93" HEIGHT="38" CONTENT="vole" SUBS_TYPE="HypPart2" SUBS_CONTENT="incantevole" WC="0.99" CC="0030"/>
						<SP ID="P65_SP00766" HPOS="2534" VPOS="1670" WIDTH="52"/>
						<String ID="P65_ST00898" HPOS="2586" VPOS="1628" WIDTH="306" HEIGHT="53" CONTENT="macchinismo," WC="0.99" CC="023005741017"/>
						<SP ID="P65_SP00767" HPOS="2892" VPOS="1681" WIDTH="55"/>
						<String ID="P65_ST00899" HPOS="2947" VPOS="1635" WIDTH="177" HEIGHT="41" CONTENT="portano" WC="0.99" CC="0000073"/>
						<SP ID="P65_SP00768" HPOS="3124" VPOS="1681" WIDTH="45"/>
						<String ID="P65_ST00900" HPOS="3169" VPOS="1625" WIDTH="27" HEIGHT="38" CONTENT="il" WC="1.00" CC="00"/>
						<SP ID="P65_SP00769" HPOS="3196" VPOS="1681" WIDTH="54"/>
						<String ID="P65_ST00901" HPOS="3250" VPOS="1623" WIDTH="229" HEIGHT="40" CONTENT="medesimo" WC="1.00" CC="00000400"/>
					</TextLine>
					<TextLine ID="P65_TL00131" HPOS="2442" VPOS="1681" WIDTH="1037" HEIGHT="55">
						<String ID="P65_ST00902" HPOS="2442" VPOS="1688" WIDTH="297" HEIGHT="40" CONTENT="straordinario" WC="1.00" CC="0000000370053"/>
						<SP ID="P65_SP00770" HPOS="2739" VPOS="1728" WIDTH="31"/>
						<String ID="P65_ST00903" HPOS="2770" VPOS="1688" WIDTH="169" HEIGHT="48" CONTENT="viluppo" WC="0.99" CC="0636000"/>
						<SP ID="P65_SP00771" HPOS="2939" VPOS="1736" WIDTH="32"/>
						<String ID="P65_ST00904" HPOS="2971" VPOS="1684" WIDTH="42" HEIGHT="38" CONTENT="di" WC="0.77" CC="04"/>
						<SP ID="P65_SP00772" HPOS="3013" VPOS="1736" WIDTH="39"/>
						<String ID="P65_ST00905" HPOS="3052" VPOS="1682" WIDTH="179" HEIGHT="40" CONTENT="correnti" WC="0.99" CC="10005104"/>
						<SP ID="P65_SP00773" HPOS="3231" VPOS="1736" WIDTH="33"/>
						<String ID="P65_ST00906" HPOS="3264" VPOS="1696" WIDTH="22" HEIGHT="24" CONTENT="e" WC="0.88" CC="1"/>
						<SP ID="P65_SP00774" HPOS="3286" VPOS="1736" WIDTH="31"/>
						<String ID="P65_ST00907" HPOS="3317" VPOS="1682" WIDTH="41" HEIGHT="37" CONTENT="di" WC="1.00" CC="00"/>
						<SP ID="P65_SP00775" HPOS="3358" VPOS="1736" WIDTH="39"/>
						<String ID="P65_ST00908" HPOS="3397" VPOS="1681" WIDTH="82" HEIGHT="38" CONTENT="luci" WC="0.98" CC="4401"/>
					</TextLine>
					<TextLine ID="P65_TL00132" HPOS="2441" VPOS="1739" WIDTH="1037" HEIGHT="46">
						<String ID="P65_ST00909" HPOS="2441" VPOS="1745" WIDTH="164" HEIGHT="40" CONTENT="innanzi" WC="0.98" CC="4066804"/>
						<SP ID="P65_SP00776" HPOS="2605" VPOS="1785" WIDTH="22"/>
						<String ID="P65_ST00910" HPOS="2627" VPOS="1745" WIDTH="26" HEIGHT="37" CONTENT="il" WC="0.53" CC="44"/>
						<SP ID="P65_SP00777" HPOS="2653" VPOS="1785" WIDTH="23"/>
						<String ID="P65_ST00911" HPOS="2676" VPOS="1744" WIDTH="120" HEIGHT="39" CONTENT="telaio" WC="0.99" CC="004630"/>
						<SP ID="P65_SP00778" HPOS="2796" VPOS="1785" WIDTH="22"/>
						<String ID="P65_ST00912" HPOS="2818" VPOS="1744" WIDTH="67" HEIGHT="38" CONTENT="dei" WC="0.98" CC="006"/>
						<SP ID="P65_SP00779" HPOS="2885" VPOS="1785" WIDTH="33"/>
						<String ID="P65_ST00913" HPOS="2918" VPOS="1741" WIDTH="132" HEIGHT="40" CONTENT="nostri" WC="0.99" CC="040053"/>
						<SP ID="P65_SP00780" HPOS="3050" VPOS="1785" WIDTH="22"/>
						<String ID="P65_ST00914" HPOS="3072" VPOS="1741" WIDTH="110" HEIGHT="39" CONTENT="sensi" WC="0.98" CC="00632"/>
						<SP ID="P65_SP00781" HPOS="3182" VPOS="1785" WIDTH="14"/>
						<String ID="P65_ST00915" HPOS="3196" VPOS="1755" WIDTH="8" HEIGHT="25" CONTENT=":" WC="0.88" CC="1"/>
						<SP ID="P65_SP00782" HPOS="3204" VPOS="1785" WIDTH="34"/>
						<String ID="P65_ST00916" HPOS="3238" VPOS="1740" WIDTH="34" HEIGHT="38" CONTENT="ci" WC="0.82" CC="20"/>
						<SP ID="P65_SP00783" HPOS="3272" VPOS="1785" WIDTH="22"/>
						<String ID="P65_ST00917" HPOS="3294" VPOS="1739" WIDTH="184" HEIGHT="39" CONTENT="lasciano" WC="0.99" CC="50304003"/>
					</TextLine>
					<TextLine ID="P65_TL00133" HPOS="2443" VPOS="1797" WIDTH="972" HEIGHT="54">
						<String ID="P65_ST00918" HPOS="2443" VPOS="1805" WIDTH="334" HEIGHT="38" CONTENT="deliziosamente" WC="1.00" CC="00340700000742"/>
						<SP ID="P65_SP00784" HPOS="2777" VPOS="1843" WIDTH="31"/>
						<String ID="P65_ST00919" HPOS="2808" VPOS="1801" WIDTH="184" HEIGHT="39" CONTENT="intontiti" WC="0.99" CC="450050504"/>
						<SP ID="P65_SP00785" HPOS="2992" VPOS="1843" WIDTH="34"/>
						<String ID="P65_ST00920" HPOS="3026" VPOS="1813" WIDTH="33" HEIGHT="33" CONTENT="e," WC="0.78" CC="04"/>
						<SP ID="P65_SP00786" HPOS="3059" VPOS="1846" WIDTH="37"/>
						<String ID="P65_ST00921" HPOS="3096" VPOS="1813" WIDTH="113" HEIGHT="38" CONTENT="pure," WC="0.99" CC="01004"/>
						<SP ID="P65_SP00787" HPOS="3209" VPOS="1851" WIDTH="34"/>
						<String ID="P65_ST00922" HPOS="3243" VPOS="1797" WIDTH="172" HEIGHT="38" CONTENT="esaltati." WC="1.00" CC="000110002"/>
					</TextLine>
					<TextLine ID="P65_TL00134" HPOS="2501" VPOS="1855" WIDTH="979" HEIGHT="52">
						<String ID="P65_ST00923" HPOS="2501" VPOS="1863" WIDTH="32" HEIGHT="37" CONTENT="Il" WC="0.62" CC="61"/>
						<SP ID="P65_SP00788" HPOS="2533" VPOS="1900" WIDTH="32"/>
						<String ID="P65_ST00924" HPOS="2565" VPOS="1862" WIDTH="107" HEIGHT="37" CONTENT="libro" WC="0.99" CC="04203"/>
						<SP ID="P65_SP00789" HPOS="2672" VPOS="1900" WIDTH="28"/>
						<String ID="P65_ST00925" HPOS="2700" VPOS="1874" WIDTH="52" HEIGHT="23" CONTENT="va" WC="1.00" CC="00"/>
						<SP ID="P65_SP00790" HPOS="2752" VPOS="1900" WIDTH="32"/>
						<String ID="P65_ST00926" HPOS="2784" VPOS="1860" WIDTH="102" HEIGHT="38" CONTENT="letto" WC="0.99" CC="60000"/>
						<SP ID="P65_SP00791" HPOS="2886" VPOS="1900" WIDTH="32"/>
						<String ID="P65_ST00927" HPOS="2918" VPOS="1858" WIDTH="53" HEIGHT="38" CONTENT="da" WC="1.00" CC="00"/>
						<SP ID="P65_SP00792" HPOS="2971" VPOS="1900" WIDTH="30"/>
						<String ID="P65_ST00928" HPOS="3001" VPOS="1858" WIDTH="65" HEIGHT="37" CONTENT="chi" WC="0.98" CC="004"/>
						<SP ID="P65_SP00793" HPOS="3066" VPOS="1900" WIDTH="33"/>
						<String ID="P65_ST00929" HPOS="3099" VPOS="1858" WIDTH="142" HEIGHT="49" CONTENT="voglia" WC="0.98" CC="009460"/>
						<SP ID="P65_SP00794" HPOS="3241" VPOS="1907" WIDTH="33"/>
						<String ID="P65_ST00930" HPOS="3274" VPOS="1855" WIDTH="206" HEIGHT="38" CONTENT="divertirsi" WC="1.00" CC="0000031000"/>
					</TextLine>
					<TextLine ID="P65_TL00135" HPOS="2443" VPOS="1913" WIDTH="1038" HEIGHT="53">
						<String ID="P65_ST00931" HPOS="2443" VPOS="1933" WIDTH="33" HEIGHT="33" CONTENT="e," WC="0.79" CC="04"/>
						<SP ID="P65_SP00795" HPOS="2476" VPOS="1966" WIDTH="33"/>
						<String ID="P65_ST00932" HPOS="2509" VPOS="1920" WIDTH="182" HEIGHT="45" CONTENT="insieme," WC="0.99" CC="07470003"/>
						<SP ID="P65_SP00796" HPOS="2691" VPOS="1966" WIDTH="24"/>
						<String ID="P65_ST00933" HPOS="2715" VPOS="1918" WIDTH="133" HEIGHT="37" CONTENT="bearsi" WC="0.99" CC="030704"/>
						<SP ID="P65_SP00797" HPOS="2848" VPOS="1966" WIDTH="31"/>
						<String ID="P65_ST00934" HPOS="2879" VPOS="1915" WIDTH="343" HEIGHT="39" CONTENT="all'incantesimo" WC="0.99" CC="043468007600403"/>
						<SP ID="P65_SP00798" HPOS="3222" VPOS="1966" WIDTH="22"/>
						<String ID="P65_ST00935" HPOS="3244" VPOS="1913" WIDTH="40" HEIGHT="37" CONTENT="di" WC="0.76" CC="04"/>
						<SP ID="P65_SP00799" HPOS="3284" VPOS="1966" WIDTH="33"/>
						<String ID="P65_ST00936" HPOS="3317" VPOS="1913" WIDTH="164" HEIGHT="38" CONTENT="un'arte" WC="0.99" CC="6840010"/>
					</TextLine>
					<TextLine ID="P65_TL00136" HPOS="2443" VPOS="1971" WIDTH="1034" HEIGHT="52">
						<String ID="P65_ST00937" HPOS="2443" VPOS="1978" WIDTH="74" HEIGHT="37" CONTENT="che" WC="0.99" CC="003"/>
						<SP ID="P65_SP00800" HPOS="2517" VPOS="2015" WIDTH="21"/>
						<String ID="P65_ST00938" HPOS="2538" VPOS="1992" WIDTH="51" HEIGHT="23" CONTENT="va" WC="1.00" CC="00"/>
						<SP ID="P65_SP00801" HPOS="2589" VPOS="2015" WIDTH="31"/>
						<String ID="P65_ST00939" HPOS="2620" VPOS="1976" WIDTH="208" HEIGHT="37" CONTENT="facendosi" WC="0.99" CC="100780005"/>
						<SP ID="P65_SP00802" HPOS="2828" VPOS="2015" WIDTH="34"/>
						<String ID="P65_ST00940" HPOS="2862" VPOS="1987" WIDTH="162" HEIGHT="36" CONTENT="sempre" WC="0.99" CC="000074"/>
						<SP ID="P65_SP00803" HPOS="3024" VPOS="2023" WIDTH="23"/>
						<String ID="P65_ST00941" HPOS="3047" VPOS="1973" WIDTH="72" HEIGHT="49" CONTENT="più" WC="0.98" CC="060"/>
						<SP ID="P65_SP00804" HPOS="3119" VPOS="2023" WIDTH="34"/>
						<String ID="P65_ST00942" HPOS="3153" VPOS="1971" WIDTH="160" HEIGHT="38" CONTENT="difficile" WC="0.99" CC="842220314"/>
						<SP ID="P65_SP00805" HPOS="3313" VPOS="2023" WIDTH="18"/>
						<String ID="P65_ST00943" HPOS="3331" VPOS="1985" WIDTH="21" HEIGHT="24" CONTENT="e" WC="1.00" CC="0"/>
						<SP ID="P65_SP00806" HPOS="3352" VPOS="2023" WIDTH="23"/>
						<String ID="P65_ST00944" HPOS="3375" VPOS="1983" WIDTH="102" HEIGHT="25" CONTENT="rara." WC="0.99" CC="02004"/>
					</TextLine>
					<TextLine ID="P65_TL00137" HPOS="2444" VPOS="2029" WIDTH="1039" HEIGHT="50">
						<String ID="P65_ST00945" HPOS="2444" VPOS="2037" WIDTH="95" HEIGHT="37" CONTENT="Non" WC="0.97" CC="008"/>
						<SP ID="P65_SP00807" HPOS="2539" VPOS="2074" WIDTH="31"/>
						<String ID="P65_ST00946" HPOS="2570" VPOS="2034" WIDTH="104" HEIGHT="39" CONTENT="esito" WC="0.98" CC="00490"/>
						<SP ID="P65_SP00808" HPOS="2674" VPOS="2074" WIDTH="32"/>
						<String ID="P65_ST00947" HPOS="2706" VPOS="2048" WIDTH="23" HEIGHT="22" CONTENT="a" WC="1.00" CC="0"/>
						<SP ID="P65_SP00809" HPOS="2729" VPOS="2074" WIDTH="31"/>
						<String ID="P65_ST00948" HPOS="2760" VPOS="2033" WIDTH="171" HEIGHT="38" CONTENT="definire" WC="0.99" CC="02337500"/>
						<SP ID="P65_SP00810" HPOS="2931" VPOS="2074" WIDTH="32"/>
						<String ID="P65_ST00949" HPOS="2963" VPOS="2032" WIDTH="139" HEIGHT="37" CONTENT="taluno" WC="0.99" CC="003260"/>
						<SP ID="P65_SP00811" HPOS="3102" VPOS="2074" WIDTH="34"/>
						<String ID="P65_ST00950" HPOS="3136" VPOS="2030" WIDTH="41" HEIGHT="37" CONTENT="di" WC="0.75" CC="04"/>
						<SP ID="P65_SP00812" HPOS="3177" VPOS="2074" WIDTH="33"/>
						<String ID="P65_ST00951" HPOS="3210" VPOS="2029" WIDTH="137" HEIGHT="50" CONTENT="questi" WC="0.99" CC="000052"/>
						<SP ID="P65_SP00813" HPOS="3347" VPOS="2079" WIDTH="32"/>
						<String ID="P65_ST00952" HPOS="3379" VPOS="2029" WIDTH="78" HEIGHT="37" CONTENT="ado" SUBS_TYPE="HypPart1" SUBS_CONTENT="adorabili" WC="1.00" CC="000"/>
						<HYP HPOS="3457" VPOS="2029" WIDTH="26" CONTENT="-"/>
					</TextLine>
					<TextLine ID="P65_TL00138" HPOS="2444" VPOS="2088" WIDTH="1040" HEIGHT="50">
						<String ID="P65_ST00953" HPOS="2444" VPOS="2093" WIDTH="118" HEIGHT="38" CONTENT="rabili" SUBS_TYPE="HypPart2" SUBS_CONTENT="adorabili" WC="0.99" CC="000424"/>
						<SP ID="P65_SP00814" HPOS="2562" VPOS="2131" WIDTH="46"/>
						<String ID="P65_ST00954" HPOS="2608" VPOS="2092" WIDTH="143" HEIGHT="37" CONTENT="Viticci" WC="0.98" CC="2260652" STYLEREFS="TXT_2"/>
						<SP ID="P65_SP00815" HPOS="2751" VPOS="2131" WIDTH="27"/>
						<String ID="P65_ST00955" HPOS="2778" VPOS="2092" WIDTH="107" HEIGHT="37" CONTENT="della" WC="0.98" CC="05107" STYLEREFS="TXT_2"/>
						<SP ID="P65_SP00816" HPOS="2885" VPOS="2131" WIDTH="43"/>
						<String ID="P65_ST00956" HPOS="2928" VPOS="2090" WIDTH="133" HEIGHT="48" CONTENT="Vigna" WC="0.98" CC="00609" STYLEREFS="TXT_2"/>
						<SP ID="P65_SP00817" HPOS="3061" VPOS="2138" WIDTH="46"/>
						<String ID="P65_ST00957" HPOS="3107" VPOS="2088" WIDTH="66" HEIGHT="37" CONTENT="dei" WC="0.98" CC="005"/>
						<SP ID="P65_SP00818" HPOS="3173" VPOS="2138" WIDTH="47"/>
						<String ID="P65_ST00958" HPOS="3220" VPOS="2088" WIDTH="87" HEIGHT="36" CONTENT="veri" WC="0.99" CC="0104"/>
						<SP ID="P65_SP00819" HPOS="3307" VPOS="2138" WIDTH="48"/>
						<String ID="P65_ST00959" HPOS="3355" VPOS="2099" WIDTH="104" HEIGHT="36" CONTENT="capo" SUBS_TYPE="HypPart1" SUBS_CONTENT="capolavori" WC="0.99" CC="0000"/>
						<HYP HPOS="3459" VPOS="2099" WIDTH="25" CONTENT="-"/>
					</TextLine>
					<TextLine ID="P65_TL00139" HPOS="2444" VPOS="2145" WIDTH="1039" HEIGHT="54">
						<String ID="P65_ST00960" HPOS="2444" VPOS="2150" WIDTH="130" HEIGHT="39" CONTENT="lavori" SUBS_TYPE="HypPart2" SUBS_CONTENT="capolavori" WC="0.99" CC="000804"/>
						<SP ID="P65_SP00820" HPOS="2574" VPOS="2189" WIDTH="22"/>
						<String ID="P65_ST00961" HPOS="2596" VPOS="2150" WIDTH="40" HEIGHT="37" CONTENT="di" WC="0.77" CC="04"/>
						<SP ID="P65_SP00821" HPOS="2636" VPOS="2189" WIDTH="33"/>
						<String ID="P65_ST00962" HPOS="2669" VPOS="2149" WIDTH="139" HEIGHT="50" CONTENT="grazia" WC="0.99" CC="050040"/>
						<SP ID="P65_SP00822" HPOS="2808" VPOS="2199" WIDTH="17"/>
						<String ID="P65_ST00963" HPOS="2825" VPOS="2163" WIDTH="21" HEIGHT="23" CONTENT="e" WC="0.76" CC="2"/>
						<SP ID="P65_SP00823" HPOS="2846" VPOS="2199" WIDTH="22"/>
						<String ID="P65_ST00964" HPOS="2868" VPOS="2148" WIDTH="41" HEIGHT="37" CONTENT="di" WC="0.80" CC="04"/>
						<SP ID="P65_SP00824" HPOS="2909" VPOS="2199" WIDTH="35"/>
						<String ID="P65_ST00965" HPOS="2944" VPOS="2156" WIDTH="172" HEIGHT="40" CONTENT="potenza" WC="0.98" CC="0590600"/>
						<SP ID="P65_SP00825" HPOS="3116" VPOS="2199" WIDTH="20"/>
						<String ID="P65_ST00966" HPOS="3136" VPOS="2145" WIDTH="218" HEIGHT="40" CONTENT="scrittoria." WC="0.80" CC="02640041300"/>
						<SP ID="P65_SP00826" HPOS="3354" VPOS="2199" WIDTH="25"/>
						<String ID="P65_ST00967" HPOS="3379" VPOS="2145" WIDTH="78" HEIGHT="48" CONTENT="Leg" SUBS_TYPE="HypPart1" SUBS_CONTENT="Leggete" WC="0.96" CC="509"/>
						<HYP HPOS="3457" VPOS="2145" WIDTH="26" CONTENT="-"/>
					</TextLine>
					<TextLine ID="P65_TL00140" HPOS="2444" VPOS="2204" WIDTH="1041" HEIGHT="54">
						<String ID="P65_ST00968" HPOS="2444" VPOS="2217" WIDTH="95" HEIGHT="41" CONTENT="gete" SUBS_TYPE="HypPart2" SUBS_CONTENT="Leggete" WC="0.98" CC="9000"/>
						<SP ID="P65_SP00827" HPOS="2539" VPOS="2258" WIDTH="32"/>
						<String ID="P65_ST00969" HPOS="2571" VPOS="2208" WIDTH="112" HEIGHT="38" CONTENT="Nuit" WC="0.99" CC="0000" STYLEREFS="TXT_2"/>
						<SP ID="P65_SP00828" HPOS="2683" VPOS="2258" WIDTH="29"/>
						<String ID="P65_ST00970" HPOS="2712" VPOS="2208" WIDTH="178" HEIGHT="43" CONTENT="bianche," WC="1.00" CC="00020070" STYLEREFS="TXT_2"/>
						<SP ID="P65_SP00829" HPOS="2890" VPOS="2258" WIDTH="25"/>
						<String ID="P65_ST00971" HPOS="2915" VPOS="2204" WIDTH="203" HEIGHT="45" CONTENT="Nonoche," WC="0.99" CC="02500403" STYLEREFS="TXT_2"/>
						<SP ID="P65_SP00830" HPOS="3118" VPOS="2258" WIDTH="29"/>
						<String ID="P65_ST00972" HPOS="3147" VPOS="2204" WIDTH="66" HEIGHT="37" CONTENT="De" WC="1.00" CC="00" STYLEREFS="TXT_2"/>
						<SP ID="P65_SP00831" HPOS="3213" VPOS="2258" WIDTH="31"/>
						<String ID="P65_ST00973" HPOS="3244" VPOS="2204" WIDTH="98" HEIGHT="48" CONTENT="quoi" WC="0.88" CC="0310" STYLEREFS="TXT_2"/>
						<SP ID="P65_SP00832" HPOS="3342" VPOS="2258" WIDTH="28"/>
						<String ID="P65_ST00974" HPOS="3370" VPOS="2206" WIDTH="115" HEIGHT="33" CONTENT="est-ce" WC="0.68" CC="603404" STYLEREFS="TXT_2"/>
					</TextLine>
					<TextLine ID="P65_TL00141" HPOS="2445" VPOS="2259" WIDTH="1038" HEIGHT="59">
						<String ID="P65_ST00975" HPOS="2445" VPOS="2267" WIDTH="70" HEIGHT="51" CONTENT="qu'" WC="0.79" CC="023" STYLEREFS="TXT_2"/>
						<String ID="P65_ST00976" HPOS="2526" VPOS="2279" WIDTH="51" HEIGHT="24" CONTENT="071" WC="0.54" CC="093" STYLEREFS="TXT_6"/>
						<SP ID="P65_SP00833" HPOS="2577" VPOS="2318" WIDTH="36"/>
						<String ID="P65_ST00977" HPOS="2613" VPOS="2279" WIDTH="25" HEIGHT="24" CONTENT="a" WC="1.00" CC="0" STYLEREFS="TXT_2"/>
						<SP ID="P65_SP00834" HPOS="2638" VPOS="2318" WIDTH="37"/>
						<String ID="P65_ST00978" HPOS="2675" VPOS="2264" WIDTH="100" HEIGHT="39" CONTENT="rair" WC="0.62" CC="7700" STYLEREFS="TXT_2"/>
						<SP ID="P65_SP00835" HPOS="2775" VPOS="2318" WIDTH="10"/>
						<String ID="P65_ST00979" HPOS="2785" VPOS="2265" WIDTH="23" HEIGHT="38" CONTENT="f" WC="0.35" CC="6" STYLEREFS="TXT_2"/>
						<SP ID="P65_SP00836" HPOS="2808" VPOS="2318" WIDTH="42"/>
						<String ID="P65_ST00980" HPOS="2850" VPOS="2265" WIDTH="145" HEIGHT="37" CONTENT="Partie" WC="0.75" CC="400109" STYLEREFS="TXT_2"/>
						<SP ID="P65_SP00837" HPOS="2995" VPOS="2318" WIDTH="30"/>
						<String ID="P65_ST00981" HPOS="3025" VPOS="2263" WIDTH="47" HEIGHT="37" CONTENT="de" WC="1.00" CC="00" STYLEREFS="TXT_2"/>
						<SP ID="P65_SP00838" HPOS="3072" VPOS="2318" WIDTH="41"/>
						<String ID="P65_ST00982" HPOS="3113" VPOS="2259" WIDTH="127" HEIGHT="40" CONTENT="Pèche" WC="0.87" CC="06000" STYLEREFS="TXT_2"/>
						<String ID="P65_ST00983" HPOS="3246" VPOS="2291" WIDTH="7" HEIGHT="14" CONTENT="," WC="0.91" CC="0"/>
						<SP ID="P65_SP00839" HPOS="3253" VPOS="2318" WIDTH="41"/>
						<String ID="P65_ST00984" HPOS="3294" VPOS="2274" WIDTH="22" HEIGHT="23" CONTENT="e" WC="1.00" CC="0"/>
						<SP ID="P65_SP00840" HPOS="3316" VPOS="2318" WIDTH="31"/>
						<String ID="P65_ST00985" HPOS="3347" VPOS="2259" WIDTH="136" HEIGHT="50" CONTENT="quella" WC="0.99" CC="050440"/>
					</TextLine>
					<TextLine ID="P65_TL00142" HPOS="2446" VPOS="2317" WIDTH="1038" HEIGHT="56">
						<String ID="P65_ST00986" HPOS="2446" VPOS="2324" WIDTH="175" HEIGHT="49" CONTENT="perfetta" WC="0.99" CC="03300400"/>
						<SP ID="P65_SP00841" HPOS="2621" VPOS="2373" WIDTH="22"/>
						<String ID="P65_ST00987" HPOS="2643" VPOS="2323" WIDTH="136" HEIGHT="37" CONTENT="Dame" WC="0.98" CC="2060" STYLEREFS="TXT_2"/>
						<SP ID="P65_SP00842" HPOS="2779" VPOS="2373" WIDTH="20"/>
						<String ID="P65_ST00988" HPOS="2799" VPOS="2324" WIDTH="75" HEIGHT="47" CONTENT="qui" WC="0.94" CC="087" STYLEREFS="TXT_2"/>
						<SP ID="P65_SP00843" HPOS="2874" VPOS="2373" WIDTH="18"/>
						<String ID="P65_ST00989" HPOS="2892" VPOS="2321" WIDTH="164" HEIGHT="38" CONTENT="citante:" WC="0.99" CC="05700602" STYLEREFS="TXT_2"/>
						<SP ID="P65_SP00844" HPOS="3056" VPOS="2373" WIDTH="23"/>
						<String ID="P65_ST00990" HPOS="3079" VPOS="2333" WIDTH="21" HEIGHT="23" CONTENT="e" WC="1.00" CC="0"/>
						<SP ID="P65_SP00845" HPOS="3100" VPOS="2373" WIDTH="23"/>
						<String ID="P65_ST00991" HPOS="3123" VPOS="2319" WIDTH="39" HEIGHT="37" CONTENT="vi" WC="0.83" CC="03"/>
						<SP ID="P65_SP00846" HPOS="3162" VPOS="2373" WIDTH="26"/>
						<String ID="P65_ST00992" HPOS="3188" VPOS="2317" WIDTH="296" HEIGHT="51" CONTENT="persuaderete" WC="1.00" CC="040200026300"/>
					</TextLine>
					<TextLine ID="P65_TL00143" HPOS="2446" VPOS="2376" WIDTH="1039" HEIGHT="55">
						<String ID="P65_ST00993" HPOS="2446" VPOS="2382" WIDTH="40" HEIGHT="38" CONTENT="di" WC="0.94" CC="01"/>
						<SP ID="P65_SP00847" HPOS="2486" VPOS="2420" WIDTH="33"/>
						<String ID="P65_ST00994" HPOS="2519" VPOS="2382" WIDTH="120" HEIGHT="49" CONTENT="quale" WC="0.98" CC="04740"/>
						<SP ID="P65_SP00848" HPOS="2639" VPOS="2431" WIDTH="24"/>
						<String ID="P65_ST00995" HPOS="2663" VPOS="2380" WIDTH="302" HEIGHT="38" CONTENT="raffinatissimo" WC="0.99" CC="10222700307600"/>
						<SP ID="P65_SP00849" HPOS="2965" VPOS="2431" WIDTH="32"/>
						<String ID="P65_ST00996" HPOS="2997" VPOS="2384" WIDTH="136" HEIGHT="44" CONTENT="gusto," WC="0.97" CC="962134"/>
						<SP ID="P65_SP00850" HPOS="3133" VPOS="2431" WIDTH="34"/>
						<String ID="P65_ST00997" HPOS="3167" VPOS="2376" WIDTH="41" HEIGHT="38" CONTENT="di" WC="0.76" CC="04"/>
						<SP ID="P65_SP00851" HPOS="3208" VPOS="2431" WIDTH="32"/>
						<String ID="P65_ST00998" HPOS="3240" VPOS="2376" WIDTH="120" HEIGHT="49" CONTENT="quale" WC="0.98" CC="86020"/>
						<SP ID="P65_SP00852" HPOS="3360" VPOS="2431" WIDTH="32"/>
						<String ID="P65_ST00999" HPOS="3392" VPOS="2382" WIDTH="70" HEIGHT="31" CONTENT="stu" SUBS_TYPE="HypPart1" SUBS_CONTENT="stupenda" WC="0.97" CC="107"/>
						<HYP HPOS="3462" VPOS="2382" WIDTH="23" CONTENT="-"/>
					</TextLine>
					<TextLine ID="P65_TL00144" HPOS="2445" VPOS="2431" WIDTH="1040" HEIGHT="59">
						<String ID="P65_ST01000" HPOS="2445" VPOS="2439" WIDTH="138" HEIGHT="51" CONTENT="penda" SUBS_TYPE="HypPart2" SUBS_CONTENT="stupenda" WC="0.98" CC="30700"/>
						<SP ID="P65_SP00853" HPOS="2583" VPOS="2490" WIDTH="30"/>
						<String ID="P65_ST01001" HPOS="2613" VPOS="2437" WIDTH="108" HEIGHT="40" CONTENT="virtù" WC="0.98" CC="04062"/>
						<SP ID="P65_SP00854" HPOS="2721" VPOS="2490" WIDTH="22"/>
						<String ID="P65_ST01002" HPOS="2743" VPOS="2438" WIDTH="202" HEIGHT="45" CONTENT="veristica," WC="1.00" CC="0000003000"/>
						<SP ID="P65_SP00855" HPOS="2945" VPOS="2490" WIDTH="25"/>
						<String ID="P65_ST01003" HPOS="2970" VPOS="2437" WIDTH="41" HEIGHT="37" CONTENT="dì" WC="0.71" CC="05"/>
						<SP ID="P65_SP00856" HPOS="3011" VPOS="2490" WIDTH="31"/>
						<String ID="P65_ST01004" HPOS="3042" VPOS="2435" WIDTH="119" HEIGHT="51" CONTENT="quale" WC="0.98" CC="06022"/>
						<SP ID="P65_SP00857" HPOS="3161" VPOS="2490" WIDTH="29"/>
						<String ID="P65_ST01005" HPOS="3190" VPOS="2434" WIDTH="232" HEIGHT="38" CONTENT="modernità" WC="0.99" CC="000307105"/>
						<SP ID="P65_SP00858" HPOS="3422" VPOS="2490" WIDTH="22"/>
						<String ID="P65_ST01006" HPOS="3444" VPOS="2431" WIDTH="41" HEIGHT="39" CONTENT="di" WC="0.83" CC="03"/>
					</TextLine>
					<TextLine ID="P65_TL00145" HPOS="2446" VPOS="2493" WIDTH="1038" HEIGHT="52">
						<String ID="P65_ST01007" HPOS="2446" VPOS="2497" WIDTH="177" HEIGHT="40" CONTENT="concetti" WC="0.99" CC="01613000"/>
						<SP ID="P65_SP00859" HPOS="2623" VPOS="2537" WIDTH="23"/>
						<String ID="P65_ST01008" HPOS="2646" VPOS="2497" WIDTH="169" HEIGHT="38" CONTENT="creativi" WC="0.99" CC="20300402"/>
						<SP ID="P65_SP00860" HPOS="2815" VPOS="2537" WIDTH="23"/>
						<String ID="P65_ST01009" HPOS="2838" VPOS="2503" WIDTH="148" HEIGHT="42" CONTENT="questa" WC="1.00" CC="050000"/>
						<SP ID="P65_SP00861" HPOS="2986" VPOS="2545" WIDTH="25"/>
						<String ID="P65_ST01010" HPOS="3011" VPOS="2493" WIDTH="203" HEIGHT="39" CONTENT="scrittrice" WC="1.00" CC="0004004300"/>
						<SP ID="P65_SP00862" HPOS="3214" VPOS="2545" WIDTH="31"/>
						<String ID="P65_ST01011" HPOS="3245" VPOS="2505" WIDTH="123" HEIGHT="37" CONTENT="possa" WC="1.00" CC="00020"/>
						<SP ID="P65_SP00863" HPOS="3368" VPOS="2545" WIDTH="21"/>
						<String ID="P65_ST01012" HPOS="3389" VPOS="2503" WIDTH="72" HEIGHT="27" CONTENT="van" SUBS_TYPE="HypPart1" SUBS_CONTENT="vantarsi" WC="0.96" CC="705"/>
						<HYP HPOS="3461" VPOS="2503" WIDTH="23" CONTENT="-"/>
					</TextLine>
					<TextLine ID="P65_TL00146" HPOS="2447" VPOS="2554" WIDTH="285" HEIGHT="40">
						<String ID="P65_ST01013" HPOS="2447" VPOS="2555" WIDTH="98" HEIGHT="39" CONTENT="tarsi" SUBS_TYPE="HypPart2" SUBS_CONTENT="vantarsi" WC="0.99" CC="00406"/>
						<SP ID="P65_SP00864" HPOS="2545" VPOS="2594" WIDTH="32"/>
						<String ID="P65_ST01014" HPOS="2577" VPOS="2554" WIDTH="155" HEIGHT="39" CONTENT="dotata." WC="1.00" CC="0000003"/>
					</TextLine>
					<TextLine ID="P65_TL00147" HPOS="2505" VPOS="2606" WIDTH="981" HEIGHT="55">
						<String ID="P65_ST01015" HPOS="2505" VPOS="2615" WIDTH="94" HEIGHT="36" CONTENT="Non" WC="0.98" CC="005"/>
						<SP ID="P65_SP00865" HPOS="2599" VPOS="2651" WIDTH="33"/>
						<String ID="P65_ST01016" HPOS="2632" VPOS="2616" WIDTH="22" HEIGHT="34" CONTENT="è" WC="0.49" CC="5"/>
						<SP ID="P65_SP00866" HPOS="2654" VPOS="2651" WIDTH="34"/>
						<String ID="P65_ST01017" HPOS="2688" VPOS="2611" WIDTH="195" HEIGHT="50" CONTENT="possibile" WC="0.99" CC="000235400"/>
						<SP ID="P65_SP00867" HPOS="2883" VPOS="2661" WIDTH="30"/>
						<String ID="P65_ST01018" HPOS="2913" VPOS="2610" WIDTH="76" HEIGHT="38" CONTENT="che" WC="0.97" CC="070"/>
						<SP ID="P65_SP00868" HPOS="2989" VPOS="2661" WIDTH="30"/>
						<String ID="P65_ST01019" HPOS="3019" VPOS="2615" WIDTH="107" HEIGHT="33" CONTENT="certe" WC="0.99" CC="33000"/>
						<SP ID="P65_SP00869" HPOS="3126" VPOS="2661" WIDTH="33"/>
						<String ID="P65_ST01020" HPOS="3159" VPOS="2609" WIDTH="153" HEIGHT="49" CONTENT="pagine" WC="0.98" CC="090080"/>
						<SP ID="P65_SP00870" HPOS="3312" VPOS="2661" WIDTH="21"/>
						<String ID="P65_ST01021" HPOS="3333" VPOS="2606" WIDTH="42" HEIGHT="39" CONTENT="di" WC="0.78" CC="04"/>
						<SP ID="P65_SP00871" HPOS="3375" VPOS="2661" WIDTH="34"/>
						<String ID="P65_ST01022" HPOS="3409" VPOS="2606" WIDTH="52" HEIGHT="38" CONTENT="Co" SUBS_TYPE="HypPart1" SUBS_CONTENT="Colette" WC="0.97" CC="02"/>
						<HYP HPOS="3461" VPOS="2606" WIDTH="25" CONTENT="-"/>
					</TextLine>
					<TextLine ID="P65_TL00148" HPOS="2447" VPOS="2664" WIDTH="1034" HEIGHT="55">
						<String ID="P65_ST01023" HPOS="2447" VPOS="2671" WIDTH="98" HEIGHT="38" CONTENT="lette" SUBS_TYPE="HypPart2" SUBS_CONTENT="Colette" WC="0.99" CC="30003"/>
						<SP ID="P65_SP00872" HPOS="2545" VPOS="2709" WIDTH="32"/>
						<String ID="P65_ST01024" HPOS="2577" VPOS="2670" WIDTH="128" HEIGHT="49" CONTENT="Willy" WC="0.97" CC="03636"/>
						<SP ID="P65_SP00873" HPOS="2705" VPOS="2719" WIDTH="32"/>
						<String ID="P65_ST01025" HPOS="2737" VPOS="2670" WIDTH="115" HEIGHT="38" CONTENT="siano" WC="0.97" CC="04971"/>
						<SP ID="P65_SP00874" HPOS="2852" VPOS="2719" WIDTH="32"/>
						<String ID="P65_ST01026" HPOS="2884" VPOS="2669" WIDTH="136" HEIGHT="38" CONTENT="scritte" WC="1.00" CC="0004000"/>
						<SP ID="P65_SP00875" HPOS="3020" VPOS="2719" WIDTH="33"/>
						<String ID="P65_ST01027" HPOS="3053" VPOS="2666" WIDTH="227" HEIGHT="39" CONTENT="solamente" WC="0.99" CC="025800700"/>
						<SP ID="P65_SP00876" HPOS="3280" VPOS="2719" WIDTH="40"/>
						<String ID="P65_ST01028" HPOS="3320" VPOS="2664" WIDTH="141" HEIGHT="40" CONTENT="coll'in" SUBS_TYPE="HypPart1" SUBS_CONTENT="coll'inchiostro." WC="0.65" CC="0043416"/>
						<HYP HPOS="3461" VPOS="2664" WIDTH="20" CONTENT="-"/>
					</TextLine>
					<TextLine ID="P65_TL00149" HPOS="2449" VPOS="2721" WIDTH="1035" HEIGHT="50">
						<String ID="P65_ST01029" HPOS="2449" VPOS="2729" WIDTH="196" HEIGHT="42" CONTENT="chiostro." SUBS_TYPE="HypPart2" SUBS_CONTENT="coll'inchiostro." WC="0.82" CC="100000904"/>
						<SP ID="P65_SP00877" HPOS="2645" VPOS="2771" WIDTH="46"/>
						<String ID="P65_ST01030" HPOS="2691" VPOS="2728" WIDTH="114" HEIGHT="38" CONTENT="Direi" WC="0.97" CC="37604"/>
						<SP ID="P65_SP00878" HPOS="2805" VPOS="2771" WIDTH="46"/>
						<String ID="P65_ST01031" HPOS="2851" VPOS="2727" WIDTH="75" HEIGHT="38" CONTENT="che" WC="1.00" CC="000"/>
						<SP ID="P65_SP00879" HPOS="2926" VPOS="2771" WIDTH="46"/>
						<String ID="P65_ST01032" HPOS="2972" VPOS="2726" WIDTH="114" HEIGHT="38" CONTENT="siano" WC="0.99" CC="05003"/>
						<SP ID="P65_SP00880" HPOS="3086" VPOS="2771" WIDTH="52"/>
						<String ID="P65_ST01033" HPOS="3138" VPOS="2724" WIDTH="136" HEIGHT="39" CONTENT="scritte" WC="1.00" CC="0200000"/>
						<SP ID="P65_SP00881" HPOS="3274" VPOS="2771" WIDTH="46"/>
						<String ID="P65_ST01034" HPOS="3320" VPOS="2736" WIDTH="78" HEIGHT="25" CONTENT="con" WC="0.96" CC="036"/>
						<SP ID="P65_SP00882" HPOS="3398" VPOS="2771" WIDTH="45"/>
						<String ID="P65_ST01035" HPOS="3443" VPOS="2721" WIDTH="41" HEIGHT="38" CONTENT="lo" WC="0.92" CC="10"/>
					</TextLine>
					<TextLine ID="P65_TL00150" HPOS="2450" VPOS="2787" WIDTH="329" HEIGHT="50">
						<String ID="P65_ST01036" HPOS="2450" VPOS="2787" WIDTH="329" HEIGHT="50" CONTENT="Champagne...." WC="1.00" CC="0401000404004"/>
					</TextLine>
					<TextLine ID="P65_TL00151" HPOS="2689" VPOS="2909" WIDTH="789" HEIGHT="43">
						<String ID="P65_ST01037" HPOS="2689" VPOS="2937" WIDTH="56" HEIGHT="5" CONTENT="—" WC="0.20" CC="8" STYLEREFS="TXT_0"/>
						<SP ID="P65_SP00883" HPOS="2745" VPOS="2942" WIDTH="23"/>
						<String ID="P65_ST01038" HPOS="2768" VPOS="2911" WIDTH="318" HEIGHT="40" CONTENT="L'INDOMANI." WC="0.99" CC="02774027314" STYLEREFS="TXT_0"/>
						<SP ID="P65_SP00884" HPOS="3086" VPOS="2951" WIDTH="25"/>
						<String ID="P65_ST01039" HPOS="3111" VPOS="2931" WIDTH="48" HEIGHT="6" CONTENT="—" WC="0.20" CC="8"/>
						<SP ID="P65_SP00885" HPOS="3159" VPOS="2951" WIDTH="20"/>
						<String ID="P65_ST01040" HPOS="3179" VPOS="2909" WIDTH="104" HEIGHT="38" CONTENT="F.lli" WC="0.73" CC="16130" STYLEREFS="TXT_2"/>
						<SP ID="P65_SP00886" HPOS="3283" VPOS="2951" WIDTH="26"/>
						<String ID="P65_ST01041" HPOS="3309" VPOS="2909" WIDTH="169" HEIGHT="43" CONTENT="Treves;" WC="0.65" CC="0064056" STYLEREFS="TXT_2"/>
					</TextLine>
					<TextLine ID="P65_TL00152" HPOS="2511" VPOS="2973" WIDTH="167" HEIGHT="38">
						<String ID="P65_ST01042" HPOS="2511" VPOS="2973" WIDTH="167" HEIGHT="38" CONTENT="Milano." WC="0.98" CC="0248304"/>
					</TextLine>
					<TextLine ID="P65_TL00153" HPOS="2512" VPOS="3046" WIDTH="975" HEIGHT="52">
						<String ID="P65_ST01043" HPOS="2512" VPOS="3054" WIDTH="32" HEIGHT="39" CONTENT="11" WC="0.80" CC="40"/>
						<SP ID="P65_SP00887" HPOS="2544" VPOS="3093" WIDTH="33"/>
						<String ID="P65_ST01044" HPOS="2577" VPOS="3064" WIDTH="207" HEIGHT="33" CONTENT="romanzo," WC="0.99" CC="30094023"/>
						<SP ID="P65_SP00888" HPOS="2784" VPOS="3097" WIDTH="25"/>
						<String ID="P65_ST01045" HPOS="2809" VPOS="3050" WIDTH="145" HEIGHT="38" CONTENT="scritto" WC="1.00" CC="0301002"/>
						<SP ID="P65_SP00889" HPOS="2954" VPOS="3097" WIDTH="22"/>
						<String ID="P65_ST01046" HPOS="2976" VPOS="3062" WIDTH="22" HEIGHT="24" CONTENT="e" WC="1.00" CC="0"/>
						<SP ID="P65_SP00890" HPOS="2998" VPOS="3097" WIDTH="21"/>
						<String ID="P65_ST01047" HPOS="3019" VPOS="3047" WIDTH="239" HEIGHT="51" CONTENT="pubblicato" WC="1.00" CC="0800000070"/>
						<SP ID="P65_SP00891" HPOS="3258" VPOS="3098" WIDTH="28"/>
						<String ID="P65_ST01048" HPOS="3286" VPOS="3046" WIDTH="38" HEIGHT="38" CONTENT="la" WC="1.00" CC="00"/>
						<SP ID="P65_SP00892" HPOS="3324" VPOS="3098" WIDTH="32"/>
						<String ID="P65_ST01049" HPOS="3356" VPOS="3046" WIDTH="131" HEIGHT="49" CONTENT="prima" WC="0.99" CC="00400"/>
					</TextLine>
					<TextLine ID="P65_TL00154" HPOS="2453" VPOS="3104" WIDTH="1030" HEIGHT="56">
						<String ID="P65_ST01050" HPOS="2453" VPOS="3112" WIDTH="114" HEIGHT="39" CONTENT="volta" WC="0.99" CC="05400"/>
						<SP ID="P65_SP00893" HPOS="2567" VPOS="3151" WIDTH="32"/>
						<String ID="P65_ST01051" HPOS="2599" VPOS="3109" WIDTH="190" HEIGHT="51" CONTENT="parecchi" WC="0.99" CC="00400060"/>
						<SP ID="P65_SP00894" HPOS="2789" VPOS="3160" WIDTH="33"/>
						<String ID="P65_ST01052" HPOS="2822" VPOS="3107" WIDTH="96" HEIGHT="38" CONTENT="anni" WC="0.98" CC="0604"/>
						<SP ID="P65_SP00895" HPOS="2918" VPOS="3160" WIDTH="33"/>
						<String ID="P65_ST01053" HPOS="2951" VPOS="3120" WIDTH="46" HEIGHT="25" CONTENT="or" WC="0.94" CC="01"/>
						<SP ID="P65_SP00896" HPOS="2997" VPOS="3160" WIDTH="22"/>
						<String ID="P65_ST01054" HPOS="3019" VPOS="3118" WIDTH="115" HEIGHT="33" CONTENT="sono," WC="0.98" CC="04800"/>
						<SP ID="P65_SP00897" HPOS="3134" VPOS="3160" WIDTH="25"/>
						<String ID="P65_ST01055" HPOS="3159" VPOS="3105" WIDTH="53" HEIGHT="37" CONTENT="ha" WC="1.00" CC="00"/>
						<SP ID="P65_SP00898" HPOS="3212" VPOS="3160" WIDTH="31"/>
						<String ID="P65_ST01056" HPOS="3243" VPOS="3118" WIDTH="83" HEIGHT="24" CONTENT="una" WC="0.95" CC="560"/>
						<SP ID="P65_SP00899" HPOS="3326" VPOS="3160" WIDTH="20"/>
						<String ID="P65_ST01057" HPOS="3346" VPOS="3104" WIDTH="137" HEIGHT="48" CONTENT="storia," WC="0.99" CC="0003404"/>
					</TextLine>
					<TextLine ID="P65_TL00155" HPOS="2453" VPOS="3162" WIDTH="1033" HEIGHT="58">
						<String ID="P65_ST01058" HPOS="2453" VPOS="3170" WIDTH="117" HEIGHT="50" CONTENT="quasi" WC="0.98" CC="04604"/>
						<SP ID="P65_SP00900" HPOS="2570" VPOS="3220" WIDTH="26"/>
						<String ID="P65_ST01059" HPOS="2596" VPOS="3168" WIDTH="116" HEIGHT="41" CONTENT="direi," WC="0.99" CC="050043"/>
						<SP ID="P65_SP00901" HPOS="2712" VPOS="3220" WIDTH="34"/>
						<String ID="P65_ST01060" HPOS="2746" VPOS="3166" WIDTH="152" HEIGHT="40" CONTENT="eroica." WC="1.00" CC="0001103"/>
						<SP ID="P65_SP00902" HPOS="2898" VPOS="3220" WIDTH="30"/>
						<String ID="P65_ST01061" HPOS="2928" VPOS="3166" WIDTH="123" HEIGHT="46" CONTENT="Dopo" WC="1.00" CC="2000"/>
						<SP ID="P65_SP00903" HPOS="3051" VPOS="3220" WIDTH="32"/>
						<String ID="P65_ST01062" HPOS="3083" VPOS="3163" WIDTH="139" HEIGHT="37" CONTENT="averlo" WC="0.99" CC="004040"/>
						<SP ID="P65_SP00904" HPOS="3222" VPOS="3220" WIDTH="31"/>
						<String ID="P65_ST01063" HPOS="3253" VPOS="3162" WIDTH="128" HEIGHT="39" CONTENT="scelto" WC="0.99" CC="032300"/>
						<SP ID="P65_SP00905" HPOS="3381" VPOS="3220" WIDTH="32"/>
						<String ID="P65_ST01064" HPOS="3413" VPOS="3175" WIDTH="73" HEIGHT="36" CONTENT="per" WC="1.00" CC="000"/>
					</TextLine>
					<TextLine ID="P65_TL00156" HPOS="2452" VPOS="3220" WIDTH="1033" HEIGHT="46">
						<String ID="P65_ST01065" HPOS="2452" VPOS="3229" WIDTH="38" HEIGHT="37" CONTENT="la" WC="1.00" CC="00"/>
						<SP ID="P65_SP00906" HPOS="2490" VPOS="3266" WIDTH="33"/>
						<String ID="P65_ST01066" HPOS="2523" VPOS="3229" WIDTH="141" HEIGHT="36" CONTENT="Revue" WC="0.61" CC="09540" STYLEREFS="TXT_2"/>
						<SP ID="P65_SP00907" HPOS="2664" VPOS="3266" WIDTH="40"/>
						<String ID="P65_ST01067" HPOS="2704" VPOS="3227" WIDTH="68" HEIGHT="36" CONTENT="des" WC="0.92" CC="002" STYLEREFS="TXT_2"/>
						<SP ID="P65_SP00908" HPOS="2772" VPOS="3266" WIDTH="34"/>
						<String ID="P65_ST01068" HPOS="2806" VPOS="3225" WIDTH="111" HEIGHT="37" CONTENT="deux" WC="0.80" CC="0080" STYLEREFS="TXT_2"/>
						<SP ID="P65_SP00909" HPOS="2917" VPOS="3266" WIDTH="46"/>
						<String ID="P65_ST01069" HPOS="2963" VPOS="3221" WIDTH="174" HEIGHT="39" CONTENT="Mo?ides" WC="0.56" CC="0576055" STYLEREFS="TXT_2"/>
						<String ID="P65_ST01070" HPOS="3141" VPOS="3252" WIDTH="7" HEIGHT="13" CONTENT="," WC="0.99" CC="0"/>
						<SP ID="P65_SP00910" HPOS="3148" VPOS="3266" WIDTH="48"/>
						<String ID="P65_ST01071" HPOS="3196" VPOS="3233" WIDTH="78" HEIGHT="26" CONTENT="ove" WC="0.97" CC="160"/>
						<SP ID="P65_SP00911" HPOS="3274" VPOS="3266" WIDTH="36"/>
						<String ID="P65_ST01072" HPOS="3310" VPOS="3220" WIDTH="175" HEIGHT="38" CONTENT="sarebbe" WC="1.00" CC="0000250"/>
					</TextLine>
					<TextLine ID="P65_TL00157" HPOS="2453" VPOS="3278" WIDTH="1032" HEIGHT="58">
						<String ID="P65_ST01073" HPOS="2453" VPOS="3297" WIDTH="177" HEIGHT="39" CONTENT="apparso" WC="0.99" CC="5000050"/>
						<SP ID="P65_SP00912" HPOS="2630" VPOS="3336" WIDTH="32"/>
						<String ID="P65_ST01074" HPOS="2662" VPOS="3284" WIDTH="105" HEIGHT="37" CONTENT="nella" WC="0.99" CC="00420"/>
						<SP ID="P65_SP00913" HPOS="2767" VPOS="3336" WIDTH="30"/>
						<String ID="P65_ST01075" HPOS="2797" VPOS="3280" WIDTH="171" HEIGHT="51" CONTENT="limpida" WC="1.00" CC="0000400"/>
						<SP ID="P65_SP00914" HPOS="2968" VPOS="3336" WIDTH="21"/>
						<String ID="P65_ST01076" HPOS="2989" VPOS="3278" WIDTH="242" HEIGHT="40" CONTENT="traduzione" WC="1.00" CC="1600000070"/>
						<SP ID="P65_SP00915" HPOS="3231" VPOS="3336" WIDTH="21"/>
						<String ID="P65_ST01077" HPOS="3252" VPOS="3278" WIDTH="41" HEIGHT="38" CONTENT="di" WC="0.92" CC="01"/>
						<SP ID="P65_SP00916" HPOS="3293" VPOS="3336" WIDTH="25"/>
						<String ID="P65_ST01078" HPOS="3318" VPOS="3278" WIDTH="167" HEIGHT="38" CONTENT="Herelle" WC="0.77" CC="4403030"/>
					</TextLine>
					<TextLine ID="P65_TL00158" HPOS="2454" VPOS="3335" WIDTH="1032" HEIGHT="59">
						<String ID="P65_ST01079" HPOS="2454" VPOS="3345" WIDTH="49" HEIGHT="49" CONTENT="(il" WC="0.98" CC="021"/>
						<SP ID="P65_SP00917" HPOS="2503" VPOS="3394" WIDTH="31"/>
						<String ID="P65_ST01080" HPOS="2534" VPOS="3342" WIDTH="235" HEIGHT="39" CONTENT="traduttore" WC="1.00" CC="0000200000"/>
						<SP ID="P65_SP00918" HPOS="2769" VPOS="3394" WIDTH="31"/>
						<String ID="P65_ST01081" HPOS="2800" VPOS="3340" WIDTH="42" HEIGHT="37" CONTENT="di" WC="0.80" CC="04"/>
						<SP ID="P65_SP00919" HPOS="2842" VPOS="3394" WIDTH="42"/>
						<String ID="P65_ST01082" HPOS="2884" VPOS="3337" WIDTH="293" HEIGHT="48" CONTENT="D'Annunzio)" WC="0.99" CC="93078450600"/>
						<SP ID="P65_SP00920" HPOS="3177" VPOS="3394" WIDTH="37"/>
						<String ID="P65_ST01083" HPOS="3214" VPOS="3335" WIDTH="272" HEIGHT="39" CONTENT="Ferdinando" WC="1.00" CC="0000400800"/>
					</TextLine>
					<TextLine ID="P65_TL00159" HPOS="2455" VPOS="3392" WIDTH="1031" HEIGHT="53">
						<String ID="P65_ST01084" HPOS="2455" VPOS="3398" WIDTH="254" HEIGHT="47" CONTENT="Brunetière," WC="0.90" CC="00050005000"/>
						<SP ID="P65_SP00921" HPOS="2709" VPOS="3445" WIDTH="42"/>
						<String ID="P65_ST01085" HPOS="2751" VPOS="3396" WIDTH="64" HEIGHT="40" CONTENT="all'" WC="0.98" CC="0044"/>
						<SP ID="P65_SP00922" HPOS="2815" VPOS="3445" WIDTH="21"/>
						<String ID="P65_ST01086" HPOS="2836" VPOS="3396" WIDTH="146" HEIGHT="39" CONTENT="ultimo" WC="0.99" CC="530400"/>
						<SP ID="P65_SP00923" HPOS="2982" VPOS="3445" WIDTH="37"/>
						<String ID="P65_ST01087" HPOS="3019" VPOS="3401" WIDTH="223" HEIGHT="40" CONTENT="momento," WC="0.99" CC="00027044"/>
						<SP ID="P65_SP00924" HPOS="3242" VPOS="3445" WIDTH="34"/>
						<String ID="P65_ST01088" HPOS="3276" VPOS="3394" WIDTH="136" HEIGHT="39" CONTENT="decise" WC="1.00" CC="000000"/>
						<SP ID="P65_SP00925" HPOS="3412" VPOS="3445" WIDTH="31"/>
						<String ID="P65_ST01089" HPOS="3443" VPOS="3392" WIDTH="43" HEIGHT="39" CONTENT="di" WC="0.65" CC="60"/>
					</TextLine>
				</TextBlock>
				<TextBlock ID="P65_TB00005" HPOS="1717" VPOS="3534" WIDTH="226" HEIGHT="47" STYLEREFS="TXT_7 PAR_CENTER">
					<TextLine ID="P65_TL00160" HPOS="1717" VPOS="3534" WIDTH="226" HEIGHT="47">
						<String ID="P65_ST01090" HPOS="1717" VPOS="3534" WIDTH="226" HEIGHT="47" CONTENT="63" WC="1.00" CC="00"/>
					</TextLine>
				</TextBlock>
			</PrintSpace>
		</Page>
	</Layout>
</alto>
