3977 3667
3144 236 269 36 POESIA

283 366 201 104 Mon
532 399 241 74 cœur
816 384 135 89 est
994 399 125 74 un
1162 371 157 104 ciel
1370 371 313 104 lourd...

208 552 118 43 Moti
365 567 130 30 coeur
531 563 70 34 est
638 569 61 28 un
738 554 83 44 ciel
858 553 134 46 lourd
1030 553 196 63 d'orage
1260 572 60 28 011
1359 556 42 44 la
1439 555 204 61 tempète

207 631 168 58 Eploie
414 631 360 46 immensément
808 649 75 28 ses
920 635 124 44 deux
1082 633 111 46 ailes
1229 635 58 43 de
1323 635 175 59 plomb,

206 710 64 42 Et
308 725 59 28 ne
405 709 152 46 s'abat
586 711 185 60 jamais,
809 722 47 34 et
893 713 179 44 semble
1109 713 211 61 toujours
1359 711 129 60 prète

205 788 46 44 A
294 788 177 54 fondre,
512 788 334 56 éblouissante,
883 807 56 28 en
978 789 203 62 l'espace
1217 792 217 59 profond.

207 922 218 59 J'étoufFe
448 924 7 44 !
495 924 79 45 Oh
597 924 7 45 !
645 940 53 29 ce
734 941 88 28 cou
826 925 153 45 verde
1014 925 214 46 écrasant
1263 943 79 28 sur
1378 945 76 28 ma
1489 927 45 45 tè
1539 938 45 35 te
1605 931 10 43 !

213 1000 69 46 Ce
319 1002 182 45 brasier
538 1004 191 43 sombre
765 1019 61 28 ou
863 1003 43 45 le
941 1014 114 35 vent
1091 1015 153 34 meurt
1279 1022 110 28 sans
1426 1023 61 27 un
1528 1007 191 47 frisson!

212 1080 70 44 La
320 1091 124 34 terre
480 1097 111 28 sous
627 1097 100 29 mes
763 1098 85 43 pas
882 1084 176 43 semble
1096 1100 197 43 craquer
1329 1095 47 33 et
1414 1084 140 60 quète

214 1159 78 45 Un
322 1176 89 42 peu
432 1159 228 54 d'ombre,
682 1176 63 29 un
766 1178 92 41 peu
879 1160 187 48 d'eau...
1096 1164 77 43 Ou
1200 1164 235 44 refratchir
1455 1181 107 28 mon
1601 1163 155 47 front?

204 1293 85 60 J'ai
327 1312 29 42 p
361 1295 7 29 ]
376 1294 125 61 ongé
541 1312 108 28 mon
688 1296 161 60 visage
884 1312 60 29 au
981 1296 167 53 fleuve,
1187 1307 47 34 et
1263 1295 70 63 j'y
1369 1309 216 34 retrouve

211 1373 69 44 Le
317 1374 165 58 plomb
519 1375 59 43 de
614 1372 101 46 Fair
752 1385 45 33 et
833 1374 44 46 la
913 1385 193 49 torpeur
1142 1376 58 44 de
1236 1373 100 47 l'air
1371 1377 203 46 brulant.

211 1450 360 47 N'éclateras-tu
609 1469 96 43 pas,
745 1469 144 45 orage
925 1454 171 44 ardent
1131 1456 78 57 qui
1246 1471 174 29 couves

214 1530 138 45 Dans
386 1547 108 28 mon
533 1547 130 29 coeur
699 1531 201 54 accablé,
943 1534 164 58 depuis
1145 1550 61 27 un
1244 1535 36 43 si
1318 1533 112 61 long
1467 1546 152 48 temps
1637 1535 18 46 ?

212 1663 366 47 N'éclateras-tu
616 1665 117 59 pas?
771 1667 157 44 Toute
965 1683 75 28 ma
1077 1668 127 44 chair
1240 1667 234 60 t'appelle.

214 1744 252 45 Ivre-mort
502 1745 42 44 le
581 1744 129 45 soleil
748 1761 28 28 a
811 1744 132 46 coulé
981 1747 118 43 dans
1134 1762 110 28 mon
1281 1762 133 44 sang.

219 1822 136 43 Dans
392 1838 60 28 un
494 1823 148 44 fracas
678 1839 146 37 sacre,
863 1824 118 43 dans
1019 1840 60 27 un
1115 1824 75 44 voi
1227 1823 304 52 d'étincelles,

217 1900 163 45 Ouvre
418 1900 187 45 Técluse
642 1901 103 44 d'or
781 1903 58 43 de
875 1912 70 34 tes
979 1903 159 59 doigts
1174 1903 296 46 ruisselants:

215 2036 94 43 Les
347 2035 161 44 fauves
545 2037 214 57 passions
795 2052 93 29 aux
923 2048 158 48 gestes
1118 2036 296 60 frénétiques,

215 2114 195 44 Debout
446 2115 118 42 dans
602 2114 42 44 le
683 2114 163 61 réfuge
882 2114 156 45 ébloui
1075 2117 58 43 de
1171 2131 108 28 mon
1316 2132 143 36 coeur,

215 2194 131 43 Vont
382 2192 210 45 dénouer
628 2192 125 45 leurs
790 2194 270 44 chevelures
1096 2193 293 60 électriques,

216 2272 62 44 Et
307 2273 50 60 je
394 2273 164 43 crierai
595 2272 58 44 de
682 2272 98 60 joie
817 2274 137 58 aigué
990 2283 47 34 et
1073 2274 59 43 de
1169 2272 208 45 douleur.

217 2406 300 60 Qu'importe
540 2408 7 44 !
588 2406 107 58 Que
732 2404 178 63 l'orage
946 2406 225 59 exaspéré
1209 2424 232 27 massacre

217 2486 131 44 Tout
384 2502 52 28 ce
472 2486 80 58 qui
590 2486 67 44 fut
685 2486 125 59 jadis
847 2502 75 28 ma
952 2486 97 59 joie
1086 2496 46 34 et
1168 2502 110 28 mon
1315 2486 193 59 orgueil,

218 2564 62 44 Et
317 2581 92 43 que
447 2564 44 44 la
528 2564 166 44 foudre
730 2565 60 43 de
827 2580 83 28 son
950 2565 152 43 baiser
1140 2564 106 44 bleu
1285 2580 222 28 consacre

221 2643 198 45 L'arbre
454 2644 78 58 qui
571 2658 51 28 se
658 2643 214 49 dressait,
912 2642 301 60 magnifique,
1252 2643 28 44 à
1317 2659 107 27 mon
1463 2643 128 56 seuil,

222 2777 107 58 Que
365 2775 191 60 l'espoir
590 2776 110 44 clair
736 2777 82 43 des
856 2777 103 43 nids
995 2777 200 45 s'écrase
1232 2794 78 28 sur
1348 2779 42 43 la
1429 2789 132 46 terre,

221 2857 108 57 Que
366 2856 43 44 le
446 2855 153 45 fleuve
636 2855 209 45 déborde
881 2872 58 28 en
979 2866 177 50 noyant
1192 2857 66 44 les
1295 2857 221 54 chemins,

224 2935 106 57 Que
372 2935 226 43 flambent
636 2934 66 44 les
739 2937 244 48 moissons,
1021 2952 91 42 que
1149 2936 158 44 croule
1344 2937 43 43 le
1424 2951 232 38 tonnerre,

220 3041 59 4 —
322 3013 122 44 Mais
480 3029 92 43 que
607 3012 44 46 le
690 3014 84 43 ciel
811 3015 229 44 devienne
1077 3014 127 45 enfin
1242 3031 88 42 pur
1366 3025 48 34 et
1451 3015 151 45 serein
1621 3015 7 45 !

1295 3115 185 47 Cécile
1510 3115 180 47 Périn.

2051 1076 430 99 VIRGO
2559 1076 704 97 PURISSIMA

3138 1286 26 26 A
3191 1286 51 25 LA
3269 1286 161 25 FRANCE

1889 1423 178 45 Tandis
2091 1439 91 43 que
2228 1422 337 59 complaisante
2590 1431 47 35 et
2660 1420 233 52 lointaine,
2933 1435 200 44 presque
3168 1416 257 63 étrangère,

1888 1501 73 44 Tu
1998 1510 46 36 te
2079 1501 136 44 livres
2252 1502 27 43 à
2314 1500 123 45 leurs
2473 1515 216 37 caresses,

1891 1580 198 44 Comme
2124 1596 90 27 une
2251 1580 127 43 reine
2414 1589 46 34 et
2496 1594 181 29 comme
2713 1593 91 29 une
2839 1576 120 45 catin
2997 1586 104 34 tout
3136 1576 27 44 à
3198 1575 43 44 la
3278 1575 100 54 fois,

1889 1658 178 45 Tandis
2102 1675 92 42 que
2229 1658 123 44 leurs
2389 1668 156 49 gestes
2581 1657 180 44 vicieux

1890 1736 275 45 S'efforcent
2201 1735 236 46 d'éveiller
2472 1752 54 28 en
2566 1736 79 49 toi,
2686 1733 28 46 ó
2750 1734 185 59 Vierge,

1893 1813 339 60 L'impossible
2267 1811 203 61 volupté,

1886 1893 50 60 Je
1971 1893 264 58 contemple
2270 1902 71 34 tes
2375 1907 133 44 yeux,
2549 1902 71 34 tes
2657 1892 152 44 beaux
2842 1906 122 43 yeux
2999 1887 346 55 d'immortelle,

1893 1971 108 44 Afin
2040 1971 28 44 d
2088 1987 29 42 y
2153 1968 243 47 découvrir
2431 1980 80 34 ton
2548 1968 129 47 àme!

1894 2050 106 57 Que
2015 2050 264 58 mimporte
2292 2059 80 34 ton
2387 2064 136 43 corps
2537 2046 137 61 qu'ils
2688 2063 57 28 ne
2756 2056 204 49 peuvent
2974 2043 148 48 mème
3134 2062 83 42 pas
3230 2044 202 52 souiller;

1894 2128 106 57 Que
2037 2128 330 57 m'importent
2401 2126 66 45 les
2503 2127 163 44 chants
2701 2125 237 52 obscénes,

1894 2207 61 44 Et
1989 2206 44 44 la
2069 2206 154 44 fausse
2261 2206 171 44 ivresse
2468 2205 80 59 qui
2584 2204 65 44 les
2686 2202 167 60 pàme?

1893 2285 73 45 Tu
2004 2300 58 28 ne
2096 2284 178 44 saurais
2311 2283 155 45 fremir
2500 2300 111 27 sous
2646 2281 98 46 leur
2778 2282 175 44 baiser!

1896 2363 123 44 Mais
2054 2378 56 28 en
2150 2362 104 51 moi,
2295 2363 78 57 qui
2411 2359 91 46 n'ai
2539 2377 84 42 pas
2658 2361 127 43 souci
2822 2361 57 43 de
2915 2370 46 33 te
2997 2359 210 59 prendre,

1888 2442 51 59 je
1975 2457 108 28 sens
2119 2439 216 61 pénétrer
2371 2450 103 35 tout
2509 2440 279 43 doucement

1896 2519 217 59 Quelque
2133 2519 138 44 chose
2290 2519 58 44 de
2367 2519 139 51 divin,
2529 2518 354 59 quelquechose
2903 2514 289 61 quidépasse
3211 2516 42 45 le
3272 2532 161 43 songe.

1897 2599 60 44 Et
1992 2598 79 59 qui
2108 2604 165 38 émane
2308 2598 59 43 de
2402 2608 47 34 ta
2485 2598 84 50 vie,
2611 2598 57 42 de
2705 2607 79 34 ton
2822 2606 247 40 tourment,
3098 2596 58 43 de
3180 2605 47 34 ta
3251 2593 181 53 beauté,

1898 2678 197 44 Comme
2130 2676 142 44 d'une
2309 2676 114 45 fleur
2459 2692 206 42 sauvage
2702 2673 180 46 l'odeur
2917 2674 239 59 profonde,

1899 2756 61 44 Et
1990 2756 49 59 je
2073 2755 173 60 pleure.

1889 2834 52 60 Je
1975 2834 220 44 voudrais
2230 2843 46 35 te
2312 2834 180 44 donner
2528 2849 108 28 mon
2674 2848 142 44 sang:

1900 2912 113 46 Cela
2031 2912 214 46 vaudrait
2265 2912 155 45 mieux
2434 2928 90 43 que
2538 2912 83 44 des
2635 2912 101 52 cris,
2752 2911 82 44 des
2848 2912 162 43 chants
3029 2926 59 28 ou
3103 2911 82 43 des
3205 2926 228 43 psaumes;

1902 2992 123 44 Mais
2054 2991 49 60 je
2139 2991 96 45 suis
2271 2993 37 41 si
2345 2990 191 45 humble

1900 3070 61 44 Et
1997 3085 118 44 pour
2151 3069 164 44 t'offrir
2350 3085 109 28 mon
2497 3085 138 35 coeur,
2676 3068 42 59 je
2755 3084 58 28 ne
2848 3067 92 45 sais
2975 3077 255 41 comment;

1901 3149 93 44 Car
2030 3158 48 35 tu
2116 3160 214 46 acceptes
2366 3147 66 46 les
2467 3163 207 30 caresses

1902 3227 74 44 De
2011 3236 102 35 tant
2147 3227 59 43 de
2242 3226 109 44 faux
2385 3235 184 35 amants
2604 3224 79 60 qui
2721 3240 57 29 ne
2813 3224 176 45 croient
3024 3240 84 43 pas
3143 3240 56 27 en
3237 3224 87 44 Toi
3343 3224 7 43 !

2821 3325 222 47 Philéas
3340 3326 29 48 Lebesgue.

1810 3482 50 37 45
