3977 3667
497 287 264 39 POESIA

803 563 172 131 IL
1092 563 853 136 SUICIDIO
2067 563 1341 136 D'UN'ARMATA

1060 826 358 39 FRAMMENTO
1452 826 59 38 DI
1544 826 120 38 UNA
1695 824 376 38 TRADUZIONE
2101 824 187 37 DELLA
2362 815 322 58 CONQUÈTE
2712 827 111 37 DES
2852 815 249 46 ÉTOILES
3120 851 23 17 „

493 1051 56 37 Le
579 1051 260 49 gigantesche
870 1051 159 38 braccia
1059 1059 117 30 entro
1206 1051 58 51 gli
1295 1051 130 46 abissi,

492 1117 25 38 il
550 1121 88 35 Mar
670 1119 198 46 Sovrano,

492 1186 178 47 carponi,
701 1187 31 36 si
764 1185 118 39 chinò
917 1200 47 24 su
997 1185 232 39 l'orizzonte

491 1266 23 23 a
544 1254 221 48 sorvegliar
795 1253 49 38 de
873 1255 37 36 le
939 1267 71 24 sue
1040 1260 149 31 armate
1218 1253 26 37 il
1277 1260 125 33 moto.

494 1320 207 37 Libravasi
731 1321 192 38 altissima
952 1321 193 38 l'enorme
1174 1321 170 48 lozanga

493 1387 51 38 de
573 1387 36 37 la
640 1401 73 24 sua
743 1388 126 37 faccia
899 1388 189 38 olivastra

494 1454 26 38 il
551 1454 101 38 cielo
683 1455 309 48 ingombrando,
1024 1469 21 24 e
1074 1455 37 38 la
1142 1468 96 25 nera

492 1534 72 25 sua
593 1521 160 38 chioma
782 1523 236 37 torrenziale

493 1589 203 38 inondava
727 1589 40 38 lo
799 1590 128 37 Zenit.

494 1656 47 38 In
571 1670 54 23 un
655 1670 100 36 gran
785 1658 80 37 riso
895 1658 117 48 pieno
1042 1657 225 50 d'alterigia
1297 1658 142 45 solare,

495 1723 27 38 il
543 1725 87 36 Mar
661 1726 183 37 Sovrano
874 1738 141 35 aperse
1035 1726 38 37 la
1097 1726 170 38 colossal
1286 1738 73 25 sua
1378 1726 122 38 bocca

495 1804 74 25 ove
599 1792 37 37 la
665 1792 238 38 carneficina
934 1794 160 36 fumava
1122 1793 64 38 del
1214 1800 202 31 tramonto

494 1871 22 26 e
545 1860 137 49 gridò:
715 1860 172 38 Avanti!

495 1927 144 37 Subito
668 1928 241 38 lentamente
927 1927 284 40 s'avanzarono
1240 1928 37 38 le
1306 1929 191 47 Trombe,

496 1994 12 37 i
538 1994 120 38 lembi
687 1995 314 49 congiungendo

496 2061 49 37 de
574 2062 37 37 le
638 2062 87 38 loro
755 2069 59 31 tre
844 2062 63 38 file
937 2062 303 47 interminabili;

495 2129 206 38 formavan
731 2143 86 25 esse
846 2144 80 24 una
955 2138 112 31 vasta

495 2197 168 38 circolar
693 2197 212 39 colonnata

494 2264 73 38 che
597 2265 156 38 andava
782 2265 301 39 richiudendosi

495 2332 62 38 sui
588 2333 243 37 condannati
860 2333 166 38 eserciti.

496 2400 36 38 O
564 2399 281 49 disperazione
875 2401 64 37 dei
969 2401 208 38 sacrificati
1207 2402 241 50 squadroni!

495 2467 37 38 O
562 2468 262 48 spaventevol
854 2468 172 39 suicidio

496 2534 122 38 d'una
648 2535 126 38 intera
803 2544 164 39 armata,
1006 2537 73 37 che
1108 2537 107 39 lenta

495 2602 230 38 inanellarsi
755 2603 162 38 intorno
946 2617 23 24 a
999 2606 41 35 sè
1069 2605 126 38 vedea

495 2669 37 38 la
562 2670 156 37 cintura
750 2671 179 47 mortale,

495 2737 39 38 la
562 2737 127 38 ronda
719 2746 209 30 veemente
958 2753 21 23 e
1009 2747 226 32 mostruosa

496 2805 51 37 de
576 2804 37 38 le
643 2805 175 38 Trombe
847 2806 206 39 allineate!

496 2926 65 40 Gli
593 2928 221 49 squadroni
845 2928 51 38 de
926 2928 147 39 l'Onde
1102 2929 51 38 da
1182 2930 97 49 ogni
1307 2929 81 39 lato

497 2994 51 38 de
576 2993 231 41 l'orizzonte

496 3062 170 49 volgean
695 3063 36 38 le
762 3064 143 49 briglie
934 3078 20 23 e
975 3078 280 36 convergeano
1283 3066 36 37 al
1348 3072 150 33 centro.

497 3130 237 49 Impazzava
763 3132 27 36 il
819 3132 180 49 galoppo
1028 3133 81 38 fino
1139 3134 76 37 alla
1244 3134 185 39 frenesia.

498 3196 56 38 Le
583 3210 139 35 zampe
752 3198 61 38 lor
842 3200 228 39 convulsive
1103 3201 257 48 picchiavano

1602 1051 24 36 il
1658 1050 127 47 suolo,
1819 1050 42 37 in
1890 1056 204 31 crescente
2123 1049 323 50 precipitazione,

1603 1120 82 36 così
1715 1118 73 37 che
1818 1118 12 37 i
1861 1117 209 38 disfrenati

1600 1185 149 38 zoccoli
1783 1185 188 38 battevan
2002 1185 38 37 la
2072 1186 130 37 carica

1602 1253 61 38 sui
1692 1253 136 38 sonori
1860 1253 177 38 tamburi
2068 1253 64 37 dei
2163 1253 159 38 terreni.

1603 1388 79 37 Tra
1714 1387 39 38 lo
1783 1388 271 49 sfregamento
2084 1388 64 38 del
2179 1395 121 30 vento
2331 1387 248 38 infaticabile

1601 1456 224 47 stringente
1854 1468 23 24 a
1907 1468 92 25 caso
2029 1456 36 37 le
2095 1454 170 39 omicide
2294 1454 183 49 spazzole

1603 1522 40 38 di
1660 1523 118 44 ferro,
1792 1536 69 35 per
1872 1522 191 49 strigliar,
2077 1536 21 23 a
2111 1522 348 49 grand'acquanel
2472 1523 136 48 fango,

1601 1590 83 37 fino
1713 1590 38 37 al
1781 1604 157 35 sangue
1973 1591 10 36 i
2021 1590 159 38 nervosi

1602 1658 146 37 fianchi
1780 1657 50 38 de
1861 1658 150 38 l'Onde
2042 1658 174 38 nitrenti.

1602 1726 81 36 Tra
1712 1725 26 37 il
1768 1725 174 37 fracasso
1973 1731 165 31 tonante

1602 1806 22 24 e
1653 1792 38 38 la
1720 1792 247 49 vertiginosa
1997 1792 198 38 stridenza

1603 1860 96 37 d'un
1733 1860 135 37 milion
1899 1860 39 37 di
1970 1860 170 37 martelli
2169 1872 47 25 su
2245 1859 236 45 l'incudine,

1602 1928 92 36 tutti
1724 1927 54 50 gì'
1793 1928 176 37 infuriati
2000 1927 169 37 martelli
2200 1927 96 37 d'un
2326 1928 172 37 cantiere

1601 2009 24 24 a
1654 1995 299 38 l'elettrizzante
1982 1995 140 49 vigilia

1603 2063 96 37 d'un
1729 2063 336 37 combattimento
2096 2062 152 38 navale.

1603 2131 43 37 Si
1677 2131 263 37 richiudeano
1969 2130 12 36 i
2012 2129 145 49 ranghi
2188 2143 169 35 sempre,

1603 2199 10 36 i
1646 2198 140 38 cavalli
1816 2197 85 38 l'un
1932 2196 128 39 l'altro

1602 2266 33 37 si
1668 2265 218 38 mordevan
1916 2265 37 37 la
1982 2277 158 37 groppa
2169 2278 21 24 e
2220 2265 36 37 la
2286 2265 182 37 criniera.

1604 2334 81 36 Tra
1717 2333 35 37 le
1783 2332 63 39 fila
1877 2332 50 38 de
1957 2331 148 39 l'Onde
2133 2332 26 37 il
2190 2332 59 37 sol
2279 2331 169 49 fuggiva

1603 2401 174 37 siccome
1806 2400 155 49 l'acqua
1992 2413 106 31 nera,
2130 2413 53 23 un
2213 2399 60 38 sol
2303 2406 159 30 vetroso

1602 2467 209 50 giallastro
1840 2481 21 23 e
1894 2467 240 45 maciullato,

1603 2543 107 30 tutto
1745 2536 160 37 feltrato
1936 2536 38 37 di
2006 2536 140 48 vipere
2174 2548 22 24 e
2225 2534 137 39 d'erbe
2392 2534 163 49 agitate,

1603 2610 107 31 tutto
1740 2604 40 37 di
1811 2616 111 25 rossa
1952 2604 101 36 bava
2083 2602 196 39 inondato
2308 2615 21 24 e
2359 2602 42 37 di
2432 2602 103 37 fiele.

1604 2672 35 36 E
1669 2670 102 38 talor
1800 2670 39 38 la
1869 2670 218 38 Cavalcata

1603 2739 135 38 battea
1767 2738 38 37 la
1834 2745 100 31 testa
1964 2745 117 30 entro
2112 2751 22 24 a
2163 2751 123 36 pozze
2315 2737 40 38 di
2385 2749 138 36 sague.

1605 2862 67 38 Ad
1703 2876 53 24 un
1788 2869 125 31 tratto
1944 2874 53 24 un
2028 2861 132 37 abisso
2189 2862 33 37 si
2253 2864 121 34 scavò

1603 2930 161 38 davanti
1774 2930 38 37 al
1824 2930 130 48 primo
1964 2942 141 35 rango,
2115 2929 73 37 che
2199 2928 131 38 sbuffò
2339 2936 145 41 troppo
2495 2928 117 46 tardi,

1603 2997 70 50 giù
1704 2997 184 38 cadendo
1920 2997 64 37 nel
2013 2997 163 37 baratro
2205 2998 33 36 sì
2268 3009 115 24 come

1602 3065 108 39 falde
1739 3065 121 38 d'una
1889 3065 128 45 ruina,
2049 3065 41 37 in
2120 3078 54 24 un
2206 3064 313 38 fracassamento

1602 3133 40 38 di
1672 3146 141 36 zampe
1843 3146 22 24 e
1896 3132 40 38 di
1968 3132 136 38 narici.
2136 3133 60 37 La
2224 3131 146 38 caduta

1602 3201 44 38 fu
1677 3207 115 40 ratta,
1825 3213 21 25 e
1877 3199 245 39 nondimeno

2715 1049 72 38 salì
2818 1049 61 38 sul
2911 1049 130 49 primo
3072 1049 26 37 il
3130 1047 177 39 secondo

2715 1130 126 36 rango
2858 1118 40 36 in
2919 1123 104 32 tutta
3039 1117 37 36 la
3093 1129 71 25 sua
3186 1122 215 42 prestezza,
3420 1127 21 25 e
3458 1127 46 25 su
3527 1113 200 37 l'informe

2717 1185 183 37 mucchio
2932 1185 48 37 de
3010 1183 137 39 Tonde
3177 1183 234 39 schiacciate

2715 1251 92 38 altri
2837 1251 222 50 squadroni
3090 1251 242 38 schiumanti

2715 1320 319 47 precipitaronsi,
3065 1320 38 37 al
3134 1319 101 38 cielo

2715 1386 185 38 brandite
2930 1394 103 31 tutte
3062 1387 37 37 le
3128 1387 62 37 lor
3219 1386 125 49 spade
3375 1398 118 25 come

2716 1454 112 38 denti
2857 1453 97 38 d'un
2984 1454 170 38 colossal
3185 1454 149 49 pettine
3363 1453 129 38 d'oro.

2716 1521 83 38 File
2827 1535 47 24 su
2904 1522 73 47 file,
3010 1523 40 37 in
3081 1522 144 49 grandi
3256 1521 234 48 soprassalti

2714 1588 180 39 rutilanti
2925 1589 41 38 di
2997 1589 104 50 serpi
3132 1588 224 49 prodigiosi
3371 1588 8 38 !

2716 1657 35 37 E
2780 1656 37 38 le
2846 1657 149 37 cavalle
3024 1657 251 37 s'abbattean
3307 1656 182 37 boccone

2716 1723 252 39 rantolando.
3003 1725 35 37 O
3069 1724 161 38 sinistra
3261 1722 225 39 divulsione
3507 1721 193 38 d'armate
3716 1723 5 36 !

2715 1847 145 37 Poiché
2890 1847 142 45 dietro,
3064 1848 98 36 altre
3191 1846 163 38 d'Onde

2713 1914 224 46 cavallerie,
2962 1915 171 37 lanciate
3165 1928 21 24 a
3214 1927 104 35 gran
3349 1914 180 44 carriera,

2714 1982 229 38 sentendosi
2973 1982 183 49 perdute,
3189 1982 339 48 s'impennarono

2715 2049 40 38 in
2785 2050 82 38 fino
2897 2049 36 38 al
2963 2049 101 39 cielo
3093 2063 75 24 con
3199 2049 237 39 terrificanti

2714 2117 197 49 giravolte
2940 2131 46 24 su
3018 2121 41 34 sè
3088 2124 137 31 stesse.
3257 2117 235 39 Scavavano

2715 2183 110 39 mille
2853 2185 148 38 zoccoli
3032 2184 27 38 il
3088 2182 106 44 vóto,
3227 2199 23 23 a
3279 2184 137 45 sbalzi,

2714 2264 21 24 e
2766 2251 106 38 mille
2902 2251 148 38 rivulse
3081 2251 123 37 narici

2713 2319 229 48 sprizzavan
2971 2332 152 35 sangue
3152 2326 108 30 sotto
3290 2319 36 37 le
3356 2326 207 42 strappate

2714 2386 104 37 delle
2848 2386 150 49 briglie.
3032 2387 16 36 I
3081 2387 155 47 pesanti
3266 2387 196 45 cavalieri,
3495 2387 165 38 crestuti

2714 2455 40 37 di
2785 2455 174 44 fiamme,
2989 2453 291 46 dimenavansi,

2715 2521 312 49 gesticolavano,
3064 2521 189 37 altissima-

2716 2596 134 31 mente
2878 2589 132 45 levati,
3041 2589 36 37 le
3108 2589 152 37 bocche
3289 2588 243 49 scoppianti,

2714 2655 203 50 sputando
2948 2656 41 37 in
3019 2668 55 25 un
3105 2655 144 38 delirio
3280 2655 39 38 la
3349 2656 62 37 lor
3440 2656 147 37 anima.

2716 2724 57 37 Le
2802 2723 149 38 cavalle
2979 2722 206 46 sbandate,
3217 2736 22 24 a
3269 2723 122 38 dritta
3422 2736 22 24 e
3474 2737 23 24 a
3528 2737 153 31 manca,

2715 2792 207 49 gittavano
2952 2790 41 37 di
3024 2790 97 38 sella
3149 2790 12 37 i
3192 2790 197 46 cavalieri,
3421 2791 255 38 drizzandosi

2714 2858 228 51 grondanti,
2960 2858 182 37 rivestite
3158 2857 50 38 de
3219 2858 36 38 le
3271 2858 87 38 loro
3373 2858 171 39 criniere
3554 2858 40 38 di
3608 2872 116 30 neve,

2716 2926 106 51 quali
2853 2926 185 38 fantasmi
3067 2926 119 37 velati
3216 2926 40 37 di
3286 2926 156 47 bruma,

2716 2996 35 37 al
2782 2994 136 38 chiaro
2947 2994 39 37 di
3016 2994 93 37 luna
3123 2994 7 37 !

3144 3107 57 48 F.
3350 3107 50 47 T.
3525 3111 110 45 Marinetti.

3146 3188 136 49 Elda
3494 3190 228 49 Gianelli,
3721 3188 1 51 trad.

2000 3539 221 38 54
