2306 3904
2064 185 151 112 659

872 225 198 38 MÉLODIE
1104 237 51 28 ET
1190 240 228 30 HARMONIE

134 334 42 33 et
195 325 55 42 de
273 324 179 48 détails,
476 324 150 41 disant
648 328 20 37 à
693 338 71 27 ces
781 325 178 44 enfants
984 344 8 26 :
1021 343 20 24 «
1065 329 162 54 Quand
1262 348 113 30 vous
1397 350 153 30 saurez
1573 346 202 38 exécuter
1817 344 126 42 telles
1966 356 40 32 et
2027 350 123 40 telles

134 395 296 55 symphonies
453 391 208 56 d'Haydn
677 403 40 33 et
735 395 53 41 de
813 393 172 45 Mozart
1002 413 173 29 comme
1197 404 40 52 je
1248 418 111 28 veux
1380 405 63 42 les
1458 411 231 52 entendre,
1708 427 112 28 vous
1841 428 186 40 pourrez
2048 431 103 29 sans

136 468 170 39 crainte
330 464 196 42 aborder
557 461 239 56 n'importe
820 465 149 52 quelle
993 482 152 29 œuvre
1168 471 216 44 moderne
1403 488 9 36 ;
1436 488 19 25 »
1493 477 38 40 la
1557 482 208 52 musique
1784 483 243 55 classique,
2051 499 101 28 avec

136 535 39 41 la
200 536 227 52 précision
449 543 41 33 et
512 534 38 40 la
576 531 165 45 finesse
775 534 276 43 d'exécution
1076 538 160 52 qu'elle
1257 545 231 47 nécessite,
1512 545 59 42 lui
1596 551 239 49 paraissait
1865 553 37 40 la
1926 555 228 42 meilleure

136 606 123 41 école
282 618 116 40 pour
420 620 59 25 un
501 606 220 39 musicien
740 603 291 43 d'orchestre.

194 674 235 55 Quelques
450 676 116 40 mois
601 683 133 32 avant
767 688 46 27 sa
836 684 132 42 mort,
1003 675 204 42 Taffanel
1239 688 73 32 eut
1339 680 39 41 la
1403 684 169 48 grande
1596 686 283 45 satisfaction
1914 689 134 44 d'être
2081 694 72 40 élu

138 746 240 42 Président
395 746 54 40 de
470 744 318 42 l'Association
823 745 79 40 des
926 742 194 44 Artistes
1147 749 246 41 musiciens
1419 761 8 37 ;
1451 752 28 39 il
1503 755 103 39 était
1636 754 166 43 officier
1840 759 53 40 de
1917 760 38 40 la
1984 759 170 52 Légion

136 815 254 43 d'honneur
410 823 41 33 et
474 812 173 44 officier
669 814 54 41 de
740 812 301 44 l'lnstruction
1065 815 234 53 publique,
1316 818 29 40 il
1371 821 106 39 était
1514 825 119 38 aussi
1655 823 160 43 décoré
1838 827 52 41 de
1910 826 171 44 l'Ordre
2104 832 52 40 de

138 885 181 42 l'Etoile
336 885 171 53 polaire
531 885 54 41 de
609 883 165 50 Suède,
797 884 54 40 de
875 884 40 40 la
940 883 245 43 Couronne
1201 884 191 53 d'ltalie,
1419 889 53 39 de
1490 888 172 43 l'Ordre
1684 892 53 40 de
1774 892 306 46 Sainte-Anne
2104 899 52 40 de

140 955 182 48 Russie,
348 955 59 41 du
435 953 116 42 Lion
571 963 42 32 et
634 954 58 41 du
713 952 140 43 Soleil
879 953 54 41 de
959 953 137 42 Perse
1122 965 7 36 ;
1154 968 57 27 on
1236 954 151 43 l'avait
1411 964 183 35 nommé
1627 974 54 26 en
1724 975 103 37 1900
1871 965 197 41 membre
2105 967 53 41 de

140 1023 273 43 l'Académie
438 1025 152 52 royale
611 1024 54 41 de
691 1023 214 54 Musique
924 1024 53 40 de
1000 1022 164 43 Suède.
1193 1023 204 43 Taffanel
1423 1040 213 28 conserva
1672 1038 119 33 toute
1815 1044 46 27 sa
1885 1035 69 37 vie
1992 1033 38 40 la
2054 1036 79 39 sim-

140 1095 168 52 plicité,
332 1095 39 40 la
397 1094 221 41 modestie
652 1095 76 51 qui
747 1092 245 42 formaient
1016 1108 60 26 un
1100 1094 78 40 des
1208 1094 101 52 plus
1343 1096 169 49 grands
1542 1099 172 39 attraits
1738 1099 52 40 de
1820 1113 45 27 sa
1908 1101 254 42 séduisante

141 1173 159 33 nature
315 1175 8 29 :
352 1164 233 51 obligeant
606 1177 114 39 pour
737 1172 118 39 tous,
878 1162 107 42 d'un
1008 1165 139 51 esprit
1171 1173 173 42 ouvert,
1364 1164 132 41 d'une
1518 1167 174 40 activité
1712 1167 259 51 inlassable,
1999 1171 27 38 il
2048 1173 115 39 avait

140 1240 217 37 conservé
378 1235 54 40 de
456 1249 81 27 son
563 1235 175 50 origine
762 1233 296 41 méridionale
1084 1248 57 25 un
1160 1232 106 41 fond
1288 1234 52 40 de
1361 1239 120 46 gaîté
1500 1235 279 53 inépuisable
1798 1239 93 50 qui,
1909 1239 178 52 lorsque
2102 1240 63 40 les

143 1304 282 43 souffrances
449 1307 194 45 vinrent,
671 1303 147 41 hélas!
845 1301 214 42 s'abattre
1083 1317 77 26 sur
1180 1303 78 49 lui,
1285 1317 47 27 se
1351 1303 203 52 changea
1573 1319 54 26 en
1651 1320 86 27 une
1762 1308 173 40 sereine
1960 1310 178 48 résigna-

142 1377 121 48 tion;
282 1375 30 40 il
336 1375 94 41 s'en
465 1389 54 26 va
562 1378 188 37 entouré
782 1373 53 40 de
869 1374 39 39 la
933 1373 256 53 sympathie
1209 1373 286 41 universelle.
1531 1373 63 41 Ce
1632 1373 64 43 fut
1719 1390 57 26 un
1796 1376 133 41 noble
1952 1385 41 33 et
2023 1378 140 49 grand

141 1446 155 40 artiste
315 1444 167 42 doublé
498 1443 107 42 d'un
625 1457 126 28 cœur
770 1443 116 45 loyal
909 1451 41 33 et
965 1442 106 42 bon.
1197 1437 10 31 (
1208 1461 17 25 i
1332 1437 36 49 J
1389 1437 3 51 :
1432 1456 64 21 <.>
1530 1454 12 25 ?
1559 1458 12 20 c
1690 1463 7 11 <
1721 1458 9 5 -
1805 1461 12 20 c
1818 1454 29 26 s
1898 1453 39 22 '*.
1961 1456 16 12 '•

1833 1512 49 41 B.

456 1812 244 44 Théorie
732 1811 319 45 musicale.
1087 1811 35 45 —
1158 1811 248 45 Mélodie
1435 1812 59 41 et
1526 1811 330 43 Harmonie.

199 1955 88 42 Les
311 1955 243 42 musiciens
661 1955 36 39 si
740 1951 89 42 l'on
867 1965 56 27 en
959 1952 109 40 croit
1105 1950 119 40 leurs
1263 1948 195 42 théories
1582 1961 55 28 ne
1689 1948 241 54 possèdent
1972 1962 84 40 que
2088 1950 77 39 des

144 2027 182 40 notions
360 2027 324 38 extrêmement
725 2035 173 38 vagues
922 2035 77 27 sur
1034 2020 39 42 le
1096 2021 202 52 principe
1321 2022 146 37 même
1488 2018 54 40 de
1581 2017 41 41 la
1666 2017 192 42 mélodie
1891 2026 42 33 et
1956 2018 53 40 de
2032 2016 114 43 l'har-

144 2098 168 40 monie.
338 2093 128 43 Nous
487 2107 167 28 savons
681 2092 251 42 seulement
973 2103 87 40 que
1079 2089 118 41 l'une
1238 2089 55 41 de
1316 2102 72 28 ces
1412 2087 165 42 formes
1601 2088 245 41 musicales
1884 2101 45 27 se
1965 2097 204 43 rapporte

147 2181 84 27 aux
279 2178 107 28 sons
421 2163 225 52 successifs
669 2171 42 33 et
744 2159 158 43 l'autre
933 2175 84 26 aux
1054 2172 107 29 sons
1192 2158 257 41 simultanés
1470 2168 16 41 ;
1521 2169 159 30 encore
1722 2156 145 43 faut-il
1891 2161 275 36 reconnaître

146 2248 87 41 que
274 2242 112 34 cette
425 2229 339 45 classification,
791 2232 36 39 si
852 2229 165 54 simple
1058 2237 42 33 et
1133 2230 35 39 si
1204 2227 211 42 tranchée
1439 2239 54 28 en
1517 2239 262 40 apparence,
1810 2225 104 54 perd
1942 2224 227 53 beaucoup

146 2305 53 41 de
223 2318 49 28 sa
305 2304 157 42 valeur
490 2303 79 42 dès
606 2299 135 56 qu'on
767 2299 192 43 observe
992 2299 63 41 les
1077 2298 160 42 choses
1276 2298 56 39 de
1355 2296 100 54 plus
1481 2302 115 48 près.
1639 2294 342 55 Qu'entend-on
2004 2303 143 33 exacte-

147 2382 123 34 ment
301 2388 80 39 par
414 2385 107 30 sons
543 2387 18 20 «
588 2369 240 43 successifs
855 2382 19 24 »
899 2371 16 37 ?
938 2366 98 44 Une
1069 2368 114 40 série
1222 2366 53 41 de
1299 2378 107 28 sons
1445 2366 113 40 émis
1580 2365 52 41 de
1657 2366 170 38 minute
1849 2378 53 28 en
1925 2365 169 39 minute

146 2453 42 33 et
211 2441 278 43 satisfaisant
513 2455 80 41 par
626 2440 183 42 ailleurs
830 2451 84 28 aux
952 2436 257 42 conditions
1243 2437 278 40 nécessaires
1557 2432 212 42 d'affinité
1879 2435 267 39 constituent-

145 2516 55 40 ils
237 2528 88 26 une
357 2514 115 40 suite
496 2510 259 52 mélodique
780 2512 16 37 ?
822 2506 105 42 Non
949 2519 105 28 sans
1086 2506 165 47 doute;
1288 2517 64 37 or,
1376 2506 39 39 si
1454 2505 88 40 l'on
1584 2516 140 38 songe
1750 2507 23 36 à
1797 2500 184 43 l'infinie
2005 2502 164 40 variété

147 2585 78 40 des
247 2585 188 39 vitesses
480 2580 240 54 possibles,
755 2578 40 41 le
830 2585 290 34 mouvement
1159 2576 141 39 limité
1342 2575 79 40 des
1465 2587 107 27 sons
1613 2575 231 39 musicaux
1867 2576 203 49 apparaît
2094 2571 76 40 dès

147 2655 90 40 lors
260 2665 175 29 comme
457 2666 60 27 un
556 2650 185 41 attribut
766 2655 274 44 vaguement
1064 2646 370 51 caractéristique
1458 2643 54 41 de
1533 2642 39 42 la
1595 2642 209 41 mélodie.

202 2722 184 42 D'autre
407 2731 116 44 part,
552 2721 40 40 la
616 2718 308 42 simultanéité
945 2716 77 40 des
1045 2728 109 28 sons
1266 2710 215 55 l'attaque
1516 2712 271 40 simultanée
1895 2712 132 39 serait
2048 2718 98 45 peut-

146 2797 93 37 être
274 2789 239 43 réalisable
538 2803 55 27 au
614 2801 164 39 moyen
816 2784 272 55 d'appareils
1112 2784 209 51 spéciaux
1343 2783 54 39 de
1421 2780 273 42 laboratoire
1714 2794 9 35 ;
1746 2780 113 38 mais
1884 2793 55 25 au
1963 2791 129 27 cours
2117 2777 53 40 de

146 2860 264 44 l'exécution
443 2858 215 42 musicale
700 2869 48 28 ce
791 2854 94 48 fait,
928 2857 300 44 assurément,
1274 2851 92 41 doit
1399 2864 46 27 se
1469 2849 214 53 produire
1707 2862 106 26 avec
1854 2860 86 28 une
1976 2850 193 37 extrême

147 2937 159 38 rareté.
349 2929 328 47 Considérons,
717 2940 82 40 par
838 2924 217 53 exemple,
1101 2938 60 26 un
1213 2921 227 42 orchestre
1473 2919 338 54 symphonique
1854 2925 216 45 occupant
2111 2930 58 26 un

147 2999 290 44 demi-cercle
460 2999 54 39 de
536 3000 24 38 6
601 3001 162 36 mètres
786 2994 55 40 de
879 3005 155 41 rayon,
1056 3000 42 33 et
1125 3006 60 26 un
1222 2990 207 42 auditeur
1450 2989 126 53 placé
1614 2989 113 39 dans
1750 2987 38 40 le
1831 2986 341 53 prolongement

147 3072 60 40 du
236 3071 232 41 diamètre.
495 3066 125 42 Tous
641 3066 64 39 les
748 3076 108 29 sons
891 3062 112 41 émis
1029 3061 368 41 simultanément
1415 3071 54 28 ne
1487 3056 323 55 parviendront
1834 3069 80 39 pas
1951 3067 52 28 en
2028 3056 144 37 même

147 3150 147 42 temps
326 3142 23 37 à
380 3136 185 42 l'oreille
606 3135 55 40 de
684 3132 239 42 l'auditeur
942 3145 9 35 ;
987 3131 151 41 l'écart
1182 3131 248 39 maximum
1472 3126 269 54 proviendra
1779 3125 78 40 des
1897 3135 179 29 sources
2100 3135 48 26 so-

150 3222 130 30 nores
303 3210 168 39 situées
495 3220 85 26 aux
618 3205 256 40 extrémités
891 3201 60 40 du
974 3199 217 41 diamètre
1213 3196 67 54 (12
1305 3194 198 55 mètres).
1530 3194 189 42 Comme
1741 3194 39 40 le
1803 3206 80 28 son
1905 3206 46 26 se
1972 3202 197 42 propage

148 3285 23 36 à
193 3279 39 40 la
275 3279 167 39 vitesse
474 3274 232 41 d'environ
749 3285 79 39 340
870 3276 164 35 mètres
1058 3273 20 36 à
1117 3269 39 40 la
1192 3267 209 45 seconde,
1434 3267 62 38 les
1539 3277 109 28 sons
1690 3267 206 47 attaqués
1934 3259 238 42 ensemble

150 3363 83 27 aux
273 3347 222 53 positions
554 3345 222 39 extrêmes
830 3347 153 34 seront
1025 3349 157 42 perçus
1236 3337 377 39 successivement
1674 3344 104 28 avec
1818 3344 60 27 un
1933 3328 235 42 intervalle

150 3437 53 41 de
242 3445 146 39 temps
418 3432 101 51 égal
545 3434 20 37 à

148 3522 219 44 véritable
390 3522 115 41 suite
527 3518 258 54 mélodique
808 3514 260 55 équivalant
1100 3518 21 36 à
1154 3512 78 41 des
1263 3509 276 55 quadruples
1563 3508 182 41 croches
1780 3509 229 37 exécutées
2053 3503 115 41 dans

151 3611 60 27 un
235 3599 289 37 mouvement
565 3588 183 42 modéré
787 3587 103 51 (108
942 3601 51 16 =
1020 3580 59 58 J).
1122 3580 58 42 Et
1200 3593 114 28 nous
1354 3579 266 51 négligeons
1641 3577 63 42 les
1737 3588 156 29 causes
1937 3572 227 54 multiples
