2159 3660
155 224 20 0 268

876 197 197 27 CHARLES
1108 198 189 26 GARNIER

98 288 174 51 Malgré
294 289 39 39 la
359 289 233 51 simplicité
613 287 54 39 de
690 284 199 53 l'édifice,
930 300 57 27 on
1007 302 27 37 y
1055 296 200 32 retrouve
1279 289 239 50 l'élégance
1544 294 74 49 qui
1649 295 258 39 caractérise
1933 303 142 31 toutes

98 357 61 39 les
183 369 173 27 œuvres
378 356 59 39 du
474 355 142 50 grand
657 355 164 50 artiste,
856 363 40 31 et
919 355 62 39 les
1016 355 291 52 dispositions
1345 358 259 40 intérieures
1637 360 215 51 jouissent
1886 364 118 37 aussi
2025 363 53 39 de

98 431 108 32 cette
228 424 132 39 clarté
382 423 58 38 du
454 422 120 51 plan,
597 421 52 40 de
673 430 109 31 cette
801 426 175 44 netteté,
1002 423 53 39 de
1075 431 108 32 cette
1204 426 334 51 appropriation
1566 428 204 50 pratique
1794 429 73 49 qui
1893 429 182 41 rendent

96 499 98 31 tous
214 490 61 39 les
299 490 187 38 services
507 491 34 37 si
562 491 271 48 commodes,
866 492 34 38 si
921 491 174 51 directs,
1121 501 41 31 et
1183 506 80 38 par
1282 498 271 48 conséquent
1572 497 34 37 si
1632 496 189 51 rapides.

152 556 119 39 C'est
299 558 119 38 aussi
442 562 127 46 après
605 557 316 41 l'achèvement
956 560 52 38 de
1044 558 177 54 l'Opéra
1247 561 105 51 qu'il
1381 563 149 39 écrivit
1553 576 69 26 ses
1643 576 219 38 ouvrages
1886 578 75 26 sur
1999 579 79 27 son

97 623 144 52 Opéra
260 632 40 31 et
322 637 75 26 sur
419 624 37 39 le
476 625 180 40 théâtre.

150 691 334 50 L'intelligence
505 694 34 37 si
567 693 110 50 vive,
700 695 34 37 si
755 694 247 40 lumineuse
1028 696 53 38 de
1102 694 186 40 Charles
1311 694 203 50 Garnier,
1535 710 80 27 son
1638 700 136 50 esprit
1792 699 53 39 de
1868 699 152 52 justice
2039 709 39 32 et

95 759 206 51 d'équité,
327 767 40 32 et
404 772 80 27 son
504 759 90 40 bon
618 774 100 26 sens
740 763 205 50 pratique
967 762 38 40 le
1042 762 227 40 rendaient
1306 765 202 50 précieux
1530 765 111 40 dans
1664 766 62 39 les
1749 769 325 39 commissions.

96 827 132 40 Aussi
261 840 54 27 ne
347 826 90 41 s'en
459 826 235 42 formait-il
714 835 136 44 guère
879 831 109 39 dans
1009 830 62 40 les
1089 839 103 42 arts,
1216 844 56 27 ou
1295 832 111 40 dans
1426 832 62 40 les
1511 834 192 39 sciences
1731 836 73 50 qui
1825 835 207 40 touchent
2057 840 21 35 à

96 894 332 48 l'architecture,
454 909 103 26 sans
579 895 133 52 qu'on
734 896 56 53 l'y
814 898 189 51 appelât.
1041 898 32 40 Il
1112 912 53 26 en
1200 900 103 38 était
1346 909 185 31 souvent
1569 901 39 39 le
1631 911 275 42 rapporteur,
1947 911 40 32 et
2011 916 68 27 ses

98 971 217 43 rapports,
338 963 198 51 toujours
559 969 85 34 très
668 964 348 52 remarquables,
1053 979 27 37 y
1115 966 162 39 étaient
1299 964 84 42 fort
1404 969 239 49 appréciés.
1665 967 134 41 Aussi
1822 968 61 41 M.
1917 969 161 40 Duban

95 1030 237 50 pouvait-il
357 1030 60 39 lui
440 1032 149 48 écrire,
616 1037 126 45 après
762 1032 39 39 la
825 1032 163 40 lecture
1019 1032 104 40 d'un
1149 1041 180 43 rapport
1365 1047 75 26 sur
1462 1033 248 52 l'éclairage
1745 1036 76 39 des
1857 1037 190 40 théâtres
2068 1047 8 28 :

96 1108 20 27 ((
141 1096 82 54 J'ai
244 1098 89 50 pris
350 1111 59 25 un
431 1098 154 50 plaisir
606 1103 189 35 extrême
835 1103 21 35 à
882 1099 38 39 le
940 1100 78 38 lire
1057 1108 39 30 et
1121 1103 20 35 à
1181 1100 39 39 le
1240 1100 141 40 relire,
1409 1100 47 41 Si
1479 1102 138 50 j'étais
1652 1104 214 46 ministre,
1901 1104 37 50 je
1968 1117 111 26 vous

97 1167 282 38 soumettrais
402 1165 102 40 bien
538 1166 77 39 des
642 1169 228 49 questions
895 1171 21 35 à
952 1169 238 46 examiner,
1215 1181 114 38 pour
1351 1170 123 37 avoir
1511 1169 39 39 le
1578 1169 154 51 plaisir
1754 1169 134 40 d'être
1922 1171 156 39 éclairé

94 1231 202 48 d'abord,
315 1234 100 50 puis
439 1232 177 40 charmé
638 1247 79 37 par
740 1233 38 39 la
802 1236 131 47 grâce
955 1242 40 30 et
1017 1233 39 39 la
1077 1234 179 39 couleur
1275 1235 58 38 du
1357 1235 124 51 style.
1510 1246 20 27 ))

150 1298 120 40 Dans
290 1299 62 39 les
375 1301 326 46 commissions,
724 1300 203 40 malheur
949 1315 82 25 aux
1054 1300 222 41 membres
1300 1303 74 50 qui
1399 1315 45 26 se
1466 1303 229 51 perdaient
1717 1304 110 39 dans
1853 1305 38 39 la
1916 1306 161 40 lecture

92 1366 75 38 des
206 1366 275 47 documents,
526 1381 54 25 au
619 1367 86 39 lieu
743 1367 53 39 de
835 1367 61 39 les
939 1372 197 35 résumer
1162 1372 6 36 !
1214 1369 204 39 malheur
1456 1383 55 26 au
1543 1371 225 50 président
1810 1373 74 50 qui
1909 1372 168 41 laissait

93 1431 193 50 s'égarer
308 1433 39 38 la
369 1434 204 50 question
604 1437 61 36 !...
700 1432 186 40 Charles
909 1446 53 27 ne
988 1435 182 50 pouvait
1202 1447 46 26 se
1281 1437 162 38 retenir
1463 1437 54 39 de
1547 1437 256 41 manifester
1825 1452 80 27 son
1933 1440 113 51 impa-

93 1501 137 38 tience
249 1514 80 37 par
356 1500 76 40 des
466 1501 148 49 signes
648 1501 53 39 de
730 1502 223 38 nervosité
984 1505 235 47 exaspérée
1243 1505 63 36 !...
1341 1502 116 41 Mais
1491 1506 119 38 aussi
1635 1506 144 51 quelle
1803 1506 273 41 satisfaction

91 1580 112 38 pour
221 1567 61 39 les
303 1567 221 40 membres
550 1568 52 39 de
622 1568 38 40 la
679 1569 290 39 commission
992 1581 56 27 ou
1078 1569 58 39 du
1170 1570 163 39 conseil
1363 1571 76 39 des
1477 1571 246 42 Bâtiments
1763 1574 137 47 civils,
1927 1575 147 50 quand

93 1632 187 42 Garnier
301 1635 226 51 présidait,
564 1649 56 26 ou
659 1649 99 39 que,
797 1644 233 44 reprenant
1066 1636 37 39 le
1143 1637 112 52 sujet
1276 1636 198 50 débattu,
1500 1639 38 40 le
1560 1640 274 51 dépouillant
1866 1642 53 39 de
1958 1650 118 32 toute

91 1702 233 47 incidente,
348 1703 38 38 le
421 1711 228 32 ramenant
676 1717 54 26 au
759 1705 139 50 point,
923 1704 38 39 le
1000 1702 273 53 simplifiant,
1308 1705 39 40 le
1371 1710 239 47 résumant,
1633 1708 39 39 le
1695 1717 184 32 mettant
1904 1723 54 25 en
1987 1723 86 26 une

91 1770 97 38 vive
211 1769 197 48 lumière,
435 1770 28 39 il
487 1770 39 39 le
548 1773 254 38 soumettait
839 1786 82 25 aux
942 1773 99 38 voix
1065 1784 53 27 en
1150 1771 214 52 quelques
1400 1775 206 50 minutes,
1632 1784 40 31 et
1698 1776 110 40 dans
1835 1790 85 26 une
1942 1777 134 41 clarté

92 1835 199 53 parfaite.

146 1903 177 51 Diriger
338 1919 59 25 un
420 1905 151 40 atelier
587 1906 333 40 d'architecture
940 1914 40 31 et
997 1907 193 48 corriger
1212 1907 341 49 régulièrement
1570 1910 62 38 les
1655 1912 163 50 projets
1843 1920 40 32 et
1902 1912 172 40 dessins

92 1971 75 38 des
190 1971 141 40 élèves
355 1971 117 41 n'eût
494 1986 78 37 pas
592 1977 80 45 été,
695 1973 38 51 je
753 1975 128 45 crois,
907 1973 57 39 du
987 1978 109 44 goût
1119 1973 52 39 de
1192 1972 185 41 Charles
1408 1974 203 42 Garnier.

146 2037 114 40 Mais
282 2039 146 51 quand
452 2054 58 25 un
530 2040 119 39 élève
666 2040 53 39 de
741 2030 164 50 l'École
928 2040 75 39 des
1032 2039 280 41 Beaux-Arts
1338 2044 147 38 venait
1518 2044 59 39 lui
1600 2053 198 31 montrer
1823 2060 58 25 un
1919 2048 153 50 projet,

92 2106 141 41 c'était
253 2110 219 39 vraiment
491 2110 268 40 intéressant
778 2118 40 31 et
838 2112 175 38 curieux
1039 2110 52 39 de
1109 2112 95 38 voir
1224 2124 103 26 avec
1344 2111 144 50 quelle
1511 2112 186 50 rapidité
1726 2113 52 39 de
1810 2126 111 39 coup
1956 2114 116 40 d'œil

91 2173 38 40 le
145 2175 141 48 grand
307 2176 233 40 architecte
559 2179 115 37 avait
694 2192 74 32 vu,
794 2179 206 50 compris,
1028 2180 216 49 apprécié,
1277 2179 103 51 jugé
1418 2176 181 42 l'œuvre
1629 2180 57 40 du
1710 2180 227 42 débutant.
1958 2180 116 42 Avec

89 2254 85 26 une
190 2244 205 38 maestria
418 2245 74 50 qui
512 2242 232 42 n'excluait
760 2246 43 37 ni
825 2258 45 26 sa
893 2245 233 51 simplicité
1145 2244 258 50 habituelle,
1423 2248 43 38 ni
1484 2260 46 26 sa
1556 2246 217 42 familière
1814 2248 257 52 bonhomie,

91 2308 28 38 il
136 2310 169 39 mettait
324 2310 38 39 le
385 2310 124 50 doigt
529 2324 75 26 sur
622 2312 39 38 le
683 2313 123 50 point
825 2310 150 51 faible,
1001 2320 40 31 et
1062 2312 214 52 quelques
1300 2323 220 31 moments
1549 2321 142 45 après,
1718 2316 29 39 il
1782 2317 219 51 indiquait
2036 2318 38 39 le

91 2376 175 39 remède
286 2390 54 26 au
360 2378 103 47 mal,
489 2386 40 31 et
548 2378 182 40 donnait
750 2379 38 39 le
804 2392 160 38 moyen
983 2379 53 39 de
1058 2378 108 40 faire
1190 2380 138 39 saillir
1346 2380 61 39 les
1423 2382 162 50 parties
1610 2383 189 39 réussies
1822 2390 41 32 et
1883 2389 167 35 caracté-

93 2443 205 50 ristiques
323 2443 58 40 du
402 2445 169 39 travail.

147 2509 31 39 Il
202 2512 181 38 revêtait
406 2524 68 26 ses
506 2512 203 51 conseils,
743 2514 34 37 si
810 2513 141 51 pleins
973 2513 53 39 de
1061 2512 89 40 bon
1183 2527 115 36 sens,
1333 2515 130 39 d'une
1495 2516 182 40 lumière
1714 2519 35 37 si
1780 2516 242 50 vivifiante,
2045 2519 27 38 il

90 2577 103 39 était
213 2578 34 38 si
267 2588 343 41 encourageant,
637 2582 169 37 mettait
837 2589 92 31 tant
952 2580 215 40 d'entrain
1190 2581 111 40 dans
1323 2595 67 26 ses
1416 2583 190 51 paroles,
1632 2596 85 39 que
1736 2583 150 41 l'élève
1919 2587 153 38 sortait

87 2644 333 41 enthousiasmé
439 2646 52 40 de
514 2655 108 31 cette
646 2646 139 51 leçon,
811 2647 38 40 le
872 2661 191 36 courage
1098 2648 178 48 doublé,
1305 2648 325 52 l'imagination
1662 2657 191 43 montée,
1889 2653 39 39 le
1951 2667 121 26 cœur

89 2711 118 52 plein
225 2712 204 41 d'ardeur
445 2717 62 37 !...
528 2714 219 40 Combien
783 2724 76 31 ont
878 2716 138 49 gardé
1035 2716 53 40 de
1109 2716 122 40 telles
1248 2721 179 36 séances
1444 2733 59 25 un
1526 2721 209 38 souvenir
1759 2721 233 40 émerveillé
2006 2725 63 36 !...

143 2778 148 49 Aussi,
317 2779 60 41 M.
404 2780 160 42 Edwin
588 2780 53 42 O.
668 2781 157 52 Sachs,
848 2783 52 39 de
935 2782 217 49 Londres,
1178 2784 264 41 l'architecte
1481 2787 76 39 des
1578 2787 193 40 théâtres
1804 2788 53 40 de
1880 2788 193 41 Covent-

91 2844 178 42 Garden
292 2857 41 31 et
370 2848 53 39 de
463 2848 314 52 Drury-Lane,
811 2856 127 46 après
972 2853 123 38 avoir
1142 2852 224 52 proclamé
1396 2853 185 41 Charles
1627 2853 190 42 Garnier
1851 2856 36 39 le
1926 2855 148 41 Grand

88 2911 223 53 Français,
327 2926 21 27 «
374 2914 38 39 le
435 2919 155 36 maître
628 2916 39 40 le
686 2917 99 51 plus
820 2918 185 47 illustre,
1041 2920 74 50 qui
1159 2934 21 25 a
1216 2925 150 35 exercé
1401 2934 74 27 sur
1509 2921 62 40 les
1604 2926 180 37 maîtres
1819 2923 57 40 du
1912 2924 160 40 monde

87 2979 139 38 entier
248 2979 38 39 la
304 2980 99 51 plus
427 2980 216 41 heureuse
666 2985 144 39 action
833 2996 36 38 »,
891 2986 124 39 a-t-il
1032 3000 58 38 pu
1116 2987 170 52 ajouter
1312 2999 8 28 :

145 3057 19 26 ((
188 3043 87 42 Les
311 3046 147 40 lettres
494 3062 84 38 que
606 3050 8 51 j
635 3051 40 38 ai
697 3050 53 40 de
783 3051 59 40 lui
877 3060 40 32 et
955 3053 38 39 la
1013 3055 127 38 visite
1162 3069 84 37 que
1269 3057 37 50 je
1329 3056 59 39 lui
1410 3058 40 38 ai
1470 3055 106 42 faite
1599 3061 21 36 à
1646 3071 46 26 sa
1717 3058 102 40 villa
1840 3059 53 39 de
1914 3058 133 42 Bordi-

87 3111 138 50 ghera
251 3126 53 26 ne
326 3128 43 24 m
388 3123 75 32 ont
485 3129 79 37 pas
584 3117 243 42 seulement
844 3122 149 50 appris
1088 3130 40 31 et
1148 3137 104 26 avec
1272 3124 143 51 quelle
1451 3130 146 35 sûreté
1694 3125 103 41 bien
1820 3127 77 39 des
1919 3128 153 40 choses

89 3180 52 38 de
166 3180 233 53 technique
417 3197 7 33 ;
451 3182 104 40 elles
585 3198 42 25 m
647 3194 74 31 ont
756 3199 171 33 encore,
953 3197 41 31 et
1011 3194 166 35 surtout
1184 3223 7 16 ,
1217 3192 231 51 imprégné
1475 3192 53 40 de
1557 3203 64 30 cet
1653 3194 333 40 enthousiasme
2020 3195 51 39 de

89 3247 239 51 perfection
352 3263 99 38 que,
484 3252 91 38 seul
599 3252 53 39 de
690 3261 98 32 tous
811 3254 61 39 les
896 3255 256 42 architectes
1176 3272 84 37 que
1294 3259 70 52 j'ai
1388 3272 168 28 connus
1579 3269 41 31 et
1638 3274 85 38 que
1745 3263 38 50 je
1818 3264 197 49 connais,
2041 3264 28 38 il

91 3316 104 39 était
216 3316 183 52 capable
420 3318 233 52 d'inspirer
675 3324 22 35 à
717 3321 54 38 de
790 3322 150 50 jeunes
961 3323 217 41 hommes.
1206 3336 19 27 ))

145 3382 186 42 Charles
366 3383 188 43 Garnier
588 3389 115 38 avait
733 3394 223 44 conservé,
978 3392 171 50 malgré
1182 3394 62 39 les
1277 3399 179 44 années,
1483 3408 45 26 sa
1571 3396 118 39 taille
1727 3397 137 40 svelte
1902 3406 41 32 et
1981 3398 67 40 élé-

90 3459 149 41 gante,
263 3465 68 27 ses
353 3452 137 41 belles
512 3454 143 52 dents,
679 3469 68 27 ses
770 3457 192 40 cheveux
983 3457 84 42 fins
1089 3469 40 31 et
1164 3460 144 52 frisés,
1343 3470 40 32 et
1405 3462 28 38 il
1457 3464 142 39 aurait
1635 3477 104 27 sans
1769 3464 135 42 doute
1934 3464 137 50 gardé
