2159 3660
172 189 12 0 260

884 163 193 26 CHARLES
1113 164 189 25 GARNIER

106 251 533 43 architecte-vérificateur
669 265 112 38 pour
804 252 245 51 apprendre
1070 252 37 40 le
1130 254 166 38 métier.
1324 252 61 40 Ce
1406 261 156 43 patron
1585 252 47 40 fit
1654 263 154 30 mettre
1830 268 80 26 son
1931 257 73 37 vin
2020 269 53 26 en

105 320 232 40 bouteilles
356 334 79 37 par
456 320 39 38 le
517 320 106 50 petit
646 318 200 50 Charles,
873 320 60 38 lui
957 318 47 41 fit
1030 318 151 41 fendre
1204 333 80 27 son
1307 319 113 48 bois,
1462 319 109 39 faire
1606 333 68 25 ses
1698 324 308 37 commissions
2034 332 39 30 et

103 388 60 40 lui
187 389 143 49 apprit
353 391 22 35 à
398 386 107 40 faire
527 395 40 31 et
592 390 21 35 à
651 386 144 40 fumer
829 386 76 40 des
934 388 248 49 cigarettes.
1209 387 32 39 Il
1279 400 54 26 ne
1368 385 158 53 profita
1551 400 83 38 que
1658 395 94 43 trop
1777 388 51 38 de
1853 397 106 31 cette
1980 390 69 38 der-

102 456 119 38 nière
240 454 138 49 leçon.
404 452 69 40 Au
496 452 106 41 bout
623 453 52 39 de
695 453 94 40 huit
812 454 119 51 jours
951 454 52 40 de
1023 454 169 47 travail,
1215 454 181 40 l'enfant
1425 467 45 25 se
1489 454 216 39 demanda
1730 456 34 37 si
1801 454 139 40 c'était
1971 454 101 41 bien

102 521 88 39 cela
227 520 316 40 l'architecture
566 529 40 31 et
637 521 38 39 la
711 519 288 51 vérification,
1037 531 56 38 et,
1132 535 75 27 sur
1244 522 122 39 l'avis
1398 521 104 40 d'un
1537 523 159 45 voisin,
1735 535 68 26 ses
1826 531 177 42 parents
2034 523 38 39 le

103 590 224 38 retirèrent
343 588 75 40 des
439 590 143 37 mains
602 588 52 39 de
675 602 45 26 ce
739 590 215 49 singulier
972 598 173 42 patron,
1171 597 40 32 et
1223 587 296 54 l'envoyèrent
1538 588 237 52 compléter
1794 602 80 26 son
1889 591 160 39 instruc-

102 658 90 38 tion
226 656 109 39 dans
358 656 39 40 la
421 657 179 51 journée
616 656 102 40 chez
740 655 61 40 M.
823 656 369 52 Demoyencourt,
1213 658 73 50 qui
1307 656 203 49 dirigeait
1541 668 84 26 une
1646 655 146 40 bonne
1830 657 118 39 école
1980 659 68 49 pri-

100 725 137 38 maire
258 724 111 39 dans
392 724 37 40 le
449 725 194 51 quartier
665 734 7 37 ;
700 724 38 40 le
771 726 102 46 soir,
911 725 29 39 il
963 726 159 39 suivait
1160 725 62 39 les
1253 737 128 27 cours
1404 722 51 40 de
1475 722 39 40 la
1551 724 133 50 petite
1707 722 118 41 école
1848 724 52 38 de
1922 724 146 40 dessin

100 790 52 40 de
172 791 39 39 la
235 804 75 27 rue
331 790 182 42 Racine.

154 858 116 40 Chez
293 858 60 40 M.
379 858 368 53 Demoyencourt,
789 858 184 40 Charles
1014 868 72 31 eut
1126 873 113 38 pour
1277 859 230 40 camarade
1538 868 40 31 et
1618 873 113 38 pour
1753 859 145 40 émule
1920 859 145 54 Jules-

99 924 178 42 Gabriel
300 926 210 51 Thomas,
533 929 72 50 qui
625 927 99 52 plus
741 927 94 39 tard
857 926 141 40 obtint
1023 940 111 38 pour
1155 927 39 39 la
1216 927 220 51 sculpture
1453 927 38 39 le
1514 928 93 50 prix
1618 927 52 39 de
1697 927 141 40 Rome
1861 940 53 26 en
1947 930 118 46 1848,

97 993 38 39 la
175 997 140 36 même
349 999 138 35 année
519 1008 84 38 que
644 993 184 40 Charles
856 992 187 41 Garnier
1074 1007 111 38 pour
1222 993 331 50 l'architecture,
1578 993 65 40 fut
1675 1007 79 26 son
1780 994 233 39 camarade
2039 999 22 34 à

98 1060 155 48 Rome,
280 1073 79 28 son
382 1063 86 38 ami
492 1062 216 51 toujours,
741 1070 40 30 et
801 1063 118 37 aussi
943 1074 80 26 son
1046 1060 196 40 confrère
1267 1065 21 34 à
1312 1060 220 40 l'lnstitut.
1553 1060 120 53 Jules
1696 1060 198 40 Thomas
1931 1075 21 25 a
1988 1060 77 40 fait

96 1127 63 40 les
181 1128 111 39 deux
315 1126 165 52 figures
513 1130 74 50 qui
623 1136 346 42 accompagnent
989 1127 38 39 le
1049 1126 143 49 buste,
1219 1127 109 39 dans
1352 1127 38 39 le
1412 1135 260 31 monument
1696 1127 119 39 élevé
1838 1131 21 35 à
1881 1126 184 41 Charles

96 1193 188 41 Garnier
305 1207 52 27 en
395 1208 112 36 1903,
535 1200 99 46 près
672 1195 51 38 de
755 1192 193 53 l'Opéra.
983 1192 37 40 A
1051 1192 148 40 l'école
1229 1194 53 38 de
1319 1194 150 39 dessin
1512 1207 44 26 se
1590 1196 190 38 trouvait
1818 1194 253 52 Carpeaûx,.

95 1275 74 25 sur
196 1261 143 51 lequel
363 1261 185 39 Charles
571 1268 219 44 remporta
811 1264 142 35 même
974 1274 60 25 un
1065 1261 93 50 prix
1175 1260 53 38 de
1250 1260 246 50 modelage.
1523 1260 231 52 Carpeaux
1774 1261 144 40 devait
1944 1263 121 38 avoir

95 1329 116 38 aussi
232 1327 38 39 le
286 1328 93 50 prix
400 1327 53 39 de
477 1327 155 47 Rome,
655 1341 53 25 en
735 1330 117 47 1854,
877 1329 63 37 six
964 1340 78 26 ans
1064 1332 126 46 après
1208 1324 185 42 Garnier
1412 1336 40 30 et
1474 1326 213 41 Thomas.

146 1393 37 40 A
207 1407 40 38 15
273 1407 94 37 ans,
406 1394 184 40 Charles
620 1393 187 41 Garnier
838 1402 121 31 entra
1001 1398 21 34 à
1056 1394 181 39 l'atelier
1268 1392 331 42 d'architecture
1622 1395 53 39 de
1705 1394 63 40 M.
1794 1394 164 40 Léveil.
1997 1394 67 41 Au

91 1461 106 40 bout
220 1462 52 39 de
293 1462 214 51 quelques
529 1463 129 46 mois,
680 1461 62 40 les
765 1461 213 39 huissiers
1013 1462 174 38 vinrent
1223 1462 129 38 saisir
1385 1461 38 39 le
1461 1461 204 40 mobilier
1700 1462 51 39 de
1787 1462 197 50 l'atelier,
2024 1470 40 31 et

89 1526 188 42 Garnier
299 1541 103 27 avec
422 1526 187 49 Louvet,
631 1527 163 50 André,
815 1526 177 50 Ginain,
1015 1536 99 40 etc.,
1133 1533 254 47 passsèrent
1406 1529 111 39 dans
1541 1528 187 40 l'atelier
1749 1528 52 39 de
1817 1527 62 40 M.
1897 1527 164 41 Lebas.

143 1594 186 40 Charles
352 1593 188 42 Garnier
560 1595 129 40 disait
710 1608 84 38 que
816 1595 61 39 les
900 1594 113 40 bons
1033 1595 142 39 élèves
1207 1594 103 41 d'un
1338 1595 151 40 atelier
1509 1604 104 31 sont
1646 1603 185 32 souvent
1853 1608 112 38 pour
2002 1595 52 39 les-

88 1674 230 28 nouveaux
339 1662 54 40 de
430 1662 223 40 meilleurs
687 1661 275 52 professeurs
994 1675 83 38 que
1109 1662 38 39 le
1169 1667 155 35 maître
1356 1662 245 40 lui-même.
1643 1661 132 41 Aussi
1797 1661 262 41 déclarait-il

88 1742 83 38 que
193 1728 120 54 Jules
336 1728 148 40 André
507 1731 114 38 avait
639 1733 64 35 été
726 1742 78 26 son
839 1730 92 38 vrai
970 1728 265 52 professeur,
1260 1737 42 31 et
1334 1742 83 38 que
1439 1728 60 40 M.
1527 1728 147 40 Lebas
1697 1729 140 39 s'était
1860 1733 202 35 contenté

86 1796 53 39 de
176 1796 59 39 lui
268 1796 92 39 dire
401 1797 198 51 toujours
638 1806 7 24 :
683 1808 20 26 ((
746 1795 117 40 C'est
899 1801 86 34 très
1022 1795 116 51 bien,
1164 1801 85 34 très
1273 1794 152 41 bien...
1446 1797 230 38 continuez
1703 1799 6 36 !
1739 1806 20 28 ))
1783 1795 275 52 Cependant,

85 1862 61 40 M.
164 1862 162 47 Lebas,
345 1865 222 47 interrogé
585 1877 78 37 par
686 1863 37 39 la
748 1869 119 33 mère
890 1862 51 39 de
962 1862 184 40 Charles
1168 1862 202 47 Garnier,
1408 1863 60 39 lui
1493 1864 113 38 avait
1627 1863 61 39 dit
1713 1875 8 27 :
1747 1875 20 26 «
1792 1862 61 40 Ce
1874 1875 94 27 sera
2003 1877 58 25 un

85 1931 93 50 prix
200 1930 53 39 de
275 1929 141 41 Rome
436 1933 6 37 !
473 1941 23 27 »
511 1929 84 40 Ces
611 1930 174 51 paroles
809 1931 172 38 avaient
1000 1929 146 39 donné
1164 1929 58 40 du
1240 1942 190 37 courage
1448 1934 21 34 à
1488 1942 69 27 ces
1575 1928 156 41 braves
1745 1938 178 42 parents
1945 1943 113 38 pour

85 2005 232 43 supporter
352 1997 61 39 les
452 1997 185 49 charges
668 1997 52 39 de
759 2004 107 32 cette
901 1996 230 40 éducation
1169 1997 207 39 d'artiste.

140 2063 38 40 A
215 2068 44 35 16
284 2077 95 34 ans,
405 2063 185 40 Charles
611 2065 115 38 avait
745 2068 66 35 été
843 2077 99 36 reçu
983 2067 21 35 à
1039 2063 162 40 l'Ecole
1223 2063 77 40 des
1319 2062 277 41 Beaux-Arts
1617 2063 110 39 dans
1757 2063 61 40 les
1841 2065 212 49 premiers

87 2129 55 53 (le
166 2145 42 35 13
216 2138 12 14 e
232 2130 14 52 )
278 2136 126 46 après
437 2146 59 25 un
517 2130 179 40 brillant
737 2143 182 27 examen
950 2143 54 27 en
1039 2131 386 51 mathématiques,
1453 2131 167 38 science
1649 2144 112 38 pour
1792 2131 188 51 laquelle
2023 2132 29 38 il

87 2199 103 39 était
212 2197 368 40 admirablement
602 2199 127 39 doué.

143 2263 93 41 Son
258 2270 116 46 père,
401 2267 75 49 qui
493 2266 244 39 demeurait
755 2264 115 39 alors
894 2277 75 26 rue
988 2263 240 47 Mazarine,
1257 2278 64 35 32,
1343 2265 185 49 gagnait
1542 2265 268 39 strictement
1830 2277 44 26 sa
1898 2267 83 44 vie,
2004 2278 53 26 en

83 2330 255 53 fabriquant
358 2332 61 39 les
441 2333 155 50 petites
616 2333 194 38 voitures
833 2331 110 39 dites
966 2342 19 28 ((
1011 2344 190 26 coucous
1223 2341 37 37 )),
1281 2332 73 49 qui
1379 2332 316 39 stationnaient
1719 2344 75 27 sur
1815 2331 243 40 l'ancienne

84 2399 122 51 place
230 2396 313 42 Saint-Michel
560 2397 294 53 (maintenant
875 2398 124 51 place
1016 2396 200 54 Médicis)
1236 2406 40 31 et
1292 2397 179 40 allaient
1492 2402 21 35 à
1539 2396 184 41 Sceaux.
1750 2397 31 40 Il
1804 2411 54 26 ne
1877 2401 180 49 pouvait

86 2466 162 39 arriver
261 2466 112 38 ainsi
390 2469 21 35 à
430 2478 135 38 payer
580 2466 62 39 les
659 2467 112 38 mois
791 2464 209 40 d'atelier.
1018 2464 132 40 Aussi
1167 2464 186 40 Charles
1368 2464 114 40 fut-il
1498 2464 164 50 obligé,
1680 2478 112 38 pour
1805 2465 170 40 donner
1987 2479 69 26 ses

85 2545 49 26 20
157 2531 144 40 francs
324 2546 79 38 par
421 2533 112 39 mois
555 2532 112 39 àM.
694 2531 160 51 Lebas,
881 2531 52 40 de
943 2531 122 54 faire
1097 2532 41 39 la
1154 2532 135 53 place,
1325 2532 132 52 qu'on
1495 2533 150 51 payait
1669 2532 116 39 alors
1818 2546 24 25 o
1864 2531 50 40 fr.
2018 2547 33 25 c.

83 2599 180 40 l'heure.
280 2599 119 40 C'est
440 2601 111 38 ainsi
576 2600 104 51 qu'il
719 2599 199 40 travailla
959 2599 101 39 chez
1101 2598 366 48 Viollet-le-Duc,
1509 2605 54 34 où
1601 2599 29 39 il
1653 2597 48 41 fit
1742 2599 57 40 du
1822 2599 230 52 gothique,

85 2676 41 32 et
148 2667 101 40 chez
273 2667 262 40 l'architecte
550 2666 226 42 Galimard
800 2667 58 47 (le
879 2665 113 41 frère
1015 2666 58 40 du
1093 2668 169 50 peintre
1279 2671 257 35 surnommé
1559 2679 75 26 sur
1656 2674 98 32 tous
1774 2666 62 39 les
1859 2680 121 27 murs
1997 2667 58 40 du

83 2733 208 52 Quartier
320 2733 131 41 Latin
473 2745 7 24 :
515 2735 38 39 le
579 2742 88 47 pou
699 2734 201 53 mystique
907 2731 26 54 ),
959 2742 40 31 et
1035 2735 89 50 qui,
1151 2747 104 26 sans
1296 2734 150 49 talent,
1480 2733 204 40 bâtissait
1707 2732 245 53 beaucoup.
1987 2733 68 40 En

86 2805 142 36 même
248 2810 156 43 temps,
426 2802 29 39 il
475 2803 276 50 poursuivait
770 2814 69 27 ses
861 2801 153 40 études
1035 2804 21 36 à
1075 2799 196 50 l'atelier,
1297 2809 41 32 et
1359 2816 27 36 y
1408 2801 240 40 travaillait
1665 2815 104 26 avec
1791 2801 175 40 ardeur.

139 2867 32 40 Il
191 2870 115 37 avait
322 2869 199 50 toujours
541 2872 65 36 été
622 2874 86 34 très
730 2872 248 46 encouragé
997 2882 54 25 au
1075 2869 155 39 travail
1250 2883 81 36 par
1352 2881 45 26 sa
1419 2874 133 44 mère,
1576 2870 89 50 qui,
1685 2867 232 53 incapable
1933 2869 52 39 de
2017 2869 37 39 le

82 2935 172 49 guider,
280 2935 139 38 savait
439 2935 243 50 cependant
701 2936 199 39 stimuler
940 2949 81 26 son
1042 2935 159 40 ardeur
1233 2940 22 35 à
1276 2933 160 43 l'étude
1459 2945 40 31 et
1523 2936 59 39 lui
1621 2936 183 40 donnait
1827 2936 226 51 l'exemple

83 3002 53 39 de
154 3000 219 41 l'activité.
397 3000 186 41 Charles
606 3002 170 41 adorait
795 3016 46 26 sa
862 3008 133 43 mère,
1018 3012 40 31 et
1077 3017 113 38 pour
1208 3004 61 39 lui
1291 3002 109 41 faire
1418 3003 168 52 plaisir,
1609 3002 235 40 travaillait
1867 3011 186 31 souvent

82 3068 94 41 tard
199 3067 111 40 dans
329 3067 38 40 la
390 3069 155 47 soirée,
569 3069 147 52 quand
733 3070 29 39 il
785 3072 103 38 était
905 3069 164 49 enfant,
1095 3074 143 36 même
1262 3076 126 47 après
1411 3071 38 40 le
1472 3083 127 28 cours
1630 3071 53 38 de
1702 3069 148 40 l'école
1881 3069 52 40 de
1956 3069 72 40 des-

81 3137 82 40 sin.
188 3134 132 41 Etant
339 3139 22 35 à
382 3135 197 48 batelier,
600 3137 30 38 il
647 3138 236 39 travaillait
905 3146 99 32 tous
1026 3138 62 39 les
1108 3139 112 39 soirs
1250 3142 21 36 à
1295 3140 169 38 étudier
1484 3138 77 39 des
1596 3138 163 50 projets
1793 3136 235 41 d'architec-

80 3211 110 32 ture.
207 3202 273 52 Cependant,
507 3203 27 39 il
557 3216 54 27 ne
628 3205 134 39 tenait
780 3218 79 38 pas
881 3205 53 40 de
957 3219 68 26 ses
1056 3214 178 43 parents
1261 3219 68 26 ses
1350 3211 133 44 goûts
1507 3206 268 50 artistiques.
1802 3203 199 42 Souvent
2023 3205 29 39 il

78 3269 130 41 disait
232 3274 21 35 à
272 3283 45 26 sa
338 3276 118 34 mère
480 3281 7 27 :
513 3283 20 25 «
555 3270 125 41 Voici
703 3271 110 40 deux
833 3271 140 52 objets
996 3272 250 40 similaires.
1270 3272 114 40 L'un
1408 3281 64 31 est
1501 3272 74 52 joli
1598 3280 40 31 et
1660 3271 155 40 l'autre
1850 3280 64 32 est
1945 3272 104 39 laid.

72 3336 51 55 Je
145 3338 121 51 parie
283 3350 84 39 que
390 3345 45 32 tu
451 3351 77 26 vas
551 3346 176 33 trouver
739 3338 86 40 laid
846 3339 38 40 le
907 3339 88 52 joli,
1022 3348 40 31 et
1083 3341 401 52 réciproquement.
1519 3350 19 27 ))
1559 3338 106 41 Cela
1683 3340 179 39 arrivait
1882 3351 170 28 comme

75 3404 29 41 il
127 3404 148 41 l'avait
291 3404 157 53 prédit.
473 3403 115 43 Mais
610 3404 46 41 M
661 3413 44 18 me
722 3403 188 43 Garnier
928 3405 147 49 disait,
1089 3419 53 27 en
1161 3406 146 42 levant
1326 3407 62 40 les
1411 3406 180 52 épaules
1618 3417 6 29 :
1650 3418 20 28 «
1690 3406 118 42 C'est
1821 3406 77 41 des
1920 3412 133 45 goûts
