2159 3660
133 220 27 0 262

869 191 197 24 CHARLES
1100 191 192 24 GARNIER

84 281 220 41 d'artistes
330 285 63 37 !...
416 282 229 38 Personne
672 293 53 25 ne
746 280 61 38 les
826 288 185 42 partage
1037 283 7 35 !
1073 290 21 28 »
1110 279 88 40 Dès
1222 293 81 27 son
1323 280 199 50 enfance,
1550 294 68 26 ses
1637 282 121 40 idées
1780 292 41 30 et
1844 296 70 26 ses
1933 289 132 44 goûts

85 351 161 38 étaient
270 351 35 37 si
325 348 226 40 différents
576 348 53 38 de
652 360 104 26 ceux
779 346 53 40 de
875 360 68 26 ses
975 356 195 42 parents,
1213 344 130 55 qu'ils
1380 348 281 51 l'appelaient
1686 362 8 26 :
1733 349 151 53 braque
1891 382 8 17 ,
1935 364 55 26 ou
2032 350 36 38 le

87 416 165 53 braque.

1065 623 33 40 II

876 758 50 25 LE
955 758 100 25 PRIX
1088 758 54 24 DE
1176 757 117 26 ROME

143 874 68 40 En
233 878 118 47 1846,
371 873 22 41 à
414 890 50 26 20
485 890 95 36 ans,
606 876 186 41 Charles
812 876 64 41 fut
900 890 98 36 reçu
1022 890 53 27 en
1098 877 117 50 loge.
1238 877 31 40 Il
1293 877 70 52 n'y
1387 887 148 31 monta
1560 892 79 38 pas
1663 892 53 26 en
1746 882 117 47 1847.
1903 878 30 40 Il
1956 893 27 38 y
2005 878 64 40 fut

90 944 142 40 admis
251 958 52 26 en
322 948 117 47 1848.

145 1011 157 41 C'était
325 1026 44 25 sa
394 1012 200 40 dernière
617 1017 138 35 année
778 1012 52 40 de
847 1024 237 37 concours;
1108 1028 71 25 car
1199 1026 80 27 son
1301 1019 102 45 père
1426 1014 116 38 avait
1561 1017 66 35 été
1650 1016 125 37 ruiné
1791 1027 53 26 en
1869 1017 98 46 1847
1990 1028 79 37 par

89 1079 265 41 l'ouverture
370 1080 58 40 du
446 1080 172 40 chemin
635 1080 53 40 de
710 1079 65 41 fer
795 1080 53 40 de
865 1079 185 41 Sceaux.
1075 1080 108 40 Plus
1206 1080 53 39 de
1282 1093 190 27 coucous
1495 1084 20 34 à
1534 1082 244 38 construire
1803 1094 55 26 ou
1882 1085 22 34 à
1943 1085 101 47 répa-

90 1160 69 26 rer
183 1151 6 36 !
212 1146 55 41 Et
289 1147 202 51 Charles,
517 1161 53 26 ne
592 1156 196 42 pouvant
802 1148 99 50 plus
924 1151 89 35 être
1033 1148 97 38 aidé
1152 1161 80 37 par
1255 1160 80 26 son
1357 1153 117 45 père,
1501 1149 142 37 aurait
1665 1148 58 39 dû
1755 1161 53 25 ne
1829 1148 100 50 plus
1961 1161 81 38 pen-

89 1227 69 27 ser
181 1215 98 51 qu'à
305 1228 45 26 se
371 1214 110 40 faire
503 1227 86 27 une
611 1216 197 49 position
830 1214 329 51 indépendante
1190 1222 42 31 et
1251 1227 85 25 une
1356 1214 200 40 clientèle
1575 1223 40 31 et
1640 1228 213 26 renoncer
1876 1219 21 35 à
1919 1215 150 40 l'école

88 1290 41 32 et
150 1296 54 25 au
228 1284 94 48 prix
341 1282 53 39 de
414 1281 158 40 Rome.

143 1348 62 40 Le
228 1350 111 50 sujet
360 1349 59 39 du
436 1361 214 27 concours
669 1348 53 39 de
746 1347 142 41 Rome
910 1349 104 38 était
1039 1358 7 28 :
1078 1346 64 40 Un
1175 1348 324 40 Conservatoire
1521 1349 70 38 des
1615 1355 83 33 arts
1721 1355 35 33 et
1778 1349 178 39 métiers.

141 1415 62 40 Le
217 1416 175 40 dernier
404 1417 111 50 jour,
539 1420 21 35 à
586 1416 165 40 l'heure
775 1422 55 33 où
853 1415 28 39 il
902 1424 64 30 est
988 1417 164 49 permis
1177 1420 22 35 à
1221 1424 99 32 tous
1343 1416 61 40 les
1428 1426 284 30 concurrents
1741 1417 154 39 d'aller
1918 1431 126 36 regar-

87 1484 77 38 der
182 1484 38 39 le
244 1484 155 39 travail
420 1484 63 39 les
515 1497 84 26 uns
634 1484 77 38 des
735 1491 147 32 autres
906 1480 63 55 (ce
993 1482 133 52 qu'on
1156 1483 173 51 appelle
1365 1483 236 40 cochonner
1603 1483 31 53 ),
1661 1484 187 40 Charles
1882 1483 188 42 Garnier

88 1559 112 32 resta
226 1555 159 36 atterré
418 1560 41 31 et
477 1552 234 50 désespéré
729 1564 54 26 en
806 1558 174 31 entrant
1002 1550 112 38 dans
1150 1550 61 39 les
1235 1550 124 50 loges
1382 1551 52 39 de
1470 1564 68 26 ses
1559 1552 150 39 rivaux
1731 1566 7 33 ;
1766 1566 71 25 car
1865 1552 75 40 des
1976 1552 95 40 huit

89 1619 196 49 logistes,
310 1619 29 39 il
364 1620 103 39 était
490 1619 39 39 le
552 1619 93 39 seul
670 1619 75 51 qui
765 1623 72 34 eût
860 1617 160 51 adopté
1042 1632 60 24 un
1139 1619 164 38 certain
1326 1620 112 49 parti
1471 1619 52 39 de
1547 1620 297 50 composition
1879 1631 7 27 :
1913 1619 29 40 il
1966 1633 79 26 con-

88 1687 157 47 sistait,
286 1687 37 50 je
359 1687 127 48 crois,
526 1690 21 35 à
572 1686 148 51 placer
741 1686 63 39 les
842 1685 131 39 salles
996 1684 292 52 d'exposition
1314 1689 21 35 à
1356 1695 97 42 part
1476 1687 76 39 des
1577 1687 130 39 salles
1742 1687 52 39 de
1817 1700 143 27 cours.
1984 1686 86 41 Les

89 1762 95 43 sept
220 1762 146 31 autres
402 1755 172 37 avaient
613 1753 159 51 adopté
804 1767 59 25 un
902 1760 123 32 autre
1059 1753 129 50 parti,
1224 1752 38 40 le
1285 1757 143 36 même
1457 1767 114 38 pour
1604 1762 113 31 tous.
1743 1753 115 40 Mais
1882 1767 70 27 ces
1975 1764 96 43 sept

91 1829 146 32 autres
256 1835 54 25 ne
332 1820 145 41 furent
505 1834 78 38 pas
606 1822 146 38 moins
771 1824 197 46 atterrés,
989 1820 147 51 quand
1159 1820 53 38 ils
1233 1821 143 39 virent
1399 1820 38 40 le
1456 1822 141 50 projet
1617 1821 53 40 de
1705 1820 190 41 Charles
1911 1836 8 33 ;
1945 1830 40 31 et
2017 1822 53 39 ils

89 1889 57 39 lui
172 1889 143 39 dirent
340 1904 7 25 :
374 1901 20 26 ((
420 1888 81 40 Toi
525 1888 109 50 seul,
661 1896 44 31 tu
736 1901 47 26 as
805 1891 153 36 trouvé
981 1887 37 39 le
1048 1886 88 40 bon
1156 1889 114 49 parti
1297 1891 6 36 î
1328 1899 19 26 »

142 1955 68 40 En
226 1955 114 51 effet,
366 1956 29 39 il
418 1964 72 31 eut
514 1960 22 35 à
561 1956 276 39 l'unanimité
860 1954 38 39 le
917 1956 192 50 premier
1129 1955 141 49 grand
1292 1957 93 49 prix
1402 1955 53 39 de
1476 1955 143 40 Rome

143 2023 61 40 Le
235 2025 98 50 jour
353 2024 59 39 du
447 2024 241 51 jugement,
714 2023 29 38 il
768 2023 115 38 avait
921 2023 94 50 prié
1036 2022 39 38 le
1105 2035 167 37 garçon
1307 2023 53 38 de
1385 2022 150 40 l'école
1571 2023 76 38 des
1669 2021 290 49 Beaux-Arts,
1996 2025 74 49 qui

88 2093 195 38 assistait
317 2095 21 35 à
362 2091 39 39 la
427 2096 170 43 séance,
629 2091 53 39 de
703 2091 117 39 lever
841 2089 39 40 le
903 2089 152 40 rideau
1075 2089 53 39 de
1152 2089 38 40 la
1216 2090 108 39 salle
1347 2090 54 39 de
1420 2089 334 49 délibérations,
1775 2092 35 37 si
1829 2091 143 39 c'était
1993 2091 75 49 lui,

89 2157 202 49 Garnier,
319 2160 74 50 qui
417 2160 117 38 avait
556 2159 38 38 le
616 2159 110 50 prix.
754 2157 31 39 Il
808 2159 104 38 était
929 2158 112 38 assis
1063 2157 112 39 dans
1199 2157 39 40 la
1263 2171 106 26 cour
1390 2158 53 39 de
1465 2157 178 51 l'Ecole,
1667 2171 75 26 sur
1764 2173 58 25 un
1862 2159 209 49 moulage

89 2228 193 51 antique,
302 2227 62 39 les
385 2239 113 38 yeux
521 2224 106 41 fixés
651 2239 74 26 sur
745 2225 38 39 la
808 2224 180 50 fenêtre,
1014 2233 39 31 et
1070 2229 183 36 entouré
1276 2225 52 39 de
1352 2238 68 26 ses
1441 2227 127 44 amis,
1592 2227 73 50 qui
1690 2227 198 38 savaient
1911 2234 99 31 tous
2033 2226 38 39 le

89 2295 144 48 signal
258 2307 217 27 convenu.
491 2292 37 40 A
543 2293 118 40 force
678 2293 52 39 de
750 2293 211 49 regarder
983 2292 37 39 la
1045 2292 180 50 fenêtre,
1248 2293 39 39 le
1306 2306 166 38 pauvre
1495 2293 187 39 Charles
1702 2306 53 26 ne
1795 2294 149 51 voyait
1973 2293 98 52 plus

89 2362 121 49 clair,
230 2361 174 40 troublé
425 2375 80 37 par
535 2361 242 49 l'émotion,
804 2360 147 51 quand
985 2360 38 39 le
1060 2361 151 38 rideau
1254 2359 64 40 fut
1355 2360 322 52 brusquement
1717 2361 182 40 soulevé
1922 2364 63 37 !...
2009 2360 62 41 Ce

89 2428 145 41 furent
256 2429 63 39 les
341 2429 188 39 hourras
552 2436 40 32 et
626 2428 62 39 les
727 2427 376 40 embrassements
1126 2428 53 39 de
1212 2441 69 26 ses
1304 2429 112 38 amis
1437 2429 74 50 qui
1533 2426 129 41 firent
1686 2429 290 50 comprendre
2018 2443 54 25 au

90 2510 165 38 pauvre
287 2498 150 38 artiste
460 2504 95 43 trop
576 2499 101 36 ému
710 2493 105 53 qu'il
838 2496 116 39 avait
976 2495 39 39 le
1037 2495 140 49 grand
1196 2496 92 49 prix
1312 2498 6 36 !

144 2563 199 41 Aussitôt
362 2564 29 38 il
413 2564 154 39 voulut
590 2564 145 38 courir
757 2575 261 27 annoncera
1041 2575 68 26 ses
1128 2570 179 43 parents
1329 2561 39 40 la
1390 2560 148 41 bonne
1554 2562 205 39 nouvelle
1787 2593 25 8 ..
1848 2561 116 40 Mais
1996 2563 51 38 de-

88 2641 104 31 vant
211 2632 40 38 la
269 2639 123 44 porte
412 2630 52 40 de
484 2630 163 40 l'Ecole
663 2629 77 40 des
757 2628 292 49 Beaux-Arts,
1078 2642 55 27 on
1162 2629 224 39 entendait
1405 2629 52 39 de
1474 2628 271 53 frénétiques
1769 2630 303 52 claquements

86 2700 53 39 de
161 2698 135 48 fouet,
322 2708 40 30 et
382 2698 88 40 l'on
491 2700 62 38 vit
573 2713 59 25 un
653 2696 147 51 fiacre,
838 2698 124 38 lancé
986 2701 21 35 à
1032 2696 169 40 l'allure
1219 2697 39 39 la
1279 2698 100 51 plus
1399 2698 168 51 rapide,
1599 2698 191 51 prendre
1823 2698 38 39 le
1895 2698 176 39 chemin

89 2768 52 38 de
161 2767 38 39 la
223 2780 75 26 rue
313 2765 227 41 Mazarine
566 2776 7 28 :
594 2766 140 40 c'était
754 2780 59 25 un
833 2764 155 40 cocher
1004 2764 52 39 de
1073 2762 147 49 fiacre,
1247 2766 74 50 qui
1340 2780 27 36 y
1387 2766 196 38 remisait
1608 2769 21 35 à
1654 2768 94 36 côté
1785 2766 58 39 du
1876 2773 45 31 n°
1944 2780 64 36 32,
2034 2775 39 31 et

90 2834 74 50 qui
188 2834 140 38 savait
345 2845 169 27 comme
538 2840 92 31 tout
650 2832 39 38 le
712 2834 195 49 quartier
926 2845 85 39 que
1028 2832 37 39 le
1085 2833 128 51 jeune
1236 2830 190 42 Garnier
1447 2835 255 38 concourait
1716 2846 112 38 pour
1850 2834 39 38 le
1911 2835 92 50 prix
2021 2834 52 39 de

91 2900 155 40 Rome.
269 2899 190 40 Passant
475 2900 160 38 devant
649 2896 177 50 l'Ecole,
851 2900 30 38 il
905 2902 116 37 avait
1041 2900 180 40 attendu
1245 2900 60 40 lui
1340 2902 119 38 aussi
1484 2901 37 39 le
1556 2901 277 51 jugement...
1861 2901 32 39 Il
1933 2901 141 40 s'était

89 2967 193 52 dépêché
304 2980 112 38 pour
439 2966 254 40 l'annoncer
714 2971 21 35 à
757 2966 47 40 M
809 2974 39 15 me
868 2966 202 51 Garnier,
1099 2969 88 51 qui,
1212 2972 236 47 prévenue,
1474 2968 82 40 elle
1579 2969 135 47 aussi,
1742 2983 81 37 par
1841 2969 64 39 les
1929 2978 120 31 reten-

90 3037 183 38 tissants
294 3034 301 51 claquements
613 3034 57 40 du
687 3033 135 48 fouet,
844 3037 147 38 venait
1016 3039 21 35 à
1059 3035 38 39 la
1119 3044 125 43 porte
1265 3049 113 38 pour
1404 3037 147 39 savoir
1570 3049 47 27 ce
1650 3049 85 39 que
1773 3035 216 51 signifiait
2027 3051 47 26 ce

89 3102 134 40 bruit.
261 3100 229 54 Quelques
524 3103 192 38 minutes
757 3108 145 46 après,
928 3103 223 40 l'heureux
1183 3103 169 40 lauréat
1391 3117 45 26 se
1477 3105 262 51 précipitait,
1785 3106 112 37 suivi
1942 3104 130 41 d'une

91 3170 144 40 bande
270 3170 52 39 de
359 3182 69 26 ses
459 3170 270 48 camarades,
756 3170 101 39 chez
882 3183 68 27 ses
974 3179 192 43 parents,
1190 3170 103 40 bien
1312 3175 140 43 émus,
1474 3170 102 40 bien
1601 3180 199 31 contents
1824 3170 64 41 !...

145 3237 186 40 Charles
348 3237 120 39 allait
492 3237 121 39 avoir
632 3250 47 36 23
705 3250 80 26 ans
817 3237 38 39 le
877 3241 24 36 6
923 3237 240 40 novembre
1182 3239 53 38 de
1255 3247 108 31 cette
1385 3243 143 34 même
1545 3243 139 35 année
1712 3241 100 47 1848
1844 3254 8 33 ;
1890 3239 28 40 il
1958 3241 116 38 avait

90 3307 113 38 donc
226 3319 48 25 22
300 3318 79 26 ans
402 3313 40 31 et
456 3305 116 39 demi
587 3304 147 51 quand
750 3304 28 39 il
800 3304 142 41 obtint
957 3305 38 39 le
1011 3307 191 49 premier
1220 3306 141 50 grand
1379 3307 93 50 prix
1493 3305 52 39 de
1569 3304 157 51 Rome,
1748 3304 79 41 fait
1850 3320 96 26 rare
1962 3321 113 38 pour

91 3388 58 25 un
166 3372 249 50 architecte,
441 3384 46 27 ce
509 3372 93 51 prix
626 3384 53 27 ne
702 3370 249 41 s'obtenant
973 3373 331 49 généralement
1328 3373 197 52 qu'entre
1549 3377 49 35 26
1621 3382 41 31 et
1695 3387 49 37 30
1768 3387 94 27 ans.
1887 3375 50 54 Je
1959 3377 114 38 crois

91 3439 134 52 qu'on
249 3441 80 39 cite
347 3438 154 41 Lefuel
526 3452 170 27 comme
719 3439 163 52 l'ayant
905 3453 53 26 eu
975 3439 53 40 de
1051 3445 85 35 très
1159 3441 147 40 bonne
1329 3441 136 40 heure
1489 3442 134 39 aussi.
