2159 3660
781 191 75 26 LES
891 189 205 28 ORIGINES
1129 189 56 25 DE
1216 174 183 41 L'OPÉRA

162 223 19 0 280

593 351 105 40 Les
732 349 264 53 Origines
1032 347 68 41 de
1129 346 225 52 l'Opéra
1397 345 218 41 Italien.

153 480 57 37 M.
230 478 160 49 Angelo
416 477 166 45 Solerti,
620 475 92 48 déjà
732 486 141 25 connu
897 473 49 37 de
968 480 95 29 tous
1093 472 58 37 les
1170 471 139 37 lettrés
1330 482 74 38 par
1427 482 64 25 ses
1515 471 135 36 beaux
1672 470 122 37 livres
1818 482 70 24 sur
1909 470 38 36 la
1968 470 90 37 litté-

102 546 136 30 rature
263 538 210 47 italienne,
497 537 112 37 vient
642 536 48 36 de
722 534 164 50 publier
908 544 81 26 une
1014 533 104 37 série
1155 533 48 36 de
1237 541 171 28 travaux
1441 531 82 37 fort
1545 531 263 49 importants,
1834 531 69 48 qui
1928 544 118 24 renou-

101 600 153 38 vellent
280 598 199 38 l'histoire
515 598 49 37 de
605 597 167 48 l'Opéra
811 594 264 39 M.Romain
1117 594 179 36 Rolland
1334 605 107 25 nous
1465 591 298 49 communique
1787 592 21 36 à
1829 604 43 24 ce
1897 592 105 48 sujet
2018 592 58 37 les

103 670 116 29 notes
241 659 260 51 analytiques
525 658 209 38 suivantes
752 657 69 49 (1).

157 767 62 40 La
240 767 218 40 brochure
480 769 232 36 consacrée
735 778 83 26 aux
832 760 370 56 Représentations
1219 760 218 40 musicales
1459 760 49 38 de
1535 759 147 39 Venise
1703 759 136 40 décrit
1864 772 44 39 53
1931 761 144 50 pièces

101 848 53 26 en
176 836 220 50 musique,
421 835 148 50 jouées
592 833 52 38 de
672 844 94 39 1571
796 835 20 35 à
843 834 116 47 1605.
982 828 63 40 La
1067 830 205 50 musique
1294 842 53 26 en
1370 837 64 31 est
1465 828 179 51 perdue,
1664 836 40 31 et
1736 827 61 39 les
1836 828 239 39 musiciens

101 911 99 31 sont
219 916 54 26 en
292 901 180 51 général
492 903 232 37 inconnus.
756 898 32 40 Il
810 906 64 32 est
909 903 85 34 très
1035 896 214 52 probable
1282 910 84 38 que
1404 896 38 39 la
1465 897 203 50 musique
1687 895 385 51 n'accompagnait

99 983 79 37 pas
196 978 119 31 toute
338 969 190 39 l'action.
618 965 85 41 Les
727 964 153 40 libretti
902 972 98 32 sont
1023 967 233 36 conservés
1281 967 20 35 à
1323 963 39 39 la
1383 962 115 40 Bibl.
1521 961 226 40 Marciana
1754 993 7 16 ,
1786 971 40 31 et
1847 977 55 25 au
1922 961 148 40 Museo

101 1035 155 40 Correr
274 1037 53 38 de
349 1035 177 41 Venise.
618 1033 62 40 Le
702 1033 189 52 premier
906 1032 53 38 de
982 1044 69 26 ces
1070 1030 237 52 spectacles
1339 1031 227 38 musicaux
1590 1028 167 40 semble
1778 1030 124 38 avoir
1919 1033 67 35 été
2008 1029 64 39 les

97 1101 153 42 Stanze
265 1102 46 40 di
324 1100 63 42 M.
412 1101 118 41 Celio
549 1099 168 55 Magno
725 1132 8 18 ,
755 1101 179 38 récitées
953 1112 54 25 en
1032 1111 115 38 1570,
1176 1112 54 24 au
1249 1096 198 51 banquet
1467 1109 53 26 en
1540 1096 234 39 l'honneur
1786 1096 53 38 de
1853 1095 215 39 l'élection

96 1171 59 38 du
178 1171 114 48 doge
313 1169 132 50 Luigi
473 1168 235 48 Mocenigo
732 1180 9 33 ;
764 1167 110 38 mais
903 1165 38 39 la
962 1165 215 51 première
1200 1164 348 50 représentation
1570 1171 284 42 proprement
1889 1162 150 40 drama-

97 1238 119 50 tique
238 1245 64 31 est
325 1237 37 38 le
390 1235 179 52 Trionfo
590 1234 45 38 di
677 1232 167 40 Christo
857 1239 75 45 per
952 1231 39 39 la
1013 1230 169 40 vittoria
1221 1235 145 33 contra
1392 1228 156 40 Turchi
1554 1259 7 17 ,
1595 1230 100 50 joué
1729 1242 53 26 en
1808 1242 119 38 1571,
1959 1242 114 38 pour

97 1303 192 40 célébrer
317 1303 40 38 la
379 1302 181 39 victoire
597 1300 53 39 de
680 1299 214 51 Lépante,
931 1306 40 31 et
993 1298 126 38 dédié
1140 1301 21 35 à
1204 1296 39 40 la
1277 1298 140 38 sainte
1456 1294 143 52 Ligue
1630 1304 40 31 et
1712 1300 21 34 à
1764 1296 39 39 la
1829 1298 145 38 trinité
2011 1297 57 39 du

95 1382 126 40 pape,
244 1369 57 40 du
322 1367 84 42 Roi
423 1366 280 52 Catholique,
727 1376 40 31 et
786 1367 58 39 du
867 1366 127 49 doge.
1014 1363 63 41 Le
1095 1370 127 46 poète
1242 1366 103 38 était
1367 1362 123 41 Celio
1513 1362 184 51 Magno,
1717 1372 40 31 et
1777 1364 38 38 le
1837 1366 229 47 musicien,

96 1442 85 35 très
203 1435 354 52 probablement,
583 1434 193 40 Zarlino.
795 1432 86 40 Les
904 1444 302 40 personnages
1228 1433 161 39 étaient
1411 1430 157 49 David,
1604 1432 114 39 saint
1749 1430 165 51 Pierre,
1956 1433 114 39 saint

92 1503 204 55 Jacques,
331 1505 114 38 saint
475 1501 138 50 Marc,
658 1502 139 39 sainte
832 1501 186 54 Justine,
1057 1498 196 48 Gabriel,
1291 1507 40 31 et
1354 1513 59 25 un
1436 1498 153 40 chœur
1616 1498 76 40 des
1715 1512 152 36 anges.
1961 1498 108 41 Puis

92 1573 93 38 vint
202 1571 38 40 la
267 1569 214 54 Tragedia
503 1569 52 40 de
578 1568 188 40 Claudio
790 1567 208 41 Cornelio
1016 1567 287 51 Frangipani,
1324 1566 172 40 donnée
1518 1578 53 27 en
1595 1578 117 38 1574,
1736 1579 113 38 pour
1871 1566 39 39 la
1927 1579 141 27 venue

95 1642 21 35 à
140 1638 163 41 Venise
325 1637 181 40 d'Henri
524 1635 71 40 111.
632 1634 57 41 M.
729 1633 160 42 Solerti
914 1650 21 24 a
970 1639 125 34 conté
1131 1633 177 40 ailleurs
1340 1646 45 26 ce
1429 1634 176 38 curieux
1623 1646 173 38 voyage
1835 1631 75 53 (2).
1934 1632 71 41 On
2044 1648 21 25 a

96 1714 184 32 souvent
303 1705 122 52 parlé
444 1705 52 39 de
517 1712 108 31 cette
644 1705 134 49 pièce,
802 1715 84 39 que
902 1702 272 51 Frangipani
1199 1702 114 38 avait
1327 1704 204 36 nommée
1550 1699 211 49 tragédie,
1787 1698 102 40 bien
1910 1699 158 51 qu'elle

93 1773 65 40 fût
181 1786 102 27 sans
306 1774 159 47 action,
499 1786 18 20 «
543 1783 170 28 comme
739 1775 118 34 étant
891 1769 38 39 le
962 1769 91 39 seul
1086 1770 112 43 titre,
1239 1767 133 49 dit-il,
1408 1768 73 50 qui
1514 1769 175 37 convînt
1712 1770 21 34 à
1773 1781 59 24 un
1870 1766 112 51 sujet
2010 1773 56 33 où

94 1840 171 51 parlent
284 1840 61 39 les
367 1839 143 49 dieux,
536 1847 40 31 et
593 1845 56 33 où
668 1846 64 31 est
764 1838 99 39 loué
885 1851 59 25 un
959 1838 34 37 si
1013 1836 141 50 grand
1176 1837 78 38 roi.
1279 1849 18 19 »
1336 1834 63 39 La
1423 1835 205 49 musique
1660 1834 102 39 était
1795 1834 53 38 de
1875 1832 189 41 Claudio

92 1907 192 40 Merulo.
371 1905 167 52 Quatre
555 1919 78 26 ans
649 1906 99 51 plus
783 1904 110 49 tard,
913 1917 56 26 on
988 1905 85 49 prit
1095 1901 241 40 l'habitude
1355 1902 53 39 de
1430 1901 240 40 donnerun
1700 1900 214 52 spectacle
1933 1902 106 38 musi-

94 1975 81 46 cal,
202 1983 99 31 tous
324 1974 63 39 les
406 1986 95 37 ans,
528 1977 21 34 à
589 1973 37 38 la
667 1970 355 47 Saint-Etienne,
1054 1971 38 38 la
1128 1969 168 51 grande
1317 1967 85 41 fête
1440 1970 53 39 de
1523 1969 163 40 Venise
1709 1967 73 53 (3).
1815 1967 61 40 M.
1904 1967 161 41 Solerti

95 2054 231 39 remarque
350 2053 83 38 que
456 2039 102 40 c'est
579 2039 53 40 de
652 2039 39 39 là
723 2051 84 39 que
828 2039 92 38 vint
948 2037 99 52 plus
1083 2037 93 39 tard
1197 2037 39 38 la
1261 2044 205 32 coutume
1492 2037 52 38 de
1576 2037 172 38 rouvrir
1766 2035 162 51 l'opéra
1948 2037 96 37 véni-

94 2111 89 37 tien
205 2109 39 39 le
267 2112 50 36 26
339 2106 246 41 décembre.
705 2103 147 51 Enfin,
875 2118 104 26 sous
1002 2105 38 38 le
1074 2104 135 50 dogat
1241 2103 52 40 de
1329 2103 176 40 Marino
1546 2101 201 42 Grimani
1772 2100 292 54 (1595-1605),

91 2176 29 39 il
150 2190 28 37 y
203 2183 72 32 eut
309 2183 154 44 quatre
495 2174 370 51 représentations
887 2171 235 41 musicales
1143 2185 80 37 par
1245 2185 55 25 an
1319 2181 8 28 :
1355 2171 39 38 le
1417 2183 44 38 25
1487 2170 124 48 avril,
1637 2174 22 35 à
1684 2170 37 39 la
1757 2168 275 41 Saint-Marc
2055 2184 7 33 ;

162 2255 54 27 en
233 2243 103 46 mai,
358 2255 114 38 pour
494 2240 274 40 l'Ascension
793 2251 9 37 ;
896 2240 38 39 le
962 2252 40 38 15
1024 2240 107 50 juin,
1156 2243 20 34 à
1202 2239 37 38 la
1262 2237 222 42 San-Vito
1511 2253 8 32 ;
1628 2246 39 31 et
1688 2237 38 39 le
1743 2241 50 35 26
1816 2235 246 51 décembre,

93 2314 22 35 à
136 2310 38 38 la
212 2308 361 41 Saint-Etienne.

148 2375 87 41 Sur
269 2376 62 39 les
353 2388 45 39 53
419 2377 144 49 pièces
581 2374 241 51 analysées,
845 2375 182 37 environ
1051 2387 65 36 27,
1136 2373 98 50 plus
1247 2372 53 39 de
1323 2373 38 38 la
1383 2375 164 46 moitié,
1582 2383 99 31 sont
1696 2375 78 39 des
1790 2375 246 51 pastorales
2055 2387 8 37 ;

97 2451 40 31 et
158 2442 218 40 l'élément
398 2442 194 51 pastoral
611 2449 64 32 est
697 2441 211 39 introduit
945 2440 111 39 dans
1090 2453 189 38 presque
1299 2448 142 31 toutes
1460 2441 61 38 les
1551 2449 159 32 autres.
1736 2441 63 40 Le
1832 2447 128 46 poète
1987 2441 81 41 fait

94 2510 141 50 grand
255 2522 137 37 usage
411 2510 76 39 des
503 2510 216 44 travestis,
814 2515 108 32 cette
938 2507 179 52 passion
1133 2507 53 38 de
1199 2506 38 39 la
1254 2506 298 41 Renaissance
1565 2509 208 39 italienne
1790 2517 40 32 et
1847 2509 216 50 anglaise.

94 2576 62 40 Ce
178 2590 53 26 ne
248 2585 100 32 sont
370 2590 83 39 que
466 2585 202 43 pasteurs
690 2575 206 50 déguisés
927 2587 54 26 en
1004 2573 231 52 nymphes,
1263 2582 40 31 et
1326 2575 217 51 nymphes
1561 2588 54 26 en
1637 2584 217 43 pasteurs.
1881 2575 71 40 On
1973 2578 91 38 voit

94 2646 140 50 parmi
263 2644 62 40 les
349 2653 170 31 acteurs
539 2658 58 25 un
613 2641 151 42 enfant
779 2642 53 40 de
844 2656 24 35 4
885 2655 93 26 ans.
1000 2640 63 41 La
1080 2642 126 39 veine
1222 2641 256 51 bouffonne,
1505 2644 74 50 qui
1594 2656 94 26 sera
1715 2656 84 27 une
1818 2643 77 40 des
1916 2657 126 26 carac-

94 2714 249 50 téristiques
365 2712 51 40 de
438 2712 162 51 l'opéra
623 2712 207 48 vénitien,
857 2717 63 32 est
942 2709 96 52 déjà
1056 2715 86 34 très
1164 2714 210 47 marquée
1396 2720 8 28 :
1427 2710 102 40 c'est
1552 2724 45 25 ce
1625 2724 136 36 genre
1787 2710 52 40 de
1860 2712 203 51 comique

89 2794 59 25 un
171 2793 83 38 peu
277 2781 209 48 grossier,
510 2780 73 50 qui
606 2779 189 39 consiste
819 2782 21 34 à
862 2790 44 26 se
922 2790 186 38 moquer
1129 2777 77 39 des
1222 2775 231 41 infirmités
1467 2777 256 52 physiques.
1804 2776 63 41 La
1888 2778 148 52 mytho-

89 2848 116 48 logie
236 2855 40 32 et
296 2847 38 39 la
358 2846 185 50 légende
559 2847 180 50 antique
770 2844 270 40 fournissent
1075 2844 37 39 le
1133 2844 110 52 sujet
1263 2844 52 39 de
1338 2846 63 38 six
1418 2858 56 26 ou
1498 2853 94 43 sept
1610 2846 162 50 pièces.
1797 2844 268 51 L'allégorie

89 2919 134 45 règne
250 2923 193 42 partout,
483 2917 143 35 même
647 2913 111 39 dans
790 2914 61 38 les
873 2914 143 50 pièces
1039 2926 54 25 en
1113 2925 246 39 apparence
1381 2912 284 52 historiques,
1692 2926 170 26 comme
1884 2911 179 55 Scipion

89 2978 26 41 à
141 2979 268 53 Carthagène
417 3011 8 8 .
535 2978 149 52 Enfin,
710 2993 85 27 une
836 2980 77 39 des
945 2981 372 51 représentations
1348 2987 65 32 est
1435 2993 86 26 une
1562 2978 180 41 franche
1781 2980 197 39 comédie
1994 2995 7 24 :
2027 2979 41 39 Il

92 3046 214 54 Confetto,
318 3047 157 53 favola
494 3046 157 40 comica
668 3045 157 54 (1603),
844 3056 40 30 et
900 3046 191 53 l'exposé
1109 3048 53 39 de
1185 3048 38 38 la
1241 3049 120 50 pièce
1385 3047 191 51 rappelle
1596 3048 62 38 les
1680 3048 263 48 madrigaux
1960 3046 80 39 dra-

90 3116 218 51 matiques
347 3114 236 40 d'Horazio
606 3112 177 52 Vecchi,
808 3114 107 40 dont
938 3115 81 39 elle
1038 3123 64 31 est
1122 3116 312 38 certainement
1457 3115 211 50 inspirée.

129 3253 47 39 (1)
194 3251 88 32 Voir
308 3254 31 29 la
358 3251 117 32 Revue
490 3250 42 32 de
557 3260 92 22 mars
673 3260 102 34 1903.

131 3300 46 42 (2)
198 3302 40 30 P.
263 3300 42 32 de
329 3299 140 34 Nolhac
487 3307 33 24 et
538 3300 40 31 A.
605 3298 145 33 Solerti.
783 3300 30 30 Il
846 3299 146 41 viaggio
1031 3300 35 30 di
1106 3298 131 32 Enrico
1260 3300 54 30 111
1334 3310 35 20 re
1390 3299 35 30 di
1459 3298 152 32 Francia
1644 3298 36 30 in
1708 3297 116 40 Italia,
1849 3309 15 21 e
1886 3298 131 42 lejeste
2037 3311 20 19 a

93 3349 159 38 Venezia,
292 3347 164 41 Ferrara,
478 3348 167 31 Mantova
664 3359 15 19 e
709 3348 142 32 Torino.
906 3366 8 4 -
936 3347 125 40 Turin,
1086 3349 113 36 Roux,
1230 3348 103 42 1890,
1373 3347 109 32 in-B°.

129 3398 47 43 (3)
197 3398 64 31 Les
278 3396 186 33 Vénitiens
487 3396 139 33 avaient
643 3398 213 39 transporté,
882 3406 42 22 en
946 3406 101 33 1009,
1065 3399 31 30 le
1112 3408 104 29 corps
1233 3396 44 32 du
1298 3396 104 40 saint,
1418 3396 42 32 de
1479 3395 297 42 Constantinople
1799 3399 17 30 à
1831 3396 213 35 Saint-Geor-

85 3457 63 32 ges
174 3446 137 42 Majeur
335 3446 42 32 de
402 3445 146 33 Venise.
