2175 3657
2011 173 75 47 287

779 184 139 27 NOTES
953 185 434 31 BIBLIOGRAPHIQUES

147 270 30 40 11
200 273 143 39 arrive
364 277 22 35 à
406 271 62 42 M.
496 273 211 52 Coquard
731 274 53 39 de
813 272 109 41 faire
950 274 26 40 d
997 276 120 39 aussi
1142 274 233 51 agréables
1401 283 268 38 rencontres,
1689 273 112 40 dans
1825 273 62 40 les
1910 272 95 41 bois
2031 287 57 26 ou

91 339 38 39 le
145 338 107 52 long
275 341 77 40 des
371 347 157 45 grèves
552 342 105 51 qu'il
679 344 114 38 aime
815 358 8 32 ;
936 357 56 26 on
1013 344 176 39 croirait
1213 343 116 40 alors
1354 342 136 53 qu'un
1517 342 155 41 souffle
1695 342 111 40 d'air
1828 341 106 40 frais
1957 355 130 38 passe

91 410 22 35 à
132 415 171 34 travers
327 423 46 26 sa
399 412 207 49 musique
630 412 193 39 sérieuse
839 419 40 32 et
897 419 197 31 savante.
1115 410 51 54 Je
1185 424 52 26 ne
1268 411 199 40 cacherai
1501 425 80 38 pas
1610 425 69 26 ma
1702 409 251 54 préférence
1976 423 112 38 pour

91 489 72 26 ces
186 477 240 40 éclaircies.
453 477 63 41 Le
539 478 125 40 soleil
690 492 173 26 caresse
882 479 263 39 doucement
1166 478 38 39 la
1228 492 261 38 campagne,
1514 479 61 39 les
1599 478 233 51 feuillages
1855 478 231 53 palpitent,

91 543 40 40 la
150 558 95 26 mer
259 544 265 52 infatigable
541 548 118 38 vient
683 546 142 40 battre
850 546 36 38 le
907 547 151 48 rivage
1080 557 9 37 ;
1115 547 221 50 pourquoi
1361 555 137 31 rester
1517 548 113 38 assis
1653 551 21 35 à
1703 547 39 39 la
1771 546 116 40 table
1917 547 53 39 de
1998 555 67 31 tra-

89 612 87 39 vail
201 616 16 36 ?
237 612 230 53 Pourquoi
489 628 53 25 ne
562 628 79 37 pas
665 614 118 40 lever
804 613 40 39 la
869 616 99 40 tête,
993 621 40 31 et
1067 612 109 40 aller
1211 627 55 25 au
1298 613 164 40 dehors
1501 615 189 50 respirer
1726 628 46 26 ce
1798 623 103 31 vent
1930 614 157 41 céleste

90 680 108 40 dont
222 682 123 50 parle
369 681 174 46 Renan,
564 694 20 26 «
612 683 90 49 qui,
719 684 231 48 pénétrant
970 679 205 52 jusqu'au
1199 678 105 42 fond
1332 680 56 40 du
1411 694 200 33 cerveau,
1634 696 27 36 y
1684 682 154 38 éveille
1866 682 37 50 je
1922 695 55 26 ne
2000 684 89 38 sais

91 748 148 50 quelle
263 763 144 35 vague
431 750 226 38 sensation
681 748 53 39 de
757 748 179 49 largeur
964 757 40 30 et
1027 748 52 40 de
1119 748 155 40 liberté
1296 760 19 26 ))
1340 747 97 41 ?La
1470 750 205 50 musique
1695 763 53 25 ne
1784 750 202 40 doit-elle
2009 764 79 38 pas

90 819 91 36 être
204 816 95 40 l'art
319 816 110 40 libre
452 825 122 31 entre
598 824 112 38 tous,
736 824 40 31 et
796 828 79 26 son
894 816 216 51 privilège
1127 816 161 40 n'est-il
1312 830 80 38 pas
1414 818 293 50 précisément
1729 817 53 40 de
1805 816 108 40 faire
1932 826 130 30 enten-

90 884 75 39 dre
189 888 21 34 à
245 884 37 38 la
305 882 84 41 fois
410 882 63 41 les
493 884 120 39 mille
639 883 155 40 chants
814 885 146 39 divers
980 884 53 40 de
1069 884 39 40 la
1149 893 156 31 nature
1347 893 41 31 et
1410 885 53 39 de
1487 885 130 39 l'âme
1639 889 16 35 ?
1689 883 71 42 Ou
1787 885 144 52 plutôt
1954 882 112 43 n'est-

89 950 83 42 elle
209 966 80 37 pas
329 953 38 39 la
407 961 158 31 nature
602 953 271 49 elle-même,
899 953 192 40 délivrée
1118 954 53 39 de
1207 967 69 26 ses
1312 952 165 41 formes
1505 952 184 41 visibles
1708 957 16 35 ?

143 1019 50 54 Je
213 1021 255 49 regretterai
491 1021 114 39 donc
626 1034 85 38 que
733 1019 62 41 M.
833 1021 211 52 Coquard
1078 1022 200 39 travaille
1298 1030 96 43 trop
1427 1022 62 39 les
1528 1021 190 40 fenêtres
1753 1020 204 50 fermées,
1982 1021 85 40 lors-

89 1087 105 51 qu'il
212 1091 199 50 pourrait
431 1089 61 39 les
510 1091 163 48 ouvrir,
703 1098 40 31 et
764 1098 177 31 trouver
964 1103 54 26 en
1042 1090 234 41 lui-même
1299 1091 138 39 l'écho
1461 1091 53 38 de
1534 1090 44 40 la
1597 1091 70 39 vie
1693 1090 266 40 universelle
1980 1088 106 52 qu'il

92 1156 217 40 laisserait
329 1159 166 38 arriver
517 1157 173 52 jusqu'à
715 1158 75 40 lui.
810 1157 51 55 Je
884 1160 92 38 suis
998 1159 91 40 loin
1109 1159 53 40 de
1190 1162 316 44 méconnaître,
1526 1158 242 51 d'ailleurs,
1792 1159 40 39 la
1853 1158 111 40 forte
1987 1171 76 27 con-

89 1226 214 39 struction
329 1226 53 39 de
405 1239 80 26 son
508 1232 172 45 poème,
710 1227 90 50 qui,
823 1226 110 40 dans
957 1240 80 26 son
1057 1228 119 51 cycle
1195 1228 53 38 de
1269 1236 94 43 sept
1381 1227 230 44 mélodies,
1634 1235 97 43 part
1748 1226 52 40 de
1832 1225 60 40 mi
1914 1227 174 38 mineur

89 1306 113 38 pour
230 1308 27 37 y
296 1296 172 38 revenir
497 1300 128 46 après
665 1297 123 38 avoir
823 1309 220 38 parcouru
1086 1296 62 40 les
1168 1296 207 40 tonalités
1397 1296 54 39 de
1489 1294 38 40 si
1548 1297 190 48 mineur,
1775 1294 40 40 la
1844 1296 176 38 mineur
2043 1303 41 31 et

89 1361 185 51 majeur,
300 1367 43 33 ut
370 1363 169 51 majeur
562 1362 57 52 (la
641 1362 132 40 claire
797 1362 263 51 rencontre),
1077 1362 61 40 mi
1151 1368 16 34 b
1191 1396 8 17 ,
1239 1363 40 39 la
1301 1364 185 52 majeur,
1507 1366 87 48 /a#
1628 1365 190 44 mineur,
1839 1362 40 40 si
1916 1363 170 51 majeur

87 1437 40 31 et
149 1428 38 40 si
204 1431 189 38 mineur.
420 1430 129 40 Voilà
590 1440 137 31 certes
752 1446 58 24 un
844 1431 68 39 bel
936 1428 155 42 édifice
1113 1446 8 33 ;
1157 1432 112 38 mais
1293 1445 45 27 ce
1374 1433 74 49 qui
1474 1445 68 25 me
1575 1432 109 50 plaît
1719 1432 161 48 moins,
1907 1444 46 26 ce
1985 1439 99 31 sont

87 1498 192 39 certains
303 1507 174 31 accents
501 1500 73 50 qui
605 1512 69 26 me
710 1498 245 52 rappellent
991 1507 95 42 trop
1120 1498 38 39 le
1185 1498 182 49 théâtre,
1394 1507 40 31 et
1469 1501 187 37 certains
1690 1499 393 51 développements

89 1565 295 52 mélodiques,
411 1567 216 39 certaines
658 1567 188 50 reprises
873 1567 75 49 qui
981 1566 247 40 traduisent
1264 1567 104 49 mal,
1390 1571 21 35 à
1442 1580 105 26 mon
1576 1580 117 36 sens,
1718 1567 61 39 les
1822 1566 123 40 élans
1980 1566 105 40 d'un

89 1648 123 26 cœur
238 1635 256 51 passionné.
519 1634 62 40 M.
607 1634 211 51 Coquard
842 1643 64 31 est
938 1649 59 25 un
1020 1634 212 40 excellent
1260 1635 232 44 musicien,
1518 1635 112 38 mais
1655 1647 46 26 sa
1727 1635 169 39 science
1920 1634 38 40 le
1978 1634 105 39 rend

89 1712 97 42 trop
207 1707 150 35 sévère
379 1707 22 35 à
424 1716 44 25 sa
494 1715 160 39 propre
673 1703 279 51 inspiration,
980 1703 74 49 qui
1090 1710 65 31 est
1177 1702 131 40 d'une
1344 1701 166 51 qualité
1548 1715 110 32 rarç.
1698 1700 31 40 Il
1771 1701 190 40 n'aurait
1984 1702 99 51 qu'à

88 1771 64 51 s'y
172 1769 293 41 abandonner
482 1771 268 49 davantage,
775 1779 40 31 et
833 1774 21 35 à
886 1770 92 39 dire
999 1778 119 31 toute
1141 1783 47 26 sa
1212 1774 175 47 pensée,
1410 1783 114 38 pour
1540 1767 163 53 qu'une
1724 1783 151 26 œuvre
1895 1771 164 38 intéres-

89 1846 123 32 sante
233 1846 40 32 et
296 1839 252 49 distinguée
569 1839 148 40 devînt
737 1851 86 27 une
845 1837 86 41 fort
954 1837 113 40 belle
1084 1851 163 27 œuvre.

1385 1936 240 39 CONSTANT
1660 1935 197 40 ZAKONE.

699 2243 176 40 Notes
913 2241 548 53 bibliographiques.

142 2376 87 42 Les
251 2378 187 40 Sociétés
459 2380 71 38 des
547 2379 272 40 Beaux-Arts
854 2380 70 38 des
942 2379 320 54 Départements
1285 2388 75 31 ont
1383 2389 103 30 tenu
1507 2380 38 38 le
1568 2379 168 39 samedi
1760 2383 23 36 6
1807 2379 105 51 juin,
1940 2383 21 35 à
1995 2371 69 48 l'É-

88 2446 93 39 cole
202 2446 78 40 des
303 2446 289 50 Beaux-Arts,
619 2448 94 40 leur
729 2448 201 40 dernière
953 2453 171 42 séance,
1140 2448 200 51 présidée
1355 2462 81 37 par
1449 2446 63 40 M.
1529 2447 123 54 Jules
1675 2446 288 48 Combarieu,
1989 2444 101 43 chef

87 2512 54 40 de
163 2512 175 41 cabinet
357 2514 58 40 du
438 2513 205 41 Ministre
665 2516 54 38 de
741 2514 298 42 l'lnstruction
1072 2515 230 53 publique,
1345 2515 198 40 membre
1566 2516 57 39 du
1649 2514 181 41 Conseil
1855 2517 231 51 supérieur

87 2582 78 38 des
183 2580 296 42 Beaux-Arts.
497 2581 37 40 A
557 2591 109 31 cette
683 2585 221 45 occasion,
919 2585 113 38 voici
1048 2584 38 39 la
1107 2584 96 39 liste
1222 2583 77 39 des
1322 2583 155 40 études
1494 2597 76 25 sur
1589 2583 38 39 le
1642 2583 169 40 théâtre
1825 2592 40 31 et
1888 2583 38 40 la
1952 2585 109 38 musi-

88 2661 84 37 que
192 2648 94 40 lues
305 2662 55 26 en
383 2653 182 35 séances
588 2649 239 52 publiques
847 2651 159 40 devant
1033 2651 38 39 le
1095 2653 159 38 comité
1284 2651 52 39 de
1373 2664 70 26 ces
1465 2650 197 40 Sociétés
1690 2651 52 39 de
1780 2655 99 47 1897
1905 2656 21 34 à
1965 2665 118 37 1902.

92 2719 115 48 1897.
309 2716 241 41 Herluison
569 2726 40 31 et
628 2716 145 53 Leroy
795 2716 224 54 (Orléans)
1041 2734 6 23 :
1092 2718 185 39 Auteurs
1296 2717 300 53 dramatiques,
1621 2717 227 39 musiciens
1863 2724 37 33 et
1922 2724 162 33 acteurs

143 2785 107 37 dans
272 2783 276 42 lOrléanais.

85 2851 222 40 Lhuillier
346 2850 187 54 (Melun)
556 2864 6 26 :
605 2852 58 39 Le
712 2851 157 40 théâtre
903 2853 107 39 dans
1045 2853 39 40 la
1116 2852 104 40 Brie
1255 2859 36 34 et
1329 2852 37 40 le
1408 2851 198 42 Gàtinais
1642 2853 348 40 antérieurement
2033 2869 52 24 au

140 2919 47 40 X
197 2919 115 40 VIIL
338 2919 140 40 siècle.

91 2992 118 48 1898.
305 2987 187 42 Veuclin
531 2986 326 54 (Mesnil-sur-1
876 2987 172 55 Estrée)
1074 3004 6 25 :
1119 2989 118 40 L'art
1274 2989 263 55 dramatique
1575 2993 22 36 à
1628 2989 176 41 Lisieux
1835 2991 188 54 pendant
2045 2990 41 39 la

143 3056 277 41 Révolution,

88 3126 186 40 Vincent
293 3123 181 53 (Tours)
491 3140 6 24 :
520 3123 90 41 Une
632 3124 259 40 association
911 3126 49 38 de
981 3129 171 35 maîtres
1168 3124 176 54 joueurs
1354 3125 317 40 d'instruments
1688 3140 50 24 au
1753 3124 32 39 A
1806 3124 105 41 VIII
1912 3133 13 18 e
1945 3124 139 42 siècle.

91 3197 117 48 1899.
308 3192 139 40 Benet
470 3191 156 54 (Caen)
652 3204 8 27 :
686 3192 58 40 Le
767 3192 157 40 théâtre
946 3196 21 35 â
991 3192 149 40 Rouen
1166 3197 21 35 â
1213 3194 40 39 la
1264 3193 73 55 fin
1361 3194 55 39 du
1438 3192 157 41 XVIII
1596 3200 11 15 e
1629 3193 138 39 siècle.

85 3262 65 40 De
183 3260 65 41 Lo
254 3274 245 37 nguemare
529 3260 160 53 (Caen)
714 3276 9 25 :
746 3260 64 40 La
833 3260 280 55 bibliothèque
1133 3261 201 40 musicale
1356 3262 100 39 d'un
1481 3260 208 40 chanoine
1711 3262 49 38 de
1781 3261 189 39 Lisieux.

86 3329 170 40 Musset
275 3328 82 53 (La
383 3327 231 55 Rochelle)
638 3343 8 25 :
668 3329 58 39 Le
748 3328 158 40 théâtre
924 3332 22 35 â
967 3329 41 39 la
1029 3328 202 41 Rochelle
1250 3336 128 33 avant
1420 3328 40 40 la
1496 3328 273 40 Révolution.

85 3397 187 42 Veuclin
298 3396 508 53 (Mesnil-sur-l'Estrée)
830 3408 7 28 :
873 3396 116 40 L'art
1026 3398 263 53 dramatique
1312 3412 47 24 en
1383 3396 269 42 Normandie
1667 3397 189 55 pendant
1879 3396 40 39 la
1943 3394 112 42 Révo-

142 3465 153 40 lution.
