3585 4572
1038 411 116 60 238

1582 411 291 53 Bernhard
1900 410 304 54 Guttmann
2241 428 20 25 *
2304 407 191 55 Huber
2521 406 120 53 und
2673 407 114 55 Cox

1045 618 299 88 Aufgabe
1378 619 174 72 denn
1590 617 129 81 die,
1755 614 113 73 das
1902 612 385 88 Alltägliche
2313 614 104 70 ein
2443 614 212 83 wenig
2680 609 219 73 besser
2928 640 80 39 zu
3036 607 294 81 machen,

1044 715 90 72 als
1172 745 69 42 er
1275 745 66 41 es
1375 711 231 74 antraf.
1642 708 552 75 Persönlichkeit?
2231 707 84 74 Es
2352 707 138 86 gibt
2525 736 124 42 nur
2676 708 176 69 eine:
3059 708 271 72 ‘Ration.

1145 834 197 73 Cox:
1393 833 130 72 Die
1558 830 243 73 Nation
1838 830 189 71 blüht
2053 833 91 68 im
2168 827 641 80 unverkümmerten,
2846 823 485 75 sonnenfrohen

1049 928 150 74 Flor
1232 931 117 71 der
1383 924 837 90 Einzelpersönlichkeiten.
2272 924 137 71 Das
2433 920 168 75 Volk
2627 920 133 73 lebt
2786 920 209 72 durch
3020 918 314 74 Visionen

1152 1028 81 69 ist
1267 1055 69 42 es
1370 1022 170 74 doch
1573 1022 200 72 selbst
1811 1050 122 43 nur
1968 1025 144 68 eine
2155 1061 93 40 —,
2283 1020 141 72 und
2456 1018 105 71 die
2596 1016 345 86 Prophetie
2975 1014 171 73 kann
3185 1045 150 39 man

1050 1120 177 72 nicht
1253 1121 460 84 organisieren.
1755 1117 138 71 Der
1920 1117 184 70 echte
2131 1115 220 82 Vater,
2377 1115 115 71 der
2508 1115 319 77 Visionär,
2856 1112 231 71 dessen
3115 1108 221 73 Mund

1046 1216 107 72 die
1196 1215 225 73 Worte
1468 1216 113 72 des
1636 1213 259 72 Lebens
1947 1213 203 80 redet,
2199 1213 163 71 wird
2394 1209 181 73 nicht
2611 1239 65 41 in
2711 1238 216 42 einem
2964 1206 225 71 Lande
3226 1235 72 56 ge-

1048 1312 224 80 boren,
1317 1342 101 41 wo
1451 1310 115 73 das
1610 1308 109 72 Ich
1755 1309 204 71 schon
1994 1309 91 70 im
2126 1304 421 75 Mutterleibe
2570 1307 139 68 sein
2735 1301 432 87 Eigendasein
3194 1329 108 44 ver-

1046 1407 231 72 achten
1331 1407 200 80 lernt;
1598 1432 69 45 er
1718 1403 362 88 entsprießt
2132 1403 216 71 keiner
2382 1431 152 42 vom
2567 1397 346 73 klaftertief
2944 1395 391 74 wühlenden

1049 1503 209 72 Staats
1266 1501 217 86 pflüge
1510 1500 505 81 zerbrochenen,
2042 1497 405 88 gezähmten,
2466 1495 381 73 ermüdeten
2868 1492 194 74 Erde.
3100 1492 239 72 Weder

1050 1596 410 74 Großmacht
1507 1597 171 72 noch
1716 1594 406 87 Weltpolitik
2172 1594 259 71 können
2483 1592 105 70 ein
2636 1590 169 73 Volk
2856 1618 114 44 vor
3019 1589 152 72 dem
3217 1585 82 75 Er-

1049 1712 245 53 starren
1341 1691 337 73 schützen.
1742 1689 485 73 Griechenland
2280 1690 154 84 ging
2478 1686 165 71 eben
2686 1682 245 74 damals
2978 1681 358 88 zugrunde,

1049 1789 93 71 als
1175 1821 67 39 es
1279 1788 207 74 durch
1520 1789 105 71 die
1660 1785 423 73 Mazedonier
2117 1787 281 83 geeinigt
2423 1809 151 55 war,
2610 1780 89 73 als
2729 1782 136 71 sein
2892 1779 445 75 militärisches

1053 1884 259 87 System
1354 1883 124 74 den
1528 1882 208 74 Zaren
1788 1914 124 42 von
1961 1881 165 72 Susa
2168 1877 381 73 niederwarf
2582 1876 138 72 und
2754 1874 119 73 alle
2906 1874 240 73 Völker
3174 1876 132 83 grie-

1049 1981 261 71 chische
1354 1978 379 88 Ingenieure
1766 1978 140 72 und
1940 1975 413 72 Professoren
2387 1973 307 71 kommen
2719 1971 249 81 ließen;
3015 1970 176 71 denn
3226 1970 114 71 der

1050 2075 398 86 griechische
1482 2072 178 74 Staat
1686 2102 131 43 war
1841 2074 103 68 ein
1975 2069 576 74 Fremdherrscher
2579 2067 342 87 geworden
2949 2067 91 69 im
3067 2066 272 84 eigenen

1054 2170 245 74 Hause.
1349 2169 189 72 Wird
1585 2169 136 71 also
1756 2199 123 41 von
1911 2196 201 43 euren
2147 2164 331 73 Gärtnern
2513 2165 113 71 das
2662 2161 212 74 Genie
2916 2189 114 43 zur
3063 2160 238 72 Persön-

1053 2267 259 72 lichkeit
1338 2269 121 69 wie
1496 2265 220 72 bisher
1741 2263 91 74 als
1874 2262 299 72 Unkraut
2199 2260 361 73 verdammt
2602 2260 140 70 und
2781 2260 120 69 mit
2945 2258 116 70 der
3085 2257 252 72 Wurzel

1053 2376 369 71 ausgejätet,
1459 2361 210 71 dann:
1703 2358 135 73 Vae
1863 2357 383 72 victonbus!

1149 2480 311 72 Huber:
1510 2479 217 73 Unser
1778 2476 231 89 großer
2066 2476 222 85 König
2337 2474 331 72 Friedrich
2720 2476 118 69 riet
2890 2472 126 70 den
3069 2471 271 73 Seinen:

1056 2575 274 84 „Macht
1380 2607 65 39 es
1497 2578 122 70 wie
1670 2574 127 80 ich,
1850 2574 115 71 der
2012 2571 104 73 ich
2165 2573 247 72 meiner
2447 2569 184 72 Seele
2664 2566 460 87 Stockschläge
3158 2566 182 87 gebe,

1051 2671 112 72 auf
1195 2671 131 72 daß
1359 2672 90 71 sie
1484 2669 310 88 geduldig
1826 2668 140 72 und
1999 2668 166 71 stille
2197 2667 278 72 werde/'

1150 2791 196 73 Cox:
1391 2786 577 92 Despotenmoral!
2027 2785 456 86 Stockschläge
2520 2784 105 72 für
2657 2786 177 69 seine
2869 2782 206 80 Seele,
3113 2781 191 72 Stock-

1056 2886 258 87 schläge
1340 2885 104 74 für
1468 2886 127 72 den
1623 2884 268 74 Rücken
1914 2885 114 70 des
2057 2883 432 72 Untertanen.
2527 2880 90 72 So
2636 2880 240 71 erzieht
2897 2909 148 41 man
3064 2876 280 73 stoische

1063 2982 387 72 Menschen.
1501 2980 178 73 Aber
1732 2980 107 72 die
1883 2978 211 72 Lehre
2140 2979 115 71 der
2290 2977 155 72 Stoa
2480 2975 146 71 kam
2662 2994 128 52 erst
2824 2978 92 68 im
2951 2973 391 72 sterbenden

1060 3078 480 71 Griechenland
1576 3105 115 42 zur
1723 3074 170 73 Welt
1926 3076 139 70 und
2100 3073 223 73 wurde
2351 3074 115 70 der
2488 3069 258 74 Glaube
2771 3071 179 71 nicht
2975 3071 112 69 des
3119 3068 222 91 freien,

1058 3173 280 72 sondern
1389 3172 113 71 des
1554 3170 460 87 geknechteten
2069 3168 186 72 Rom.
2309 3167 110 73 Sie
2469 3186 80 52 ist
2596 3166 108 71 die
2739 3166 295 85 Religion
3069 3163 117 71 der
3219 3163 84 71 Re-

1058 3271 346 85 signierten
1425 3300 12 40 :
1483 3266 193 73 Ohne
1718 3265 342 86 Hoffnung
2095 3264 209 82 leben,
2344 3264 170 71 ohne
2551 3262 205 87 Klage
2786 3261 216 72 fallen.
3055 3259 141 83 ~Im
3228 3260 79 71 Er-

1058 3386 241 50 starren
1326 3360 184 75 such’
1533 3361 104 73 ich
1662 3359 179 72 nicht
1865 3361 173 70 mein
2066 3359 216 81 Heil,“
2309 3359 207 71 schrie
2542 3356 219 83 Faust,
2793 3358 155 81 „das
2968 3354 377 73 Schaudern

1059 3464 80 68 ist
1190 3460 114 72 der
1355 3458 415 72 Menschheit
1824 3457 209 71 bestes
2083 3454 214 73 Teil.“
2363 3455 137 70 Der
2549 3453 153 86 Sieg
2751 3454 114 70 des
2916 3450 428 89 preußischen

1060 3556 385 72 Stoizismus
1482 3553 306 73 bedeutet
1818 3552 106 71 die
1959 3551 359 87 Vereisung
2353 3552 116 71 der
2498 3549 461 87 europäischen
2997 3546 205 72 Seele.

1157 3675 305 71 Huber:
1507 3674 176 71 Wie!
1723 3670 156 72 Seid
1904 3671 100 71 ihr
2029 3670 179 74 nicht
2236 3670 235 71 einmal
2495 3667 196 88 fähig,
2716 3695 279 44 unseren
3020 3665 325 72 Männern

1062 3770 217 71 Ruhm
1303 3801 81 39 zu
1412 3769 227 79 zollen,
1675 3769 121 71 wie
1821 3769 93 69 sie
1935 3769 159 84 jung
2114 3767 139 71 und
2276 3765 105 80 alt,
2414 3764 203 72 Schar
2645 3764 165 72 nach
2833 3763 224 81 Schar,
3087 3763 224 72 hinaus-

1060 3886 206 52 treten
1318 3868 65 69 in
1435 3866 105 71 die
1589 3855 148 80 Öde
1774 3863 112 71 des
1924 3862 265 72 Todes?
2241 3863 210 71 Wenn
2488 3862 101 70 ihr
2621 3859 107 71 für
2763 3862 145 68 eine
2941 3857 407 72 ernüchterte

1064 3961 168 72 Welt
1280 3960 363 87 Propheten
1697 3958 139 73 und
1883 3957 325 85 Märtyrer
2243 3956 292 82 braucht,
2587 3986 100 41 wo
2721 3984 213 42 waren
2970 3953 169 71 ihrer
3176 3952 172 71 denn
