3585 4572
1631 374 269 67 Gottfried
1927 374 159 53 Benn
2126 390 23 26 *
2190 370 109 55 Die
2326 369 155 54 Insel

911 377 118 58 246

913 583 545 80 sicherzustellen,
1484 583 116 70 der
1627 578 527 85 Überbrückung
2178 576 113 72 des
2317 573 375 86 Zwiespalts
2720 571 114 87 gilt
2860 571 111 71 das
2997 570 207 71 Wort.

915 681 85 71 Es
1036 682 140 70 tritt
1213 679 105 70 die
1352 677 371 84 Erfahrung
1759 675 252 79 hervor.
2051 673 245 71 Beweis
2331 670 139 72 und
2503 668 286 71 Abwehr
2823 667 138 86 gibt
2997 668 91 68 sie
3123 696 81 40 an

915 777 107 71 die
1061 775 229 80 Hand;
1329 773 141 70 und
1508 772 107 71 die
1653 768 489 87 Beobachtung,
2184 768 140 70 hier
2359 766 140 71 und
2537 764 83 71 da
2658 763 317 86 gemacht,
3015 792 189 41 wenn

915 871 167 71 auch
1112 870 179 71 nicht
1322 869 352 83 eindeutig,
1707 865 118 72 soll
1855 866 93 70 sie
1978 863 196 87 völlig
2202 862 254 73 wertlos
2486 861 137 70 sein
2640 866 30 63 ?
2724 858 220 71 Schon
2974 856 232 72 weicht

917 969 113 71 das
1083 964 286 72 Dunkle.
1447 962 221 73 Schon
1723 961 224 85 glättet
1999 960 138 71 sich
2190 960 113 70 das
2361 956 270 80 Krause,
2686 954 141 71 und
2877 952 129 71 daß
3059 952 145 70 kein

917 1059 464 88 Widerspruch
1426 1058 185 71 mehr
1656 1055 275 81 besteht,
1980 1086 135 39 nun
2162 1054 181 71 blaut
2386 1083 66 40 es
2496 1050 220 71 herab.

1002 1157 238 70 Immer
1266 1154 180 73 blaut
1472 1153 151 71 bald
1649 1172 192 51 etwas
1869 1150 220 83 herab,
2126 1181 151 39 zum
2303 1145 276 88 Beispiel
2607 1145 114 70 der
2750 1143 455 80 Kalbsbraten,

918 1255 126 71 den
1069 1252 170 71 doch
1261 1251 178 86 jeder
1460 1250 222 71 kennt.
1729 1247 120 85 Jäh
1872 1248 139 69 tritt
2035 1275 68 42 er
2126 1276 80 40 an
2231 1247 211 69 einem
2466 1239 423 74 Stammtisch
2913 1238 131 81 auf,
3068 1238 140 70 und

919 1380 66 40 es
1037 1347 239 73 ranken
1328 1346 137 71 sich
1517 1375 113 41 um
1684 1343 111 72 ihn
1849 1343 105 70 die
2006 1340 591 72 Individualitäten.
2679 1333 530 88 Geographische

918 1443 571 80 Besonderheiten,
1522 1437 694 89 Eigentümlichkeiten
2250 1437 112 70 des
2397 1430 619 75 Geschmacklichen
3046 1457 122 44 wer-

919 1542 128 69 den
1080 1539 465 79 hervortreten,
1577 1537 116 71 der
1724 1535 228 84 Drang
1981 1562 114 42 zur
2126 1533 274 70 Nüance
2428 1561 113 39 um
2573 1529 111 70 ihn
2716 1558 160 39 sein.
2932 1524 84 71 Es
3046 1524 164 71 wird

920 1636 290 71 branden
1235 1633 116 71 der
1373 1632 198 71 Streit
1595 1631 139 71 und
1756 1631 112 69 das
1893 1627 424 80 Erschlaffen,
2347 1627 114 70 der
2483 1622 262 87 Angriff
2764 1622 139 69 und
2928 1620 104 71 die
3049 1619 121 71 Ver-

919 1731 305 85 söhnung
1254 1760 113 41 um
1395 1730 127 69 den
1550 1727 456 79 Kalbsbraten,
2035 1726 126 70 den
2189 1721 390 72 Entfesseler
2610 1721 110 70 des
2756 1716 453 86 Psychischen.

1007 1825 160 71 Und
1205 1825 115 71 das
1360 1821 519 88 Morgendliche,
1920 1850 166 43 wem
2127 1818 315 86 begegnet
2481 1821 112 64 es?
2657 1812 195 70 Einer
2888 1811 188 80 Frau,
3105 1811 106 70 die

923 1923 138 71 sich
1091 1918 607 88 außergewöhnlich
1729 1948 66 39 m
1827 1918 114 69 der
1975 1914 213 72 Frühe
2218 1911 256 80 erhebt;
2505 1909 121 71 alle
2658 1906 218 71 Kühle
2904 1906 140 71 und
3073 1937 137 39 sein

923 2015 149 74 Tau
1101 2046 230 42 rinnen
1360 2046 66 40 in
1455 2015 113 71 das
1596 2014 257 80 Wesen,
1884 2012 112 71 das
2025 2010 323 70 schreitet.
2400 2005 490 84 Weiterleitung
2916 2022 139 50 tritt
3083 2032 126 49 ein,

924 2114 104 70 ein
1055 2111 250 72 Ausruf
1328 2111 163 71 wird
1517 2108 308 85 erfolgen,
1854 2104 320 73 Bestände
2199 2133 129 42 von
2356 2100 449 84 Erzählungen
2833 2099 161 70 über
3021 2097 192 71 frühe

925 2207 233 86 Gänge
1205 2207 259 71 werden
1510 2203 284 87 gebildet
1955 2197 263 74 überall
2264 2198 225 71 stehen
2532 2197 105 70 die
2676 2182 499 96 Verarbeitungs-

925 2304 288 72 behälter
1256 2302 138 71 und
1436 2332 128 40 was
1607 2328 131 43 war
1780 2297 139 71 und
1961 2296 184 80 wird,
2192 2297 82 69 ist
2316 2295 211 84 längst
2569 2291 385 88 geschehen.

1009 2399 211 71 Wann
1265 2398 124 86 gab
1428 2428 65 39 es
1535 2395 408 71 Umströmte
1959 2399 29 65 ?
2052 2391 112 71 Ich
2202 2389 161 72 muß
2401 2387 153 73 alles
2592 2387 275 79 denken,
2908 2384 104 72 ich
3050 2381 163 72 muß

925 2494 152 71 alles
1092 2489 613 81 zusammenfassen,
1723 2488 212 72 nichts
1952 2485 263 88 entgeht
2230 2485 114 71 der
2359 2483 327 87 logischen
2700 2478 511 87 Verknüpfung;

924 2589 264 87 Anfang
1209 2589 138 70 und
1370 2587 185 71 Ende
1679 2586 153 71 aber
1854 2584 105 71 ich
1982 2582 338 87 geschehe.
2373 2579 113 73 Ich
2510 2579 143 70 lebe
2673 2577 113 71 auf
2808 2577 209 70 dieser
3046 2573 168 72 Insel

927 2686 138 71 und
1089 2685 209 71 denke
1322 2681 446 81 Zimtwälder;
1794 2682 66 69 in
1887 2681 124 68 mir
2035 2676 451 73 durchwächst
2510 2673 138 73 sich
2673 2671 378 72 Wirkliches
3078 2668 140 72 und

927 2781 273 71 Traum.
1247 2780 150 71 Was
1422 2779 189 72 blüht
1635 2779 116 71 der
1775 2775 236 80 Mohn,
2035 2804 191 42 wenn
2253 2800 68 42 er
2343 2771 137 71 sich
2504 2784 310 66 entrötet;
2841 2767 115 70 der
2982 2766 235 71 Knabe

928 2876 267 87 spricht,
1225 2875 153 71 aber
1406 2875 114 70 der
1548 2871 381 89 psychische
1961 2869 327 86 Komplex
2315 2869 81 70 ist
2424 2865 396 79 vorhanden,
2852 2862 165 72 auch
3046 2861 174 71 ohne

933 2973 135 70 ihn.

1014 3067 129 70 Die
1197 3064 428 71 Konkurrenz
1679 3062 317 71 zwischen
2052 3061 126 71 den
2231 3058 513 77 Associationen,
2801 3054 112 70 das
2969 3071 80 52 ist
3102 3052 115 71 das

934 3163 192 70 letzte
1160 3160 113 72 Ich
1426 3158 230 71 dachte
1691 3185 68 42 er
1792 3156 138 71 und
1964 3155 228 71 schritt
2226 3152 241 71 zurück
2502 3179 115 43 zur
2649 3148 279 81 Anstalt,
2966 3148 106 70 die
3106 3144 113 73 auf

932 3260 212 69 einem
1191 3254 216 87 Hügel
1451 3284 104 41 am
1601 3252 226 70 Meere
1870 3251 121 85 lag.
2061 3250 221 84 Hängt
2325 3279 114 39 aus
2485 3247 246 70 meiner
2775 3241 255 74 Tasche
3077 3243 143 69 eine

931 3353 298 86 Zeitung,
1253 3354 104 68 ein
1378 3348 654 74 buchhändlerisches
2052 3345 395 80 Phänomen,
2470 3342 198 72 bietet
2690 3372 64 40 es
2773 3337 401 87 Anknüpfun-

932 3481 120 55 gen
1102 3480 80 39 zu
1232 3448 768 84 Bewegungsvorgängen
2048 3472 80 41 an
2178 3439 506 80 Mitmenschen,
2735 3466 352 54 sozusagen
3137 3464 82 40 zu

932 3547 208 69 einem
1172 3542 406 72 Geschehnis
1606 3538 319 72 zwischen
1957 3536 585 72 Individualitäten.
2596 3533 156 84 Sagt
2781 3532 114 71 der
2924 3529 293 85 Kollege,

933 3641 109 71 Sie
1064 3659 315 67 gestatten
1406 3638 111 70 das
1543 3635 287 86 Journal,
1856 3633 153 85 liegt
2033 3635 103 68 ein
2162 3632 155 71 Reiz
2343 3659 134 53 vor,
2504 3631 114 70 der
2640 3627 208 83 wirkt,
2875 3628 103 69 ein
3003 3624 212 82 Wille,

933 3737 114 70 der
1102 3735 137 71 sich
1295 3732 113 73 auf
1463 3751 193 54 etwas
1714 3729 252 81 richtet,
2023 3727 391 76 motorische
2474 3725 532 77 Konkurrenzen,
3065 3721 157 70 aber

933 3829 333 88 jedenfalls
1295 3831 232 73 immer
1553 3828 113 71 das
1695 3824 280 72 Schema
2001 3824 114 71 der
2141 3823 206 80 Seele,
2377 3821 106 71 die
2508 3819 349 73 Vitalreihe
2885 3837 81 52 ist
2994 3847 89 49 es,
3112 3815 107 71 die

934 3927 106 70 die
1086 3925 215 72 Fallen
1347 3924 192 71 stellt.
