<?xml version="1.0" encoding="UTF-8"?>
<alto xmlns:xsi="http://www.w3.org/2001/XMLSchema-instance" xmlns="http://www.loc.gov/standards/alto/ns-v2#" xsi:schemaLocation="http://www.loc.gov/standards/alto/ns-v2# http://www.loc.gov/standards/alto/v2/alto-2-0.xsd" xmlns:xlink="http://www.w3.org/1999/xlink">
	<Description>
		<MeasurementUnit>mm10</MeasurementUnit>
		<sourceImageInformation>
			<fileName>./bmtnabr_1916-12_01_0025.jp2</fileName>
		</sourceImageInformation>
		<OCRProcessing ID="OCRPROCESSING_1">
			<preProcessingStep>
				<processingSoftware>
					<softwareCreator>CCS Content Conversion Specialists GmbH, Germany</softwareCreator>
					<softwareName>CCS docWorks</softwareName>
					<softwareVersion>6.8-1.27</softwareVersion>
				</processingSoftware>
			</preProcessingStep>
			<ocrProcessingStep>
				<processingSoftware>
					<softwareCreator>ABBYY (BIT Software), Russia</softwareCreator>
					<softwareName>FineReader</softwareName>
					<softwareVersion>11.0</softwareVersion>
				</processingSoftware>
			</ocrProcessingStep>
			<postProcessingStep>
				<processingSoftware>
					<softwareCreator>CCS Content Conversion Specialists GmbH, Germany</softwareCreator>
					<softwareName>CCS docWorks</softwareName>
					<softwareVersion>6.8-1.27</softwareVersion>
					<applicationDescription>docWorks: Text modified manually, or automatically replaced</applicationDescription>
				</processingSoftware>
			</postProcessingStep>
		</OCRProcessing>
	</Description>
	<Styles>
		<TextStyle ID="TXT_0" FONTSIZE="21" FONTFAMILY="Times New Roman" FONTSTYLE="bold italics"/>
		<TextStyle ID="TXT_1" FONTSIZE="27" FONTFAMILY="Times New Roman"/>
		<TextStyle ID="TXT_2" FONTSIZE="24" FONTFAMILY="Times New Roman"/>
		<ParagraphStyle ID="PAR_LEFT" ALIGN="Left"/>
		<ParagraphStyle ID="PAR_RIGHT" ALIGN="Right"/>
	</Styles>
	<Layout>
		<Page ID="P25" PHYSICAL_IMG_NR="25" HEIGHT="4572" WIDTH="3292" PRINTED_IMG_NR="209" PC="0.974">
			<TopMargin ID="P25_TM00001" HPOS="0" VPOS="0" WIDTH="3292" HEIGHT="483">
				<TextBlock ID="P25_TB00001" HPOS="902" VPOS="396" WIDTH="1092" HEIGHT="85" STYLEREFS="TXT_0 PAR_LEFT">
					<TextLine ID="P25_TL00001" HPOS="902" VPOS="396" WIDTH="1092" HEIGHT="85">
						<String ID="P25_ST00001" HPOS="902" VPOS="396" WIDTH="286" HEIGHT="55" CONTENT="Hermann" WC="0.98" CC="5465104"/>
						<SP ID="P25_SP00001" HPOS="1188" VPOS="451" WIDTH="25"/>
						<String ID="P25_ST00002" HPOS="1213" VPOS="401" WIDTH="171" HEIGHT="53" CONTENT="Hesse" WC="0.98" CC="36106"/>
						<SP ID="P25_SP00002" HPOS="1384" VPOS="454" WIDTH="39"/>
						<String ID="P25_ST00003" HPOS="1423" VPOS="426" WIDTH="19" HEIGHT="21" CONTENT="*" WC="1.00" CC="0"/>
						<SP ID="P25_SP00003" HPOS="1442" VPOS="454" WIDTH="42"/>
						<String ID="P25_ST00004" HPOS="1484" VPOS="407" WIDTH="140" HEIGHT="52" CONTENT="Eine" WC="0.97" CC="0355"/>
						<SP ID="P25_SP00004" HPOS="1624" VPOS="459" WIDTH="29"/>
						<String ID="P25_ST00005" HPOS="1653" VPOS="410" WIDTH="203" HEIGHT="52" CONTENT="Traum" WC="0.96" CC="06666"/>
						<SP ID="P25_SP00005" HPOS="1856" VPOS="462" WIDTH="1"/>
						<String ID="P25_ST00006" HPOS="1857" VPOS="412" WIDTH="137" HEIGHT="69" CONTENT="folge" WC="0.98" CC="12016"/>
						<SP ID="P25_SP00006" HPOS="1994" VPOS="481" WIDTH="0"/>
					</TextLine>
				</TextBlock>
				<TextBlock ID="P25_TB00002" HPOS="2452" VPOS="418" WIDTH="108" HEIGHT="59" STYLEREFS="TXT_1 PAR_RIGHT">
					<TextLine ID="P25_TL00002" HPOS="2452" VPOS="418" WIDTH="108" HEIGHT="59">
						<String ID="P25_ST00007" HPOS="2452" VPOS="418" WIDTH="108" HEIGHT="59" CONTENT="209" WC="1.00" CC="000"/>
					</TextLine>
				</TextBlock>
			</TopMargin>
			<LeftMargin ID="P25_LM00001" HPOS="0" VPOS="483" WIDTH="302" HEIGHT="3583"/>
			<RightMargin ID="P25_RM00001" HPOS="2562" VPOS="483" WIDTH="730" HEIGHT="3583"/>
			<BottomMargin ID="P25_BM00001" HPOS="0" VPOS="4066" WIDTH="3292" HEIGHT="506"/>
			<PrintSpace ID="P25_PS00001" HPOS="302" VPOS="483" WIDTH="2260" HEIGHT="3583">
				<TextBlock ID="P25_TB00003" HPOS="302" VPOS="595" WIDTH="2260" HEIGHT="3388" STYLEREFS="TXT_2 PAR_LEFT">
					<TextLine ID="P25_TL00003" HPOS="323" VPOS="597" WIDTH="2239" HEIGHT="94">
						<String ID="P25_ST00008" HPOS="323" VPOS="597" WIDTH="259" HEIGHT="70" CONTENT="Tränen" WC="0.99" CC="024004"/>
						<SP ID="P25_SP00007" HPOS="582" VPOS="667" WIDTH="25"/>
						<String ID="P25_ST00009" HPOS="607" VPOS="597" WIDTH="148" HEIGHT="71" CONTENT="sind" WC="0.97" CC="0706"/>
						<SP ID="P25_SP00008" HPOS="755" VPOS="668" WIDTH="21"/>
						<String ID="P25_ST00010" HPOS="776" VPOS="598" WIDTH="476" HEIGHT="74" CONTENT="schmelzendes" WC="1.00" CC="007006000900"/>
						<SP ID="P25_SP00009" HPOS="1252" VPOS="672" WIDTH="26"/>
						<String ID="P25_ST00011" HPOS="1278" VPOS="602" WIDTH="385" HEIGHT="88" CONTENT="Seelen-Eis," WC="0.85" CC="00050040600"/>
						<SP ID="P25_SP00010" HPOS="1663" VPOS="690" WIDTH="26"/>
						<String ID="P25_ST00012" HPOS="1689" VPOS="611" WIDTH="145" HEIGHT="71" CONTENT="dem" WC="1.00" CC="000"/>
						<SP ID="P25_SP00011" HPOS="1834" VPOS="690" WIDTH="26"/>
						<String ID="P25_ST00013" HPOS="1860" VPOS="614" WIDTH="393" HEIGHT="72" CONTENT="Weinenden" WC="0.99" CC="407400004"/>
						<SP ID="P25_SP00012" HPOS="2253" VPOS="690" WIDTH="24"/>
						<String ID="P25_ST00014" HPOS="2277" VPOS="620" WIDTH="145" HEIGHT="70" CONTENT="sind" WC="0.98" CC="0700"/>
						<SP ID="P25_SP00013" HPOS="2422" VPOS="690" WIDTH="22"/>
						<String ID="P25_ST00015" HPOS="2444" VPOS="621" WIDTH="118" HEIGHT="70" CONTENT="alle" WC="0.98" CC="0160"/>
					</TextLine>
					<TextLine ID="P25_TL00004" HPOS="324" VPOS="690" WIDTH="386" HEIGHT="85">
						<String ID="P25_ST00016" HPOS="324" VPOS="690" WIDTH="200" HEIGHT="85" CONTENT="Engel" WC="0.97" CC="36606"/>
						<SP ID="P25_SP00014" HPOS="524" VPOS="775" WIDTH="36"/>
						<String ID="P25_ST00017" HPOS="560" VPOS="690" WIDTH="150" HEIGHT="72" CONTENT="nah." WC="0.96" CC="5073"/>
					</TextLine>
					<TextLine ID="P25_TL00005" HPOS="407" VPOS="784" WIDTH="2152" HEIGHT="104">
						<String ID="P25_ST00018" HPOS="407" VPOS="784" WIDTH="109" HEIGHT="71" CONTENT="Ich" WC="0.97" CC="510"/>
						<SP ID="P25_SP00015" HPOS="516" VPOS="855" WIDTH="39"/>
						<String ID="P25_ST00019" HPOS="555" VPOS="786" WIDTH="231" HEIGHT="69" CONTENT="weinte" WC="0.99" CC="006000"/>
						<SP ID="P25_SP00016" HPOS="786" VPOS="855" WIDTH="37"/>
						<String ID="P25_ST00020" HPOS="823" VPOS="786" WIDTH="195" HEIGHT="80" CONTENT="mich," WC="0.99" CC="06003"/>
						<SP ID="P25_SP00017" HPOS="1018" VPOS="866" WIDTH="40"/>
						<String ID="P25_ST00021" HPOS="1058" VPOS="788" WIDTH="121" HEIGHT="69" CONTENT="alle" WC="0.99" CC="0410"/>
						<SP ID="P25_SP00018" HPOS="1179" VPOS="866" WIDTH="35"/>
						<String ID="P25_ST00022" HPOS="1214" VPOS="789" WIDTH="265" HEIGHT="75" CONTENT="Anlässe" WC="0.99" CC="2650000"/>
						<SP ID="P25_SP00019" HPOS="1479" VPOS="866" WIDTH="36"/>
						<String ID="P25_ST00023" HPOS="1515" VPOS="798" WIDTH="135" HEIGHT="68" CONTENT="und" WC="0.97" CC="620"/>
						<SP ID="P25_SP00020" HPOS="1650" VPOS="866" WIDTH="41"/>
						<String ID="P25_ST00024" HPOS="1691" VPOS="796" WIDTH="269" HEIGHT="75" CONTENT="Gründe" WC="0.99" CC="140700"/>
						<SP ID="P25_SP00021" HPOS="1960" VPOS="871" WIDTH="37"/>
						<String ID="P25_ST00025" HPOS="1997" VPOS="805" WIDTH="398" HEIGHT="83" CONTENT="vergessend," WC="1.00" CC="00460000602"/>
						<SP ID="P25_SP00022" HPOS="2395" VPOS="888" WIDTH="41"/>
						<String ID="P25_ST00026" HPOS="2436" VPOS="837" WIDTH="123" HEIGHT="41" CONTENT="von" WC="0.97" CC="007"/>
					</TextLine>
					<TextLine ID="P25_TL00006" HPOS="319" VPOS="878" WIDTH="2240" HEIGHT="105">
						<String ID="P25_ST00027" HPOS="319" VPOS="879" WIDTH="117" HEIGHT="71" CONTENT="der" WC="0.99" CC="003"/>
						<SP ID="P25_SP00023" HPOS="436" VPOS="950" WIDTH="21"/>
						<String ID="P25_ST00028" HPOS="457" VPOS="878" WIDTH="192" HEIGHT="71" CONTENT="Höhe" WC="0.99" CC="0300"/>
						<SP ID="P25_SP00024" HPOS="649" VPOS="950" WIDTH="19"/>
						<String ID="P25_ST00029" HPOS="668" VPOS="880" WIDTH="501" HEIGHT="85" CONTENT="unerträglicher" WC="1.00" CC="30010000250000"/>
						<SP ID="P25_SP00025" HPOS="1169" VPOS="965" WIDTH="20"/>
						<String ID="P25_ST00030" HPOS="1189" VPOS="882" WIDTH="354" HEIGHT="90" CONTENT="Spannung" WC="0.99" CC="00050009"/>
						<SP ID="P25_SP00026" HPOS="1543" VPOS="972" WIDTH="19"/>
						<String ID="P25_ST00031" HPOS="1562" VPOS="892" WIDTH="64" HEIGHT="67" CONTENT="in" WC="0.72" CC="50"/>
						<SP ID="P25_SP00027" HPOS="1626" VPOS="972" WIDTH="24"/>
						<String ID="P25_ST00032" HPOS="1650" VPOS="892" WIDTH="103" HEIGHT="70" CONTENT="die" WC="0.97" CC="060"/>
						<SP ID="P25_SP00028" HPOS="1753" VPOS="972" WIDTH="19"/>
						<String ID="P25_ST00033" HPOS="1772" VPOS="893" WIDTH="195" HEIGHT="72" CONTENT="milde" WC="0.99" CC="06400"/>
						<SP ID="P25_SP00029" HPOS="1967" VPOS="972" WIDTH="21"/>
						<String ID="P25_ST00034" HPOS="1988" VPOS="894" WIDTH="442" HEIGHT="89" CONTENT="Dämmerung" WC="0.99" CC="500004450"/>
						<SP ID="P25_SP00030" HPOS="2430" VPOS="983" WIDTH="18"/>
						<String ID="P25_ST00035" HPOS="2448" VPOS="899" WIDTH="84" HEIGHT="71" CONTENT="all" SUBS_TYPE="HypPart1" SUBS_CONTENT="alltäglicher" WC="0.98" CC="006"/>
						<HYP HPOS="2532" VPOS="899" WIDTH="27" CONTENT="-"/>
					</TextLine>
					<TextLine ID="P25_TL00007" HPOS="319" VPOS="972" WIDTH="2240" HEIGHT="104">
						<String ID="P25_ST00036" HPOS="319" VPOS="972" WIDTH="307" HEIGHT="86" CONTENT="täglicher" SUBS_TYPE="HypPart2" SUBS_CONTENT="alltäglicher" WC="1.00" CC="000660000"/>
						<SP ID="P25_SP00031" HPOS="626" VPOS="1058" WIDTH="41"/>
						<String ID="P25_ST00037" HPOS="667" VPOS="972" WIDTH="284" HEIGHT="72" CONTENT="Gefühle" WC="0.99" CC="1060060"/>
						<SP ID="P25_SP00032" HPOS="951" VPOS="1058" WIDTH="41"/>
						<String ID="P25_ST00038" HPOS="992" VPOS="976" WIDTH="216" HEIGHT="82" CONTENT="hinab," WC="0.98" CC="050073"/>
						<SP ID="P25_SP00033" HPOS="1208" VPOS="1058" WIDTH="44"/>
						<String ID="P25_ST00039" HPOS="1252" VPOS="978" WIDTH="167" HEIGHT="72" CONTENT="ohne" WC="1.00" CC="1000"/>
						<SP ID="P25_SP00034" HPOS="1419" VPOS="1058" WIDTH="42"/>
						<String ID="P25_ST00040" HPOS="1461" VPOS="981" WIDTH="369" HEIGHT="87" CONTENT="Gedanken," WC="1.00" CC="000064000"/>
						<SP ID="P25_SP00035" HPOS="1830" VPOS="1068" WIDTH="44"/>
						<String ID="P25_ST00041" HPOS="1874" VPOS="988" WIDTH="168" HEIGHT="71" CONTENT="ohne" WC="0.99" CC="2020"/>
						<SP ID="P25_SP00036" HPOS="2042" VPOS="1068" WIDTH="39"/>
						<String ID="P25_ST00042" HPOS="2081" VPOS="988" WIDTH="279" HEIGHT="88" CONTENT="Zeugen." WC="0.99" CC="2000043"/>
						<SP ID="P25_SP00037" HPOS="2360" VPOS="1076" WIDTH="66"/>
						<String ID="P25_ST00043" HPOS="2426" VPOS="993" WIDTH="89" HEIGHT="71" CONTENT="Da" SUBS_TYPE="HypPart1" SUBS_CONTENT="Dazwischen" WC="0.96" CC="05"/>
						<HYP HPOS="2515" VPOS="993" WIDTH="44" CONTENT="-"/>
					</TextLine>
					<TextLine ID="P25_TL00008" HPOS="320" VPOS="1067" WIDTH="2237" HEIGHT="102">
						<String ID="P25_ST00044" HPOS="320" VPOS="1067" WIDTH="315" HEIGHT="72" CONTENT="zwischen" SUBS_TYPE="HypPart2" SUBS_CONTENT="Dazwischen" WC="1.00" CC="01600000"/>
						<SP ID="P25_SP00038" HPOS="635" VPOS="1139" WIDTH="28"/>
						<String ID="P25_ST00045" HPOS="663" VPOS="1067" WIDTH="339" HEIGHT="72" CONTENT="flatternde" WC="1.00" CC="0000002300"/>
						<SP ID="P25_SP00039" HPOS="1002" VPOS="1139" WIDTH="27"/>
						<String ID="P25_ST00046" HPOS="1029" VPOS="1068" WIDTH="244" HEIGHT="75" CONTENT="Bilder:" WC="0.99" CC="0530004"/>
						<SP ID="P25_SP00040" HPOS="1273" VPOS="1143" WIDTH="30"/>
						<String ID="P25_ST00047" HPOS="1303" VPOS="1076" WIDTH="99" HEIGHT="67" CONTENT="ein" WC="0.96" CC="074"/>
						<SP ID="P25_SP00041" HPOS="1402" VPOS="1143" WIDTH="30"/>
						<String ID="P25_ST00048" HPOS="1432" VPOS="1075" WIDTH="176" HEIGHT="86" CONTENT="Sarg," WC="0.99" CC="00033"/>
						<SP ID="P25_SP00042" HPOS="1608" VPOS="1161" WIDTH="29"/>
						<String ID="P25_ST00049" HPOS="1637" VPOS="1080" WIDTH="178" HEIGHT="70" CONTENT="darin" WC="0.99" CC="00460"/>
						<SP ID="P25_SP00043" HPOS="1815" VPOS="1161" WIDTH="29"/>
						<String ID="P25_ST00050" HPOS="1844" VPOS="1081" WIDTH="99" HEIGHT="85" CONTENT="lag" WC="0.97" CC="600"/>
						<SP ID="P25_SP00044" HPOS="1943" VPOS="1166" WIDTH="26"/>
						<String ID="P25_ST00051" HPOS="1969" VPOS="1085" WIDTH="100" HEIGHT="67" CONTENT="ein" WC="0.98" CC="060"/>
						<SP ID="P25_SP00045" HPOS="2069" VPOS="1166" WIDTH="28"/>
						<String ID="P25_ST00052" HPOS="2097" VPOS="1086" WIDTH="122" HEIGHT="67" CONTENT="mir" WC="0.97" CC="060"/>
						<SP ID="P25_SP00046" HPOS="2219" VPOS="1166" WIDTH="25"/>
						<String ID="P25_ST00053" HPOS="2244" VPOS="1116" WIDTH="71" HEIGHT="39" CONTENT="so" WC="0.86" CC="02"/>
						<SP ID="P25_SP00047" HPOS="2315" VPOS="1166" WIDTH="27"/>
						<String ID="P25_ST00054" HPOS="2342" VPOS="1086" WIDTH="215" HEIGHT="83" CONTENT="lieber," WC="0.99" CC="4707010"/>
					</TextLine>
					<TextLine ID="P25_TL00009" HPOS="318" VPOS="1161" WIDTH="2241" HEIGHT="90">
						<String ID="P25_ST00055" HPOS="318" VPOS="1191" WIDTH="73" HEIGHT="42" CONTENT="so" WC="1.00" CC="00"/>
						<SP ID="P25_SP00048" HPOS="391" VPOS="1233" WIDTH="31"/>
						<String ID="P25_ST00056" HPOS="422" VPOS="1161" WIDTH="330" HEIGHT="86" CONTENT="wichtiger" WC="0.99" CC="060706000"/>
						<SP ID="P25_SP00049" HPOS="752" VPOS="1247" WIDTH="32"/>
						<String ID="P25_ST00057" HPOS="784" VPOS="1162" WIDTH="300" HEIGHT="81" CONTENT="Mensch," WC="1.00" CC="0000000"/>
						<SP ID="P25_SP00050" HPOS="1084" VPOS="1247" WIDTH="35"/>
						<String ID="P25_ST00058" HPOS="1119" VPOS="1165" WIDTH="167" HEIGHT="73" CONTENT="doch" WC="1.00" CC="0000"/>
						<SP ID="P25_SP00051" HPOS="1286" VPOS="1247" WIDTH="30"/>
						<String ID="P25_ST00059" HPOS="1316" VPOS="1169" WIDTH="215" HEIGHT="71" CONTENT="wußte" WC="1.00" CC="02000"/>
						<SP ID="P25_SP00052" HPOS="1531" VPOS="1247" WIDTH="30"/>
						<String ID="P25_ST00060" HPOS="1561" VPOS="1172" WIDTH="102" HEIGHT="71" CONTENT="ich" WC="0.97" CC="700"/>
						<SP ID="P25_SP00053" HPOS="1663" VPOS="1247" WIDTH="33"/>
						<String ID="P25_ST00061" HPOS="1696" VPOS="1175" WIDTH="175" HEIGHT="71" CONTENT="nicht" WC="0.99" CC="07000"/>
						<SP ID="P25_SP00054" HPOS="1871" VPOS="1247" WIDTH="29"/>
						<String ID="P25_ST00062" HPOS="1900" VPOS="1204" WIDTH="149" HEIGHT="43" CONTENT="wer." WC="0.99" CC="0003"/>
						<SP ID="P25_SP00055" HPOS="2049" VPOS="1247" WIDTH="56"/>
						<String ID="P25_ST00063" HPOS="2105" VPOS="1177" WIDTH="334" HEIGHT="74" CONTENT="Vielleicht" WC="0.99" CC="0705006000"/>
						<SP ID="P25_SP00056" HPOS="2439" VPOS="1251" WIDTH="30"/>
						<String ID="P25_ST00064" HPOS="2469" VPOS="1183" WIDTH="90" HEIGHT="68" CONTENT="du" WC="0.68" CC="06"/>
					</TextLine>
					<TextLine ID="P25_TL00010" HPOS="318" VPOS="1255" WIDTH="2241" HEIGHT="103">
						<String ID="P25_ST00065" HPOS="318" VPOS="1255" WIDTH="228" HEIGHT="81" CONTENT="selber," WC="0.98" CC="0247371"/>
						<SP ID="P25_SP00057" HPOS="546" VPOS="1336" WIDTH="37"/>
						<String ID="P25_ST00066" HPOS="583" VPOS="1256" WIDTH="231" HEIGHT="71" CONTENT="dachte" WC="0.99" CC="000700"/>
						<SP ID="P25_SP00058" HPOS="814" VPOS="1336" WIDTH="33"/>
						<String ID="P25_ST00067" HPOS="847" VPOS="1257" WIDTH="125" HEIGHT="82" CONTENT="ich," WC="0.99" CC="0003"/>
						<SP ID="P25_SP00059" HPOS="972" VPOS="1339" WIDTH="37"/>
						<String ID="P25_ST00068" HPOS="1009" VPOS="1257" WIDTH="82" HEIGHT="70" CONTENT="da" WC="1.00" CC="00"/>
						<SP ID="P25_SP00060" HPOS="1091" VPOS="1339" WIDTH="33"/>
						<String ID="P25_ST00069" HPOS="1124" VPOS="1259" WIDTH="102" HEIGHT="70" CONTENT="fiel" WC="0.98" CC="2203"/>
						<SP ID="P25_SP00061" HPOS="1226" VPOS="1339" WIDTH="37"/>
						<String ID="P25_ST00070" HPOS="1263" VPOS="1292" WIDTH="101" HEIGHT="39" CONTENT="ein" WC="0.96" CC="065"/>
						<SP ID="P25_SP00062" HPOS="1364" VPOS="1339" WIDTH="35"/>
						<String ID="P25_ST00071" HPOS="1399" VPOS="1264" WIDTH="261" HEIGHT="72" CONTENT="anderes" WC="0.99" CC="0200600"/>
						<SP ID="P25_SP00063" HPOS="1660" VPOS="1339" WIDTH="36"/>
						<String ID="P25_ST00072" HPOS="1696" VPOS="1266" WIDTH="143" HEIGHT="71" CONTENT="Bild" WC="0.99" CC="0040"/>
						<SP ID="P25_SP00064" HPOS="1839" VPOS="1339" WIDTH="32"/>
						<String ID="P25_ST00073" HPOS="1871" VPOS="1298" WIDTH="123" HEIGHT="41" CONTENT="mir" WC="0.96" CC="047"/>
						<SP ID="P25_SP00065" HPOS="1994" VPOS="1339" WIDTH="33"/>
						<String ID="P25_ST00074" HPOS="2027" VPOS="1301" WIDTH="122" HEIGHT="50" CONTENT="ein," WC="0.99" CC="0040"/>
						<SP ID="P25_SP00066" HPOS="2149" VPOS="1351" WIDTH="37"/>
						<String ID="P25_ST00075" HPOS="2186" VPOS="1303" WIDTH="110" HEIGHT="40" CONTENT="aus" WC="0.99" CC="030"/>
						<SP ID="P25_SP00067" HPOS="2296" VPOS="1351" WIDTH="35"/>
						<String ID="P25_ST00076" HPOS="2331" VPOS="1274" WIDTH="228" HEIGHT="84" CONTENT="großer" WC="0.99" CC="071006"/>
					</TextLine>
					<TextLine ID="P25_TL00011" HPOS="318" VPOS="1349" WIDTH="2239" HEIGHT="98">
						<String ID="P25_ST00077" HPOS="318" VPOS="1368" WIDTH="203" HEIGHT="52" CONTENT="zarter" WC="0.98" CC="067007"/>
						<SP ID="P25_SP00068" HPOS="521" VPOS="1420" WIDTH="39"/>
						<String ID="P25_ST00078" HPOS="560" VPOS="1349" WIDTH="206" HEIGHT="71" CONTENT="Ferne" WC="0.97" CC="60744"/>
						<SP ID="P25_SP00069" HPOS="766" VPOS="1420" WIDTH="38"/>
						<String ID="P25_ST00079" HPOS="804" VPOS="1351" WIDTH="136" HEIGHT="72" CONTENT="her." WC="0.95" CC="7572"/>
						<SP ID="P25_SP00070" HPOS="940" VPOS="1423" WIDTH="65"/>
						<String ID="P25_ST00080" HPOS="1005" VPOS="1350" WIDTH="194" HEIGHT="73" CONTENT="Hatte" WC="0.99" CC="50000"/>
						<SP ID="P25_SP00071" HPOS="1199" VPOS="1423" WIDTH="38"/>
						<String ID="P25_ST00081" HPOS="1237" VPOS="1355" WIDTH="103" HEIGHT="70" CONTENT="ich" WC="0.98" CC="600"/>
						<SP ID="P25_SP00072" HPOS="1340" VPOS="1425" WIDTH="39"/>
						<String ID="P25_ST00082" HPOS="1379" VPOS="1358" WIDTH="176" HEIGHT="70" CONTENT="nicht" WC="1.00" CC="00000"/>
						<SP ID="P25_SP00073" HPOS="1555" VPOS="1428" WIDTH="38"/>
						<String ID="P25_ST00083" HPOS="1593" VPOS="1362" WIDTH="249" HEIGHT="80" CONTENT="einmal," WC="0.99" CC="0150024"/>
						<SP ID="P25_SP00074" HPOS="1842" VPOS="1442" WIDTH="40"/>
						<String ID="P25_ST00084" HPOS="1882" VPOS="1391" WIDTH="113" HEIGHT="42" CONTENT="vor" WC="0.97" CC="007"/>
						<SP ID="P25_SP00075" HPOS="1995" VPOS="1442" WIDTH="36"/>
						<String ID="P25_ST00085" HPOS="2031" VPOS="1363" WIDTH="229" HEIGHT="84" CONTENT="Jahren" WC="0.99" CC="000705"/>
						<SP ID="P25_SP00076" HPOS="2260" VPOS="1447" WIDTH="40"/>
						<String ID="P25_ST00086" HPOS="2300" VPOS="1367" WIDTH="154" HEIGHT="70" CONTENT="oder" WC="0.97" CC="4026"/>
						<SP ID="P25_SP00077" HPOS="2454" VPOS="1447" WIDTH="37"/>
						<String ID="P25_ST00087" HPOS="2491" VPOS="1370" WIDTH="66" HEIGHT="68" CONTENT="in" WC="0.64" CC="70"/>
					</TextLine>
					<TextLine ID="P25_TL00012" HPOS="318" VPOS="1443" WIDTH="2240" HEIGHT="98">
						<String ID="P25_ST00088" HPOS="318" VPOS="1445" WIDTH="208" HEIGHT="70" CONTENT="einem" WC="0.98" CC="37200"/>
						<SP ID="P25_SP00078" HPOS="526" VPOS="1515" WIDTH="31"/>
						<String ID="P25_ST00089" HPOS="557" VPOS="1443" WIDTH="302" HEIGHT="74" CONTENT="früheren" WC="1.00" CC="70000300"/>
						<SP ID="P25_SP00079" HPOS="859" VPOS="1517" WIDTH="30"/>
						<String ID="P25_ST00090" HPOS="889" VPOS="1445" WIDTH="243" HEIGHT="83" CONTENT="Leben," WC="0.99" CC="207030"/>
						<SP ID="P25_SP00080" HPOS="1132" VPOS="1528" WIDTH="32"/>
						<String ID="P25_ST00091" HPOS="1164" VPOS="1449" WIDTH="101" HEIGHT="69" CONTENT="ein" WC="0.99" CC="030"/>
						<SP ID="P25_SP00081" HPOS="1265" VPOS="1528" WIDTH="28"/>
						<String ID="P25_ST00092" HPOS="1293" VPOS="1452" WIDTH="445" HEIGHT="72" CONTENT="wunderbares" WC="1.00" CC="06000000400"/>
						<SP ID="P25_SP00082" HPOS="1738" VPOS="1528" WIDTH="28"/>
						<String ID="P25_ST00093" HPOS="1766" VPOS="1454" WIDTH="143" HEIGHT="71" CONTENT="Bild" WC="0.97" CC="0660"/>
						<SP ID="P25_SP00083" HPOS="1909" VPOS="1528" WIDTH="27"/>
						<String ID="P25_ST00094" HPOS="1936" VPOS="1458" WIDTH="301" HEIGHT="83" CONTENT="gesehen:" WC="1.00" CC="00007000"/>
						<SP ID="P25_SP00084" HPOS="2237" VPOS="1541" WIDTH="29"/>
						<String ID="P25_ST00095" HPOS="2266" VPOS="1462" WIDTH="100" HEIGHT="69" CONTENT="ein" WC="0.97" CC="060"/>
						<SP ID="P25_SP00085" HPOS="2366" VPOS="1541" WIDTH="29"/>
						<String ID="P25_ST00096" HPOS="2395" VPOS="1461" WIDTH="163" HEIGHT="71" CONTENT="Volk" WC="0.97" CC="0536"/>
					</TextLine>
					<TextLine ID="P25_TL00013" HPOS="316" VPOS="1538" WIDTH="2242" HEIGHT="100">
						<String ID="P25_ST00097" HPOS="316" VPOS="1569" WIDTH="127" HEIGHT="40" CONTENT="von" WC="0.98" CC="031"/>
						<SP ID="P25_SP00086" HPOS="443" VPOS="1609" WIDTH="50"/>
						<String ID="P25_ST00098" HPOS="493" VPOS="1538" WIDTH="240" HEIGHT="85" CONTENT="jungen" WC="0.99" CC="760000"/>
						<SP ID="P25_SP00087" HPOS="733" VPOS="1623" WIDTH="52"/>
						<String ID="P25_ST00099" HPOS="785" VPOS="1538" WIDTH="329" HEIGHT="73" CONTENT="Mädchen" WC="1.00" CC="0000000"/>
						<SP ID="P25_SP00088" HPOS="1114" VPOS="1623" WIDTH="53"/>
						<String ID="P25_ST00100" HPOS="1167" VPOS="1541" WIDTH="167" HEIGHT="72" CONTENT="hoch" WC="0.99" CC="0400"/>
						<SP ID="P25_SP00089" HPOS="1334" VPOS="1623" WIDTH="51"/>
						<String ID="P25_ST00101" HPOS="1385" VPOS="1546" WIDTH="64" HEIGHT="67" CONTENT="in" WC="0.71" CC="50"/>
						<SP ID="P25_SP00090" HPOS="1449" VPOS="1623" WIDTH="55"/>
						<String ID="P25_ST00102" HPOS="1504" VPOS="1544" WIDTH="236" HEIGHT="73" CONTENT="Lüften" WC="0.99" CC="606000"/>
						<SP ID="P25_SP00091" HPOS="1740" VPOS="1623" WIDTH="51"/>
						<String ID="P25_ST00103" HPOS="1791" VPOS="1548" WIDTH="303" HEIGHT="83" CONTENT="hausend," WC="1.00" CC="00000002"/>
						<SP ID="P25_SP00092" HPOS="2094" VPOS="1631" WIDTH="53"/>
						<String ID="P25_ST00104" HPOS="2147" VPOS="1552" WIDTH="227" HEIGHT="86" CONTENT="wolkig" WC="0.99" CC="001060"/>
						<SP ID="P25_SP00093" HPOS="2374" VPOS="1638" WIDTH="48"/>
						<String ID="P25_ST00105" HPOS="2422" VPOS="1555" WIDTH="136" HEIGHT="69" CONTENT="und" WC="0.96" CC="350"/>
					</TextLine>
					<TextLine ID="P25_TL00014" HPOS="315" VPOS="1632" WIDTH="2242" HEIGHT="90">
						<String ID="P25_ST00106" HPOS="315" VPOS="1632" WIDTH="398" HEIGHT="83" CONTENT="schwerelos," WC="1.00" CC="00000201103"/>
						<SP ID="P25_SP00094" HPOS="713" VPOS="1715" WIDTH="30"/>
						<String ID="P25_ST00107" HPOS="743" VPOS="1633" WIDTH="201" HEIGHT="72" CONTENT="schön" WC="0.99" CC="00032"/>
						<SP ID="P25_SP00095" HPOS="944" VPOS="1715" WIDTH="30"/>
						<String ID="P25_ST00108" HPOS="974" VPOS="1636" WIDTH="139" HEIGHT="70" CONTENT="und" WC="0.98" CC="500"/>
						<SP ID="P25_SP00096" HPOS="1113" VPOS="1715" WIDTH="26"/>
						<String ID="P25_ST00109" HPOS="1139" VPOS="1637" WIDTH="177" HEIGHT="85" CONTENT="selig," WC="0.99" CC="002602"/>
						<SP ID="P25_SP00097" HPOS="1316" VPOS="1722" WIDTH="30"/>
						<String ID="P25_ST00110" HPOS="1346" VPOS="1637" WIDTH="573" HEIGHT="75" CONTENT="leichtschwebend" WC="1.00" CC="407000000007070"/>
						<SP ID="P25_SP00098" HPOS="1919" VPOS="1722" WIDTH="27"/>
						<String ID="P25_ST00111" HPOS="1946" VPOS="1646" WIDTH="117" HEIGHT="67" CONTENT="wie" WC="0.98" CC="060"/>
						<SP ID="P25_SP00099" HPOS="2063" VPOS="1722" WIDTH="29"/>
						<String ID="P25_ST00112" HPOS="2092" VPOS="1645" WIDTH="156" HEIGHT="71" CONTENT="Luft" WC="0.97" CC="0670"/>
						<SP ID="P25_SP00100" HPOS="2248" VPOS="1722" WIDTH="26"/>
						<String ID="P25_ST00113" HPOS="2274" VPOS="1647" WIDTH="135" HEIGHT="70" CONTENT="und" WC="0.99" CC="020"/>
						<SP ID="P25_SP00101" HPOS="2409" VPOS="1722" WIDTH="26"/>
						<String ID="P25_ST00114" HPOS="2435" VPOS="1668" WIDTH="122" HEIGHT="50" CONTENT="satt" WC="1.00" CC="0000"/>
					</TextLine>
					<TextLine ID="P25_TL00015" HPOS="315" VPOS="1726" WIDTH="667" HEIGHT="74">
						<String ID="P25_ST00115" HPOS="315" VPOS="1729" WIDTH="120" HEIGHT="69" CONTENT="wie" WC="0.97" CC="060"/>
						<SP ID="P25_SP00102" HPOS="435" VPOS="1798" WIDTH="34"/>
						<String ID="P25_ST00116" HPOS="469" VPOS="1726" WIDTH="513" HEIGHT="74" CONTENT="Streichmusik?" WC="0.99" CC="0000807020707"/>
					</TextLine>
					<TextLine ID="P25_TL00016" HPOS="393" VPOS="1820" WIDTH="2164" HEIGHT="99">
						<String ID="P25_ST00117" HPOS="393" VPOS="1820" WIDTH="191" HEIGHT="85" CONTENT="Jahre" WC="1.00" CC="03000"/>
						<SP ID="P25_SP00103" HPOS="584" VPOS="1905" WIDTH="20"/>
						<String ID="P25_ST00118" HPOS="604" VPOS="1821" WIDTH="209" HEIGHT="87" CONTENT="flogen" WC="1.00" CC="000004"/>
						<SP ID="P25_SP00104" HPOS="813" VPOS="1908" WIDTH="22"/>
						<String ID="P25_ST00119" HPOS="835" VPOS="1823" WIDTH="421" HEIGHT="83" CONTENT="dazwischen," WC="1.00" CC="02007000060"/>
						<SP ID="P25_SP00105" HPOS="1256" VPOS="1908" WIDTH="22"/>
						<String ID="P25_ST00120" HPOS="1278" VPOS="1826" WIDTH="308" HEIGHT="87" CONTENT="drängten" WC="1.00" CC="00000304"/>
						<SP ID="P25_SP00106" HPOS="1586" VPOS="1913" WIDTH="22"/>
						<String ID="P25_ST00121" HPOS="1608" VPOS="1829" WIDTH="170" HEIGHT="70" CONTENT="mich" WC="0.99" CC="0600"/>
						<SP ID="P25_SP00107" HPOS="1778" VPOS="1913" WIDTH="22"/>
						<String ID="P25_ST00122" HPOS="1800" VPOS="1829" WIDTH="166" HEIGHT="71" CONTENT="sanft" WC="0.99" CC="00060"/>
						<SP ID="P25_SP00108" HPOS="1966" VPOS="1913" WIDTH="19"/>
						<String ID="P25_ST00123" HPOS="1985" VPOS="1832" WIDTH="136" HEIGHT="69" CONTENT="und" WC="0.97" CC="430"/>
						<SP ID="P25_SP00109" HPOS="2121" VPOS="1913" WIDTH="19"/>
						<String ID="P25_ST00124" HPOS="2140" VPOS="1833" WIDTH="275" HEIGHT="86" CONTENT="mächtig" WC="1.00" CC="0000060"/>
						<SP ID="P25_SP00110" HPOS="2415" VPOS="1919" WIDTH="17"/>
						<String ID="P25_ST00125" HPOS="2432" VPOS="1866" WIDTH="125" HEIGHT="39" CONTENT="von" WC="0.99" CC="010"/>
					</TextLine>
					<TextLine ID="P25_TL00017" HPOS="314" VPOS="1914" WIDTH="2244" HEIGHT="93">
						<String ID="P25_ST00126" HPOS="314" VPOS="1914" WIDTH="147" HEIGHT="72" CONTENT="dem" WC="1.00" CC="000"/>
						<SP ID="P25_SP00111" HPOS="461" VPOS="1986" WIDTH="23"/>
						<String ID="P25_ST00127" HPOS="484" VPOS="1914" WIDTH="186" HEIGHT="72" CONTENT="Bilde" WC="0.98" CC="06600"/>
						<SP ID="P25_SP00112" HPOS="670" VPOS="1986" WIDTH="19"/>
						<String ID="P25_ST00128" HPOS="689" VPOS="1947" WIDTH="160" HEIGHT="55" CONTENT="weg." WC="0.99" CC="0003"/>
						<SP ID="P25_SP00113" HPOS="849" VPOS="2002" WIDTH="43"/>
						<String ID="P25_ST00129" HPOS="892" VPOS="1917" WIDTH="165" HEIGHT="82" CONTENT="Ach," WC="1.00" CC="0001"/>
						<SP ID="P25_SP00114" HPOS="1057" VPOS="2002" WIDTH="23"/>
						<String ID="P25_ST00130" HPOS="1080" VPOS="1919" WIDTH="317" HEIGHT="71" CONTENT="vielleicht" WC="0.99" CC="0305606000"/>
						<SP ID="P25_SP00115" HPOS="1397" VPOS="2002" WIDTH="22"/>
						<String ID="P25_ST00131" HPOS="1419" VPOS="1922" WIDTH="174" HEIGHT="70" CONTENT="hatte" WC="1.00" CC="00000"/>
						<SP ID="P25_SP00116" HPOS="1593" VPOS="2002" WIDTH="19"/>
						<String ID="P25_ST00132" HPOS="1612" VPOS="1924" WIDTH="170" HEIGHT="69" CONTENT="mein" WC="0.98" CC="0063"/>
						<SP ID="P25_SP00117" HPOS="1782" VPOS="2002" WIDTH="24"/>
						<String ID="P25_ST00133" HPOS="1806" VPOS="1953" WIDTH="224" HEIGHT="54" CONTENT="ganzes" WC="0.99" CC="700000"/>
						<SP ID="P25_SP00118" HPOS="2030" VPOS="2007" WIDTH="24"/>
						<String ID="P25_ST00134" HPOS="2054" VPOS="1923" WIDTH="218" HEIGHT="71" CONTENT="Leben" WC="0.99" CC="00700"/>
						<SP ID="P25_SP00119" HPOS="2272" VPOS="2007" WIDTH="22"/>
						<String ID="P25_ST00135" HPOS="2294" VPOS="1955" WIDTH="121" HEIGHT="42" CONTENT="nur" WC="0.98" CC="050"/>
						<SP ID="P25_SP00120" HPOS="2415" VPOS="2007" WIDTH="19"/>
						<String ID="P25_ST00136" HPOS="2434" VPOS="1928" WIDTH="124" HEIGHT="70" CONTENT="den" WC="0.98" CC="004"/>
					</TextLine>
					<TextLine ID="P25_TL00018" HPOS="313" VPOS="2009" WIDTH="2246" HEIGHT="93">
						<String ID="P25_ST00137" HPOS="313" VPOS="2009" WIDTH="165" HEIGHT="71" CONTENT="Sinn" WC="0.98" CC="0702"/>
						<SP ID="P25_SP00121" HPOS="478" VPOS="2080" WIDTH="32"/>
						<String ID="P25_ST00138" HPOS="510" VPOS="2011" WIDTH="255" HEIGHT="85" CONTENT="gehabt," WC="1.00" CC="0070000"/>
						<SP ID="P25_SP00122" HPOS="765" VPOS="2096" WIDTH="34"/>
						<String ID="P25_ST00139" HPOS="799" VPOS="2012" WIDTH="174" HEIGHT="71" CONTENT="diese" WC="0.99" CC="05000"/>
						<SP ID="P25_SP00123" HPOS="973" VPOS="2096" WIDTH="29"/>
						<String ID="P25_ST00140" HPOS="1002" VPOS="2013" WIDTH="237" HEIGHT="73" CONTENT="holden" WC="0.99" CC="700000"/>
						<SP ID="P25_SP00124" HPOS="1239" VPOS="2096" WIDTH="31"/>
						<String ID="P25_ST00141" HPOS="1270" VPOS="2016" WIDTH="466" HEIGHT="71" CONTENT="schwebenden" WC="1.00" CC="00000705000"/>
						<SP ID="P25_SP00125" HPOS="1736" VPOS="2096" WIDTH="33"/>
						<String ID="P25_ST00142" HPOS="1769" VPOS="2017" WIDTH="323" HEIGHT="71" CONTENT="Mädchen" WC="0.99" CC="0000706"/>
						<SP ID="P25_SP00126" HPOS="2092" VPOS="2096" WIDTH="33"/>
						<String ID="P25_ST00143" HPOS="2125" VPOS="2050" WIDTH="79" HEIGHT="39" CONTENT="zu" WC="0.84" CC="03"/>
						<SP ID="P25_SP00127" HPOS="2204" VPOS="2096" WIDTH="30"/>
						<String ID="P25_ST00144" HPOS="2234" VPOS="2021" WIDTH="212" HEIGHT="81" CONTENT="sehen," WC="0.99" CC="000062"/>
						<SP ID="P25_SP00128" HPOS="2446" VPOS="2102" WIDTH="33"/>
						<String ID="P25_ST00145" HPOS="2479" VPOS="2054" WIDTH="80" HEIGHT="39" CONTENT="zu" WC="0.74" CC="50"/>
					</TextLine>
					<TextLine ID="P25_TL00019" HPOS="314" VPOS="2103" WIDTH="2247" HEIGHT="92">
						<String ID="P25_ST00146" HPOS="314" VPOS="2103" WIDTH="194" HEIGHT="73" CONTENT="ihnen" WC="0.98" CC="60202"/>
						<SP ID="P25_SP00129" HPOS="508" VPOS="2176" WIDTH="41"/>
						<String ID="P25_ST00147" HPOS="549" VPOS="2136" WIDTH="81" HEIGHT="38" CONTENT="zu" WC="0.95" CC="00"/>
						<SP ID="P25_SP00130" HPOS="630" VPOS="2176" WIDTH="41"/>
						<String ID="P25_ST00148" HPOS="671" VPOS="2105" WIDTH="321" HEIGHT="82" CONTENT="kommen," WC="1.00" CC="0000010"/>
						<SP ID="P25_SP00131" HPOS="992" VPOS="2187" WIDTH="42"/>
						<String ID="P25_ST00149" HPOS="1034" VPOS="2108" WIDTH="457" HEIGHT="87" CONTENT="ihresgleichen" WC="1.00" CC="6010000070003"/>
						<SP ID="P25_SP00132" HPOS="1491" VPOS="2195" WIDTH="38"/>
						<String ID="P25_ST00150" HPOS="1529" VPOS="2141" WIDTH="82" HEIGHT="40" CONTENT="zu" WC="0.85" CC="02"/>
						<SP ID="P25_SP00133" HPOS="1611" VPOS="2195" WIDTH="38"/>
						<String ID="P25_ST00151" HPOS="1649" VPOS="2112" WIDTH="287" HEIGHT="71" CONTENT="werden!" WC="1.00" CC="0000032"/>
						<SP ID="P25_SP00134" HPOS="1936" VPOS="2195" WIDTH="62"/>
						<String ID="P25_ST00152" HPOS="1998" VPOS="2111" WIDTH="155" HEIGHT="71" CONTENT="Nun" WC="0.97" CC="240"/>
						<SP ID="P25_SP00135" HPOS="2153" VPOS="2195" WIDTH="46"/>
						<String ID="P25_ST00153" HPOS="2199" VPOS="2113" WIDTH="233" HEIGHT="73" CONTENT="sanken" WC="1.00" CC="000000"/>
						<SP ID="P25_SP00136" HPOS="2432" VPOS="2195" WIDTH="38"/>
						<String ID="P25_ST00154" HPOS="2470" VPOS="2117" WIDTH="91" HEIGHT="69" CONTENT="sie" WC="0.98" CC="050"/>
					</TextLine>
					<TextLine ID="P25_TL00020" HPOS="313" VPOS="2197" WIDTH="2245" HEIGHT="90">
						<String ID="P25_ST00155" HPOS="313" VPOS="2197" WIDTH="139" HEIGHT="73" CONTENT="fern" WC="0.97" CC="7050"/>
						<SP ID="P25_SP00137" HPOS="452" VPOS="2270" WIDTH="33"/>
						<String ID="P25_ST00156" HPOS="485" VPOS="2199" WIDTH="218" HEIGHT="81" CONTENT="dahin," WC="0.99" CC="010610"/>
						<SP ID="P25_SP00138" HPOS="703" VPOS="2280" WIDTH="35"/>
						<String ID="P25_ST00157" HPOS="738" VPOS="2202" WIDTH="470" HEIGHT="82" CONTENT="unerreichbar," WC="1.00" CC="5000106007000"/>
						<SP ID="P25_SP00139" HPOS="1208" VPOS="2284" WIDTH="34"/>
						<String ID="P25_ST00158" HPOS="1242" VPOS="2205" WIDTH="492" HEIGHT="81" CONTENT="unverstanden," WC="1.00" CC="3000300040040"/>
						<SP ID="P25_SP00140" HPOS="1734" VPOS="2286" WIDTH="35"/>
						<String ID="P25_ST00159" HPOS="1769" VPOS="2206" WIDTH="303" HEIGHT="81" CONTENT="unerlöst," WC="0.92" CC="300030000"/>
						<SP ID="P25_SP00141" HPOS="2072" VPOS="2287" WIDTH="35"/>
						<String ID="P25_ST00160" HPOS="2107" VPOS="2237" WIDTH="126" HEIGHT="40" CONTENT="von" WC="1.00" CC="000"/>
						<SP ID="P25_SP00142" HPOS="2233" VPOS="2287" WIDTH="34"/>
						<String ID="P25_ST00161" HPOS="2267" VPOS="2210" WIDTH="255" HEIGHT="70" CONTENT="verzwei" SUBS_TYPE="HypPart1" SUBS_CONTENT="verzweifelnder" WC="0.99" CC="0000016"/>
						<HYP HPOS="2522" VPOS="2210" WIDTH="36" CONTENT="-"/>
					</TextLine>
					<TextLine ID="P25_TL00021" HPOS="313" VPOS="2291" WIDTH="1243" HEIGHT="80">
						<String ID="P25_ST00162" HPOS="313" VPOS="2291" WIDTH="249" HEIGHT="73" CONTENT="felnder" SUBS_TYPE="HypPart2" SUBS_CONTENT="verzweifelnder" WC="0.99" CC="7050000"/>
						<SP ID="P25_SP00143" HPOS="562" VPOS="2364" WIDTH="33"/>
						<String ID="P25_ST00163" HPOS="595" VPOS="2294" WIDTH="367" HEIGHT="72" CONTENT="Sehnsucht" WC="0.99" CC="007006073"/>
						<SP ID="P25_SP00144" HPOS="962" VPOS="2366" WIDTH="33"/>
						<String ID="P25_ST00164" HPOS="995" VPOS="2298" WIDTH="158" HEIGHT="69" CONTENT="müd" WC="1.00" CC="000"/>
						<SP ID="P25_SP00145" HPOS="1153" VPOS="2367" WIDTH="33"/>
						<String ID="P25_ST00165" HPOS="1186" VPOS="2298" WIDTH="370" HEIGHT="73" CONTENT="umflattert." WC="1.00" CC="60000000200"/>
					</TextLine>
					<TextLine ID="P25_TL00022" HPOS="393" VPOS="2386" WIDTH="2164" HEIGHT="86">
						<String ID="P25_ST00166" HPOS="393" VPOS="2386" WIDTH="190" HEIGHT="86" CONTENT="Jahre" WC="1.00" CC="00000"/>
						<SP ID="P25_SP00146" HPOS="583" VPOS="2472" WIDTH="34"/>
						<String ID="P25_ST00167" HPOS="617" VPOS="2388" WIDTH="187" HEIGHT="80" CONTENT="fielen" WC="0.99" CC="000307"/>
						<SP ID="P25_SP00147" HPOS="804" VPOS="2472" WIDTH="33"/>
						<String ID="P25_ST00168" HPOS="837" VPOS="2392" WIDTH="121" HEIGHT="69" CONTENT="wie" WC="0.97" CC="060"/>
						<SP ID="P25_SP00148" HPOS="958" VPOS="2472" WIDTH="33"/>
						<String ID="P25_ST00169" HPOS="991" VPOS="2390" WIDTH="499" HEIGHT="73" CONTENT="Schneeflocken" WC="1.00" CC="0072000000000"/>
						<SP ID="P25_SP00149" HPOS="1490" VPOS="2472" WIDTH="34"/>
						<String ID="P25_ST00170" HPOS="1524" VPOS="2394" WIDTH="197" HEIGHT="70" CONTENT="herab" WC="0.98" CC="00407"/>
						<SP ID="P25_SP00150" HPOS="1721" VPOS="2472" WIDTH="33"/>
						<String ID="P25_ST00171" HPOS="1754" VPOS="2394" WIDTH="137" HEIGHT="71" CONTENT="und" WC="0.97" CC="330"/>
						<SP ID="P25_SP00151" HPOS="1891" VPOS="2472" WIDTH="32"/>
						<String ID="P25_ST00172" HPOS="1923" VPOS="2394" WIDTH="104" HEIGHT="71" CONTENT="die" WC="0.97" CC="060"/>
						<SP ID="P25_SP00152" HPOS="2027" VPOS="2472" WIDTH="31"/>
						<String ID="P25_ST00173" HPOS="2058" VPOS="2394" WIDTH="167" HEIGHT="71" CONTENT="Welt" WC="0.98" CC="5050"/>
						<SP ID="P25_SP00153" HPOS="2225" VPOS="2472" WIDTH="33"/>
						<String ID="P25_ST00174" HPOS="2258" VPOS="2423" WIDTH="129" HEIGHT="44" CONTENT="war" WC="0.99" CC="002"/>
						<SP ID="P25_SP00154" HPOS="2387" VPOS="2472" WIDTH="31"/>
						<String ID="P25_ST00175" HPOS="2418" VPOS="2425" WIDTH="105" HEIGHT="43" CONTENT="ver" SUBS_TYPE="HypPart1" SUBS_CONTENT="verändert." WC="0.99" CC="000"/>
						<HYP HPOS="2523" VPOS="2425" WIDTH="34" CONTENT="-"/>
					</TextLine>
					<TextLine ID="P25_TL00023" HPOS="310" VPOS="2482" WIDTH="2246" HEIGHT="92">
						<String ID="P25_ST00176" HPOS="310" VPOS="2482" WIDTH="247" HEIGHT="72" CONTENT="ändert." SUBS_TYPE="HypPart2" SUBS_CONTENT="verändert." WC="1.00" CC="0200012"/>
						<SP ID="P25_SP00155" HPOS="557" VPOS="2554" WIDTH="63"/>
						<String ID="P25_ST00177" HPOS="620" VPOS="2482" WIDTH="271" HEIGHT="72" CONTENT="Betrübt" WC="1.00" CC="0000000"/>
						<SP ID="P25_SP00156" HPOS="891" VPOS="2554" WIDTH="38"/>
						<String ID="P25_ST00178" HPOS="929" VPOS="2484" WIDTH="321" HEIGHT="71" CONTENT="wanderte" WC="0.91" CC="00700000"/>
						<SP ID="P25_SP00157" HPOS="1250" VPOS="2555" WIDTH="38"/>
						<String ID="P25_ST00179" HPOS="1288" VPOS="2486" WIDTH="103" HEIGHT="71" CONTENT="ich" WC="0.95" CC="707"/>
						<SP ID="P25_SP00158" HPOS="1391" VPOS="2557" WIDTH="41"/>
						<String ID="P25_ST00180" HPOS="1432" VPOS="2488" WIDTH="205" HEIGHT="69" CONTENT="einem" WC="0.99" CC="04600"/>
						<SP ID="P25_SP00159" HPOS="1637" VPOS="2557" WIDTH="41"/>
						<String ID="P25_ST00181" HPOS="1678" VPOS="2487" WIDTH="250" HEIGHT="71" CONTENT="kleinen" WC="0.99" CC="0304200"/>
						<SP ID="P25_SP00160" HPOS="1928" VPOS="2558" WIDTH="42"/>
						<String ID="P25_ST00182" HPOS="1970" VPOS="2488" WIDTH="218" HEIGHT="71" CONTENT="Hause" WC="0.99" CC="00600"/>
						<SP ID="P25_SP00161" HPOS="2188" VPOS="2559" WIDTH="37"/>
						<String ID="P25_ST00183" HPOS="2225" VPOS="2507" WIDTH="331" HEIGHT="67" CONTENT="entgegen." WC="1.00" CC="010000042"/>
					</TextLine>
					<TextLine ID="P25_TL00024" HPOS="311" VPOS="2573" WIDTH="2247" HEIGHT="94">
						<String ID="P25_ST00184" HPOS="311" VPOS="2573" WIDTH="136" HEIGHT="73" CONTENT="Mir" WC="0.97" CC="070"/>
						<SP ID="P25_SP00162" HPOS="447" VPOS="2646" WIDTH="28"/>
						<String ID="P25_ST00185" HPOS="475" VPOS="2605" WIDTH="131" HEIGHT="42" CONTENT="war" WC="1.00" CC="000"/>
						<SP ID="P25_SP00163" HPOS="606" VPOS="2647" WIDTH="31"/>
						<String ID="P25_ST00186" HPOS="637" VPOS="2577" WIDTH="177" HEIGHT="71" CONTENT="recht" WC="1.00" CC="00000"/>
						<SP ID="P25_SP00164" HPOS="814" VPOS="2648" WIDTH="31"/>
						<String ID="P25_ST00187" HPOS="845" VPOS="2578" WIDTH="188" HEIGHT="71" CONTENT="elend" WC="0.98" CC="06050"/>
						<SP ID="P25_SP00165" HPOS="1033" VPOS="2649" WIDTH="29"/>
						<String ID="P25_ST00188" HPOS="1062" VPOS="2599" WIDTH="244" HEIGHT="62" CONTENT="zumut," WC="0.99" CC="060003"/>
						<SP ID="P25_SP00166" HPOS="1306" VPOS="2661" WIDTH="33"/>
						<String ID="P25_ST00189" HPOS="1339" VPOS="2581" WIDTH="137" HEIGHT="70" CONTENT="und" WC="0.99" CC="010"/>
						<SP ID="P25_SP00167" HPOS="1476" VPOS="2661" WIDTH="30"/>
						<String ID="P25_ST00190" HPOS="1506" VPOS="2583" WIDTH="102" HEIGHT="69" CONTENT="ein" WC="0.97" CC="060"/>
						<SP ID="P25_SP00168" HPOS="1608" VPOS="2661" WIDTH="33"/>
						<String ID="P25_ST00191" HPOS="1641" VPOS="2581" WIDTH="234" HEIGHT="86" CONTENT="banges" WC="0.99" CC="700000"/>
						<SP ID="P25_SP00169" HPOS="1875" VPOS="2667" WIDTH="34"/>
						<String ID="P25_ST00192" HPOS="1909" VPOS="2581" WIDTH="243" HEIGHT="72" CONTENT="Gefühl" WC="0.98" CC="006073"/>
						<SP ID="P25_SP00170" HPOS="2152" VPOS="2667" WIDTH="33"/>
						<String ID="P25_ST00193" HPOS="2185" VPOS="2583" WIDTH="89" HEIGHT="71" CONTENT="im" WC="0.65" CC="70"/>
						<SP ID="P25_SP00171" HPOS="2274" VPOS="2667" WIDTH="31"/>
						<String ID="P25_ST00194" HPOS="2305" VPOS="2583" WIDTH="253" HEIGHT="71" CONTENT="Munde" WC="0.99" CC="04000"/>
					</TextLine>
					<TextLine ID="P25_TL00025" HPOS="311" VPOS="2668" WIDTH="2245" HEIGHT="92">
						<String ID="P25_ST00195" HPOS="311" VPOS="2668" WIDTH="154" HEIGHT="73" CONTENT="hielt" WC="0.99" CC="06040"/>
						<SP ID="P25_SP00172" HPOS="465" VPOS="2741" WIDTH="23"/>
						<String ID="P25_ST00196" HPOS="488" VPOS="2671" WIDTH="174" HEIGHT="71" CONTENT="mich" WC="0.98" CC="0700"/>
						<SP ID="P25_SP00173" HPOS="662" VPOS="2742" WIDTH="24"/>
						<String ID="P25_ST00197" HPOS="686" VPOS="2671" WIDTH="333" HEIGHT="86" CONTENT="gefangen," WC="1.00" CC="006000100"/>
						<SP ID="P25_SP00174" HPOS="1019" VPOS="2757" WIDTH="25"/>
						<String ID="P25_ST00198" HPOS="1044" VPOS="2674" WIDTH="311" HEIGHT="85" CONTENT="ängstlich" WC="1.00" CC="000006600"/>
						<SP ID="P25_SP00175" HPOS="1355" VPOS="2759" WIDTH="22"/>
						<String ID="P25_ST00199" HPOS="1377" VPOS="2694" WIDTH="225" HEIGHT="52" CONTENT="tastete" WC="1.00" CC="0000000"/>
						<SP ID="P25_SP00176" HPOS="1602" VPOS="2759" WIDTH="21"/>
						<String ID="P25_ST00200" HPOS="1623" VPOS="2676" WIDTH="103" HEIGHT="70" CONTENT="ich" WC="0.97" CC="600"/>
						<SP ID="P25_SP00177" HPOS="1726" VPOS="2759" WIDTH="22"/>
						<String ID="P25_ST00201" HPOS="1748" VPOS="2677" WIDTH="119" HEIGHT="69" CONTENT="mit" WC="0.98" CC="060"/>
						<SP ID="P25_SP00178" HPOS="1867" VPOS="2759" WIDTH="22"/>
						<String ID="P25_ST00202" HPOS="1889" VPOS="2676" WIDTH="113" HEIGHT="71" CONTENT="der" WC="0.99" CC="003"/>
						<SP ID="P25_SP00179" HPOS="2002" VPOS="2759" WIDTH="23"/>
						<String ID="P25_ST00203" HPOS="2025" VPOS="2676" WIDTH="222" HEIGHT="84" CONTENT="Zunge" WC="1.00" CC="02000"/>
						<SP ID="P25_SP00180" HPOS="2247" VPOS="2760" WIDTH="21"/>
						<String ID="P25_ST00204" HPOS="2268" VPOS="2707" WIDTH="79" HEIGHT="40" CONTENT="an" WC="0.99" CC="00"/>
						<SP ID="P25_SP00181" HPOS="2347" VPOS="2760" WIDTH="24"/>
						<String ID="P25_ST00205" HPOS="2371" VPOS="2679" WIDTH="185" HEIGHT="68" CONTENT="einen" WC="0.98" CC="07004"/>
					</TextLine>
					<TextLine ID="P25_TL00026" HPOS="309" VPOS="2762" WIDTH="2247" HEIGHT="94">
						<String ID="P25_ST00206" HPOS="309" VPOS="2764" WIDTH="465" HEIGHT="73" CONTENT="zweifelhaften" WC="1.00" CC="0007606006000"/>
						<SP ID="P25_SP00182" HPOS="774" VPOS="2837" WIDTH="29"/>
						<String ID="P25_ST00207" HPOS="803" VPOS="2765" WIDTH="203" HEIGHT="84" CONTENT="Zahn," WC="1.00" CC="00010"/>
						<SP ID="P25_SP00183" HPOS="1006" VPOS="2849" WIDTH="31"/>
						<String ID="P25_ST00208" HPOS="1037" VPOS="2767" WIDTH="81" HEIGHT="72" CONTENT="da" WC="1.00" CC="00"/>
						<SP ID="P25_SP00184" HPOS="1118" VPOS="2849" WIDTH="25"/>
						<String ID="P25_ST00209" HPOS="1143" VPOS="2769" WIDTH="156" HEIGHT="70" CONTENT="sank" WC="1.00" CC="0000"/>
						<SP ID="P25_SP00185" HPOS="1299" VPOS="2849" WIDTH="28"/>
						<String ID="P25_ST00210" HPOS="1327" VPOS="2797" WIDTH="66" HEIGHT="43" CONTENT="er" WC="1.00" CC="00"/>
						<SP ID="P25_SP00186" HPOS="1393" VPOS="2849" WIDTH="26"/>
						<String ID="P25_ST00211" HPOS="1419" VPOS="2762" WIDTH="199" HEIGHT="79" CONTENT="schon" WC="0.99" CC="00700"/>
						<SP ID="P25_SP00187" HPOS="1618" VPOS="2849" WIDTH="28"/>
						<String ID="P25_ST00212" HPOS="1646" VPOS="2770" WIDTH="259" HEIGHT="86" CONTENT="schräge" WC="0.99" CC="0306000"/>
						<SP ID="P25_SP00188" HPOS="1905" VPOS="2856" WIDTH="24"/>
						<String ID="P25_ST00213" HPOS="1929" VPOS="2801" WIDTH="139" HEIGHT="55" CONTENT="weg" WC="1.00" CC="000"/>
						<SP ID="P25_SP00189" HPOS="2068" VPOS="2856" WIDTH="26"/>
						<String ID="P25_ST00214" HPOS="2094" VPOS="2771" WIDTH="138" HEIGHT="70" CONTENT="und" WC="0.98" CC="600"/>
						<SP ID="P25_SP00190" HPOS="2232" VPOS="2856" WIDTH="25"/>
						<String ID="P25_ST00215" HPOS="2257" VPOS="2798" WIDTH="127" HEIGHT="44" CONTENT="war" WC="0.98" CC="006"/>
						<SP ID="P25_SP00191" HPOS="2384" VPOS="2856" WIDTH="27"/>
						<String ID="P25_ST00216" HPOS="2411" VPOS="2802" WIDTH="109" HEIGHT="40" CONTENT="aus" SUBS_TYPE="HypPart1" SUBS_CONTENT="ausgefallen" WC="0.98" CC="040"/>
						<HYP HPOS="2520" VPOS="2802" WIDTH="36" CONTENT="-"/>
					</TextLine>
					<TextLine ID="P25_TL00027" HPOS="310" VPOS="2858" WIDTH="2246" HEIGHT="92">
						<String ID="P25_ST00217" HPOS="310" VPOS="2858" WIDTH="268" HEIGHT="85" CONTENT="gefallen" SUBS_TYPE="HypPart2" SUBS_CONTENT="ausgefallen" WC="0.99" CC="00503005"/>
						<SP ID="P25_SP00192" HPOS="578" VPOS="2943" WIDTH="12"/>
						<String ID="P25_ST00218" HPOS="590" VPOS="2917" WIDTH="12" HEIGHT="14" CONTENT="." WC="0.63" CC="3"/>
						<SP ID="P25_SP00193" HPOS="602" VPOS="2943" WIDTH="51"/>
						<String ID="P25_ST00219" HPOS="653" VPOS="2860" WIDTH="137" HEIGHT="71" CONTENT="Der" WC="1.00" CC="000"/>
						<SP ID="P25_SP00194" HPOS="790" VPOS="2943" WIDTH="26"/>
						<String ID="P25_ST00220" HPOS="816" VPOS="2861" WIDTH="262" HEIGHT="72" CONTENT="nächste" WC="1.00" CC="1000000"/>
						<SP ID="P25_SP00195" HPOS="1078" VPOS="2943" WIDTH="129"/>
						<String ID="P25_ST00221" HPOS="1207" VPOS="2863" WIDTH="165" HEIGHT="71" CONTENT="auch" WC="0.99" CC="0020"/>
						<SP ID="P25_SP00196" HPOS="1372" VPOS="2943" WIDTH="25"/>
						<String ID="P25_ST00222" HPOS="1397" VPOS="2870" WIDTH="98" HEIGHT="65" CONTENT="er!" WC="0.97" CC="015"/>
						<SP ID="P25_SP00197" HPOS="1495" VPOS="2943" WIDTH="52"/>
						<String ID="P25_ST00223" HPOS="1547" VPOS="2864" WIDTH="117" HEIGHT="70" CONTENT="Ein" WC="0.97" CC="034"/>
						<SP ID="P25_SP00198" HPOS="1664" VPOS="2943" WIDTH="27"/>
						<String ID="P25_ST00224" HPOS="1691" VPOS="2894" WIDTH="158" HEIGHT="56" CONTENT="ganz" WC="1.00" CC="0000"/>
						<SP ID="P25_SP00199" HPOS="1849" VPOS="2950" WIDTH="25"/>
						<String ID="P25_ST00225" HPOS="1874" VPOS="2867" WIDTH="224" HEIGHT="83" CONTENT="junger" WC="0.99" CC="004002"/>
						<SP ID="P25_SP00200" HPOS="2098" VPOS="2950" WIDTH="24"/>
						<String ID="P25_ST00226" HPOS="2122" VPOS="2864" WIDTH="155" HEIGHT="71" CONTENT="Arzt" WC="1.00" CC="0100"/>
						<SP ID="P25_SP00201" HPOS="2277" VPOS="2950" WIDTH="23"/>
						<String ID="P25_ST00227" HPOS="2300" VPOS="2893" WIDTH="130" HEIGHT="43" CONTENT="war" WC="1.00" CC="000"/>
						<SP ID="P25_SP00202" HPOS="2430" VPOS="2950" WIDTH="24"/>
						<String ID="P25_ST00228" HPOS="2454" VPOS="2865" WIDTH="102" HEIGHT="82" CONTENT="da," WC="0.99" CC="003"/>
					</TextLine>
					<TextLine ID="P25_TL00028" HPOS="309" VPOS="2952" WIDTH="2248" HEIGHT="92">
						<String ID="P25_ST00229" HPOS="309" VPOS="2952" WIDTH="147" HEIGHT="72" CONTENT="dem" WC="1.00" CC="000"/>
						<SP ID="P25_SP00203" HPOS="456" VPOS="3024" WIDTH="40"/>
						<String ID="P25_ST00230" HPOS="496" VPOS="2955" WIDTH="104" HEIGHT="72" CONTENT="ich" WC="0.97" CC="620"/>
						<SP ID="P25_SP00204" HPOS="600" VPOS="3027" WIDTH="39"/>
						<String ID="P25_ST00231" HPOS="639" VPOS="2955" WIDTH="227" HEIGHT="87" CONTENT="klagte," WC="1.00" CC="0300001"/>
						<SP ID="P25_SP00205" HPOS="866" VPOS="3042" WIDTH="40"/>
						<String ID="P25_ST00232" HPOS="906" VPOS="2958" WIDTH="148" HEIGHT="70" CONTENT="dem" WC="1.00" CC="000"/>
						<SP ID="P25_SP00206" HPOS="1054" VPOS="3042" WIDTH="40"/>
						<String ID="P25_ST00233" HPOS="1094" VPOS="2957" WIDTH="103" HEIGHT="72" CONTENT="ich" WC="0.96" CC="730"/>
						<SP ID="P25_SP00207" HPOS="1197" VPOS="3042" WIDTH="39"/>
						<String ID="P25_ST00234" HPOS="1236" VPOS="2958" WIDTH="251" HEIGHT="71" CONTENT="bittend" WC="0.99" CC="6500030"/>
						<SP ID="P25_SP00208" HPOS="1487" VPOS="3042" WIDTH="37"/>
						<String ID="P25_ST00235" HPOS="1524" VPOS="2961" WIDTH="184" HEIGHT="68" CONTENT="einen" WC="0.99" CC="07000"/>
						<SP ID="P25_SP00209" HPOS="1708" VPOS="3042" WIDTH="39"/>
						<String ID="P25_ST00236" HPOS="1747" VPOS="2957" WIDTH="180" HEIGHT="73" CONTENT="Zahn" WC="0.98" CC="0070"/>
						<SP ID="P25_SP00210" HPOS="1927" VPOS="3042" WIDTH="37"/>
						<String ID="P25_ST00237" HPOS="1964" VPOS="2962" WIDTH="118" HEIGHT="68" CONTENT="mit" WC="0.98" CC="060"/>
						<SP ID="P25_SP00211" HPOS="2082" VPOS="3042" WIDTH="37"/>
						<String ID="P25_ST00238" HPOS="2119" VPOS="2959" WIDTH="124" HEIGHT="70" CONTENT="den" WC="1.00" CC="000"/>
						<SP ID="P25_SP00212" HPOS="2243" VPOS="3042" WIDTH="41"/>
						<String ID="P25_ST00239" HPOS="2284" VPOS="2958" WIDTH="273" HEIGHT="86" CONTENT="Fingern" WC="0.99" CC="0630000"/>
					</TextLine>
					<TextLine ID="P25_TL00029" HPOS="309" VPOS="3049" WIDTH="2248" HEIGHT="89">
						<String ID="P25_ST00240" HPOS="309" VPOS="3049" WIDTH="493" HEIGHT="86" CONTENT="entgegenhielt." WC="1.00" CC="00000004040511"/>
						<SP ID="P25_SP00213" HPOS="802" VPOS="3135" WIDTH="49"/>
						<String ID="P25_ST00241" HPOS="851" VPOS="3049" WIDTH="87" HEIGHT="72" CONTENT="Er" WC="0.99" CC="00"/>
						<SP ID="P25_SP00214" HPOS="938" VPOS="3135" WIDTH="26"/>
						<String ID="P25_ST00242" HPOS="964" VPOS="3051" WIDTH="207" HEIGHT="71" CONTENT="lachte" WC="0.99" CC="605000"/>
						<SP ID="P25_SP00215" HPOS="1171" VPOS="3135" WIDTH="27"/>
						<String ID="P25_ST00243" HPOS="1198" VPOS="3052" WIDTH="428" HEIGHT="86" CONTENT="leichtherzig," WC="1.00" CC="5070000050600"/>
						<SP ID="P25_SP00216" HPOS="1626" VPOS="3138" WIDTH="28"/>
						<String ID="P25_ST00244" HPOS="1654" VPOS="3053" WIDTH="233" HEIGHT="71" CONTENT="winkte" WC="0.99" CC="060000"/>
						<SP ID="P25_SP00217" HPOS="1887" VPOS="3138" WIDTH="27"/>
						<String ID="P25_ST00245" HPOS="1914" VPOS="3055" WIDTH="117" HEIGHT="72" CONTENT="mit" WC="0.97" CC="070"/>
						<SP ID="P25_SP00218" HPOS="2031" VPOS="3138" WIDTH="27"/>
						<String ID="P25_ST00246" HPOS="2058" VPOS="3053" WIDTH="218" HEIGHT="70" CONTENT="fataler" WC="0.99" CC="6002201"/>
						<SP ID="P25_SP00219" HPOS="2276" VPOS="3138" WIDTH="26"/>
						<String ID="P25_ST00247" HPOS="2302" VPOS="3052" WIDTH="219" HEIGHT="71" CONTENT="Berufs" SUBS_TYPE="HypPart1" SUBS_CONTENT="Berufsgebärde" WC="0.99" CC="000570"/>
						<HYP HPOS="2521" VPOS="3052" WIDTH="36" CONTENT="-"/>
					</TextLine>
					<TextLine ID="P25_TL00030" HPOS="309" VPOS="3142" WIDTH="2244" HEIGHT="92">
						<String ID="P25_ST00248" HPOS="309" VPOS="3142" WIDTH="275" HEIGHT="84" CONTENT="gebärde" SUBS_TYPE="HypPart2" SUBS_CONTENT="Berufsgebärde" WC="0.99" CC="0070200"/>
						<SP ID="P25_SP00220" HPOS="584" VPOS="3226" WIDTH="22"/>
						<String ID="P25_ST00249" HPOS="606" VPOS="3145" WIDTH="81" HEIGHT="70" CONTENT="ab" WC="1.00" CC="00"/>
						<SP ID="P25_SP00221" HPOS="687" VPOS="3226" WIDTH="23"/>
						<String ID="P25_ST00250" HPOS="710" VPOS="3146" WIDTH="137" HEIGHT="71" CONTENT="und" WC="0.98" CC="120"/>
						<SP ID="P25_SP00222" HPOS="847" VPOS="3226" WIDTH="22"/>
						<String ID="P25_ST00251" HPOS="869" VPOS="3146" WIDTH="342" HEIGHT="71" CONTENT="schüttelte" WC="1.00" CC="0270000400"/>
						<SP ID="P25_SP00223" HPOS="1211" VPOS="3226" WIDTH="22"/>
						<String ID="P25_ST00252" HPOS="1233" VPOS="3147" WIDTH="125" HEIGHT="70" CONTENT="den" WC="1.00" CC="000"/>
						<SP ID="P25_SP00224" HPOS="1358" VPOS="3226" WIDTH="24"/>
						<String ID="P25_ST00253" HPOS="1382" VPOS="3150" WIDTH="236" HEIGHT="84" CONTENT="jungen" WC="0.99" CC="620002"/>
						<SP ID="P25_SP00225" HPOS="1618" VPOS="3234" WIDTH="28"/>
						<String ID="P25_ST00254" HPOS="1646" VPOS="3147" WIDTH="181" HEIGHT="87" CONTENT="Kopf" WC="0.97" CC="5006"/>
						<SP ID="P25_SP00226" HPOS="1827" VPOS="3234" WIDTH="120"/>
						<String ID="P25_ST00255" HPOS="1947" VPOS="3147" WIDTH="112" HEIGHT="71" CONTENT="das" WC="1.00" CC="000"/>
						<SP ID="P25_SP00227" HPOS="2059" VPOS="3234" WIDTH="24"/>
						<String ID="P25_ST00256" HPOS="2083" VPOS="3148" WIDTH="221" HEIGHT="73" CONTENT="mache" WC="1.00" CC="00000"/>
						<SP ID="P25_SP00228" HPOS="2304" VPOS="3234" WIDTH="22"/>
						<String ID="P25_ST00257" HPOS="2326" VPOS="3147" WIDTH="227" HEIGHT="82" CONTENT="nichts," WC="0.99" CC="6600300"/>
					</TextLine>
					<TextLine ID="P25_TL00031" HPOS="308" VPOS="3236" WIDTH="2246" HEIGHT="90">
						<String ID="P25_ST00258" HPOS="308" VPOS="3264" WIDTH="158" HEIGHT="55" CONTENT="ganz" WC="1.00" CC="0000"/>
						<SP ID="P25_SP00229" HPOS="466" VPOS="3319" WIDTH="32"/>
						<String ID="P25_ST00259" HPOS="498" VPOS="3236" WIDTH="301" HEIGHT="84" CONTENT="harmlos," WC="0.99" CC="01103400"/>
						<SP ID="P25_SP00230" HPOS="799" VPOS="3320" WIDTH="34"/>
						<String ID="P25_ST00260" HPOS="833" VPOS="3240" WIDTH="257" HEIGHT="71" CONTENT="komme" WC="1.00" CC="00000"/>
						<SP ID="P25_SP00231" HPOS="1090" VPOS="3320" WIDTH="28"/>
						<String ID="P25_ST00261" HPOS="1118" VPOS="3241" WIDTH="187" HEIGHT="85" CONTENT="jeden" WC="1.00" CC="00000"/>
						<SP ID="P25_SP00232" HPOS="1305" VPOS="3326" WIDTH="33"/>
						<String ID="P25_ST00262" HPOS="1338" VPOS="3239" WIDTH="141" HEIGHT="87" CONTENT="Tag" WC="0.98" CC="400"/>
						<SP ID="P25_SP00233" HPOS="1479" VPOS="3326" WIDTH="30"/>
						<String ID="P25_ST00263" HPOS="1509" VPOS="3270" WIDTH="133" HEIGHT="42" CONTENT="vor." WC="0.98" CC="0504"/>
						<SP ID="P25_SP00234" HPOS="1642" VPOS="3326" WIDTH="58"/>
						<String ID="P25_ST00264" HPOS="1700" VPOS="3242" WIDTH="232" HEIGHT="70" CONTENT="Lieber" WC="0.98" CC="350704"/>
						<SP ID="P25_SP00235" HPOS="1932" VPOS="3326" WIDTH="30"/>
						<String ID="P25_ST00265" HPOS="1962" VPOS="3240" WIDTH="182" HEIGHT="82" CONTENT="Gott," WC="1.00" CC="20000"/>
						<SP ID="P25_SP00236" HPOS="2144" VPOS="3326" WIDTH="33"/>
						<String ID="P25_ST00266" HPOS="2177" VPOS="3241" WIDTH="225" HEIGHT="71" CONTENT="dachte" WC="0.99" CC="002700"/>
						<SP ID="P25_SP00237" HPOS="2402" VPOS="3326" WIDTH="29"/>
						<String ID="P25_ST00267" HPOS="2431" VPOS="3240" WIDTH="123" HEIGHT="71" CONTENT="ich." WC="0.98" CC="6004"/>
					</TextLine>
					<TextLine ID="P25_TL00032" HPOS="309" VPOS="3329" WIDTH="2244" HEIGHT="86">
						<String ID="P25_ST00268" HPOS="309" VPOS="3329" WIDTH="173" HEIGHT="72" CONTENT="Aber" WC="0.97" CC="6700"/>
						<SP ID="P25_SP00238" HPOS="482" VPOS="3401" WIDTH="25"/>
						<String ID="P25_ST00269" HPOS="507" VPOS="3362" WIDTH="69" HEIGHT="40" CONTENT="er" WC="1.00" CC="00"/>
						<SP ID="P25_SP00239" HPOS="576" VPOS="3402" WIDTH="26"/>
						<String ID="P25_ST00270" HPOS="602" VPOS="3333" WIDTH="153" HEIGHT="71" CONTENT="fuhr" WC="0.96" CC="6470"/>
						<SP ID="P25_SP00240" HPOS="755" VPOS="3404" WIDTH="25"/>
						<String ID="P25_ST00271" HPOS="780" VPOS="3334" WIDTH="130" HEIGHT="71" CONTENT="fort" WC="0.97" CC="6240"/>
						<SP ID="P25_SP00241" HPOS="910" VPOS="3405" WIDTH="26"/>
						<String ID="P25_ST00272" HPOS="936" VPOS="3335" WIDTH="137" HEIGHT="71" CONTENT="und" WC="0.98" CC="060"/>
						<SP ID="P25_SP00242" HPOS="1073" VPOS="3406" WIDTH="28"/>
						<String ID="P25_ST00273" HPOS="1101" VPOS="3336" WIDTH="257" HEIGHT="70" CONTENT="deutete" WC="1.00" CC="0000000"/>
						<SP ID="P25_SP00243" HPOS="1358" VPOS="3406" WIDTH="25"/>
						<String ID="P25_ST00274" HPOS="1383" VPOS="3336" WIDTH="113" HEIGHT="70" CONTENT="auf" WC="0.98" CC="005"/>
						<SP ID="P25_SP00244" HPOS="1496" VPOS="3406" WIDTH="24"/>
						<String ID="P25_ST00275" HPOS="1520" VPOS="3339" WIDTH="172" HEIGHT="69" CONTENT="mein" WC="0.98" CC="0062"/>
						<SP ID="P25_SP00245" HPOS="1692" VPOS="3408" WIDTH="29"/>
						<String ID="P25_ST00276" HPOS="1721" VPOS="3336" WIDTH="198" HEIGHT="72" CONTENT="linkes" WC="0.99" CC="360000"/>
						<SP ID="P25_SP00246" HPOS="1919" VPOS="3408" WIDTH="33"/>
						<String ID="P25_ST00277" HPOS="1952" VPOS="3335" WIDTH="198" HEIGHT="73" CONTENT="Knie:" WC="0.98" CC="52600"/>
						<SP ID="P25_SP00247" HPOS="2150" VPOS="3408" WIDTH="28"/>
						<String ID="P25_ST00278" HPOS="2178" VPOS="3336" WIDTH="80" HEIGHT="72" CONTENT="da" WC="1.00" CC="00"/>
						<SP ID="P25_SP00248" HPOS="2258" VPOS="3408" WIDTH="26"/>
						<String ID="P25_ST00279" HPOS="2284" VPOS="3338" WIDTH="156" HEIGHT="68" CONTENT="sitze" WC="0.99" CC="05000"/>
						<SP ID="P25_SP00249" HPOS="2440" VPOS="3408" WIDTH="27"/>
						<String ID="P25_ST00280" HPOS="2467" VPOS="3366" WIDTH="86" HEIGHT="49" CONTENT="es," WC="1.00" CC="001"/>
					</TextLine>
					<TextLine ID="P25_TL00033" HPOS="308" VPOS="3423" WIDTH="2246" HEIGHT="93">
						<String ID="P25_ST00281" HPOS="308" VPOS="3423" WIDTH="80" HEIGHT="72" CONTENT="da" WC="1.00" CC="00"/>
						<SP ID="P25_SP00250" HPOS="388" VPOS="3495" WIDTH="38"/>
						<String ID="P25_ST00282" HPOS="426" VPOS="3428" WIDTH="90" HEIGHT="68" CONTENT="sei" WC="0.97" CC="007"/>
						<SP ID="P25_SP00251" HPOS="516" VPOS="3496" WIDTH="30"/>
						<String ID="P25_ST00283" HPOS="546" VPOS="3428" WIDTH="318" HEIGHT="86" CONTENT="hingegen" WC="0.99" CC="06500000"/>
						<SP ID="P25_SP00252" HPOS="864" VPOS="3514" WIDTH="29"/>
						<String ID="P25_ST00284" HPOS="893" VPOS="3430" WIDTH="277" HEIGHT="70" CONTENT="nimmer" WC="0.99" CC="270000"/>
						<SP ID="P25_SP00253" HPOS="1170" VPOS="3514" WIDTH="25"/>
						<String ID="P25_ST00285" HPOS="1195" VPOS="3461" WIDTH="82" HEIGHT="41" CONTENT="zu" WC="0.69" CC="06"/>
						<SP ID="P25_SP00254" HPOS="1277" VPOS="3514" WIDTH="29"/>
						<String ID="P25_ST00286" HPOS="1306" VPOS="3429" WIDTH="265" HEIGHT="87" CONTENT="spaßen." WC="1.00" CC="0000004"/>
						<SP ID="P25_SP00255" HPOS="1571" VPOS="3516" WIDTH="55"/>
						<String ID="P25_ST00287" HPOS="1626" VPOS="3430" WIDTH="355" HEIGHT="74" CONTENT="Furchtbar" WC="0.99" CC="061000700"/>
						<SP ID="P25_SP00256" HPOS="1981" VPOS="3516" WIDTH="27"/>
						<String ID="P25_ST00288" HPOS="2008" VPOS="3429" WIDTH="236" HEIGHT="73" CONTENT="schnell" WC="0.99" CC="0070003"/>
						<SP ID="P25_SP00257" HPOS="2244" VPOS="3516" WIDTH="30"/>
						<String ID="P25_ST00289" HPOS="2274" VPOS="3429" WIDTH="151" HEIGHT="87" CONTENT="griff" WC="0.97" CC="06367"/>
						<SP ID="P25_SP00258" HPOS="2425" VPOS="3516" WIDTH="26"/>
						<String ID="P25_ST00290" HPOS="2451" VPOS="3429" WIDTH="103" HEIGHT="70" CONTENT="ich" WC="0.97" CC="700"/>
					</TextLine>
					<TextLine ID="P25_TL00034" HPOS="305" VPOS="3518" WIDTH="2248" HEIGHT="88">
						<String ID="P25_ST00291" HPOS="305" VPOS="3546" WIDTH="113" HEIGHT="43" CONTENT="ans" WC="1.00" CC="000"/>
						<SP ID="P25_SP00259" HPOS="418" VPOS="3589" WIDTH="33"/>
						<String ID="P25_ST00292" HPOS="451" VPOS="3518" WIDTH="172" HEIGHT="74" CONTENT="Knie" WC="0.98" CC="0060"/>
						<SP ID="P25_SP00260" HPOS="623" VPOS="3592" WIDTH="29"/>
						<String ID="P25_ST00293" HPOS="652" VPOS="3522" WIDTH="197" HEIGHT="71" CONTENT="hinab" WC="0.98" CC="06006"/>
						<SP ID="P25_SP00261" HPOS="849" VPOS="3593" WIDTH="39"/>
						<String ID="P25_ST00294" HPOS="888" VPOS="3524" WIDTH="182" HEIGHT="70" CONTENT="—da" WC="0.91" CC="800"/>
						<SP ID="P25_SP00262" HPOS="1070" VPOS="3594" WIDTH="26"/>
						<String ID="P25_ST00295" HPOS="1096" VPOS="3552" WIDTH="130" HEIGHT="44" CONTENT="war" WC="0.99" CC="002"/>
						<SP ID="P25_SP00263" HPOS="1226" VPOS="3596" WIDTH="28"/>
						<String ID="P25_ST00296" HPOS="1254" VPOS="3531" WIDTH="98" HEIGHT="65" CONTENT="es!" WC="1.00" CC="000"/>
						<SP ID="P25_SP00264" HPOS="1352" VPOS="3596" WIDTH="53"/>
						<String ID="P25_ST00297" HPOS="1405" VPOS="3524" WIDTH="103" HEIGHT="72" CONTENT="Da" WC="1.00" CC="00"/>
						<SP ID="P25_SP00265" HPOS="1508" VPOS="3596" WIDTH="29"/>
						<String ID="P25_ST00298" HPOS="1537" VPOS="3552" WIDTH="130" HEIGHT="45" CONTENT="war" WC="0.98" CC="004"/>
						<SP ID="P25_SP00266" HPOS="1667" VPOS="3597" WIDTH="27"/>
						<String ID="P25_ST00299" HPOS="1694" VPOS="3527" WIDTH="102" HEIGHT="69" CONTENT="ein" WC="0.97" CC="071"/>
						<SP ID="P25_SP00267" HPOS="1796" VPOS="3597" WIDTH="33"/>
						<String ID="P25_ST00300" HPOS="1829" VPOS="3524" WIDTH="198" HEIGHT="82" CONTENT="Loch," WC="0.98" CC="04072"/>
						<SP ID="P25_SP00268" HPOS="2027" VPOS="3606" WIDTH="32"/>
						<String ID="P25_ST00301" HPOS="2059" VPOS="3526" WIDTH="65" HEIGHT="68" CONTENT="in" WC="0.68" CC="60"/>
						<SP ID="P25_SP00269" HPOS="2124" VPOS="3606" WIDTH="30"/>
						<String ID="P25_ST00302" HPOS="2154" VPOS="3523" WIDTH="109" HEIGHT="71" CONTENT="das" WC="1.00" CC="000"/>
						<SP ID="P25_SP00270" HPOS="2263" VPOS="3606" WIDTH="31"/>
						<String ID="P25_ST00303" HPOS="2294" VPOS="3523" WIDTH="103" HEIGHT="70" CONTENT="ich" WC="0.98" CC="500"/>
						<SP ID="P25_SP00271" HPOS="2397" VPOS="3606" WIDTH="32"/>
						<String ID="P25_ST00304" HPOS="2429" VPOS="3523" WIDTH="124" HEIGHT="70" CONTENT="den" WC="1.00" CC="000"/>
					</TextLine>
					<TextLine ID="P25_TL00035" HPOS="308" VPOS="3608" WIDTH="2242" HEIGHT="94">
						<String ID="P25_ST00305" HPOS="308" VPOS="3608" WIDTH="232" HEIGHT="90" CONTENT="Finger" WC="0.99" CC="075002"/>
						<SP ID="P25_SP00272" HPOS="540" VPOS="3698" WIDTH="33"/>
						<String ID="P25_ST00306" HPOS="573" VPOS="3615" WIDTH="183" HEIGHT="87" CONTENT="legen" WC="0.99" CC="40000"/>
						<SP ID="P25_SP00273" HPOS="756" VPOS="3702" WIDTH="35"/>
						<String ID="P25_ST00307" HPOS="791" VPOS="3617" WIDTH="260" HEIGHT="81" CONTENT="konnte," WC="1.00" CC="0071000"/>
						<SP ID="P25_SP00274" HPOS="1051" VPOS="3702" WIDTH="35"/>
						<String ID="P25_ST00308" HPOS="1086" VPOS="3617" WIDTH="137" HEIGHT="71" CONTENT="und" WC="0.96" CC="640"/>
						<SP ID="P25_SP00275" HPOS="1223" VPOS="3702" WIDTH="33"/>
						<String ID="P25_ST00309" HPOS="1256" VPOS="3637" WIDTH="151" HEIGHT="53" CONTENT="statt" WC="1.00" CC="00000"/>
						<SP ID="P25_SP00276" HPOS="1407" VPOS="3702" WIDTH="35"/>
						<String ID="P25_ST00310" HPOS="1442" VPOS="3617" WIDTH="178" HEIGHT="73" CONTENT="Haut" WC="0.99" CC="0020"/>
						<SP ID="P25_SP00277" HPOS="1620" VPOS="3702" WIDTH="33"/>
						<String ID="P25_ST00311" HPOS="1653" VPOS="3618" WIDTH="137" HEIGHT="72" CONTENT="und" WC="1.00" CC="010"/>
						<SP ID="P25_SP00278" HPOS="1790" VPOS="3702" WIDTH="34"/>
						<String ID="P25_ST00312" HPOS="1824" VPOS="3617" WIDTH="249" HEIGHT="73" CONTENT="Fleisch" WC="1.00" CC="0005000"/>
						<SP ID="P25_SP00279" HPOS="2073" VPOS="3702" WIDTH="32"/>
						<String ID="P25_ST00313" HPOS="2105" VPOS="3617" WIDTH="208" HEIGHT="71" CONTENT="nichts" WC="0.99" CC="060000"/>
						<SP ID="P25_SP00280" HPOS="2313" VPOS="3702" WIDTH="33"/>
						<String ID="P25_ST00314" HPOS="2346" VPOS="3646" WIDTH="80" HEIGHT="41" CONTENT="zu" WC="0.71" CC="05"/>
						<SP ID="P25_SP00281" HPOS="2426" VPOS="3702" WIDTH="28"/>
						<String ID="P25_ST00315" HPOS="2454" VPOS="3644" WIDTH="64" HEIGHT="42" CONTENT="er" SUBS_TYPE="HypPart1" SUBS_CONTENT="ertasten" WC="0.98" CC="00"/>
						<HYP HPOS="2518" VPOS="3644" WIDTH="32" CONTENT="-"/>
					</TextLine>
					<TextLine ID="P25_TL00036" HPOS="305" VPOS="3709" WIDTH="2249" HEIGHT="88">
						<String ID="P25_ST00316" HPOS="305" VPOS="3721" WIDTH="205" HEIGHT="59" CONTENT="tasten" SUBS_TYPE="HypPart2" SUBS_CONTENT="ertasten" WC="1.00" CC="100002"/>
						<SP ID="P25_SP00282" HPOS="510" VPOS="3780" WIDTH="45"/>
						<String ID="P25_ST00317" HPOS="555" VPOS="3710" WIDTH="90" HEIGHT="71" CONTENT="als" WC="0.98" CC="050"/>
						<SP ID="P25_SP00283" HPOS="645" VPOS="3781" WIDTH="47"/>
						<String ID="P25_ST00318" HPOS="692" VPOS="3712" WIDTH="145" HEIGHT="70" CONTENT="eine" WC="0.99" CC="0600"/>
						<SP ID="P25_SP00284" HPOS="837" VPOS="3782" WIDTH="43"/>
						<String ID="P25_ST00319" HPOS="880" VPOS="3711" WIDTH="375" HEIGHT="86" CONTENT="gefühllose," WC="1.00" CC="00600650001"/>
						<SP ID="P25_SP00285" HPOS="1255" VPOS="3797" WIDTH="46"/>
						<String ID="P25_ST00320" HPOS="1301" VPOS="3714" WIDTH="261" HEIGHT="81" CONTENT="weiche," WC="1.00" CC="0050002"/>
						<SP ID="P25_SP00286" HPOS="1562" VPOS="3797" WIDTH="50"/>
						<String ID="P25_ST00321" HPOS="1612" VPOS="3714" WIDTH="246" HEIGHT="71" CONTENT="lockere" WC="1.00" CC="6000000"/>
						<SP ID="P25_SP00287" HPOS="1858" VPOS="3797" WIDTH="45"/>
						<String ID="P25_ST00322" HPOS="1903" VPOS="3710" WIDTH="236" HEIGHT="82" CONTENT="Masse," WC="1.00" CC="000004"/>
						<SP ID="P25_SP00288" HPOS="2139" VPOS="3797" WIDTH="46"/>
						<String ID="P25_ST00323" HPOS="2185" VPOS="3710" WIDTH="190" HEIGHT="71" CONTENT="leicht" WC="0.99" CC="406000"/>
						<SP ID="P25_SP00289" HPOS="2375" VPOS="3797" WIDTH="42"/>
						<String ID="P25_ST00324" HPOS="2417" VPOS="3709" WIDTH="137" HEIGHT="71" CONTENT="und" WC="0.97" CC="340"/>
					</TextLine>
					<TextLine ID="P25_TL00037" HPOS="305" VPOS="3797" WIDTH="2249" HEIGHT="97">
						<String ID="P25_ST00325" HPOS="305" VPOS="3797" WIDTH="230" HEIGHT="92" CONTENT="faserig" WC="0.99" CC="7000070"/>
						<SP ID="P25_SP00290" HPOS="535" VPOS="3889" WIDTH="30"/>
						<String ID="P25_ST00326" HPOS="565" VPOS="3808" WIDTH="121" HEIGHT="68" CONTENT="wie" WC="0.98" CC="060"/>
						<SP ID="P25_SP00291" HPOS="686" VPOS="3889" WIDTH="31"/>
						<String ID="P25_ST00327" HPOS="717" VPOS="3806" WIDTH="229" HEIGHT="73" CONTENT="welkes" WC="1.00" CC="004000"/>
						<SP ID="P25_SP00292" HPOS="946" VPOS="3889" WIDTH="35"/>
						<String ID="P25_ST00328" HPOS="981" VPOS="3806" WIDTH="579" HEIGHT="88" CONTENT="Pflanzengewebe." WC="1.00" CC="000000000000700"/>
						<SP ID="P25_SP00293" HPOS="1560" VPOS="3894" WIDTH="60"/>
						<String ID="P25_ST00329" HPOS="1620" VPOS="3808" WIDTH="62" HEIGHT="72" CONTENT="0" WC="0.90" CC="0"/>
						<SP ID="P25_SP00294" HPOS="1682" VPOS="3894" WIDTH="30"/>
						<String ID="P25_ST00330" HPOS="1712" VPOS="3809" WIDTH="172" HEIGHT="70" CONTENT="mein" WC="0.99" CC="0070"/>
						<SP ID="P25_SP00295" HPOS="1884" VPOS="3894" WIDTH="37"/>
						<String ID="P25_ST00331" HPOS="1921" VPOS="3805" WIDTH="180" HEIGHT="83" CONTENT="Gott," WC="0.99" CC="03001"/>
						<SP ID="P25_SP00296" HPOS="2101" VPOS="3894" WIDTH="37"/>
						<String ID="P25_ST00332" HPOS="2138" VPOS="3806" WIDTH="109" HEIGHT="70" CONTENT="das" WC="1.00" CC="000"/>
						<SP ID="P25_SP00297" HPOS="2247" VPOS="3894" WIDTH="34"/>
						<String ID="P25_ST00333" HPOS="2281" VPOS="3832" WIDTH="127" HEIGHT="44" CONTENT="war" WC="0.98" CC="004"/>
						<SP ID="P25_SP00298" HPOS="2408" VPOS="3894" WIDTH="32"/>
						<String ID="P25_ST00334" HPOS="2440" VPOS="3804" WIDTH="114" HEIGHT="71" CONTENT="der" WC="0.98" CC="004"/>
					</TextLine>
					<TextLine ID="P25_TL00038" HPOS="304" VPOS="3890" WIDTH="2249" HEIGHT="93">
						<String ID="P25_ST00335" HPOS="304" VPOS="3890" WIDTH="259" HEIGHT="92" CONTENT="Verfall," WC="0.99" CC="00460323"/>
						<SP ID="P25_SP00299" HPOS="563" VPOS="3982" WIDTH="47"/>
						<String ID="P25_ST00336" HPOS="610" VPOS="3900" WIDTH="112" HEIGHT="71" CONTENT="das" WC="1.00" CC="000"/>
						<SP ID="P25_SP00300" HPOS="722" VPOS="3982" WIDTH="44"/>
						<String ID="P25_ST00337" HPOS="766" VPOS="3930" WIDTH="131" HEIGHT="44" CONTENT="war" WC="0.99" CC="002"/>
						<SP ID="P25_SP00301" HPOS="897" VPOS="3982" WIDTH="42"/>
						<String ID="P25_ST00338" HPOS="939" VPOS="3900" WIDTH="151" HEIGHT="73" CONTENT="Tod" WC="1.00" CC="000"/>
						<SP ID="P25_SP00302" HPOS="1090" VPOS="3982" WIDTH="43"/>
						<String ID="P25_ST00339" HPOS="1133" VPOS="3902" WIDTH="137" HEIGHT="71" CONTENT="und" WC="0.96" CC="540"/>
						<SP ID="P25_SP00303" HPOS="1270" VPOS="3982" WIDTH="46"/>
						<String ID="P25_ST00340" HPOS="1316" VPOS="3902" WIDTH="291" HEIGHT="73" CONTENT="Fäulnis!" WC="0.99" CC="00123106"/>
						<SP ID="P25_SP00304" HPOS="1607" VPOS="3982" WIDTH="71"/>
						<String ID="P25_ST00341" HPOS="1678" VPOS="3903" WIDTH="146" HEIGHT="80" CONTENT="„Da" WC="0.99" CC="300"/>
						<SP ID="P25_SP00305" HPOS="1824" VPOS="3983" WIDTH="42"/>
						<String ID="P25_ST00342" HPOS="1866" VPOS="3903" WIDTH="81" HEIGHT="70" CONTENT="ist" WC="0.98" CC="600"/>
						<SP ID="P25_SP00306" HPOS="1947" VPOS="3983" WIDTH="48"/>
						<String ID="P25_ST00343" HPOS="1995" VPOS="3900" WIDTH="206" HEIGHT="74" CONTENT="nichts" WC="0.98" CC="660700"/>
						<SP ID="P25_SP00307" HPOS="2201" VPOS="3983" WIDTH="47"/>
						<String ID="P25_ST00344" HPOS="2248" VPOS="3898" WIDTH="181" HEIGHT="73" CONTENT="mehr" WC="0.99" CC="0005"/>
						<SP ID="P25_SP00308" HPOS="2429" VPOS="3983" WIDTH="43"/>
						<String ID="P25_ST00345" HPOS="2472" VPOS="3928" WIDTH="81" HEIGHT="41" CONTENT="zu" WC="0.82" CC="03"/>
					</TextLine>
				</TextBlock>
			</PrintSpace>
		</Page>
	</Layout>
</alto>
