3293 4572
1037 418 260 66 Gottfried
1321 420 157 54 Benn
1516 437 19 28 *
1575 424 106 52 Die
1707 423 150 54 Insel

2439 429 98 59 241

1153 1204 193 84 DIE
1409 1206 335 84 INSEL

1089 995 402 112 Gottfried
1553 995 249 112 Benn

1278 1357 339 59 NOVELLE

343 1554 25 78 i
445 1561 122 104 jaß
604 1563 134 69 dies
775 1563 112 69 das
920 1561 220 71 Leben
1177 1564 110 77 sei,
1324 1590 127 42 war
1486 1565 139 67 eine
1658 1563 352 81 Annahme,
2049 1596 79 39 zu
2162 1566 112 70 der
2309 1566 242 80 Rönne,

487 1659 185 69 einen
708 1655 176 82 Arzt,
923 1657 110 69 das
1080 1687 126 39 von
1255 1655 304 71 leitender
1593 1657 193 69 Stelle
1829 1688 111 40 aus
1975 1655 332 88 Geregelte
2353 1662 201 67 seiner

323 1749 199 88 Tage,
576 1750 112 72 das
741 1750 325 72 staatliche
1123 1749 447 87 Genehmigte,
1624 1753 57 83 ja
1731 1750 572 87 Vorgeschriebene
2354 1754 202 69 seiner

324 1847 446 84 Bestimmung
808 1844 169 73 wohl
1023 1846 409 84 berechtigte.

406 1938 127 73 Tat
564 1971 65 40 es
663 1960 211 61 etwas,
907 1938 127 73 daß
1065 1940 104 71 die
1208 1940 163 70 Insel
1404 1938 165 72 klein
1601 1966 147 54 war,
1781 1938 385 72 übersehbar
2195 1970 122 40 von
2350 1941 204 69 einem

324 2035 237 86 Hügel,
588 2036 102 69 ein
718 2034 277 72 Streifen
1022 2034 180 71 Stein
1229 2034 313 71 zwischen
1570 2032 259 73 Möwen
1855 2034 136 70 und
2016 2032 202 82 Meer,
2349 2064 63 38 es
2440 2034 120 84 gab

324 2130 112 70 das
482 2128 354 86 Gefängnis
878 2129 81 70 da
999 2129 118 70 mit
1157 2128 125 71 den
1324 2126 409 86 Sträflingen,
1776 2126 192 70 daran
2008 2125 154 71 Arzt
2203 2157 78 39 zu
2321 2128 132 68 sein
2493 2154 65 42 er

322 2223 404 81 ausersehen,
764 2223 138 71 und
938 2223 170 70 dann
1145 2222 122 85 gab
1304 2252 64 40 es
1406 2220 257 80 Strand,
1702 2222 140 68 eine
1876 2219 196 86 große
2107 2219 454 71 Strauchwiese

323 2319 126 70 voll
488 2317 454 81 Gezwitscher,
980 2318 101 69 ein
1118 2316 366 86 Vögelhort,
1521 2316 137 69 und
1692 2317 215 68 weiter
1940 2333 197 51 unten
2173 2316 101 68 ein
2311 2313 247 70 elendes

324 2412 171 70 Dorf
535 2415 118 67 mit
698 2411 324 80 Fischern,
1069 2411 110 70 das
1222 2410 337 85 allerdings
1603 2408 127 85 galt
1773 2439 64 39 es
1881 2407 165 71 noch
2091 2407 194 70 näher
2327 2438 79 39 zu
2452 2406 71 70 be-

326 2507 320 70 leuchten.

408 2601 121 70 Ein
564 2600 258 71 Rachen
854 2627 128 44 war
1014 2598 334 86 bepinselt,
1384 2624 171 43 einer
1587 2595 433 85 Meineidigen
2053 2595 109 70 das
2198 2594 168 70 Knie
2397 2623 123 41 mas-

326 2699 171 78 siert,
533 2697 80 69 da
644 2695 200 71 erhob
874 2694 136 71 sich
1043 2694 226 70 Rönne
1298 2693 138 70 und
1466 2690 235 73 verließ
1731 2692 110 68 das
1872 2707 395 53 ummauerte
2299 2686 262 72 Gehöft.

327 2792 218 70 Davor
571 2791 100 83 lag
695 2788 236 72 weißer
957 2788 266 79 Strand;
1251 2784 223 73 darauf
1499 2786 221 69 blühte
1745 2783 199 71 Hafer
1966 2783 136 70 und
2128 2782 238 80 Distel;
2393 2782 169 68 denn

326 2886 114 68 der
475 2885 299 73 Sommer
806 2910 129 43 war
968 2882 160 70 über
1163 2881 110 70 das
1310 2880 184 69 Meer
1527 2878 376 85 gekommen
1937 2878 120 69 wie
2091 2877 102 69 ein
2229 2873 336 71 Gewitter:

324 2981 115 69 der
465 2980 286 70 Himmel
782 2979 312 71 donnerte
1122 3007 124 40 von
1278 2975 194 70 Bläue
1502 2972 134 71 und
1667 3003 63 40 es
1762 2971 124 86 goß
1916 2971 254 71 Wärme
2196 2970 136 70 und
2360 2968 203 70 Licht.

411 3074 208 70 Unter
648 3073 377 80 Gedanken,
1055 3073 119 69 wie
1201 3070 104 70 die
1333 3069 153 70 freie
1513 3066 160 81 Zeit,
1704 3066 102 70 die
1833 3065 135 71 ihm
1996 3064 161 71 nach
2184 3062 384 84 Erledigung

326 3170 207 69 seiner
582 3167 546 86 Dienstpflichten
1179 3191 113 43 zur
1340 3161 376 86 Verfügung
1765 3160 205 80 stand,
2020 3156 421 84 zweckmäßig
2487 3186 80 39 zu

326 3263 381 70 verwenden
736 3292 110 50 sei,
876 3259 270 74 welches
1173 3258 99 71 ihr
1300 3255 161 72 Sinn
1489 3286 90 41 sei
1607 3286 65 39 in
1702 3253 297 72 Hinsicht
2026 3253 109 70 des
2165 3250 240 71 Staates
2433 3248 134 71 und

326 3357 115 70 der
454 3357 259 81 Person,
742 3356 226 72 schritt
994 3381 67 42 er
1081 3384 135 40 aus.
1241 3352 87 70 Er
1353 3370 234 52 atmete
1613 3348 116 73 tief
1752 3349 103 70 die
1881 3349 172 68 reine
2066 3344 242 71 Seeluft
2326 3346 121 77 ein,
2466 3343 105 70 die

326 3452 434 84 schmächtige
780 3450 192 70 Brust
994 3448 101 72 ihr
1116 3466 308 65 entgegen
1448 3445 294 85 spülend,
1767 3443 146 70 dem
1937 3437 629 76 Gesundheitlichen,

327 3546 112 70 das
482 3578 93 39 sie
604 3542 583 75 bekanntermaßen
1217 3542 147 69 dem
1396 3540 348 71 Wanderer
1773 3539 131 77 bot,
1933 3535 191 84 willig
2153 3531 415 86 hmgegeben.

328 3640 153 71 Eins
510 3640 207 74 fühlte
745 3668 67 43 er
837 3639 135 71 sich
996 3639 117 69 mit
1141 3636 146 70 dem
1319 3633 242 81 Geiste,
1592 3633 113 69 der
1730 3631 109 71 ihn
1867 3630 134 70 hier
2027 3625 378 74 herberufen
2433 3624 139 71 und

327 3736 269 83 gestellt,
625 3737 115 70 der
764 3734 136 71 sich
928 3733 167 70 ohne
1121 3729 294 71 Zaudern
1443 3756 115 42 zur
1583 3724 495 83 Sicherstellung
2104 3722 111 69 der
2241 3733 293 58 vorwärts-

327 3829 329 72 zielenden
684 3827 442 86 bürgerlichen
1151 3823 428 84 Verrichtung
1603 3817 360 81 entschloß;
1989 3817 112 71 der
2125 3816 148 71 dem
2298 3813 274 71 Schutze

327 3922 148 84 galt,
503 3926 106 70 die
633 3925 105 71 die
762 3915 488 78 Öffentlichkeit
1279 3917 148 71 dem
1458 3915 381 72 strebenden
1865 3909 329 74 Bemühen
2224 3907 348 80 schuldete.
