3551 4572
1580 400 289 55 Bernhard
1895 399 302 55 Guttmann
2235 416 22 25 *
2300 397 190 54 Huber
2515 397 118 53 und
2662 397 115 55 Cox

1042 401 118 60 222

1041 610 205 74 falsch
1279 609 240 80 deutet,
1558 603 248 76 worauf
1836 605 54 72 B
1904 654 22 33 3
1957 635 75 42 so
2062 622 361 61 antwortet,
2470 599 130 74 daß
2633 599 163 74 nach
2828 599 339 72 mehreren
3199 631 124 40 un~

1041 706 363 87 ergiebigen
1448 701 536 73 Zwischenreden
2025 699 157 72 aller
2211 696 452 75 Anwesenden
2705 694 63 73 A
2799 696 362 72 verstimmt
3194 726 128 42 von

1041 802 257 73 dannen
1335 798 152 88 geht
1517 797 140 73 und
1689 796 53 71 B
1777 797 175 70 seine
1990 793 259 74 frühere
2293 792 390 88 ungünstige
2714 790 277 72 Ansicht
3024 820 125 42 von

1040 927 136 42 sem
1209 895 235 74 Patron
1479 892 299 87 bestätigt
1811 890 225 72 findet.
2104 890 197 71 Diese
2335 886 366 86 Erfahrung
2732 886 269 74 machen
3038 886 115 71 wir
3185 899 104 73 täg-

1039 991 148 83 lich,
1222 988 292 75 wiewohl
1548 985 434 74 festzustellen
2015 986 102 80 ist,
2163 983 130 73 daß
2338 985 119 74 mit
2499 1009 264 45 unserm
2798 981 264 85 eigenen
3094 979 226 73 Altern

1037 1074 42 91 A
1121 1074 42 91 2
1205 1074 125 91 und
1383 1083 63 72 A
1457 1131 24 34 s
1538 1082 136 72 sich
1747 1080 197 73 stiller
2001 1079 140 73 und
2205 1078 373 72 kleinlauter
2644 1077 255 85 zeigen;
2998 1074 176 72 denn
3231 1077 90 69 sie

1040 1178 419 89 schrumpfen
1514 1206 396 52 zusammen,
1967 1177 62 85 je
2085 1173 480 89 gleichgültiger
2602 1173 116 70 wir
2772 1201 122 42 uns
2950 1169 201 73 selbst
3182 1171 141 72 und

1036 1276 282 72 anderen
1382 1271 363 75 allmählich
1801 1270 282 73 werden.
2170 1268 188 73 Nach
2406 1296 282 56 zwanzig
2737 1265 233 85 Jahren
3022 1266 177 71 einer
3252 1266 68 71 in

1040 1371 208 88 jedem
1283 1369 204 73 Sinne
1517 1367 402 89 glücklichen
1956 1365 139 72 Ehe
2135 1366 251 71 kennen
2420 1364 111 71 Sie
2563 1362 113 71 das
2713 1360 395 72 Innenleben
3144 1360 177 72 Ihrer

1039 1464 227 74 Gattin
1300 1464 170 72 noch
1506 1463 178 71 nicht
1717 1461 214 87 völlig,
1981 1464 230 71 immer
2245 1460 201 71 hören
2485 1456 111 73 Sie
2629 1454 420 89 gelegentlich
3083 1455 239 72 wieder

1037 1563 105 70 ein
1173 1562 206 80 Wort,
1415 1560 113 72 das
1562 1558 112 72 Sie
1707 1557 287 73 bestürzt
2024 1555 236 82 macht,
2314 1557 61 83 ja
2406 1553 247 80 kränkt,
2709 1553 175 70 einer
2917 1550 234 82 Dame,
3205 1549 116 72 der

1037 1656 112 72 Sie
1181 1686 71 42 so
1276 1656 188 86 lange
1488 1654 108 73 Ihr
1620 1654 357 72 Vertrauen
2004 1649 367 87 geschenkt,
2408 1648 181 72 nicht
2613 1677 161 57 ganz
2799 1646 251 86 würdig
3072 1676 84 41 zu
3181 1647 137 70 sein

1036 1751 272 72 scheint.
1380 1748 249 74 Früher
1660 1778 129 43 war
1825 1778 66 40 es
1925 1746 390 79 schlimmer,
2372 1743 109 73 Sie
2516 1741 303 87 glaubten
2852 1738 365 74 manchmal
3252 1741 66 70 in

1039 1849 209 70 einem
1277 1845 371 74 türkischen
1675 1842 199 73 Serail
1906 1873 83 41 zu
2014 1841 241 73 hausen
2281 1839 136 71 und
2442 1837 357 73 erwachten
2824 1836 188 85 jeden
3040 1835 278 86 Morgen

1037 1943 120 71 mit
1190 1943 176 71 einer
1398 1939 244 72 andern
1679 1938 186 71 Frau.
1911 1933 351 74 Ähnliches
2300 1934 106 71 hat
2431 1934 155 70 aber
2606 1930 168 72 auch
2801 1930 145 72 Ihre
2969 1929 348 73 Gemahlin

1036 2035 318 73 erfahren.

1131 2131 342 73 Nachdem
1507 2132 113 69 wir
1652 2128 155 80 also,
1841 2127 172 71 ohne
2045 2124 129 73 daß
2213 2154 66 41 es
2321 2155 124 39 uns
2474 2142 192 52 etwas
2697 2122 263 80 kostete,
2998 2119 318 73 zwischen

1039 2226 227 72 Huber
1295 2225 140 72 und
1469 2223 142 73 Cox
1643 2223 134 72 vier
1817 2251 164 41 neue
2005 2220 206 72 Leute
2234 2249 114 40 aus
2372 2218 114 70 der
2513 2216 169 72 Erde
2709 2213 349 89 gestampft
3085 2215 230 80 haben,

1036 2320 233 74 führen
1307 2348 116 44 wir
1454 2320 177 71 diese
1664 2317 171 75 beim
1868 2315 345 73 Publikum
2250 2344 126 41 ein.
2415 2311 140 72 Der
2589 2342 162 50 eine,
2785 2311 116 71 der
2939 2308 231 73 Huber
3203 2340 76 42 zu-

1035 2416 226 73 nächst
1294 2416 174 73 Platz
1500 2415 218 79 nahm,
1768 2441 127 43 war
1929 2413 103 69 ein
2067 2410 292 81 schöner,
2419 2435 186 59 sogar
2638 2409 100 68 ein
2774 2405 542 72 wunderschöner

1035 2512 231 72 Mann.
1342 2509 89 75 Er
1474 2537 130 46 war
1648 2508 182 72 sechs
1879 2505 145 74 Fuß
2072 2505 187 82 hoch,
2316 2503 196 72 besaß
2556 2503 197 71 volles
2803 2500 270 73 blondes
3119 2499 196 81 Haar,

1034 2607 290 72 mehrere
1357 2603 676 88 Schlägerschmarren
2058 2599 115 73 auf
2205 2599 113 73 der
2344 2598 209 72 Backe
2575 2598 141 72 und
2738 2597 175 80 tiefe,
2947 2594 369 74 strahlende

1035 2701 187 74 blaue
1251 2698 254 88 Augen,
1549 2700 107 71 die
1690 2701 89 68 im
1816 2696 278 72 Gewühl
2128 2695 116 72 der
2277 2692 305 74 Schlacht
2613 2693 127 70 den
2777 2689 206 73 Feind
3015 2691 122 71 wie
3168 2720 111 41 sen-

1034 2796 240 88 gender
1308 2795 182 74 Stahl
1524 2795 350 72 anblitzten
1909 2791 138 72 und
2081 2790 168 72 doch
2286 2820 72 41 so
2390 2786 352 74 unendlich
2768 2786 162 72 mild
2961 2785 139 72 und
3133 2786 179 85 gütig

1037 2891 249 73 blicken
1312 2891 307 79 konnten,
1642 2919 188 41 wenn
1854 2885 372 74 Edelhuber
2362 2914 71 41 so
2461 2881 150 74 hieß
2636 2910 68 44 er
2735 2880 139 72 und
2899 2908 127 44 war
3050 2883 228 69 wissen-

1032 2983 408 75 schaftlicher
1473 2983 384 74 Hilfslehrer
1890 3012 81 42 an
2005 2982 116 69 der
2152 2977 534 74 Oberrealschule
2718 3006 82 42 zu
2826 2974 383 74 Kaltenleba

1036 3084 64 68 in
1133 3100 279 54 trautem
1450 3079 227 71 Kreise
1712 3081 65 68 in
1812 3079 104 70 ein
1948 3096 215 52 treues
2196 3074 246 73 Antlitz
2467 3072 285 73 schaute.
2799 3072 143 71 Ihm
2969 3070 196 87 völlig
3190 3100 84 43 un-

1032 3175 258 73 ähnlich
1323 3203 130 44 war
1487 3176 103 70 ein
1624 3172 287 81 anderer,
1949 3168 295 75 ziemlich
2279 3168 239 73 kleiner
2545 3167 138 72 und
2710 3166 286 72 schlecht
3022 3164 252 87 gewach-

1031 3299 184 46 sener
1250 3270 299 80 Mensch,
1586 3270 118 70 mit
1737 3297 80 41 zu
1845 3267 260 73 kurzem
2133 3264 253 72 dickem
2413 3262 218 82 Halse,
2673 3261 339 75 krummen
3047 3260 265 80 Beinen,

1031 3365 441 76 abstehenden
1528 3364 226 74 Ohren
1808 3361 140 73 und
2004 3360 427 80 Platschnase,
2498 3358 113 72 auf
2660 3358 115 72 der
2828 3359 145 70 eine
3021 3354 292 73 häßliche

1031 3462 194 73 Brille
1269 3460 138 74 saß.
1507 3458 197 73 Seine
1751 3457 332 83 Kleidung
2130 3485 127 43 war
2302 3454 264 84 schäbig
2611 3451 140 73 und
2793 3451 345 80 unsauber,
3205 3479 107 42 am

1031 3557 216 74 Rocke
1281 3556 243 72 fehlten
1573 3554 135 74 ihm
1755 3552 293 72 mehrere
2085 3549 285 88 Knöpfe,
2428 3551 105 69 die
2568 3547 225 72 Hosen
2824 3575 214 44 waren
3072 3544 201 74 durch-

1031 3652 330 88 gestoßen.
1479 3647 445 76 Duckmauski
1986 3674 130 45 war
2185 3647 115 71 der
2376 3643 210 73 Name
2654 3643 113 71 des
2836 3641 475 73 Individuums.

1031 3747 271 74 Weiter!
1383 3745 329 74 Zunächst
1747 3742 144 74 Cox
1915 3760 203 55 setzte
2149 3741 158 81 sich,
2338 3740 128 72 den
2503 3737 361 74 Seidenhut
2894 3739 65 69 in
2996 3733 315 74 vornehm

1031 3843 427 86 nachlässiger
1490 3841 217 71 Weise
1736 3869 152 43 zum
1925 3835 231 74 Gruße
2179 3832 394 83 berührend,
2610 3832 259 87 jemand
2898 3831 133 81 hin,
3069 3832 66 70 in
3160 3830 151 72 dem

1031 3968 150 43 man
1216 3937 174 71 beim
1416 3956 212 52 ersten
1653 3932 281 73 Anblick
1968 3932 126 71 den
2114 3929 406 72 vollendeten
2551 3926 391 74 Gentleman
2984 3925 327 73 erkannte.
