3293 4572
1010 378 260 61 Gottfried
1296 380 156 55 Benn
1491 405 19 21 *
1548 385 110 52 Die
1683 386 148 52 Insel

2409 389 108 56 245

298 582 328 72 charakter
649 583 111 69 des
787 580 277 72 Gefühls
1089 613 80 38 zu
1193 582 124 70 den
1341 583 518 89 Empfindungen
1883 588 281 82 erkannt,
2189 591 123 70 den
2336 591 188 71 ihnen

297 677 438 73 zustehenden
778 675 357 87 generellen
1176 676 175 71 Wert
1390 679 112 71 der
1539 680 277 72 Abwehr
1854 684 110 70 des
2005 682 417 73 Schädlichen
2462 687 64 68 in

298 802 288 57 genauen
628 770 267 72 Kurven
934 769 350 87 festgelegt,
1323 771 103 71 die
1460 774 434 72 Ablesbarkeit
1930 778 113 69 der
2077 776 450 71 individuellen

298 865 419 73 Differenzen
759 893 130 43 war
932 865 341 71 vollendet.
1338 867 126 71 Die
1505 868 619 76 Erkenntnistheorie
2165 869 221 72 schloß
2427 872 99 78 ab,

298 963 119 69 mit
444 961 114 71 der
583 959 420 85 Erneuerung
1027 959 504 85 Berkeleyischer
1558 962 188 72 Ideen
1774 966 203 68 einem
2002 964 526 85 Panpsychismus

298 1086 150 41 zum
486 1055 434 71 Durchbruch
956 1085 80 39 zu
1074 1053 342 82 verhelfen,
1452 1056 111 70 der
1597 1058 145 70 dem
1776 1058 380 71 Wirklichen
2193 1060 122 69 den
2353 1058 179 84 Rang

301 1150 478 71 kondensierter
814 1147 280 87 Begriffe
1130 1150 65 68 in
1232 1148 111 70 der
1378 1150 373 86 Bedeutung
1785 1151 478 85 geschlechtlich
2302 1152 188 70 beson-

301 1246 144 70 ders
500 1245 295 70 betonter
851 1242 279 72 Umwelt
1182 1273 146 39 zum
1381 1242 261 73 Zwecke
1693 1246 341 84 bequemer
2084 1245 448 84 Arterhaltung

302 1371 81 39 zu
386 1342 172 68 wies.

386 1433 160 70 Dies
583 1432 151 71 alles
771 1432 114 85 gilt
922 1430 89 72 als
1047 1430 426 86 ausgemacht,
1510 1451 170 66 sagte
1714 1432 133 71 sich
1884 1432 243 71 Rönne.
2187 1432 153 70 Dies
2375 1430 158 72 wird

303 1529 118 70 seit
454 1526 412 85 Jahrfünften
899 1526 242 85 gelehrt
1172 1524 136 72 und
1341 1524 509 87 hingenommen.
1905 1526 119 71 Wo
2053 1526 148 70 aber
2231 1524 169 70 blieb
2432 1524 103 69 die

301 1621 715 84 Auseinandersetzung
1049 1618 331 72 innerhalb
1414 1622 202 68 seiner
1649 1620 212 80 selbst,
1894 1650 98 40 wo
2025 1618 151 74 fand
2208 1618 102 70 die
2341 1636 148 52 statt
2502 1623 30 64 ?

306 1717 109 70 Ihr
442 1716 363 80 Ausdruck,
838 1716 112 70 das
981 1714 432 86 Sprachliche,
1444 1744 99 39 wo
1572 1714 244 83 vollzog
1842 1714 134 69 sich
2004 1714 155 69 das?

390 1811 209 70 Unter
632 1810 295 71 Grübeln
958 1828 124 52 trat
1112 1837 69 43 er
1211 1837 113 43 vor
1356 1810 102 67 ein
1492 1806 155 71 Feld
1677 1809 117 68 mit
1826 1809 203 68 einem
2062 1806 222 79 Mann,
2316 1805 122 70 den
2471 1832 66 42 er

309 1937 115 40 aus
453 1907 114 70 der
591 1905 257 72 Anstalt
875 1907 504 82 mitgenommen
1409 1903 173 70 hatte
1599 1933 14 40 :

391 1999 278 83 „Mohn,
712 1999 197 87 pralle
951 1998 192 71 Form
1185 1999 111 70 des
1338 1994 393 83 Sommers“,
1774 1994 117 71 rief
1930 2022 85 54 er,
2060 1990 478 84 „Nabelhafter:

307 2093 460 87 Gruppierend
810 2092 373 85 Bauchiges,
1229 2091 309 85 Dynamit
1581 2091 112 68 des
1736 2088 401 70 Dualismus:
2181 2086 155 68 Hier
2378 2083 163 71 steht

306 2191 115 69 der
452 2189 491 80 Farbenblinde,
974 2187 104 70 die
1107 2185 429 71 Röte-Nacht.
1591 2184 121 80 Ha,
1742 2214 118 39 wie
1889 2182 110 70 Du
2029 2180 348 71 hmkhrrst!
2438 2176 102 71 Ins

309 2284 159 70 Feld
517 2297 299 72 gestürzt,
867 2281 111 70 Du
1025 2279 482 86 Ausgezackter,
1559 2278 432 78 Reiz-Felsen,
2042 2305 95 40 ms
2189 2272 202 70 Kraut
2437 2300 70 54 ge-

308 2379 399 79 schwemmt,
854 2377 137 69 und
1023 2375 120 70 alle
1173 2388 222 57 süssen
1431 2373 291 84 Mittage,
1757 2371 82 70 da
1869 2401 170 39 mein
2071 2368 183 84 Auge
2284 2364 110 72 auf
2425 2364 118 70 Dir

308 2472 228 71 schlief
699 2473 187 70 letzte
941 2471 164 71 stille
1157 2468 274 80 Schlafe,
1486 2487 209 50 treuer
1737 2465 292 70 Stunden
2192 2462 103 70 An
2339 2459 206 70 Deine

309 2568 220 70 Narbe
577 2567 470 78 Blauschatten,
1098 2595 79 39 an
1228 2563 208 70 Deine
1487 2559 367 87 Flatterglut
1902 2557 273 86 gelehnt,
2225 2567 317 72 gewärmt,

309 2676 326 71 getröstet,
668 2660 437 85 hmgesunken
1134 2688 80 39 an
1244 2657 208 69 Deine
1484 2655 230 70 Feuer:
1745 2652 406 87 angeblüht!:
2180 2679 134 40 nun
2343 2646 203 70 dieser

311 2756 208 70 Mann
555 2787 101 39 —:
689 2755 164 70 auch
878 2754 143 70 Du!
1066 2751 186 71 Auch
1279 2750 140 70 Du!
1454 2749 195 70 —An
1673 2750 253 67 meinen
1952 2745 264 71 Randen
2240 2740 305 86 spielend,

312 2882 65 39 m
419 2850 536 79 Sommersweite,
997 2846 78 72 all
1117 2877 170 39 mein
1329 2843 413 86 Gegengiück
1779 2841 137 70 und
1954 2869 165 40 nun:
2157 2867 99 40 wo
2296 2836 110 70 bin
2446 2834 101 68 ich

313 2946 266 71 nicht?“

395 3041 122 70 Wo
552 3041 111 70 bin
690 3040 103 72 ich
826 3038 199 79 nicht,
1061 3036 228 72 dachte
1313 3061 67 43 er
1412 3033 136 70 und
1572 3031 250 72 wandte
1846 3028 134 71 sich
2005 3029 65 69 in
2096 3028 112 70 der
2235 3023 317 85 Richtung

312 3135 164 70 nach
511 3136 113 70 der
655 3133 274 79 Anstalt,
965 3131 137 71 und
1131 3160 101 41 wo
1263 3130 137 68 tritt
1433 3128 110 70 das
1577 3125 284 85 Ereignis
1894 3123 176 70 nicht
2103 3123 63 68 in
2201 3121 107 70 das
2344 3117 165 85 Gege-

315 3230 208 70 bene?
593 3229 104 70 Da
739 3247 202 50 unten
985 3225 147 70 sind
1176 3222 303 72 Zimmer.
1545 3220 103 70 An
1694 3217 279 71 Tischen
2018 3217 194 69 sitzen
2259 3212 290 79 Männer,

313 3324 386 70 Direktoren
762 3323 137 70 und
960 3321 279 78 Beamte,
1303 3316 313 71 zwischen
1679 3310 495 74 Denkanstößen
2235 3307 147 86 geht
2442 3306 110 69 der

316 3418 439 70 Zahnstocher
800 3417 111 70 hm
955 3414 137 70 und
1136 3414 134 69 her.

396 3513 136 70 Aus
580 3512 404 85 Ereignissen
1031 3508 112 71 des
1188 3504 315 88 täglichen
1552 3504 269 69 Daseins
1868 3499 133 71 und
2047 3494 507 74 Rennberichten

316 3607 189 84 spielt
547 3608 116 70 der
703 3603 377 89 psychische
1126 3600 321 85 Komplex
1488 3597 136 71 sich
1666 3597 101 70 ab.
1833 3593 83 71 Es
1957 3611 136 52 tritt
2133 3589 109 72 auf
2283 3589 108 69 das
2435 3588 80 67 Be-

320 3701 395 80 fremdende,
764 3702 112 69 das
920 3695 494 80 Abweichende,
1463 3724 58 53 ja
1569 3692 97 70 bis
1713 3720 146 41 zum
1906 3682 651 88 Widersprechenden

317 3796 169 70 stellt
509 3828 65 40 es
598 3796 136 72 sich
758 3827 123 39 ein.
925 3789 464 86 Wachgerufen
1411 3788 162 71 wird
1593 3818 67 38 in
1682 3786 125 70 den
1828 3776 731 78 Bewußtseinsabläufen

317 3890 112 72 das
472 3892 370 77 Bestreben,
884 3888 111 71 das
1033 3883 388 86 Ungeklärte
1459 3913 81 40 zu
1582 3880 354 78 entwirren,
1980 3876 109 70 das
2131 3870 431 75 Zweifelhafte
