3482 4457
1704 171 97 56 348

141 314 92 54 sich
254 314 94 52 dies
371 317 148 49 weitet
552 315 311 53 entwickeln?
899 317 135 51 Wird
1067 317 99 52 eine
1194 322 184 65 spätere
1408 317 99 51 Zeit
1538 334 56 34 an
1625 317 88 51 den

138 398 248 69 Aufgaben
415 401 239 49 festhalten
680 401 92 49 und
801 401 159 49 besser
988 401 115 50 dazu
1130 408 293 60 ausgerüstet
1449 401 127 49 sein?
1609 401 105 50 Wir

141 483 199 67 glauben
373 484 94 50 dies
499 484 136 50 nicht.
668 486 133 48 Denn
830 486 276 50 Geschichte
1133 486 88 50 und
1246 486 227 49 Vernunft
1498 484 216 50 belehren

145 586 99 41 uns,
287 567 104 49 dass
434 567 84 49 alle
547 567 329 70 Entwicklung
923 569 144 51 durch
1112 577 440 58 entgegengesetzte
1582 569 106 49 Strö-

143 667 198 48 mungen
377 667 53 32 zu
466 651 174 49 Stande
674 652 192 50 kommt.
898 655 116 49 Jene
1045 653 216 50 Tendenz
1295 671 102 31 zum
1426 651 290 59 Erhabenen,

142 733 81 50 wir
269 733 141 50 sehen
451 735 66 50 sie
556 735 117 67 jetzt
721 737 166 50 haltlos
932 737 394 58 überschäumen;
1374 736 71 51 die
1487 736 99 51 Zeit
1633 754 83 31 zur

142 816 248 51 Rückkehr
430 817 57 51 ist
529 820 70 50 da.
659 821 57 49 Je
749 820 128 50 mehr
920 820 69 49 ich
1025 820 198 50 darüber
1254 818 282 59 nachdenke,
1583 820 133 49 desto

141 900 131 50 mehr
312 900 220 69 befestigt
576 903 93 50 sich
716 903 84 50 mir
840 903 70 49 die
951 902 386 67 Ueberzeugung,
1380 903 104 49 dass
1528 903 73 49 für
1642 903 71 50 die

142 983 274 60 Krankheit,
462 1004 56 33 an
562 986 82 51 der
674 987 80 50 das
786 987 312 50 musicalische
1131 987 157 50 Leben
1321 987 81 49 der
1435 986 281 66 Gegenwart

142 1066 155 62 leidet,
341 1067 79 52 das
451 1069 241 50 Publicum
739 1070 142 49 selbst
927 1071 122 50 nicht
1094 1088 379 49 ausgenommen,
1517 1088 88 31 nur
1647 1070 70 49 die

143 1152 253 51 Rückkehr
425 1171 81 31 zur
537 1154 203 50 heiteren
769 1155 207 66 Gattung
1009 1155 79 48 das
1122 1155 247 49 Heilmitlei
1403 1155 71 48 ist.
1506 1155 84 48 Die
1615 1155 76 49 Fie-

145 1236 410 51 ber-Phantasieen
590 1255 190 32 unserer
800 1237 540 68 productionssüchtigen
1360 1237 220 50 Künstler
1610 1237 81 50 dür-

147 1320 71 50 fen
249 1320 123 50 nicht
400 1320 159 67 langer
586 1320 144 51 durch
755 1321 72 50 die
849 1323 235 66 einseitige
1107 1323 311 64 Gewöhnung
1451 1340 55 31 an
1538 1321 70 50 die
1639 1321 58 50 lei-

147 1403 431 50 denschaftlichsten
608 1404 334 51 dramatischen
960 1406 287 65 Gegensätze
1272 1405 198 66 genährt
1502 1404 215 60 werden;

146 1504 48 33 es
226 1504 126 33 muss
385 1486 71 51 ein
487 1488 195 50 anderes
713 1490 214 48 Element
959 1489 382 51 hineinkommen.

272 1569 110 52 Wir
415 1570 171 52 kehren
619 1591 105 30 zum
748 1573 115 49 Kadi
898 1574 184 48 zurück.
1119 1574 104 51 Wir
1256 1573 273 67 begrüssten
1561 1577 130 47 natür-

147 1654 88 50 lich
277 1654 81 50 mit
410 1655 184 50 Freude
641 1655 79 50 das
763 1657 283 49 Erscheinen
1092 1657 122 48 einer
1260 1674 100 31 neu<
1380 1674 27 31 n
1454 1657 262 49 komischen

148 1739 157 67 Oper;
350 1738 93 49 und
477 1757 134 32 wenn
644 1740 81 49 wir
755 1740 115 49 auch
901 1740 272 66 gewünscht
1197 1740 173 56 hätten,
1416 1740 81 49 der
1528 1740 188 49 Dichter

148 1822 94 50 und
273 1820 82 51 der
387 1822 269 68 Componist
688 1824 156 48 hätten
881 1842 84 30 uns
998 1832 142 40 etwas
1171 1823 367 51 Werthvolleres
1572 1824 114 65 gebo-

148 1913 97 52 ten,
277 1922 50 32 so
362 1904 180 51 können
573 1905 80 50 wir
684 1905 116 50 doch
833 1907 123 48 nicht
988 1923 51 33 so
1070 1905 313 68 absprechend
1408 1905 200 50 darüber
1639 1925 50 30 ur-

148 1989 184 59 theilen,
371 1988 83 50 wie
486 1988 69 51 ein
581 1988 131 51 Theil
739 1989 81 51 der
852 1989 199 68 hiesigen
1075 1992 190 56 Presse;
1298 1991 270 48 namentlich
1602 1991 83 49 kön-

146 2090 89 34 nen
269 2072 83 49 wir
382 2073 80 48 auf
486 2072 87 51 den
606 2073 180 67 Mangel
819 2091 54 32 an
899 2073 338 51 musicalischer
1270 2073 293 67 Originalität
1594 2073 123 50 nicht

147 2157 133 49 einen
311 2175 52 31 so
396 2173 193 50 grossen
623 2157 170 52 Werth
828 2158 147 66 legen,
1020 2158 63 48 als
1127 2157 147 66 einige
1314 2158 170 65 hiesige
1517 2157 200 49 Kritiker

148 2257 49 32 es
228 2239 172 68 gethan
429 2238 163 51 haben.
623 2241 64 49 Es
717 2241 57 49 ist
807 2242 144 57 wahr,
981 2239 310 51 musicalische
1313 2239 403 68 Erfindungskraft

147 2323 61 51 im
254 2331 264 60 strengsten
565 2323 141 51 Sinne
752 2326 78 49 des
879 2325 53 52 W
932 2326 13 18 r
951 2333 123 42 ortes
1121 2323 164 51 besitzt
1328 2326 203 48 Thomas
1576 2325 137 50 nicht.

150 2405 127 52 Aber
306 2424 87 33 nur
429 2407 234 66 Wenigen
697 2407 57 50 ist
795 2407 124 51 diese
960 2408 134 59 hohe,
1130 2407 251 50 wahrhafte
1412 2407 277 66 Erfindungs-

152 2491 117 49 kraft
289 2490 261 68 überhaupt
570 2488 291 54 beschieden.
893 2492 61 48 Es
987 2491 100 69 gibt
1117 2491 228 51 zwischen
1365 2491 352 66 Gestaltungen,

152 2572 70 51 die
256 2575 102 48 dem
392 2573 102 50 Ohr
523 2575 146 51 sofort
701 2575 65 51 als
797 2573 256 69 unbedingt
1083 2593 90 33 neu
1205 2575 283 58 erscheinen,
1516 2576 92 48 und
1639 2573 52 50 de-

150 2675 108 42 nen,
292 2657 70 50 die
393 2656 205 52 offenbar
623 2659 207 50 entlehnt
860 2659 115 58 sind,
1009 2659 99 49 eine
1134 2659 272 50 unendliche
1430 2657 174 51 Anzahl
1632 2676 85 31 von

148 2742 320 58 Mittelstufen,
514 2742 86 58 die,
647 2760 134 32 wenn
823 2744 114 48 auch
983 2760 85 32 nur
1110 2744 70 49 ein
1210 2742 330 51 beschränktes
1572 2742 148 50 Recht

150 2825 83 49 der
256 2825 236 58 Existenz,
526 2825 115 49 doch
675 2825 160 49 immer
867 2826 71 50 ein
970 2826 146 50 Recht
1147 2826 162 50 darauf
1336 2825 161 49 haben.
1559 2826 160 48 Dieser

148 2909 351 66 Mittelgattung
532 2910 159 48 würde
733 2910 82 48 der
847 2910 115 48 Kadi
1004 2910 42 48 in
1084 2909 154 66 jedem
1271 2909 123 49 Falle
1440 2908 278 67 angehören.

147 2994 108 49 Man
288 2993 149 50 findet
456 2993 244 66 Anklänge
730 3012 55 30 an
811 2994 181 48 Rossini
1025 2993 176 50 sowohl
1234 2993 64 48 als
1328 3010 55 31 an
1403 2991 175 57 Auber,
1610 2991 109 50 aber

150 3076 115 51 doch
312 3076 73 50 nie
430 3075 99 50 eine
575 3076 246 50 sclavische
863 3076 364 65 Nachahmung;
1272 3076 201 49 Thomas
1512 3074 207 51 schliesst

147 3160 93 51 sich
287 3160 175 48 älteren
510 3159 290 67 Richtungen
847 3178 71 38 an,
980 3159 111 49 aber
1150 3159 79 51 mit
1290 3158 426 66 selbstständigem,

148 3243 305 51 künstlerisch
496 3243 333 66 gestaltendem
863 3243 169 51 Geiste.
1089 3243 127 49 Noch
1265 3244 153 48 mehr:
1467 3243 120 48 diese
1634 3242 55 49 Mi-

148 3328 178 66 schung
353 3328 80 48 des
451 3327 359 49 Französischen
838 3328 89 48 und
954 3327 330 59 Italiänischen,
1310 3327 70 48 die
1407 3327 85 49 wir
1524 3343 49 32 so
1600 3325 116 50 eben

148 3410 284 68 angedeutet
463 3408 165 60 haben,
660 3409 169 66 gehört
860 3409 80 48 der
970 3409 279 66 Gegenwart
1279 3409 64 50 als
1374 3417 143 42 etwas
1548 3409 139 65 Eigen-

150 3494 274 50 tümliches
454 3512 83 41 an;
583 3492 92 51 und
708 3494 171 65 gerade
909 3494 177 57 darum,
1130 3493 100 51 weil
1262 3493 201 48 Thomas
1512 3509 55 31 an
1611 3493 105 48 sehr

151 3577 326 49 verschiedene
510 3577 242 48 Elemente
782 3576 218 55 erinnert,
1047 3576 70 49 die
1154 3593 50 32 er
1234 3576 42 48 in
1309 3576 94 49 sich
1435 3593 56 31 zu
1528 3576 162 48 vereini-

151 3678 89 50 gen
270 3659 191 51 bemüht
491 3659 75 60 ist,
598 3658 91 51 und
722 3659 99 50 weil
856 3676 47 33 es
934 3658 91 50 ihm
1045 3658 203 66 zugleich
1272 3658 187 66 gelingt,
1489 3659 69 49 ein
1592 3658 90 48 Gan-

151 3763 75 32 zes
260 3744 166 50 daraus
458 3760 54 33 zu
545 3742 167 61 bilden,
752 3742 76 51 hat
860 3760 50 33 er
941 3742 142 51 schon
1116 3742 88 49 den
1233 3741 244 68 Anspruch
1507 3741 79 49 auf
1614 3741 99 50 eine

150 3828 215 69 gewisse,
414 3843 134 34 wenn
589 3827 116 50 auch
736 3845 89 32 nur
856 3824 409 69 untergeordnete,
1296 3824 306 66 Originalität.
1651 3826 63 48 Es

148 3915 181 48 kommt
359 3910 177 52 endlich
566 3911 120 49 noch
717 3911 70 48 ein
819 3912 207 50 Moment
1059 3911 149 49 hinzu.
1239 3908 120 50 Sehr
1392 3907 119 50 reich
1544 3908 55 49 ist
1630 3908 80 49 der

147 3997 118 50 Kadi
298 4015 55 32 an
388 3993 301 71 parodischen
717 3995 391 66 Gesangstücken,
1155 3993 73 50 die
1254 4009 149 50 gegen
1436 3991 71 49 die
1539 3990 143 50 Ueber-

148 4081 276 69 treibungen
449 4080 80 48 der
548 4095 193 51 grossen
767 4078 128 68 Oper
914 4078 224 66 gerichtet
1166 4077 124 59 sind;
1323 4077 69 50 ein
1427 4075 254 67 eigentüm-

148 4166 83 48 lich
265 4162 332 55 sarkastischer
627 4164 103 64 Zug
777 4162 150 51 macht
973 4161 109 62 sich,
1127 4179 133 34 wenn
1305 4178 103 33 man
1440 4158 142 53 näher
1613 4158 72 51 hin-

1808 315 131 60 sieht,
1971 315 89 51 fast
2091 317 42 49 in
2157 315 157 68 jedem
2342 317 141 49 Tacle
2514 315 80 51 der
2627 314 130 70 Oper
2790 314 199 67 gellend.
3035 317 108 49 Dies
3176 317 56 51 ist
3264 336 113 49 ganz

1811 399 189 51 modern
2022 399 91 51 und
2137 401 211 50 überdies
2366 401 272 66 vollständig
2657 401 270 66 zeitgemäss
2951 401 41 49 in
3016 401 145 49 einem
3189 403 158 65 Augen-

1809 483 161 58 blicke,
2001 502 74 32 wo
2108 483 82 50 der
2221 495 154 40 ernste
2406 486 83 49 Stil
2523 486 69 48 die
2624 484 213 50 Gränzen
2870 484 80 50 des
2980 484 214 50 Schönen
3240 484 111 52 über-

1809 568 241 59 schreitet;
2081 585 49 33 es
2161 568 56 50 ist
2253 568 78 50 das
2367 568 302 67 Uebergehen
2702 568 82 50 der
2815 568 223 50 Extreme
3071 568 40 50 in
3144 568 234 60 einander,

1811 652 78 50 das
1931 652 93 50 sich
2057 670 80 32 vor
2179 670 199 32 unseren
2411 655 168 63 Augen
2627 652 315 50 verwirklicht.
3001 653 104 50 Nun
3152 653 75 49 hat
3275 671 103 33 man

1812 752 123 33 zwar
1967 754 85 31 von
2079 735 47 67 je
2157 735 83 49 her
2267 736 313 51 musicalische
2613 737 249 50 Parodieen
2895 735 183 67 gehabt,
3111 736 112 49 aber
3255 737 123 50 nicht

1811 818 44 50 in
1887 836 51 33 so
1971 818 339 66 ausgedehnter
2342 820 356 49 künstlerischer
2733 822 151 50 Form.
2916 821 81 48 Die
3029 821 269 58 Nummern,
3333 821 44 49 in

1812 902 147 51 denen
1991 903 150 50 dieser
2170 905 103 64 Zug
2319 903 81 50 der
2429 903 150 51 Ironie
2625 921 70 32 am
2743 905 302 49 deutlichsten
3093 905 285 58 hervortritt,

1812 986 161 51 fanden
2009 987 85 50 den
2127 987 190 50 meisten
2349 987 154 49 Beifall
2536 987 118 51 beim
2679 987 240 51 Publicum
2954 989 91 49 und
3079 989 187 49 werden
3298 989 79 50 das

1816 1070 147 51 Werk
1999 1071 118 50 wohl
2156 1070 116 51 noch
2307 1071 146 66 einige
2483 1071 100 50 Zeit
2611 1071 81 50 auf
2719 1071 103 50 dem
2853 1072 272 68 Repertoire
3156 1071 221 52 erhalten.

1811 1155 51 47 In
1893 1154 135 49 ihnen
2060 1154 110 49 ruht
2201 1155 113 49 auch
2348 1154 72 50 die
2451 1154 385 67 eigentümliche
2853 1156 277 66 Bedeutung
3162 1155 80 51 des
3261 1156 116 51 Kadi

1812 1237 352 66 vorzugsweise.
2226 1239 131 49 Sieht
2397 1255 105 33 man
2531 1240 81 48 auf
2653 1239 79 49 das
2765 1240 248 50 äusserlich
3045 1240 330 60 Musicalische,

1812 1320 79 50 auf
1912 1321 272 56 Melodieen,
2217 1323 328 57 Harmonieen,
2578 1321 278 69 Rhythmen,
2902 1340 50 32 so
2996 1324 111 48 wird
3152 1342 104 31 man
3286 1324 69 51 nir-

1812 1404 144 66 gends
1987 1405 145 50 durch
2155 1405 197 50 Neuheit
2378 1405 285 59 überrascht,
2696 1406 90 49 und
2820 1405 115 51 doch
2968 1406 57 50 ist
3057 1406 42 50 in
3125 1408 102 49 dem
3255 1409 90 49 Gan-

1811 1504 84 33 zen
1929 1488 70 49 ein
2032 1505 143 33 neuer
2203 1488 142 58 Geist,
2394 1505 134 33 wenn
2575 1489 113 49 auch
2737 1489 221 49 vielleicht
3003 1508 88 32 nur
3133 1490 79 50 das
3253 1499 125 43 erste

1815 1570 304 51 Aufleuchten
2152 1570 259 59 desselben,
2458 1573 79 48 das
2570 1573 41 48 in
2641 1573 82 49 der
2753 1573 202 48 Zukunft
2989 1591 54 31 zu
3077 1573 124 49 einer
3232 1573 115 51 helle-

1812 1671 80 31 ren
1911 1655 202 50 Flamme
2132 1655 90 50 sich
2244 1673 54 32 zu
2316 1654 272 51 entwickeln
2610 1657 88 48 hat.
2733 1655 61 50 Es
2827 1655 77 50 hat
2935 1673 85 32 uns
3052 1655 146 51 dieses
3218 1658 152 52 Werk

1812 1739 81 47 auf
1910 1739 77 48 das
2013 1739 128 50 Neue
2166 1740 42 49 in
2234 1740 80 49 der
2335 1739 189 50 Ansicht
2547 1738 224 54 bestärkt,
2799 1739 103 50 dass
2932 1740 116 50 auch
3082 1740 99 50 eine
3204 1742 142 66 gründ-

1812 1820 111 50 liche
1957 1822 161 58 Kritik,
2164 1823 70 48 die
2277 1822 126 49 ihren
2437 1823 293 65 Gegenstand
2775 1823 280 49 anatomisch
3087 1823 288 67 zergliedert,

1812 1903 83 49 der
1925 1905 170 49 Gefahr
2127 1907 79 48 des
2239 1905 226 51 Irrthums
2497 1913 262 57 ausgesetzt
2795 1905 80 59 ist;
2922 1905 114 50 über
3068 1908 86 48 den
3185 1907 190 51 Theilen

1812 1988 182 50 verliert
2025 1989 65 50 sie
2122 1989 77 50 das
2234 1991 166 49 Ganze.
2434 1991 201 48 Thomas
2668 1991 55 48 ist
2751 1988 125 51 nicht
2907 2007 52 33 so
2992 1991 151 66 wenig
3171 1991 206 67 originel,

1811 2071 65 49 als
1921 2090 50 31 es
2018 2072 79 48 der
2140 2073 299 66 zerlegenden
2470 2073 145 50 Kritik
2663 2072 212 51 scheinen
2921 2091 132 48 mag;
3096 2073 112 51 aber
3251 2074 126 51 seine

1812 2154 460 68 Eigentümlichkeit
2304 2156 182 50 besieht
2527 2175 88 31 nur
2657 2157 141 56 darin,
2843 2157 103 49 dass
2992 2176 49 30 er
3086 2158 292 51 vorhandene

1811 2238 240 52 Elemente
2083 2239 43 50 in
2157 2241 100 51 eine
2290 2257 116 33 neue
2434 2241 210 65 Stellung
2676 2259 54 31 zu
2762 2241 216 49 einander
3011 2241 166 66 bringt.
3218 2241 128 67 Abge-

1812 2321 140 51 sehen
2000 2340 85 33 von
2140 2322 147 51 dieser
2329 2323 457 66 Originalitätsfrage,
2834 2323 188 50 werden
3066 2323 143 51 selbst
3252 2325 125 49 seine

1812 2406 184 66 Gegner
2028 2406 208 67 zugeben
2268 2412 202 51 müssen,
2511 2408 102 49 dass
2657 2407 123 50 seine
2808 2407 150 50 Musik
3007 2408 252 66 durchweg
3290 2426 87 33 von

1813 2490 145 49 einem
1991 2488 260 69 gebildeten
2284 2491 285 49 Geschmack
2616 2492 90 48 und
2749 2491 125 49 einer
2907 2491 161 51 höchst
3100 2491 277 67 gewandten

1812 2572 201 50 Technik
2048 2573 222 67 Zeugniss
2302 2573 169 67 ablegt.
2512 2573 86 50 Die
2629 2575 313 49 Musikslücke
2974 2584 149 40 treten
3157 2575 95 49 klar
3283 2575 94 51 und

1813 2655 287 66 abgerundet
2133 2657 181 57 hervor,
2348 2657 171 50 überall
2552 2657 58 50 ist
2640 2659 69 48 ein
2742 2657 353 51 wohltuendes
3116 2659 153 49 Maass
3297 2675 52 51 ge-

1815 2740 176 57 halten;
2038 2742 70 47 die
2140 2741 299 66 Behandlung
2481 2741 82 50 der
2593 2741 326 66 Singstimmen
2963 2742 92 50 und
3087 2742 79 50 des
3198 2742 148 50 Orche-

1816 2831 117 42 sters
1977 2825 56 47 ist
2075 2824 113 49 eben
2221 2843 51 30 so
2305 2825 84 48 fein
2422 2825 63 48 als
2517 2829 334 62 nalurgcmäss.
2914 2826 122 51 Wer
3067 2825 68 49 ein
3168 2843 51 31 so
3250 2825 105 49 treff-

1820 2906 137 50 liches
1989 2906 283 50 Musikstück
2304 2925 54 32 zu
2391 2908 238 49 schreiben
2660 2925 204 49 vermag,
2911 2908 83 48 wie
3036 2908 70 49 die
3135 2908 216 49 Introduc-

1820 2989 92 49 tion
1948 2990 79 48 der
2060 2990 128 66 Oper
2230 3008 47 30 es
2323 2990 68 58 ist,
2439 2990 171 50 könnte
2638 2991 119 50 wohl
2790 2991 142 49 schon
2964 2990 160 50 darum
3161 2991 89 50 den
3279 2993 64 48 An-

1817 3074 168 65 spruch
2018 3073 216 58 erheben,
2278 3092 85 31 von
2406 3075 82 47 der
2519 3075 166 48 Presse
2728 3075 78 48 mit
2848 3074 171 66 einiger
3049 3075 217 67 Achtung
3297 3074 52 52 be-

1820 3156 181 49 handelt
2033 3174 55 31 zu
2123 3158 198 48 werden.
2368 3156 144 51 Dabei
2545 3158 96 48 sind
2676 3175 83 32 uns
2791 3165 120 42 trotz
2942 3156 79 50 des
3054 3158 321 67 possenhaften

1818 3240 91 47 und
1953 3239 70 48 lür
2067 3239 69 48 ein
2180 3240 244 50 deutsches
2474 3239 235 51 Publicum
2754 3239 117 51 doch
2916 3240 123 51 nicht
3085 3240 290 52 hinreichend

1817 3322 262 49 komischen
2112 3323 171 49 Textes
2317 3324 206 50 dennoch
2573 3323 127 49 keine
2730 3325 189 65 Längen
2951 3324 296 65 aufgefallen;
3294 3325 83 49 wir

1817 3407 220 64 gestehen
2069 3407 255 67 aufrichtig,
2366 3408 103 48 dass
2502 3407 69 49 die
2603 3408 129 67 Oper
2773 3426 86 33 uns
2902 3408 85 49 fast
3027 3408 251 67 durchweg
3311 3409 42 50 in-

1817 3489 207 48 tercssirt
2057 3489 88 48 und
2179 3489 288 51 unterhalten
2499 3490 90 50 hat.
2622 3492 85 49 Die
2728 3490 294 66 Aufführung
3046 3508 96 32 war
3166 3492 185 49 vortreff-

1815 3573 99 48 lich.
1973 3573 281 50 Namentlich
2314 3592 153 32 waren
2526 3576 118 49 Frau
2692 3574 681 66 Herrenburg-Tuczek

1816 3656 91 49 und
1940 3657 123 47 Herr
2098 3656 195 57 Wolff,
2338 3657 175 51 sowohl
2560 3658 43 50 in
2635 3658 81 50 der
2748 3657 333 49 dramatischen
3114 3657 65 51 als
3212 3658 41 48 in
3288 3658 81 48 der

1815 3739 341 50 musicalischen
2175 3741 301 66 Ausführung
2502 3742 119 49 ihrer
2644 3742 179 56 Rollen,
2853 3742 375 65 ausgezeichnet;
3259 3739 115 50 auch

1815 3822 69 49 die
1919 3823 180 48 Herren
2131 3823 142 50 Bost
2319 3824 91 50 und
2444 3824 337 50 Radwaner
2823 3823 207 51 leisteten
3060 3822 312 56 Rühmliches,

1815 3904 81 50 der
1929 3907 212 48 Letztere
2175 3908 278 66 wenigstens
2485 3908 64 49 als
2578 3910 194 63 Sänger.

1938 3991 94 48 Seit
2063 3990 168 50 diesem
2260 3993 212 49 Sommer
2504 3992 78 48 hat
2613 3992 115 50 auch
2759 3991 72 51 die
2862 3988 477 51 Friedrich-Wil-

1815 4073 25 49 li
1856 4090 23 32 e
1893 4072 10 50 I
1921 4092 41 32 m
1980 4091 19 32 s
2015 4084 13 39 t
2047 4078 23 46 ä
2086 4073 27 51 d
2130 4084 13 40 t
2159 4076 9 47 i
2182 4092 21 32 s
2218 4091 23 33 c
2259 4076 27 48 h
2301 4092 25 32 e
2356 4073 205 51 Bühne
2594 4075 167 49 wieder
2786 4075 95 48 ihre
2904 4073 214 49 früheren
3134 4071 239 52 Versuche

1816 4175 79 32 zur
1926 4158 256 68 Gründung
2212 4158 125 50 einer
2367 4157 263 52 komischen
2655 4160 130 66 Oper
2815 4162 230 45 erneuert.
3077 4156 61 49 Es
3167 4155 206 53 verdient
