3556 4460
1687 197 107 51 397

125 338 266 66 unmöglich
437 339 69 55 ist,
550 356 53 32 zu
646 357 160 50 sagen,
852 341 197 49 welches
1092 357 51 33 er
1196 358 72 32 am
1315 341 159 49 besten
1524 341 133 67 aufge-

124 417 108 51 fasst
261 417 94 49 und
386 418 192 66 gespielt
848 418 70 66 (P.
948 419 165 50 Smith.
1160 419 108 50 Gaz.
1303 421 133 62 mus.)

241 497 159 51 Ueber
452 498 73 48 die
570 498 303 66 Aufführung
926 515 83 33 von
1056 499 303 50 Beethoven's

136 573 162 53 lemnis
326 577 43 49 in
710 577 54 51 D
511 577 63 66 (in
619 576 171 67 Paris!)
837 577 91 49 und
975 577 79 51 des
1101 579 265 49 Freischütz
1421 579 258 53 nächstens.

1429 660 48 48 B.
1511 660 47 48 P.

655 961 151 57 Aus
875 962 370 55 Bremen.

975 1107 101 34 Den
1106 1103 35 39 8.
1171 1104 263 37 December
1465 1103 113 39 1866.

245 1203 85 47 Die
362 1202 344 49 Musik-Saison
739 1203 42 47 in
816 1203 200 47 Bremen
1046 1202 80 48 hat
1155 1202 132 48 einen
1320 1199 238 50 lebhaften
1585 1200 67 49 An-

123 1281 108 64 fang
263 1298 295 47 genommen.
630 1281 155 49 Schon
814 1281 59 48 im
910 1282 176 48 Herbst
1141 1281 126 48 hatte
1307 1279 93 48 sich
1442 1278 83 48 der
1555 1279 124 48 Dom

123 1361 251 48 mehrmals
425 1359 272 66 vollständig
753 1359 161 68 gefüllt
966 1359 71 50 bei
1070 1359 308 66 Gelegenheit
1426 1357 79 51 des
1535 1359 111 47 Dom-

119 1441 367 49 chor-Concerts
517 1439 94 50 und
633 1441 125 49 eines
774 1441 417 64 Orgel-Concerts,
1219 1441 43 47 in
1284 1439 222 50 welchem
1534 1437 120 51 Cbor-

120 1521 150 48 musik
301 1537 31 33 a
374 1518 179 71 capeüa
583 1537 85 32 von
698 1521 257 48 Palestrina
989 1519 66 50 bis
1073 1518 326 51 Mendelssohn
1432 1518 93 48 und
1557 1518 127 48 Grell

119 1617 104 31 zum
257 1598 205 66 Vortrag
513 1599 105 49 kam
652 1599 80 49 mit
779 1598 389 50 abwechselnden
1200 1598 169 66 Orgel-
1423 1597 93 51 und
1549 1597 136 49 Solo-

120 1679 264 66 Vorträgen
425 1678 347 67 (verschiedene
805 1678 246 50 Präludien
1084 1678 94 50 und
1209 1679 165 65 Fugen
1406 1695 85 33 von
1536 1677 143 57 Bach,

117 1759 153 50 Ritter
299 1767 84 41 etc.
429 1758 147 51 durch
608 1758 88 50 den
730 1759 240 49 Domchor
1002 1758 92 50 und
1120 1758 397 50 Musik-Director
1543 1757 112 49 Rein-

120 1838 171 61 thaler,
340 1839 489 66 Schierer-Cabysius,
881 1838 145 50 Vater
1077 1838 92 50 und
1197 1838 146 55 Sohn,
1398 1834 288 68 Weingardt

117 1933 44 33 u.
194 1916 90 68 A.).
320 1918 108 50 Wir
458 1917 153 51 haben
628 1918 158 48 diesen
810 1917 187 51 Winter
1027 1917 282 67 dreiCyklus
1338 1916 74 50 für
1436 1917 214 48 Kammer-

119 1997 168 58 musik,
316 1997 81 51 das
429 1998 223 58 Quartett
683 1997 82 49 der
819 1998 181 47 Herren
1044 1997 392 49 Concertmeister
1464 1996 220 66 Lottger-

119 2077 198 56 Arnold,
381 2077 472 67 Schierer-Cabysius
922 2078 81 47 mit
1061 2077 93 48 vier
1205 2077 213 56 Soireen,
1469 2076 81 48 das
1601 2074 84 50 der

120 2158 183 50 Herren
357 2158 392 50 Concertmeister
795 2157 288 59 Jacobsohn,
1138 2157 200 58 Weber,
1389 2157 296 56 Krollmann,

122 2237 285 66 Weingardt
438 2237 82 48 mit
548 2237 131 48 sechs
701 2237 213 54 Soireen;
937 2237 46 48 in
998 2236 165 49 beiden
1183 2237 230 48 wechseln
1434 2236 251 59 Quartette

119 2317 81 48 mit
231 2317 133 48 Trios
410 2316 94 49 und
536 2318 130 47 Duos
712 2316 60 49 ab
908 2333 54 32 zu
993 2316 155 49 diesen
1178 2316 57 49 ist
1262 2317 118 48 noch
1413 2316 73 49 ein
1512 2314 173 68 Cyklus

117 2396 73 48 für
221 2397 165 48 Salon-
425 2396 94 49 und
551 2396 406 49 Kammer-Musik
1003 2394 146 51 durch
1202 2394 73 51 die
1308 2397 185 48 Herren
1525 2394 159 50 Graue

117 2473 209 69 (Pianist)
378 2476 93 49 und
529 2477 216 48 Schierer
793 2476 252 66 (Violinist)
1102 2484 226 58 getreten.
1412 2477 103 48 Alle
1585 2474 97 50 drei

117 2556 370 57 Unternehmen,
513 2556 175 49 welche
713 2557 44 47 in
781 2556 132 48 ihren
927 2554 397 51 veröffentlichten
1341 2556 341 63 Programmen

117 2636 72 49 die
219 2636 243 49 classische
494 2637 92 48 und
618 2653 173 32 neuere
821 2636 383 49 Kammermusik
1237 2636 43 49 in
1308 2634 377 66 mannigfaltiger

122 2716 161 49 Weise
332 2723 252 50 vertreten,
635 2714 155 50 haben
840 2723 111 56 gute
981 2716 372 54 Abonnements,
1399 2714 94 50 und
1525 2716 43 48 in
1600 2713 84 51 der

117 2796 139 54 That,
288 2796 126 48 nicht
442 2813 87 31 nur
548 2812 94 33 was
660 2798 64 46 sie
755 2796 173 54 bieten,
956 2796 201 48 sondern
1187 2794 118 50 auch
1338 2796 88 48 wie
1456 2811 47 32 es
1533 2793 118 67 gebo-

117 2882 76 42 ten
224 2874 134 60 wird,
390 2874 54 50 ist
468 2874 280 50 vortrefflich
782 2874 93 49 und
906 2874 105 49 echt
1041 2874 323 59 künstlerisch,
1394 2876 73 49 die
1489 2876 195 49 Soireen

118 2953 100 51 sind
249 2954 146 50 daher
448 2972 103 32 vom
598 2956 159 48 besten
810 2954 202 50 Einfluss
1063 2954 83 50 auf
1190 2954 89 50 den
1331 2956 353 49 musicalischen

117 3036 113 48 Sinn
280 3034 80 50 des
420 3036 269 48 Publicums
740 3034 93 50 und
884 3034 73 49 die
1006 3034 199 50 Schärfe
1257 3034 79 50 des
1366 3036 203 49 Urtheils
1610 3034 75 50 für

118 3114 80 50 das
228 3114 207 58 Schöne;
475 3117 64 47 sie
572 3114 251 50 befördern
853 3114 208 65 zugleich
1113 3114 73 50 die
1226 3116 321 66 persönlichen
1578 3116 80 48 Lei-

109 3203 206 57 stungen
346 3211 193 34 unserer
571 3194 220 50 Künstler
840 3193 94 50 und
983 3193 176 50 wirken
1192 3196 273 66 wohlthätig
1497 3197 84 51 auf
1604 3197 82 51 das

119 3274 255 50 Ensemble
404 3276 80 49 des
514 3276 277 49 Orchesters
821 3273 188 51 zurück.
1070 3274 101 49 Von
1211 3274 89 49 den
1352 3276 80 49 eilf
1459 3277 193 51 Abonne-

117 3354 439 50 ments-Concerten
589 3363 137 41 unter
759 3356 154 47 Herrn
946 3354 397 50 Musik-Director
1371 3357 313 51 Reinthaler's

117 3434 219 66 Leitung,
367 3434 72 51 die
470 3436 133 48 ihren
633 3436 121 48 alten
787 3436 182 48 Namen
1002 3433 414 52 Privat-Concerte
1447 3437 94 49 und
1594 3437 88 49 den

115 3516 142 57 alten,
303 3516 115 49 aber
448 3516 295 49 akustischen
774 3516 107 49 Saal
912 3514 82 50 der
1023 3516 155 49 Union
1219 3516 119 48 noch
1395 3516 289 68 behaupten,

118 3594 153 50 haben
306 3596 156 49 bisher
491 3596 98 49 drei
621 3597 122 48 Statt
767 3594 250 68 gefunden.
1078 3596 96 49 Das
1205 3594 255 53 Orchester
1491 3598 195 51 brachte

117 3691 57 33 an
205 3674 270 51 Sinfonieen
494 3676 72 49 die
594 3673 177 54 D-dur
799 3674 101 68 (Nr.
914 3673 32 51 2
979 3692 120 32 neue
1129 3676 241 66 Ausgabe)
1384 3694 85 33 von
1497 3677 187 69 Haydn,

119 3754 74 50 die
222 3753 166 52 F-dur
416 3772 85 33 von
525 3756 265 49 Beethoven
815 3754 94 50 und
933 3753 42 50 di
983 3752 214 53 eA-moll
1224 3774 86 31 von
1336 3758 349 59 Mendelssohn,

117 3852 58 33 an
207 3836 301 51 Ouvertüren
546 3836 294 51 Cherubini's
879 3837 397 66 Portugiesisches
1305 3838 235 51 Gasthaus
1590 3838 96 51 und

118 3916 216 57 Oberon,
363 3917 311 50 Schumann's
706 3917 245 50 Genoveva
990 3918 94 49 und
1120 3918 261 50 Beethoven
1420 3920 128 58 124,
1588 3921 63 65 Eg-

118 4005 132 40 mont
268 3997 92 48 und
384 3997 182 51 Robert
584 3997 303 50 Volkmann's
912 4014 119 33 neue
1054 4000 423 59 Fest-Ouverture,
1498 4001 188 49 letztere

118 4076 84 48 mit
232 4083 159 60 gutem
424 4077 178 66 Erfolg.
649 4076 217 51 Dieselbe
905 4077 80 50 hat
1023 4078 120 50 auch
1182 4078 173 51 schöne
1387 4080 268 50 Massenwir-

118 4156 147 67 kung,
297 4157 140 51 noble
468 4157 94 51 und
593 4157 119 51 doch
764 4158 225 66 populäre
1019 4160 188 55 Motive,
1238 4158 118 51 doch
1388 4161 178 49 scheint
1604 4160 81 50 das

118 4237 156 51 Ganze
304 4240 127 49 nicht
459 4240 131 49 recht
619 4255 83 34 aus
735 4240 163 48 Einem
918 4241 137 55 Guss,
1086 4241 127 49 nicht
1243 4240 93 49 fein
1369 4242 94 48 und
1488 4241 198 51 fesselnd

1787 360 174 49 genug,
2008 361 74 31 um
2136 345 132 49 einen
2320 345 236 50 dauerden
2590 347 125 48 Platz
2766 347 84 50 auf
2888 347 104 50 dem
3025 348 290 50 Concert-Re-

1788 423 202 64 pertoire
2018 440 51 30 zu
2104 422 281 67 behaupten.
2433 426 91 48 Das
2557 426 479 51 Concert-Orchester
3053 427 91 65 (ein
3165 426 182 49 Institut

1787 519 85 30 von
1907 499 71 51 70
2011 502 376 58 Mitwirkenden,
2418 505 82 47 auf
2524 505 162 49 dessen
2716 506 149 48 Besitz
2898 507 199 48 Bremen
3137 506 86 49 alle
3256 505 60 50 Ur-

1785 581 139 48 sache
1955 581 94 57 hat,
2080 583 109 49 stolz
2220 601 53 32 zu
2303 582 115 69 sein)
2450 583 132 66 spielt
2611 585 123 49 nicht
2747 602 90 32 nur
2876 585 80 49 mit
2988 586 230 49 Präcision
3250 583 97 51 und

1788 661 189 48 Frische
2020 661 45 48 in
2096 662 82 48 der
2203 662 301 66 Auffassung,
2535 663 199 50 sondern
2766 663 118 51 auch
2912 665 81 49 mit
3018 665 211 49 Feinheit
3251 662 95 51 und

1787 739 359 67 Abrundungin
2171 741 87 49 den
2284 743 190 56 Details,
2498 742 81 48 mit
2588 742 135 66 jener
2744 743 254 50 Schönheit
3021 745 79 49 des
3125 745 221 63 Klanges,

1792 819 171 47 welche
1994 836 87 32 nur
2113 836 81 33 aus
2223 819 84 50 der
2338 822 289 65 glücklichen
2670 822 307 67 Verbindung
3027 822 319 66 vorzüglicher

1787 897 162 49 Kräfte
1980 898 81 48 mit
2090 898 314 51 anhaltenden
2434 900 193 49 Studien
2658 910 136 40 unter
2811 901 406 65 ausgezeichneter
3241 900 78 49 Lei-

1785 985 117 57 tung
1934 978 336 65 hervorgehen.
2336 980 105 49 Von
2485 982 311 64 auswärtigen
2828 981 197 49 Solisten
3057 982 166 50 hörten
3257 981 85 48 wir

1788 1057 90 50 Frl.
1900 1056 155 51 Ulrich
2085 1072 83 33 aus
2188 1058 251 50 Hannover
2469 1058 92 49 und
2593 1058 389 51 Concertmeister
3016 1060 221 49 Walther
3260 1075 84 33 aus

1787 1136 251 57 München,
2061 1137 211 50 letzterer
2289 1138 243 66 bestätigte
2559 1140 279 49 namentlich
2853 1140 146 48 durch
3026 1140 88 49 den
3140 1140 206 64 Vortrag

1787 1214 77 50 des
1895 1216 312 65 Spohr'schen
2240 1216 250 51 Concertes
2522 1216 100 67 (Nr.
2659 1217 64 51 11
2759 1217 179 65 G-dur)
2969 1218 88 49 den
3090 1218 96 50 Ruf
3219 1218 125 49 eines

1784 1294 274 50 classischen
2093 1294 362 68 Violinspielers,
2485 1314 51 31 er
2568 1297 157 48 besitzt
2754 1298 132 49 einen
2926 1297 153 58 edlen,
3138 1297 206 48 weichen

1784 1374 102 49 Ton
1916 1374 94 50 und
2041 1374 240 50 verbindet
2311 1377 81 48 mit
2423 1377 294 66 Vollendung
2749 1376 83 51 der
2858 1377 209 48 Technik
3097 1378 134 49 einen
3264 1376 82 49 das

1785 1454 203 50 Gemüth
2034 1454 325 67 ergreifenden
2413 1456 92 49 und
2550 1456 207 66 zugleich
2791 1457 301 50 maassvollen
3125 1457 219 65 Vortrag.

1784 1533 67 48 Im
1882 1533 193 50 zweiten
2110 1533 200 51 Concert
2359 1542 151 43 traten
2545 1536 124 48 Frau
2700 1535 298 50 Rudersdorf
3048 1535 92 49 und
3191 1535 155 49 neben

1784 1612 74 50 ihr
1889 1613 139 51 Clara
2060 1615 269 49 Schumann
2361 1616 92 48 auf.
2499 1616 86 48 Die
2615 1623 125 41 sonst
2771 1616 314 48 vortreffliche
3114 1615 230 66 Sängerin

1783 1693 133 49 stand
1950 1692 326 63 begreiflicher
2309 1695 160 49 Weise
2500 1696 150 47 hinter
2690 1693 82 50 der
2822 1711 190 50 grossen
3045 1687 277 74 Ciavierspie-

1787 1773 113 47 lerin
1931 1773 187 49 zurück.
2183 1773 49 49 In
2267 1773 81 50 der
2378 1775 124 49 That
2549 1776 217 47 erinnern
2799 1775 84 48 wir
2913 1791 84 33 uns
3048 1775 141 57 nicht,
3219 1775 128 49 Frau

1787 1852 137 50 Clara
1953 1852 272 50 Schumann
2254 1852 183 51 Robert
2463 1853 310 50 Schumann's
2803 1852 196 52 A-moll-
3011 1853 199 50 Concert
3238 1853 88 50 voll-

1785 1931 193 49 endeter
2027 1931 153 49 haben
2209 1932 173 66 spielen
2414 1932 165 57 hören,
2617 1933 65 49 als
2712 1950 58 32 an
2814 1933 157 65 jenem
3021 1933 119 49 allen
3172 1932 146 50 Kunst-

1787 2011 224 49 freunden
2030 2011 166 66 gewiss
2220 2012 402 65 unvergesslichen
2648 2011 184 51 Abend.
2861 2012 100 48 Von
2982 2012 87 48 den
3085 2012 265 48 Nummern

1787 2089 78 50 des
1892 2091 305 49 Piano-Solo:
2221 2091 397 49 Variationenvon
2645 2091 215 58 Brahms,
2884 2091 199 49 Scherzo
3101 2091 43 48 in
3163 2088 188 54 As-dur

1788 2187 85 32 von
1921 2170 183 50 Weber
2136 2170 93 49 und
2262 2171 185 49 Hiller's
2481 2189 108 39 „zur
2909 2172 162 65 spielte
3100 2171 63 48 sie
3195 2171 133 49 letzte-

1788 2266 71 32 res
1889 2250 84 48 auf
1997 2251 299 65 allgemeines
2329 2250 265 66 Verlangen
2625 2250 58 49 da
2717 2250 143 66 Capo.
2903 2251 126 48 Frau
3060 2250 297 49 Rudersdorf

1785 2346 117 50 sang
1933 2331 101 47 eine
2080 2330 81 48 mit
2194 2330 137 48 Blech
2364 2338 144 41 etwas
2540 2328 287 50 überladene
2856 2330 235 66 englische
3121 2330 112 48 Arie
3264 2346 87 32 von

1785 2408 305 68 Randegger,
2121 2410 72 49 ein
2226 2410 269 49 wirksames
2527 2410 163 58 Stück,
2735 2408 117 51 doch
2903 2410 60 48 im
2996 2410 358 66 Krystallpalast

1788 2490 120 48 wohl
1942 2490 113 48 eher
2098 2505 73 33 am
2206 2488 181 56 Platze;
2415 2488 179 50 sodann
2625 2488 101 50 eine
2756 2497 143 41 etwas
2923 2487 181 67 zopfige
3128 2488 111 50 Arie
3264 2506 88 32 von

1788 2568 109 50 Chr.
1933 2570 122 48 Bach
2108 2568 93 49 und
2232 2568 172 50 Lieder
2453 2586 87 32 von
2574 2568 179 68 Haydn.
2820 2570 66 48 Im
2938 2568 168 50 dritten
3151 2568 201 50 Concert

1785 2656 92 41 trat
1910 2648 123 49 Herr
2069 2648 285 66 Woworsky
2383 2665 83 33 aus
2485 2648 154 49 Berlin
2670 2647 96 58 auf,
2796 2648 71 49 ein
2902 2647 237 66 eleganter
3170 2648 182 66 Sänger

1787 2728 81 49 mit
1892 2727 248 50 immerhin
2155 2728 118 49 noch
2295 2726 323 51 bedeutenden
2637 2727 369 55 Stimmmitteln,
3038 2726 82 51 der
3137 2736 184 41 nament-

1785 2808 87 49 lich
1903 2808 60 49 im
2005 2807 207 66 Vortrag
2264 2807 83 50 der
2396 2808 191 49 zweiten
2620 2807 445 67 Euryanthen-Arie
3129 2807 223 57 „Wehen

1787 2887 87 48 mir
1903 2886 138 49 Lüfte
2207 2887 250 56 excellirte,
2508 2886 118 49 auch
2672 2885 72 49 die
2811 2885 326 67 Wiedergabe
3185 2887 169 50 zweier

1787 2966 422 49 Schumann'scher
2250 2966 169 49 Lieder
2451 2966 113 49 fand
2593 2982 193 50 grossen
2818 2966 179 57 Beifall,
3029 2965 224 50 während
3276 2966 74 49 die

1787 3047 436 66 Schöpfungs-Arie
2286 3047 113 56 „Mit
2432 3047 172 48 Würd'
2658 3046 92 49 und
3044 3046 127 49 nicht
3220 3046 134 49 recht

1787 3131 262 46 erwärmen
2081 3127 167 48 wollte.
2279 3127 167 48 Neben
2475 3126 96 49 ihm
2618 3127 166 48 hörten
2817 3127 85 48 wir
2935 3126 214 49 Fräulein
3192 3126 162 49 Friese

1785 3207 102 48 eine
1911 3207 146 66 junge
2089 3206 93 49 und
2212 3206 274 66 anmuthige
2518 3206 390 66 Violinspielerin,
2959 3205 72 49 die
3082 3205 146 49 durch
3279 3205 75 50 ihr

1785 3287 231 64 graziöses
2039 3286 143 67 Spiel,
2213 3285 106 50 dem
2352 3302 47 33 es
2424 3286 158 49 weder
2612 3304 58 31 an
2696 3287 209 48 Bravour
2922 3285 118 49 noch
3067 3301 58 33 an
3153 3285 202 50 Wärme

1788 3366 221 65 mangelt,
2041 3366 94 48 sich
2168 3366 72 48 die
2272 3366 318 65 allgemeinste
2629 3366 149 49 Gunst
2827 3365 81 48 der
2938 3365 155 48 Hörer
3151 3366 203 49 erwarb.

1785 3447 76 48 Sie
1911 3446 56 48 ist
1996 3445 222 64 übrigens
2268 3446 60 48 im
2364 3446 145 48 Besitz
2560 3446 123 48 eines
2724 3445 261 49 herrlichen
3016 3445 339 49 Instrumentes

1787 3542 86 33 von
1906 3526 250 56 Guarneri,
2207 3525 81 49 das
2340 3525 84 49 wir
2472 3542 54 32 zu
2557 3525 88 49 den
2692 3523 452 68 best-klingendsten
3176 3525 179 66 Geigen

1787 3606 222 56 rechnen,
2058 3606 73 48 die
2184 3605 83 48 wir
2316 3605 73 49 die
2443 3605 165 49 letzten
2637 3605 147 49 Jahre
2833 3605 182 49 hörten.
3079 3605 75 49 Sie
3192 3605 163 66 spielte

1789 3686 140 51 Viotti
1962 3685 93 57 22,
2307 3683 91 59 A-moll,
2399 3685 76 49 und
2476 3702 70 33 von
2547 3686 309 65 Vieuxtemps'
2886 3685 199 49 Concert
3112 3685 45 49 in

1788 3766 183 66 Adagio
2004 3767 94 48 und
2128 3766 299 49 Schlusssatz.

1905 3845 244 50 Zwischen
2179 3845 123 49 diese
2335 3843 228 51 Concerte
2593 3845 74 49 fiel
2698 3861 75 32 am
2806 3842 88 52 27.
2930 3842 273 51 November
3252 3843 103 51 eine

1788 3926 303 66 Aufführung
2123 3942 86 32 von
2242 3925 308 49 Reinthaler's
2914 3922 146 51 durch
3112 3923 73 50 die
3217 3923 137 66 Sing-

1788 4006 261 49 Akademie
2080 4007 43 47 in
2156 4006 84 47 der
2270 4005 303 49 Domkirche.

1908 4085 305 50 Rheinthaler
2244 4085 81 49 hat
2353 4085 95 49 sich
2481 4085 82 49 mit
2592 4100 184 51 grosser
2804 4082 146 51 Liebe
2980 4083 94 50 und
3105 4082 251 52 Ausdauer

1789 4165 83 50 der
1901 4165 161 67 Pflege
2093 4165 78 49 des
2203 4165 358 66 Chorgesanges
2593 4163 254 68 gewidmet
2883 4163 94 50 und
3029 4162 86 51 wir
3157 4163 170 51 verdan-

1790 4246 88 49 ken
1929 4246 152 49 seiner
2124 4245 268 68 Thätigkeit
2444 4245 102 50 eine
2606 4245 178 50 Anzahl
2836 4243 82 51 der
2989 4243 368 69 vorzüglichsten

1816 4392 18 12 *
