1612 2540
1415 2316 44 59 79

146 240 60 33 aufs
228 237 146 29 äußerste
395 232 111 29 mußte
529 240 75 20 man
626 240 42 19 an
691 230 67 28 sich
781 230 117 28 halten.
942 227 79 29 Eine
1044 226 119 36 einzige
1184 225 178 34 Bewegung

146 283 56 30 und
220 280 74 28 alles
314 277 119 27 konnte
454 271 296 34 zusammenfallen,
771 270 109 29 klirrte
900 269 107 29 herab.
1049 268 73 28 Und
1141 267 60 27 —?

218 320 71 30 Und
308 326 75 21 man
402 316 94 29 stand
513 313 218 35 ohnmächtig,
750 311 200 37 ausgeiiefert
969 312 66 27 und
1054 308 192 29 vereinsamt
1266 305 160 29 zwischen

146 369 53 28 den
225 362 147 30 anderen.
425 357 57 28 Die
512 356 139 29 nackten
680 354 94 28 Arme
806 353 109 28 halfen
946 351 113 28 nichts.
1112 349 94 29 Nicht
1237 347 118 29 einmal
1387 353 39 19 zu

145 408 76 28 einer
245 399 263 36 Umschlingung,
536 397 84 28 denn
647 404 75 20 man
749 394 140 29 rutschte
916 393 48 28 ab.
1013 392 66 28 Fiel
1106 390 56 29 hin
1188 390 67 28 und
1282 396 66 20 war
1375 385 51 29 ein

148 444 143 34 Häuflein
310 440 119 31 Nichts.

220 486 71 28 Und
315 491 65 20 was
405 489 65 20 war
495 480 198 36 geschehen?

220 525 119 30 Nichts!

221 568 55 28 Die
300 566 139 28 nackten
465 563 94 28 Arme
584 562 110 28 halfen
719 560 117 28 nichts!
885 559 62 28 Gar
971 557 116 29 nichts!

221 609 65 28 Nur
317 607 49 28 die
395 604 212 29 Kartätschen
636 604 55 27 der
731 601 129 32 Feinde,
900 598 224 29 Hekatomben
1165 593 245 35 auseinanderge-

145 654 128 28 rissener
302 648 120 29 Leiber.
475 646 64 28 Das
570 643 250 36 Unerträgliche.
874 641 56 28 Die
961 637 226 38 Sinnlosigkeit
1218 637 107 27 Sührte
1357 642 73 20 zum

146 695 72 29 Sinn
235 691 127 29 zurück.

223 733 143 33 „Wollen
386 729 49 30 Sie
456 730 59 27 den
536 727 112 30 Befehl
666 724 204 38 befolgen?!“
891 724 59 28 rief
969 724 54 28 der
1043 721 227 30 Unteroffizier
1288 722 83 34 jetzt.

223 757 89 45 ”ja!“
333 772 103 28 schrie
458 770 141 36 Nirgend
620 769 62 28 fast
703 768 158 28 überlaut:
884 766 57 33 „Ja
1021 773 54 20 am
1096 764 134 28 liebsten
1249 762 110 28 würde
1380 759 52 29 ich

146 818 110 28 wieder
277 814 217 28 hinausreiten
516 821 38 19 zu
575 811 90 28 euch.
710 810 117 27 Immer
848 809 67 27 vor!
960 807 116 27 Immer
1098 814 56 19 vor
1176 804 124 28 müßtet
1321 803 51 27 ihr

146 861 48 28 für
217 859 59 28 den
298 856 84 28 Pour
404 856 28 27 le
454 852 144 30 merite!“

225 900 79 33 „Los

147 941 93 30 nicht!
286 938 95 29 Los!“

223 981 89 34 „Ja!“
335 980 94 28 bellte
452 978 140 35 Nirgend
614 976 169 32 abermals,
808 974 37 33 „d
861 983 18 19 a
892 983 13 19 s
927 974 39 28 ist
988 973 56 27 das
1067 970 151 29 deutsche
1242 970 127 27 Wesen!

225 1021 180 36 „Marsch!“
430 1021 115 28 brüllte
571 1019 55 28 der
650 1016 240 30 Unteroffizier:
918 1014 180 34 „Vorwärts
1124 1011 107 36 jetzt!“
1278 1010 72 28 Und
1378 1015 56 29 zog

148 1067 52 27 ihn
218 1066 32 28 in
270 1064 48 29 die
338 1063 97 28 Mitte.

226 1107 74 29 Man
321 1105 83 34 ging.

767 1143 37 28 11.

228 1188 60 29 Der
310 1188 122 28 Schnee
454 1188 51 35 lag
526 1186 63 28 tief.
634 1185 160 36 Langsam
816 1183 72 37 ging
910 1192 31 19 es
964 1182 164 28 vorwärts.

226 1230 95 33 „Was
345 1230 109 28 macht
477 1237 76 19 man
576 1226 168 37 eigentlich
768 1225 57 28 mit
847 1223 104 30 mir?“
976 1223 101 35 fragte
1101 1222 89 28 Peter
1216 1220 139 36 Nirgend
1379 1218 56 30 auf

148 1271 113 30 einmal
280 1272 72 28 steif
369 1269 270 31 stehenbleibend.
680 1268 42 28 Es
742 1268 187 27 antwortete
947 1263 161 30 niemand.

228 1313 80 34 „Los
404 1311 81 29 los!“
513 1311 162 27 brummte
704 1309 55 28 der
787 1306 226 30 Unteroffizier
1041 1314 98 19 vorne
1179 1303 58 29 wie
1266 1303 52 28 für
1358 1300 77 29 sich.

150 1354 54 29 Die
223 1355 149 28 Soldaten
392 1353 142 28 schoben
554 1352 62 28 den
637 1350 204 36 Gefangenen
861 1348 116 28 weiter.

228 1396 61 33 „Er
311 1396 55 28 hat
386 1395 82 28 euch
489 1394 205 36 geschunden
715 1391 49 29 bis
784 1390 72 28 aufs
877 1390 82 28 Blut.
1043 1388 53 27 Ihr
1119 1387 76 28 habt
1217 1394 31 20 es
1270 1385 96 28 selbst
1387 1390 32 29 ge-

151 1440 72 34 sagt,
251 1437 61 28 daß
342 1437 51 28 ihr
420 1435 89 30 nicht
536 1435 92 28 mehr
654 1432 197 30 mitmachen
879 1429 116 34 wollt,“
1024 1431 84 33 sagte
1137 1428 90 28 Peter
1254 1425 183 29 beharrlich

152 1480 61 27 und
232 1481 144 26 stemmte
395 1477 68 29 sich
480 1484 99 28 gegen
597 1476 50 28 die
666 1474 213 28 schiebenden
898 1472 122 27 Hände.

230 1521 80 33 „Los
399 1520 57 28 los!
485 1517 69 29 Wir
580 1516 150 29 möchten
756 1514 83 29 auch
865 1522 55 20 zur
947 1512 71 29 Ruh
1043 1508 185 31 kommen!“
1276 1507 79 29 stieß
1383 1507 56 28 der

152 1561 222 29 Unteroffizier
402 1560 159 29 abermals
592 1557 182 29 murmelnd
805 1556 115 27 heraus
962 1554 66 28 und
1068 1552 126 28 machte
1235 1550 68 28 eine
1345 1548 94 29 halbe

152 1602 174 38 Wendung.

231 1644 96 29 Einer
348 1644 54 28 der
425 1642 151 29 Soldaten
599 1642 94 27 setzte
715 1641 73 27 dem
811 1637 144 36 Häftling
979 1636 56 28 das
1058 1634 80 29 Knie
1159 1634 33 28 in
1215 1633 60 28 den
1298 1632 141 28 Rucken.

233 1686 90 33 „Gibt
353 1686 84 28 doch
466 1684 77 28 bloß
574 1683 116 32 Arrest,
721 1679 166 30 Mensch!“
918 1680 85 34 sagte
1034 1677 54 28 der
1119 1672 226 31 Unteroffizier
1375 1672 48 28 bei-

152 1728 105 36 läufig.

232 1769 90 29 Peter
341 1769 141 36 Nirgend
500 1766 61 29 ließ
582 1765 92 29 nach.
716 1764 75 28 Man
811 1764 111 26 watete
942 1759 116 30 wieder
1077 1757 115 29 weiter.

231 1809 56 30 Die
303 1811 102 35 lange,
423 1809 224 36 geschwertete
665 1805 90 29 Linie
771 1804 86 29 eines
875 1802 180 37 spärlichen
1072 1799 126 30 Lichtes
1216 1797 89 30 stach
1321 1796 120 29 durchs

151 1849 133 32 Dunkel.
325 1852 64 29 Das
407 1860 66 19 war
491 1851 56 27 das
567 1847 265 32 Gemeindehaus,
851 1854 49 19 wo
919 1844 54 28 der
992 1843 107 27 Arrest
1116 1841 187 35 abgesessen
1321 1837 120 29 wurde.

152 1891 237 31 Landstürmler
409 1891 157 30 versahen
586 1891 72 27 dort
677 1889 63 28 den
761 1888 120 28 Dienst.
1109 1923 5 6 <
1326 1919 6 7 .

232 1935 73 33 „Ihr
324 1934 133 33 kriecht,
478 1933 48 29 bis
545 1940 76 20 man
642 1931 80 28 euch
741 1930 51 28 die
812 1928 100 36 Kugel
930 1926 32 29 in
981 1926 61 28 den
1063 1923 76 29 Leib
1159 1921 75 37 jagt!
1277 1920 166 29 knirschte

152 1973 97 31 Peter.

233 2017 193 36 Schweigen.

242 2058 61 30 Der
326 2057 226 30 Unteroffizier
575 2057 111 34 schlug
709 2055 58 28 mit
789 2055 55 28 der
868 2053 98 28 Faust
988 2060 41 19 an
1051 2050 50 29 die
1125 2048 320 29 Gemeindehaustür.

153 2098 56 30 Mit
226 2100 267 37 hochgehobener
511 2098 291 33 Petroleumlampe
821 2094 145 30 erschien
983 2093 55 28 der
1056 2091 219 28 verschlafene
1295 2090 151 35 Sergeant

153 2138 32 30 in
205 2140 101 30 ihrem
327 2142 157 28 Rahmen.
527 2139 64 29 Der
613 2139 111 35 Trupp
759 2140 61 26 trat
840 2137 34 27 in
894 2135 50 29 die
977 2132 238 36 wohligwarme
1237 2131 208 28 Wachstube.

155 2180 82 31 Zwei
253 2183 242 29 Landstürmler
513 2182 106 27 hoben
638 2178 151 36 schläfrig
807 2178 68 28 ihre
894 2175 202 34 Oberkörper
1115 2173 56 29 auf
1188 2173 63 28 den
1269 2172 178 33 Pritschen,

155 2221 106 31 rieben
294 2224 67 29 sich
395 2224 51 29 die
470 2223 118 35 Augen.
634 2220 96 29 Einer
764 2220 104 28 davon
905 2217 75 36 stieg
1014 2216 100 28 herab
1148 2215 67 28 und
1249 2215 101 27 nahm
1385 2214 63 27 den

157 2264 257 35 Schlüsselbund,
436 2265 119 29 winkte
576 2264 101 28 Peter,
