1612 2540
1404 2296 35 32 77

144 193 190 36 bestimmten
354 189 153 35 Truppen
529 186 96 30 hakte
647 186 52 30 ein
719 186 140 30 fremder
882 186 130 30 Offizier
1033 186 56 30 auf
1111 187 65 28 und
1198 187 40 28 ab
1260 186 66 28 und
1348 184 76 30 hielt

144 240 58 30 eine
219 230 240 37 schwunghafte
477 230 94 27 Rede.
611 229 85 34 „Das
713 229 152 28 deutsche
883 228 117 29 Wesen
1017 229 73 28 darf
1106 229 90 28 nicht
1214 228 208 35 untergehen!

145 277 103 33 Hurra!
280 273 116 28 Hurra!
429 270 141 29 Hurra!“
592 270 111 29 schloß
723 280 33 19 er
776 271 66 28 und
860 271 76 28 alles
956 271 115 28 brüllte
1090 270 68 28 mit.
1198 269 71 29 Wie
1289 270 51 28 ein
1360 268 48 29 ein-

144 322 70 35 ziger
229 315 140 31 Tierlaut
382 311 134 37 klang’s.

216 358 97 35 „Fürs
330 353 207 30 Vaterland!“
555 355 122 27 murrte
694 353 85 28 einer
798 353 129 36 zynisch
946 353 85 28 beim
1049 352 333 36 Auseinandergehen.

216 399 81 34 „Für
315 397 61 27 den
393 395 85 28 Pour
495 395 28 28 le
539 395 144 28 merite!“
701 395 162 28 brummte
880 395 50 28 ein
947 395 138 35 bärtiger
1104 395 73 28 Kerl
1195 395 66 27 und
1279 393 57 30 sah
1354 394 53 27 her-

142 438 200 35 ausfordernd
364 437 56 29 auf
443 436 50 28 die
516 436 235 35 lethargischen
776 435 160 29 Gesichter
959 437 55 27 der
1038 436 211 28 Kameraden.

217 488 125 36 „Kotze!
422 485 73 30 Sich
514 486 62 29 den
596 485 154 29 Schwanz
769 486 200 28 verbrennen
988 485 39 29 ist
1045 485 50 28 die
1115 484 119 37 einzige
1254 484 170 36 Rettung!“

142 531 157 31 murmelte
316 529 55 28 der
390 526 309 30 Mannschaftskoch
718 526 127 29 stoisch.

217 570 132 36 „Nulpe!
381 568 60 29 Wo
460 569 105 28 denn?
643 567 106 30 Wenn
767 568 73 28 weit
859 569 66 27 und
944 568 81 28 breit
1043 568 74 29 kein
1135 567 77 28 Puff
1230 567 94 29 ist!?“
1344 566 82 29 warf

141 617 60 28 ihm
222 613 53 29 der
295 611 178 36 Vagabund
494 610 136 35 Tümpel
652 609 57 29 hin
730 610 65 28 und
818 609 133 35 spuckte
972 609 33 28 in
1025 609 132 36 großem
1177 609 109 36 Bogen
1306 608 120 29 durchs

141 657 97 28 offene
261 654 139 28 Fenster.

217 695 68 29 Tief
307 703 52 20 am
381 693 203 36 Nachmittag
608 693 133 28 ächzten
763 692 50 30 die
837 693 147 36 Bauzüge
1007 694 158 28 abermals
1188 694 111 28 finster
1322 694 33 28 in
1377 693 51 28 die

142 736 166 36 schneeige,
330 736 179 28 verlassene
533 734 126 36 Gegend
681 734 127 29 hinaus.

217 779 58 27 Am
304 777 132 28 zweiten
464 777 75 35 Tag,
569 777 46 28 als
645 776 139 36 Nirgend
814 785 63 19 von
905 777 62 27 den
997 776 222 36 Kompagnien
1249 785 73 19 zum
1351 776 77 29 Stab

143 819 177 33 zurückritt,
337 818 144 28 knallten
498 818 136 28 Schüsse
650 818 105 28 hinter
773 818 67 28 ihm
857 818 66 27 her.
962 816 95 30 Einer
1074 818 105 28 davon
1197 818 119 28 streifte
1332 818 97 27 leicht

142 862 102 29 seinen
266 859 130 29 rechten
418 859 86 28 Arm.

219 901 71 35 „Hu
290 901 207 28 —u—und!“
529 903 102 26 surrte
661 910 32 19 es
724 900 213 36 langgedehnt
965 901 102 28 durch
1097 901 51 28 die
1178 900 108 29 kalten
1317 900 93 29 Nebel-

142 943 164 30 schwaden
325 943 67 28 und
413 942 56 29 lief
489 941 67 29 ihm
576 943 83 28 nach
682 942 58 29 wie
762 942 50 29 ein
833 941 248 29 unterirdisches
1105 942 136 28 Grollen.

219 993 103 35 Gegen
339 992 132 36 Morgen
489 992 152 29 tauchten
659 992 56 28 auf
733 992 118 28 einmal
868 992 50 28 die
936 992 113 35 gelben
1066 991 127 29 Lichter
1211 992 55 28 der
1285 991 123 35 Bauzug-

142 1035 210 28 lokomotiven
367 1033 56 29 auf
436 1035 66 27 und
517 1033 119 29 kamen
650 1033 150 29 zischend
814 1033 110 28 näher.
962 1033 57 28 Die
1033 1033 181 28 vierzehnte
1230 1032 199 36 Kompagnie

142 1085 61 20 war
221 1075 47 29 bis
288 1075 56 28 auf
363 1075 89 29 zirka
470 1075 140 28 hundert
628 1075 99 28 Mann
746 1074 214 36 aufgerieben,
981 1075 66 27 und
1066 1074 50 29 die
1135 1074 189 29 fünfzehnte
1342 1074 88 27 hatte

141 1116 170 36 gleichfalls
331 1117 179 28 zahlreiche
529 1116 212 29 Verwundete
758 1117 67 27 und
844 1116 88 28 Tote.
974 1115 57 29 Die
1050 1115 123 29 Russen
1191 1115 112 28 hatten
1321 1114 33 29 in
1374 1115 55 28 der

142 1158 202 36 allgemeinen
369 1158 103 28 Panik
497 1158 54 28 des
577 1157 247 29 Zurückflntens
850 1157 50 29 die
925 1157 115 29 Flucht
1064 1157 151 35 ergriffen
1240 1157 66 28 und
1331 1156 98 28 irrten

142 1199 179 29 rudelweise
342 1199 33 29 in
396 1199 63 29 den
481 1198 247 29 Schneefeldern
748 1199 124 27 herum.

219 1240 137 37 Nirgend
372 1243 64 27 trat
450 1240 117 36 dumpf
581 1240 49 29 ins
647 1240 311 28 Leutnantszimmer
974 1240 54 28 des
1046 1240 241 33 Stabsbureaus,
1304 1239 126 28 straffte

142 1282 80 29 seine
242 1281 123 29 Glieder
386 1283 66 27 und
473 1284 96 33 sagte:
595 1282 81 33 „Zur
698 1281 126 29 Stelle!“

219 1323 62 29 Der
299 1324 226 35 schmächtige,
544 1324 141 35 elegante
703 1322 131 29 Offizier
852 1324 111 28 drehte
981 1324 67 28 sich
1066 1324 160 35 wippend,
1245 1326 97 27 etwas
1359 1333 52 20 ner-

141 1366 52 26 vös
212 1364 123 35 herum,
355 1366 76 27 maß
451 1365 63 28 den
534 1364 301 36 Hereingetretenen
855 1373 63 19 von
938 1365 83 28 oben
1040 1364 48 29 bis
1108 1367 99 26 unten
1228 1366 65 27 und
1315 1365 111 36 fragte:

142 1405 73 34 „Na,
295 1406 108 28 und?“

228 1448 95 33 „Man
341 1447 57 30 hat
417 1447 87 28 mich
525 1447 264 37 angeschossen“,
812 1449 84 33 sagte
918 1447 139 36 Nirgend
1078 1447 225 29 unvermittelt.

220 1489 57 33 „Ja
352 1489 108 28 und?“

221 1530 60 34 „Es
304 1540 108 19 waren
435 1531 120 28 welche
576 1539 63 20 von
662 1539 70 25 uns,
756 1529 80 29 Herr
859 1530 190 28 Leutnant.“

221 1571 55 29 Die
291 1572 178 35 gepflegten
483 1571 124 35 spitzen
622 1571 234 36 Augenbrauen
871 1572 54 28 des
942 1571 146 29 Offiziers
1104 1571 116 36 griffen
1237 1571 144 29 zuckend
1398 1572 30 28 in

142 1611 47 29 die
207 1613 149 34 plötzlich
375 1615 105 34 streng
499 1613 146 36 gefaltete
666 1612 94 28 Stirn.

222 1654 173 35 „Quatsch!
468 1653 139 29 Woraus
624 1654 163 28 schließen
803 1654 50 28 Sie
868 1654 85 28 denn
969 1654 97 28 das?“
1084 1654 60 28 rief
1160 1663 32 19 er
1209 1654 221 35 wegwerfend.

222 1694 101 34 „Weil
347 1695 88 36 jeder
459 1696 129 28 wütend
613 1695 70 33 ist“,
708 1697 86 33 sagte
817 1695 56 28 der
897 1695 198 29 Meldereiter
1119 1695 137 29 einfach.

222 1745 136 33 „Halten
376 1747 50 28 Sie
445 1747 54 28 Ihr
518 1747 97 33 Maul,
635 1746 49 28 Sie
703 1746 158 28 Lümmel!
940 1745 77 28 Was
1034 1745 108 28 bilden
1162 1745 48 28 Sie
1229 1745 67 28 sich
1315 1745 100 36 eigent-

142 1784 59 29 lich
221 1787 83 28 ein!“
324 1787 133 29 belferte
476 1788 56 28 der
552 1788 161 28 Leutnant
732 1787 145 27 drohend
898 1787 66 27 und
985 1786 152 28 schnellte
1158 1786 64 28 auf.

222 1828 74 33 „Ich
322 1830 73 28 rede
421 1828 90 30 nicht
537 1838 55 18 um
619 1828 267 33 meinethalben,“
914 1828 138 28 erzählte
1080 1827 139 36 Nirgend
1245 1827 94 36 ruhig
1365 1828 66 27 und

143 1867 126 31 schaute
295 1871 74 28 dem
397 1870 251 36 Schimpfenden
676 1870 219 28 entschlossen
922 1869 49 29 ins
999 1868 135 33 Gesicht,
1164 1868 95 33 „aber
1287 1877 55 19 um
1369 1869 62 29 den

142 1907 81 31 Pour
242 1911 27 29 le
289 1912 111 28 merite
420 1912 74 35 geht
513 1910 109 30 keiner
642 1911 92 28 mehr
754 1919 65 19 vor.
861 1910 55 29 Ich
936 1910 76 28 reite
1031 1910 90 28 nicht
1140 1910 124 28 mehr!“

222 1959 175 33 „Wasssü“
421 1961 118 29 zischte
560 1971 32 19 es
614 1961 102 27 durch
739 1961 50 28 die
812 1969 118 19 warme
952 1959 211 28 Zimmerluft.

229 2009 62 30 Der
309 2011 162 29 Leutnant
490 2011 127 28 machte
636 2010 92 29 einen
748 2011 71 28 Satz
838 2009 59 30 wie
916 2008 69 30 eine
1003 2015 218 29 gesprungene
1241 2009 171 28 Matratzen-

143 2048 93 30 feder.
276 2052 57 29 Die
353 2053 65 28 Tür
436 2053 56 28 des
510 2053 141 28 anderen
670 2052 155 28 Zimmers
844 2051 109 28 wurde
972 2049 152 30 ruckhaft
1143 2049 205 36 aufgerissen.

222 2100 140 33 „Wasss!
444 2101 78 31 Was
542 2103 40 28 ist
601 2102 96 28 da!?“
720 2102 165 28 schnarrte
905 2101 55 28 der
982 2099 190 37 Major\und
1192 2100 127 28 machte
1340 2100 92 29 einen

143 2139 114 32 Schritt
282 2144 56 28 auf
365 2144 139 36 Nirgend
533 2153 48 19 zu.
630 2144 107 28 Schon
763 2143 49 28 riß
840 2143 68 28 sich
934 2143 56 27 der
1016 2142 161 27 Leutnant
1204 2142 135 27 schlank
1367 2142 66 28 und

143 2182 130 30 stramm
290 2185 125 34 herum,
432 2186 105 28 wollte
555 2185 136 28 melden.
731 2185 83 28 Aber
831 2184 55 28 der
904 2183 109 28 Soldat
1030 2183 76 28 kam
1123 2182 68 29 ihm
1211 2191 107 25 zuvor,
1338 2185 95 34 sagte,

143 2229 70 22 zum
231 2225 102 37 Major
348 2227 174 36 gewendet,
538 2227 58 28 mit
612 2227 55 28 der
683 2225 153 37 gleichen,
853 2224 169 29 einfachen
1038 2224 101 29 Ruhe:
1160 2224 75 33 „Ich
1252 2225 77 28 reite
1345 2225 89 29 nicht
