1589 2540
183 2308 35 28 66

185 211 313 31 Sozialdemokraten
525 212 46 30 als
599 212 139 29 Lakaien
768 213 54 28 der
849 211 271 38 kriegführenden
1149 212 108 28 Klasse
1284 211 61 29 den
1374 212 77 27 wohl-

183 252 151 35 gezielten
359 252 174 30 Dolchstoß
557 254 138 28 führten.
742 254 69 28 Daß
836 254 43 28 sie
903 254 103 33 heute,
1030 254 157 28 nachdem
1211 253 54 28 der
1290 252 181 28 Wahnwitz

184 294 84 28 ihrer
292 293 223 38 Kriegspolitik
540 304 34 19 so
597 294 183 29 entsetzlich
804 295 151 28 erwiesen
977 294 49 33 ist,
1049 294 83 28 noch
1155 294 113 27 immer
1291 292 89 30 nicht
1403 301 45 19 um-

183 336 121 34 gelernt
321 337 66 27 und
406 336 126 28 Abbitte
550 338 93 33 getan
661 336 115 33 haben,
795 336 156 35 bestätigt,
971 336 62 28 daß
1053 335 43 29 sie
1114 335 83 28 noch
1216 334 51 29 die
1286 334 85 28 alten
1390 334 80 33 sind,

184 376 63 29 daß
272 376 43 29 sie
340 379 92 26 unter
455 377 144 35 gleichen
621 376 199 29 Umständen
843 376 116 29 wieder
983 383 102 29 genau
1109 384 34 20 so
1166 376 141 28 handeln
1330 375 141 32 würder,

185 418 58 28 wie
261 426 56 19 vor
335 419 18 26 8
372 418 129 33 Jahren,
519 418 142 28 nämlich
679 418 87 33 alles,
785 426 64 20 was
869 418 43 27 sie
931 417 123 35 bislang
1071 416 183 36 propagiert
1270 416 115 33 haben,
1404 425 50 19 ver-

187 459 135 34 leugnen
345 459 65 28 lind
432 459 103 28 denen
557 458 218 36 Gefolgschaft
796 458 121 34 leisten,
939 458 50 28 die
1011 458 49 27 die
1082 458 109 28 Macht
1211 456 261 36 repräsentieren.

267 507 41 30 Es
327 508 78 28 muß
423 508 99 28 daher
542 508 160 35 skeptisch
722 508 249 35 aufgenommen
990 507 136 33 werden,
1145 507 63 27 daß
1227 506 114 36 gerade
1360 506 43 28 sie
1422 505 50 29 die

185 549 207 36 begeisterten
409 550 158 28 Vertreter
585 548 87 37 jener
690 549 112 28 Parole
820 549 80 32 sind,
918 549 50 28 die
985 549 56 27 wir
1060 548 33 28 in
1110 548 62 28 den
1189 548 114 28 letzten
1322 547 150 27 Monaten

185 590 113 29 immer
317 592 66 26 und
403 590 113 29 immer
535 590 116 28 wieder
670 590 195 28 vernehmen
884 590 66 28 und
969 589 50 29 die
1038 589 51 28 für
1109 588 164 28 Millionen
1291 588 66 28 und
1377 587 75 29 Aber-

185 631 165 28 millionen
372 631 33 28 in
427 632 83 27 allen
533 631 149 28 Ländern
703 630 153 36 Inbegriff
878 631 139 28 edelsten
1039 630 190 35 politischen
1251 629 146 29 Strebens
1420 628 34 28 be-

184 673 117 28 deutet:
327 672 56 29 Nie
404 672 117 29 wieder
544 672 104 36 Krieg!
683 672 42 29 Es
746 673 116 34 genügt
883 672 75 27 aber
980 671 98 34 nicht,
1100 671 56 28 auf
1175 670 109 29 diesen
1305 670 167 36 grotesken

185 713 229 35 Widerspruch
439 713 226 33 hinzuweisen,
690 713 63 28 daß
778 713 227 35 ausgerechnet
1027 712 50 28 die
1102 712 213 27 Durchhalter
1340 719 57 27 par
1422 720 33 18 ex-

185 755 145 33 cellence,
349 755 50 28 die
416 754 84 29 noch
518 755 94 28 heute
630 755 160 28 schamlos
807 754 67 28 und
892 753 227 28 selbstbewußt
1138 752 56 28 auf
1211 752 68 28 ihre
1296 752 176 28 bewiesene

186 795 369 36 Kriegszuverlässigkeit
574 795 136 35 pochen,
731 795 66 28 sich
818 793 194 37 gleichzeitig
1034 795 45 28 als
1099 793 157 28 Torhüter
1277 793 55 28 des
1352 792 120 36 ewigen

185 837 150 28 Friedens
354 837 160 35 ausgeben
532 837 65 28 und
674 837 57 28 das
750 836 40 29 ist
808 836 55 28 das
883 835 168 35 Drolligste
1128 834 189 28 tatsächlich
1335 833 33 28 in
1387 833 85 28 ihrer

184 879 121 34 großen
330 879 103 27 Masse
457 878 147 35 glauben,
628 886 32 19 es
685 886 38 19 zu
749 877 75 28 sein.
869 876 80 29 Eine
974 876 172 35 Zerlegung
1169 875 102 28 dieser
1295 874 157 35 wirkungs-

184 919 105 29 vollen
310 919 113 28 Parole
445 919 33 28 in
500 918 165 28 Ursachen
686 919 66 27 und
775 918 124 28 Inhalte
921 917 39 28 ist
982 917 191 35 notwendig,
1196 925 55 19 um
1274 915 68 28 ihre
1364 915 108 28 wahre

185 960 185 36 Bedeutung
387 969 38 19 zu
443 960 140 28 erhellen
599 960 66 28 und
682 968 54 19 um
753 959 187 36 diejenigen,
957 958 119 29 welche
1093 966 62 20 von
1171 957 49 28 ihr
1237 957 138 35 gebannt
1392 956 80 32 sind,

185 1010 37 20 zu
244 1001 169 29 kritischer
434 1000 144 36 Prüfung
599 1009 39 19 zu
658 1000 212 28 veranlassen.

268 1042 63 29 Der
346 1041 145 30 Wunsch
507 1042 83 28 nach
607 1041 144 34 Frieden,
768 1042 83 27 nach
866 1041 211 36 Versöhnung
1093 1042 54 28 der
1164 1041 117 29 Völker
1296 1042 66 27 und
1378 1040 77 30 fried-

185 1084 98 28 licher
300 1083 170 36 Beilegung
486 1083 85 28 ihrer
588 1082 233 36 Streitigkeiten
836 1082 39 28 ist
892 1091 34 20 so
942 1083 44 27 alt
1001 1082 59 28 wie
1077 1082 49 28 die
1143 1082 195 33 Geschichte,
1356 1083 116 27 ebenso

184 1124 254 29 verschiedenste
473 1124 219 28 Maßnahmen
727 1133 39 18 zu
801 1122 101 30 seiner
936 1123 284 36 Verwirklichung.
1277 1123 75 29 Fast
1385 1123 87 36 jeder

184 1166 132 35 größere
337 1166 93 36 Krieg
449 1166 110 28 wurde
579 1164 58 30 mit
656 1164 198 36 irgendeiner
874 1164 136 36 heiligen
1030 1164 132 33 Allianz,
1183 1164 104 29 einem
1308 1164 145 29 Friedens-

187 1207 88 28 bund
297 1207 76 28 oder
394 1206 130 34 ewigem
547 1206 135 28 Frieden
703 1205 253 34 abgeschlossen:
981 1206 55 27 der
1058 1206 91 28 letzte
1171 1205 58 29 mit
1249 1206 73 28 dem
1343 1204 112 28 Völker-

185 1249 97 27 bund.
327 1247 203 37 Regelmäßig
554 1247 74 28 aber
652 1247 172 28 enthielten
846 1247 80 28 eben
948 1246 85 29 diese
1055 1246 281 36 Vereinbarungen
1358 1246 115 28 bereits

185 1290 61 29 den
270 1289 91 29 Keim
384 1298 98 19 neuer
507 1288 120 36 Kriege.
672 1288 63 28 Auf
757 1288 100 29 dieser
881 1287 275 29 unbestreitbaren
1179 1287 156 29 Tatsache
1357 1287 116 28 beruht

185 1331 50 29 die
256 1330 137 29 vielfach
416 1331 176 28 vertretene
614 1329 204 36 Auffassung:
845 1328 112 36 Kriege
981 1329 85 28 seien
1089 1328 68 29 eine
1181 1329 133 28 niemals
1337 1337 57 20 aus
1418 1329 54 28 der

185 1371 85 30 Welt
291 1381 38 18 zu
353 1371 185 29 schaffende
561 1370 323 36 Naturerscheinung,
906 1370 227 28 unausrottbar
1156 1370 59 28 wie
1238 1369 146 29 Gewitter
1407 1369 65 28 und

186 1414 134 33 Stürme,
344 1413 59 28 wie
425 1412 178 28 Krankheit
625 1412 66 28 und
714 1411 77 28 Tod.
835 1411 64 29 Das
922 1411 107 28 Leben
1051 1411 56 28 der
1128 1411 117 28 Völker
1269 1411 43 28 sei
1335 1411 59 28 wie
1416 1411 56 28 das

184 1455 55 28 des
265 1454 175 28 Einzelnen
465 1453 73 29 dem
565 1453 108 28 Gesetz
698 1453 54 28 des
778 1451 155 30 Werdens
959 1452 65 28 und
1050 1452 179 35 Vergehens
1256 1451 215 29 unterworfen

185 1496 65 28 und
271 1495 93 36 Krieg
383 1494 69 30 eine
470 1496 92 26 unter
581 1493 103 29 vielen
704 1493 366 35 Erscheinungsformen
1088 1493 100 28 dieses
1209 1493 152 28 Gesetzes.
1403 1491 69 29 Wie

184 1537 56 29 das
258 1537 107 28 Leben
381 1536 58 28 mit
456 1536 42 28 all
515 1535 101 29 seiner
634 1535 82 35 Qual
733 1535 66 27 und
816 1534 119 28 seinem
952 1534 101 28 Elend
1070 1534 186 28 schließlich
1274 1534 82 28 doch
1373 1533 99 29 schön

184 1579 65 27 und
268 1576 235 37 bejahenswert
521 1576 53 33 sei,
595 1585 33 19 so
648 1576 106 28 müsse
773 1584 75 19 man
869 1575 82 29 auch
971 1576 55 27 der
1046 1575 313 35 Naturerscheinung
1379 1573 93 36 Krieg

184 1619 49 29 ins
252 1618 145 36 grausige
416 1618 116 28 Antlitz
552 1627 37 18 zu
608 1616 128 29 blicken
754 1616 125 33 wissen,
898 1616 65 28 und
982 1616 186 33 versuchen,
1188 1616 56 28 das
1263 1616 124 28 Schöne
1406 1616 66 27 und

183 1659 256 37 Bejahenswerte
462 1658 93 29 darin
578 1667 38 19 zu
639 1657 119 29 finden.
803 1657 92 29 Diese
918 1656 195 36 Auffassung
1136 1657 148 28 entbehrt
1305 1656 90 29 nicht
1417 1656 55 28 der

183 1701 101 35 Logik
360 1710 32 19 es
410 1701 40 27 ist
467 1700 148 28 indessen
632 1699 89 28 nicht
739 1699 131 32 schwer,
889 1698 225 33 festzustellen,
1131 1698 64 28 daß
1213 1707 32 19 es
1264 1698 66 28 sich
1349 1706 56 19 um
1422 1696 50 29 die

184 1743 101 28 uralte
301 1742 100 36 Logik
416 1741 183 36 derjenigen
613 1740 140 33 handelt,
769 1740 49 28 die
835 1740 67 28 sich
917 1739 56 29 auf
987 1740 55 28 der
1058 1739 205 29 Sonnenseite
1278 1739 55 28 des
1348 1738 123 29 Lebens

183 1783 159 30 befinden,
363 1783 55 28 der
439 1782 118 35 jeweils
578 1781 238 28 herrschenden
837 1781 118 27 Klasse.
999 1780 64 28 Für
1084 1780 50 28 die
1156 1780 55 28 auf
1231 1780 55 28 der
1308 1779 144 29 Schatten-

184 1825 75 29 seite
295 1824 122 30 enthält
454 1823 43 28 sie
535 1823 75 28 aber
648 1822 50 28 ein
735 1820 284 34 unwillkürliches,
1056 1821 89 28 recht
1182 1821 178 28 wertvolles
1397 1820 55 29 Ein-

183 1865 192 36 geständnis,
400 1864 152 29 nämlich:
579 1862 105 29 Wenn
708 1872 76 19 man
809 1872 32 19 es
866 1863 45 27 als
935 1862 287 28 unabänderliches
1248 1862 109 28 Gesetz
1382 1869 71 20 aner-

183 1907 108 33 kennt,
320 1907 63 27 daß
414 1906 70 33 Not,
514 1905 122 33 Armut,
667 1904 186 33 Krankheit,
884 1904 101 27 Elend
1013 1903 66 28 und
1108 1903 277 35 Verkümmerung
1414 1902 57 27 das

183 1949 107 27 Leben
307 1949 54 27 der
378 1947 134 28 meisten
528 1946 173 29 Menschen
718 1945 173 32 bedrohen,
910 1953 33 20 so
961 1945 78 27 muß
1056 1953 76 19 man
1149 1944 116 29 ebenso
1281 1942 189 29 fatalistisch

181 1989 51 29 die
254 1989 112 36 Kriege
386 1988 207 28 hinnehmen.
636 1987 133 35 Solange
789 1986 56 28 der
867 1985 150 29 Einzelne
1038 1985 44 28 im
1103 1984 138 37 Kampfe
1261 1994 71 19 ums
1354 1983 117 29 Dasein

182 2030 159 28 entweder
364 2029 153 28 Hammer
539 2028 76 28 oder
637 2028 125 28 Amboß
785 2027 49 33 ist,
857 2027 128 35 solange
1007 2027 82 28 auch
1112 2025 50 30 die
1184 2025 158 29 Nationen
1364 2027 88 26 unter-

181 2071 161 29 einander.

263 2112 81 30 Acht
374 2112 96 28 Jahre
501 2110 71 29 sind
602 2110 170 28 historisch
803 2109 136 36 gesehen
970 2109 51 28 ein
1052 2109 72 27 sehr
1154 2108 114 28 kurzer
1300 2107 168 29 Zeitraum.

183 2153 217 36 Gleichgültig,
430 2152 121 30 wieviel
580 2151 236 36 Erfahrungen,
846 2150 193 35 Meinungen
1067 2150 66 28 und
1163 2149 245 36 Beurteilungen
1437 2148 33 28 in

187 2196 119 28 diesem
331 2196 160 27 Zeitraum
515 2194 49 28 die
590 2194 103 35 Köpfe
719 2194 54 27 der
798 2192 164 28 Millionen
989 2192 162 27 Lebender
1176 2190 174 29 ausfüllten
1373 2189 96 29 —in

181 2236 91 29 ihren
305 2235 203 29 Funktionen
540 2234 169 29 verändert
740 2232 106 30 haben
878 2232 43 29 sie
954 2232 66 28 sich
1054 2240 61 20 nur
1147 2232 96 32 dann,
1276 2240 93 20 wenn
1401 2230 68 28 ihre
