3553 4572
2080 3867 183 40 20

1555 594 126 40 Dann
1712 592 184 41 weichen
1918 590 194 50 Wolken,
2147 589 64 41 die
2244 588 77 42 das
2354 588 146 41 Rätsel
2533 587 137 48 hüten,

1555 663 73 40 wir
1661 662 135 41 ahnen
1830 661 76 41 das
1938 658 338 58 geheimnisvolle
2309 657 121 43 Band

1555 733 206 40 zwischen
1794 731 80 42 den
1905 730 158 41 Leiden
2095 729 85 42 und
2215 729 80 40 den
2327 727 153 42 blauen
2512 726 158 49 Blüten,

1556 801 203 41 zwischen
1792 801 73 40 der
1886 800 137 41 Welle
2055 799 85 41 und
2173 799 95 40 dem
2302 797 181 42 dunkeln
2515 795 167 42 Strand.

1557 935 78 41 Die
1668 935 204 41 Stimmen
1904 935 168 40 flüstern
2105 947 76 26 aus
2216 932 80 41 den
2329 931 138 41 hohen
2499 931 150 40 Lüften

1557 1004 85 42 und
1674 1004 168 42 werden
1873 1002 149 42 Lieder
2054 1002 39 41 in
2127 1001 96 41 dem
2245 1000 262 41 Wiesenthal

1558 1074 84 41 und
1674 1073 170 41 werden
1875 1072 176 41 Blumen
2085 1071 75 41 auf
2187 1069 75 41 der
2295 1068 128 42 Liebe
2456 1069 174 41 Grüften

1558 1143 85 40 und
1674 1142 214 41 Leuchten
1919 1142 40 40 in
1994 1141 74 41 des
2102 1140 148 40 Festes
2284 1138 270 56 Spiegelsaal.

1559 1278 89 39 Der
1681 1276 158 40 Garten
1872 1275 131 41 duftet
2034 1280 120 35 unter
2185 1271 341 55 Flötenklängen,

1561 1346 74 41 des
1668 1347 205 53 Morgens
1906 1345 218 40 Flammen
2155 1343 40 40 in
2228 1342 81 40 den
2341 1340 154 42 Abend
2526 1340 107 50 lohn,

1561 1415 65 41 die
1648 1416 154 39 Worte
1835 1414 87 41 sich
1954 1413 73 42 mit
2059 1412 147 41 lichten
2236 1409 170 43 Farben
2439 1423 190 41 mengen,

1561 1498 45 27 es
1637 1484 116 41 buhlt
1785 1483 74 41 der
1890 1483 107 41 Duft
2029 1496 54 27 an
2115 1481 124 42 Süfse
2271 1480 72 41 mit
2376 1479 96 41 dem
2504 1480 107 40 Ton.

1562 1619 59 39 Es
1653 1616 153 42 buhlen
1838 1615 177 42 tausend
2047 1615 143 42 Leben
2222 1614 41 42 in
2295 1613 95 41 dem
2422 1613 142 49 Einen,

1561 1686 311 42 verschwistert
1904 1684 192 42 wandeln
2124 1684 213 49 Dämmer,
2369 1683 98 54 Tag
2498 1681 84 42 und
2610 1681 147 49 Nacht,

1563 1756 74 40 der
1658 1756 207 40 Wehmut
1896 1754 181 40 Lächeln
2109 1752 85 42 und
2225 1750 244 57 beglücktes
2493 1751 179 40 Weinen

1563 1825 65 41 die
1660 1824 155 42 müden
1847 1824 148 41 Seelen
2029 1823 90 41 sind
2152 1824 55 40 im
2239 1824 160 39 Traum
2432 1820 191 42 erwacht.

2135 2053 55 40 111

1564 2190 59 41 Es
1656 2189 52 40 ist
1740 2188 222 49 bestimmt,
1996 2186 93 41 dafs
2122 2185 74 42 wir
2230 2185 63 41 die
2326 2185 110 41 Frist
2469 2184 253 48 verweinen;

1566 2258 65 41 die
1663 2258 120 42 Seele
1816 2258 40 40 in
1888 2254 368 43 beschwerendem
2288 2253 189 42 Gewand

1564 2328 79 41 will
1666 2327 86 41 sich
1775 2326 97 41 dem
1891 2327 93 53 Zug
2012 2325 74 41 der
2112 2325 204 40 frommen
2338 2323 267 42 Schwestern
2635 2322 127 49 einen,

1566 2397 75 41 der
1662 2395 297 43 Wolkenfahrt
1991 2408 95 27 zum
2117 2392 268 42 abendlichen
2417 2391 131 42 Land.

1566 2530 99 42 Wie
1698 2528 344 44 Sternenhimmel
2076 2526 185 56 spiegeln
2293 2526 39 41 in
2365 2525 81 41 den
2477 2524 157 49 Fluten,

1567 2600 77 41 das
1676 2599 143 42 Leben
1852 2599 39 40 in
1925 2598 65 40 die
2023 2596 153 41 müden
2209 2595 148 42 Seelen
2390 2594 157 41 scheint

1566 2669 87 42 und
1685 2669 117 40 eine
1835 2667 227 42 Schönheit
2093 2666 86 40 hält
2211 2666 58 40 sie
2302 2671 155 35 stumm
2488 2663 158 41 vereint

1567 2739 41 40 in
1639 2738 201 49 Nächten,
1875 2736 54 41 da
1962 2736 64 41 die
2052 2735 126 56 jähen
2210 2734 170 41 Stürme
2411 2732 156 41 ruhten.

1568 2871 100 43 Und
1701 2872 114 40 eine
1848 2868 227 44 Schönheit
2105 2867 137 56 gleifst
2274 2867 38 40 in
2345 2873 201 34 stummer
2577 2865 149 48 Nacht,

1568 2954 122 28 wenn
1725 2940 87 41 sich
1843 2940 55 40 im
1930 2939 185 40 Traume
2147 2936 68 42 All
2246 2935 85 42 und
2364 2935 120 42 Seele
2517 2935 126 49 einen,

1570 3010 109 40 doch
1711 3008 91 42 sind
1835 3009 74 40 wir
1941 3008 40 40 in
2014 3007 81 41 den
2126 3005 185 42 bleichen
2343 3006 99 54 Tag
2474 3005 191 49 erwacht,

1569 3083 171 37 müssen
1771 3078 74 42 wir
1877 3077 169 48 weinen,
2081 3076 145 40 immer
2259 3074 153 41 wieder
2444 3074 169 40 weinen.

2625 3158 132 36 Oskar
2786 3158 47 37 A.
2861 3158 48 37 H.
2937 3157 166 38 Schmitz
