3646 4572
1185 1014 462 38 DRUCKVERMERK:
1677 1014 233 38 VIERTER
1934 1011 296 51 JAHRGANG,
2256 1010 197 38 ERSTES
2478 1010 151 37 HEFT;

1185 1092 62 38 ES
1275 1092 240 40 WURDEN
1545 1091 294 38 GEDRUCKT
1860 1090 107 38 VON
1993 1089 194 38 DIESEM
2209 1089 153 38 HEFT:
2384 1086 502 41 ACHTUNDDREISSIG
2909 1085 131 39 NUME-

1184 1171 193 38 RIERTE
1409 1169 322 39 EXEMPLARE
1764 1169 111 38 AUF
1903 1166 390 39 KAISERLICHEM
2323 1166 163 50 JAPAN
2516 1157 109 46 FÜR
2656 1165 87 38 DIE
2776 1156 264 47 KÜNSTLER-

1183 1249 256 45 AUSGABE,
1463 1240 521 45 FÜNFUNDSIEBENZIG
2007 1243 345 40 NUMERIERTE
2374 1245 324 38 EXEMPLARE
2721 1243 110 39 AUF
2845 1242 195 40 KUPFER-

1183 1325 188 39 DRUCK
1404 1317 109 47 FÜR
1543 1325 89 38 DIE
1664 1323 504 44 VORZUGSAUSGABE,
2201 1321 678 41 EINTAUSENDEINHUNDERT
2909 1321 132 38 EXEM-

1183 1405 172 38 PLARE
1391 1403 109 39 AUF
1528 1401 396 41 KUPFERDRUCK
1951 1393 109 46 FÜR
2093 1402 88 36 DIE
2214 1401 339 37 ALLGEMEINE
2586 1400 245 38 AUSGABE

1183 1484 94 36 DIE
1310 1475 423 45 FÜNFFARBIGEN
1767 1480 729 38 ORIGINALLITHOGRAPHIEN
2529 1478 113 39 VON
2674 1478 215 44 SIGNAC,
2919 1478 155 45 LUCE,

1184 1561 175 44 CROSS,
1388 1561 276 48 PETITJEAN
1692 1560 237 37 WURDEN
1959 1558 293 37 GEDRUCKT
2274 1560 81 37 BEI
2383 1560 47 35 A.
2451 1557 144 38 CLOT
2616 1558 50 37 IN
2694 1557 145 37 PARIS

1181 1641 89 37 DIE
1315 1638 680 40 ORIGINALLITHOGRAPHIEN
2040 1637 108 37 VON
2194 1637 147 37 THEO
2388 1637 108 37 VAN
2538 1636 412 38 RYSSELBERGHE
2995 1636 81 35 BEI

1178 1721 30 48 J.
1235 1721 42 36 E.
1303 1718 271 39 GOOSSENS
1606 1718 50 37 IN
1688 1710 246 52 BRÜSSEL,
1969 1716 111 38 VON
2114 1717 106 37 VAN
2253 1717 75 37 DE
2359 1716 179 37 VELDE
2571 1717 80 37 BEI
2681 1715 253 38 LEUTERT
2962 1715 110 38 UND

1180 1797 401 38 SCHNEIDEWIND
1619 1797 51 37 IN
1706 1795 250 38 DRESDEN

1179 1876 87 35 DIE
1294 1875 380 38 LICHTDRUCKE
1701 1873 150 37 NACH
1879 1873 222 37 ARNOLD
2130 1866 227 45 BÖCKLIN
2385 1873 111 37 UND
2516 1873 184 37 ADOLF
2727 1871 344 38 HILDEBRAND

1180 1955 172 37 SOWIE
1378 1955 149 37 NACH
1553 1953 214 37 SEURAT
1790 1953 111 37 UND
1932 1953 277 49 PETITJEAN
2241 1953 81 37 BEI
2348 1953 47 37 A.
2423 1952 188 38 FRISCH
2638 1953 51 36 IN
2717 1952 186 37 BERLIN

1180 2033 88 37 DIE
1302 2032 335 38 AUTOTYPIEN
1672 2031 113 38 UND
1815 2031 184 38 ZINKOS
2034 2032 109 36 DER
2174 2031 376 37 ABBILDUNGEN
2582 2031 56 35 IM
2665 2030 146 36 TEXT
2839 2030 235 38 WURDEN

1180 2112 387 38 HERGESTELLT
1588 2111 81 37 BEI
1696 2111 45 37 G.
1766 2102 334 46 BÜXENSTEIN
2127 2111 36 37 &
2192 2110 80 38 CO.
2303 2110 110 38 UND
2441 2111 47 37 A.
2511 2110 187 38 FRISCH
2724 2110 51 36 IN
2802 2110 188 36 BERLIN

1181 2192 94 36 DIE
1299 2191 407 49 JAPANPAPIERE
1738 2190 115 38 DER
1885 2182 565 46 KÜNSTLERAUSGABE
2489 2188 115 37 UND
2643 2188 117 37 DER
2797 2187 243 38 VORZUGS-

1179 2270 223 36 DRUCKE
1430 2270 257 36 LIEFERTE
1717 2270 45 35 R.
1791 2268 234 38 WAGNER
2051 2270 51 35 IN
2129 2268 203 44 BERLIN,
2368 2267 105 37 DAS
2501 2266 573 38 KUPFERDRUCKPAPIER

1179 2348 43 37 E.
1251 2348 135 37 OBST
1412 2348 37 37 &
1477 2347 92 45 CO.,
1597 2347 557 37 STRASSBURG-BERLIN

1178 2427 90 37 DIE
1291 2427 257 38 AUFLAGE
1571 2426 193 38 SELBST
1786 2426 184 49 (SOWIE
1993 2427 110 37 DER
2125 2426 309 51 UMSCHLAG)
2459 2426 204 38 WURDE
2694 2426 385 39 HERGESTELLT

1183 2510 50 36 IN
1266 2510 111 36 DER
1414 2507 207 39 OFFIZIN
1661 2510 56 36 W.
1748 2506 270 39 DRUGULIN
2055 2507 50 37 IN
2131 2506 210 46 LEIPZIG,
2380 2506 287 38 GEBUNDEN
2691 2505 51 36 IN
2774 2505 112 36 DER
2916 2503 127 38 BUCH-

1179 2583 889 40 BINDEREI-AKTIENGESELLSCHAFT
2100 2585 251 36 VORMALS
2397 2583 47 40 G.
2477 2583 287 38 FRITZSCHE
2792 2583 50 37 IN
2878 2582 196 38 LEIPZIG

1179 2663 110 38 UND
1322 2663 140 38 WIRD
1496 2661 353 39 AUSGEGEBEN
1880 2662 81 38 BEI
1988 2662 37 38 F.
2051 2661 245 39 FONTANE
2323 2663 37 38 &
2388 2662 81 38 CO.
2497 2663 51 37 IN
2573 2662 188 38 BERLIN

1186 2743 56 36 IM
1278 2741 258 38 AUFTRAG
1569 2742 109 37 DER
1715 2741 486 38 GENOSSENSCHAFT
2228 2741 103 38 PAN

1180 2821 89 38 DIE
1296 2821 329 33 REDAKTION:
1651 2821 188 37 BERLIN
1866 2821 58 37 W.
1946 2831 68 37 35.,
2040 2809 589 47 KURFÜRSTENSTRASSE

1180 2900 84 36 DR.
1294 2892 176 44 CÄSAR
1499 2900 326 39 FLAISCHLEN

1180 2978 81 37 AM
1287 2978 594 38 EINUNDDREISSIGSTEN
1910 2977 107 50 JULI
2044 2976 337 38 EINTAUSEND
2384 2974 687 39 ACHTHUNDERTACHTUND-
