3590 4572
2125 3838 186 42 40

992 554 118 33 hatten
1131 550 63 36 auf
1209 552 95 33 ihren
1320 552 207 33 Strohhüten
1554 550 191 48 deckgrüne
1771 548 177 42 Schleifen,
1969 563 70 21 was
2069 549 77 34 dem

995 605 149 34 blonden
1162 605 99 33 Teint
1279 605 73 33 sehr
1368 612 61 39 gut
1457 604 105 39 stand,
1590 602 63 35 den
1672 603 176 34 brünetten
1875 601 75 36 aber
1976 611 104 25 etwas
2107 614 39 21 zu

994 657 151 35 bläulich
1164 657 189 34 erscheinen
1378 655 72 36 liefs
1476 656 103 47 (nach
1597 654 158 35 Böcklins
1776 654 221 47 Aeufserung,
2018 654 52 34 die
2091 654 54 34 ich

994 711 95 33 nicht
1107 710 92 33 recht
1218 708 181 47 verstand).

1073 765 40 31 Es
1133 763 42 32 ist
1193 762 122 33 höchst
1335 759 175 49 anregend,
1530 761 61 32 mit
1611 759 141 35 Böcklin
1780 760 161 47 spazieren
1967 771 40 21 zu
2027 758 117 46 gehen.

993 818 42 31 Er
1047 814 199 35 beobachtet
1256 812 232 36 fortwährend
1500 812 69 35 und
1580 811 98 36 weifs
1694 825 58 21 aus
1769 811 86 35 allen
1865 811 282 45 Beobachtungen

997 867 54 34 die
1084 866 226 47 geistvollsten
1334 866 231 47 Folgerungen
1597 878 41 21 zu
1671 865 123 33 ziehen.
1843 866 41 32 Er
1910 862 141 35 äufserte
2077 862 70 33 sich

1000 919 124 34 einmal
1139 919 82 34 über
1240 919 55 34 das
1315 918 172 34 Studieren
1512 918 57 34 der
1587 919 130 32 Natur:
1739 915 63 35 Oft
1832 916 80 46 gehe
1932 928 78 21 man
2036 915 34 32 in
2091 913 56 34 der

995 974 113 32 Natur
1127 972 169 34 zwischen
1315 972 146 38 Steinen,
1481 973 149 31 Bäumen
1649 969 69 34 und
1739 969 149 34 Büschen
1908 967 129 39 umher,
2059 967 88 33 ohne

998 1033 103 25 etwas
1122 1037 40 21 zu
1182 1024 123 39 finden,
1327 1023 54 35 das
1402 1032 85 26 wert
1512 1026 103 35 wäre,
1635 1021 190 47 gezeichnet
1849 1033 40 21 zu
1908 1020 147 38 werden,
2075 1018 72 33 und

998 1077 162 48 plötzlich
1185 1076 113 34 werde
1324 1089 77 21 man
1426 1075 107 33 durch
1559 1075 73 33 eine
1656 1072 205 48 Kleinigkeit
1888 1072 113 47 (einen
2026 1071 120 38 Busch,

998 1129 56 35 der
1074 1142 106 34 gegen
1196 1129 51 33 die
1264 1127 81 35 Luft
1366 1129 85 32 steht
1472 1127 79 33 oder
1567 1126 118 47 dergl.)
1703 1124 198 35 überrascht.
1936 1127 115 31 VZenn
2068 1134 79 21 man

997 1183 71 33 sich
1088 1181 89 34 dann
1196 1180 102 48 fragt:
1320 1180 119 34 woher
1458 1178 134 35 kommt
1613 1192 43 26 es,
1676 1176 70 35 dafs
1772 1190 79 21 man
1869 1177 69 32 sich
1958 1176 70 33 hier
2048 1187 97 34 sagen

997 1233 107 35 mufs:
1127 1234 54 33 das
1201 1234 41 33 ist
1262 1246 36 21 so
1319 1234 117 37 schön,
1452 1232 66 33 wie
1533 1244 78 20 man
1630 1242 31 22 es
1681 1230 70 33 sich
1766 1242 76 20 zum
1858 1228 91 33 Bilde
1968 1240 63 21 nur
2046 1232 76 29 wün-

998 1287 100 33 schen
1124 1286 104 39 kann,
1256 1298 37 21 so
1322 1285 85 34 wird
1439 1296 76 21 man
1541 1282 105 34 durch
1666 1282 51 33 die
1738 1284 136 43 Lösung
1900 1280 86 34 einer
2010 1279 137 34 solchen

999 1341 99 45 Frage
1119 1338 92 33 mehr
1230 1338 125 38 lernen,
1376 1336 45 35 als
1442 1334 105 35 durch
1567 1334 98 34 vieles
1681 1333 307 34 Studienzeichnen.

1080 1390 58 35 Als
1158 1390 65 35 wir
1242 1390 100 33 Mitte
1358 1389 73 33 Mai
1451 1387 122 34 einmal
1592 1387 86 33 nach
1698 1385 56 33 der
1774 1384 114 35 Arbeit
1908 1397 55 21 zur
1978 1387 97 30 Porta
2095 1382 53 34 del

1000 1442 132 49 Popolo
1148 1442 255 46 hinausgingen,
1419 1439 214 35 bewunderte
1649 1451 32 21 er
1697 1438 104 34 rechts
1817 1437 52 34 die
1883 1434 189 36 Tufffelsen
2086 1435 62 33 mit

1002 1495 64 34 den
1077 1492 367 36 kurzanschliefsenden
1455 1491 147 35 Büschen
1614 1490 69 34 und
1697 1490 130 34 machte
1841 1489 90 34 mich
1944 1487 61 35 auf
2012 1488 55 33 das
2079 1496 52 25 rot-

1001 1546 168 35 blühende
1183 1545 151 35 zierliche
1346 1543 223 36 Löwenmaul
1585 1542 68 34 und
1664 1541 173 35 Hauslaub
1853 1540 64 35 auf
1926 1541 64 34 den
2006 1543 142 31 Mauern

1002 1598 236 36 aufmerksam.
1275 1597 195 34 Weiterhin
1489 1595 52 35 bei
1561 1595 57 33 der
1637 1595 107 46 Vigne
1764 1594 54 33 des
1837 1593 146 34 Michele
2004 1606 72 21 war
2092 1590 62 36 auf

1002 1651 56 34 der
1078 1650 115 35 linken
1213 1650 83 34 Seite
1322 1649 55 34 des
1397 1651 124 44 Weges
1548 1648 52 33 ein
1626 1646 185 35 blühender
1830 1645 232 36 Granatbusch
2088 1644 60 34 mit

1001 1702 140 36 weifsen
1162 1702 70 34 und
1252 1715 74 21 rosa
1346 1704 113 31 Rosen
1484 1700 276 38 durchwachsen,
1787 1698 98 34 deren
1904 1697 131 39 Blätter,
2063 1697 85 33 auch

1002 1764 103 26 etwas
1122 1754 159 47 länglich,
1298 1767 68 21 von
1386 1753 75 34 dem
1477 1751 204 36 Granatlaub
1697 1751 128 34 schwer
1841 1763 38 21 zu
1898 1748 251 35 unterscheiden

1002 1808 82 33 sind.
1123 1808 123 33 Rechts
1266 1804 64 36 auf
1345 1805 76 34 dem
1440 1805 109 34 Felsen
1576 1804 51 33 die
1654 1802 148 35 dunkeln
1828 1801 105 35 festen
1954 1804 193 45 Cypressen,

1002 1859 150 36 daneben
1173 1860 137 46 (höchst
1329 1858 125 47 graziös
1475 1857 68 34 und
1571 1856 117 46 leicht)
1715 1858 101 44 junge
1842 1853 158 35 schlanke
2027 1856 98 31 Bäum-

1002 1913 95 34 chen.
1131 1912 63 33 Ein
1216 1910 137 35 schönes
1383 1910 113 34 Motiv
1528 1922 72 21 war
1632 1909 72 33 ihm
1735 1912 149 29 zerstört:
1919 1904 92 41 feste,
2040 1904 108 48 grofse

1004 1963 302 39 Oleanderbüsche,
1334 1975 57 22 aus
1421 1962 106 34 denen
1551 1959 131 35 zierlich
1708 1961 72 32 eine
1809 1959 109 33 kleine
1943 1957 205 35 Weinlaube

1000 2016 189 34 heraussah.

2717 558 14 32 3
2745 559 29 22 ic
2794 546 73 33 Mai
2890 547 43 33 66

2251 618 157 34 besuchte
2442 617 54 34 ich
2528 614 145 35 Böcklin
2712 614 70 35 und
2817 616 104 46 zeigte
2963 615 71 34 ihm
3072 616 87 33 mein
3194 619 200 45 Fragment

2252 668 176 36 antiker
2452 668 198 40 Malerei,
2671 667 57 34 das
2747 668 56 33 ich
2822 668 52 33 bei
2893 668 110 33 Prima
3022 670 98 31 Porta
3147 667 176 47 gefunden.

2251 722 144 35 Böcklin
2411 722 132 38 meinte,
2555 734 30 21 es
2601 720 45 34 sei
2660 719 167 35 vielleicht
2841 720 62 33 mit
2917 718 211 35 Leimfarben
3140 719 62 34 auf
3211 721 183 38 schwarzen

2252 774 229 47 Freskogrund
2492 772 135 49 gemalt.
2701 775 18 31 S
2731 776 157 44 päterer
2902 774 162 32 Zusatz;
3083 773 130 46 (Später
3233 788 10 20 1
3257 774 135 47 868/69

2252 826 158 35 erkannte
2429 825 143 35 Böcklin
2592 839 30 20 es
2641 825 123 46 jedoch
2785 824 45 34 als
2850 825 102 33 reines
2973 824 172 44 Fresko.)

2330 877 142 35 Böcklin
2505 878 225 47 widersprach
2756 877 104 34 damit
2886 875 229 42 Pettenkofer,
3144 877 55 33 der
3224 876 172 51 behauptet

2251 932 70 39 hat,
2342 930 71 35 dafs
2433 930 138 35 sowohl
2588 931 111 33 Leim-
2719 929 46 35 als
2787 927 181 36 Oelfarben
2989 929 177 34 unhaltbar
3182 930 97 39 seien,
3298 945 97 22 wenn

2251 983 279 47 Veränderungen
2550 983 46 33 im
2612 981 75 42 Oel,
2709 983 45 32 im
2775 980 115 35 Firnifs
2910 981 80 33 oder
3004 981 94 34 Leim
3113 994 61 21 vor
3189 981 68 34 sich
3278 983 116 47 gehen;

2252 1035 137 35 seltener
2408 1034 163 34 kommen
2590 1034 113 34 solche
2724 1035 47 33 im
2786 1032 168 36 Farbstoff
2964 1047 71 22 vor.
3070 1034 62 33 Die
3152 1033 244 48 schlagendsten

2253 1087 155 48 Beispiele
2434 1086 152 34 könnten
2611 1087 86 33 seine
2723 1087 167 46 Meinung
2919 1086 92 34 nicht
3035 1086 191 41 verändern,
3252 1086 69 35 dafs
3347 1089 49 33 die

2253 1140 292 48 pompejanischen
2565 1138 182 35 Malereien
2766 1139 103 33 reines
2889 1138 118 34 Fresko
3027 1142 126 31 wären.

2331 1194 183 45 Späterer
2538 1193 158 33 Zusatz:
2730 1191 57 34 Als
2817 1190 144 35 Böcklin
2994 1194 106 45 später
3135 1190 96 34 selbst
3265 1191 130 36 Fresken

2253 1244 112 41 malte,
2387 1243 158 34 erkannte
2566 1256 31 21 er
2617 1242 52 35 die
2690 1242 208 48 Richtigkeit
2918 1242 100 35 dieser
3038 1244 222 47 Behauptung
3281 1257 49 20 an.

2813 1320 28 32 ❖

2331 1384 191 45 Späterer
2554 1383 158 31 Zusatz:
2757 1394 29 21 1.
2810 1381 77 44 Juni
2912 1383 44 33 66
2993 1380 64 48 gab
3086 1381 54 34 ich
3164 1382 89 33 mein
3281 1383 117 35 Atelier

2255 1433 64 36 auf
2337 1434 69 33 und
2431 1434 90 33 teilte
2546 1434 61 33 mit
2631 1432 144 35 Böcklin
2799 1434 56 33 das
2883 1434 123 47 seinige
3025 1434 36 33 in
3081 1434 63 33 Via
3170 1433 52 34 del
3242 1434 155 36 Babuino.

2256 1500 32 33 9.
2303 1487 76 44 Juni
2394 1486 132 34 Abends
2547 1498 103 34 zogen
2665 1486 65 34 wir
2749 1486 34 33 in
2799 1486 55 33 das
2874 1484 133 36 frühere
3022 1486 249 34 Lehmannsche
3291 1488 34 32 in
3340 1488 57 34 Via

2253 1542 184 44 Margutta.

2730 1621 31 21 2.
2776 1608 77 44 Juni
2875 1609 58 33 66.

2333 1684 158 36 Böcklin:
2521 1688 39 31 Es
2582 1686 39 33 ist
2640 1693 133 32 ratsam,
2794 1686 63 33 den
2876 1685 161 35 stärksten
3051 1688 159 32 Kontrast
3225 1699 66 22 von
3306 1688 92 33 Licht

2255 1738 69 35 und
2352 1739 155 34 Schatten
2535 1738 93 33 nicht
2656 1736 65 35 auf
2745 1739 253 47 Hauptsachen,
3032 1737 145 35 sondern
3208 1737 62 36 auf
3293 1748 90 25 unter-

2255 1790 178 48 geordnete
2444 1792 108 45 Dinge
2568 1803 40 20 zu
2620 1790 161 47 verlegen.
2815 1791 81 34 Hier
2910 1790 84 47 liege
3006 1790 55 35 der
3075 1790 112 35 Fehler
3203 1790 55 35 der
3269 1792 132 34 meisten

2255 1842 118 36 Bilder.

2333 1894 144 35 Böcklin
2496 1893 82 35 malt
2598 1895 87 34 seine
2702 1893 99 36 Lüfte
2820 1893 65 36 fast
2905 1903 76 25 stets
2999 1896 62 32 mit
3082 1894 318 49 (selbstbereitetem)

2254 1948 216 34 Ultramarin.
2509 1949 69 31 Hat
2603 1959 79 22 man
2707 1947 35 34 in
2767 1947 57 34 der
2848 1946 92 41 Luft,
2967 1947 52 33 die
3044 1947 89 34 doch
3160 1945 73 36 fern
3257 1949 51 40 ist,
3335 1949 67 33 eine

2255 1999 106 35 starke
2372 1999 109 39 Farbe,
2494 2012 35 20 so
2547 1998 102 35 bleibt
2665 1997 96 36 keine
2775 1997 171 37 Farbkraft
2958 1998 55 36 für
3025 2000 132 34 vordere
3168 2001 234 45 Gegenstände.

2735 2140 31 33 9.
2781 2129 77 44 Juni
2879 2130 58 33 66.

2340 2206 141 35 Böcklin
2500 2204 92 34 hatte
2611 2218 42 21 an
2665 2207 151 43 Jemand,
2837 2206 54 35 der
2910 2207 72 34 ihm
3001 2205 64 35 auf
3079 2207 73 33 eine
3171 2206 233 48 vorzulegende

2262 2259 110 34 Skizze
2397 2259 60 34 hin
2483 2258 52 34 ein
2555 2256 73 34 Bild
2655 2258 156 35 bestellen
2835 2258 119 35 wollte
2980 2260 69 45 (ich
3074 2258 120 47 glaube
3219 2260 130 33 Merian
3372 2260 33 33 in

2261 2311 122 46 Basel),
2405 2310 69 34 drei
2491 2309 176 35 Entwürfe
2686 2324 57 21 zur
2763 2311 164 34 Auswahl
2947 2310 180 48 geschickt.

2347 2378 28 20 1.
2396 2364 60 33 Ein
2470 2361 65 35 fast
2549 2363 136 34 nackter
2699 2363 142 34 brauner
2856 2363 279 34 Hirtenknabe
3154 2364 73 33 sitzt
3246 2361 159 36 flötend

2262 2415 64 35 auf
2342 2417 107 33 einem
2468 2415 110 34 Felsen
2597 2429 105 34 gegen
2730 2415 52 35 die
2803 2414 64 36 tief
2883 2415 208 47 mittägliche
3116 2415 183 47 blaugraue
3317 2414 89 41 Luft,

2262 2468 163 35 während
2444 2468 106 33 rechts
2576 2478 83 24 vorn
2684 2467 63 35 auf
2768 2469 88 33 einer
2880 2473 127 42 grünen
3027 2469 115 33 Wiese
3166 2468 52 34 ein
3242 2467 165 35 Mädchen

2265 2520 157 47 (dunkles
2445 2519 95 35 Kleid
2560 2520 69 34 und
2650 2520 123 34 rötlich
2792 2521 124 33 braune
2936 2523 121 37 Haare,
3084 2521 63 33 mit
3166 2518 240 49 Blumenkorb)

2264 2573 140 34 Blumen
2423 2571 140 49 pflückt.
2575 2573 8 12 1

2343 2625 228 47 Disposition:
2587 2624 103 35 Links
2707 2624 87 34 oben
2806 2624 308 48 dunkelblaugraue
3131 2622 92 42 Luft,
3240 2624 102 34 davor
3356 2624 52 34 der

2265 2677 181 34 braunrote
2470 2679 132 46 Körper
2627 2677 217 47 (weissgraue
2869 2677 134 47 Hosen)
3031 2677 71 34 und
3128 2676 124 35 braune
3273 2679 135 38 Moose;

2265 2742 118 35 grauer
2402 2728 119 35 Felsen.
2559 2730 122 34 Rechts
2707 2738 105 25 unten
2836 2729 182 48 gelbgrüne
3034 2730 116 33 Wiese
3175 2730 61 33 mit
3265 2729 145 34 Büschen

2265 2795 68 22 von
2352 2782 143 47 gleicher
2514 2782 98 34 Farbe
2629 2782 69 46 (die
2717 2782 113 47 wenig
2844 2782 197 46 Zeichnung
3059 2781 138 46 haben).
3232 2784 65 31 Das
3312 2780 74 35 Mäd-

2266 2835 84 33 chen
2369 2835 35 32 in
2420 2832 261 36 dunkelblauem
2696 2833 129 41 Kleide,
2839 2832 145 48 farbiger
3003 2834 45 33 als
3068 2833 53 34 die
3141 2832 92 41 Luft,
3254 2846 58 21 um
3326 2834 84 33 diese

2265 2900 41 20 zu
2325 2886 258 35 neutralisieren.
2622 2889 66 31 Das
2707 2888 124 32 Warm
2852 2886 57 33 der
2926 2885 117 34 linken
3060 2885 117 34 Hälfte
3197 2886 41 33 ist
3257 2886 48 33 im
3323 2887 87 32 Haar

2265 2938 211 35 wiederholt.
2529 2941 112 32 Zarter
2673 2938 115 40 Teint;
2824 2938 184 34 schwarzer
3035 2938 93 34 Korb
3163 2939 61 32 mit
3253 2937 157 35 violetten

2265 2991 151 34 Blumen.
2448 2989 106 35 Dabei
2569 2992 72 32 eine
2653 2993 134 45 Gruppe
2803 2989 56 34 der
2874 2989 311 48 mannigfaltigsten
3196 2990 138 34 Blumen
3345 2989 64 34 und

2267 3044 54 34 ein
2336 3043 112 46 wenig
2460 3045 148 39 Wasser,
2625 3043 55 33 das
2696 3041 244 47 Veranlassung
2959 3055 40 21 zu
3019 3042 104 34 dieser
3137 3042 201 48 Ueppigkeit
3358 3054 36 34 ge-

2266 3095 116 48 geben.
2403 3098 66 30 Das
2481 3094 97 34 Kleid
2594 3095 54 33 des
2659 3093 185 35 Mädchens
2856 3095 78 46 geht
2946 3094 48 34 bis
3010 3107 56 21 zur
3077 3097 110 39 Brust;
3205 3088 88 41 dann
3308 3095 40 33 ist
3359 3095 52 32 ein

2267 3140 261 53 durchsichtiges
2539 3147 198 33 Hemdchen
2750 3145 154 41 sichtbar,
2916 3146 56 34 das
2989 3147 87 33 auch
3091 3147 53 33 die
3158 3147 132 35 Aermel
3301 3145 108 35 bildet.

2346 3198 134 34 Gemalt
2500 3198 63 34 auf
2578 3199 112 47 Papier
2709 3199 62 32 mit
2786 3198 229 35 Wasserfarbe
3035 3199 70 34 und
3124 3199 157 34 leichtem
3295 3198 97 34 Binde-

2267 3250 108 35 mittel
2410 3251 126 46 (Leim,
2574 3252 140 33 Gummi
2749 3250 80 34 oder
2862 3250 119 48 dergl.;
3017 3264 63 21 nur
3112 3252 95 33 nicht
3234 3252 118 46 Honig
3378 3250 32 33 in

2267 3305 158 45 Tempera
2437 3302 177 40 brauchen,
2626 3302 41 35 da
2679 3316 32 21 er
2730 3303 53 33 nie
2795 3303 182 48 trocknet).
2998 3304 179 39 Einzelnes,
3191 3304 75 34 alles
3281 3302 129 35 Nackte

2267 3354 76 40 fast,
2360 3355 62 33 mit
2437 3353 222 36 Deckfarben.
2686 3358 100 31 Dann
2802 3356 41 33 ist
2859 3356 86 34 diese
2957 3356 178 47 Aquarelle
3152 3357 61 32 mit
3227 3354 162 49 geschmol-

2268 3420 111 21 zenem
2399 3407 128 34 Wachs
2549 3407 203 47 überzogen;
2773 3412 106 43 später
2897 3408 175 34 nochmals
3093 3412 156 30 erwärmt
3268 3407 69 34 und
3352 3406 59 34 mit

2269 3460 108 32 einem
2397 3460 112 33 reinen
2524 3462 134 45 Lappen
2678 3459 130 48 poliert.
2843 3464 67 31 Der
2924 3460 119 36 Grund
3059 3462 41 33 ist
3117 3459 275 48 dunkelgrünlich-

2269 3524 114 34 graues
2403 3513 200 47 Tonpapier.

1243 3647 79 14 FRANZ
1337 3647 48 13 VON
1402 3645 110 15 LENBACH

1006 3650 98 13 ARNOLD
1119 3647 108 18 BÖCKLIN

1004 3680 64 14 NACH
1084 3680 71 13 EINER
1171 3678 200 15 ORIGINALSKIZZE
1384 3677 27 15 IM
1426 3675 95 15 BESITZE
1536 3676 43 14 DES
1594 3675 135 15 FREIHERRN
1744 3674 48 15 VON
1807 3675 63 14 HEYL

2574 2573 9 12 I

2348 3612 9 12 1
2380 3607 68 40 Vgl.
2465 3606 105 30 hierzu
2595 3607 47 29 die
2659 3607 181 40 Abbildung
2857 3608 78 30 Seite
2955 3617 16 24 5
2989 3607 94 29 dieses
3100 3607 120 36 Heftes,
3245 3606 76 30 nach
3344 3606 67 27 dem

2269 3650 140 40 Original
2433 3650 43 29 im
2500 3650 98 30 Besitz
2623 3651 51 29 des
2698 3651 159 30 Freiherrn
2881 3662 61 19 von
2966 3651 92 41 Heyl.
