3629 4572
2085 3840 184 42 54

1051 537 95 32 Denn
1175 535 86 33 auch
1284 533 52 35 die
1363 534 169 48 einseitige
1558 534 195 48 Begabung,
1782 533 54 35 die
1860 534 71 34 ihre
1955 535 97 33 Form
2077 546 32 20 er-

970 588 117 40 reicht,
1108 586 93 35 kann
1220 586 107 35 durch
1346 587 71 35 ihre
1431 588 160 46 Leistung
1607 587 52 33 die
1674 586 227 49 Empfindung
1920 585 206 36 vollendeter

973 639 182 35 Schönheit
1174 639 187 36 erwecken.

1050 692 138 34 Talente
1221 693 68 33 wie
1320 705 65 22 van
1418 693 147 45 Beijeren
1598 692 80 34 oder
1710 691 97 35 Heda
1847 689 134 37 dürften
2015 703 30 22 es
2079 690 46 34 als

971 744 137 35 Schüler
1123 745 55 33 der
1189 744 227 36 Akademiker
1431 745 80 34 oder
1524 744 116 48 irgend
1656 745 88 33 einer
1759 745 173 48 typischen
1945 743 180 35 deutschen

972 796 186 36 Akademie
1178 797 56 35 der
1253 798 101 34 Mitte
1374 797 54 35 des
1448 797 231 35 neunzehnten
1697 797 237 45 Jahrhunderts
1955 809 38 21 zu
2012 795 114 35 keiner

971 858 276 27 nennenswerten
1268 853 95 31 Form
1383 850 157 48 gebracht
1560 850 118 34 haben.

1534 964 28 31 $

1051 1061 83 34 Wie
1148 1059 55 35 für
1219 1060 52 33 die
1287 1058 190 37 schaffende
1492 1060 89 33 Seele
1597 1060 61 47 gilt
1673 1059 87 34 auch
1775 1056 55 36 für
1846 1058 52 33 die
1913 1056 211 49 geniefsende

972 1112 56 35 der
1047 1110 129 50 Begriff
1190 1112 57 34 der
1264 1115 113 38 Form,
1405 1112 69 34 und
1493 1124 102 23 wenn
1620 1112 57 33 der
1695 1110 157 35 Künstler
1878 1110 45 33 sie
1948 1110 35 33 in
2001 1122 124 21 unsern

969 1167 115 46 Tagen
1110 1165 101 34 selten
1236 1164 155 41 erreicht,
1419 1178 35 21 so
1484 1163 104 34 bleibt
1607 1164 35 33 in
1666 1176 131 21 unserer
1816 1162 125 35 Kultur
1962 1161 55 34 der
2037 1160 66 36 Auf-

970 1218 185 33 nehmende
1176 1218 61 33 mit
1264 1218 106 33 einem
1395 1217 89 34 noch
1510 1215 351 47 unverhältnismäfsig
1883 1215 149 33 höheren
2051 1216 73 32 Satz

970 1270 108 34 hinter
1098 1270 104 34 seiner
1220 1272 97 32 Form
1336 1269 134 34 zurück.

2312 532 64 33 Die
2395 531 186 35 Thatsache
2600 529 135 35 kommt
2754 529 73 35 ihm
2849 528 132 35 freilich
2999 529 102 35 selten
3121 544 77 21 zum
3216 534 141 35 Bewußt-

2232 585 80 35 sein.
2349 587 41 31 Er
2414 583 101 49 pflegt
2540 583 71 34 sich
2636 583 35 33 in
2691 582 108 34 einem
2818 580 305 36 beneidenswerten
3143 585 163 35 Zustande
3326 587 54 35 der

2231 636 297 47 Selbsttäuschung
2559 649 39 21 zu
2628 634 170 40 befinden,
2832 634 153 48 geberdet
3017 635 71 33 sich
3119 636 63 33 mit
3213 649 168 36 pappenen

2232 689 337 47 Zentnergewichten
2602 688 212 33 ästhetischer
2846 687 152 34 Formeln
3031 688 69 34 wie
3134 688 53 33 ein
3219 689 161 37 Herkules

2231 742 70 34 und
2330 741 117 48 glaubt
2477 742 61 34 mit
2566 739 263 36 Blitzesschnelle
2865 740 52 33 die
2945 738 182 35 äufsersten
3155 743 147 33 Grenzen
3328 744 53 35 der

2230 794 200 34 Erkenntnis
2465 792 191 37 durcheilen
2690 806 40 21 zu
2764 792 156 40 können,
2955 792 87 34 ohne
3071 792 108 35 Mühe
3211 794 67 34 und
3313 797 46 33 An-

2231 856 192 38 strengung.

2310 902 42 31 Er
2379 900 114 33 macht
2520 900 35 33 in
2583 898 106 34 seiner
2715 898 141 47 stetigen
2882 895 231 43 Bereitschaft,
3144 898 88 33 ohne
3256 898 124 43 Arbeit,

2232 952 135 33 Studien
2388 951 69 34 und
2477 950 203 35 Selbstzucht
2701 949 167 35 erkennen
2887 949 68 35 und
2976 949 183 34 beurteilen
3183 963 40 20 zu
3242 951 137 43 wollen,

2231 1003 62 34 alle
2313 1007 136 31 Gesetze
2475 1004 56 33 der
2553 1003 173 46 Dynamik
2752 1002 55 34 der
2837 1002 255 48 empfindenden
3117 1001 89 35 Seele
3233 1003 68 33 und
3328 1004 53 35 des

2230 1055 234 35 erkennenden
2483 1055 194 35 Verstandes
2699 1069 39 21 zu
2757 1054 176 35 Schanden
2957 1053 71 36 und
3053 1054 149 41 handelt,
3223 1055 44 34 als
3287 1056 42 34 ob
3350 1070 31 21 er

2230 1108 180 48 überzeugt
2429 1112 104 36 wäre,
2554 1109 89 33 ohne
2661 1107 142 48 jegliche
2822 1107 248 47 Vorbereitung
3093 1107 104 35 soviel
3216 1107 165 47 begreifen

2230 1173 40 21 zu
2294 1160 154 40 können,
2479 1161 68 34 wie
2571 1161 53 33 ein
2649 1160 158 35 Künstler
2838 1157 146 37 schaffen
3014 1159 91 35 kann
3209 1161 68 33 und
3307 1161 73 35 eher

2230 1213 91 34 noch
2340 1222 104 25 etwas
2465 1213 105 34 mehr.

2972 1267 134 31 Alfred
3126 1267 206 32 Lichtwark

1923 2967 99 15 ARNOLD
2038 2965 108 21 BÖCKLIN

2161 2968 156 18 LIEBESPAAR,
2332 2969 97 14 SKIZZEN
