3577 4572
2101 3828 184 42 30

1834 1975 717 63 VORBEMERKUNG

1298 2185 47 39 IE
1359 2183 449 51 Böcklinausstellungen
1822 2183 40 39 in
1876 2184 117 45 Basel,
2009 2183 131 38 Berlin

1313 2246 82 38 und
1419 2245 215 50 Hamburg,
1657 2244 62 38 die
1743 2244 70 38 mit
1835 2244 124 38 ihrem
1984 2243 68 38 alle
2071 2244 46 37 Er-

1310 2317 180 39 wartung
1517 2304 331 50 übersteigenden
1871 2304 144 38 Zulauf
2038 2304 81 50 zeig-

1312 2378 79 35 ten,
1432 2366 82 38 dafs
1555 2366 69 38 der
1658 2366 101 38 einst
1785 2365 242 38 Verlästerte
2055 2364 83 39 und

1310 2428 213 39 Verlachte
1549 2426 85 38 eine
1663 2427 236 37 anerkannte
1916 2425 133 39 Macht
2072 2438 45 37 ge-

988 2491 267 44 wordenwar,
1270 2491 136 39 hatten
1418 2488 115 38 einen
1549 2487 145 38 diesem
1705 2486 136 51 Erfolg
1857 2485 259 53 entsprechen-

990 2553 79 38 den
1087 2551 279 40 litterarischen
1382 2548 292 51 Niederschlag.
1701 2547 241 39 Mancherlei
1956 2545 161 39 Treffen-

990 2614 68 38 des
1074 2613 48 38 ist
1137 2613 62 38 bei
1218 2612 127 38 dieser
1361 2609 263 51 Gelegenheit
1643 2619 130 40 gesagt
1792 2608 177 38 worden.
2006 2607 135 38 Ueber

990 2675 86 37 eine
1128 2672 182 54 poetisch
1368 2669 318 41 ästhetisierende
1739 2667 401 51 Betrachtungsweise

990 2734 136 40 wurde
1147 2734 89 38 aber
1250 2733 40 38 in
1309 2733 78 37 den
1407 2732 215 38 seltensten
1634 2730 132 38 Fällen
1779 2729 134 39 hinaus
1930 2740 210 39 gegangen.

990 2797 47 37 In
1080 2795 180 37 Worten
1300 2792 258 40 schwächlich
1596 2790 323 47 nachzudichten,
1956 2803 78 25 was
2072 2789 69 37 der

990 2856 163 39 Meister
1175 2855 41 38 in
1234 2855 119 37 Form
1371 2853 84 39 und
1474 2853 120 38 Farbe
1613 2850 182 40 kraftvoll
1815 2851 325 53 ausgesprochen,

990 2918 105 38 hatte
1115 2929 88 25 man
1220 2926 320 35 unternommen,
1570 2914 91 37 dem
1680 2925 163 38 grossen
1859 2911 203 39 Publikum
2090 2924 50 25 zu

990 2977 126 45 Dank,
1136 2977 64 37 das
1220 2975 108 38 seine
1348 2977 112 49 eigne
1475 2975 87 45 Art,
1582 2974 128 38 Kunst
1729 2987 48 25 zu
1798 2972 210 52 geniefsen,
2030 2971 108 38 darin

991 3036 252 41 wiederfand.
1258 3037 66 37 An
1336 3036 62 38 die
1410 3034 392 54 philosophischeren
1809 3033 128 53 Köpfe
1949 3033 190 38 wandten

992 3099 83 38 sich
1102 3098 155 46 andere,
1285 3097 133 38 indem
1446 3097 54 37 sie
1528 3096 180 38 Böcklins
1735 3094 404 52 Natursymbolismus

993 3159 256 51 analysierten
1280 3158 83 38 und
1399 3158 66 38 für
1502 3158 79 37 den
1617 3156 365 51 Stimmungsgehalt
2013 3156 125 37 seines

992 3219 197 40 Kolorites
1210 3219 60 38 die
1290 3219 155 37 Formel
1465 3218 176 38 suchten.
1671 3217 153 39 Gewiss
1845 3217 89 37 aber
1952 3215 89 38 läfst
2060 3216 81 37 sich

992 3281 99 39 über
1110 3281 115 37 einen
1249 3280 161 38 Meister
1435 3278 74 40 wie
1530 3278 162 39 Böcklin
1711 3278 107 38 noch
1835 3278 76 37 viel
1930 3278 110 36 mehr
2058 3276 82 38 und

992 3342 77 39 viel
1105 3340 140 39 andres
1284 3353 126 38 sagen.
1465 3341 124 36 Kaum
1622 3340 106 37 einer
1763 3339 68 37 der
1863 3338 171 37 Intimen
2071 3337 68 37 des

992 3403 152 38 Hauses
1171 3401 66 39 hat
1265 3401 64 37 das
1350 3401 127 37 Wort
1506 3398 194 52 ergriffen,
1727 3399 133 37 keiner
1888 3410 83 25 von
1999 3396 141 47 denen,

994 3464 62 37 die
1076 3462 78 39 den
1172 3462 185 39 Künstler
1373 3461 43 38 in
1439 3461 125 38 seiner
1584 3460 222 38 Werkstatt
1826 3459 130 45 sahen,
1975 3458 166 51 ringend

992 3525 74 38 mit
1098 3525 91 37 dem
1216 3522 359 39 Handwerklichen
1600 3521 126 37 seiner
1754 3521 136 44 Kunst,
1920 3520 63 37 ein
2010 3530 130 27 treuer

994 3585 161 40 Schüler
1182 3586 110 49 jener
1320 3581 328 53 gewissenhaften
1681 3581 132 46 Alten,
1855 3581 123 38 deren
2010 3593 110 38 ausge-

994 3647 144 37 bildete
1166 3644 238 40 Maltechnik
1439 3657 42 24 er
1516 3656 64 25 aus
1614 3642 79 38 den
1721 3641 222 39 Gemälden
1970 3641 74 39 wie
2078 3654 63 25 aus

2246 2182 80 38 den
2346 2182 226 38 erhaltenen
2586 2179 330 53 Rezeptbüchern
2931 2192 49 25 zu
3001 2178 223 51 ergründen
3240 2178 154 38 strebte.

2248 2242 111 38 Oder
2393 2242 61 37 die
2489 2241 65 38 das
2585 2240 131 38 Glück
2749 2240 146 46 hatten,
2930 2239 70 39 ihn
3028 2238 68 39 auf
3118 2239 78 38 den
3226 2238 147 52 Spazier-

2248 2311 151 44 gängen
2414 2302 41 38 in
2471 2302 68 38 der
2549 2300 326 40 florentmischen
2885 2300 236 39 Landschaft
3130 2313 49 25 zu
3189 2299 204 52 begleiten,

2247 2378 65 25 wo
2351 2377 41 25 er
2424 2365 63 36 nie
2520 2363 118 37 müde
2666 2361 148 47 wurde,
2843 2360 197 39 schauend
3068 2360 136 38 seinen
3232 2360 162 51 eigenen

2246 2424 411 50 Vorstellungsschatz
2685 2435 49 25 zu
2761 2422 232 39 bereichern
3019 2421 82 38 und
3129 2420 117 38 andre
3271 2420 123 38 durch

2247 2486 130 38 klaren
2429 2484 179 38 Hinweis
2663 2482 69 39 auf
2780 2483 66 37 das
2893 2481 366 40 Charakteristische
3313 2481 81 38 und

2246 2545 205 53 Typische
2497 2558 91 24 zum
2641 2544 308 38 künstlerischen
2996 2543 125 38 Sehen
3167 2542 227 41 anzuleiten.

2248 2607 112 38 Oder
2380 2606 61 38 die
2458 2606 62 38 bei
2535 2606 78 37 den
2629 2605 299 50 sonntäglichen
2942 2603 315 50 Wanderungen
3273 2603 121 38 durch

2248 2667 62 38 die
2348 2667 155 38 Galerie
2546 2666 69 38 der
2651 2664 173 40 Uffizien
2861 2678 64 25 aus
2967 2665 69 37 der
3079 2662 146 40 lebhaft
3262 2677 110 37 ausge-

2249 2728 250 52 sprochenen
2518 2726 222 53 Sympathie
2768 2726 65 39 für
2854 2726 160 51 gewisse
3034 2726 252 49 Richtungen
3313 2724 81 39 und

2247 2790 69 37 der
2331 2787 383 40 leidenschaftlichen
2728 2787 240 51 Ablehnung
2987 2787 162 38 anderer
3168 2786 110 38 nicht
3296 2785 74 38 min-

2247 2851 69 37 der
2336 2849 276 39 bedeutenden
2631 2849 320 50 Erscheinungen
2970 2848 61 37 die
3051 2848 123 37 stolze
3193 2845 181 50 Einseitig-

2246 2912 76 37 keit
2350 2911 67 37 des
2446 2909 320 52 schöpferischen
2786 2910 148 37 Genies
2961 2909 280 38 hervortreten
3269 2907 124 39 sahen.

2248 2972 111 37 Oder
2387 2971 63 37 die
2479 2969 155 39 endlich
2658 2970 70 36 mit
2756 2969 111 37 dabei
2895 2969 83 37 sein
3007 2968 172 47 durften,
3207 2981 120 26 wenn
3353 2967 40 38 in

2248 3032 284 39 bescheidener
2553 3030 154 39 Osteria
2727 3030 103 37 beim
2848 3042 119 25 roten
2983 3030 158 39 Chianti
3158 3031 148 48 Fragen
3326 3028 68 38 der

2246 3093 127 38 Kunst
2401 3091 232 40 verhandelt
2652 3091 165 38 wurden
2843 3091 83 38 und
2953 3091 189 52 plötzlich
3170 3090 63 38 ein
3260 3090 41 38 in
3329 3088 62 38 die

2246 3153 233 38 Diskussion
2499 3151 248 51 geworfenes
2766 3152 126 37 Wort
2919 3151 315 39 hinableuchtete
3261 3151 43 36 in
3331 3149 62 38 die

2245 3213 355 51 unergründbaren
2627 3211 150 39 Tiefen
2803 3212 306 39 künstlerischer
3130 3210 262 53 Konzeption.

2325 3274 116 39 Auch
2476 3273 89 38 kein
2600 3273 186 38 Künstler
2819 3274 64 38 hat
2916 3273 82 38 sich
3033 3274 148 37 meines
3214 3273 179 37 Wissens

2246 3347 115 27 unter
2399 3335 131 37 denen
2568 3333 213 48 befunden,
2817 3335 61 37 die
2911 3334 97 38 über
3036 3334 68 39 ihn
3133 3333 260 52 geschrieben.

2248 3397 48 37 So
2335 3396 83 38 kam
2456 3409 50 32 es,
2546 3394 80 39 dafs
2667 3396 99 38 über
2805 3396 90 38 dem
2931 3395 164 39 Dichter
3128 3394 162 39 Böckiin
3327 3393 67 38 der

2247 3457 123 38 Maler
2394 3456 159 39 Böckiin
2583 3467 118 28 etwas
2729 3457 300 51 vernachlässigt
3057 3456 146 39 wurde.
3241 3457 78 36 Das
3346 3455 48 37 ist

2248 3518 149 45 schade,
2431 3517 63 37 ein
2521 3516 199 40 Vorwurf
2748 3518 73 38 soll
2854 3518 119 38 damit
3010 3518 89 37 aber
3127 3516 108 38 nicht
3264 3528 109 37 ausge-

2248 3579 197 52 sprochen
2473 3580 90 36 sein.
2602 3579 118 38 Denn
2749 3593 39 24 es
2817 3579 151 39 scheint
2995 3580 41 37 in
3066 3578 68 38 der
3153 3579 129 37 Natur
3308 3576 86 38 aller

2247 3639 363 39 Kunstschreiberei
2636 3652 50 26 zu
2708 3640 140 50 liegen,
2878 3640 81 38 dafs
2981 3640 52 38 sie
3054 3640 97 38 über
3171 3638 223 51 allgemeine

1967 1754 177 15 CHARONSKIZZE

1724 1755 98 14 ARNOLD
1837 1753 112 19 BÖCKLIN
