3581 4572
2094 3832 182 43 34

1409 562 56 21 2i.
1486 547 139 34 Februar
1648 549 57 33 66.

1060 618 198 35 Mittwoch.
1305 618 141 35 Böcklin
1472 618 90 34 hatte
1591 618 82 33 viele
1701 616 354 49 Pflanzenproben
2084 617 47 33 im

980 672 125 35 Atelier
1123 671 71 34 und
1213 671 103 47 zeigte
1335 672 75 39 mir,
1430 671 68 34 wie
1517 669 91 48 grofs
1628 683 25 22 z.
1669 672 34 32 B.
1721 669 287 35 Oleanderblätter
2027 681 104 34 gegen

981 726 71 32 eine
1076 723 119 35 Hand-
1215 723 81 34 oder
1319 722 214 47 Nasenlänge
1557 722 84 34 sind.
1690 723 79 46 (Die
1789 730 139 25 unteren
1947 721 121 34 Blätter
2088 734 43 20 an

981 779 146 32 Bäumen
1142 776 69 33 und
1232 776 198 33 Sträuchern
1449 775 74 34 sind
1538 773 51 35 oft
1604 774 201 35 erstaunlich
1825 773 119 48 grofs.)
1984 776 41 31 Er
2039 774 91 33 hatte

981 830 88 33 auch
1080 828 82 35 viele
1172 828 243 48 Epheuproben
1430 841 56 20 zur
1496 830 195 44 Benutzung
1705 825 55 36 für
1771 827 66 34 sein
1849 826 72 34 Bild
1933 825 52 35 da.
2012 825 119 33 Solche

980 881 123 34 Blätter
1117 881 99 34 sehen
1249 881 75 34 aber
1357 881 47 33 im
1431 881 147 33 Zimmer
1601 893 83 34 ganz
1712 879 115 34 anders
1856 891 75 26 aus,
1963 877 82 35 weil
2078 876 52 34 die

981 933 352 47 Reflexbedingungen
1361 933 114 34 anders
1505 932 73 34 sind
1606 932 45 34 als
1680 930 171 39 draufsen;
1890 929 141 35 Böcklin
2060 928 71 34 hält

981 987 117 33 darum
1114 985 165 35 zuweilen
1295 986 72 33 eine
1381 988 89 31 Rose
1486 984 79 34 oder
1580 984 86 34 seine
1681 983 101 34 Hand
1798 982 158 47 dagegen,
1972 994 71 22 was
2060 982 70 33 ihm

981 1038 89 35 dann
1089 1037 127 35 wieder
1235 1038 57 34 das
1312 1037 141 47 richtige
1465 1035 188 35 Verhältnis
1674 1035 53 34 des
1747 1038 94 31 Grün
1860 1034 100 47 giebt.

1060 1093 53 31 Da
1133 1103 33 21 er
1185 1103 42 21 an
1247 1089 87 35 allen
1354 1089 122 34 Stellen
1496 1088 53 33 des
1569 1088 106 34 Bildes
1695 1087 151 47 zugleich
1866 1086 82 35 malt
1966 1085 71 34 und
2053 1084 78 35 bald

980 1143 81 41 hier,
1087 1142 78 35 bald
1191 1142 76 34 dort
1285 1142 118 34 weiter
1423 1139 163 42 ausführt,
1606 1153 37 20 so
1663 1138 127 35 fördert
1811 1152 44 26 er,
1873 1150 102 22 wenn
1994 1150 33 21 er
2046 1138 85 33 nach

981 1195 138 35 solchen
1144 1194 246 48 Zweigproben
1413 1194 35 33 in
1473 1193 69 34 sein
1566 1192 74 34 Bild
1665 1191 93 39 malt,
1783 1191 86 34 auch
1893 1190 127 34 wieder
2044 1190 86 33 seine

981 1248 153 47 Figuren,
1153 1247 114 34 indem
1286 1260 30 21 es
1341 1246 60 34 ihn
1423 1246 123 46 nötigt,
1572 1244 69 35 ihre
1665 1246 140 31 Formen
1832 1242 117 35 weiter
1968 1241 142 34 durchzu-

982 1300 233 40 modellieren;
1235 1312 37 21 so
1293 1298 55 34 der
1367 1298 115 47 Epheu
1502 1296 104 34 neben
1626 1296 159 47 Daphnis.

1060 1355 117 32 Wenn
1191 1350 142 35 Böcklin
1348 1353 94 32 Grün
1455 1348 139 48 (Blätter
1608 1349 67 33 wie
1689 1361 25 21 z.
1727 1350 34 32 B.
1772 1359 40 22 zu
1823 1346 150 48 Daphnis
1974 1343 9 13 5
1992 1343 137 47 Füfsen)

982 1404 248 34 neutralisieren
1245 1403 68 33 und
1328 1403 73 33 ihm
1416 1401 52 34 die
1483 1399 128 36 scharfe
1626 1399 97 35 Farbe
1738 1399 143 34 nehmen
1896 1397 87 40 will,
1999 1410 37 20 so
2051 1405 80 25 setzt

983 1470 33 21 er
1042 1455 234 35 Morellensalz
1305 1453 79 35 oder
1413 1456 109 45 Caput
1551 1460 174 26 mortuum
1753 1452 35 32 in
1812 1451 52 33 die
1886 1449 127 35 Tiefen.
2074 1449 57 33 Bei

983 1507 386 47 Zusammenstellungen
1396 1518 69 22 von
1491 1504 122 34 Farben
1641 1505 80 46 geht
1748 1502 143 35 Böcklin
1918 1515 64 21 nur
2009 1502 121 33 seinem

983 1559 127 37 Gefühl
1129 1560 97 40 nach,
1242 1566 79 26 setzt
1340 1558 87 34 auch
1447 1556 201 40 manchmal,
1669 1570 57 20 um
1745 1556 112 33 seinen
1876 1554 127 35 Zweck
2022 1566 40 21 zu
2082 1566 33 21 er-

983 1614 144 38 reichen,
1152 1612 52 34 die
1230 1620 127 38 strenge
1383 1612 112 32 Natur
1498 1610 166 33 Wahrheit
1689 1608 52 35 bei
1767 1608 84 33 Seite
1870 1607 70 34 und
1959 1606 96 34 kehrt
2075 1605 56 34 das

984 1667 124 33 Warm
1126 1664 69 34 und
1216 1663 78 35 Kalt
1314 1663 47 33 im
1375 1661 187 35 Verhältnis
1583 1661 53 33 des
1656 1662 171 33 Schattens
1847 1672 77 21 zum
1943 1659 97 33 Licht
2059 1671 70 21 um.

983 1716 128 34 Ebenso
1132 1715 61 35 frei
1212 1714 176 35 behandelt
1408 1727 33 21 er
1460 1714 53 33 die
1532 1713 161 35 Pflanzen.
1731 1715 40 31 Er
1790 1712 103 46 zeigte
1913 1712 74 38 mir,
2007 1723 71 22 was
2099 1723 32 21 er

984 1769 55 35 für
1067 1766 229 37 Zeitverstöfse
1324 1766 153 47 gemacht
1506 1765 100 40 habe,
1634 1765 115 34 indem
1776 1777 33 21 er
1837 1763 195 47 Frühlings-
2061 1762 69 34 und

984 1820 258 36 Herbstblumen
1260 1817 323 48 zusammengestellt
1602 1817 95 41 habe,
1718 1825 60 26 etc.

1445 1953 29 32 3.
1495 1942 93 31 März
1608 1941 58 33 66.

1061 2027 143 36 Böcklin
1218 2028 57 33 hat
1291 2027 178 47 Daphnis
1486 2025 77 35 und
1578 2024 237 47 Amaryllis,
1836 2023 161 35 nachdem
2018 2036 31 20 er
2069 2021 62 36 fast

982 2082 84 34 zwei
1077 2083 139 31 Monate
1231 2078 133 49 stumpf
1369 2079 69 33 und
1450 2078 70 34 kalt
1535 2077 121 48 gemalt
1667 2078 103 38 hatte,
1783 2085 103 26 etwas
1898 2076 124 40 lasiert;
2043 2074 88 35 dann

983 2134 75 34 aber
1072 2133 127 34 wieder
1211 2133 33 33 in
1257 2131 55 34 das
1328 2131 123 34 Fleisch
1466 2130 122 34 kältere
1601 2129 129 34 Lichter
1740 2127 255 48 hineingespielt
2008 2126 123 48 (durch

982 2184 112 36 Weifs
1122 2184 71 34 und
1221 2189 103 42 grüne
1344 2183 93 39 Erde,
1464 2183 106 34 damit
1596 2181 55 34 das
1675 2180 117 35 weifse
1809 2180 322 34 Ueberschummern

982 2238 93 34 nicht
1090 2237 118 35 violett
1225 2235 119 40 wirke,
1364 2248 101 21 wozu
1485 2248 31 20 es
1538 2232 62 35 auf
1615 2232 161 35 dunkeim
1792 2232 118 35 Grund
1930 2231 64 34 fast
2013 2232 118 33 immer

980 2291 163 46 Neigung
1162 2288 120 47 hatte).
1325 2290 65 31 Das
1411 2286 72 35 Bild
1501 2285 104 36 wirkt
1625 2298 68 21 nun
1714 2283 212 36 wundervoll
1945 2282 98 36 sanft.

1060 2340 156 35 Obwohl
1251 2340 52 34 die
1336 2340 98 47 Figur
1467 2338 54 34 des
1552 2338 147 47 Daphnis
1733 2351 64 20 nur
1829 2345 89 27 etwa
1947 2335 184 35 dreiviertel

981 2392 205 49 lebensgrofs
1216 2394 40 33 ist
1286 2391 96 48 (oder
1411 2391 89 34 noch
1524 2390 157 46 kleiner,)
1700 2403 38 20 so
1757 2388 124 36 wirkte
1905 2389 45 33 sie
1976 2388 155 34 dennoch

981 2446 204 46 vollständig
1199 2443 216 49 lebensgrofs,
1431 2443 78 35 weil
1525 2442 63 34 alle
1603 2441 222 35 Verhältnisse
1839 2442 49 32 im
1904 2440 90 34 Bilde
2009 2441 122 45 richtig

981 2499 85 34 sind.
1119 2497 142 35 Böcklin
1279 2496 83 35 hielt
1381 2497 53 33 ein
1453 2494 200 49 Epheublatt
1672 2507 104 34 gegen
1796 2493 51 34 die
1862 2492 177 48 gemalten,
2061 2492 68 34 und

982 2565 30 21 es
1023 2564 73 22 war
1110 2549 160 35 wirklich
1284 2562 40 20 zu
1340 2547 218 40 bewundern,
1573 2547 67 34 wie
1656 2559 106 34 genau
1777 2546 102 34 dieser
1890 2544 240 35 Drei-Viertel-

981 2603 164 35 Mafsstab
1165 2601 53 35 bei
1236 2601 87 34 allen
1336 2600 116 34 Teilen
1471 2598 244 48 durchgeführt
1735 2612 81 20 war.
1860 2598 63 33 Die
1937 2596 97 34 blaue
2050 2594 80 36 Luft

981 2657 62 32 mit
1058 2653 141 37 weifsen
1214 2653 155 35 Wolken
1383 2653 59 34 hat
1457 2666 32 20 er
1504 2664 82 34 ganz
1601 2651 76 34 leise
1693 2652 59 33 mit
1768 2650 155 34 Schwarz
1936 2649 70 34 und
2018 2646 110 36 Weifs

981 2709 122 37 lasiert,
1114 2706 168 36 wodurch
1294 2705 55 34 das
1369 2704 82 35 Blau
1468 2704 93 34 mehr
1575 2702 213 40 Blauviolett,
1805 2702 55 34 der
1874 2702 85 34 helle
1975 2702 155 33 Schatten

982 2760 55 34 der
1042 2758 132 36 Wolke
1186 2758 75 34 aber
1273 2766 103 26 etwas
1388 2755 98 36 weifs
1495 2756 325 34 durchschimmerte.
1846 2753 141 35 Böcklin
1997 2754 133 37 meinte,

982 2825 104 21 wenn
1111 2810 90 35 Alles
1225 2811 48 33 im
1292 2809 91 35 Bilde
1407 2807 107 36 falsch
1533 2812 102 36 wäre,
1661 2806 54 35 für
1735 2806 101 35 dieses
1856 2806 186 34 Verhältnis
2062 2818 69 21 von

983 2862 80 37 Luft
1082 2863 70 35 und
1171 2861 131 36 Wolke
1321 2861 104 35 wolle
1446 2874 33 21 er
1498 2861 125 38 stehen,
1643 2860 86 33 denn
1749 2873 30 20 es
1799 2860 45 33 sei
1863 2857 64 35 auf
1942 2857 189 35 demselben

983 2919 110 44 Wege
1117 2916 70 34 wie
1209 2916 37 33 in
1264 2914 56 34 der
1338 2916 114 31 Natur
1470 2912 197 48 hergestellt,
1713 2911 107 35 lieber
1847 2911 74 33 dem
1940 2908 110 49 Kopfe
2076 2909 54 33 des

983 2968 150 47 Daphnis
1162 2967 113 34 stehen
1300 2967 108 46 einige
1435 2965 120 35 Blätter
1580 2962 113 37 scharf
1717 2977 106 34 gegen
1850 2961 139 36 weifsen
2018 2963 95 33 Cirro-

983 3029 134 32 stratus;
1141 3019 106 34 damit
1263 3018 101 34 dieser
1383 3020 159 32 Kontrast
1560 3030 69 20 nun
1648 3017 87 33 seine
1749 3015 90 35 ferne
1860 3014 97 35 Stelle
1977 3015 46 33 im
2039 3014 91 34 Bilde

983 3072 123 39 behält,
1126 3072 58 34 hat
1204 3084 33 21 er
1255 3080 102 25 etwas
1379 3068 142 36 entfernt
1541 3069 108 35 davon
1670 3069 54 33 ein
1742 3066 130 36 weifses
1891 3066 100 34 helles
2001 3065 104 35 Wölk-

984 3125 84 33 chen
1088 3123 211 47 angebracht,
1319 3135 104 34 gegen
1442 3121 145 36 welches
1608 3121 53 33 die
1679 3119 81 35 Luft
1779 3120 106 34 neben
1905 3119 61 34 den
1986 3118 145 35 Blättern

983 3177 117 34 zweite
1117 3174 185 48 Flelligkeit
1320 3175 51 35 ist.

1061 3228 80 34 Wir
1159 3227 156 47 sprachen
1337 3226 88 34 dann
1445 3225 79 35 über
1543 3226 53 33 die
1616 3224 108 36 Maler
1744 3224 53 34 des
1819 3224 311 46 Cinquecento,

983 3281 68 35 wie
1070 3281 45 32 sie
1134 3278 190 35 manchmal
1343 3278 76 34 dem
1439 3278 92 34 Bilde
1549 3285 103 26 unten
1672 3278 94 32 einen
1782 3288 125 35 grauen
1922 3273 137 35 Streifen
2074 3287 38 20 zu-

983 3332 118 48 gefügt
1117 3331 118 40 haben,
1251 3330 178 39 vielleicht,
1449 3343 58 20 um
1526 3330 48 33 im
1587 3328 92 35 Bilde
1698 3328 91 34 noch
1804 3330 110 31 Raum
1929 3339 40 21 zu
1984 3323 147 37 schaffen

984 3388 39 41 (z.
1046 3387 34 32 B.
1105 3382 223 35 Himmlische
1355 3381 97 35 Liebe
1477 3382 70 33 und
1571 3381 176 34 Madonna
1774 3381 62 32 mit
1861 3379 30 35 d.
1917 3382 20 42 j.
1957 3380 80 32 Frau
2062 3391 69 21 von

983 3438 117 33 Tizian
1120 3436 80 33 oder
1216 3434 229 48 Violinspieler
1464 3447 69 21 von
1551 3432 118 36 Rafael
1689 3445 32 21 u.
1743 3432 57 46 a.).

1064 3492 55 36 So,
1148 3488 123 34 meinte
1297 3485 154 40 Böcklin,
1478 3486 133 34 möchte
1639 3498 31 21 er
1699 3485 47 33 im
1773 3483 90 35 Bilde
1892 3482 62 34 den
1980 3482 150 47 Daphnis

986 3542 89 34 hoch
1094 3540 120 39 haben,
1234 3539 167 35 vielleicht
1420 3538 106 34 durch
1545 3535 247 48 Hinzufügung
1811 3536 85 33 eines
1918 3534 213 47 vergoldeten

985 3597 133 36 Brettes,
1138 3592 56 34 das
1213 3592 203 47 gemeinsam
1435 3591 63 33 mit
1517 3589 75 35 dem
1609 3588 91 36 Bilde
1715 3602 81 21 vom
1810 3587 231 35 Goldrahmen
2056 3599 51 21 um-

985 3646 167 34 schlossen
1171 3643 98 36 wird.

2690 557 58 25 2i*
2768 546 92 32 März
2882 545 58 33 66.

2315 614 142 35 Böcklin
2472 613 101 35 malte
2588 613 100 34 heute
2704 627 40 20 an
2760 613 107 34 einem
2879 613 256 34 wundervollen
3149 613 229 49 Idealporträt:

2236 668 80 33 Eine
2328 670 99 31 Röm
2436 680 36 20 er
2479 667 11 33 i
2497 680 21 20 n
2533 666 35 34 in
2578 667 151 33 weissem
2742 665 115 35 Kleide
2869 666 60 34 mit
2940 665 324 48 Veilchenbouquet,
3276 668 82 34 Gold-

2236 718 69 36 reif
2325 720 67 34 und
2420 724 141 42 grünem
2586 718 152 41 Schleier,
2829 718 69 34 und
2925 731 89 21 zwar
3034 715 63 35 auf
3116 718 88 34 einer
3222 718 139 36 Schiefer-

2236 772 113 48 platte,
2370 771 97 34 deren
2486 769 204 36 Naturfarbe
2710 783 77 21 zum
2806 769 228 47 Hintergrund
3053 769 134 35 benutzt
3206 771 51 33 ist.

2314 821 151 49 Anfangs
2486 824 57 33 hat
2564 836 31 20 er
2611 821 65 35 auf
2686 821 110 35 diesen
2812 821 148 35 dunkeln
2975 821 119 35 Grund
3111 821 76 35 alles
3204 823 61 33 mit
3279 827 99 38 Grau,

2236 875 144 35 welches
2396 889 58 20 aus
2469 881 120 41 grüner
2604 875 94 39 Erde,
2709 874 112 34 Weifs
2836 874 69 34 und
2921 874 75 34 dem
3012 874 366 37 durchschimmernden

2237 928 116 34 Grund
2396 929 71 33 sich
2509 935 302 31 zusammensetzte,

2236 979 316 35 herausmodelliert.
2570 980 220 33 BeimWeiter-

2236 1032 109 34 malen
2375 1033 41 32 ist
2441 1044 33 21 er
2499 1031 102 34 heller
2628 1044 183 33 gegangen,

2241 1083 76 35 aber
2337 1085 85 33 auch
2446 1082 65 35 fast
2530 1096 63 21 nur
2620 1084 95 43 (oder
2734 1096 57 21 aus-

2236 1135 217 47 schliefslich)
2483 1136 61 33 mit
2577 1140 118 42 grüner
2727 1135 83 34 Erde

2237 1189 69 33 und
2321 1187 122 35 Weifs.
2479 1189 115 32 Damit
2614 1187 57 35 das
2687 1187 121 34 Fleisch

2236 1241 94 33 nicht
2343 1253 39 21 zu
2397 1245 85 42 grün
2490 1239 119 40 wirke,
2623 1240 58 34 hat
2693 1253 32 20 er
2735 1239 76 34 dem

2236 1291 97 49 Kopf
2357 1292 88 34 dann
2472 1293 95 33 einen
2591 1291 217 47 starkgrünen

2236 1344 144 35 Schleier
2395 1344 157 47 gegeben.
2581 1345 62 33 Ein
2658 1344 133 46 glänzen-

2237 1397 56 34 der
2308 1394 157 37 Goldreif
2480 1395 76 35 läfst
2577 1396 61 34 den
2651 1394 98 49 Kopf
2763 1396 47 33 im

2236 1451 75 32 Ton
2337 1449 199 34 erscheinen.
2591 1448 220 34 Hellviolette

2236 1501 184 34 Edelsteine
2448 1500 70 34 und
2551 1500 259 39 Ohrbommeln,

2238 1554 56 33 der
2331 1553 175 47 goldgelbe
2543 1552 175 34 Mittelton
2757 1552 53 33 des

2237 1604 112 41 Reifs,
2385 1605 55 34 der
2474 1604 142 34 Schleier
2650 1604 69 33 und
2754 1604 57 33 das

2239 1657 108 46 farbig
2358 1657 134 34 violette
2498 1656 314 47 Veilchenbouquet

2237 1709 209 40 verhindern,
2467 1708 70 35 dafs
2554 1709 52 34 die
2622 1709 185 34 Karnation
2823 1708 83 33 nach
2926 1706 114 48 irgend
3062 1706 87 34 einer
3168 1706 96 34 Farbe
3283 1706 85 34 inkli-

2237 1763 94 33 niert.
2369 1763 62 32 Ein
2444 1764 69 31 Rot
2532 1774 40 21 zu
2589 1761 122 34 diesem
2726 1760 144 34 Zwecke
2890 1759 235 47 anzubringen,
3141 1763 92 31 wäre
3248 1764 135 34 unnütz,

2237 1815 40 33 da
2299 1814 55 34 das
2373 1813 125 35 Fleisch
2523 1813 116 34 bereits
2660 1813 61 34 mit
2740 1816 95 31 Grün
2854 1811 125 47 gemalt
2998 1811 52 35 ist.

2318 1867 85 46 (Um
2422 1865 55 34 der
2498 1866 186 33 Harmonie
2704 1866 86 32 eines
2810 1864 106 34 Bildes
2937 1865 96 32 einen
3048 1863 211 34 bestimmten
3275 1863 90 46 eigen-

2237 1919 129 46 artigen
2385 1918 111 46 Klang
2521 1930 39 22 zu
2580 1917 118 47 geben,
2718 1917 127 34 scheint
2865 1915 141 35 Böcklin
3027 1929 30 20 es
3077 1914 96 36 wohl
3193 1913 53 36 für
3265 1924 60 37 gut
3344 1928 37 21 zu

2236 1971 125 40 halten,
2382 1971 71 32 eine
2472 1970 98 34 Farbe
2591 1970 53 34 des
2664 1968 240 35 Farbenkreises
2925 1981 83 33 ganz
3034 1966 113 35 fehlen
3168 1980 38 21 zu
3228 1966 154 48 lassen?!)

2317 2023 60 33 Die
2397 2021 114 42 tiefen,
2531 2021 330 47 starkviolettgrauen
2881 2020 155 34 Schatten
3055 2020 73 33 sind
3143 2020 164 33 demnach
3323 2032 62 21 nur

2237 2074 64 35 auf
2307 2075 56 34 das
2375 2078 91 31 Grau
2479 2074 53 34 des
2545 2072 159 37 Schiefers
2716 2074 119 34 lasiert.
2865 2076 65 30 Das
2941 2071 116 35 weifse
3068 2071 96 34 Kleid
3176 2072 58 33 hat
3246 2071 137 34 Böcklin

2237 2128 88 33 auch
2346 2125 138 47 anfangs
2505 2127 62 33 mit
2587 2131 118 42 grüner
2725 2125 82 34 Erde
2830 2124 65 34 und
2915 2123 111 36 Weifs
3048 2123 135 48 gemalt,
3203 2123 89 34 dann
3312 2123 72 34 aber

2237 2180 60 33 mit
2317 2180 125 33 reinem
2458 2178 112 34 Weifs
2590 2179 120 39 lasiert,
2732 2178 55 33 das
2816 2178 34 33 in
2869 2177 123 34 diesem
3013 2176 85 34 Falle
3118 2176 52 34 die
3193 2177 170 45 Eigentüm-

2239 2231 139 34 lichkeit
2397 2232 69 40 hat,
2486 2244 83 34 ganz
2589 2229 217 35 violettweifs
2826 2243 40 21 zu
2885 2228 141 35 wirken.

2315 2283 75 34 Alle
2411 2283 133 41 Stellen,
2566 2296 59 20 wo
2646 2283 54 33 der
2720 2282 140 34 Mensch
2880 2282 93 33 mehr
2993 2281 213 47 transpiriert,
3227 2279 73 35 sind
3320 2278 47 35 far-

2236 2335 104 47 biger,
2364 2335 52 34 bei
2450 2335 175 34 brünetten
2650 2335 108 47 gelber
2793 2333 43 47 (z.
2863 2336 35 31 B.
2924 2333 90 41 Leib,
3041 2332 248 34 Achselhöhlen
3315 2332 68 34 und

2236 2387 202 34 Brustfläche
2458 2387 79 34 über
2556 2387 65 33 den
2639 2386 167 46 Brüsten),
2827 2385 162 35 während
3009 2385 54 34 die
3083 2387 112 32 Brüste
3209 2383 109 41 weifs,
3333 2383 51 34 oft

2236 2440 62 34 mit
2326 2438 111 35 feinen
2463 2439 192 35 Aederchen
2684 2439 211 46 durchzogen
2924 2437 87 42 sind;
3041 2450 52 21 am
3118 2436 189 35 weifsesten
3333 2435 49 34 die

2236 2493 110 33 Arme.
2377 2495 64 30 Der
2450 2494 120 37 Torso,
2586 2492 104 33 meint
2704 2490 154 40 Böcklin,
2874 2490 44 34 sei
2940 2490 47 33 im
3006 2501 126 36 ganzen
3147 2489 93 34 nicht
3255 2502 35 20 so
3305 2488 77 41 hell,

2236 2544 68 35 wie
2324 2544 51 34 die
2394 2546 113 37 Arme,
2528 2544 52 33 die
2601 2543 148 47 dagegen
2770 2542 63 35 fast
2852 2551 76 25 stets
2948 2555 69 21 was
3039 2544 208 31 Marmornes
3267 2540 115 35 haben.

2236 2596 145 40 Ebenso,
2401 2609 101 21 wenn
2523 2596 87 34 auch
2629 2596 93 33 nicht
2745 2608 37 20 so
2802 2594 83 40 hell,
2905 2594 53 33 die
2977 2602 138 25 unteren
3138 2594 242 33 Extremitäten.

2316 2649 61 32 Die
2401 2647 134 35 kleinen
2554 2648 270 33 Modellationen
2848 2645 64 36 auf
2933 2646 55 33 der
3006 2648 137 45 Wange
3167 2646 58 33 hat
3244 2644 139 35 Böcklin

2235 2699 228 48 fortgelassen,
2480 2700 45 34 als
2541 2700 93 34 nicht
2649 2699 196 35 wesentlich
2854 2712 57 21 zur
2921 2699 238 45 Erscheinung.
3181 2699 62 33 Die
3254 2697 130 34 kleinen

2236 2753 214 33 Formlichter
2482 2752 169 34 wechseln
2685 2752 52 33 bei
2764 2751 88 47 jeder
2880 2750 188 47 Wendung
3095 2750 70 34 und
3194 2756 108 28 stören
3332 2749 50 34 die

2236 2803 224 41 Einfachheit,
2472 2803 119 36 Gröfse
2601 2803 70 35 und
2681 2804 182 34 Schönheit
2874 2803 56 33 der
2940 2801 136 49 grofsen
3086 2815 25 21 z.
3125 2805 34 32 B.
3172 2802 56 34 der
3238 2804 144 44 Wange.

2236 2860 66 30 Das
2323 2856 151 34 ziemlich
2495 2856 107 34 starke
2623 2855 189 35 Glanzlicht
2829 2854 64 35 auf
2902 2854 55 34 der
2972 2855 215 47 Nasenspitze
3202 2855 58 33 hat
3275 2853 87 35 Böck-

2236 2909 48 33 lin
2314 2907 190 49 aufgesetzt,
2533 2908 80 34 weil
2643 2908 51 34 die
2722 2910 90 32 Nase
2836 2907 57 34 der
2917 2907 135 33 nächste
3076 2906 110 34 Punkt
3211 2907 50 33 ist.
3321 2906 61 33 Die

2236 2960 225 35 Glanzlichter
2489 2961 55 33 der
2571 2962 119 45 Augen
2719 2960 73 34 sind
2824 2972 36 21 so
2888 2958 101 40 stark,
3017 2960 68 33 wie
3113 2960 34 33 in
3177 2958 55 34 der
3261 2960 120 32 Natur.

2236 3016 66 31 Das
2323 3012 111 40 breite,
2454 3012 107 35 starke
2581 3013 96 33 Licht
2697 3012 54 34 des
2773 3009 167 37 Goldreifs
2962 3010 133 35 mildert
3111 3012 70 33 ihre
3196 3010 188 47 schneidige

2236 3067 114 32 Harte.
2453 3067 61 32 Für
2541 3064 52 34 die
2622 3064 125 48 Lippen
2775 3064 58 33 hat
2861 3062 144 35 Böcklin
3029 3076 64 21 nur
3117 3064 53 33 ein
3198 3062 184 45 Eisenoxyd

2238 3118 72 46 (ich
2330 3116 119 47 glaube
2468 3116 96 49 Engl.
2580 3116 87 48 Rot)
2684 3115 193 48 gebraucht.
2956 3118 38 31 In
3010 3115 52 34 die
3075 3118 172 44 Wangen,
3263 3115 120 34 meinte

2237 3182 44 26 er,
2310 3174 108 29 müsse
2446 3182 78 21 man
2553 3169 54 33 nie
2635 3169 156 46 positives
2815 3170 70 31 Rot
2909 3168 155 39 nehmen,
3092 3167 175 34 besonders
3291 3167 92 33 nicht

2236 3224 124 44 Krapp,
2380 3221 42 34 da
2441 3221 56 34 das
2517 3229 75 25 stets
2617 3221 45 33 als
2683 3219 125 35 dunkle
2827 3219 99 35 Farbe
2946 3219 118 35 wirke.
3102 3219 102 41 Alles,
3220 3232 71 22 was
3306 3231 77 21 man

2237 3277 106 43 später
2354 3286 39 21 an
2401 3273 221 47 rotgemalten
2627 3274 158 46 Wangen
2793 3273 90 33 noch
2893 3272 125 34 ändern
3025 3271 87 41 will,
3119 3272 87 34 wird
3217 3272 165 33 Schmutz.

2315 3326 92 32 Beim
2434 3326 127 46 Beginn
2590 3325 86 33 eines
2705 3324 107 34 Bildes
2841 3325 128 33 scheint
2997 3323 143 35 Böcklin
3168 3325 117 33 immer
3313 3323 69 33 eine

2236 3376 65 35 fast
2325 3385 300 39 entgegengesetzte
2644 3375 110 42 Farbe,
2774 3377 68 34 wie
2862 3376 54 34 der
2935 3376 131 40 Grund,
3086 3389 40 21 zu
3145 3376 155 34 nehmen.
3341 3377 41 31 So

2236 3430 58 33 hat
2319 3442 33 21 er
2377 3429 69 33 hier
2472 3442 75 21 zum
2574 3428 70 35 kalt
2670 3429 312 35 schwarzvioletten
3001 3428 118 35 Grund
3139 3441 127 22 warme
3286 3440 78 35 grau-

2237 3486 103 41 grüne
2369 3480 245 48 (ungebrannte
2643 3487 105 41 grüne
2771 3481 102 47 Erde)
2900 3494 214 34 genommen,
3205 3480 53 34 bei
3278 3481 104 32 einem

2236 3532 135 35 kleinen
2396 3532 250 48 angefangenen
2670 3536 129 31 Porträt
2824 3535 103 32 seiner
2950 3535 81 32 Frau
3058 3534 91 33 hatte
3175 3545 33 21 er
3234 3541 62 25 erst
3322 3531 60 34 den

2237 3585 119 35 Grund
2377 3586 60 33 mit
2462 3586 283 47 durchsichtigem
2761 3586 84 35 Gelb
2867 3584 147 49 (Ocker)
3036 3585 187 47 überzogen
3243 3584 69 35 und
3332 3583 50 34 die

2236 3638 246 47 Untermalung
2500 3637 171 35 scheinbar
2690 3639 62 33 mit
2771 3638 129 34 Violett
2918 3637 135 48 gemalt.
