2715 3919
2215 3622 139 36 AVRIL
2384 3611 114 44 1922

1360 3616 64 47 88

267 3642 58 34 LA
362 3631 129 45 CITÉ.

343 330 268 52 complexes
651 344 61 28 en
755 327 120 43 leurs
919 326 276 49 desiderata,
1243 329 75 49 qui
1362 327 318 49 représentent
1723 324 66 43 les
1834 323 243 44 différents
2120 332 182 42 aspects
2346 322 62 44 du

339 403 246 54 problème
612 402 59 44 de
696 401 293 43 l'habitation
1018 402 221 43 ouvrière.

476 489 32 43 Il
535 488 206 44 faudrait
766 487 109 52 qu'il
902 487 95 42 leur
1021 489 89 41 soit
1134 488 181 41 réservé
1343 487 153 40 mieux
1521 482 140 54 qu'un
1688 485 198 50 premier
1913 484 114 50 prix,
2058 483 152 42 mieux
2237 481 169 53 qu'une

339 581 184 26 somme
555 562 236 52 d'argent;
825 560 29 43 il
888 560 203 44 faudrait
1122 560 95 43 leur
1250 562 203 40 réserver
1486 558 43 42 la
1561 556 286 44 satisfaction
1880 554 178 44 morale
2090 572 89 34 que
2212 569 196 38 procure

340 637 305 45 l'édification
674 635 112 45 d'un
815 636 175 51 projet!

409 723 98 43 Nos
552 722 196 43 lecteurs
791 737 49 26 se
885 718 224 44 rendront
1151 720 331 40 certainement
1526 724 190 43 compte
1760 713 62 44 du
1865 712 280 45 bien-fondé
2192 712 60 43 de
2294 729 114 26 mon

343 799 192 50 opinion
567 812 86 36 par
686 793 250 52 l'exemple
971 793 82 42 des
1084 792 296 43 illustrations
1413 807 89 34 que
1534 806 115 29 nous
1683 805 147 25 avons
1862 788 43 42 la
1937 788 159 42 bonne
2131 786 185 43 fortune
2350 786 58 44 de

341 872 200 51 pouvoir
565 868 283 52 reproduire.

1886 967 46 45 F.
1966 967 267 47 BODSON,

1938 1040 260 43 architecte.

1302 1120 206 50 Délégué
1542 1117 83 43 des
1651 1125 296 34 concurrents
1979 1133 58 25 au
2065 1117 96 40 sein
2196 1113 61 44 du
2288 1116 114 50 jury.

475 1755 21 26 «
526 1738 175 43 Dormez
729 1753 54 26 au
806 1735 148 53 peuple
979 1733 70 44 des
1075 1733 239 43 habitations
1339 1731 89 52 plus
1455 1730 149 53 dignes,
1636 1728 69 45 des
1731 1733 136 48 foyers
1895 1726 89 53 plus
2011 1726 276 47 convenables,
2317 1724 89 52 plus

343 1839 163 38 propres
510 1858 9 14 9
553 1823 92 53 plus
677 1821 123 44 doux.
835 1819 216 45 Abolissez
1086 1819 53 42 les
1174 1816 150 50 taudis;
1361 1816 226 43 humanisez
1623 1813 230 48 Vindustrie,
1890 1811 104 45 alors
2031 1813 34 42 le
2102 1809 226 45 travailleur
2361 1826 48 27 ne

345 1910 212 44 cherchera
581 1923 74 38 pas
679 1907 40 44 la
744 1904 263 54 dégradation
1032 1903 98 43 dans
1155 1903 38 43 la
1219 1903 154 42 boisson
1398 1910 36 34 et
1459 1901 38 43 la
1524 1900 201 43 mauvaise
1749 1900 233 50 compagnie
2007 1896 68 44 des
2100 1899 124 47 cafés.

415 2014 22 26 <(
467 1996 41 43 A
541 2012 92 27 mon
659 1995 98 45 avis,
786 1992 176 50 Vunique
989 1991 128 51 espoir
1144 1988 49 43 de
1223 1986 208 44 détourner
1459 1986 55 44 les
1542 1985 175 43 hommes
1745 1983 70 44 des
1844 1983 100 43 abus
1971 1980 51 45 de
2053 1980 38 45 la
2121 1980 156 45 boisson
2309 1978 101 43 dans

342 2100 71 26 nos
446 2079 172 54 grandes
649 2078 113 44 villes
795 2076 204 44 modernes
1035 2083 55 34 est
1126 2073 302 43 Vamélioration
1466 2070 68 43 des
1571 2070 249 42 habitations.
1857 2067 38 44 Il
1931 2066 70 54 riy
2036 2085 24 25 a
2095 2080 73 37 pas
2203 2065 52 44 de
2293 2064 113 44 tâche

346 2168 89 53 plus
471 2172 202 47 pressante
712 2181 77 33 que
828 2161 98 44 celle
965 2159 50 44 de
1052 2174 185 38 procurer
1278 2175 77 25 aux
1396 2155 142 44 classes
1577 2169 168 37 pauvres
1785 2154 69 43 des
1895 2152 238 43 habitations
2171 2164 164 38 propres
2375 2155 35 35 et

343 2254 195 44 décentes.
574 2252 51 52 Je
658 2248 166 53 regarde
858 2256 99 35 cette
992 2260 131 29 œuvre
1158 2261 153 26 comme
1346 2243 175 50 l'unique
1556 2240 177 44 antidote
1767 2239 51 44 de
1853 2247 85 35 tous
1974 2239 54 42 les
2063 2237 99 44 abus
2197 2253 76 35 que
2308 2251 98 27 nous

345 2340 226 54 déplorons.
610 2336 113 45 Vous
753 2352 48 26 ne
830 2347 154 39 pouvez
1015 2345 71 39 pas
1120 2328 217 45 demander
1368 2331 23 40 à
1426 2326 69 44 des
1526 2340 92 38 gens
1652 2327 65 50 qui
1751 2324 176 44 habitent
1959 2321 101 46 dans
2092 2320 70 46 des
2195 2320 131 45 taudis
2357 2318 53 45 de

345 2428 153 43 résister
522 2428 25 39 à
574 2423 39 44 la
639 2422 188 43 tentation
853 2437 74 33 que
954 2418 81 43 leur
1061 2421 106 46 offre
1195 2416 34 42 le
1256 2416 91 47 café
1371 2414 137 46 voisin,
1537 2410 248 51 confortable
1813 2419 36 34 et
1874 2407 146 46 chaud.

474 2525 22 25 »
526 2507 69 44 On
616 2524 50 26 ne
685 2515 96 44 peut
802 2507 152 50 espérer
978 2522 51 33 qu
1050 2521 50 26 un
1124 2502 129 43 milieu
1278 2504 50 41 où
1351 2504 116 48 règne
1490 2503 23 39 à
1538 2499 24 43 f
1568 2502 80 40 état
1669 2506 229 44 permanent
1924 2497 38 42 la
1986 2495 135 48 saleté,
2147 2495 35 44 le
2206 2491 201 49 désordre,

345 2595 39 44 la
422 2611 131 26 crasse
586 2602 39 34 et
660 2592 36 44 le
730 2606 200 31 vacarme,
967 2590 127 51 puisse
1131 2585 184 54 produire
1352 2588 38 40 ni
1428 2588 124 40 même
1589 2583 144 52 garder
1770 2581 69 45 des
1877 2581 176 43 hommes
2091 2579 87 44 bien
2217 2584 191 46 portants,

342 2681 134 43 sobres
501 2688 37 34 et
564 2678 200 44 honnêtes.
794 2675 69 44 On
889 2683 92 44 peut
1006 2670 258 56 comprendre
1289 2689 76 34 que
1392 2671 35 43 le
1452 2670 211 52 désespoir,
1693 2687 43 25 ce
1764 2668 178 44 mauvais
1968 2663 216 50 conseiller,
2213 2681 19 25 s
2250 2676 159 39 empare

343 2769 109 48 enfin
488 2765 51 44 de
574 2782 101 26 ceux
711 2763 68 52 qui
813 2769 88 35 sont
937 2759 149 52 obligés
1124 2757 49 45 de
1208 2759 106 42 vivre
1353 2755 98 44 dans
1488 2773 62 26 ces
1588 2752 232 46 conditions.
1860 2752 49 52 Je
1945 2769 47 27 ne
2031 2768 62 26 me
2131 2748 168 44 hasarde
2336 2761 74 38 pas

345 2852 228 52 d'indiquer
602 2850 37 44 le
665 2846 182 50 remède;
879 2847 97 42 mais
1003 2844 72 52 j'ai
1103 2858 53 38 pu
1187 2849 194 37 constater
1411 2859 77 34 que
1517 2840 98 43 dans
1647 2845 124 37 toutes
1801 2838 55 43 les
1885 2834 169 55 grandes
2085 2834 125 48 villes,
2243 2835 67 50 qui
2342 2839 68 36 ont

343 2942 168 50 procuré
541 2937 72 44 des
642 2935 242 45 habitations
915 2930 175 44 salubres
1122 2938 37 33 et
1190 2927 200 44 combattu
1423 2927 280 49 efficacement
1737 2923 34 45 le
1801 2923 113 52 fléau
1949 2921 54 45 du
2038 2919 142 50 taudis,
2215 2918 55 44 les
2302 2916 87 45 meil-

345 3026 101 42 leurs
468 3023 183 45 résultats
673 3029 68 36 ont
764 3022 60 41 été
847 3018 165 44 obtenus
1035 3018 23 40 à
1084 3024 83 34 tous
1194 3015 53 42 les
1270 3015 129 52 points
1423 3012 49 44 de
1496 3027 77 29 vue
1598 3029 40 26 ».

1980 3116 107 53 John
2116 3112 224 46 BURNS.
