2715 3919
1383 3578 64 49 92

2237 3588 138 37 AVRIL
2405 3579 28 43 i
2433 3579 85 43 922

296 3598 57 33 LA
390 3587 129 45 CITÉ.

828 168 1134 46 TECHNOLOGIE

381 381 178 127 De
640 378 496 165 quelques
1214 378 529 130 méthodes

1090 548 127 130 de
1344 579 449 137 peinture
1920 571 518 109 intérieure

968 743 339 76 pratiquées
1365 763 72 41 en
1496 735 356 84 Angleterre

510 954 209 43 L'article
747 966 89 44 que
860 966 115 31 nous
1001 953 217 56 publions
1246 954 231 43 ci-dessus
1501 966 29 30 a
1555 966 114 47 paru
1699 954 29 45 il
1751 967 27 43 y
1805 966 29 30 a
1860 955 192 55 quelque
2080 958 147 53 temps
2255 956 115 47 dans
2396 957 40 42 le

385 1042 25 27 «
437 1027 232 44 Moniteur
693 1026 56 43 de
775 1027 45 43 la
842 1027 214 43 Peinture
1085 1043 23 27 »
1137 1030 75 53 qui
1237 1031 70 40 est
1329 1041 87 29 une
1440 1040 135 31 revue
1599 1027 382 57 professionnelle
2008 1028 190 44 modèle.
2227 1031 86 45 Les
2341 1043 72 31 ren-

378 1102 308 55 seignements
727 1114 86 43 que
854 1104 113 41 cette
1010 1101 133 45 étude
1183 1102 171 57 fournit
1393 1102 276 43 intéressent
1714 1115 89 30 non
1848 1102 249 44 seulement
2140 1103 65 44 les
2249 1107 189 54 patrons

375 1177 200 55 peintres
604 1177 114 42 mais
746 1179 198 53 peuvent
971 1177 91 42 être
1093 1176 253 56 également
1375 1174 139 46 utiles
1543 1188 92 30 aux
1665 1176 282 44 architectes.

263 1336 86 42 Les
422 1335 261 43 nombreux
755 1334 192 43 lecteurs
1020 1334 61 43 du
1158 1351 23 25 «
1224 1333 120 43 Moni-

195 1409 99 31 teur
360 1398 56 41 de
485 1396 212 43 Peinture
733 1412 23 26 »
825 1396 378 47 s'intéresseront,
1271 1411 104 25 sans

197 1458 157 47 doute,
415 1475 90 25 aux
564 1456 248 43 méthodes
869 1458 165 40 suivies
1091 1472 55 27 en
1205 1455 144 52 Angle-

198 1530 118 31 terre
369 1519 114 42 dans
533 1518 40 44 le
625 1518 216 51 finissage
894 1518 80 41 des
1026 1533 134 26 murs.
1192 1516 32 43 Il
1272 1533 30 35 y
1351 1533 25 25 a

201 1580 62 44 30
297 1583 27 39 à
356 1580 60 43 40
450 1596 95 31 ans,
582 1578 63 43 les
677 1595 124 26 murs
834 1578 80 42 des
947 1580 202 40 maisons
1180 1577 63 43 les
1274 1577 103 52 plus

196 1658 185 26 cossues
406 1643 261 42 recevaient
690 1639 384 44 invariablement
1098 1641 101 49 cinq
1227 1656 59 24 ou
1311 1640 66 39 six

196 1702 200 43 couches
432 1702 59 42 de
524 1701 200 48 couleur,
764 1701 43 42 la
844 1701 207 43 dernière
1088 1700 59 42 de
1180 1699 195 42 celles-ci

191 1767 130 40 étant
340 1764 242 51 mélangée
601 1766 28 39 à
651 1780 89 25 une
761 1763 120 42 forte
901 1763 203 52 quantité
1126 1759 172 46 d'huile
1319 1761 58 42 de

194 1826 75 48 lin,
303 1826 60 42 de
392 1826 139 51 façon
559 1828 28 39 à
611 1842 54 25 ce
695 1823 167 53 qu'elle
888 1824 136 42 sèche
1050 1839 111 27 avec
1191 1841 59 25 un
1276 1839 71 24 cer-

197 1899 94 32 tain
318 1903 24 27 «
368 1886 167 44 luisant
557 1902 42 26 ».
626 1886 46 42 A
696 1888 197 49 présent,
920 1890 118 38 cette
1062 1883 223 43 méthode
1309 1894 66 31 est

201 1949 212 42 devenue
446 1958 101 33 tout
577 1951 27 38 à
635 1947 84 43 fait
751 1962 23 27 «
805 1949 137 40 vieux
970 1951 75 48 jeu
1078 1962 41 31 »,
1152 1964 77 25 car
1258 1964 60 25 on
1349 1965 24 23 a

201 2010 254 43 découvert
496 2009 80 42 des
614 2008 227 52 procédés
879 2006 226 44 meilleurs
1144 2020 44 31 et
1226 2009 149 40 moins

197 2071 145 48 chers,
380 2071 274 52 produisant
688 2071 80 42 des
801 2069 136 43 effets
968 2070 101 51 plus
1102 2071 268 49 artistiques,

199 2144 177 31 surtout
397 2132 157 52 quand
574 2132 27 42 il
622 2131 134 51 s'agit
777 2132 58 42 de
856 2131 171 42 former
1045 2148 60 25 un
1128 2130 116 42 fond
1265 2146 80 26 con-

196 2193 201 44 venable
432 2210 90 26 aux
557 2192 228 48 tableaux,
824 2196 26 38 à
884 2191 390 49 l'ameublement,
1312 2202 57 36 et,

196 2259 424 48 ajouterons-nous,
649 2271 89 26 aux
766 2253 196 43 toilettes
990 2254 81 42 des
1097 2253 171 44 dames.
1299 2252 73 43 Un

196 2333 217 27 nouveau
444 2332 139 35 genre
618 2315 59 43 de
707 2314 221 49 couleurs,
963 2332 202 25 connues
1193 2332 108 26 sous
1332 2314 40 42 le

199 2395 112 25 nom
346 2377 58 43 de
436 2377 244 52 détrempe
710 2377 274 52 hygiénique
1017 2394 60 25 ou
1108 2377 208 43 couleurs
1347 2378 27 41 à

189 2439 122 44 l'eau
330 2438 224 53 lavables,
578 2438 53 42 fit
650 2455 84 25 son
754 2440 261 49 apparition
1034 2454 73 26 sur
1126 2438 42 42 le
1189 2436 184 44 marché

197 2511 46 31 et
269 2501 74 41 n'a
373 2500 96 49 fait,
502 2500 161 51 depuis
690 2499 105 47 lors,
827 2516 88 34 que
944 2516 170 34 gagner
1140 2517 56 24 en
1225 2516 118 35 popu-

194 2562 144 43 larité.
367 2561 90 43 Ces
481 2561 210 42 couleurs
716 2572 104 31 sont
844 2563 26 40 à
893 2560 113 42 base
1033 2560 59 43 de
1115 2558 253 54 lithopone,

196 2622 167 53 auquel
402 2634 106 32 sont
546 2621 265 52 mélangées
850 2624 221 40 certaines
1109 2622 264 42 substances

197 2684 257 48 adhésives,
484 2683 127 44 telles
637 2701 88 34 que
749 2683 42 42 la
815 2685 193 45 caséine,
1037 2685 75 49 qui
1136 2683 93 42 leur
1253 2700 96 25 assu-

194 2757 101 32 rent
320 2746 42 42 la
387 2748 236 50 propriété
651 2745 146 43 d'être
825 2747 217 42 lavables.
1073 2744 206 44 Certains
1305 2745 44 42 fa-

196 2808 201 43 bricants
430 2807 60 43 de
519 2824 53 25 ce
600 2823 142 35 genre
774 2806 57 42 de
861 2805 211 42 couleurs
1102 2821 55 27 en
1188 2805 159 51 produi-

196 2882 102 31 sent
326 2869 182 52 jusqu'à
538 2879 105 32 cent
673 2871 187 48 espèces
893 2868 59 42 de
982 2878 103 31 tons
1117 2868 253 47 différents,

197 2930 118 44 dont
353 2930 42 42 la
433 2930 185 52 plupart
655 2942 105 31 sont
801 2928 139 44 d'une
977 2928 175 52 grande
1189 2928 181 43 beauté.

194 2991 86 44 Les
315 2991 209 44 couleurs
557 2995 27 38 à
619 2991 119 42 l'eau
775 2989 206 44 lavables
1017 3002 202 38 peuvent
1251 2989 96 52 s'ap-

193 3053 181 53 pliquer
398 3071 72 25 sur
495 3053 41 42 le
561 3053 161 53 plâtre,
751 3052 108 52 qu'il
885 3053 89 42 soit
998 3054 135 39 vieux
1159 3068 59 26 ou
1243 3052 127 47 frais;

195 3115 117 42 dans
334 3132 51 24 ce
410 3115 179 42 dernier
612 3131 89 31 cas,
730 3113 232 47 toutefois,
988 3112 29 43 il
1042 3111 164 44 faudra
1229 3115 143 40 éviter

192 3176 207 51 Femploi
423 3176 82 42 des
524 3175 209 43 couleurs
752 3184 210 43 pouvant
982 3177 96 39 être
1096 3173 278 44 influencées

194 3255 86 34 par
308 3237 42 42 la
379 3236 160 44 chaux.
573 3236 174 53 Quand
778 3236 28 42 il
835 3236 134 51 s'agit
999 3235 59 43 de
1085 3237 137 41 vieux
1250 3252 122 26 murs

194 3309 142 41 ayant
366 3299 100 43 subi
500 3299 57 42 de
589 3298 301 43 nombreuses
921 3298 289 50 réparations
1241 3296 132 43 faites

196 3360 179 52 parfois
415 3376 113 27 avec
571 3359 272 44 différentes
884 3361 188 49 espèces
1113 3358 59 44 de
1212 3357 160 51 plâtre,

1452 1365 59 24 on
1535 1366 24 23 a
1584 1347 256 42 l'habitude
1862 1348 58 41 de
1941 1351 202 48 tapisser,
2170 1366 56 24 au
2247 1347 250 52 préalable,
2527 1359 99 33 tout

1450 1408 42 42 le
1518 1426 99 24 mur
1642 1425 112 25 avec
1779 1427 59 24 un
1866 1408 414 52 papier-doublure
2301 1409 139 43 blanc
2464 1427 75 26 sur
2566 1409 39 42 le-

1452 1470 102 51 quel
1588 1469 258 54 s'applique
1878 1470 42 42 la
1951 1470 188 43 couleur
2169 1474 27 39 à
2228 1469 132 51 l'eau,
2395 1487 114 27 avec
2545 1471 81 43 des

1448 1530 210 43 résultats
1703 1531 79 42 des
1827 1531 101 53 plus
1971 1531 312 43 satisfaisants.
2316 1531 141 44 Alors
2504 1532 122 43 deux

1448 1591 196 43 couches
1668 1592 212 44 suffisent
1903 1592 286 52 amplement
2213 1610 119 35 pour
2355 1593 183 43 obtenir
2564 1610 58 25 un

1451 1653 159 42 travail
1647 1656 229 41 vraiment
1909 1656 152 40 réussi.
2101 1653 61 43 Le
2198 1658 109 38 coût
2342 1654 139 45 d'une
2520 1653 104 44 telle

1448 1716 207 49 peinture
1693 1717 176 40 revient
1906 1715 259 43 infiniment
2203 1718 148 39 moins
2389 1714 107 44 cher
2536 1732 90 34 que

1448 1778 155 39 même
1641 1775 121 42 deux
1801 1775 197 42 couches
2040 1776 59 43 de
2137 1775 209 43 couleurs
2385 1779 27 39 à
2452 1775 167 48 l'huile,

1448 1838 112 40 ainsi
1594 1836 142 52 qu'on
1770 1850 110 37 peut
1914 1853 55 26 en
2003 1841 131 47 juger
2166 1854 85 34 par
2282 1837 43 42 le
2355 1838 95 42 bon
2483 1852 142 36 usage

1448 1901 181 47 garantit
1653 1914 84 35 par
1765 1914 69 25 ses
1864 1897 204 52 qualités.
2102 1899 144 47 Ainsi,
2277 1900 36 40 si
2341 1901 135 48 après
2506 1897 23 43 2
2563 1914 63 28 ou

1451 1957 24 42 3
1514 1961 183 44 années,
1737 1958 42 42 la
1813 1958 178 43 surface
2026 1961 154 49 peinte
2215 1976 84 34 par
2331 1975 53 24 ce
2419 1958 203 51 procédé

1447 2022 151 47 paraît
1625 2019 198 52 quelque
1849 2036 89 34 peu
1968 2019 258 48 décolorée,
2257 2022 94 40 rien
2379 2020 117 42 n'est
2522 2019 102 52 plus

1448 2080 164 51 simple
1646 2098 87 34 que
1771 2080 59 42 de
1864 2080 42 42 la
1943 2080 126 43 laver
2104 2097 113 25 avec
2254 2081 58 42 de
2346 2080 120 43 l'eau
2499 2084 27 39 à
2561 2080 40 42 la-

1447 2141 148 51 quelle
1622 2159 59 24 on
1706 2153 109 40 peut
1839 2145 180 48 ajouter
2041 2159 61 25 un
2127 2158 90 35 peu
2245 2141 377 51 d'ammoniaque

1449 2219 58 25 ou
1544 2202 57 43 de
1635 2202 165 48 soude;
1836 2205 95 39 ceci
1968 2202 94 48 fait,
2101 2219 87 26 une
2220 2201 123 44 seule
2378 2215 44 31 et
2454 2204 170 49 unique

1448 2262 175 43 couche
1652 2263 57 43 de
1739 2262 186 43 couleur
1954 2262 220 52 produira
2203 2281 60 25 un
2294 2262 114 44 effet
2437 2266 88 40 très
2555 2280 44 24 sa-

1448 2324 235 42 tisfaisant.
1722 2324 248 51 Beaucoup
2008 2325 59 42 de
2098 2325 325 50 propriétaires
2457 2342 45 26 se
2538 2323 63 42 las-

1446 2397 100 30 sent
1570 2396 348 40 promptement
1946 2385 139 42 d'une
2111 2387 157 46 teinte;
2297 2402 118 34 pour
2442 2384 180 43 ceux-là

1448 2449 108 48 quoi
1591 2446 59 42 de
1680 2445 100 52 plus
1810 2445 164 51 simple
2007 2463 88 34 que
2127 2445 59 43 de
2217 2445 271 43 renouveler
2520 2445 82 42 l'as-

1446 2520 106 38 pect
1587 2507 58 42 de
1679 2507 96 42 leur
1806 2506 256 43 habitation
2097 2525 54 25 en
2185 2524 46 25 se
2264 2518 185 31 servant
2484 2505 137 42 d'une

1446 2568 185 42 couleur
1660 2570 87 40 soit
1778 2567 101 52 plus
1909 2567 148 48 claire,
2090 2570 87 40 soit
2207 2566 102 52 plus
2338 2567 166 44 foncée
2534 2582 88 35 que

1446 2628 269 48 l'ancienne,
1746 2646 59 24 ou
1831 2628 109 43 d'un
1968 2641 79 32 ton
2074 2631 74 49 qui
2172 2645 60 25 va
2257 2628 106 43 bien
2391 2645 73 25 sur
2487 2626 112 43 celle-

1443 2692 50 40 ci.
1520 2689 85 43 Par
1624 2689 224 52 exemple,
1873 2706 59 26 un
1952 2688 107 44 bleu
2080 2692 212 49 jaunâtre
2311 2688 217 53 appliqué
2549 2704 73 26 sur

1448 2751 59 42 du
1530 2763 103 30 vert
1656 2751 243 41 donnerait
1922 2768 59 24 un
2006 2760 101 32 vert
2127 2750 208 42 bleuâtre
2356 2760 46 31 et
2423 2751 112 40 ainsi
2563 2748 59 42 de

1445 2814 125 40 suite.
1612 2811 246 51 Beaucoup
1897 2811 59 41 de
1991 2810 518 52 peintres-décorateurs
2543 2825 51 26 an-

1443 2873 111 50 glais
1573 2883 107 31 sont
1700 2871 147 43 d'avis
1869 2887 87 36 que
1977 2871 42 43 le
2039 2888 140 35 genre
2200 2871 57 42 de
2275 2869 210 44 couleurs
2507 2870 115 43 dont

1446 2933 27 42 il
1496 2936 124 39 vient
1643 2933 144 42 d'être
1808 2935 210 49 question
2039 2951 25 23 a
2087 2932 83 43 fait
2190 2949 83 25 son
2295 2943 162 39 temps.
2480 2930 140 44 Selon

1447 3005 127 31 toute
1593 2993 327 52 probabilité,il
1942 3012 47 24 se
2010 3009 183 36 passera
2215 3003 220 40 pourtant
2456 3007 165 27 encore

1445 3055 105 42 bien
1580 3055 81 42 des
1687 3057 169 40 années
1882 3065 142 31 avant
2050 3054 108 51 qu'il
2186 3053 146 52 perde
2357 3054 42 41 la
2426 3051 166 52 popula-

1446 3119 82 39 rité
1555 3115 107 53 qu'il
1691 3115 107 43 s'est
1822 3116 194 51 acquise.
2048 3113 289 52 Cependant,
2366 3114 28 42 il
2421 3116 200 47 importe

1447 3177 58 42 de
1533 3176 195 52 signaler
1757 3176 107 52 qu'il
1894 3194 46 25 se
1970 3176 212 50 fabrique
2211 3173 324 44 actuellement
2565 3189 54 25 en

1446 3238 105 42 bien
1583 3238 102 52 plus
1713 3236 198 53 grandes
1942 3238 227 50 quantités
2201 3252 89 35 que
2319 3235 64 43 les
2413 3233 209 43 couleurs

1446 3302 27 39 à
1514 3298 42 43 la
1601 3299 240 51 détrempe
1885 3296 218 49 lavables,
2152 3296 202 43 d'autres
2396 3294 219 49 couleurs,

1446 3376 202 24 connues
1686 3377 107 23 sous
1830 3359 41 41 le
1910 3376 112 24 nom
2064 3358 59 42 de
2161 3357 208 43 couleurs
2407 3363 148 37 mates
2593 3356 28 42 à
