3397 4474
3076 4178 60 46 65

106 325 96 64 LA
252 305 171 87 CITÉ
519 328 99 64 XI-
651 331 94 61 An
758 338 119 56 née
978 329 82 65 N°
1112 333 68 61 4.

109 450 123 43 Mars
269 450 124 43 1933.

104 1529 79 65 Le
225 1531 123 62 Prix
386 1529 491 68 d'Architecture

105 1630 132 63 Van
277 1630 78 65 de
395 1632 133 64 Ven
569 1635 222 62 1933:

104 1776 263 67 L'Ecole
402 1778 88 64 de
524 1777 263 67 Marine
823 1782 87 65 de
949 1782 205 79 l'Etat,

100 1885 41 57 à
179 1876 317 69 Ostende

106 1999 312 49 Architecte:
445 2004 39 45 P.
510 2004 315 60 Verbruggen.

119 2271 80 36 142.
231 2270 148 39 L'Ecole
404 2271 90 39 telle
520 2273 137 49 qu'elle
683 2278 179 47 apparaît
887 2277 47 38 du
961 2270 75 55 chenal

109 2270 268 36 de
511 2270 537 36 Mey.

128 2382 115 39 Photo
270 2387 162 49 Antony,
461 2387 142 49 Ypres.)

121 2521 78 36 143.
230 2520 78 38 Vue
344 2524 97 44 prise
476 2522 93 38 dans
603 2524 32 37 le
671 2524 65 38 hall
773 2529 192 47 principal.

109 2574 134 50 (Photo
269 2579 61 37 W.
358 2578 169 50 Kessels.)

108 2744 313 47 L'attribution
455 2747 56 47 du
544 2750 84 44 Prix
660 2749 373 51 d'Architecture
1066 2756 173 47 Annuel
1271 2759 90 46 Van
1395 2760 60 46 de
1488 2763 92 44 Ven

106 2829 25 26 a
159 2830 55 28 eu
240 2811 96 55 lieu,
364 2813 40 47 le
430 2818 110 44 mois
564 2816 194 56 dernier,
788 2838 111 41 pour
924 2820 35 47 la
987 2825 180 44 sixième
1192 2824 100 48 fois.
1318 2827 134 47 C'est
1477 2832 23 43 à
1529 2848 50 27 un

105 2879 158 46 travail
292 2880 101 47 d'un
426 2883 298 50 indiscutable
756 2890 168 44 intérêt
952 2909 90 40 que
1072 2898 99 40 sont
1201 2892 104 48 allés
1333 2893 62 47 les
1423 2895 137 47 suffra-

110 2965 85 40 ges
218 2952 228 46 unanimes
469 2951 58 47 du
552 2955 90 58 jury
666 2973 10 27 :
699 2959 23 42 à
748 2954 160 49 l'Ecole
934 2957 61 47 de
1020 2961 174 44 Marine
1218 2960 60 46 de
1303 2961 141 55 l'Etat,
1470 2963 112 46 dont

110 3013 5 45 I
136 3015 257 49 architecte
416 3026 73 40 est
511 3024 63 43 M.
599 3023 145 46 Pierre
767 3024 315 61 Verbruggen.

110 3084 123 46 Nous
258 3104 141 29 avons
424 3091 199 57 toujours
651 3095 110 42 noté
788 3111 117 28 avec
933 3095 255 59 sympathie
1216 3095 35 47 la
1282 3097 149 47 valeur
1458 3099 100 46 d'en-

106 3161 338 51 couragement
466 3175 89 40 que
579 3161 228 45 constitue
831 3159 246 50 l'initiative
1101 3163 61 47 de
1188 3167 61 44 M.
1277 3166 103 46 E.-J.
1404 3167 90 46 Van
1520 3168 61 45 de

113 3221 108 52 Ven;
261 3223 117 45 c'est
419 3229 221 57 pourquoi
677 3246 108 28 nous
824 3247 107 29 nous
971 3233 265 57 réjouissons
1281 3233 279 60 particulière-

112 3296 126 38 ment
265 3289 83 48 des
375 3292 208 48 résultats
611 3294 56 48 du
698 3297 85 45 Prix
819 3300 107 43 1933
957 3302 71 56 qui
1058 3305 251 55 marquent,
1339 3307 132 41 cette
1498 3303 85 46 fois

111 3375 185 37 encore,
331 3378 52 27 un
416 3366 191 54 progrès
639 3382 69 28 sur
737 3363 62 47 les
830 3365 289 48 attributions
1152 3367 83 48 des
1269 3369 313 59 précédentes

108 3429 187 44 années.
322 3428 123 47 Nous
469 3448 108 28 nous
604 3430 190 60 plaisons
819 3437 113 43 aussi
957 3440 23 41 à
1007 3440 237 41 constater
1270 3438 162 59 qu'une
1460 3438 102 47 réali-

108 3495 160 52 sation,
296 3494 113 48 dont
436 3496 35 47 la
500 3504 167 54 portée
696 3500 202 60 dépasse
924 3500 39 48 le
990 3502 142 47 cadre
1160 3503 60 47 de
1247 3503 334 50 l'architecture

109 3560 295 62 domestique
426 3568 171 56 privée,
620 3574 228 53 emporte,
874 3588 110 41 pour
1005 3569 35 48 la
1066 3575 225 56 première
1314 3574 85 45 fois
1421 3574 161 60 depuis

108 3628 9 45 I
138 3633 233 45 existence
400 3633 56 47 du
488 3635 84 46 Prix
600 3638 91 43 Van
722 3637 60 46 de
812 3640 107 51 Ven,
950 3638 35 46 la
1015 3645 133 40 toute
1178 3644 225 55 première
1436 3641 146 60 place.

112 3700 47 44 Et
184 3718 107 29 nous
319 3721 54 26 en
400 3702 225 49 félicitons
652 3704 39 47 le
718 3709 105 56 jury.

113 3769 74 45 On
224 3789 48 26 se
306 3775 206 43 souvient
548 3793 89 40 que
675 3795 21 26 «
734 3776 53 44 La
823 3776 110 45 Cité
972 3797 21 25 »
1030 3795 23 26 a
1089 3781 233 49 consacré,
1360 3777 110 47 dans
1506 3798 75 27 son

112 3836 215 48 huitième
364 3839 176 48 volume
578 3841 73 61 (N°
689 3842 53 59 8),
783 3862 51 27 un
873 3843 156 46 article
1067 3843 158 47 illustré
1263 3853 221 51 exposant
1521 3847 61 46 les

110 3904 139 59 lignes
293 3908 281 47 essentielles
616 3909 57 47 du
720 3909 238 61 problème
1003 3911 141 47 résolu
1190 3915 393 55 ingénieusement

112 3991 79 40 par
216 3974 283 48 l'architecte
527 3977 316 59 Verbruggen.
872 3980 121 45 Nous
1020 3998 54 27 ne
1100 3999 191 39 croyons
1319 4000 78 40 pas
1425 3984 159 44 devoir

110 4062 26 38 y
160 4048 189 43 revenir.

1516 1242 64 35 142

1517 2581 63 35 143

1665 2765 121 44 Nous
1818 2782 106 26 nous
1957 2761 246 46 bornerons
2234 2765 23 41 à
2290 2759 211 60 rappeler
2533 2778 89 40 que
2653 2760 116 45 c'est
2800 2763 22 42 à
2855 2758 35 46 la
2924 2762 113 42 suite
3069 2758 57 45 du

1660 2849 221 27 concours
1915 2829 159 59 public,
2110 2832 208 55 organisé
2351 2846 54 27 en
2450 2831 109 41 1930
2595 2845 78 41 par
2704 2826 38 46 le
2777 2829 234 42 Ministère
3046 2825 82 46 des

1662 2899 273 58 Transports,
1975 2916 89 40 que
2103 2898 39 44 P.
2179 2895 312 58 Verbruggen,
2530 2894 185 53 lauréat,
2754 2894 68 46 fut
2859 2893 170 58 chargé
3067 2893 61 46 de

1661 2965 295 46 l'édification
1985 2964 60 46 de
2074 2963 158 46 l'Ecole
2260 2963 60 45 de
2349 2965 172 43 Marine
2549 2960 283 48 d'Ostende.

1662 3031 355 61 L'implantation
2048 3031 57 47 du
2137 3031 224 46 bâtiment
2390 3036 71 40 est
2491 3029 351 46 heureusement
2871 3029 192 52 résolue;
3092 3029 34 45 la

1662 3100 255 46 distinction
1962 3099 83 46 des
2086 3099 148 45 divers
2275 3101 196 43 services
2513 3102 262 40 nettement
2817 3095 188 47 établie.
3050 3099 80 43 Les

1663 3167 221 47 éléments
1937 3165 234 48 essentiels
2331 3164 275 54 ventilation,
2661 3163 229 60 éclairage
2944 3163 184 54 naturel,

1663 3238 287 50 orientation,
2002 3233 235 47 réduction
2290 3233 83 46 des
2423 3233 343 58 dégagements
2922 3236 77 41 ont
3049 3235 79 42 été

1663 3303 280 47 déterminés
1968 3321 115 28 avec
2110 3306 107 43 soin.

1663 3372 283 44 L'exécution
1978 3373 189 56 soignée
2196 3369 61 46 de
2286 3369 35 46 la
2350 3372 305 43 construction
2686 3387 56 26 ne
2774 3386 244 41 manquera
3051 3385 79 42 pas

1662 3438 243 46 d'étonner
1933 3441 30 44 si
1990 3437 82 46 l'on
2102 3441 83 43 sait
2213 3457 89 40 que
2330 3435 262 48 l'ensemble
2622 3436 83 46 des
2732 3442 196 46 travaux,
2957 3455 26 39 y
3010 3453 90 28 com-

1663 3510 85 56 pris
1773 3504 292 47 l'installation
2093 3505 56 47 du
2176 3504 266 59 chauffage,
2471 3505 67 46 n'a
2567 3508 142 55 guère
2736 3504 201 59 dépassé
2966 3522 51 27 un
3046 3500 64 48 mil-

1662 3573 80 47 lion
1769 3580 49 40 et
1843 3574 134 53 demi,
2006 3574 111 45 dont
2144 3576 196 49 250,000
2364 3573 150 46 francs
2538 3574 180 44 environ
2748 3591 109 40 pour
2884 3571 60 46 les
2970 3568 135 48 fonda-

1661 3646 130 42 tions.

1663 3712 56 44 Le
1747 3710 137 46 mode
1913 3710 60 46 de
2001 3713 304 43 construction
2334 3708 193 59 adopté,
2554 3713 117 41 tient
2697 3714 189 53 compte
2915 3707 60 46 de
3003 3706 128 45 l'état

1663 3778 56 47 du
1743 3777 60 47 sol
1827 3782 71 56 qui
1921 3797 55 27 ne
2001 3784 111 54 peut
2135 3781 101 43 être
2258 3784 104 54 trop
2385 3775 287 48 lourdement
2696 3775 170 59 chargé
2892 3794 9 27 :
2926 3779 204 41 ossature

1663 3866 54 26 en
1742 3846 141 46 béton
1907 3849 138 52 armé,
2070 3865 112 27 murs
2204 3848 245 44 extérieurs
2472 3863 54 27 en
2550 3843 115 47 deux
2689 3847 168 57 parties
2879 3840 249 52 distinctes,

1664 3918 290 56 maçonnerie
1984 3934 54 26 en
2070 3914 181 60 briques
2283 3935 22 25 «
2330 3911 250 47 Belvédère
2604 3934 21 24 »
2657 3930 99 26 vers
2785 3909 39 46 le
2854 3909 165 46 dehors
3048 3908 83 59 (sur

1665 3985 231 57 épaisseur
1928 3981 134 47 d'une
2095 3979 334 61 demi-brique),
2464 3979 186 60 plaques
2682 3977 60 46 de
2775 3998 21 25 «
2832 3975 110 46 bims
2976 3996 21 26 »
3031 3993 99 27 vers

1663 4049 38 46 le
1729 4049 192 47 dedans.
