3444 4389
2711 4184 33 51 2

329 162 1453 214 Mederiiieinisclie
1934 161 1189 260 Musik-Zeitung

700 442 187 86 für
938 444 872 84 Kunstfreunde
1865 442 239 81 und
2160 434 589 89 Künstler.

145 643 447 83 Herausgegeben
633 659 102 35 von
787 638 268 56 Professor
1101 641 54 52 L.
1190 640 246 73 Bischoff.
1609 636 194 84 Verlag
1849 636 90 56 der
1978 636 68 56 M.
2080 631 744 73 DuMonhSchaubergschm
2867 631 434 84 Buchhandlung.

1376 826 174 86 KÖLN,
1590 837 81 59 10.
1707 837 190 58 Januar
1937 836 141 58 1857.

178 846 82 59 Kr.
298 846 48 57 2.

2892 833 58 58 V.
2988 833 277 76 Jahrgang.

485 1026 258 40 Heinrich
774 1026 317 40 Marschner.
1122 1025 31 39 I.
1186 1025 88 39 Von
1304 1024 43 39 L.
1379 1024 246 40 Bischoff.
1736 1024 86 37 Ans
1853 1023 285 39 Frankfurt
2168 1034 72 27 am
2271 1022 150 39 Main.
2452 1021 90 38 Von
2573 1023 43 36 A.
2646 1021 37 38 S.
2791 1019 87 39 Aus
2923 1019 236 39 Dresden
3205 1021 132 47 (Man-

214 1030 213 38 Inhalt.

105 1094 252 50 nergesang).
386 1091 91 38 Von
510 1091 48 37 A.
588 1089 51 38 V.
748 1089 181 50 Tages-
961 1088 97 38 und
1089 1087 574 50 Unterhaltungsblatt
1692 1084 205 47 (Barmen,
1927 1084 72 40 111.
2029 1082 494 40 Abonnements-Concert
2633 1082 129 38 Essen
2876 1080 219 40 Hannover
3205 1081 133 41 Berlin

185 1153 224 52 Hamburg,
438 1151 132 40 Fräul.
602 1151 224 39 Hartmann
936 1150 132 39 Fräul.
1096 1149 167 40 Marlow
1375 1148 175 40 Therese
1580 1147 204 41 Milanollo
1896 1145 140 39 Dorn's
2065 1144 255 52 Nibelungen
2432 1146 42 38 F.
2506 1145 104 39 Liszt
2721 1145 119 45 Rom,
2869 1142 340 51 Kirchenmusik.)

838 1367 98 68 Die

110 1463 818 111 Niederrheinische
969 1463 703 129 Musik-Zeitung

360 1615 380 69 herausgegeben
771 1633 87 33 von
890 1615 122 51 Prof.
1041 1616 52 50 L.
1125 1614 174 51 Bisch
1315 1614 107 58 off,

105 1731 147 50 wird
308 1728 148 52 auch
512 1728 53 51 in
612 1728 184 48 ihrem
865 1720 294 56 fünften
1202 1719 468 69 Jahrgange,

383 1822 169 60 9die
517 1820 316 67 bisherige
877 1817 278 51 Tendenz
1202 1816 113 49 und
1376 1814 110 51 den
1531 1813 112 69 glei-

108 1916 148 50 chen
302 1915 249 65 Umfang
594 1911 412 51 beibehalten.
1053 1910 81 49 Als
1167 1910 159 66 Organ
1359 1908 68 49 für
1459 1907 212 51 kritische

108 2006 404 69 Besprechungen,
543 2005 64 49 als
639 2004 167 49 Archiv
840 2004 68 48 für
948 2000 482 68 tagesgeschichtliche
1472 2000 175 49 Mitthei-

108 2101 167 64 lungen
308 2101 92 47 und
428 2098 269 49 historische
715 2095 280 51 Rückblicke
1018 2094 113 51 wird
1152 2112 166 31 unsere
1340 2093 196 66 Zeitung
1559 2093 90 49 fort-

109 2192 173 57 fahren,
313 2190 102 49 dem
448 2188 222 51 Künstler
701 2188 86 49 wie
818 2187 104 50 dem
960 2184 349 52 Kunstfreunde
1351 2184 79 52 das
1473 2183 197 51 Streben

109 2283 91 51 und
232 2282 214 51 Schaffen
476 2282 81 49 auf
581 2281 105 49 dem
729 2278 321 51 umfassenden
1093 2275 192 53 Gebiete
1331 2277 343 51 musicalischen

106 2376 183 49 Lebens
322 2392 55 32 zu
421 2373 271 51 vermitteln.
758 2372 105 52 Wir
907 2371 130 50 laden
1083 2388 103 32 zum
1230 2369 329 51 Abonnement
1602 2369 79 50 auf

110 2470 87 48 den
226 2467 236 66 Jahrgang
500 2465 151 50 1857
688 2463 179 51 hiermit
898 2462 71 51 ein
999 2462 93 51 und
1138 2461 263 60 bemerken,
1448 2460 102 52 dass
1595 2460 82 50 der

110 2561 127 48 Preis
269 2560 91 48 für
392 2559 89 49 ein
514 2560 310 48 Semester

362 2650 147 51 durch
557 2650 89 50 den
687 2648 151 50 Buch-
871 2648 93 50 und
993 2645 430 53 Musicalienhandel
1456 2644 221 67 bezogen,

362 2742 33 49 2
428 2742 143 59 Thlr.,
602 2740 143 52 durch
777 2740 71 51 die
879 2740 40 50 k.
952 2739 318 69 Preussischen
1293 2738 378 52 Post-Anstalten

363 2834 34 50 2
430 2834 126 50 Thlr.
593 2833 32 51 5
660 2836 103 64 Sgr.

110 2929 198 65 beträgt.

237 3020 250 50 Directe
550 3018 447 68 Zusendungen
1064 3023 180 45 unter
1312 3013 362 54 Kreuzband

110 3131 106 32 von
247 3114 209 49 Seiten
490 3112 100 50 der
623 3111 579 69 Verlagshandlung
1244 3109 238 50 werden
1526 3107 148 51 nach

113 3204 386 52 Verhältniss
531 3205 100 50 des
664 3206 246 49 Porto's
942 3203 191 50 höher
1163 3200 351 51 berechnet.

465 3303 1135 72 M.B>ul?lont-Scliaiil>erg'sclie

541 3399 595 66 Buchhandlung
1176 3397 72 54 in
1295 3393 230 56 Köln.

609 3634 228 59 Heinrich
876 3632 305 61 Marschner.

874 3763 34 48 I.

236 3874 90 49 Am
363 3871 48 52 1.
443 3872 173 49 Januar
654 3868 146 52 1831
856 3869 124 49 hatte
1020 3864 218 52 Heinrich
1267 3864 267 51 Marschner
1576 3862 96 50 sein

112 3957 111 48 Amt
263 3956 64 49 als
359 3953 278 67 königlicher
668 3949 463 70 Hof-Capellmeister
1168 3948 46 50 in
1242 3948 251 50 Hannover
1533 3961 111 51 ange-

112 4047 166 42 treten.
332 4037 127 52 Nach
501 4037 124 51 einer
669 4031 641 68 sechsundzwanzigjährigen
1343 4028 331 53 Wirksamkeit

113 4122 160 51 wurde
302 4121 81 51 der
414 4137 161 51 grosse
606 4119 188 51 Meister
835 4118 82 51 der
945 4118 130 51 Töne
1116 4132 71 34 am
1227 4113 44 51 1.
1305 4114 173 50 Januar
1514 4109 149 54 1857

1770 1367 142 50 durch
1959 1370 99 47 eine
2098 1367 420 66 Abgesandtschaft
2563 1369 80 49 des
2688 1366 266 67 Magistrats
3001 1366 91 50 und
3137 1366 197 69 Bürger-

1770 1451 559 66 Vorsteher-Collegiums
2361 1469 86 32 von
2481 1452 261 58 Hannover,
2785 1451 89 48 den
2904 1451 154 48 Herrn
3091 1450 215 51 Stadt-Di-

1768 1541 153 42 rector
1952 1535 40 48 J.
2027 1534 147 49 Rasch
2218 1552 54 31 an
2318 1534 81 49 der
2441 1535 169 66 Spitze,
2657 1552 53 31 zu
2757 1534 170 49 seinem
2958 1531 254 52 Jubelfeste
3251 1532 54 53 be-

1768 1618 349 66 glückwünscht
2156 1618 95 49 und
2282 1618 90 50 ihm
2415 1619 96 57 „als
2541 1619 74 48 ein
2646 1618 197 49 Zeichen
2874 1618 81 49 der
2986 1616 346 69 Anerkennung

1766 1701 83 49 der
1879 1718 192 49 grossen
2104 1701 286 59 Verdienste,
2448 1701 173 50 welche
2667 1700 209 51 derselbe
2927 1699 65 51 als
3044 1700 81 50 der
3163 1700 169 51 Ersten

1765 1784 125 48 einer
1933 1792 138 41 unter
2117 1785 85 48 den
2251 1784 252 49 deutschen
2537 1784 332 67 Componisten
2922 1783 91 50 und
3057 1783 274 50 Orchester-

1765 1868 267 65 Dirigenten
2077 1869 80 48 auf
2196 1868 102 51 dem
2333 1868 194 51 Gebiete
2570 1869 84 50 der
2683 1869 174 57 Kunst,
2900 1867 272 50 namentlich
3218 1869 116 50 auch

1766 1950 219 51 während
2028 1952 147 49 seiner
2220 1952 316 66 langjährigen
2568 1952 263 66 Thätigkeit
2875 1950 41 50 in
2950 1952 248 49 Hannover
3240 1952 92 49 sich

1765 2033 245 51 erworben
2211 2035 79 49 das
2323 2033 462 67 Ehrenbürgerrecht
2817 2034 81 50 der
2928 2033 285 67 königlichen
3242 2035 60 50 Re-

1768 2117 278 50 sidenzstadt
2093 2121 249 48 Hannover
2386 2118 229 51 verliehen
2660 2119 94 48 und
2800 2118 70 51 die
2914 2117 286 50 betreffende
3246 2117 56 49 Ur-

1769 2201 150 48 kunde
1952 2201 273 50 überreicht.

1895 2283 85 50 Um
2014 2284 91 49 vier
2138 2284 94 50 Uhr
2272 2284 160 50 wurde
2476 2284 82 51 der
2588 2286 229 49 Gefeierte
2857 2302 57 33 zu
2945 2286 145 49 einem
3123 2284 182 68 Mittags-

1768 2367 148 49 mahle
1962 2367 231 66 abgeholt,
2241 2368 196 50 welches
2479 2369 42 49 in
2583 2369 81 50 der
2711 2368 297 51 Börsenhalle
3053 2385 85 33 von
3185 2367 146 51 einem

1769 2467 199 48 engeren
1999 2452 162 48 Kreise
2203 2452 149 50 seiner
2392 2452 215 51 Freunde
2650 2452 297 51 veranstaltet
2991 2452 189 50 worden
3223 2467 111 42 war,

1771 2532 148 51 wobei
1949 2551 47 32 es
2032 2552 54 31 an
2119 2535 290 49 ehrenvollen
2437 2536 155 49 Hochs
2630 2536 94 49 und
2747 2537 214 48 Kränzen
2994 2535 92 49 und
3116 2533 186 51 Blumen-

1771 2617 204 67 spenden
2006 2618 71 49 für
2109 2617 85 50 den
2226 2618 188 50 Meister
2445 2618 120 50 nicht
2593 2620 149 49 fehlte.

1898 2702 101 47 Von
2032 2701 119 49 Köln
2194 2701 306 49 überbrachte
2545 2702 241 50 Professor
2831 2703 54 49 L.
2917 2701 207 51 Bischoff
3157 2702 58 48 im
3245 2702 58 48 Na-

1771 2800 103 33 men
1920 2783 81 50 der
2046 2785 214 49 Freunde
2314 2783 94 51 und
2456 2786 231 48 Verehrer
2732 2786 303 50 Marschner's
3093 2783 241 69 folgenden

1769 2866 249 67 Festgruss
2050 2885 100 32 vom
2182 2867 200 52 Rheine:

2079 2963 73 38 An
2203 2966 340 35 Heinrich
2587 2967 417 35 üarschner.

2261 3046 113 38 Zum
2418 3046 29 39 l.
2487 3046 191 38 Januar
2721 3046 117 39 1857.

2037 3124 131 37 Wenn
2198 3123 72 38 Dir
2299 3135 48 26 an
2380 3123 165 39 Deinem
2578 3124 235 39 Ehrenfeste
2843 3123 94 40 heut

1929 3194 84 38 Den
2045 3192 126 40 Gruss
2201 3205 89 27 vom
2323 3194 128 38 Rhein
2482 3194 63 39 die
2578 3194 325 51 Kunstgenossen
2934 3193 163 43 senden,

1930 3262 86 40 Und
2048 3264 346 38 kunstverwandte
2425 3265 198 45 Freunde,
2651 3264 63 38 die
2746 3264 97 39 Dich
2873 3263 151 40 lieben:

1928 3333 51 38 So
2013 3335 111 37 wolle
2156 3333 221 40 freundlieh
2410 3334 83 39 ihre
2524 3335 275 50 Namenszüge

1932 3406 232 40 Betrachten
2195 3407 81 37 und
2305 3407 69 38 des
2404 3408 101 38 alten
2533 3406 125 40 Kölns
2686 3405 220 52 gedenken,

1930 3478 80 39 Der
2039 3478 102 38 alten
2174 3477 123 39 Liebe
2328 3478 82 37 und
2443 3478 68 38 des
2541 3478 102 38 alten
2676 3477 153 46 Weins,

1931 3548 79 39 Der
2039 3547 229 51 Sangeslust
2298 3547 71 38 auf
2394 3547 96 38 bunt
2521 3547 220 49 beflaggten
2772 3545 189 47 Schiffen,

1930 3620 85 39 Und
2047 3620 96 37 aller
2172 3618 156 46 Gaben,
2356 3618 64 39 die
2450 3618 69 39 der
2547 3617 130 38 Rhein
2709 3629 75 26 uns
2813 3618 179 50 spendet.

2035 3708 92 39 Wie
2156 3719 121 39 gerne
2310 3707 140 38 kämen
2479 3705 72 38 wir
2582 3704 99 40 Dich
2712 3705 121 39 selbst
2863 3718 47 26 zu
2939 3708 189 49 grüssen!

1930 3780 109 39 Doch
2070 3778 126 39 wehrt
2226 3789 42 26 es
2299 3788 72 27 uns
2401 3776 62 38 die
2492 3780 158 45 strenge
2681 3776 149 39 Herrin
2862 3775 96 45 Zeit,

1926 3852 73 38 Die
2027 3850 127 39 Jeden
2184 3848 70 40 fest
2283 3859 50 26 &n
2364 3847 139 39 seinen
2537 3848 213 38 Webstuhl
2782 3847 132 38 kettet.

1923 3922 63 44 Ja>
2011 3919 157 39 dürften
2199 3918 72 38 wir
2300 3917 227 39 ausbreiten
2558 3929 75 27 nur
2662 3917 77 39 den
2771 3917 161 46 Mantel,

1928 3991 78 38 Der
2033 3988 123 39 durch
2187 3987 63 39 die
2283 3987 87 39 Luft
2401 3998 73 27 uns
2504 3991 114 47 trüge
2648 3987 68 39 hin
2747 3987 82 38 und
2861 3987 70 39 her
3022 3989 6 36 !

1924 4058 110 41 Doch
2065 4070 73 27 uns
2169 4057 48 39 ist
2240 4057 116 51 jener
2385 4057 156 38 Zauber
2572 4056 106 39 nicht
2707 4055 216 44 verliehen,

1924 4129 73 40 Mit
2025 4130 91 38 dem
2146 4128 63 39 die
2242 4128 156 40 Geister
2430 4128 60 38 Du
2522 4126 399 40 heraufbeschwörst.
