3444 4389
1777 174 59 54 16

257 305 141 41 Einem
430 306 348 42 Privatschreiben
810 307 179 40 Liszt's
1033 320 70 28 aus
1133 309 146 41 Zürich
1320 323 48 27 an
1400 310 126 40 Franz
1555 310 120 40 Erkel
1708 310 38 38 in

176 365 120 41 Pesth
329 370 243 39 entnehmen
603 369 163 51 pesther
792 368 150 41 Blätter
965 370 244 51 Folgendes:
1241 372 100 47 „Ein
1373 372 275 51 langwieriges
1675 372 52 40 Un-

177 428 197 40 wohlsein
418 430 96 40 hielt
558 431 102 38 mich
692 429 187 41 vierzehn
913 432 110 50 Tage
1053 432 53 39 im
1140 433 123 39 Bette.
1370 434 46 38 In
1447 434 134 38 diesen
1615 434 137 49 Jagen

177 491 249 40 überkamen
459 491 74 39 mir
564 491 299 52 Andeutungen
895 492 71 40 der
994 493 364 51 „symphonischen
1390 494 200 52 Dichtung
1594 498 22 16 44
1620 525 8 15 ,
1662 496 69 37 wel-

176 552 75 39 che
298 552 64 39 die
404 553 261 49 Fortsetzung
708 553 71 40 der
1100 556 133 39 bilden
1274 557 85 44 soll,
1406 557 80 37 und
1533 568 111 26 wozu
1683 556 71 39 Ihr

177 614 168 39 schönes
374 613 155 45 „Gebet
531 617 22 15 44
557 644 9 14 ,
597 614 77 39 mir
703 627 44 27 so
779 616 110 40 recht
919 630 69 26 ans
1020 618 106 38 Herz
1156 617 250 50 gewachsen,
1444 618 64 38 die
1539 617 190 39 Veranlas-

177 687 103 38 sung
318 675 154 38 darbot.
585 676 349 41 Wahrscheinlich
981 678 143 50 bringe
1168 679 60 38 ich
1271 679 128 38 Ihnen
1445 679 69 38 das
1559 679 193 40 Kindlein

178 736 186 38 nächsten
397 736 187 40 Sommer
613 750 99 39 ganz
743 738 113 52 fertig
887 740 83 39 mit.
1079 740 141 38 Zuerst
1251 752 108 26 muss
1390 741 61 37 ich
1482 741 96 38 aber
1606 752 50 27 an
1687 739 63 39 die

177 797 302 52 Ausarbeitung
522 799 154 40 meiner
719 800 303 40 Schiller'schen
1281 802 212 38 schreiten.
1550 802 75 39 Die
1670 802 83 38 vier

172 858 199 48 Einsätze,
400 866 92 33 statt
520 861 110 46 zwei,
659 861 88 39 sind
780 862 99 38 nach
911 861 135 39 Ihrem
1075 868 119 44 guten
1220 863 130 38 Rathe
1374 863 197 50 gemacht.
1681 863 69 40 Bis

174 931 50 28 zu
254 920 148 41 Ostern
449 922 158 40 schicke
652 922 61 40 ich
743 923 129 39 Ihnen
919 923 64 39 die
1015 924 171 38 Partitur
1227 926 70 37 der
1326 926 144 43 Messe,
1517 926 149 38 welche
1712 925 39 39 in

175 983 72 40 der
275 983 39 40 k.
346 984 36 39 k.
412 984 338 39 Staatsdruckerei
784 985 274 51 typographirt
1089 985 111 39 wird.
1291 987 54 38 Es
1377 987 97 39 wird
1507 987 127 40 Ihnen
1666 988 61 39 die-

174 1058 63 26 ses
271 1046 124 40 Werk
426 1047 70 39 mit
529 1047 76 38 den
636 1047 370 51 Erleichterungen,
1036 1047 370 52 Verbesserungen,
1445 1050 194 39 Zusätzen
1670 1049 82 39 und

176 1108 73 39 der
277 1107 294 52 Schluss-Fuge
600 1109 51 38 im
686 1110 130 36 Gloria
819 1138 11 17 ,
874 1110 65 38 die
974 1109 63 39 ich
1070 1109 63 38 bei
1162 1109 153 39 meiner
1343 1111 182 39 Ankunft
1555 1112 88 38 hier
1671 1111 62 39 auf-

175 1170 264 50 geschrieben
470 1171 115 46 habe,
614 1171 180 39 ziemlich
827 1172 195 50 behagen.
1130 1171 74 39 Mit
1236 1173 219 50 Wagner
1486 1174 174 39 verlebte
1689 1173 65 39 ich

178 1232 198 38 herrliche
420 1233 119 49 Tage.
597 1232 118 39 Seine
743 1233 280 51 „Nibelungen
1027 1236 8 15 4
1041 1242 10 9 '
1092 1232 81 49 (die
1216 1246 42 25 er
1301 1246 70 26 zur
1400 1234 135 39 Hälfte
1567 1235 185 46 beendet)

177 1294 88 39 sind
296 1294 89 39 eine
413 1293 180 51 gänzlich
625 1295 227 50 ungeahnte
882 1294 172 39 sublime
1089 1294 113 39 Welt.
1234 1294 45 39 In
1312 1296 95 38 zwei
1439 1297 148 39 Jahren
1618 1299 127 37 sollen

178 1356 64 38 die
272 1355 82 39 vier
372 1354 137 51 Opern
540 1368 70 26 zur
631 1355 262 51 Aufführung
915 1355 125 39 bereit
1057 1354 98 41 sein.
1190 1357 219 45 Wahrlich,
1430 1357 125 40 lieber
1579 1359 173 46 Freund,

178 1416 69 39 das
270 1421 160 34 müssen
454 1415 66 40 Sie
546 1418 123 38 hören
701 1418 80 38 und
813 1418 137 38 sehen.
984 1416 90 39 Wie
1101 1418 102 38 sieht
1231 1430 41 27 es
1303 1418 70 40 mit
1401 1419 113 40 Ihrer
1544 1420 208 51 Hunyadi-

180 1478 295 51 Uebersetzung
503 1480 64 37 für
598 1478 211 40 Weimar?
848 1479 45 38 In
923 1478 196 53 ungefähr
1149 1480 84 39 drei
1268 1481 181 39 Wochen
1479 1481 180 52 gedenke
1689 1481 63 40 ich

176 1540 89 38 dort
294 1539 150 39 zurück
473 1552 47 26 zu
552 1540 97 45 sein,
691 1540 81 39 und
802 1553 118 27 wenn
952 1540 66 40 Sie
1047 1540 107 39 nicht
1183 1554 45 26 zu
1261 1542 114 50 lange
1406 1544 144 49 zögern
1583 1543 70 39 mit
1682 1543 70 39 der

177 1601 266 52 Einsendung
487 1603 70 38 der
589 1602 185 47 Partitur,
817 1603 104 39 kann
962 1602 129 39 dieses
1126 1603 122 39 Werk
1281 1604 115 43 noch,
1439 1616 43 26 so
1514 1604 74 40 wie
1618 1605 63 39 ich
1712 1616 40 28 es

179 1665 207 45 wünsche,
416 1665 52 38 im
490 1665 121 38 Laufe
641 1664 131 40 dieser
795 1665 138 38 Saison
965 1664 208 39 einstudirt
1203 1667 173 37 werden.
1461 1667 131 38 Wenn
1623 1667 131 39 meine

178 1725 266 51 „ungarische
474 1725 110 51 Oper
588 1729 21 16 44
639 1726 145 39 einmal
816 1728 230 38 entbunden
1079 1727 57 46 ist,
1182 1728 133 39 werde
1346 1728 61 39 ich
1440 1729 133 39 Herrn
1605 1729 146 40 Grafen

178 1784 140 53 Räday
348 1787 137 46 bitten,
515 1786 90 40 eine
633 1787 75 40 Art
738 1799 76 28 von
847 1788 265 41 Pathenstelle
1143 1801 45 26 zu
1221 1790 289 40 übernehmen.
1514 1794 21 17 44

259 1985 166 35 Rom«
458 1981 73 39 Die
560 1980 127 40 vielen
706 1980 289 45 Missbräuche,
1025 1980 64 40 die
1119 1982 82 38 sich
1234 1983 37 39 in
1303 1995 169 28 neuerer
1502 1983 85 40 Zeit
1615 1983 40 40 in
1685 1984 70 39 der

179 2043 226 39 römischen
431 2043 311 39 Kirchenmusik
774 2043 322 50 eingeschlichen
1129 2044 80 38 und
1240 2044 61 39 ihr
1331 2045 76 39 den
1439 2051 171 40 ernsten,
1639 2045 91 39 erhe-

179 2105 161 39 benden
371 2104 84 45 Stil,
486 2105 70 38 der
586 2105 61 38 ihr
677 2105 124 38 durch
833 2104 63 39 die
927 2105 103 38 alten
1062 2105 175 45 Meister,
1278 2108 74 37 wie
1385 2107 230 47 Palestrina,
1644 2109 88 37 Alle-

180 2167 72 50 gri,
284 2166 212 52 Zingarelli
527 2172 85 40 etc.,
644 2166 312 51 eigentümlich
988 2168 216 49 geworden
1224 2179 93 35 war,
1347 2180 240 38 genommen
1610 2170 146 46 hatten,

179 2229 129 39 haben
334 2230 70 37 das
426 2229 174 38 Vicariat
619 2229 206 50 bewogen,
856 2228 89 39 eine
965 2229 324 51 Kundmachung
1319 2243 46 25 zu
1397 2231 186 46 erlassen,
1605 2232 150 40 welche

179 2291 77 39 den
304 2290 237 46 weltlichen,
592 2291 191 50 profanen
829 2290 221 40 Charakter
1092 2303 169 27 neuerer
1303 2291 242 41 kirchlicher
1587 2293 142 52 Compo-

177 2352 170 40 sitionen
380 2357 90 45 rügt
512 2352 80 38 und
625 2352 52 38 im
712 2352 298 40 Wesentlichen
1041 2351 184 52 folgende
1258 2353 290 52 Verliigungen
1578 2356 175 40 enthält:

183 2416 38 47 1)
252 2414 489 39 Instrumental-Musiken
773 2414 160 39 können
973 2416 37 37 in
1043 2414 76 38 den
1152 2414 175 39 Kirchen
1361 2428 74 26 nur
1467 2417 100 38 nach
1598 2418 134 39 vorläu-

179 2477 52 49 fig
262 2475 248 50 eingeholter
539 2475 234 39 Erlaubniss
804 2476 68 38 des
898 2475 349 39 Cardinal-Vicars
1278 2476 194 39 executirt
1503 2478 183 51 werden;
1715 2478 40 48 2)

181 2538 246 43 Trommeln,
462 2537 156 38 Becken
658 2538 80 37 und
769 2537 187 39 ähnliche
997 2538 102 37 allzu
1131 2538 204 38 lärmende
1366 2538 268 41 Instrumente
1664 2541 70 38 dür-

179 2600 65 39 fen
291 2598 109 39 nicht
438 2611 70 25 zur
546 2598 271 52 Anwendung
847 2598 213 45 kommen;
1107 2599 42 48 3)
1181 2598 143 40 Vocal-
1356 2599 72 39 wie
1458 2599 299 41 Instrumental-

181 2660 185 40 Musiken
414 2663 162 35 müssen
620 2665 95 33 stets
759 2660 38 38 in
842 2665 172 34 ernstem
1046 2659 71 39 Stil
1160 2659 183 50 gehalten
1374 2660 84 39 sein
1502 2662 81 38 und
1615 2663 140 39 dürfen

181 2722 110 41 nicht
332 2721 53 40 im
416 2721 295 38 Entferntesten
751 2733 48 26 an
829 2721 420 42 Theater-Melodieen
1296 2723 211 45 erinnern;
1550 2724 38 49 4)
1619 2725 117 51 Orgel-

181 2784 146 50 spieler
358 2783 131 39 haben
534 2782 285 40 insbesondere
863 2782 64 40 die
956 2784 268 49 Ausführung
1268 2785 186 48 profaner
1482 2785 276 42 Musikstücke

181 2858 45 29 zu
259 2845 246 38 unterlassen
536 2849 71 34 etc.
720 2843 206 52 [Dagegen
971 2845 89 38 sind
1105 2857 48 26 an
1185 2846 76 37 den
1294 2846 380 53 Weihnachtstagen
1717 2849 40 39 in

184 2906 150 38 Wien
366 2905 227 49 aufgeführt
621 2907 184 37 worden:
846 2907 38 38 in
925 2905 55 40 St.
1007 2907 119 38 Peter
1166 2906 330 41 Pastoral-Messe
1535 2921 75 28 von
1640 2911 96 38 Lind-

178 2968 186 51 painlner
393 2969 94 48 (Op.
515 2968 143 49 posth.J
661 2998 9 15 ,
714 2979 62 27 am
809 2967 84 39 Hof
926 2968 171 38 Rotter's
1127 2968 329 40 Pastoral-Messe
1460 3001 12 12 r
1513 2970 40 40 in
1582 2972 55 39 St.
1667 2972 64 40 Ste-

180 3031 107 51 phan
317 3030 186 40 Mozart's
535 3031 149 35 C-dur-
688 3030 144 46 Messe,
872 3029 40 40 in
943 3030 54 39 St.
1027 3030 172 40 Michael
1247 3031 35 38 J.
1313 3031 182 51 Haydn's
1535 3033 220 40 Mariazell-

180 3092 144 45 Messe,
353 3092 64 38 bei
448 3092 53 37 St.
520 3092 200 50 Augustin
741 3091 183 40 Mozarl's
945 3092 367 50 Kiönungs-Messe
1338 3092 40 39 in
1402 3093 127 37 C-dur
1557 3095 88 47 (Nr.
1666 3095 89 52 16).]

263 3288 193 38 Robert
499 3286 221 51 Bowley,
766 3286 70 39 der
880 3286 305 42 Schatzmeister
1242 3290 70 38 der
1357 3291 193 40 londoner
1598 3294 145 38 Sacred

181 3352 207 35 Harmonie
416 3350 146 48 Society
565 3377 10 17 ,
606 3347 292 40 veröffentlicht
936 3349 89 40 eine
1054 3350 256 40 Denkschrift
1339 3364 49 26 an
1418 3353 64 38 die
1511 3354 239 51 Mitglieder,

181 3410 313 40 Subscribenten
539 3410 80 38 und
664 3410 186 38 Freunde
893 3410 71 39 der
1007 3411 263 40 Gesellschaft
1310 3412 38 39 in
1380 3414 373 51 Angelegenheiten

184 3473 70 40 des
284 3472 62 38 für
376 3471 69 38 das
476 3471 159 39 nächste
665 3471 100 39 Jahr
793 3471 255 40 bestimmten
1079 3485 221 38 grossen
1334 3474 389 42 Händel-Musik-

181 3533 173 39 festes.
387 3532 78 38 Das
496 3532 151 38 Comite
680 3533 63 38 hat
774 3532 155 40 danach
962 3532 65 40 ein
1044 3535 298 49 Arrangement
1371 3535 71 39 mit
1470 3537 78 38 den
1580 3537 154 40 Directo-

182 3607 70 26 ren
284 3594 69 38 des
384 3593 370 51 Krystall-Palastes
784 3593 195 52 getroffen
1031 3596 81 38 und
1155 3596 70 38 das
1256 3596 89 39 Fest
1375 3597 62 39 für
1463 3598 76 38 den
1570 3598 185 42 Sommer

181 3655 69 39 des
280 3654 189 39 nächsten
500 3654 140 40 Jahres
672 3655 233 51 festgesetzt.
935 3657 56 39 Es
1023 3657 161 39 werden
1216 3670 49 31 on
1286 3659 296 40 ausführenden
1606 3662 125 39 Künst-

180 3716 85 39 lern
296 3716 123 38 daran
449 3715 115 39 Theil
595 3716 172 40 nehmen
797 3717 106 40 2300
931 3718 221 45 Personen,
1198 3719 223 50 dergestalt,
1458 3721 89 39 dass
1577 3722 71 39 der
1677 3721 52 41 Ge-

182 3777 199 51 sangchor
426 3789 70 26 aus
525 3777 105 40 2000
660 3791 46 25 zu
732 3778 41 51 je
801 3780 79 38 500
910 3781 62 38 für
1001 3780 64 39 die
1110 3781 82 38 vier
1222 3780 309 49 Chorstimmen,
1580 3784 68 39 das
1678 3784 50 40 Or-

182 3839 156 39 chester
366 3850 70 27 aus
465 3838 78 39 300
573 3838 197 50 Spielern,
792 3841 174 39 nämlich
999 3842 74 39 112
1094 3842 203 47 Violinen,
1327 3843 50 39 36
1396 3843 229 49 Bratschen,
1655 3846 72 39 Vio-

181 3901 162 39 loncells
373 3901 81 38 und
487 3899 292 40 Contrabässen
813 3904 79 37 und
924 3903 440 52 verhältnissmässigen
1396 3905 334 43 Blas-Instrumen-

181 3969 64 32 ten
277 3961 191 40 bestehen
499 3961 89 39 solL
614 3961 163 40 Händel
805 3963 97 40 wird
933 3964 43 40 in
1002 3966 150 39 diesem
1173 3967 331 39 Denkschreiben
1533 3968 63 39 ein
1617 3969 110 50 Adop-

180 4024 159 40 tivsohn
370 4024 205 50 Englands
618 4025 98 39 oder
759 4025 194 41 vielmehr
993 4027 185 51 England
1227 4030 68 38 das
1338 4029 414 51 Adoptiv-Vaterland

180 4086 192 40 Handels
400 4090 19 46 (
425 4087 176 47 England
627 4099 78 24 was
734 4088 181 38 Händel*s
945 4097 158 40 country
1131 4090 44 49 by
1204 4091 202 50 adoplionj
1428 4097 188 44 genannt,
1643 4092 111 41 seine

1853 308 148 40 Werke
2032 309 87 38 sind
2151 310 63 38 für
2244 310 197 52 England,
2471 312 63 40 für
2555 312 241 52 Engländer,
2827 311 38 40 in
2897 313 224 49 englischer
3150 313 176 52 Sprache
3355 327 45 39 ge-

1849 371 224 43 schrieben,
2103 371 170 51 nirgend
2303 373 89 39 sind
2422 373 57 41 sie
2509 386 43 27 so
2581 374 203 51 sorgfältig
2805 375 80 38 und
2907 376 212 49 gründlich
3149 376 142 41 studirt
3321 390 75 26 wor-

1850 433 90 46 den,
1973 432 72 40 wie
2075 433 41 39 in
2145 434 198 51 England,
2388 437 79 38 und
2507 437 168 50 nirgend
2705 438 163 39 können
2895 439 56 38 sie
2982 451 46 26 zu
3059 439 111 40 einer
3198 452 43 28 so
3272 440 127 39 vollen-

1849 495 117 39 deten
1996 496 266 51 Ausführung
2305 498 192 49 gebracht
2539 501 175 38 werden.
2773 501 190 38 Händers
2993 501 206 51 Sterbetag
3245 503 83 38 fällt
3356 503 69 38 auf

1849 556 78 39 den
1961 557 59 39 14.
2048 557 159 50 August
2236 559 69 38 des
2334 559 141 39 Jahres
2509 561 112 39 1759.
2679 562 126 39 Dafür
2832 563 88 39 sind
2952 563 147 38 andere
3138 564 69 38 des
3238 564 182 40 Meisters

1852 618 82 38 und
1966 618 205 51 Englands
2202 620 178 51 würdige
2412 621 329 42 Feierlichkeiten
2785 625 266 38 beschlossen.
3107 624 76 39 Das
3213 626 209 39 Musikfest

1848 689 89 29 vom
1969 680 190 39 nächsten
2190 682 122 38 Jahre
2357 684 49 37 ist
2450 684 64 39 ein
2559 686 169 41 Vorfest.
2785 687 75 39 Die
2891 688 144 38 Schrift
3078 687 213 40 verbreitet
3332 688 83 40 sich

1848 740 110 41 eines
1992 741 202 40 Weiteren
2226 744 100 37 über
2354 745 75 38 alle
2460 746 63 39 die
2552 746 326 54 Aufführungen,
2926 749 152 39 welche
3123 749 63 38 die
3231 749 190 40 Händel'-

1848 803 121 38 schen
2001 802 213 40 Oratorien
2257 804 40 39 in
2337 805 186 51 England
2566 809 181 39 erfahren
2796 811 141 45 haben,
2978 810 287 39 insbesondere
3295 811 125 40 durch

1849 864 65 39 die
1932 867 144 34 Sacred
2091 867 211 36 Harmonie
2318 870 160 47 Society,
2511 870 79 38 und
2621 870 48 40 ist
2700 873 38 37 in
2768 873 151 39 sofern
2941 872 209 40 historisch
3172 872 247 40 interessant.

1929 1041 259 52 Thalberg
2230 1043 66 39 hat
2335 1056 63 26 am
2433 1045 59 38 11.
2526 1046 221 40 December
2775 1047 85 39 sein
2890 1047 250 39 dreizehntes
3170 1047 80 39 und
3283 1049 134 37 letztes

1848 1101 172 42 Concert
2049 1104 52 38 im
2133 1103 315 42 Theätre-Niblo
2477 1119 47 26 zu
2554 1107 231 40 New-York
2827 1110 179 50 gegeben
3052 1110 78 38 und
3170 1121 81 28 war
3299 1109 116 39 dabei

1847 1176 76 28 von
1954 1166 76 39 den
2062 1166 278 51 Sängerinnen
2369 1169 165 51 Angri
2566 1171 82 38 und
2681 1171 217 40 Patania
2928 1175 246 36 unterstützt.

2042 3496 110 34 Die
2182 3497 540 40 Kiederrhemische
2749 3504 463 47 Musik-Zeitung

1846 3578 201 37 erscheint
2067 3579 121 47 jeden
2217 3576 187 49 Samstag
2441 3579 42 34 in
2521 3580 129 35 einem
2684 3592 156 36 ganzen
2877 3580 136 47 Bogen
3056 3580 71 36 mit
3166 3583 251 47 zwanglosen

1846 3630 203 48 Beilagen.
2135 3633 81 34 Der
2243 3630 407 49 Abonnementspreis
2667 3634 162 46 beträgt
2843 3634 65 33 für
2930 3633 73 35 das
3024 3633 201 47 Halbjahr
3255 3639 21 32 2
3298 3636 122 46 Thlr.,

1846 3683 66 37 bei
1935 3685 76 35 den
2038 3685 50 35 K.
2107 3695 154 37 preuss.
2279 3683 333 38 Post-Anstalten
2643 3690 19 32 2
2681 3686 110 36 Thlr.
2808 3687 23 34 5
2855 3685 88 47 Sgr.
2970 3686 99 35 Eine
3097 3688 185 37 einzelne
3297 3689 92 36 Num-

1847 3748 82 25 mer
1959 3741 23 31 4
2012 3737 88 48 Sgr.
2128 3736 525 48 Einrückungs-Gebühren
2678 3750 71 37 per
2775 3739 210 36 Petitzeile
3015 3742 19 32 2
3066 3739 89 47 Sgr.

1899 3810 128 35 Briefe
2053 3810 82 35 und
2163 3810 292 48 Zusendungen
2484 3811 101 36 aller
2619 3812 78 35 Art
2723 3810 159 37 werden
2905 3818 118 31 unter
3056 3814 70 38 der
3151 3814 174 38 Adresse
3352 3815 69 36 de*

1844 3862 55 37 M.
1926 3862 573 49 DuMont-Sehauberg'schen
2525 3862 327 50 Buchhandlung
2885 3866 42 35 in
2954 3868 106 35 Köln
3087 3866 177 39 erbeten.

1965 3988 377 42 Verantwortlicher
2369 3991 305 51 Herausgeber:
2710 3993 107 40 Prof.
2845 3993 45 40 L.
2917 3993 183 41 Bischoff
3121 3995 42 38 in
3191 3995 121 39 Köln.

1917 4041 212 53 Verleger:
2156 4043 56 40 M.
2243 4044 537 52 DuMont-Schauberg'sche
2808 4046 322 53 Buchhandlung
3158 4047 41 39 in
3228 4048 119 39 Köln.

1880 4094 197 41 Brucker:
2105 4095 56 40 M.
2190 4097 437 51 DuMont-Schauherg
2655 4099 42 38 in
2726 4098 123 50 Köln,
2879 4099 255 43 Breitstrasse
3165 4100 48 39 76
3245 4110 22 27 u
3314 4102 63 39 78*

2323 1446 615 60 /Inküudignngcn.

2235 1619 224 46 Heue
2506 1623 279 45 music
2803 1635 41 35 a
2862 1626 66 44 Ii
2943 1638 38 33 e
3000 1638 43 33 n

2434 1686 59 50 im
2526 1689 200 67 Verlage
2755 1708 87 33 von

1922 1752 51 60 C.
2011 1753 47 60 F.
2093 1755 245 77 PETERS,
2394 1760 194 61 Bureau
2627 1762 57 59 de
2722 1764 236 77 Musique,
2997 1765 51 58 in
3085 1765 251 61 LEIPZIG.

1851 1849 144 47 Bach,
2026 1851 35 39 J.
2093 1852 107 45 Seb.,
2232 1854 24 33 2
2289 1854 224 39 Ouvertures
2540 1858 73 46 (ou
2641 1859 146 48 Suites)
2828 1873 203 35 arrangees
3056 1876 99 36 pour
3183 1863 123 36 Piano
3338 1867 23 32 ä
3391 1865 26 34 4

2170 1908 124 35 mains
2318 1921 74 36 par
2421 1911 63 37 Fr.
2516 1912 139 47 Gnüge.
2686 1913 64 38 Nr.
2785 1913 18 34 1
2836 1914 64 46 (in
2933 1917 66 42 C),
3034 1917 16 34 1
3090 1916 95 38 Thl?\

1852 1957 218 37 Bernsdo
2082 1960 56 47 rfj
2170 1959 91 46 Ed.,
2291 1962 138 37 Sonate
2454 1965 67 43 für
2550 1966 219 45 Pianoforle
2797 1968 80 34 und
2914 1968 201 38 Violoncell
3143 1969 113 47 (oder
3273 1970 141 45 Horn).

2174 2013 65 48 Op.
2272 2014 59 38 18.
2378 2017 120 45 (Dem
2540 2018 302 38 Concerlmeister
2874 2021 197 37 Drechsler
3113 2024 222 44 gewidmet.)
3397 2026 18 34 I

2174 2065 98 40 Thlr.
2305 2068 47 34 15
2385 2070 81 45 Sgr,

1852 2117 177 36 Kalliw
2040 2119 56 35 od
2107 2131 36 32 a,
2185 2120 38 37 J.
2271 2120 66 44 IT.,
2390 2122 216 38 Variations
2633 2133 33 27 et
2696 2126 185 36 Rondeau
2908 2142 98 34 pour
3038 2131 157 43 Basson,
3234 2143 185 36 arranges

2169 2185 89 24 acec
2287 2175 359 50 Accompagnement
2675 2180 42 34 de
2746 2180 131 39 Piano.
2912 2182 63 49 Op.
3006 2183 61 39 57.
3120 2184 47 35 15
3199 2184 82 47 Sgr.

1851 2224 66 34 Kr
1929 2237 68 22 om
2009 2237 35 23 m
2055 2238 59 31 er,
2146 2226 56 44 F,
2247 2226 202 39 Colleclion
2477 2230 44 36 de
2552 2232 101 35 Duos
2691 2242 223 28 concerlans
2947 2249 98 35 pour
3072 2238 25 34 2
3137 2237 158 40 Violons.
3340 2239 78 36 Lit>.

2174 2280 99 34 5:3
2303 2281 104 36 Duos
2435 2291 233 31 concertans.
2705 2287 66 47 Op.
2804 2289 63 37 51.
2924 2289 19 34 1
2982 2289 97 37 Thlr.

1852 2331 34 35 R
1899 2343 18 23 e
1929 2333 63 33 iss
2004 2332 114 45 iger,
2162 2332 39 38 C.
2243 2333 55 45 G.,
2346 2335 82 36 Trio
2459 2336 68 38 Nr.
2560 2339 51 33 22
2637 2352 98 35 pour
2763 2340 122 36 Piano
2888 2371 12 14 t
2947 2342 129 36 Violon
3112 2350 30 29 et
3182 2343 233 40 Violoticelle.

2173 2387 65 47 Op.
2267 2387 91 36 205.
2420 2390 17 34 1
2475 2390 98 38 Thlr.
2604 2392 51 34 25
2686 2392 83 47 Sgr.

1854 2437 144 43 Rode,
2039 2437 40 35 P.
2086 2464 10 18 y
2141 2439 83 35 sme
2255 2441 179 36 Concerto
2468 2444 60 47 (in
2561 2444 52 44 D)
2653 2458 100 35 pour
2790 2446 129 37 Violon
2948 2461 164 35 arrange
3136 2461 88 26 avcc
3252 2452 167 36 Accom-

2171 2501 221 40 pagnement
2420 2496 44 35 de
2492 2496 135 39 Piano.
2687 2500 16 33 1
2742 2500 96 37 Thlr.
2868 2503 22 32 5
2921 2501 83 47 Sgr.

1855 2542 161 36 Rubin
2027 2550 41 28 st
2078 2545 89 43 ein,
2212 2547 116 43 Ant.,
2378 2548 113 36 Olelio
2526 2563 100 35 pour
2656 2551 135 46 Piano,
2841 2553 142 45 Violon,
3023 2555 117 45 Viola,
3180 2556 237 40 Violoncello*

2175 2598 252 48 Contrebasse,
2446 2602 115 45 Flute,
2586 2603 201 39 Clarinette
2809 2613 33 29 et
2863 2607 84 37 Cor.
2981 2608 61 49 Op.
3056 2609 36 39 9.
3115 2609 25 35 3
3159 2610 96 38 Thlr.
3274 2611 47 36 15
3333 2613 83 47 Sgr.

1852 2649 190 44 Scholz,
2077 2649 58 45 8.,
2166 2651 139 38 Sonate
2329 2655 66 44 für
2421 2654 120 37 Piano
2542 2658 28 44 f.
2600 2658 81 35 und
2715 2658 208 40 Violoncell.
2959 2661 64 49 Op.
3041 2663 35 36 5.
3110 2663 17 35 1
3152 2663 96 39 Thlr.
3267 2666 47 34 15
3331 2666 84 47 Sgr.

1854 2702 170 48 Spohr,
2063 2703 164 46 Louis,
2270 2707 25 34 6
2326 2707 245 38 Salonstücke
2606 2711 66 44 für
2710 2712 141 36 Violine
2893 2715 80 34 und
3001 2715 232 46 Pianoforle.
3279 2718 138 37 Drittes

2173 2757 85 47 Heft
2287 2759 64 36 der
2380 2761 254 40 Salonstücke.
2668 2764 64 47 Op.
2766 2766 86 36 145.
2882 2767 67 36 Nr.
2978 2768 38 43 4,
3046 2768 37 37 5,
3112 2769 40 39 6.
3178 2769 116 42 fä2o
3312 2772 103 39 SqrJ

2172 2811 25 34 2
2232 2812 97 39 Thlr.

2067 2863 93 36 Drei
2184 2876 127 33 grosse
2340 2865 129 38 Duette
2494 2868 68 46 für
2589 2869 25 34 2
2652 2869 179 41 Violinen.
2875 2872 66 37 Nr.
2970 2875 48 35 2:
3051 2875 65 49 Op.
3149 2876 84 39 150.
3277 2877 65 40 Nr.
3371 2879 48 35 3:

2177 2918 65 48 Op.
2275 2919 86 38 153.
2391 2920 107 46 (Den
2528 2921 172 38 Brüdern
2728 2924 136 46 Alfred
2900 2928 79 34 und
3006 2928 125 48 Henry
3161 2929 148 37 Holmes
3350 2945 67 21 zu-

2169 2972 202 47 geeignet.)
2401 2973 67 38 Nr.
2496 2974 38 44 2,
2563 2975 113 48 3(ä
2706 2976 77 51 1%
2816 2978 122 49 Thlr.)
2994 2982 25 33 2
3049 2982 97 35 Thlr.
3151 3009 19 13 m
3176 2983 51 35 lO
3254 2984 82 47 Sgr.

1863 3020 162 46 Viotti,
2056 3023 37 36 J.
2123 3023 58 45 8.,
2214 3024 199 38 Concertos
2436 3039 99 36 pour
2573 3028 128 36 Violon
2730 3042 183 37 arranges
2942 3046 88 23 avec
3056 3035 361 49 Accompagnement

2173 3077 42 35 de
2244 3077 122 37 Piano
2390 3092 76 36 par
2493 3081 42 34 F.
2552 3081 205 40 Hermann.
2787 3084 66 38 Nr.
2869 3086 50 35 27
2936 3087 64 45 (in
3028 3087 65 48 C).
3225 3088 16 36 i
3298 3089 98 39 Thlr.

1900 3202 86 36 Alle
2007 3204 44 33 in
2081 3203 121 34 dieser
2226 3203 322 52 31usili—Zeitung
2575 3208 284 49 besprochenen
2892 3213 83 34 und
3008 3214 296 49 angekündigten
3332 3218 89 35 Mu-

1842 3256 160 35 sikalien
2027 3262 71 29 etc.
2124 3256 89 35 sind
2239 3270 47 22 zu
2310 3260 174 35 erhallen
2511 3274 41 22 171
2579 3262 68 35 dev
2670 3270 92 29 stets
2786 3265 229 48 vollständig
3046 3271 224 34 assovtirten
3298 3269 123 38 Mtisi—

1846 3309 356 47 calien-Handlung
2234 3312 106 35 nebst
2373 3313 243 39 Leihanstalt
2653 3328 75 24 von
2770 3317 297 39 BERNHARD
3111 3322 222 37 BREUER
3379 3327 39 34 in

1850 3363 140 45 Köln,
2020 3363 250 36 Hochstrasse
2294 3366 70 35 Nr.
2391 3366 67 36 97.
