2789 3990
218 3618 138 76 72

1929 216 66 73 N
2058 216 69 73 U
2191 216 190 81 M.:
2434 213 107 81 7.

344 231 173 71 LA
634 224 429 83 CITE.

1169 223 64 71 V
1294 223 63 74 0
1418 223 94 79 L.
1566 246 12 56 :
1634 221 64 68 V
1761 218 56 82 I.

336 485 291 45 communale
660 482 62 43 de
755 481 264 50 Duisbourg
1051 492 47 32 et
1131 496 47 26 se
1216 477 141 52 dirige
1390 493 103 27 vers
1528 476 42 44 le
1604 472 300 45 Nord-Ouest
1938 488 119 34 pour
2089 487 49 27 se
2175 468 215 41 déverser

338 549 112 42 dans
477 549 40 42 le
545 546 132 49 Rhin,
710 544 116 42 dont
854 545 42 42 le
924 542 178 49 niveau,
1135 543 151 41 même
1316 559 55 25 en
1401 552 149 37 temps
1581 536 57 43 de
1666 551 141 33 crues,
1841 547 66 32 est
1936 534 149 42 moins
2115 533 142 42 élevé.

406 609 118 50 Déjà
555 619 140 32 avant
726 607 42 42 la
799 620 170 37 guerre,
1007 603 42 42 la
1082 602 132 43 firme
1247 602 161 50 Krupp
1438 612 47 31 et
1517 599 41 41 la
1588 596 108 44 ville
1730 596 57 42 de
1819 594 265 51 Duisbourg
2114 594 277 41 caressaient

334 672 40 43 le
402 674 152 48 projet
580 668 31 42 d
631 670 251 46 aménager
912 682 73 24 ces
1013 680 188 35 espaces
1229 682 56 26 en
1313 678 89 28 vue
1433 661 57 43 de
1519 661 64 41 les
1610 657 166 43 rendre
1804 657 272 50 appropriés
2106 672 59 25 au
2192 653 173 42 délasse-

334 742 126 33 ment
491 731 77 41 des
596 729 245 48 habitants,
875 739 44 33 et
947 725 103 52 plus
1077 723 418 53 particulièrement
1526 720 57 42 de
1611 720 42 42 la
1684 723 209 49 jeunesse
1925 718 58 42 de
2013 715 277 51 Duisbourg.
2324 713 65 42 Ce

334 797 154 48 projet
515 803 82 40 put
626 794 94 40 être
750 789 159 42 réalisé
936 804 91 35 peu
1058 788 136 49 après
1222 786 41 42 La
1294 800 159 36 guerre
1490 801 9 23 :
1531 783 41 41 la
1604 781 132 42 firme
1768 781 161 50 Krupp
1961 779 52 43 fit
2046 777 93 44 don
2169 795 58 27 en
2265 775 123 42 1919

336 855 81 42 des
452 857 109 41 trois
597 853 92 42 lacs
726 861 45 35 et
808 850 57 43 de
900 857 154 34 vastes
1091 847 222 43 étendues
1350 847 246 42 riveraines
1635 847 26 39 à
1699 842 43 41 la
1779 841 121 50 ville,
1944 844 76 48 qui
2057 839 200 50 chjargea
2295 850 91 28 soni

334 916 225 42 directeur
599 913 59 42 du
693 912 182 43 Service
914 911 81 42 des
1030 909 361 48 Constructions,
1430 904 284 45 l'architecte-
1749 921 56 25 en
1840 902 105 42 chef
1985 901 221 55 Preziger,
2250 899 28 40 d
2299 898 68 42 éla-

331 977 137 43 borer
503 977 58 42 de
594 984 153 34 vastes
778 977 179 48 projets
992 991 57 24 en
1084 987 88 27 vue
1208 970 58 44 de
1298 969 240 43 l'érection
1576 965 79 45 des
1691 964 380 44 Etablissements
2105 963 61 44 de
2203 960 187 43 Culture

331 1038 243 51 physique;
607 1038 176 40 ceux-ci
814 1045 105 33 sont
952 1030 294 55 aujourd'hui
1279 1028 339 55 partiellement
1651 1026 196 45 réalisés.

470 1196 61 43 Le
553 1194 156 50 Stade,
741 1197 73 48 qui
840 1192 67 45 fut
929 1209 59 25 au
1013 1203 151 38 temps
1190 1190 58 43 de
1273 1189 213 51 l'apogée
1510 1188 59 42 de
1596 1187 41 43 la
1661 1185 174 42 culture
1860 1199 209 36 grecque,
2101 1182 40 43 le
2168 1178 222 54 principal

333 1258 167 51 champ
539 1257 389 43 d'entraînement
966 1253 57 43 de
1061 1253 42 42 la
1406 1249 115 43 mais
1557 1248 163 42 tomba
1761 1244 169 45 durant
1966 1244 58 44 de
2064 1243 134 51 longs
2233 1239 159 44 siècles

334 1320 113 44 dans
475 1319 11 42 1
509 1318 138 50 oubli,
679 1319 236 41 ressuscita
943 1319 26 38 à
997 1316 42 41 la
1068 1316 65 43 fin
1162 1314 60 42 du
1252 1314 136 43 siècle
1417 1312 191 47 dernier,
1641 1326 113 25 avec
1784 1307 41 43 la
1855 1309 288 41 renaissance
2174 1304 81 43 des
2285 1306 107 49 jeux

333 1382 301 51 olympiques.
665 1379 141 44 Alors
835 1376 107 54 qu'il
969 1393 60 28 en
1058 1377 179 41 existait
1268 1374 108 51 déjà
1407 1373 114 43 dans
1553 1369 244 44 différents
1822 1385 129 36 pays,
1984 1385 53 27 ce
2065 1385 58 26 ne
2154 1365 69 46 fut
2254 1363 138 53 qu'en

338 1443 122 42 1914
493 1458 87 35 que
609 1441 12 42 I
644 1458 59 27 on
734 1440 259 42 construisit
1022 1456 56 25 en
1109 1436 290 54 Allemagne,
1434 1438 26 39 à
1494 1432 163 51 Berlin,
1691 1450 61 25 un
1782 1430 142 44 Stade
1958 1429 177 43 destiné
2162 1431 30 39 à
2222 1426 170 44 abriter

332 1505 63 42 les
426 1507 110 48 jeux
567 1503 289 51 olympiques
889 1503 74 49 qui
999 1499 216 43 devaient
1248 1515 30 34 y
1309 1499 130 41 avoir
1474 1494 86 43 lieu
1594 1512 56 26 en
1693 1492 138 46 1916.
1869 1492 154 50 Après
2057 1506 174 37 guerre,
2273 1507 60 24 on
2368 1503 25 25 a

331 1566 172 44 discuté
531 1564 42 44 la
602 1566 209 49 question
842 1563 57 41 de
926 1564 152 40 savoir
1104 1564 35 39 si
1168 1562 64 42 les
1260 1570 151 39 temps
1442 1556 212 44 difficiles
1683 1555 297 42 autorisaient
2009 1552 42 44 la
2080 1551 311 43 construction

333 1628 58 44 de
412 1626 169 44 Stades
604 1643 58 25 ou
682 1626 108 44 bien
815 1623 68 46 s'il
908 1641 60 26 ne
988 1625 137 42 serait
1148 1639 84 35 pas
1256 1619 262 53 préférable
1545 1619 59 43 de
1628 1620 139 47 créer,
1795 1620 27 39 à
1850 1618 97 43 leur
1969 1615 145 53 place,
2145 1614 58 43 de
2229 1613 165 51 petites

331 1690 174 52 plaines
548 1688 57 43 de
646 1692 87 50 jeu,
779 1689 150 41 moins
967 1688 255 45 coûteuses,
1267 1694 44 32 et
1353 1683 219 49 réparties
1616 1698 56 25 en
1713 1684 120 40 aussi
1875 1678 148 52 grand
2067 1675 199 45 nombre
2305 1690 89 34 que

329 1750 202 53 possible
560 1750 115 42 dans
703 1750 63 42 les
795 1747 242 44 différents
1065 1746 221 53 quartiers
1314 1744 80 43 des
1421 1743 143 45 villes.
1597 1742 45 42 A
1670 1740 267 51 Duisbourg
1964 1742 65 42 les
2056 1741 338 40 circonstances

329 1812 169 45 locales
520 1814 171 42 étaient
714 1810 129 44 telles
867 1826 87 34 que
977 1810 41 42 la
1041 1811 313 40 construction
1380 1805 110 44 d'un
1513 1803 143 45 Stade
1680 1821 30 34 y
1732 1805 111 41 était
1865 1802 286 53 pleinement
2172 1799 220 52 justifiée;

330 1876 26 43 il
382 1873 79 53 n'y
482 1891 28 25 a
533 1893 57 26 en
615 1872 278 51 Allemagne
915 1886 178 27 aucune
1115 1879 131 33 autre
1271 1867 107 45 ville
1402 1869 77 50 qui
1503 1865 200 54 possède
1729 1874 162 34 autant
1916 1862 59 47 de
2000 1864 177 52 plaines
2203 1862 59 44 de
2287 1864 108 48 jeux

327 1935 382 53 judicieusement
732 1936 232 48 réparties.
994 1931 127 43 Dans
1145 1949 54 25 ce
1220 1938 158 37 centre
1402 1928 165 52 sportif
1594 1928 60 46 du
1679 1925 230 52 Foobtall,
1938 1928 43 42 la
2005 1926 222 42 nécessité
2255 1922 29 42 d
2305 1936 88 28 une

327 1998 152 53 plaine
519 1995 287 53 impeccable
842 2004 211 43 pouvant
1091 1993 206 43 recevoir
1336 1990 224 52 plusieurs
1605 1989 203 43 dizaines
1844 1989 62 43 de
1947 1987 124 44 mille
2111 1992 283 44 spectateurs

328 2077 49 25 se
408 2060 149 44 faisait
588 2061 150 41 sentir.
773 2058 152 44 Grâce
956 2059 27 39 à
1013 2057 43 43 la
1089 2054 226 44 donation
1344 2071 86 35 par
1465 2053 42 43 la
1540 2051 134 46 firme
1705 2050 164 54 Krupp
1904 2048 81 44 des
2017 2064 191 35 espaces
2238 2049 129 40 néces-

328 2124 137 40 saires
490 2133 47 33 et
560 2123 136 50 grâce
722 2124 28 40 à
774 2121 43 42 la
843 2118 340 52 configuration
1211 2115 420 54 particulièrement
1661 2111 243 46 favorable
1935 2112 60 42 du
2020 2111 84 50 soi,
2134 2126 90 27 une
2254 2110 139 41 arène

327 2196 82 39 put
435 2186 94 41 être
553 2184 249 41 construite
829 2197 118 36 pour
972 2198 89 27 une
1089 2196 181 27 somme
1294 2178 325 44 relativement
1644 2193 92 35 peu
1768 2173 170 45 élevée.

465 2255 198 44 Comme
686 2253 340 52 emplacement
1049 2253 62 43 du
1131 2250 154 50 Stade,
1295 2267 60 26 on
1376 2250 165 45 choisit
1564 2252 41 42 la
1627 2252 99 41 rive
1744 2247 134 45 Nord
1902 2246 62 44 du
1989 2244 401 50 «Margaretesee»

331 2319 115 43 dans
477 2319 47 45 le
552 2318 84 45 but
670 2318 57 44 de
759 2321 42 44 le
832 2316 260 52 compléter
1122 2332 83 36 par
1236 2331 90 28 une
1359 2313 281 44 installation
1675 2312 60 44 de
1765 2323 131 40 sport
1928 2309 230 50 nautique.
2197 2305 122 44 Pour
2351 2306 41 43 le

329 2382 109 51 plan
471 2379 300 55 d'ensemble,
807 2396 60 28 on
896 2377 210 52 s'inspira
1139 2377 63 44 du
1229 2377 99 43 seul
1355 2374 144 45 Stade
1529 2377 197 40 existant
1757 2376 27 39 à
1813 2381 120 36 cette
1963 2373 186 48 époque
2179 2386 58 28 en
2269 2366 100 45 Alle-

330 2459 179 35 magne,
544 2441 114 44 celui
691 2441 61 44 de
781 2440 164 45 Berlin.
980 2439 119 44 Mais
1130 2439 121 44 alors
1284 2455 89 35 que
1404 2437 177 43 celui-ci
1611 2432 273 54 comprend,
1921 2443 129 34 outre
2083 2431 64 43 les
2178 2429 216 53 pelouses

329 2515 45 33 et
396 2504 43 43 la
459 2506 119 50 piste
602 2520 56 27 en
679 2501 213 52 cendrée,
919 2519 60 26 un
1003 2500 278 44 vélodrome
1302 2512 46 33 et
1369 2516 61 26 un
1453 2499 154 43 bassin
1632 2499 59 42 de
1714 2499 209 42 natation
1949 2499 75 48 qui
2051 2512 50 26 se
2124 2502 218 37 trouvent
2366 2493 28 39 à

329 2566 10 43 1
362 2568 213 42 intérieur
607 2565 60 43 du
696 2564 143 44 Stade
879 2564 76 52 (ce
988 2566 75 49 qui
1092 2566 213 50 présente
1338 2560 221 53 quelques
1590 2570 265 44 avantages,
1893 2559 115 41 mais
2039 2555 265 53 également
2337 2553 57 42 de

327 2643 164 37 graves
517 2626 396 50 inconvénients),
945 2644 59 25 on
1030 2643 49 26 se
1103 2634 232 40 contenta,
1363 2627 30 39 à
1419 2622 277 51 Duisbourg,
1728 2625 27 39 à
1781 2622 11 44 1
1816 2623 140 40 instar
1984 2620 60 42 de
2068 2638 52 24 ce
2148 2620 76 51 qui
2252 2615 142 45 existe

327 2693 26 39 à
383 2689 284 55 Stockholm,
702 2688 299 51 d'aménager
1026 2706 90 27 une
1144 2686 201 53 pelouse,
1378 2702 89 26 une
1495 2688 118 50 piste
1641 2703 56 26 en
1724 2681 200 45 cendrée
1953 2695 46 32 et
2029 2681 80 44 des
2138 2678 253 51 tremplins.

327 2752 75 43 On
430 2769 57 25 ne
512 2753 194 50 pouvait
731 2766 169 35 songer
925 2768 56 25 en
1010 2767 74 26 ces
1112 2761 150 39 temps
1293 2749 57 44 de
1378 2749 318 49 compression
1728 2746 82 43 des
1839 2745 228 50 dépenses
2095 2740 244 54 publiques
2369 2741 26 39 à

327 2815 251 44 construire
609 2813 81 43 des
720 2812 191 43 édifices
938 2810 282 54 grandioses,
1254 2826 185 27 comme
1470 2813 26 40 à
1529 2807 295 49 Stockholm;
1858 2809 115 40 mais
2004 2823 61 26 on
2095 2806 119 48 créa,
2247 2806 27 39 à
2304 2817 89 35 peu

329 2876 57 44 de
409 2875 120 51 frais,
553 2892 91 27 une
665 2877 139 42 arène
826 2873 343 52 irréprochable
1192 2885 46 32 et
1260 2890 60 26 un
1342 2883 131 33 vaste
1496 2870 347 51 emplacement
1863 2885 121 36 pour
2005 2867 67 43 les
2093 2873 296 44 spectateurs.

327 2938 44 42 A
396 2937 164 50 Berlin,
592 2954 61 26 on
674 2939 127 40 avait
827 2954 63 35 pu
914 2938 105 42 tirer
1044 2934 143 54 profit
1213 2934 111 44 d'un
1350 2933 336 45 valonnement
1712 2934 210 41 existant.
1952 2930 46 42 A
2025 2928 276 52 Duisbourg,
2331 2944 62 26 un

326 3017 137 26 creux
489 2999 69 45 fut
582 3001 104 40 créé
710 2998 387 43 artificiellement
1126 2996 57 47 de
1213 2997 138 52 façon
1382 2996 92 44 fort
1501 2995 166 50 simple
1694 3013 58 25 en
1778 2993 233 50 adoptant
2037 2988 159 56 pourri
2217 2988 145 52 empla-

327 3074 182 33 cement
543 3061 57 45 de
636 3061 171 45 l'arène
838 3078 63 27 un
937 3064 166 40 niveau
1139 3079 56 25 en
1231 3057 251 44 contrebas
1519 3057 58 44 de
1614 3055 122 44 deux
1769 3057 169 42 mètres
1972 3065 46 33 et
2053 3068 56 30 en
2147 3052 245 43 déversant

327 3134 101 35 tout
458 3134 165 36 autour
657 3123 57 44 de
748 3123 174 44 l'arène
951 3121 67 44 les
1050 3133 141 33 terres
1227 3121 225 51 draguées
1487 3119 58 44 de
1578 3118 205 43 manière
1816 3120 27 40 à
1876 3118 127 41 créer
2033 3134 90 27 une
2158 3113 137 54 digue
2333 3113 59 43 de

328 3185 27 43 6
394 3203 59 26 m.
497 3185 58 44 de
590 3184 205 56 hauteur,
842 3184 205 44 destinée
1086 3201 90 26 aux
1215 3191 299 43 spectateurs.
1558 3180 90 44 Ces
1686 3189 195 33 travaux
1919 3177 376 46 commencèrent
2334 3191 56 26 en

334 3247 124 43 1920
482 3261 47 34 et
551 3266 58 27 en
644 3247 122 44 1922
795 3248 42 45 le
861 3245 143 45 Stade
1031 3257 83 42 put
1140 3250 95 39 être
1260 3245 149 44 utilisé
1434 3260 121 36 pour
1580 3243 43 42 la
1649 3242 227 52 première
1904 3240 99 44 fois.

461 3321 63 43 Le
565 3321 211 47 sous-sol,
821 3339 48 24 se
910 3330 283 42 composant
1237 3318 362 43 exclusivement
1646 3314 59 43 de
1747 3313 129 45 sable
1918 3322 45 34 et
2009 3314 56 43 de
2111 3314 192 52 gravier,
2351 3311 40 41 le

329 3383 216 53 drainage
574 3383 193 45 efficace
797 3384 64 43 du
888 3386 167 42 terrain
1084 3384 111 44 était
1221 3381 178 47 assuré;
1429 3378 114 44 c'est
1571 3381 112 40 ainsi
1713 3395 86 34 que
1829 3377 41 43 la
1898 3375 203 56 pelouse,
2134 3379 121 40 aussi
2283 3374 108 43 bien

327 3463 87 34 que
434 3447 42 42 la
497 3448 116 49 piste
633 3462 55 25 en
711 3444 212 48 cendrée,
949 3464 48 26 se
1020 3445 281 50 distinguent
1324 3440 355 43 d'installations
1698 3438 235 44 similaires
1956 3459 56 25 en
2035 3456 54 27 ce
2110 3455 101 36 que,
2238 3450 154 28 meme
