2789 3990
2010 277 282 54 TEK
2359 280 51 51 H
2477 281 55 51 N
2599 284 42 49 E

2468 3739 177 74 107

228 453 1170 64 CONCOURS

279 553 324 46 VERVIERS.
739 559 482 43 CONSTRUCTION
1254 560 148 43 D'UN

222 615 270 44 MARCHE
525 618 312 45 COUVERT.
968 622 62 43 Le
1063 623 184 43 Conseil
1279 640 93 26 com-

221 678 155 43 munal
408 679 58 43 de
492 679 218 45 Verviers
738 684 126 41 vient
897 684 284 42 d'examiner
1214 684 63 42 les
1306 702 64 24 mo-

225 741 80 42 des
338 742 58 41 de
426 743 260 43 réalisation
721 746 60 42 du
815 750 154 47 projet
1002 746 58 42 de
1092 749 312 40 construction

222 802 112 43 d'un
367 806 184 42 marché
583 816 201 33 couvert.

279 866 29 41 Il
342 884 26 24 a
396 870 122 45 voté,
551 872 26 38 à
602 878 71 32 cet
701 869 126 47 effet,
861 886 58 24 un
947 872 198 48 premier
1173 870 143 42 crédit
1346 871 57 42 de

230 926 175 48 10,000
447 927 162 45 francs.
649 928 73 41 Un
758 945 226 26 concours
1022 939 127 32 entre
1186 929 192 44 architec-

221 998 66 33 tes
327 990 158 52 belges
527 1007 99 26 sera
670 995 209 48 organisé
920 1010 118 34 pour
1081 993 322 44 l'élaboration

221 1051 81 45 des
330 1053 145 51 plans.

297 1176 254 43 SOCIETE
611 1177 331 44 CENTRALE
1003 1178 366 45 D'ARCHITEC-

222 1237 166 43 -IURE
432 1237 86 44 DE
561 1239 325 51 BELGIQUE.
1047 1241 232 43 Résultats
1325 1242 81 44 des

222 1318 224 25 concours
480 1305 232 48 organisés
743 1321 55 24 en
842 1302 123 43 1926
1006 1322 8 23 :

293 1363 237 44 Concours
598 1365 58 43 de
723 1366 152 42 relevé
952 1385 8 24 :
1039 1367 10 41 Ire1
1065 1374 34 17 re
1167 1371 146 49 prime
1381 1372 26 38 à

223 1425 63 43 M.
330 1425 213 53 Freyens,
587 1426 95 43 500
725 1428 52 42 fr.
793 1446 9 30 ;
848 1428 23 42 2
880 1435 15 18 e
936 1433 145 46 prime
1122 1433 27 39 à
1188 1430 61 42 M.
1297 1429 81 44 Del-

222 1498 142 42 court,
400 1488 96 41 400
532 1490 51 41 fr.
600 1507 7 30 ;
645 1489 23 42 3
677 1497 13 17 e
724 1495 145 46 ptrime
901 1495 26 38 à
963 1491 115 43 MM.
1113 1492 214 43 Sneiders
1362 1501 43 34 et

220 1548 71 43 Th
297 1554 178 45 omisse,
518 1550 93 43 300
651 1553 52 41 fr.

291 1612 239 43 Concours
587 1614 58 41 de
701 1615 42 41 la
795 1615 179 42 Société
1030 1615 258 44 Granitière
1345 1617 60 43 du

223 1674 143 42 Nord.
511 1675 223 51 Chapelle
772 1676 226 45 funéraiire
1043 1696 8 23 :
1099 1679 10 41 Ire1
1126 1685 34 17 re
1196 1682 146 48 prime
1381 1683 25 39 à

222 1735 63 43 M.
316 1735 72 43 De
416 1736 124 48 Laet,
572 1736 94 43 250
700 1738 51 42 fr.
768 1756 8 30 ;
816 1738 8 42 Ire1
842 1746 33 16 re
903 1742 146 49 prime
1079 1741 115 42 àM.
1225 1740 175 52 Feyfer,

224 1798 96 42 250
356 1799 51 42 fr.
424 1817 7 29 ;
471 1799 23 42 2
503 1804 14 19 6
550 1802 147 49 prime
729 1801 26 39 à
788 1801 61 42 M,
886 1801 198 51 Serkyn;
1120 1802 23 42 2
1152 1809 15 18 e
1196 1806 149 49 pirime
1381 1807 26 39 à

222 1861 63 43 M.
317 1860 122 43 Willi
446 1879 117 35 aime,
605 1862 89 42 150
730 1863 52 42 fr.

280 1924 278 42 Monument
590 1925 227 42 funéraire
860 1944 8 24 :
911 1926 9 41 Ire1
937 1933 34 17 re
1002 1931 147 47 prime
1181 1928 119 41 àM.
1336 1926 71 43 De

223 1985 125 54 Laet,
411 1986 89 43 150
555 1988 54 42 fr.
623 2005 8 30 ;
694 1987 10 42 Ire1
720 1995 35 17 re
805 1992 146 48 ptrime
1002 1992 26 38 à
1080 1989 63 43 M.
1199 1989 204 48 Declerc,

231 2048 9 42 Ire1
258 2056 33 17 re
320 2052 146 49 prime
499 2050 118 43 àM.
649 2049 190 54 Stubbe,
880 2050 89 43 150
1002 2051 52 43 fr.
1070 2070 8 30 ;
1120 2051 10 42 Ire1
1148 2055 30 14 re
1206 2056 147 48 prime
1383 2055 25 38 à

221 2111 62 43 M.
323 2111 228 53 François,
593 2112 90 42 150
717 2113 52 43 fr.

275 2249 340 43 CONCOURS
645 2249 378 44 D'AFFICHES.
1159 2251 66 44 La
1255 2251 125 43 Socié-

216 2316 45 38 té
290 2312 254 52 Anonyme
574 2312 374 44 Bouchomneries
978 2313 199 43 Réunies
1205 2316 200 44 informe

217 2375 115 42 MM.
369 2375 63 43 les
465 2375 511 44 artistes-dessinateurs
1007 2377 166 51 qu'elle
1207 2396 26 24 a
1265 2377 139 43 établi

217 2437 41 42 le
294 2437 274 43 classement
602 2440 183 41 suivant
821 2443 147 48 parmi
1005 2439 63 42 les
1105 2441 299 50 participants

217 2503 28 39 à
278 2518 84 25 son
398 2517 224 27 concours
660 2500 246 45 d'affiches
948 2519 9 25 :

283 2563 10 42 ler1
309 2570 34 17 er
377 2566 100 49 prix
518 2563 174 52 (1,000
729 2564 199 51 francs).
1065 2564 63 44 M.
1164 2564 210 43 Veranne-

212 2644 125 30 man,
381 2625 76 48 44,
503 2644 79 25 rue
623 2627 81 42 des
744 2627 239 49 Patriotes,
1026 2627 246 44 Bruxelles.

285 2690 24 40 2
316 2695 15 17 e
381 2691 100 49 prix
537 2688 123 52 (750
714 2690 199 51 francs).
1089 2691 62 42 M.
1205 2690 197 43 Corneel

217 2751 223 48 Beindeer,
479 2752 539 51 Capellen-lez-Anvers.

276 2813 23 42 3
309 2822 14 16 e
356 2818 101 48 prix
499 2814 124 51 (500
659 2815 198 52 francs).
998 2816 62 42 M.
1102 2815 297 53 Depraetere,

216 2894 78 25 rue
329 2878 60 42 du
424 2877 160 51 Lycée,
628 2877 75 48 29,
745 2878 568 44 Saint-Gilles-Bruxelles.

274 2939 26 42 4
308 2947 14 16 e
372 2944 101 48 prix
531 2939 123 52 (250
708 2940 198 52 francs).
1081 2942 63 43 M.
1200 2942 203 43 Maurice

216 3003 154 51 Mahy,
410 3002 75 48 44,
525 3021 79 24 rue
640 3003 61 43 du
734 3002 258 50 Taciturne,
1031 3003 247 45 Bruxelles.

273 3065 66 44 La
371 3065 181 44 Société
586 3069 218 40 remercie
843 3066 117 44 MM.
1000 3067 66 42 les
1100 3067 281 44 airtistes-des-

214 3131 223 40 sinateurs
473 3129 57 43 de
565 3128 96 44 leur
695 3131 338 50 participation.

272 3191 95 43 Elle
392 3194 112 40 tient
529 3191 64 43 les
618 3194 176 50 projets
822 3210 93 24 non
942 3196 171 49 primés
1141 3196 26 40 à
1192 3192 96 44 leur
1314 3192 66 44 dis-

214 3257 214 49 position,
477 3264 45 33 et
565 3253 292 44 considérera
899 3254 65 44 les
1006 3266 260 41 maquettes
1306 3273 95 26 non

214 3318 249 41 réclamées
497 3336 55 25 au
594 3318 9 41 ler1
620 3325 34 17 er
690 3318 111 43 avril
836 3336 183 24 comme
1054 3322 126 39 étant
1213 3337 50 24 sa
1296 3336 78 36 pro-

213 3383 160 49 priété.

271 3443 127 43 Nous
435 3443 217 52 publioins
688 3460 74 26 ces
802 3445 393 50 renseignements
1235 3448 25 39 à
1297 3450 78 37 sim-

1475 455 75 50 pie
1594 459 101 38 titre
1738 457 29 41 d
1788 459 297 43 information
2129 461 172 42 devant
2345 463 111 42 faire
2500 473 147 33 toutes

1475 534 85 25 nos
1590 521 201 40 réserves
1822 531 277 32 concernant
2131 523 341 51 l'organisation
2508 526 56 42 de
2598 543 50 25 ce

1473 596 223 25 concours
1733 584 73 48 qui
1845 601 25 23 a
1908 586 72 39 été
2017 589 208 38 annoncé
2263 585 239 54 beaucoup
2543 597 103 42 trop

1476 641 308 43 tradivement
1819 662 115 33 pour
1970 662 87 34 que
2092 664 114 25 nous
2244 665 143 33 ayons
2422 667 60 33 pu
2518 650 40 41 le
2592 652 36 39 si-

1474 704 156 49 gnaler
1660 706 26 39 à
1714 723 83 24 nos
1824 705 204 47 lecteurs.

1548 826 85 42 UN
1703 827 336 44 CONCOURS
2113 830 538 46 D'ENSEIGNEMENT

1474 887 234 44 URBAIN
1741 893 155 38 venait
1929 891 28 42 d
1980 895 93 38 être
2105 903 160 32 ouvert
2296 898 25 38 à
2351 895 170 48 Miami,
2558 913 90 34 peu

1478 949 58 43 de
1574 960 152 42 temps
1766 961 139 32 avant
1948 953 42 42 la
2032 954 289 43 dévastation
2364 956 57 43 de
2462 957 43 42 la
2545 957 106 43 ville

1475 1030 84 33 par
1588 1014 40 40 le
1656 1013 203 51 cyclone.

1530 1074 65 42 Ce
1641 1093 234 31 concours,
1925 1087 303 41 comprenant
2275 1079 120 43 deux
2438 1082 207 47 sections,

1478 1138 123 40 avait
1638 1155 116 33 pour
1792 1137 81 43 but
1912 1139 238 52 d'équiper
2187 1141 325 51 parfaitement
2550 1142 81 43 l'ar-

1477 1199 93 41 tère
1611 1200 249 49 principale
1905 1199 56 42 de
2002 1200 42 42 la
2082 1199 119 50 ville,
2246 1201 206 52 Biscagni
2491 1202 132 42 boule-

1476 1260 128 48 vard,
1635 1261 218 52 parallèle
1875 1266 27 39 à
1926 1263 43 42 la
1992 1266 103 39 côte
2123 1273 44 32 et
2190 1274 225 34 couvrant
2442 1284 87 24 une
2555 1266 73 42 lon-

1477 1340 140 34 gueur
1647 1324 58 42 de
1735 1323 27 42 4
1795 1324 158 44 milles.

1534 1385 63 42 La
1628 1390 225 47 première
1882 1389 173 41 section
2090 1390 168 40 traitait
2291 1388 63 43 les
2387 1389 149 51 objets
2568 1392 64 40 sui-

1474 1458 135 33 vants
1669 1466 10 23 :
1732 1448 200 52 Signaux
1981 1449 312 44 standardisés
2345 1461 43 32 et
2440 1452 214 43 tourelles

1477 1509 348 45 d'observation
1851 1530 116 33 pour
1995 1513 40 42 le
2063 1512 205 43 contrôle
2296 1514 60 42 du
2384 1514 142 42 trafic.
2555 1514 66 51 Ap-

1475 1573 165 50 pareils
1676 1573 312 44 standardisés
2026 1593 117 34 pour
2180 1575 256 52 l'éclairage
2475 1577 174 43 urbain.

1477 1635 275 42 Indications
1792 1637 57 42 de
1886 1654 113 31 rues,
2037 1637 173 42 devant
2246 1639 110 42 faire
2393 1641 145 49 partie
2573 1639 80 42 des

1477 1698 227 51 appareils
1748 1699 286 53 d'éclairage,
2079 1708 44 34 et
2162 1700 260 48 bénéficier,
2468 1700 41 42 le
2550 1703 103 50 soir,

1477 1759 57 42 de
1566 1760 41 42 la
1636 1760 201 44 lumière.

1534 1822 65 42 La
1625 1822 242 43 deuxième
1890 1827 174 39 section
2089 1827 122 39 avait
2237 1842 116 34 pour
2379 1824 83 43 but
2485 1825 43 42 la
2553 1828 76 49 pré-

1477 1886 228 40 sentation
1752 1884 57 42 de
1854 1889 175 48 projets
2075 1886 57 43 de
2175 1890 190 39 stations
2409 1889 245 40 réservoirs

1479 1945 247 50 d'essence,
1767 1958 315 40 comprenant,
2123 1959 126 31 outre
2288 1949 40 41 le
2361 1966 294 35 programme

1478 2011 147 49 précis
1659 2008 184 44 d'offrir
1877 2028 84 34 par
1995 2009 64 43 les
2093 2028 193 34 moyens
2323 2011 64 42 les
2421 2013 101 50 plus
2554 2029 76 34 per-

1479 2070 254 43 fectionnés
1762 2072 218 42 l'essence
2011 2091 88 24 aux
2126 2073 242 51 véhicules,
2399 2083 43 31 et
2471 2091 51 25 ce
2553 2089 102 28 sans

1477 2132 235 44 embarras
1748 2136 43 40 ni
1829 2135 379 43 encombrement
2245 2154 116 33 pour
2395 2136 43 42 la
2472 2136 159 42 circula-

1480 2197 94 40 tion
1614 2196 284 43 automobile
1938 2215 57 25 ou
2036 2196 228 53 pédestre,
2303 2216 59 26 un
2401 2197 172 43 bureau
2612 2207 44 34 et

1479 2258 120 42 deux
1634 2258 212 49 toilettes,
1887 2278 60 24 un
1981 2263 207 49 magasin
2223 2261 323 42 d'accessoires
2580 2279 50 24 au-

1477 2321 261 43 tomobiles.
1790 2321 73 42 Un
1911 2325 132 49 étage
2092 2326 180 38 réservé
2319 2342 54 24 au
2423 2323 234 52 logement

1478 2384 81 41 des
1585 2384 238 51 employés
1851 2387 109 39 était
1988 2384 239 44 facultatif.

1545 2506 338 44 CONCOURS
1916 2506 514 45 INTERNATIONAL
2465 2524 23 27 «
2521 2506 101 43 SAL-

1475 2567 188 44 TERIO
1704 2585 41 26 ».
1960 2569 85 43 Les
2084 2570 340 43 manufactures
2462 2569 60 44 de
2558 2571 96 40 soie

1480 2647 22 26 «
1529 2630 192 44 Salterio
1748 2648 40 33 »,
1819 2632 60 44 de
1900 2631 147 43 Come
2080 2631 197 52 (Italie),
2308 2634 260 49 organisent
2592 2648 60 29 un

1476 2711 223 27 concours
1732 2705 126 33 entre
1891 2695 63 42 les
1983 2698 179 39 artistes
2195 2695 61 42 du
2288 2693 172 44 monde
2493 2697 155 43 entier,

1477 2756 109 42 doté
1615 2757 57 44 de
1707 2757 9 41 1
1735 2756 180 47 00,000
1943 2758 102 41 lires
2074 2757 56 42 de
2156 2759 111 49 prix,
2298 2773 116 35 pour
2446 2756 80 43 des
2553 2755 75 43 des-

1475 2820 91 42 sins
1590 2825 26 39 à
1641 2822 108 39 trois
1777 2837 60 24 ou
1861 2829 159 42 quatre
2044 2819 209 42 couleurs
2281 2819 198 43 destinés
2505 2822 26 38 à
2559 2821 94 39 être

1477 2879 259 53 reproduits
1769 2898 73 25 sur
1875 2884 130 40 tissus
2039 2881 57 44 de
2129 2883 97 40 soie
2256 2881 169 42 utilisés
2460 2897 118 35 pour
2611 2879 42 42 la

1475 2944 263 43 confection
1774 2944 56 44 de
1864 2956 219 31 cravates.

1545 3005 64 43 Ce
1638 3024 225 24 concours
1892 3024 99 24 sera
2020 3005 97 43 clos
2146 3008 41 42 le
2225 3005 52 43 15
2314 3008 89 40 mai
2442 3006 137 43 1927.

1545 3067 62 44 Le
1647 3072 113 49 jury,
1807 3072 74 48 qui
1922 3067 313 52 comprendra
2279 3069 80 43 des
2402 3085 222 34 personna-

1475 3132 99 41 lités
1606 3133 271 49 étrangères,
1913 3148 99 25 sera
2042 3130 184 52 présidé
2257 3149 84 35 par
2371 3133 40 43 le
2442 3134 211 39 sénateur

1476 3193 210 42 Corrado
1724 3192 135 48 Ricci,
1901 3196 159 40 ancien
2100 3193 224 43 directeur
2362 3193 79 45 dès
2479 3193 172 43 Beaux-

1475 3255 122 48 Arts.

1544 3318 119 42 Pour
1694 3319 63 44 les
1790 3318 161 44 détails
1985 3318 58 43 du
2075 3335 236 32 concours,
2348 3318 247 43 s'adresser
2626 3319 26 40 à

1475 3380 61 44 M.
1572 3380 155 43 Guido
1760 3380 138 49 Cassi,
1933 3383 253 48 secrétaire,
2219 3380 136 43 Viale
2387 3380 149 51 Piave,
2578 3379 68 48 13,

1475 3446 25 39 à
1531 3443 156 43 Milan.

212 3615 523 52 SUPPLEMENT
802 3615 113 51 AU
981 3615 336 52 VOLUME
1381 3614 98 55 VL
1680 3618 54 49 N
1743 3624 26 17 O4
1829 3637 28 39 7
1920 3618 100 50 DE
2094 3637 28 31 «
2188 3618 98 49 LA
2352 3617 177 50 CITE
2598 3636 46 31 ».
