2789 3990
272 3578 213 96 68

392 203 172 76 LA
674 185 429 94 CITÉ.

1209 200 64 72 V
1334 198 71 74 O
1466 198 94 81 L.
1613 208 10 56 :
1682 198 63 71 V
1809 198 56 81 I.

1972 195 68 74 N
2104 195 68 74 U
2238 195 122 82 M.
2413 223 13 54 :
2479 198 107 79 7.

390 457 150 52 ferait
579 458 49 50 la
670 456 167 50 même
875 454 243 52 solution
1160 453 245 57 vicieuse;
1449 452 438 51 l'accroissement
1929 449 63 52 de
2034 451 50 50 la
2125 448 314 52 circulation

388 544 71 50 du
497 542 371 63 Treurenberg
902 557 116 34 vers
1052 539 46 52 le
1134 552 172 38 centre
1343 539 61 52 de
1440 539 50 50 la
1527 538 124 51 ville
1688 534 295 54 aboutirait
2021 536 84 52 tôt
2141 553 74 35 ou
2252 536 121 50 tard
2411 534 26 50 à

386 627 449 66 l'expropriation
863 627 160 51 d'une
1048 625 170 66 partie
1246 626 62 51 de
1335 626 51 51 la
1414 625 152 64 paroi
1593 623 159 51 Nord
1781 625 61 49 de
1871 625 48 49 la
1948 621 379 53 Grand'Place.
2361 621 76 52 La

386 715 320 52 démolition
744 713 61 51 de
844 726 76 38 cet
957 711 152 52 écran
1147 711 155 52 serait
1344 729 75 33 un
1457 724 109 38 acte
1603 710 61 52 de
1703 710 331 54 vandalisme
2074 724 48 36 et
2163 708 276 64 d'aveugle

383 801 298 65 ignorance,
714 800 147 51 étant
892 797 176 54 donné
1099 798 48 51 la
1179 796 240 53 nécessité
1449 797 63 54 de
1541 809 128 38 cette
1698 795 153 64 paroi
1882 809 49 36 et
1961 793 374 65 l'importance
2366 791 73 51 du

383 885 608 53 Marché-aux-Poulets
1034 901 206 35 comme
1283 884 288 52 transition
1616 895 143 39 entre
1804 882 49 51 la
1898 881 125 55 ville
2068 879 183 52 future
2296 894 50 37 et
2390 880 49 49 la

380 974 380 51 Grand'Place.

540 1147 54 52 Si
621 1147 70 50 les
719 1145 267 52 solutions
1015 1143 356 52 circulatoires
1397 1141 285 67 proposées
1710 1158 98 47 par
1836 1158 99 34 nos
1965 1139 156 52 édiles
2152 1148 124 40 sont
2304 1136 102 55 mal-

380 1234 291 55 heureuses,
705 1234 70 51 les
806 1230 268 54 solutions
1103 1229 319 65 esthétiques
1452 1229 161 65 qu'ils
1644 1242 99 38 ont
1773 1244 221 47 conçues
2025 1228 44 51 le
2101 1239 124 38 sont
2257 1239 184 36 encore

379 1321 322 62 davantage;
737 1318 44 51 le
813 1317 179 66 projet
1027 1331 124 38 tout
1183 1317 164 51 entier
1380 1315 155 53 serait
1568 1314 118 66 déjà
1720 1312 392 53 condamnable
2147 1313 61 52 de
2242 1328 51 34 ce
2331 1309 107 51 seul

379 1407 159 65 point
562 1407 61 51 de
648 1423 117 33 vue.
793 1404 98 52 Les
916 1403 160 53 tracés
1102 1403 257 66 proposés
1383 1402 422 53 méconnaissent
1832 1402 123 51 l'art
1983 1401 61 52 de
2073 1398 363 55 l'urbanisme.

380 1493 81 52 Or
484 1493 140 56 ,c'est
648 1491 342 66 précisément
1014 1503 129 39 cette
1166 1489 191 53 science
1382 1489 74 53 du
1483 1488 134 54 tracé
1643 1488 87 54 des
1754 1488 151 52 villes
1930 1488 95 64 qui
2051 1486 102 52 fait
2180 1487 49 51 la
2253 1484 188 52 beauté

380 1580 87 50 des
493 1596 134 34 rares
654 1578 188 51 artères
867 1577 121 52 bien
1015 1595 221 46 conçues
1263 1595 103 47 que
1392 1576 218 65 possède
1636 1577 50 51 la
1714 1573 223 66 capitale
1977 1592 11 33 :
2018 1575 72 50 les
2116 1569 327 54 boulevards

380 1665 299 57 extérieurs,
719 1682 130 34 ceux
888 1663 74 53 du
1001 1677 188 42 centre,
1231 1663 45 51 le
1316 1661 236 66 quartier
1589 1660 264 64 Léopold,
1895 1662 50 51 la
1985 1660 146 66 place
2172 1675 48 37 et
2261 1660 50 50 la
2354 1675 89 34 rue

378 1751 223 66 Royale,
634 1765 93 38 etc.

536 1837 78 51 La
648 1836 188 52 beauté
865 1837 63 51 de
957 1854 77 34 ces
1065 1835 205 57 artères,
1303 1846 266 55 pourtant
1602 1835 63 52 de
1693 1835 162 63 styles
1886 1848 49 38 et
1966 1834 63 52 de
2062 1832 240 65 rythmes
2333 1830 81 54 dif-

379 1924 211 57 férents,
623 1938 73 38 est
727 1924 134 51 issue
891 1924 133 51 d'un
1056 1923 167 52 même
1255 1923 238 66 principe
1523 1921 377 52 fondamental
1933 1920 215 56 d'ordre
2178 1934 50 38 et
2261 1919 150 52 d'har-

378 2013 194 56 monie,
606 2011 329 65 équivalant,
972 2011 132 51 dans
1136 2010 46 52 le
1215 2010 250 52 domaine
1495 2006 240 60 musical,
1773 2010 28 51 à
1834 2009 51 51 la
1927 2028 30 33 «
1997 2008 192 66 phrase
2220 2005 184 53 harmo-

380 2100 160 64 nique
580 2118 49 37 »,
668 2098 135 52 suite
839 2098 270 52 d'accords
1146 2098 137 52 dont
1320 2098 49 51 la
1408 2097 218 57 cadence
1663 2110 49 39 et
1748 2097 47 50 le
1834 2095 214 65 rythme
2088 2094 355 53 déterminent

379 2187 44 50 le
454 2187 150 63 style.

540 2273 145 52 C'est
722 2273 62 51 ici
820 2269 571 68 qu'interviendraient
1429 2269 366 54 efficacement
1832 2271 71 52 les
1941 2268 292 55 servitudes
2274 2265 141 54 archi-

383 2359 274 52 tecturales
685 2373 48 37 et
764 2359 44 51 le
837 2358 218 65 Zoning
1088 2358 86 52 des
1202 2358 272 57 hauteurs,
1507 2376 142 47 pour
1678 2358 154 52 doter
1861 2358 51 51 la
1942 2357 125 52 ville
2098 2353 347 55 d'ensembles

380 2446 401 52 d'architecture
806 2444 349 65 équivalents,
1182 2464 62 33 en
1269 2443 205 59 beauté,
1503 2444 28 53 à
1556 2462 131 35 ceux
1714 2444 62 53 de
1799 2443 150 52 Paris
1971 2443 115 65 (rue
2111 2441 62 56 de
2198 2438 243 64 Rivoli),

378 2532 195 65 Nancy
606 2533 93 64 (les
731 2531 218 53 célèbres
981 2530 227 67 places),
1244 2546 49 41 et
1329 2532 277 51 Bruxelles
1639 2530 284 66 (quartiers
1957 2531 74 52 du
2063 2528 188 64 Parc).

538 2621 72 51 Le
646 2620 218 65 Zoning
901 2620 87 52 des
1022 2620 256 51 hauteurs
1315 2618 339 54 contribuera
1692 2636 112 35 non
1843 2616 290 53 seulement
2171 2617 28 52 à
2233 2612 185 56 l'esthé-

380 2707 146 65 tique
557 2706 86 52 des
671 2706 278 65 quartiers,
980 2706 134 52 mais
1145 2706 26 51 à
1203 2706 304 52 l'ensemble
1538 2705 393 66 panoramique
1960 2705 62 51 de
2053 2705 49 51 la
2131 2702 143 59 ville,
2309 2701 137 52 dont

379 2794 34 52 il
441 2792 301 54 réserverait
766 2794 71 51 les
860 2792 187 67 points
1071 2792 62 53 de
1157 2810 103 35 vue
1284 2806 50 39 et
1358 2792 70 53 les
1453 2791 240 54 mettrait
1719 2810 62 33 en
1808 2791 185 52 valeur
2017 2809 98 47 par
2140 2790 88 53 des
2253 2801 160 40 avant-

379 2881 155 64 plans
572 2880 430 52 architecturaux
1039 2880 125 66 plus
1199 2879 341 53 intéressants
1575 2898 103 47 que
1715 2879 88 52 des
1842 2879 184 53 dômes
2063 2879 28 52 à
2128 2879 50 52 la
2214 2874 232 54 manière

379 2966 198 54 Société
606 2965 257 55 Générale
892 2986 72 34 ou
996 2968 89 52 des
1114 2966 234 67 attiques
1378 2986 154 47 genre
1561 2966 137 54 école
1729 2966 62 53 de
1822 2966 49 53 la
1904 2983 90 36 rue
2024 2965 88 54 des
2142 2963 299 56 Ursulines.

539 3053 173 67 Après
754 3072 76 34 ces
874 3053 423 53 considérations
1340 3053 353 65 d'esthétique
1735 3052 253 66 générale,
2035 3052 292 64 analysons
2372 3067 74 34 un

380 3142 159 53 détail
568 3142 136 52 dont
731 3142 481 52 l'administration
1241 3160 48 34 se
1315 3140 194 54 félicite
1535 3140 376 54 certainement
1938 3140 211 54 d'avoir
2177 3138 192 55 trouvé
2398 3138 50 51 la

381 3228 239 52 solution
663 3248 12 32 :
713 3229 46 51 le
793 3228 347 66 dégagement
1174 3229 62 56 de
1269 3228 197 66 l'église
1499 3228 62 53 de
1594 3229 50 52 la
1681 3228 274 65 Chapelle,
1996 3229 111 65 qui,
2145 3226 221 54 suivant
2401 3226 47 52 le

379 3314 195 66 projet,
609 3333 48 35 se
690 3317 297 52 trouverait
1019 3316 174 66 placée
1226 3335 66 34 au
1325 3316 183 53 milieu
1542 3317 134 52 d'un
1710 3333 176 49 espace
1919 3314 132 54 libre
2084 3312 359 67 comparable,

380 3420 61 34 en
472 3402 342 58 dimensions,
848 3403 27 51 à
907 3403 50 52 la
988 3403 147 66 place
1162 3402 260 55 Poelaert.
