3452 4381
1679 119 68 48 72

160 272 43 48 in
234 271 80 48 der
341 268 132 50 Hand
501 267 151 48 seinen
682 266 174 63 Einzug
884 263 122 56 hielt,
1047 261 90 48 sich
1170 261 265 48 unverweilt
1462 276 79 32 ans
1572 258 76 48 Cia-

159 349 91 47 vier
278 355 134 40 setzte
442 344 103 65 (14.
574 342 275 58 December)
888 339 91 49 und
1010 338 133 47 ihnen
1174 338 124 48 nicht
1326 338 201 64 weniger
1556 334 118 49 denn

159 423 260 50 dreizehn
457 419 318 49 verschiedene
799 417 166 49 Stücke
993 414 262 65 vorspielte!
1308 416 97 45 Der
1433 414 101 47 dem
1565 412 81 47 Ein-

156 499 163 50 sender
347 496 287 66 vorliegende
668 492 358 52 Concert-Zettel
1072 490 130 49 führt
1242 490 229 49 dieselben
1513 489 44 47 in
1594 487 63 48 fol-

159 576 171 64 gender
358 573 228 64 Ordnung
614 573 100 47 auf:

280 650 44 67 1)
349 653 130 61 Fuge
507 667 84 30 von
619 650 43 46 S.
687 647 144 54 Bach;
863 643 50 66 2)
1589 657 84 30 von

160 727 202 57 Händel;
394 727 49 64 3)
474 723 264 51 Sarabande
766 738 84 31 von
875 720 217 57 Francis
1118 720 253 64 Couperin;
1402 718 50 65 4)
1479 719 195 45 Toccata

162 822 83 30 von
276 804 247 47 Domenico
553 799 230 55 Scarlatti;
828 797 50 66 5)
924 797 166 66 Tempo
1117 793 52 52 di
1191 794 235 50 Menuetto
1465 809 83 32 von
1578 794 92 46 Jos.

160 880 189 65 Haydn;
396 879 49 64 6)
475 877 161 48 Rondo
666 892 84 32 von
777 875 201 55 Mozart;
1017 874 49 64 7)
1098 874 182 56 Sonate,
1311 873 87 62 Op.
1437 870 122 56 111,
1588 885 82 31 von

164 958 278 52 Beethoven;
492 953 48 65 8)
992 950 212 51 Moment
1463 948 207 52 Musical
1037 967 82 30 von
1148 950 145 45 Franz
1324 946 248 55 Schubert;
1618 944 50 63 9)

163 1037 227 45 Romanze
426 1048 83 30 von
541 1030 285 55 Schumann;
874 1028 83 63 10)
988 1026 192 47 Scherzo
1209 1042 84 30 von
1325 1023 345 54 Mendelssohn;

168 1109 81 65 11)
405 1108 237 49 Serenade
929 1108 118 48 d'un
1223 1105 296 50 Troubadour
1009 1119 82 32 von
1120 1101 258 57 Wilimers;
1415 1100 84 65 12)
1524 1099 149 48 Etüde

160 1204 83 31 von
273 1185 202 66 Chopin;
513 1183 83 66 13)
1104 1184 74 48 La
1311 1180 199 52 Cascade
955 1197 85 31 von
1071 1180 162 47 Pauer.

276 1263 140 48 Sollte
437 1261 119 49 wohl
579 1260 115 48 nach
718 1259 143 47 dieser
879 1255 286 66 Speisekarte
1188 1255 114 47 noch
1327 1261 140 40 etwas
1489 1270 52 29 zu
1566 1252 85 47 voll-

160 1340 269 65 ständigster
455 1338 312 61 Erleuchtung
794 1334 80 47 der
904 1332 280 49 münchener
1205 1330 342 49 Musikfreunde
1579 1329 71 48 feh-

162 1418 101 47 len?
311 1416 115 55 Ach,
456 1415 120 46 Herr
603 1411 187 50 Mortier
819 1409 55 48 de
904 1409 238 56 Fontaine,
1185 1409 84 47 wir
1299 1407 158 56 bitten,
1486 1424 48 30 so
1565 1406 84 47 fort-

163 1494 230 53 zufahren,
442 1491 114 47 denn
597 1489 79 48 das
718 1489 54 47 ist
813 1487 80 47 der
931 1487 154 47 rechte
1118 1486 140 64 Weg,
1305 1503 76 30 um
1424 1485 71 48 die
1537 1499 138 49 ganze

159 1569 257 49 Musikwelt
445 1567 64 47 bis
536 1584 52 30 zu
620 1566 86 47 den
738 1564 268 49 Botokuden
1037 1564 43 47 in
1113 1564 213 47 Brasilien
1364 1564 42 47 in
1439 1564 229 45 kürzester

156 1647 96 47 Zeit
278 1663 51 30 zu
361 1644 317 64 vollständiger
708 1642 315 64 Erleuchtung
1059 1658 52 30 zu
1153 1640 206 63 bringen.
1415 1640 72 47 An
1527 1639 146 47 einem

156 1724 271 47 Monument
455 1721 114 48 nach
600 1720 101 48 dem
733 1719 124 48 Tode
887 1719 80 47 soll
997 1734 46 30 es
1075 1717 120 47 nicht
1225 1717 162 47 fehlen.

452 1886 179 68 Tages-
672 1883 100 55 und
801 1883 578 71 Unterhaltungs-Blatt.

468 1981 41 33 ln
548 1978 64 36 der
646 1978 137 35 letzten
828 1977 171 35 Soiree
1040 1976 78 33 für
1157 1973 391 35 Kammermusik
1589 1975 89 43 trug

157 2042 179 35 Fräulein
363 2037 451 49 Ingeborg-Starck
850 2047 69 25 aus
947 2036 241 45 Petersburg,
1227 2035 81 33 eine
1332 2034 119 45 junge
1478 2034 199 41 Pianistin,

158 2102 58 35 die
245 2102 80 34 sich
353 2103 38 32 in
419 2101 109 34 Paris
564 2100 76 33 und
676 2100 38 33 in
743 2100 69 33 den
840 2096 238 37 rheinischen
1106 2096 209 34 Badeorten
1345 2096 108 33 einen
1482 2094 176 35 ehrenvol-

155 2161 60 34 len
243 2160 82 34 Ruf
346 2159 202 43 erworben,
577 2158 59 34 die
653 2157 137 35 Sonate
809 2156 69 46 Op.
899 2154 69 36 111
991 2166 72 23 von
1081 2155 30 33 B
1126 2166 49 23 ee
1187 2158 15 29 t
1215 2155 20 32 h
1251 2166 54 23 ov
1319 2166 19 22 e
1349 2166 23 22 n
1402 2154 77 34 und
1508 2154 169 34 Bach's

156 2220 277 36 chromatische
462 2219 203 34 Phantasie
692 2218 110 35 nebst
830 2217 107 45 Fuge
965 2228 79 23 vor.
1104 2216 68 35 Die
1202 2214 101 46 Fuge
1330 2214 134 46 spielte
1491 2215 55 34 sie
1576 2225 99 35 ganz

155 2279 248 43 vortrefflich;
446 2279 62 35 der
548 2279 162 45 Vortrag
755 2278 64 34 der
861 2277 137 35 Sonate
1039 2276 90 35 liess
1171 2275 126 35 indess
1338 2274 105 34 nicht
1476 2274 104 35 bloss
1618 2274 59 34 die

156 2341 130 42 Laien,
315 2339 159 36 sondern
503 2339 97 35 auch
628 2339 58 34 die
712 2339 150 34 Kenner
898 2338 95 38 kalt.
1048 2340 79 31 Das
1172 2335 139 34 schöne
1358 2333 321 44 Violin-Quartett

156 2403 39 32 in
228 2399 132 37 C-moll
388 2412 71 23 von
487 2399 216 35 Beethoven
731 2398 85 46 (Op.
847 2397 59 44 18,
935 2398 63 35 Nr.
1029 2396 38 47 4)
1111 2399 144 42 erregte
1298 2395 118 34 durch
1449 2395 111 44 jeden
1592 2394 85 35 Satz

158 2462 70 34 den
252 2461 249 35 lebhaftesten
518 2460 148 36 Beifall.
695 2459 146 44 Curios,
870 2458 87 35 dass
988 2458 58 34 die
1073 2468 130 34 grosse
1223 2456 197 34 Mehrzahl
1449 2455 66 35 der
1535 2456 120 33 Kunst-

158 2521 157 35 freunde
353 2531 47 23 an
442 2519 69 35 den
539 2517 346 37 Beethoven'schen
916 2517 166 34 Ciavier-
1112 2516 78 34 und
1219 2516 124 34 Vlolin
1350 2515 147 35 werken
1540 2520 139 30 unter

158 2580 69 48 Op.
251 2578 74 37 100
352 2580 130 33 immer
508 2579 95 34 noch
631 2578 104 35 mehr
753 2577 155 35 Antbeil
935 2578 143 42 nimmt,
1108 2576 57 34 als
1197 2587 47 22 an
1269 2575 129 47 denen,
1428 2575 59 34 die
1517 2574 162 36 darüber

160 2639 136 36 hinaus
325 2639 138 46 gehen!

233 2702 42 33 In
305 2700 64 35 der
399 2698 318 47 Orchesterprobe
760 2710 59 23 am
847 2699 240 44 Donnerstag
1129 2696 132 35 hatten
1303 2697 69 33 wir
1410 2695 67 35 das
1505 2696 146 45 Vergnü-

158 2773 80 35 gen,
267 2761 122 35 Herrn
419 2759 216 36 Schmidt
663 2771 67 22 aus
759 2759 164 34 Moskau
952 2771 46 21 zu
1025 2759 116 33 hören
1168 2757 77 34 und
1273 2757 37 34 in
1338 2757 78 33 ihm
1444 2757 107 33 einen
1579 2768 96 33 ganz

158 2820 332 46 ausgezeichneten
508 2820 204 34 Virtuosen
737 2820 71 33 auf
832 2818 80 34 dem
942 2818 312 35 Violoncello
1283 2817 146 34 kennen
1460 2828 48 22 zu
1535 2816 143 39 lernen*

158 2881 96 35 Herr
283 2879 165 36 Schmidt
476 2884 144 40 erregte
650 2879 119 34 durch
800 2879 70 34 den
898 2879 161 45 Vortrag
1087 2879 102 33 eines
1210 2878 201 34 Concertes
1442 2889 71 22 von
1539 2878 103 34 Rom-

160 2942 111 44 berg
298 2941 76 34 und
402 2939 226 36 namentlich
658 2940 102 34 einer
780 2940 204 33 Phantasie
1012 2941 67 31 mit
1103 2939 242 34 Variationen
1375 2950 71 22 von
1476 2938 199 35 Servais

160 3003 108 33 einen
297 3001 146 33 wahren
469 3000 291 33 Enthusiasmus
806 2999 58 34 bei
906 2998 70 34 den
1005 2997 463 46 Orchester-Mitgliedern
1497 2997 79 34 und
1605 2997 72 34 den

160 3060 245 36 anwesenden
433 3059 316 34 Kunstfreunden.
791 3060 61 33 Da
881 3070 39 23 er
946 3059 98 34 noch
1075 3059 85 34 sehr
1184 3060 98 45 jung
1308 3059 63 43 ist,
1402 3069 42 23 so
1473 3057 100 34 steht
1599 3057 77 34 ihm

156 3120 201 46 jedenfalls
386 3121 80 33 eine
494 3119 229 35 bedeutende
751 3119 171 35 Zukunft
950 3119 129 35 bevor.

238 3223 186 37 Wien.
475 3222 191 35 Nachdem
694 3223 96 34 Herr
816 3223 121 35 Karl
966 3224 30 33 T
1009 3224 152 45 ausig
1185 3224 37 33 in
1252 3223 138 34 seinem
1421 3225 124 32 ersten
1574 3222 75 35 Con-

159 3288 100 33 certe
286 3285 56 34 als
373 3284 394 44 Orchester-Dirigent
796 3283 74 34 und
890 3284 145 34 Pianist
1062 3284 312 35 ausschliesslich
1405 3284 56 33 als
1492 3285 185 45 Interpret

159 3347 65 35 der
253 3344 236 36 Liszt'schen
517 3344 109 33 Muse
654 3344 233 43 aufgetreten
917 3356 85 32 war,
1038 3345 267 34 veranstaltete
1334 3356 38 23 er
1402 3345 176 46 Samstag
1607 3345 69 33 den

158 3405 33 38 9.
219 3406 172 35 Februar
419 3406 57 33 ein
507 3405 150 33 zweites
688 3404 169 42 Concert,
899 3405 37 33 in
979 3405 179 34 welchem
1200 3418 38 22 er
1276 3406 81 34 sich
1400 3405 181 45 lediglich
1620 3406 57 33 als

158 3464 291 47 Ciavierspieler
475 3463 225 47 producirte.
753 3464 43 33 In
820 3465 95 44 jetzt
943 3465 85 34 sehr
1056 3465 178 35 beliebter
1261 3466 75 34 und
1367 3465 167 35 vielfach
1564 3477 91 34 ange-

157 3525 169 35 wandter
358 3524 124 35 Weise
523 3524 103 34 hatte
668 3535 38 23 er
747 3525 139 34 seinem
913 3525 219 45 Programm
1177 3527 104 33 einen
1323 3526 250 35 historischen
1604 3527 49 34 Zu-

161 3586 136 34 schnitt
325 3586 181 45 gegeben,
548 3584 124 36 indem
711 3596 38 23 er
790 3585 67 33 mit
895 3584 196 36 Sebastian
1122 3586 97 34 Bach
1247 3587 147 45 begann
1423 3588 78 34 und
1531 3588 68 33 mit

162 3647 103 33 Liszt
293 3647 155 37 schloss.
478 3646 70 35 Die
571 3646 111 34 Wahl
712 3646 65 35 der
805 3658 70 23 von
908 3646 120 34 Herrn
1045 3648 146 44 Tausig
1219 3651 294 43 vorgetragenen
1536 3648 142 34 Stücke

163 3709 99 45 zeigt
288 3719 70 23 uns
386 3708 87 35 aber
499 3708 117 43 nicht,
647 3707 88 35 dass
763 3707 66 35 ihn
858 3707 66 33 das
953 3708 162 35 innerste
1147 3709 131 33 Wesen
1308 3709 63 35 der
1397 3721 156 34 grossen
1583 3710 72 34 Mei-

165 3772 77 30 ster
343 3768 66 34 wir
436 3770 145 33 meinen
609 3767 102 35 Bach
743 3768 76 33 und
847 3767 216 35 Beethoven
1151 3768 170 45 inspirirt
1348 3769 115 43 hätte,
1492 3770 96 35 denn
1606 3782 48 23 we-

165 3827 63 35 der
260 3827 57 35 die
346 3827 205 36 Bach'sche
581 3828 243 46 Orgel-Fuge
852 3827 50 48 (in
931 3827 150 35 H-moll
1083 3856 8 18 ,
1120 3839 73 23 von
1223 3829 104 33 Liszt
1357 3831 59 33 für
1444 3831 66 33 das
1539 3832 115 33 Piano-

167 3888 94 34 forte
289 3886 239 48 übertragen)
561 3889 94 34 noch
685 3888 249 35 Beethoven's
974 3888 322 45 dreiunddreissig
1322 3890 238 36 Variationen
1590 3891 87 47 (Op.

167 3947 65 44 36)
263 3947 131 34 zählen
423 3949 64 33 wir
516 3959 46 23 zu
586 3949 110 43 jenen
715 3949 175 42 Werken,
920 3950 37 32 in
978 3949 165 34 welchen
1165 3949 79 33 sich
1274 3949 64 34 der
1364 3951 141 43 tiefere,
1534 3953 123 45 eigent-

167 4006 98 36 liche
294 4007 140 34 Genius
476 4008 63 35 der
577 4008 130 36 beiden
737 4010 239 45 Gewaltigen
1018 4010 234 45 ausspricht,
1296 4009 111 35 deren
1450 4010 127 35 Gaben
1621 4013 55 34 als

166 4067 274 46 Eingeweihter
468 4067 69 37 den
565 4068 114 36 Laien
722 4081 46 25 zu
812 4070 164 45 reichen,
1020 4069 69 36 den
1128 4070 303 36 künstlerischen
1460 4070 91 36 Sinn
1579 4072 98 37 wohl

1746 252 186 36 zunächst
1960 253 122 35 reizen
2115 254 154 33 miisste.
2308 252 49 34 Es
2387 250 146 35 scheint
2562 261 70 23 uns
2662 250 193 45 vielmehr,
2883 249 87 37 dass
2998 252 98 35 Herr
3124 252 145 45 Tausig

1746 313 63 35 der
1837 313 129 34 Kunst
2006 315 68 32 mit
2111 312 65 34 der
2213 323 144 34 ganzen
2385 309 315 42 unerfreulichen,
2731 311 262 44 gemüthlosen
3024 312 247 44 Objectivität

1746 372 64 34 des
1840 372 131 34 echten
1992 372 203 34 Virtuosen
2223 368 331 48 gegenübersteht,
2583 368 77 34 und
2689 370 100 33 seine
2818 370 230 46 Inspiration
3076 372 60 33 für
3164 370 106 35 Liszt

1746 432 179 34 schliesst
1953 432 145 34 freilich
2126 430 99 36 auch
2267 431 97 33 nach
2408 440 95 35 ganz
2547 428 248 43 allgemeinen
2825 431 343 45 psychologischen
3199 430 48 34 Ge-

1746 495 126 31 setzen
1901 492 59 33 die
1988 490 251 46 Möglichkeit
2281 490 102 34 einer
2427 489 152 33 tieferen
2608 487 351 46 Empfänglichkeit
2985 490 61 35 für
3075 490 58 33 die
3162 489 109 34 echte

1744 551 126 35 Kunst
1899 563 74 23 von
2000 562 93 23 vorn
2123 550 128 34 herein
2281 561 81 26 aus.
2394 550 97 33 Herr
2512 548 146 43 Tausig
2681 548 133 43 spielte
2842 560 134 26 ausser
3004 550 71 34 den
3103 560 144 35 genann-

1745 613 64 31 ten
1848 610 166 34 Stücken
2057 610 58 34 die
2160 609 369 36 I£s-cZwr-Polonaise
2573 619 71 23 von
2686 607 40 35 C.
2757 608 52 36 M.
2838 619 36 23 v.
2906 609 138 35 Weber
3072 609 90 46 (Op.
3192 607 78 47 21),

1745 671 105 33 einen
1871 670 150 34 Walzer
2049 681 75 23 von
2147 668 144 46 Chopin
2321 669 75 34 und
2427 667 134 35 Liszt's
2593 666 438 38 Don-Juan-Phantasie.
3063 670 86 33 Alle
3168 668 102 35 diese

1746 729 141 34 Stücke
1916 729 131 45 spielte
2076 740 38 22 er
2142 728 223 45 auswendig
2401 729 85 42 (wie
2514 739 38 22 er
2580 726 95 34 denn
2704 727 38 33 in
2773 727 315 35 virtuosenhafter
3116 727 132 34 Ausbil-

1746 789 104 46 dung
1879 789 63 34 des
1972 788 294 35 Gedächtnisses
2296 788 124 35 hinter
2451 788 140 34 seinem
2620 787 155 34 Meister
2795 786 107 33 Liszt
2929 786 78 34 und
3036 789 140 32 seinem
3204 786 44 33 Ri-

1744 849 109 34 valen
1873 849 129 33 Bülow
2024 849 107 34 nicht
2158 848 296 45 zurückbleibt),
2484 849 66 33 mit
2578 849 163 33 eiserner
2762 847 109 33 Ruhe
2899 846 76 34 und
3004 847 95 34 ohne
3120 847 41 44 je
3190 847 82 34 eine

1745 909 99 45 Spur
1871 911 149 32 innerer
2046 909 219 45 Bewegung
2303 919 47 23 zu
2380 908 214 37 verrathen.
2646 908 218 45 Allerdings
2893 907 84 34 sind
3006 907 101 34 diese
3136 906 136 35 Stärke

1745 969 64 34 des
1839 969 310 43 Gedächtnisses,
2192 969 101 35 diese
2333 967 149 44 leichte,
2528 967 145 35 sichere
2702 966 288 46 Beherrschung
3032 966 65 34 des
3126 965 125 35 techni-

1745 1029 113 34 schen
1889 1029 193 34 Materials
2112 1027 406 46 unwidersprechliche
2545 1026 155 46 Zeugen
2738 1029 101 33 einer
2866 1026 261 36 bedeutenden
3155 1026 94 33 Ener-

1745 1090 60 44 gie
1833 1088 77 34 und
1940 1088 57 34 als
2027 1087 129 35 solche
2197 1089 165 43 positive
2403 1087 313 46 Eigenschaften,
2765 1087 58 35 die
2864 1086 81 36 sich
2984 1084 286 36 unwillkürlich

1744 1148 283 44 Anerkennung
2056 1148 211 45 erzwingen
2282 1160 7 21 :
2334 1158 71 23 uns
2434 1147 101 44 aber,
2575 1148 59 33 die
2663 1150 68 31 wir
2760 1148 175 45 gewohnt
2963 1146 95 42 sind,
3100 1146 71 34 auf
3197 1146 72 34 den

1745 1220 161 22 warmen
1952 1208 232 46 Pulsschlag
2227 1209 63 33 der
2320 1207 253 45 Empfindung
2615 1218 47 23 zu
2703 1208 179 42 horchen,
2926 1207 75 35 und
3039 1207 67 34 das
3143 1207 128 34 innere

1744 1268 121 33 Feuer
1892 1267 65 34 der
1985 1267 278 44 Leidenschaft,
2291 1266 189 35 natürlich
2510 1277 68 23 zur
2602 1266 149 34 idealen
2780 1267 169 34 Flamme
2978 1268 181 43 verklärt,
3192 1278 50 23 em-

1745 1327 196 46 porlodern
1983 1327 113 35 sehen
2133 1327 146 43 wollen,
2320 1338 70 23 uns
2420 1327 127 33 macht
2576 1326 101 34 diese
2708 1327 309 44 Vortragsweise,
3065 1327 141 34 welche
3236 1329 36 32 in

1745 1388 80 34 rein
1851 1387 237 35 technischer
2115 1388 249 45 Nuancirung
2393 1387 74 34 alle
2495 1386 272 46 Forderungen
2808 1387 64 34 der
2900 1387 127 34 Kunst
3067 1387 131 34 erfüllt
3226 1397 48 22 zu

1747 1448 122 34 haben
1897 1448 149 46 glaubt,
2075 1449 192 35 durchaus
2300 1449 68 34 den
2396 1447 196 35 Eindruck
2621 1449 102 33 eines
2750 1448 242 46 Automaten,
3024 1447 131 35 dessen
3186 1451 66 30 äus-

1748 1512 96 31 serst
1871 1508 219 35 künstliche
2119 1510 399 43 Zusammensetzung,
2549 1508 134 35 dessen
2712 1509 195 34 Präcision
2935 1510 38 32 in
3003 1508 80 34 dem
3114 1508 133 33 Zusam-

1748 1569 228 34 menwirken
2006 1569 92 35 aller
2127 1570 131 34 Theile
2286 1571 67 33 wir
2381 1581 101 23 zwar
2512 1569 228 35 bewundern
2768 1572 167 44 müssen,
2965 1569 132 35 dessen
3126 1568 127 34 schein-

1747 1628 109 36 bares
1884 1629 127 36 Leben
2040 1641 72 23 uns
2140 1631 89 34 aber
2256 1630 103 35 mehr
2387 1630 221 35 erschreckt
2635 1630 77 33 und
2730 1630 181 43 abstösst,
2940 1630 57 34 als
3026 1630 143 35 erfreut
3197 1628 78 35 und

1749 1689 163 37 anzieht.
1966 1690 210 35 Aehnliche
2201 1691 238 45 Wirkungen
2477 1690 147 34 scheint
2653 1690 66 34 das
2750 1690 215 43 Publicum,
3003 1689 161 35 welches
3193 1689 81 33 sich

1748 1750 179 45 übrigens
1955 1762 71 23 nur
2051 1753 38 32 in
2116 1753 184 44 mässiger
2327 1751 96 34 Zahl
2452 1750 240 35 versammelt
2722 1750 112 44 hatte,
2874 1751 226 46 empfangen
3130 1760 47 23 zu
3207 1748 45 35 ha-

1749 1811 85 42 ben,
1877 1812 97 34 denn
2013 1812 59 35 die
2101 1813 213 45 Stimmung
2342 1813 113 46 blieb,
2500 1812 95 35 ohne
2625 1812 87 35 dass
2740 1823 86 23 man
2856 1811 180 35 desshalb
3066 1809 210 47 ungerecht

1748 1882 119 34 gegen
1897 1872 59 34 die
1985 1873 224 35 wirklichen
2237 1873 220 34 Verdienste
2500 1872 64 35 des
2594 1871 298 46 Concertgebers
2929 1871 202 47 geworden
3159 1873 114 42 wäre,

1750 1931 95 35 doch
1889 1932 71 34 den
2002 1944 147 34 ganzen
2177 1933 133 36 Abend
2351 1933 186 34 hindurch
2575 1934 81 33 eine
2691 1933 291 34 unverkennbar
3009 1931 129 45 kühle,
3165 1943 88 23 uner-

1748 1995 166 33 wärmte.
1969 1994 81 34 Den
2080 1995 164 45 Vortrag
2273 1995 64 35 der
2364 1994 430 36 Don-Juan-Phantasie
2824 1994 203 45 allerdings
3058 1994 121 33 haben
3209 1994 68 34 wir

1748 2053 106 34 nicht
1882 2053 106 35 mehr
2015 2054 244 46 abgewartet,
2300 2055 78 34 und
2420 2057 136 34 wissen
2597 2055 117 45 nicht,
2759 2055 45 35 ob
2846 2055 81 35 sich
2964 2055 67 34 das
3071 2054 205 35 Publicum

1750 2114 119 34 durch
1899 2114 100 35 diese
2027 2115 122 44 wilde,
2178 2117 120 33 wüste
2317 2116 356 45 Tastenstürmerei,
2702 2117 38 33 in
2769 2116 162 34 welcher
2958 2115 80 35 sich
3058 2116 96 34 Herr
3174 2116 77 33 Tau-

1750 2174 59 45 sig
1837 2174 115 35 schon
1981 2175 129 34 früher
2152 2176 57 34 als
2251 2176 234 34 vollendeter
2512 2176 157 34 Meister
2712 2176 207 42 bewährte,
2962 2176 67 33 hat
3067 2176 209 44 imponiren

1748 2234 138 36 lassen.
1926 2235 81 35 Wir
2036 2235 154 35 würden
2217 2247 272 35 angenommen
2516 2235 136 45 haben,
2681 2235 87 35 dass
2797 2237 106 34 Liszt
2929 2235 79 35 und
3036 2235 114 35 daher
3177 2235 99 34 auch

1749 2296 102 34 seine
1880 2295 159 36 Schüler
2063 2296 81 35 und
2171 2298 186 35 Verehrer
2398 2298 123 35 dieses
2564 2309 73 24 von
2679 2297 94 35 aller
2801 2297 166 45 Bildung
3011 2296 95 35 doch
3147 2296 130 45 längst

1750 2356 248 36 verurtheilte
2027 2357 124 35 Genre
2195 2359 120 34 seiner
2342 2359 254 45 produetiven
2625 2359 111 35 Muse
2771 2357 108 35 nicht
2906 2358 106 34 mehr
3041 2357 239 35 anerkennen

1749 2417 177 43 würden;
1971 2417 111 35 allein
2113 2418 108 34 nicht
2247 2431 72 23 nur
2347 2421 158 46 Tausig,
2545 2420 160 35 sondern
2732 2420 107 34 Liszt
2865 2418 120 35 selbst
3011 2417 171 36 beweis't
3209 2417 69 34 mit

1750 2480 122 34 seiner
1894 2480 136 45 jüngst
2055 2481 267 34 erschienenen
2349 2481 207 34 Phantasie
2585 2481 93 34 über
2707 2481 142 34 Motive
2878 2491 69 23 aus
2980 2479 164 42 „Ernani
3152 2479 14 16 u
3199 2477 77 35 und

1752 2541 253 41 „Trovatore*
2037 2540 68 35 das
2136 2541 235 46 Gegentheil.
2425 2542 57 34 On
2513 2553 46 23 en
2587 2542 148 34 revient
2761 2540 171 47 toujours
2962 2540 24 35 ä
3012 2551 55 23 ses
3088 2537 188 47 jpremiers

1749 2613 152 23 amours
1904 2629 8 16 ,
1956 2602 78 34 und
2075 2615 39 22 es
2154 2603 146 34 kommt
2326 2603 106 34 Alles
2475 2604 72 33 auf
2580 2603 58 34 die
2670 2605 317 44 »unausgesetzte
3016 2601 261 46 Bethätigung

1746 2674 157 24 unseres
1931 2663 149 35 Ideals*
2111 2675 58 26 an.
3008 2663 193 46 (Recens.)

1821 2770 125 34 Ueber
1974 2770 67 35 das
2071 2770 275 36 Musikfest
2387 2772 36 33 in
2453 2771 203 35 Barmen
2684 2782 68 22 zur
2780 2770 252 44 Einweihung
3061 2769 64 34 des
3154 2780 123 23 neuen

1749 2831 286 36 Concertsaales
2076 2834 52 33 im
2159 2833 178 36 Gebäude
2380 2834 64 33 der
2474 2832 210 36 Concordia
2726 2844 59 23 am
2823 2830 60 40 23.
2912 2832 78 35 und
3019 2829 60 38 24.
3109 2830 170 37 Februar

1749 2893 192 35 berichten
1971 2894 67 34 wir
2065 2895 38 33 in
2133 2893 64 35 der
2224 2893 187 35 nächsten
2439 2894 191 35 Nummer.

2114 3550 71 51 pic
2570 3548 323 51 £Sitsiß-<5eifmifl[

1749 3611 186 36 erscheint
1965 3610 115 47 jeden
2119 3612 172 45 Samstag
2331 3614 40 31 in
2415 3613 123 33 einem
2580 3623 146 34 ganzen
2761 3612 131 44 Bogen
2936 3609 69 34 mit
3039 3606 241 47 zwanglosen

1750 3663 193 46 Beilagen.
1974 3683 47 4 —
2050 3664 78 32 Der
2149 3663 386 46 Abonnementspreis
2556 3663 148 45 beträgt
2738 3663 59 33 für
2827 3663 64 33 das
2912 3659 187 45 Halbjahr
3128 3657 22 35 2
3167 3659 115 42 Thlr.,

1749 3715 60 35 bei
1837 3715 71 33 den
1930 3715 46 33 K.
2005 3725 142 35 preuss.
2170 3714 310 35 Post-Anstalten
2509 3713 22 37 2
2548 3713 103 35 Thlr.
2678 3713 20 37 5
2719 3713 82 45 Sgr.
2855 3713 96 33 Eine
2980 3710 169 34 einzelne
3169 3710 84 35 Num-

1749 3777 78 23 mer
1854 3764 25 36 4
1907 3765 80 46 Sgr,

1853 3817 124 34 Briefe
2004 3816 79 35 und
2102 3816 275 47 Zusendungen
2413 3816 92 35 aller
2525 3816 69 34 Art
2622 3814 151 35 werden
2802 3817 110 31 unter
2941 3813 64 34 der
3029 3812 164 36 Adresse
3222 3812 63 35 der

1750 3869 51 34 M.
1832 3868 540 46 DuMont-Schauberg'schen
2401 3867 304 44 Buchhandlung
2733 3868 38 31 in
2801 3866 102 33 Köln
2933 3866 162 33 erbeten.

1869 3967 356 35 Verantwortlicher
2253 3966 287 46 Herausgeber:
2571 3965 101 35 Prof.
2704 3963 34 35 L
2743 3989 11 11 ♦
2784 3962 174 47 Blsclioff
2980 3965 40 33 in
3048 3963 115 37 Köln.

1826 4018 197 47 Verleger:
2054 4018 53 36 M.
2137 4016 428 47 DuMont-Schauberg'
2571 4016 89 35 sehe
2688 4015 303 47 Buchhandlung
3020 4017 41 34 in
3089 4015 116 36 Köln.

1785 4070 190 41 Prucker:
2006 4070 47 35 M
2053 4098 8 9 .
2090 4070 67 36 Du
2160 4068 347 47 Moni-Schauberg
2535 4070 40 35 in
2602 4067 114 46 Köln,
2755 4068 243 37 Breitstrasse
3027 4067 49 38 76
3100 4080 37 24 u.
3168 4066 63 40 78.

2284 3116 452 74 Muiubipiijje».

1853 3296 85 35 Alle
1977 3296 41 35 in
2056 3297 122 34 dieser
2207 3295 307 47 Musiii-Zeitung
2553 3295 277 46 besprochenen
2858 3295 82 35 und
2968 3294 310 48 angekündigten

1750 3348 226 37 Musicalien
2006 3354 63 29 etc.
2099 3347 88 35 sind
2230 3361 46 21 zu
2312 3348 171 35 erhalten
2517 3348 42 35 in
2588 3348 69 34 der
2684 3352 86 30 stets
2797 3346 229 46 vollständig
3055 3347 223 35 assortirten

1750 3399 467 46 Musicalien-Handlung
2242 3399 82 35 und
2351 3399 244 35 Leihanstalt
2623 3411 73 23 von
2713 3398 313 35 BERNHARD
3046 3397 232 36 BREUER

1750 3451 39 35 in
1819 3451 116 43 Köln,
1964 3450 250 36 Hochstrasse
2242 3450 73 36 Nr.
2346 3453 59 33 97.
