<?xml version="1.0" encoding="UTF-8"?>
<alto xmlns:xsi="http://www.w3.org/2001/XMLSchema-instance" xmlns="http://www.loc.gov/standards/alto/ns-v2#" xsi:schemaLocation="http://www.loc.gov/standards/alto/ns-v2# http://www.loc.gov/standards/alto/alto-v2.0.xsd" xmlns:xlink="http://www.w3.org/1999/xlink">
	<Description>
		<MeasurementUnit>mm10</MeasurementUnit>
		<sourceImageInformation>
			<fileName>//fileserver7/IN2/Princeton/Batch3/bmtnabc/1875/04/01_01/00000070.tif</fileName>
		</sourceImageInformation>
		<OCRProcessing ID="OCRPROCESSING_1">
			<preProcessingStep>
				<processingSoftware>
					<softwareCreator>CCS Content Conversion Specialists GmbH, Germany</softwareCreator>
					<softwareName>CCS docWORKS</softwareName>
					<softwareVersion>6.6-1.18</softwareVersion>
				</processingSoftware>
			</preProcessingStep>
			<ocrProcessingStep>
				<processingSoftware>
					<softwareCreator>ABBYY (BIT Software), Russia</softwareCreator>
					<softwareName>FineReader</softwareName>
					<softwareVersion>10.0</softwareVersion>
				</processingSoftware>
			</ocrProcessingStep>
		</OCRProcessing>
		<OCRProcessing ID="OCRPROCESSING_2">
			<preProcessingStep>
				<processingSoftware>
					<softwareCreator>CCS Content Conversion Specialists GmbH, Germany</softwareCreator>
					<softwareName>CCS docWORKS</softwareName>
					<softwareVersion>6.6-1.18</softwareVersion>
				</processingSoftware>
			</preProcessingStep>
			<ocrProcessingStep>
				<processingSoftware>
					<softwareCreator>ABBYY (BIT Software), Russia</softwareCreator>
					<softwareName>NA</softwareName>
				</processingSoftware>
			</ocrProcessingStep>
		</OCRProcessing>
	</Description>
	<Styles>
		<TextStyle ID="TXT_0" FONTSIZE="16" FONTFAMILY="Times New Roman"/>
		<TextStyle ID="TXT_1" FONTSIZE="26" FONTFAMILY="Times New Roman"/>
		<TextStyle ID="TXT_2" FONTSIZE="14" FONTFAMILY="Times New Roman"/>
		<TextStyle ID="TXT_3" FONTSIZE="12" FONTFAMILY="Times New Roman"/>
		<TextStyle ID="TXT_4" FONTSIZE="14" FONTFAMILY="Times New Roman" FONTSTYLE="italics"/>
		<TextStyle ID="TXT_5" FONTSIZE="17" FONTFAMILY="Times New Roman" FONTSTYLE="italics"/>
		<TextStyle ID="TXT_6" FONTSIZE="12" FONTFAMILY="Times New Roman" FONTSTYLE="bold italics"/>
		<TextStyle ID="TXT_7" FONTSIZE="13" FONTFAMILY="Times New Roman" FONTSTYLE="bold"/>
		<TextStyle ID="TXT_8" FONTSIZE="15" FONTFAMILY="Times New Roman" FONTSTYLE="italics"/>
		<TextStyle ID="TXT_9" FONTSIZE="15" FONTFAMILY="Times New Roman"/>
		<ParagraphStyle ID="PAR_RIGHT" ALIGN="Right"/>
		<ParagraphStyle ID="PAR_LEFT" ALIGN="Left"/>
		<ParagraphStyle ID="PAR_BLOCK" ALIGN="Block"/>
		<ParagraphStyle ID="PAR_CENTER" ALIGN="Center"/>
	</Styles>
	<Layout>
		<Page ID="P60" PHYSICAL_IMG_NR="60" HEIGHT="4308" WIDTH="2705" PRINTED_IMG_NR="48" PC="0.876">
			<TopMargin ID="P60_TM00001" HPOS="0" VPOS="0" WIDTH="2705" HEIGHT="563">
				<TextBlock ID="P60_TB00001" HPOS="1144" VPOS="493" WIDTH="851" HEIGHT="55" STYLEREFS="TXT_0 PAR_RIGHT">
					<TextLine ID="P60_TL00001" HPOS="1144" VPOS="494" WIDTH="851" HEIGHT="54">
						<String ID="P60_ST00001" HPOS="1144" VPOS="501" WIDTH="77" HEIGHT="41" CONTENT="LA" WC="0.85" CC="20"/>
						<SP ID="P60_SP00001" HPOS="1221" VPOS="542" WIDTH="31"/>
						<String ID="P60_ST00002" HPOS="1252" VPOS="497" WIDTH="388" HEIGHT="51" CONTENT="CHRONIQUE" WC="1.00" CC="050010310"/>
						<SP ID="P60_SP00002" HPOS="1640" VPOS="548" WIDTH="31"/>
						<String ID="P60_ST00003" HPOS="1671" VPOS="494" WIDTH="324" HEIGHT="43" CONTENT="MUSICALE" WC="0.99" CC="00053200"/>
					</TextLine>
				</TextBlock>
				<TextBlock ID="P60_TB00002" HPOS="679" VPOS="502" WIDTH="59" HEIGHT="58" STYLEREFS="TXT_1 PAR_LEFT">
					<TextLine ID="P60_TL00002" HPOS="679" VPOS="502" WIDTH="59" HEIGHT="58">
						<String ID="P60_ST00004" HPOS="679" VPOS="502" WIDTH="59" HEIGHT="58" CONTENT="48" WC="1.00" CC="00"/>
					</TextLine>
				</TextBlock>
			</TopMargin>
			<LeftMargin ID="P60_LM00001" HPOS="0" VPOS="563" WIDTH="672" HEIGHT="3027"/>
			<RightMargin ID="P60_RM00001" HPOS="2442" VPOS="563" WIDTH="263" HEIGHT="3027"/>
			<BottomMargin ID="P60_BM00001" HPOS="0" VPOS="3590" WIDTH="2705" HEIGHT="718"/>
			<PrintSpace ID="P60_PS00001" HPOS="672" VPOS="563" WIDTH="1770" HEIGHT="3027">
				<TextBlock ID="P60_TB00003" HPOS="673" VPOS="657" WIDTH="1766" HEIGHT="424" STYLEREFS="TXT_2 PAR_LEFT">
					<TextLine ID="P60_TL00003" HPOS="683" VPOS="658" WIDTH="1756" HEIGHT="60">
						<String ID="P60_ST00005" HPOS="683" VPOS="668" WIDTH="191" HEIGHT="50" CONTENT="Théâtre," WC="0.98" CC="06375447"/>
						<SP ID="P60_SP00003" HPOS="874" VPOS="718" WIDTH="23"/>
						<String ID="P60_ST00006" HPOS="897" VPOS="668" WIDTH="62" HEIGHT="38" CONTENT="n'a" WC="0.95" CC="335"/>
						<SP ID="P60_SP00004" HPOS="959" VPOS="718" WIDTH="20"/>
						<String ID="P60_ST00007" HPOS="979" VPOS="680" WIDTH="71" HEIGHT="37" CONTENT="pas" WC="0.96" CC="460"/>
						<SP ID="P60_SP00005" HPOS="1050" VPOS="718" WIDTH="21"/>
						<String ID="P60_ST00008" HPOS="1071" VPOS="666" WIDTH="128" HEIGHT="38" CONTENT="hésité" WC="0.98" CC="550255"/>
						<SP ID="P60_SP00006" HPOS="1199" VPOS="718" WIDTH="28"/>
						<String ID="P60_ST00009" HPOS="1227" VPOS="664" WIDTH="22" HEIGHT="39" CONTENT="à" WC="0.64" CC="3"/>
						<SP ID="P60_SP00007" HPOS="1249" VPOS="718" WIDTH="21"/>
						<String ID="P60_ST00010" HPOS="1270" VPOS="671" WIDTH="174" HEIGHT="41" CONTENT="monter," WC="0.99" CC="0307203"/>
						<SP ID="P60_SP00008" HPOS="1444" VPOS="718" WIDTH="25"/>
						<String ID="P60_ST00011" HPOS="1469" VPOS="670" WIDTH="121" HEIGHT="31" CONTENT="avant" WC="1.00" CC="00003"/>
						<SP ID="P60_SP00009" HPOS="1590" VPOS="718" WIDTH="28"/>
						<String ID="P60_ST00012" HPOS="1618" VPOS="663" WIDTH="39" HEIGHT="37" CONTENT="la" WC="0.98" CC="00"/>
						<SP ID="P60_SP00010" HPOS="1657" VPOS="718" WIDTH="22"/>
						<String ID="P60_ST00013" HPOS="1679" VPOS="661" WIDTH="58" HEIGHT="39" CONTENT="fin" WC="0.96" CC="009"/>
						<SP ID="P60_SP00011" HPOS="1737" VPOS="718" WIDTH="22"/>
						<String ID="P60_ST00014" HPOS="1759" VPOS="662" WIDTH="48" HEIGHT="38" CONTENT="de" WC="0.87" CC="02"/>
						<SP ID="P60_SP00012" HPOS="1807" VPOS="718" WIDTH="27"/>
						<String ID="P60_ST00015" HPOS="1834" VPOS="661" WIDTH="39" HEIGHT="38" CONTENT="la" WC="1.00" CC="00"/>
						<SP ID="P60_SP00013" HPOS="1873" VPOS="718" WIDTH="22"/>
						<String ID="P60_ST00016" HPOS="1895" VPOS="661" WIDTH="138" HEIGHT="39" CONTENT="saison" WC="1.00" CC="005000"/>
						<SP ID="P60_SP00014" HPOS="2033" VPOS="718" WIDTH="29"/>
						<String ID="P60_ST00017" HPOS="2062" VPOS="658" WIDTH="198" HEIGHT="41" CONTENT="théâtrale" WC="1.00" CC="000255000"/>
						<SP ID="P60_SP00015" HPOS="2260" VPOS="718" WIDTH="23"/>
						<String ID="P60_ST00018" HPOS="2283" VPOS="671" WIDTH="39" HEIGHT="30" CONTENT="et" WC="0.98" CC="00"/>
						<SP ID="P60_SP00016" HPOS="2322" VPOS="718" WIDTH="18"/>
						<String ID="P60_ST00019" HPOS="2340" VPOS="677" WIDTH="99" HEIGHT="37" CONTENT="pour" WC="0.99" CC="1020"/>
					</TextLine>
					<TextLine ID="P60_TL00004" HPOS="679" VPOS="722" WIDTH="1759" HEIGHT="56">
						<String ID="P60_ST00020" HPOS="679" VPOS="729" WIDTH="38" HEIGHT="38" CONTENT="la" WC="0.76" CC="40"/>
						<SP ID="P60_SP00017" HPOS="717" VPOS="767" WIDTH="30"/>
						<String ID="P60_ST00021" HPOS="747" VPOS="730" WIDTH="109" HEIGHT="37" CONTENT="clore" WC="0.98" CC="40022"/>
						<SP ID="P60_SP00018" HPOS="856" VPOS="767" WIDTH="29"/>
						<String ID="P60_ST00022" HPOS="885" VPOS="729" WIDTH="251" HEIGHT="49" CONTENT="dignement," WC="1.00" CC="0070000041"/>
						<SP ID="P60_SP00019" HPOS="1136" VPOS="778" WIDTH="25"/>
						<String ID="P60_ST00023" HPOS="1161" VPOS="734" WIDTH="104" HEIGHT="30" CONTENT="cette" WC="0.97" CC="58042"/>
						<SP ID="P60_SP00020" HPOS="1265" VPOS="778" WIDTH="26"/>
						<String ID="P60_ST00024" HPOS="1291" VPOS="737" WIDTH="141" HEIGHT="27" CONTENT="œuvre" WC="0.98" CC="06045"/>
						<SP ID="P60_SP00021" HPOS="1432" VPOS="778" WIDTH="21"/>
						<String ID="P60_ST00025" HPOS="1453" VPOS="726" WIDTH="86" HEIGHT="48" CONTENT="qui," WC="0.98" CC="3044"/>
						<SP ID="P60_SP00022" HPOS="1539" VPOS="778" WIDTH="22"/>
						<String ID="P60_ST00026" HPOS="1561" VPOS="724" WIDTH="158" HEIGHT="50" CONTENT="d'après" WC="0.99" CC="0400450"/>
						<SP ID="P60_SP00023" HPOS="1719" VPOS="778" WIDTH="23"/>
						<String ID="P60_ST00027" HPOS="1742" VPOS="736" WIDTH="43" HEIGHT="27" CONTENT="ce" WC="0.72" CC="50"/>
						<SP ID="P60_SP00024" HPOS="1785" VPOS="778" WIDTH="21"/>
						<String ID="P60_ST00028" HPOS="1806" VPOS="735" WIDTH="80" HEIGHT="39" CONTENT="que" WC="0.97" CC="204"/>
						<SP ID="P60_SP00025" HPOS="1886" VPOS="778" WIDTH="22"/>
						<String ID="P60_ST00029" HPOS="1908" VPOS="723" WIDTH="84" HEIGHT="39" CONTENT="l'on" WC="0.97" CC="1443"/>
						<SP ID="P60_SP00026" HPOS="1992" VPOS="778" WIDTH="19"/>
						<String ID="P60_ST00030" HPOS="2011" VPOS="722" WIDTH="169" HEIGHT="50" CONTENT="affirme," WC="0.99" CC="00003044"/>
						<SP ID="P60_SP00027" HPOS="2180" VPOS="778" WIDTH="24"/>
						<String ID="P60_ST00031" HPOS="2204" VPOS="731" WIDTH="61" HEIGHT="30" CONTENT="est" WC="0.99" CC="002"/>
						<SP ID="P60_SP00028" HPOS="2265" VPOS="778" WIDTH="16"/>
						<String ID="P60_ST00032" HPOS="2281" VPOS="727" WIDTH="157" HEIGHT="47" CONTENT="appelée" WC="0.98" CC="0004673"/>
					</TextLine>
					<TextLine ID="P60_TL00005" HPOS="681" VPOS="787" WIDTH="737" HEIGHT="50">
						<String ID="P60_ST00033" HPOS="681" VPOS="793" WIDTH="21" HEIGHT="35" CONTENT="à" WC="1.00" CC="0"/>
						<SP ID="P60_SP00029" HPOS="702" VPOS="828" WIDTH="18"/>
						<String ID="P60_ST00034" HPOS="720" VPOS="790" WIDTH="113" HEIGHT="38" CONTENT="avoir" WC="0.99" CC="00013"/>
						<SP ID="P60_SP00030" HPOS="833" VPOS="828" WIDTH="20"/>
						<String ID="P60_ST00035" HPOS="853" VPOS="802" WIDTH="57" HEIGHT="24" CONTENT="un" WC="1.00" CC="00"/>
						<SP ID="P60_SP00031" HPOS="910" VPOS="828" WIDTH="17"/>
						<String ID="P60_ST00036" HPOS="927" VPOS="789" WIDTH="126" HEIGHT="48" CONTENT="grand" WC="0.97" CC="72660"/>
						<SP ID="P60_SP00032" HPOS="1053" VPOS="837" WIDTH="19"/>
						<String ID="P60_ST00037" HPOS="1072" VPOS="787" WIDTH="346" HEIGHT="40" CONTENT="retentissement." WC="1.00" CC="006604000003093"/>
					</TextLine>
					<TextLine ID="P60_TL00006" HPOS="729" VPOS="914" WIDTH="1710" HEIGHT="51">
						<String ID="P60_ST00038" HPOS="729" VPOS="921" WIDTH="233" HEIGHT="36" CONTENT="BORDEAUX." WC="1.00" CC="000400100" STYLEREFS="TXT_3"/>
						<SP ID="P60_SP00033" HPOS="962" VPOS="957" WIDTH="93"/>
						<String ID="P60_ST00039" HPOS="1055" VPOS="917" WIDTH="57" HEIGHT="38" CONTENT="Le" WC="1.00" CC="00" STYLEREFS="TXT_4"/>
						<SP ID="P60_SP00034" HPOS="1112" VPOS="957" WIDTH="31"/>
						<String ID="P60_ST00040" HPOS="1143" VPOS="915" WIDTH="211" HEIGHT="40" CONTENT="Florentin" WC="0.99" CC="100500600" STYLEREFS="TXT_4"/>
						<String ID="P60_ST00041" HPOS="1362" VPOS="946" WIDTH="8" HEIGHT="19" CONTENT="," WC="0.55" CC="4"/>
						<SP ID="P60_SP00035" HPOS="1370" VPOS="965" WIDTH="27"/>
						<String ID="P60_ST00042" HPOS="1397" VPOS="917" WIDTH="49" HEIGHT="37" CONTENT="de" WC="1.00" CC="00"/>
						<SP ID="P60_SP00036" HPOS="1446" VPOS="965" WIDTH="29"/>
						<String ID="P60_ST00043" HPOS="1475" VPOS="916" WIDTH="57" HEIGHT="39" CONTENT="M." WC="0.78" CC="04"/>
						<SP ID="P60_SP00037" HPOS="1532" VPOS="965" WIDTH="28"/>
						<String ID="P60_ST00044" HPOS="1560" VPOS="917" WIDTH="233" HEIGHT="47" CONTENT="Lenepveu," WC="0.75" CC="420300604"/>
						<SP ID="P60_SP00038" HPOS="1793" VPOS="965" WIDTH="25"/>
						<String ID="P60_ST00045" HPOS="1818" VPOS="922" WIDTH="113" HEIGHT="31" CONTENT="vient" WC="0.99" CC="05400"/>
						<SP ID="P60_SP00039" HPOS="1931" VPOS="965" WIDTH="21"/>
						<String ID="P60_ST00046" HPOS="1952" VPOS="914" WIDTH="126" HEIGHT="38" CONTENT="d'être" WC="0.98" CC="047145"/>
						<SP ID="P60_SP00040" HPOS="2078" VPOS="965" WIDTH="27"/>
						<String ID="P60_ST00047" HPOS="2105" VPOS="914" WIDTH="139" HEIGHT="38" CONTENT="donné" WC="1.00" CC="00000"/>
						<SP ID="P60_SP00041" HPOS="2244" VPOS="965" WIDTH="28"/>
						<String ID="P60_ST00048" HPOS="2272" VPOS="927" WIDTH="94" HEIGHT="27" CONTENT="avec" WC="0.98" CC="0053"/>
						<SP ID="P60_SP00042" HPOS="2366" VPOS="965" WIDTH="20"/>
						<String ID="P60_ST00049" HPOS="2386" VPOS="931" WIDTH="53" HEIGHT="26" CONTENT="un" WC="0.20" CC="87"/>
					</TextLine>
					<TextLine ID="P60_TL00007" HPOS="677" VPOS="976" WIDTH="1762" HEIGHT="54">
						<String ID="P60_ST00050" HPOS="677" VPOS="983" WIDTH="138" HEIGHT="36" CONTENT="succès" WC="0.99" CC="004540"/>
						<SP ID="P60_SP00043" HPOS="815" VPOS="1019" WIDTH="20"/>
						<String ID="P60_ST00051" HPOS="835" VPOS="979" WIDTH="179" HEIGHT="51" CONTENT="complet" WC="0.99" CC="3400005"/>
						<SP ID="P60_SP00044" HPOS="1014" VPOS="1030" WIDTH="18"/>
						<String ID="P60_ST00052" HPOS="1032" VPOS="992" WIDTH="52" HEIGHT="25" CONTENT="au" WC="0.70" CC="05"/>
						<SP ID="P60_SP00045" HPOS="1084" VPOS="1030" WIDTH="23"/>
						<String ID="P60_ST00053" HPOS="1107" VPOS="979" WIDTH="140" HEIGHT="37" CONTENT="Grand" WC="0.98" CC="64000"/>
						<SP ID="P60_SP00046" HPOS="1247" VPOS="1030" WIDTH="23"/>
						<String ID="P60_ST00054" HPOS="1270" VPOS="977" WIDTH="178" HEIGHT="39" CONTENT="Théâtre" WC="0.99" CC="4002430"/>
						<SP ID="P60_SP00047" HPOS="1448" VPOS="1030" WIDTH="22"/>
						<String ID="P60_ST00055" HPOS="1470" VPOS="978" WIDTH="50" HEIGHT="38" CONTENT="de" WC="0.81" CC="03"/>
						<SP ID="P60_SP00048" HPOS="1520" VPOS="1030" WIDTH="29"/>
						<String ID="P60_ST00056" HPOS="1549" VPOS="978" WIDTH="231" HEIGHT="37" CONTENT="Bordeaux." WC="0.99" CC="045050001"/>
						<SP ID="P60_SP00049" HPOS="1780" VPOS="1030" WIDTH="28"/>
						<String ID="P60_ST00057" HPOS="1808" VPOS="978" WIDTH="195" HEIGHT="36" CONTENT="L'auteur" WC="0.99" CC="23400504"/>
						<SP ID="P60_SP00050" HPOS="2003" VPOS="1030" WIDTH="19"/>
						<String ID="P60_ST00058" HPOS="2022" VPOS="988" WIDTH="21" HEIGHT="25" CONTENT="a" WC="1.00" CC="0"/>
						<SP ID="P60_SP00051" HPOS="2043" VPOS="1030" WIDTH="26"/>
						<String ID="P60_ST00059" HPOS="2069" VPOS="976" WIDTH="63" HEIGHT="38" CONTENT="été" WC="0.98" CC="040"/>
						<SP ID="P60_SP00052" HPOS="2132" VPOS="1030" WIDTH="23"/>
						<String ID="P60_ST00060" HPOS="2155" VPOS="976" WIDTH="163" HEIGHT="50" CONTENT="rappelé" WC="1.00" CC="0000000"/>
						<SP ID="P60_SP00053" HPOS="2318" VPOS="1030" WIDTH="22"/>
						<String ID="P60_ST00061" HPOS="2340" VPOS="978" WIDTH="99" HEIGHT="41" CONTENT="deux" WC="0.99" CC="0401"/>
					</TextLine>
					<TextLine ID="P60_TL00008" HPOS="675" VPOS="1042" WIDTH="91" HEIGHT="39">
						<String ID="P60_ST00062" HPOS="675" VPOS="1042" WIDTH="91" HEIGHT="39" CONTENT="fois." WC="0.99" CC="10104"/>
					</TextLine>
				</TextBlock>
				<TextBlock ID="P60_TB00004" HPOS="672" VPOS="1287" WIDTH="1770" HEIGHT="468" STYLEREFS="TXT_5 PAR_BLOCK">
					<TextLine ID="P60_TL00009" HPOS="737" VPOS="1287" WIDTH="1702" HEIGHT="61">
						<String ID="P60_ST00063" HPOS="737" VPOS="1292" WIDTH="139" HEIGHT="49" CONTENT="Nous" WC="0.98" CC="0631"/>
						<SP ID="P60_SP00054" HPOS="876" VPOS="1341" WIDTH="22"/>
						<String ID="P60_ST00064" HPOS="898" VPOS="1299" WIDTH="258" HEIGHT="40" CONTENT="remettons" WC="0.99" CC="140701060"/>
						<SP ID="P60_SP00055" HPOS="1156" VPOS="1341" WIDTH="31"/>
						<String ID="P60_ST00065" HPOS="1187" VPOS="1306" WIDTH="61" HEIGHT="31" CONTENT="au" WC="0.82" CC="30"/>
						<SP ID="P60_SP00056" HPOS="1248" VPOS="1341" WIDTH="33"/>
						<String ID="P60_ST00066" HPOS="1281" VPOS="1292" WIDTH="199" HEIGHT="44" CONTENT="numéro" WC="0.98" CC="334550"/>
						<SP ID="P60_SP00057" HPOS="1480" VPOS="1341" WIDTH="31"/>
						<String ID="P60_ST00067" HPOS="1511" VPOS="1288" WIDTH="65" HEIGHT="46" CONTENT="du" WC="0.92" CC="01"/>
						<SP ID="P60_SP00058" HPOS="1576" VPOS="1341" WIDTH="28"/>
						<String ID="P60_ST00068" HPOS="1604" VPOS="1304" WIDTH="24" HEIGHT="30" CONTENT="lerI" WC="0.93" CC="0000" STYLEREFS="TXT_3"/>
						<String ID="P60_ST00069" HPOS="1638" VPOS="1293" WIDTH="29" HEIGHT="15" CONTENT="er" STYLE="superscript" WC="0.51" CC="26" STYLEREFS="TXT_6"/>
						<SP ID="P60_SP00059" HPOS="1667" VPOS="1341" WIDTH="14"/>
						<String ID="P60_ST00070" HPOS="1681" VPOS="1287" WIDTH="169" HEIGHT="61" CONTENT="juillet" WC="1.00" CC="0000000"/>
						<SP ID="P60_SP00060" HPOS="1850" VPOS="1348" WIDTH="22"/>
						<String ID="P60_ST00071" HPOS="1872" VPOS="1287" WIDTH="244" HEIGHT="61" CONTENT="prochain" WC="0.99" CC="70030404"/>
						<SP ID="P60_SP00061" HPOS="2116" VPOS="1348" WIDTH="34"/>
						<String ID="P60_ST00072" HPOS="2150" VPOS="1303" WIDTH="59" HEIGHT="30" CONTENT="LA" WC="0.45" CC="37" STYLEREFS="TXT_7"/>
						<SP ID="P60_SP00062" HPOS="2209" VPOS="1348" WIDTH="22"/>
						<String ID="P60_ST00073" HPOS="2231" VPOS="1303" WIDTH="179" HEIGHT="34" CONTENT="CHRONO" SUBS_TYPE="HypPart1" SUBS_CONTENT="CHRONOLOGIE," WC="0.98" CC="560050" STYLEREFS="TXT_7"/>
						<HYP HPOS="2410" VPOS="1303" WIDTH="29" CONTENT="-"/>
					</TextLine>
					<TextLine ID="P60_TL00010" HPOS="677" VPOS="1366" WIDTH="1765" HEIGHT="68">
						<String ID="P60_ST00074" HPOS="677" VPOS="1390" WIDTH="152" HEIGHT="41" CONTENT="LOGIE," SUBS_TYPE="HypPart2" SUBS_CONTENT="CHRONOLOGIE," WC="0.99" CC="000234" STYLEREFS="TXT_7"/>
						<SP ID="P60_SP00063" HPOS="829" VPOS="1431" WIDTH="35"/>
						<String ID="P60_ST00075" HPOS="864" VPOS="1373" WIDTH="83" HEIGHT="61" CONTENT="qui" WC="0.98" CC="400"/>
						<SP ID="P60_SP00064" HPOS="947" VPOS="1434" WIDTH="19"/>
						<String ID="P60_ST00076" HPOS="966" VPOS="1371" WIDTH="243" HEIGHT="63" CONTENT="jusqiCici" WC="0.75" CC="060059000"/>
						<SP ID="P60_SP00065" HPOS="1209" VPOS="1434" WIDTH="24"/>
						<String ID="P60_ST00077" HPOS="1233" VPOS="1368" WIDTH="278" HEIGHT="63" CONTENT="paraissait" WC="0.99" CC="6704000801"/>
						<SP ID="P60_SP00066" HPOS="1511" VPOS="1434" WIDTH="32"/>
						<String ID="P60_ST00078" HPOS="1543" VPOS="1375" WIDTH="107" HEIGHT="39" CONTENT="tous" WC="0.97" CC="3660"/>
						<SP ID="P60_SP00067" HPOS="1650" VPOS="1434" WIDTH="32"/>
						<String ID="P60_ST00079" HPOS="1682" VPOS="1366" WIDTH="67" HEIGHT="46" CONTENT="les" WC="0.99" CC="100"/>
						<SP ID="P60_SP00068" HPOS="1749" VPOS="1434" WIDTH="29"/>
						<String ID="P60_ST00080" HPOS="1778" VPOS="1367" WIDTH="138" HEIGHT="45" CONTENT="mois." WC="0.98" CC="55004"/>
						<SP ID="P60_SP00069" HPOS="1916" VPOS="1434" WIDTH="38"/>
						<String ID="P60_ST00081" HPOS="1954" VPOS="1367" WIDTH="342" HEIGHT="62" CONTENT="L'expérience" WC="0.79" CC="080605000500"/>
						<SP ID="P60_SP00070" HPOS="2296" VPOS="1434" WIDTH="33"/>
						<String ID="P60_ST00082" HPOS="2329" VPOS="1385" WIDTH="113" HEIGHT="33" CONTENT="nous" WC="0.96" CC="6505"/>
					</TextLine>
					<TextLine ID="P60_TL00011" HPOS="676" VPOS="1449" WIDTH="1766" HEIGHT="66">
						<String ID="P60_ST00083" HPOS="676" VPOS="1460" WIDTH="152" HEIGHT="55" CONTENT="ayant" WC="0.97" CC="57360"/>
						<SP ID="P60_SP00071" HPOS="828" VPOS="1515" WIDTH="23"/>
						<String ID="P60_ST00084" HPOS="851" VPOS="1452" WIDTH="166" HEIGHT="61" CONTENT="appris" WC="0.99" CC="008000"/>
						<SP ID="P60_SP00072" HPOS="1017" VPOS="1515" WIDTH="22"/>
						<String ID="P60_ST00085" HPOS="1039" VPOS="1466" WIDTH="86" HEIGHT="47" CONTENT="que" WC="0.97" CC="800"/>
						<SP ID="P60_SP00073" HPOS="1125" VPOS="1515" WIDTH="40"/>
						<String ID="P60_ST00086" HPOS="1165" VPOS="1450" WIDTH="48" HEIGHT="46" CONTENT="la" WC="1.00" CC="00"/>
						<SP ID="P60_SP00074" HPOS="1213" VPOS="1515" WIDTH="15"/>
						<String ID="P60_ST00087" HPOS="1228" VPOS="1449" WIDTH="309" HEIGHT="62" CONTENT="publication" WC="1.00" CC="93000000000"/>
						<SP ID="P60_SP00075" HPOS="1537" VPOS="1515" WIDTH="25"/>
						<String ID="P60_ST00088" HPOS="1562" VPOS="1455" WIDTH="109" HEIGHT="55" CONTENT="trop" WC="0.98" CC="1007"/>
						<SP ID="P60_SP00076" HPOS="1671" VPOS="1515" WIDTH="35"/>
						<String ID="P60_ST00089" HPOS="1706" VPOS="1454" WIDTH="193" HEIGHT="40" CONTENT="souvent" WC="0.99" CC="0353010"/>
						<SP ID="P60_SP00077" HPOS="1899" VPOS="1515" WIDTH="30"/>
						<String ID="P60_ST00090" HPOS="1929" VPOS="1449" WIDTH="184" HEIGHT="59" CONTENT="répétée" WC="1.00" CC="0003000"/>
						<SP ID="P60_SP00078" HPOS="2113" VPOS="1515" WIDTH="26"/>
						<String ID="P60_ST00091" HPOS="2139" VPOS="1449" WIDTH="59" HEIGHT="45" CONTENT="de" WC="1.00" CC="00"/>
						<SP ID="P60_SP00079" HPOS="2198" VPOS="1515" WIDTH="33"/>
						<String ID="P60_ST00092" HPOS="2231" VPOS="1463" WIDTH="50" HEIGHT="31" CONTENT="ce" WC="0.74" CC="50"/>
						<SP ID="P60_SP00080" HPOS="2281" VPOS="1515" WIDTH="21"/>
						<String ID="P60_ST00093" HPOS="2302" VPOS="1449" WIDTH="112" HEIGHT="47" CONTENT="docu" SUBS_TYPE="HypPart1" SUBS_CONTENT="document" WC="0.98" CC="0606"/>
						<HYP HPOS="2414" VPOS="1449" WIDTH="28" CONTENT="-"/>
					</TextLine>
					<TextLine ID="P60_TL00012" HPOS="675" VPOS="1527" WIDTH="1763" HEIGHT="66">
						<String ID="P60_ST00094" HPOS="675" VPOS="1541" WIDTH="126" HEIGHT="39" CONTENT="ment" SUBS_TYPE="HypPart2" SUBS_CONTENT="document" WC="0.99" CC="3001"/>
						<SP ID="P60_SP00081" HPOS="801" VPOS="1580" WIDTH="42"/>
						<String ID="P60_ST00095" HPOS="843" VPOS="1531" WIDTH="292" HEIGHT="62" CONTENT="multipliait" WC="1.00" CC="00010900000"/>
						<SP ID="P60_SP00082" HPOS="1135" VPOS="1593" WIDTH="36"/>
						<String ID="P60_ST00096" HPOS="1171" VPOS="1529" WIDTH="67" HEIGHT="47" CONTENT="les" WC="1.00" CC="000"/>
						<SP ID="P60_SP00083" HPOS="1238" VPOS="1593" WIDTH="35"/>
						<String ID="P60_ST00097" HPOS="1273" VPOS="1529" WIDTH="275" HEIGHT="47" CONTENT="recherches" WC="1.00" CC="0000000000"/>
						<SP ID="P60_SP00084" HPOS="1548" VPOS="1593" WIDTH="28"/>
						<String ID="P60_ST00098" HPOS="1576" VPOS="1544" WIDTH="61" HEIGHT="30" CONTENT="au" WC="0.96" CC="00"/>
						<SP ID="P60_SP00085" HPOS="1637" VPOS="1593" WIDTH="39"/>
						<String ID="P60_ST00099" HPOS="1676" VPOS="1528" WIDTH="96" HEIGHT="46" CONTENT="lieu" WC="0.99" CC="0004"/>
						<SP ID="P60_SP00086" HPOS="1772" VPOS="1593" WIDTH="43"/>
						<String ID="P60_ST00100" HPOS="1815" VPOS="1527" WIDTH="58" HEIGHT="47" CONTENT="de" WC="1.00" CC="00"/>
						<SP ID="P60_SP00087" HPOS="1873" VPOS="1593" WIDTH="29"/>
						<String ID="P60_ST00101" HPOS="1902" VPOS="1527" WIDTH="68" HEIGHT="46" CONTENT="les" WC="1.00" CC="000"/>
						<SP ID="P60_SP00088" HPOS="1970" VPOS="1593" WIDTH="30"/>
						<String ID="P60_ST00102" HPOS="2000" VPOS="1528" WIDTH="282" HEIGHT="64" CONTENT="simplifier," WC="1.00" CC="00200000004"/>
						<SP ID="P60_SP00089" HPOS="2282" VPOS="1593" WIDTH="42"/>
						<String ID="P60_ST00103" HPOS="2324" VPOS="1546" WIDTH="114" HEIGHT="32" CONTENT="nous" WC="0.99" CC="6000"/>
					</TextLine>
					<TextLine ID="P60_TL00013" HPOS="677" VPOS="1608" WIDTH="1764" HEIGHT="69">
						<String ID="P60_ST00104" HPOS="677" VPOS="1630" WIDTH="206" HEIGHT="47" CONTENT="croyons" WC="1.00" CC="0007000"/>
						<SP ID="P60_SP00090" HPOS="883" VPOS="1677" WIDTH="34"/>
						<String ID="P60_ST00105" HPOS="917" VPOS="1613" WIDTH="100" HEIGHT="46" CONTENT="être" WC="0.98" CC="7000"/>
						<SP ID="P60_SP00091" HPOS="1017" VPOS="1677" WIDTH="34"/>
						<String ID="P60_ST00106" HPOS="1051" VPOS="1611" WIDTH="120" HEIGHT="47" CONTENT="utile" WC="1.00" CC="20000"/>
						<SP ID="P60_SP00092" HPOS="1171" VPOS="1677" WIDTH="41"/>
						<String ID="P60_ST00107" HPOS="1212" VPOS="1611" WIDTH="28" HEIGHT="45" CONTENT="à" WC="1.00" CC="0"/>
						<SP ID="P60_SP00093" HPOS="1240" VPOS="1677" WIDTH="34"/>
						<String ID="P60_ST00108" HPOS="1274" VPOS="1626" WIDTH="86" HEIGHT="30" CONTENT="nos" WC="0.98" CC="400"/>
						<SP ID="P60_SP00094" HPOS="1360" VPOS="1677" WIDTH="35"/>
						<String ID="P60_ST00109" HPOS="1395" VPOS="1610" WIDTH="208" HEIGHT="46" CONTENT="lecteurs" WC="1.00" CC="00020000"/>
						<SP ID="P60_SP00095" HPOS="1603" VPOS="1677" WIDTH="38"/>
						<String ID="P60_ST00110" HPOS="1641" VPOS="1625" WIDTH="54" HEIGHT="29" CONTENT="en" WC="1.00" CC="00"/>
						<SP ID="P60_SP00096" HPOS="1695" VPOS="1677" WIDTH="39"/>
						<String ID="P60_ST00111" HPOS="1734" VPOS="1615" WIDTH="257" HEIGHT="56" CONTENT="reportant" WC="1.00" CC="000000031"/>
						<SP ID="P60_SP00097" HPOS="1991" VPOS="1677" WIDTH="39"/>
						<String ID="P60_ST00112" HPOS="2030" VPOS="1608" WIDTH="47" HEIGHT="46" CONTENT="la" WC="1.00" CC="00"/>
						<SP ID="P60_SP00098" HPOS="2077" VPOS="1677" WIDTH="33"/>
						<String ID="P60_ST00113" HPOS="2110" VPOS="1609" WIDTH="331" HEIGHT="49" CONTENT="CHRONOLOGIE" WC="0.99" CC="46105490041" STYLEREFS="TXT_7"/>
					</TextLine>
					<TextLine ID="P60_TL00014" HPOS="673" VPOS="1691" WIDTH="778" HEIGHT="64">
						<String ID="P60_ST00114" HPOS="673" VPOS="1696" WIDTH="28" HEIGHT="45" CONTENT="à" WC="1.00" CC="0"/>
						<SP ID="P60_SP00099" HPOS="701" VPOS="1741" WIDTH="29"/>
						<String ID="P60_ST00115" HPOS="730" VPOS="1694" WIDTH="47" HEIGHT="47" CONTENT="la" WC="1.00" CC="00"/>
						<SP ID="P60_SP00100" HPOS="777" VPOS="1741" WIDTH="36"/>
						<String ID="P60_ST00116" HPOS="813" VPOS="1694" WIDTH="63" HEIGHT="50" CONTENT="fin" WC="0.99" CC="002"/>
						<SP ID="P60_SP00101" HPOS="876" VPOS="1744" WIDTH="30"/>
						<String ID="P60_ST00117" HPOS="906" VPOS="1693" WIDTH="57" HEIGHT="47" CONTENT="de" WC="1.00" CC="00"/>
						<SP ID="P60_SP00102" HPOS="963" VPOS="1744" WIDTH="24"/>
						<String ID="P60_ST00118" HPOS="987" VPOS="1693" WIDTH="176" HEIGHT="62" CONTENT="chaque" WC="1.00" CC="000000"/>
						<SP ID="P60_SP00103" HPOS="1163" VPOS="1755" WIDTH="22"/>
						<String ID="P60_ST00119" HPOS="1185" VPOS="1691" WIDTH="266" HEIGHT="47" CONTENT="trimestre." WC="1.00" CC="0004002005"/>
					</TextLine>
				</TextBlock>
				<TextBlock ID="P60_TB00005" HPOS="1286" VPOS="1825" WIDTH="909" HEIGHT="259" STYLEREFS="TXT_8 PAR_LEFT">
					<TextLine ID="P60_TL00015" HPOS="1288" VPOS="1825" WIDTH="486" HEIGHT="41">
						<String ID="P60_ST00120" HPOS="1288" VPOS="1828" WIDTH="109" HEIGHT="37" CONTENT="Pour" WC="0.96" CC="1553" STYLEREFS="TXT_9"/>
						<SP ID="P60_SP00104" HPOS="1397" VPOS="1865" WIDTH="22"/>
						<String ID="P60_ST00121" HPOS="1419" VPOS="1825" WIDTH="167" HEIGHT="40" CONTENT="l'article" WC="0.99" CC="046201602" STYLEREFS="TXT_9"/>
						<SP ID="P60_SP00105" HPOS="1586" VPOS="1865" WIDTH="26"/>
						<String ID="P60_ST00122" HPOS="1612" VPOS="1826" WIDTH="127" HEIGHT="40" CONTENT="Varia" WC="0.98" CC="03406"/>
						<SP ID="P60_SP00106" HPOS="1739" VPOS="1866" WIDTH="23"/>
						<String ID="P60_ST00123" HPOS="1762" VPOS="1840" WIDTH="12" HEIGHT="24" CONTENT=":" WC="1.00" CC="0"/>
					</TextLine>
					<TextLine ID="P60_TL00016" HPOS="1360" VPOS="1937" WIDTH="699" HEIGHT="51">
						<String ID="P60_ST00124" HPOS="1360" VPOS="1938" WIDTH="58" HEIGHT="38" CONTENT="Le" WC="1.00" CC="00"/>
						<SP ID="P60_SP00107" HPOS="1418" VPOS="1976" WIDTH="20"/>
						<String ID="P60_ST00125" HPOS="1438" VPOS="1938" WIDTH="233" HEIGHT="39" CONTENT="Secrétaire" WC="0.99" CC="2426430064"/>
						<SP ID="P60_SP00108" HPOS="1671" VPOS="1977" WIDTH="20"/>
						<String ID="P60_ST00126" HPOS="1691" VPOS="1939" WIDTH="49" HEIGHT="37" CONTENT="de" WC="1.00" CC="00"/>
						<SP ID="P60_SP00109" HPOS="1740" VPOS="1977" WIDTH="22"/>
						<String ID="P60_ST00127" HPOS="1762" VPOS="1938" WIDTH="40" HEIGHT="38" CONTENT="la" WC="1.00" CC="00"/>
						<SP ID="P60_SP00110" HPOS="1802" VPOS="1977" WIDTH="17"/>
						<String ID="P60_ST00128" HPOS="1819" VPOS="1937" WIDTH="240" HEIGHT="51" CONTENT="Rédaction," WC="0.99" CC="0400020404"/>
					</TextLine>
					<TextLine ID="P60_TL00017" HPOS="1716" VPOS="2045" WIDTH="477" HEIGHT="38">
						<String ID="P60_ST00129" HPOS="1716" VPOS="2045" WIDTH="57" HEIGHT="37" CONTENT="O." WC="0.73" CC="31" STYLEREFS="TXT_9"/>
						<SP ID="P60_SP00111" HPOS="1773" VPOS="2082" WIDTH="41"/>
						<String ID="P60_ST00130" HPOS="1814" VPOS="2045" WIDTH="75" HEIGHT="37" CONTENT="LE" WC="0.84" CC="30" STYLEREFS="TXT_9"/>
						<SP ID="P60_SP00112" HPOS="1889" VPOS="2082" WIDTH="40"/>
						<String ID="P60_ST00131" HPOS="1929" VPOS="2045" WIDTH="264" HEIGHT="38" CONTENT="TRIOUX." WC="0.96" CC="0320224" STYLEREFS="TXT_9"/>
					</TextLine>
				</TextBlock>
				<TextBlock ID="P60_TB00006" HPOS="1153" VPOS="3385" WIDTH="1243" HEIGHT="50" STYLEREFS="TXT_4 PAR_RIGHT">
					<TextLine ID="P60_TL00018" HPOS="1154" VPOS="3385" WIDTH="1242" HEIGHT="49">
						<String ID="P60_ST00132" HPOS="1154" VPOS="3387" WIDTH="23" HEIGHT="33" CONTENT="2" WC="0.20" CC="7"/>
						<SP ID="P60_SP00113" HPOS="1177" VPOS="3420" WIDTH="14"/>
						<String ID="P60_ST00133" HPOS="1191" VPOS="3385" WIDTH="394" HEIGHT="47" CONTENT="ropriétaire-Gérant" WC="0.80" CC="967000000044020000"/>
						<SP ID="P60_SP00114" HPOS="1585" VPOS="3432" WIDTH="27"/>
						<String ID="P60_ST00134" HPOS="1612" VPOS="3400" WIDTH="11" HEIGHT="24" CONTENT=":" WC="0.62" CC="3"/>
						<SP ID="P60_SP00115" HPOS="1623" VPOS="3432" WIDTH="30"/>
						<String ID="P60_ST00135" HPOS="1653" VPOS="3390" WIDTH="55" HEIGHT="34" CONTENT="g4" WC="0.23" CC="86" STYLEREFS="TXT_6"/>
						<String ID="P60_ST00136" HPOS="1718" VPOS="3392" WIDTH="9" HEIGHT="19" CONTENT="c" STYLE="superscript" WC="0.30" CC="6"/>
						<String ID="P60_ST00137" HPOS="1728" VPOS="3392" WIDTH="174" HEIGHT="42" CONTENT="RJTHU" WC="0.48" CC="89700"/>
						<String ID="P60_ST00138" HPOS="1909" VPOS="3393" WIDTH="10" HEIGHT="18" CONTENT="c" STYLE="superscript" WC="0.29" CC="7"/>
						<String ID="P60_ST00139" HPOS="1920" VPOS="3393" WIDTH="33" HEIGHT="41" CONTENT="I{" WC="0.34" CC="57"/>
						<SP ID="P60_SP00116" HPOS="1953" VPOS="3434" WIDTH="45"/>
						<String ID="P60_ST00140" HPOS="1998" VPOS="3392" WIDTH="280" HEIGHT="34" CONTENT="HEULH&amp;i" WC="0.98" CC="0006687"/>
						<String ID="P60_ST00141" HPOS="2289" VPOS="3392" WIDTH="9" HEIGHT="16" CONTENT="c" STYLE="superscript" WC="0.31" CC="6"/>
						<String ID="P60_ST00142" HPOS="2299" VPOS="3392" WIDTH="35" HEIGHT="40" CONTENT="l\" WC="0.27" CC="77"/>
						<SP ID="P60_SP00117" HPOS="2334" VPOS="3434" WIDTH="17"/>
						<String ID="P60_ST00143" HPOS="2351" VPOS="3397" WIDTH="45" HEIGHT="30" CONTENT="u." WC="0.19" CC="87"/>
					</TextLine>
				</TextBlock>
				<TextBlock ID="P60_TB00007" HPOS="988" VPOS="3536" WIDTH="1151" HEIGHT="54" STYLEREFS="TXT_2 PAR_CENTER">
					<TextLine ID="P60_TL00019" HPOS="989" VPOS="3536" WIDTH="1150" HEIGHT="53">
						<String ID="P60_ST00144" HPOS="989" VPOS="3536" WIDTH="103" HEIGHT="35" CONTENT="Paris" WC="0.98" CC="06332"/>
						<SP ID="P60_SP00118" HPOS="1092" VPOS="3571" WIDTH="96"/>
						<String ID="P60_ST00145" HPOS="1188" VPOS="3540" WIDTH="235" HEIGHT="47" CONTENT="Imprimerie" WC="0.98" CC="7040654736"/>
						<SP ID="P60_SP00119" HPOS="1423" VPOS="3587" WIDTH="17"/>
						<String ID="P60_ST00146" HPOS="1440" VPOS="3542" WIDTH="249" HEIGHT="47" CONTENT="Alcan-Lévy," WC="0.39" CC="33548778772"/>
						<SP ID="P60_SP00120" HPOS="1689" VPOS="3589" WIDTH="22"/>
						<String ID="P60_ST00147" HPOS="1711" VPOS="3554" WIDTH="66" HEIGHT="24" CONTENT="rue" WC="0.96" CC="424"/>
						<SP ID="P60_SP00121" HPOS="1777" VPOS="3589" WIDTH="19"/>
						<String ID="P60_ST00148" HPOS="1796" VPOS="3545" WIDTH="46" HEIGHT="33" CONTENT="de" WC="0.40" CC="65"/>
						<SP ID="P60_SP00122" HPOS="1842" VPOS="3589" WIDTH="19"/>
						<String ID="P60_ST00149" HPOS="1861" VPOS="3544" WIDTH="199" HEIGHT="45" CONTENT="Latayette," WC="0.46" CC="2082775487"/>
						<SP ID="P60_SP00123" HPOS="2060" VPOS="3589" WIDTH="18"/>
						<String ID="P60_ST00150" HPOS="2078" VPOS="3543" WIDTH="61" HEIGHT="37" CONTENT="61»" WC="0.42" CC="655"/>
					</TextLine>
				</TextBlock>
				<ComposedBlock ID="P60_CB00001" HPOS="1033" VPOS="2186" WIDTH="1407" HEIGHT="1160" STYLEREFS="TXT_9 PAR_LEFT" TYPE="Illustration">
					<GraphicalElement ID="P60_CB00001_SUB" HPOS="1033" VPOS="2186" WIDTH="1407" HEIGHT="1160"/>
				</ComposedBlock>
			</PrintSpace>
		</Page>
	</Layout>
</alto>
