2705 4308
819 539 77 40 LA
928 537 260 44 GUERRE
1221 536 111 42 DES
1363 536 332 43 BOUFFONS

2111 558 28 43 9

379 688 89 41 blée,
485 698 138 22 aucuns
644 688 208 32 conseillers
873 687 44 33 de
938 687 31 33 la
991 686 75 34 dite
1086 697 100 33 cour,
1209 698 160 22 mesmes
1401 688 51 32 les
1475 688 82 44 plus
1579 688 138 43 jeunes,
1748 691 291 33 remonstrêrent
2067 703 72 33 que

376 757 119 26 toutes
517 761 57 22 ces
593 750 183 33 comédies
798 747 289 45 n'enseignoient
1110 759 70 33 que
1202 749 227 42 paillardises
1451 756 35 26 et
1505 750 202 43 adultères,
1732 757 35 26 et
1793 762 44 22 ne
1858 752 185 33 servoient
2065 765 71 32 que

376 813 144 33 eschole
541 812 43 32 de
605 809 185 34 débauche
811 809 19 33 à
851 809 31 32 la
900 809 165 43 jeunesse
1082 809 44 33 de
1147 814 79 28 tout
1247 821 83 22 sexe
1351 811 44 33 de
1416 811 33 33 la
1468 811 86 33 ville
1592 812 44 33 de
1670 812 112 34 Paris.
1804 813 45 33 Et
1868 813 20 33 à
1910 814 32 32 la
1956 814 126 39 vérité,
2107 816 32 32 le

376 873 156 34 desbord
553 884 24 31 y
598 871 107 34 estoit
728 871 97 32 assés
845 870 115 43 grand
992 880 85 23 sans
1108 871 67 32 tels
1197 872 245 43 précepteurs,
1463 873 304 44 principalement
1795 881 102 27 entre
1928 875 52 33 les
2013 877 126 33 dames

376 941 35 26 et
431 933 244 40 damoiselles,
699 932 194 43 lesquelles
915 930 221 35 sembloient
1157 932 102 33 avoir
1271 932 126 44 appris
1417 933 34 34 la
1474 934 161 33 manière
1651 936 63 32 des
1731 936 138 34 soldats
1884 938 44 32 de
1949 948 38 22 ce
2004 944 134 38 temps,

375 994 63 45 qui
457 995 79 32 font
558 994 131 43 parade
708 993 44 33 de
771 999 183 27 monstrer
969 994 97 32 leurs
1083 992 215 45 poictrinals
1318 995 108 33 dorés
1443 1001 34 27 et
1498 996 198 34 reluisants
1717 999 124 42 quand
1871 998 44 34 ils
1936 1006 89 27 vont
2051 999 88 35 faire

374 1058 97 33 leurs
495 1062 197 36 monstres;
722 1066 43 22 en
794 1061 79 27 tout
897 1056 43 32 de
965 1066 153 31 mesme,
1141 1056 87 33 elles
1254 1056 174 34 faisoient
1448 1064 184 27 monstres
1658 1058 44 33 de
1722 1060 98 32 leurs
1849 1060 111 43 seins,
1982 1067 35 26 et
2040 1061 80 44 poic-

374 1118 115 32 trines
510 1123 168 27 ouvertes
701 1122 36 28 et
757 1123 122 27 autres
902 1117 136 44 parties
1065 1118 213 43 pectorales,
1308 1118 65 44 qui
1402 1125 64 27 ont
1490 1130 51 22 un
1565 1121 189 42 perpétuel
1777 1129 262 35 mouvement,
2067 1134 72 33 que

372 1189 58 24 ces
456 1178 141 33 bonnes
619 1179 124 32 dames
770 1177 169 34 faisoient
965 1178 89 34 aller
1082 1190 64 32 par
1174 1190 149 33 compas
1350 1191 49 22 ou
1420 1191 146 23 mesure
1588 1192 141 23 comme
1748 1194 49 21 un
1820 1183 139 44 orloge,
1977 1195 48 22 ou
2046 1196 93 32 pour

374 1241 125 32 mieux
520 1240 89 42 dire,
630 1250 146 24 comme
795 1240 51 34 les
865 1239 165 35 soufflets
1046 1240 62 35 des
1124 1240 253 44 mareschaux,
1394 1242 160 46 lesquels
1575 1243 181 35 allument
1774 1244 32 34 le
1825 1244 59 35 feu
1909 1256 94 35 pour
2023 1247 116 35 servir

372 1302 20 34 à
412 1301 78 34 leur
507 1302 113 45 forge.

431 1421 60 42 Le
511 1420 99 42 trait
633 1421 160 42 n'est-il
815 1435 74 42 pas
913 1422 261 42 charmant?

430 1494 87 50 Qui
540 1494 104 41 sait?
670 1495 61 40 La
752 1495 212 55 politique
987 1497 74 53 (on
1085 1510 53 28 en
1160 1508 87 30 met
1267 1499 190 55 partout)
1482 1500 112 42 dicta
1611 1502 211 54 peut-être
1861 1503 41 40 la
1943 1513 196 32 sentence

372 1569 58 40 du
457 1569 259 42 Parlement.
746 1569 80 41 Les
855 1570 222 53 seigneurs
1114 1571 172 41 italiens
1323 1575 154 52 rangés
1517 1585 158 31 autour
1715 1576 51 40 de
1799 1576 40 41 la
1874 1577 264 43 reine-mère

372 1642 231 42 Catherine
642 1643 52 40 de
736 1642 181 42 Médicis
952 1643 320 43 envahissaient
1312 1656 138 31 toutes
1484 1647 59 41 les
1585 1648 176 55 charges
1802 1650 230 41 lucratives
2058 1667 7 26 :
2097 1651 41 42 la

372 1715 195 42 noblesse
589 1715 210 54 française
819 1717 59 40 les
901 1716 207 43 détestait.
1137 1717 36 42 Il
1194 1719 168 42 courait
1384 1734 74 27 sur
1498 1721 94 42 leur
1627 1733 167 45 compte
1818 1724 73 42 des
1913 1724 223 56 quatrains

370 1802 169 27 comme
560 1789 177 41 celui-ci
762 1802 10 30 :

584 1915 132 40 Qiiand
733 1924 58 24 ces
812 1915 157 44 bougres
983 1917 170 44 poltrons
1179 1927 42 24 en
1242 1918 148 36 France
1411 1924 82 30 sont
1511 1931 121 32 venus,

583 1976 52 33 Ils
656 1976 152 34 estoient
828 1977 155 43 élancés,
1007 1979 164 43 maigres
1194 1990 137 25 comme
1351 1982 215 44 sardaines;

584 2037 105 33 Mais
702 2048 75 33 par
798 2039 98 33 leurs
912 2050 93 33 gras
1030 2037 130 47 impôts
1179 2041 46 33 ils
1241 2047 83 29 sont
1341 2047 80 30 tous
1446 2044 156 35 devenus

582 2099 127 45 Enflés
725 2104 34 29 et
781 2100 77 34 bien
880 2101 144 44 refaits,
1047 2103 100 33 aussi
1166 2114 93 33 gros
1280 2116 66 33 que
1368 2106 176 34 balaines.

428 2236 80 41 Les
531 2235 144 42 Gelosi
691 2246 157 45 purent
871 2237 98 41 bien
993 2239 83 40 être
1098 2241 256 55 enveloppés
1376 2242 108 41 dans
1507 2243 40 41 la
1569 2246 290 54 proscription
1875 2260 237 29 commune
2127 2263 9 28 :

370 2309 39 41 la
433 2309 204 42 modicité
657 2310 52 40 de
731 2310 92 40 leur
844 2310 153 43 salaire
1019 2315 72 39 eût
1112 2314 59 40 dû
1192 2325 207 43 pourtant
1433 2316 60 41 les
1531 2316 116 43 laver
1684 2319 50 41 de
1774 2320 40 41 la
1855 2321 122 41 tache
2000 2321 114 55 origi-

370 2384 126 41 nelle.

427 2457 57 41 Ils
506 2471 52 27 en
581 2457 244 56 appelèrent
846 2458 283 44 directement
1156 2465 23 38 à
1200 2462 40 42 la
1263 2463 149 42 faveur
1447 2465 146 55 royale
1621 2467 76 54 qui
1730 2467 95 42 leur
1852 2469 186 42 concéda
2067 2470 71 41 des

368 2531 359 56 lettres-patentes
750 2547 53 26 en
827 2534 116 53 règle
962 2549 8 26 :
995 2535 138 42 c'était
1155 2550 62 27 un
1239 2537 208 42 véritable
1467 2540 124 41 échec
1613 2555 56 27 au
1691 2541 210 56 privilège
1922 2543 70 41 des
2020 2544 90 41 Con-

357 2607 160 54 frères
543 2606 55 41 de
628 2607 43 39 la
698 2607 189 41 Passion
908 2608 106 42 dont
1047 2608 59 42 les
1134 2610 284 43 descendants
1447 2614 280 55 exploitaient
1756 2617 112 40 alors
1897 2616 167 42 l'Hôtel
2087 2618 52 40 de

370 2679 275 54 Bourgogne.
700 2679 58 41 Le
808 2681 248 42 Parlement
1101 2697 44 26 se
1186 2684 136 54 piqua
1355 2686 404 58 d'amour-propre,
1802 2690 211 41 maintint
2058 2705 77 26 son

365 2748 110 39 arrêt
508 2758 38 29 et
574 2747 37 40 le
639 2747 164 42 motiva
830 2749 50 40 de
917 2763 201 28 nouveau
1140 2751 107 41 dans
1276 2752 58 41 les
1357 2764 155 31 termes
1535 2756 59 40 les
1622 2757 98 55 plus
1744 2758 178 43 sévères.
1950 2758 187 42 Comme

367 2821 40 40 la
428 2821 188 54 défense,
646 2822 13 39 1
677 2832 173 45 attaque
871 2823 117 41 vient
1009 2824 52 41 de
1082 2825 106 42 haut
1209 2827 104 43 lieu.
1341 2829 150 49 Quant
1513 2844 87 27 aux
1627 2831 234 54 Parisiens,
1881 2832 52 40 ils
1955 2846 43 26 se
2027 2833 86 40 tien-

367 2905 104 30 nent
492 2900 22 35 à
536 2895 143 41 l'écart
700 2895 50 41 de
770 2909 65 27 ces
859 2896 293 43 froissements
1173 2900 247 55 d'autorité,
1438 2912 60 44 et,
1517 2903 35 40 si
1576 2902 59 41 les
1663 2904 153 41 Gelosi
1835 2914 98 31 sont
1972 2905 164 53 obligés

367 2970 50 40 de
445 2984 188 41 repasser
660 2972 58 40 les
747 2981 145 31 monts
915 2985 93 28 vers
1030 2973 40 40 la
1094 2973 61 42 fin
1176 2974 51 41 de
1256 2977 127 54 1578,
1410 2976 51 41 ils
1503 2988 147 31 savent
1685 2977 129 55 qu'ils
1844 2990 246 43 rapportent
2113 2985 23 36 à

367 3044 40 40 la
435 3045 193 40 comédie
649 3045 207 41 italienne
889 3059 63 27 ses
973 3048 182 52 grandes
1179 3059 39 31 et
1235 3051 150 53 petites
1406 3050 141 43 lettres
1569 3052 52 40 de
1644 3052 349 45 naturalisation.

424 3121 67 40 En
521 3122 111 54 1584
653 3132 39 31 et
720 3125 127 54 1585,
873 3126 59 40 les
959 3126 255 55 Conjidenti
1234 3138 99 30 sont
1360 3132 23 36 à
1409 3127 140 42 Paris.

424 3194 68 40 En
522 3196 128 54 1588,
674 3207 120 32 autre
815 3208 171 47 troupe.

424 3268 68 41 En
526 3270 128 54 1600,
690 3271 60 42 les
783 3273 151 42 Gelosi
940 3307 9 21 ,
978 3275 197 55 toujours
1204 3290 100 27 sous
1333 3275 40 41 la
1404 3276 211 41 direction
1644 3277 50 41 de
1738 3276 223 42 Flaminio
1996 3277 139 53 Scala,

369 3353 248 32 retrouvent
633 3349 23 37 à
677 3345 167 43 l'Hôtel
877 3348 51 40 de
952 3348 263 56 Bourgogne
1237 3351 115 40 leurs
1376 3351 136 40 beaux
1533 3349 118 56 jours
1675 3352 58 41 du
1766 3351 367 54 Petit-Bourbon;

369 3414 51 39 ils
442 3415 209 44 alternent
673 3433 99 27 avec
790 3420 58 41 les
884 3423 248 41 comédiens
1168 3423 185 53 français
1375 3426 53 37 de
1460 3422 40 42 la
1541 3438 77 27 rue
1654 3425 274 41 Mauconseil
1970 3436 39 30 et
2044 3425 92 41 font

373 3490 83 40 bon
497 3493 180 54 ménage
698 3504 118 31 entre
844 3509 96 28 eux.
969 3497 56 42 Ils
1047 3511 42 28 se
1112 3507 289 45 transportent
1430 3503 23 37 à
1478 3498 125 55 Lyon
1627 3510 149 43 quatre
1797 3513 77 27 ans
1896 3499 98 56 plus
2010 3500 92 40 tard
2122 3514 10 26 :

370 3563 98 41 c'est
490 3565 37 40 là
549 3566 126 54 qu'ils
697 3569 176 55 perdent
894 3571 40 41 la
956 3572 99 55 plus
1077 3572 165 41 célèbre
1258 3572 51 41 de
1336 3572 114 41 leurs
1467 3573 191 55 actrices,
1681 3574 180 41 Isabella
1898 3572 234 54 Andreini,
