2705 4308
855 509 206 43 REVUE
1096 508 110 42 DES
1237 502 328 48 CONCERTS

2036 500 58 59 37

371 660 196 37 PREMIÈRE
588 669 155 30 PARTIE.
767 658 62 38 La
849 657 221 38 Naissance
1092 657 48 37 de
1155 657 40 37 la
1209 657 182 37 Femme.
1461 652 216 38 L'homme
1699 657 61 31 est
1781 649 185 38 endormi
1988 661 94 25 sous

321 728 58 38 les
408 728 173 48 palmes;
617 739 81 25 une
732 736 99 39 pure
852 725 172 37 lumière
1050 724 157 38 s'étend
1226 736 70 25 sur
1318 723 37 37 la
1376 722 198 48 création,
1599 727 40 31 et
1668 719 49 38 de
1745 717 38 39 la
1806 725 107 31 terre
1937 728 147 27 encore

318 795 185 38 fumante
527 794 193 38 s'élèvent
741 796 21 34 à
781 792 200 38 l'horizon
1002 791 49 39 de
1075 791 154 50 légères
1250 802 174 38 vapeurs
1445 788 218 52 qu'éclaire
1683 787 37 39 le
1743 786 129 39 soleil.
1892 785 114 38 Tout
2030 791 63 32 est

323 863 89 38 d'or
431 870 38 30 et
492 863 48 36 de
567 873 90 26 rose
680 861 100 36 dans
817 868 105 29 cette
951 859 178 38 solitude
1151 859 50 37 de
1221 859 197 49 parfums,
1440 860 54 35 où
1515 857 38 37 la
1572 864 160 39 nature,
1768 855 250 38 exubérante
2040 854 50 37 de

338 941 183 35 eunesse,
556 939 40 26 se
619 927 100 38 livre
737 931 22 34 à
782 935 93 30 tous
906 938 62 26 ses
997 926 191 50 caprices.
1216 926 75 36 Les
1315 925 146 37 herbes
1489 924 49 36 de
1560 923 37 38 la
1618 923 135 49 plaine
1776 921 201 39 ondulent
1999 932 95 26 sous

320 1008 80 26 une
422 997 105 36 tiède
548 995 121 48 brise,
695 1002 39 31 et
754 995 35 38 le
813 995 74 38 flot
908 995 48 37 de
978 994 36 37 la
1038 1005 88 26 mer
1146 995 115 36 vient
1283 1005 41 25 se
1344 993 131 37 briser
1498 990 264 38 lourdement
1784 1002 70 25 sur
1875 990 38 38 le
1939 989 148 49 rivage,

320 1063 137 39 tandis
478 1075 80 37 que
581 1064 69 37 des
674 1075 96 25 sons
793 1063 92 50 plus
906 1063 132 48 légers
1059 1069 136 30 errent
1216 1062 101 36 dans
1337 1061 59 37 les
1417 1059 145 39 voûtes
1583 1059 49 37 de
1653 1058 188 38 verdure.
1871 1059 55 36 Le
1948 1057 143 37 chœur

323 1132 211 37 murmuré
555 1144 72 37 par
649 1131 57 37 les
727 1132 97 37 voix
845 1131 54 37 du
921 1130 76 39 ciel
1017 1138 150 30 autour
1189 1131 55 36 du
1264 1129 61 38 roi
1348 1129 49 36 de
1416 1128 36 37 la
1484 1126 182 39 création
1687 1134 61 30 est
1769 1126 97 36 d'un
1889 1127 202 36 caractère

321 1198 248 51 mystérieux
601 1206 39 30 et
662 1198 216 39 charmant
894 1209 9 36 ;
930 1198 28 38 il
991 1211 41 25 se
1055 1197 224 50 développe
1306 1209 70 25 sur
1397 1208 57 25 un
1476 1195 100 49 long
1611 1193 136 38 dessin
1778 1195 222 48 persistant
2021 1191 70 37 des

322 1267 196 50 premiers
539 1266 176 49 violons,
745 1266 223 38 entremêlé
991 1266 49 37 de
1065 1266 200 50 quelques
1303 1264 168 38 accords
1499 1264 48 36 de
1574 1261 125 51 harpe
1720 1270 39 29 et
1779 1261 71 49 qui
1876 1261 100 36 rend
1997 1271 94 26 avec

321 1348 80 25 une
420 1347 89 25 rare
530 1335 226 49 perfection
779 1335 38 37 la
837 1335 175 37 sérénité
1035 1335 48 37 de
1100 1334 37 38 la
1160 1341 144 30 nature
1328 1341 39 30 et
1388 1333 38 37 le
1449 1331 128 38 calme
1600 1329 254 52 majestueux
1870 1329 48 37 de
1937 1329 37 36 la
1990 1327 80 38 soli-

321 1404 111 38 tude.
456 1403 66 37 Un
537 1403 168 49 prélude
726 1403 205 49 empreint
952 1404 121 36 d'une
1094 1402 271 49 voluptueuse
1387 1402 201 48 langueur
1609 1411 108 26 nous
1737 1408 187 27 annonce
1945 1396 126 49 l'appa-

321 1471 128 37 rition
472 1471 49 37 de
542 1470 35 37 la
601 1470 162 40 femme.
789 1463 84 46 Ève
894 1470 144 51 paraît,
1062 1470 38 37 la
1121 1468 117 52 grâce
1263 1477 59 30 est
1353 1470 102 36 dans
1485 1480 42 25 sa
1556 1466 232 49 démarche,
1818 1465 38 37 le
1889 1463 75 38 ciel
1988 1464 101 37 dans

320 1550 61 26 ses
403 1550 109 37 yeux
544 1545 40 30 et
611 1538 36 36 la
676 1538 157 48 dignité
856 1539 48 36 de
926 1538 174 38 l'amour
1137 1538 100 36 dans
1272 1545 93 29 tous
1389 1548 62 26 ses
1474 1542 307 41 mouvements;
1821 1532 157 49 timide,
2012 1531 77 37 elle

320 1606 182 38 s'avance
523 1616 89 26 vers
642 1605 146 47 Adam,
812 1605 103 37 dont
940 1605 37 38 le
1000 1605 144 49 regard
1165 1605 140 37 ébloui
1328 1605 165 37 s'arrête
1512 1615 97 27 avec
1630 1602 247 37 admiration
1896 1613 69 25 sur
1985 1607 104 31 cette

319 1673 106 38 belle
445 1672 198 48 créature,
661 1671 153 39 fraîche
836 1684 161 26 comme
1017 1673 176 37 l'aurore
1214 1680 40 30 et
1275 1671 234 51 rougissant
1526 1681 161 27 comme
1708 1669 91 39 elle.
1816 1668 57 37 La
1888 1666 201 51 première

322 1748 216 30 rencontre
558 1740 49 36 de
626 1738 197 40 l'homme
849 1747 39 31 et
907 1741 48 37 de
976 1740 39 38 la
1037 1739 150 39 femme
1208 1739 137 39 donne
1367 1739 84 37 lieu
1471 1741 21 35 à
1515 1751 56 25 un
1597 1738 97 48 duo,
1718 1739 56 35 où
1794 1736 81 36 l'on
1898 1742 91 30 sent
2010 1733 59 38 cir-

317 1807 114 39 culer
452 1807 70 38 des
543 1807 237 38 harmonies
814 1808 158 38 chastes
995 1816 40 30 et
1061 1808 222 49 profondes
1306 1816 40 30 et
1367 1807 95 38 d'où
1485 1806 28 38 il
1545 1818 41 26 se
1616 1805 151 51 dégage
1788 1816 72 38 par
1881 1809 207 31 moments

315 1877 69 36 des
405 1874 181 39 bouffées
608 1875 203 38 d'accents
833 1884 40 29 et
897 1876 209 37 d'accords
1127 1876 121 37 d'une
1277 1875 158 38 suavité
1471 1874 254 51 pénétrante.
1757 1872 66 38 On
1856 1882 50 27 ne
1934 1870 151 38 saurait

317 1943 86 38 rien
423 1943 198 50 imaginer
643 1944 49 37 de
711 1945 92 48 plus
824 1944 96 37 frais
943 1952 40 29 et
1005 1944 49 37 de
1075 1944 92 50 plus
1193 1943 193 50 gracieux
1408 1955 79 38 que
1509 1955 44 25 ce
1575 1942 163 37 tableau
1759 1941 55 37 du
1835 1939 129 38 matin
1983 1939 48 37 de
2048 1938 38 37 la

316 2013 75 47 vie,
409 2013 109 50 plein
534 2013 49 37 de
601 2014 142 49 pureté
761 2020 39 31 et
817 2013 193 49 d'images
1026 2013 150 38 riantes
1193 2024 160 26 comme
1369 2012 36 37 le
1421 2011 129 38 matin
1567 2011 94 38 d'un
1675 2009 91 51 jour
1781 2009 49 37 de
1845 2008 240 51 printemps.

316 2080 166 37 Autour
509 2080 49 37 de
593 2092 66 25 ces
694 2081 104 36 deux
834 2081 105 37 êtres
971 2080 171 39 radieux
1169 2081 48 37 de
1246 2080 241 51 perfection,
1523 2080 37 37 la
1597 2078 182 39 création
1813 2084 61 31 est
1906 2088 52 25 en
1991 2075 94 40 fête.

320 2147 68 38 Un
410 2148 97 49 long
527 2147 303 38 frémissement
853 2148 144 38 s'élève
1015 2161 71 36 par
1113 2148 59 38 les
1194 2157 139 29 monts
1361 2156 38 29 et
1433 2160 72 38 par
1537 2146 60 39 les
1626 2146 157 51 plaines
1812 2153 39 30 et
1872 2152 135 30 toutes
2030 2143 58 37 les

316 2214 96 38 voix
433 2215 49 37 de
504 2215 37 37 la
562 2223 144 30 nature
729 2216 222 37 s'unissent
972 2228 104 37 pour
1099 2216 132 37 saluer
1253 2216 36 37 le
1306 2216 176 50 premier
1498 2214 158 39 sourire
1678 2206 140 44 d'Ève.
1845 2213 58 36 Ce
1922 2211 159 47 chœur,

314 2282 70 50 qui
405 2282 173 38 termine
600 2283 38 37 la
658 2282 203 51 première
895 2283 144 51 partie,
1075 2295 43 26 se
1153 2295 193 38 compose
1380 2284 50 36 de
1463 2284 109 36 deux
1601 2281 185 51 épisodes
1812 2291 7 26 :
1844 2280 38 37 le
1908 2278 180 51 premier

313 2349 146 38 chanté
480 2353 21 34 à
521 2350 204 38 l'unisson
746 2363 72 36 par
839 2350 58 38 les
915 2350 95 38 voix
1029 2351 48 37 de
1097 2351 191 48 femmes,
1311 2350 37 38 le
1371 2350 152 37 second
1542 2350 121 36 d'une
1682 2348 127 38 allure
1825 2347 92 50 plus
1938 2346 124 49 vigou-

315 2428 129 38 reuse,
468 2418 99 37 dans
590 2417 135 50 lequel
755 2418 60 38 les
845 2419 140 37 ténors
1014 2426 40 30 et
1080 2419 56 37 les
1160 2419 138 37 basses
1329 2418 207 38 alternent
1569 2429 97 26 avec
1685 2416 58 37 les
1762 2414 165 51 soprani
1941 2425 9 37 ;
1975 2412 113 39 enfin

312 2497 79 25 une
412 2484 192 39 brillante
626 2486 240 50 péroraison
886 2489 166 35 ramène
1080 2487 40 37 la
1142 2487 153 49 reprise
1318 2486 54 37 du
1394 2485 178 51 premier
1611 2482 125 40 motif
1762 2496 72 38 par
1868 2489 137 32 toutes
2027 2482 61 37 les

309 2552 94 38 voix
419 2552 21 38 à
454 2553 214 39 l'unisson.
692 2555 56 36 La
763 2554 204 38 franchise
988 2562 40 30 et
1047 2555 219 49 l'élégance
1285 2555 49 37 de
1349 2562 104 30 cette
1473 2554 192 47 mélodie,
1685 2552 72 50 qui
1774 2552 155 38 semble
1945 2551 142 50 planer

309 2621 252 49 légèrement
582 2623 217 37 au-dessus
822 2623 96 37 d'un
943 2630 392 43 accompagnement
1367 2622 111 50 plein
1500 2622 49 38 de
1579 2621 161 37 fluidité
1764 2627 40 31 et
1822 2620 49 37 de
1893 2618 191 48 lumière,

309 2698 74 29 ont
404 2690 168 50 produit
592 2703 57 25 un
670 2691 128 50 grand
818 2692 108 48 effet,
945 2700 39 29 et
1003 2692 37 37 le
1056 2704 191 25 morceau
1270 2699 94 30 tout
1383 2690 132 38 entier
1543 2703 22 25 a
1587 2690 62 38 été
1668 2689 106 38 bissé
1796 2701 72 38 par
1890 2687 172 39 acclama-

311 2757 124 40 tions.
457 2759 117 38 Nous
598 2759 38 37 le
655 2759 196 50 publions
870 2760 102 37 dans
990 2760 37 38 le
1047 2761 174 37 numéro
1241 2761 50 37 de
1314 2771 43 26 ce
1379 2759 91 49 jour
1486 2759 69 49 (i).

360 2895 200 38 DEUXIÈME
581 2907 154 26 PARTIE.
758 2886 90 48 Ève
878 2896 99 37 dans
1000 2896 40 37 la
1059 2896 186 47 solitude,
1271 2896 39 37 la
1337 2896 229 38 Tentation.
1661 2895 56 38 La
1745 2893 106 39 forêt
1887 2895 92 36 s'est
2011 2899 70 30 tue

311 2975 71 38 par
402 2963 142 48 degrés
563 2974 7 26 :
595 2976 70 37 pas
684 2976 80 25 une
784 2963 155 50 feuille,
956 2976 70 37 pas
1047 2977 82 25 une
1146 2976 165 26 mousse
1328 2976 50 25 ne
1402 2964 178 49 soupire,
1605 2964 58 37 les
1678 2962 126 38 fleurs
1826 2969 94 30 sont
1939 2961 118 37 immo-

311 3030 103 39 biles
436 3044 68 25 sur
525 3031 113 38 leurs
657 3032 103 49 tiges
785 3040 40 29 et
847 3033 47 36 de
914 3044 150 38 vagues
1099 3041 187 30 senteurs
1318 3034 263 49 s'épanchent
1614 3033 100 36 dans
1745 3030 88 38 l'air
1862 3030 143 38 calme.
2030 3030 57 38 La

311 3098 92 38 nuit
428 3106 61 30 est
509 3110 132 26 venue
660 3110 6 26 :
690 3100 69 36 des
783 3099 186 38 millions
990 3101 187 37 d'étoiles
1208 3100 230 38 scintillent
1462 3114 68 24 sur
1561 3100 38 38 le
1633 3100 164 36 sombre
1816 3111 97 25 azur
1933 3100 54 35 du
2011 3098 75 38 ciel

310 3175 39 29 et
370 3168 37 36 le
435 3166 94 51 jour
552 3167 188 37 bleuâtre
763 3168 49 36 de
835 3167 37 37 la
894 3167 97 37 lune
1019 3168 177 38 descend
1221 3171 21 35 à
1264 3176 155 30 travers
1452 3169 59 37 les
1545 3166 235 39 intervalles
1814 3168 72 36 des
1923 3167 159 48 arbres;

308 3243 94 29 tout
424 3242 61 30 est
520 3235 153 37 silence
695 3243 40 29 et
757 3246 133 38 repos.
917 3236 111 36 Dans
1050 3235 39 37 la
1117 3236 179 37 solitude
1324 3236 48 37 de
1396 3236 37 36 la
1452 3235 121 49 forêt,
1598 3229 83 43 Ève
1705 3235 163 37 marche
1888 3235 194 48 rêveuse;

309 3302 76 38 elle
408 3310 63 30 est
493 3303 128 47 seule,
647 3302 87 38 loin
767 3303 48 37 de
850 3302 197 38 l'homme
1083 3303 202 47 endormi,
1319 3304 69 36 des
1410 3303 169 37 frissons
1600 3303 206 37 inconnus
1828 3310 166 42 passent
2016 3314 70 26 sur

309 3381 42 25 sa
374 3369 124 49 chair,
525 3382 57 25 un
605 3370 226 38 sentiment
850 3382 190 26 nouveau
1073 3371 105 38 mêlé
1201 3371 49 37 de
1273 3371 209 47 curiosité,
1505 3371 50 38 de
1592 3370 154 38 crainte
1779 3378 39 30 et
1852 3370 51 37 de
1924 3368 158 51 plaisir,

750 3536 9 10 \

354 3550 49 41 (i)
429 3550 48 32 La
499 3549 178 44 partition
698 3549 22 34 d
724 3549 90 35 'Eve
831 3560 18 23 a
871 3551 56 32 été
950 3549 147 44 publiée
1118 3559 65 34 par
1204 3548 165 35 l'éditeur
1391 3550 220 33 Hartmann.
