2705 4308
1109 531 78 40 LA
1219 525 386 50 CHRONIQUE
1636 522 318 43 MUSICALE

650 536 51 43 18

645 684 101 54 qu'à
767 682 155 42 établir
943 692 83 28 une
1037 674 242 45 Académie
1294 674 162 53 royale
1478 672 56 41 de
1548 672 211 54 Musique
1775 674 24 38 à
1817 670 137 42 Paris.
1980 668 121 54 Oyez
2117 681 47 27 ce
2207 684 18 21 «
2246 666 130 54 singu-

642 758 80 41 lier
747 773 19 21 y>
783 757 9 40 !
816 755 115 41 C'est
952 751 173 55 appuyé
1160 762 75 27 sur
1267 761 47 28 ce
1336 762 21 24 «
1374 745 214 55 singulier
1606 762 17 23 »
1644 745 175 42 arraché
1841 748 23 37 à
1886 743 42 42 la
1945 742 177 41 volonté
2152 740 146 55 royale
2320 753 85 40 que

642 830 120 42 Lulli
779 836 40 33 et
840 841 64 27 ses
926 837 268 29 successeurs
1216 830 110 33 vont
1347 834 180 41 enrayer
1549 828 99 33 tous
1675 833 108 28 ceux
1811 818 77 55 qui
1912 818 141 40 feront
2081 814 120 42 mine
2221 814 51 40 de
2295 826 78 28 con-

640 913 225 31 currence.
891 898 99 41 Une
1011 898 138 40 année
1180 896 96 40 s'est
1303 899 24 37 à
1354 894 127 56 peine
1503 894 174 40 écoulée
1698 906 85 41 que
1823 891 92 55 déjà
1947 889 119 42 Lulli
2089 903 24 27 a
2142 888 193 53 invoqué
2357 900 46 27 ce

645 992 18 21 «
689 972 213 54 singulier
926 988 18 21 »
971 971 76 54 qui
1070 969 76 41 fait
1169 983 44 26 sa
1235 969 190 46 fortune,
1449 976 40 32 et
1512 965 172 54 signifié
1705 969 21 38 à
1745 967 40 40 la
1808 961 463 60 Comédie-Française
2300 960 81 40 l'or-

640 1049 232 40 donnance
899 1046 61 39 du
990 1044 53 40 3o
1071 1042 111 42 avril
1212 1042 110 55 1673
1348 1040 110 41 ainsi
1481 1053 164 43 conçue
1670 1053 9 28 :

698 1136 22 24 «
741 1120 54 41 Sa
823 1117 179 55 Majesté
1025 1123 133 48 ayant
1186 1116 64 41 été
1265 1115 214 40 informée
1510 1127 85 41 que
1616 1113 40 40 la
1680 1112 264 55 permission
1966 1109 156 56 qu'elle
2152 1108 118 41 avoit
2292 1107 84 41 don-

640 1196 77 41 née
739 1207 88 28 aux
852 1190 263 43 Comédiens
1137 1189 52 41 de
1212 1203 43 27 se
1279 1188 135 41 servir
1436 1187 107 41 dans
1567 1188 115 40 leurs
1704 1185 371 55 représentations
2095 1184 52 40 de
2161 1181 244 42 Musiciens

633 1268 206 55 jusqu'au
863 1265 185 42 nombre
1070 1264 51 40 de
1144 1263 64 40 six
1230 1271 40 33 et
1285 1262 51 40 de
1357 1261 181 41 Violons
1554 1275 56 26 ou
1632 1261 189 40 Joueurs
1837 1260 336 40 d'instruments
2194 1256 205 56 jusqu'au

635 1343 183 41 nombre
838 1341 52 40 de
911 1339 152 52 douze,
1087 1336 185 55 pouvoit
1293 1343 204 47 apporter
1525 1348 62 26 un
1610 1333 216 55 préjudice
1847 1332 297 41 considérable
2164 1335 23 36 à
2210 1332 171 39 l'exécu-

635 1416 96 40 tion
759 1414 72 40 des
853 1425 213 40 ouvrages
1095 1412 51 38 de
1175 1409 205 53 musique
1402 1421 112 41 pour
1530 1408 38 39 le
1596 1407 165 40 théâtre
1789 1406 60 40 du
1872 1406 118 40 sieur
2031 1404 192 55 Baptiste
2254 1403 149 54 Lully,

634 1487 309 42 surintendant
958 1484 103 40 delà
1079 1482 208 54 musique
1308 1481 52 41 de
1382 1481 40 40 la
1445 1481 221 41 Chambre
1687 1479 51 42 de
1759 1480 54 41 Sa
1835 1478 198 55 Majesté,
2058 1478 110 41 dont
2190 1477 39 41 le
2252 1477 152 55 public

635 1576 23 26 a
682 1560 90 55 déjà
787 1573 100 43 reçu
906 1558 228 51 beaucoup
1150 1555 50 40 de
1218 1554 288 41 satisfaction.
1529 1554 56 40 Et
1599 1553 187 41 voulant
1802 1552 159 56 qu'elle
1989 1551 61 41 ait
2082 1558 122 34 toute
2236 1550 41 40 la
2308 1562 71 42 per-

631 1635 159 41 fection
814 1632 156 56 qu'elle
992 1644 52 27 en
1063 1628 92 42 doit
1178 1629 182 54 espérer,
1387 1628 54 40 Sa
1465 1627 179 55 Majesté
1658 1642 22 26 a
1696 1627 192 54 révoqué
1904 1626 41 40 la
1962 1625 265 55 permission
2244 1623 157 54 qu'elle

633 1708 120 42 avoit
769 1707 172 40 donnée
964 1703 174 42 auxdits
1154 1701 278 52 Comédiens,
1453 1700 50 41 de
1521 1714 40 27 se
1581 1700 134 41 servir
1733 1713 74 27 sur
1841 1700 96 40 leur
1957 1698 165 41 théâtre
2138 1697 52 41 de
2213 1696 66 41 six
2298 1696 70 41 Mu-

635 1782 156 41 siciens
813 1789 41 32 et
872 1780 50 40 de
945 1779 138 41 douze
1103 1776 184 42 Violons
1310 1789 57 27 ou
1390 1776 190 40 Joueurs
1615 1773 361 54 d'instruments;
2020 1779 41 33 et
2100 1771 96 41 leur
2238 1779 167 47 permet

632 1855 240 42 seulement
888 1852 167 41 d'avoir
1089 1851 124 40 deux
1249 1849 102 41 voix
1374 1857 42 32 et
1435 1849 75 40 six
1524 1847 184 43 Violons
1736 1860 58 28 ou
1824 1847 189 41 Joueurs
2050 1844 351 42 d'instruments.

637 1929 100 42 Fait
764 1928 54 40 Sa
848 1925 179 56 Majesté
1058 1928 83 37 très
1162 1936 217 42 expresses
1409 1922 192 40 défenses
1637 1925 23 36 à
1683 1928 142 34 toutes
1852 1921 60 40 les
1938 1919 202 55 Troupes
2162 1918 51 41 de
2244 1917 128 42 Comé-

631 2002 124 41 diens
787 2000 186 53 français
995 2008 42 31 et
1058 2000 221 51 étrangers
1302 1995 152 42 établis
1478 2009 57 26 ou
1558 1995 79 54 qui
1672 1993 316 42 s'établiraient
2015 1992 192 55 ci-après
2230 1992 107 42 dans
2361 2006 44 26 sa

635 2078 144 39 bonne
807 2075 103 41 ville
943 2073 49 41 de
1032 2072 137 52 Paris,
1204 2070 51 41 de
1289 2083 42 27 se
1366 2069 132 40 servir
1531 2069 217 40 d'aucuns
1792 2067 238 42 Musiciens
2072 2077 196 30 externes
2295 2074 42 33 et
2352 2065 52 41 de

628 2150 98 56 plus
748 2148 137 55 grand
907 2147 182 41 nombre
1109 2145 53 40 de
1182 2144 181 42 Violons
1387 2156 110 41 pour
1532 2143 58 39 les
1632 2142 243 53 entr'actes,
1899 2142 143 40 même
2063 2140 168 42 d'avoir
2252 2153 150 27 aucun

628 2223 246 51 Orchestre,
895 2222 48 40 ni
982 2218 301 57 pareillement
1305 2216 50 41 de
1378 2229 42 27 se
1442 2215 138 41 servir
1621 2215 210 41 d'aucuns
1875 2215 242 47 Danseurs;
2162 2214 39 41 le
2241 2222 101 34 tout
2381 2218 23 36 à

626 2296 126 57 peine
779 2296 53 40 de
859 2293 340 43 désobéissance.
1233 2291 116 42 Veut
1376 2290 54 41 Sa
1463 2289 181 55 Majesté
1671 2303 86 41 que
1790 2289 41 40 la
1868 2290 195 53 présente
2104 2288 300 41 Ordonnance

633 2372 83 41 soit
738 2368 195 56 signifiée
955 2382 87 28 aux
1075 2366 129 44 Chefs
1227 2365 184 41 desdites
1428 2364 216 55 Troupes,
1688 2368 24 36 à
1752 2364 40 41 la
1832 2363 214 55 diligence
2081 2363 128 41 dudit
2251 2363 152 54 Lully,

631 2453 64 35 etc
821 2443 129 54 Signé
985 2441 137 42 Louis
1129 2474 9 21 ,
1160 2448 42 33 et
1224 2439 99 56 plus
1346 2439 74 41 bas
1448 2437 198 44 Colbert.
1674 2437 55 41 Et
1751 2437 137 41 scellé.
1913 2453 23 23 »

690 2517 128 44 Voilà
833 2516 77 55 qui
929 2522 62 34 est
1013 2514 117 42 clair.
1150 2513 183 41 Hormis
1353 2511 119 42 Lulli
1487 2519 40 33 et
1541 2510 265 42 l'Académie
1821 2510 161 56 royale,
2001 2509 127 57 point
2142 2510 261 43 d'orchestre

628 2601 42 33 et
691 2592 124 56 point
836 2590 52 40 de
910 2590 131 40 danse
1062 2603 8 27 :
1095 2591 23 38 à
1140 2588 40 41 la
1201 2585 481 57 Comédie-Française,
1700 2585 123 42 deux
1837 2585 105 41 voix
1966 2592 42 34 et
2027 2585 75 42 six
2124 2585 252 42 instrumen-

629 2667 118 41 tistes
767 2665 147 41 laissés
936 2664 40 40 là
1000 2676 75 41 par
1096 2661 227 41 tolérance.

691 2738 123 42 Lulli
832 2737 129 42 veille
983 2750 73 27 sur
1072 2749 63 27 ses
1157 2735 213 42 confrères
1386 2735 107 41 d'un
1508 2734 75 42 œil
1604 2733 151 56 jaloux
1775 2742 43 34 et
1839 2733 78 42 fait
1932 2748 45 27 sa
1995 2734 141 55 police
2152 2732 250 43 lui-même:

633 2813 209 42 Cambert
875 2811 39 40 le
946 2811 123 53 gêne,
1094 2809 32 40 il
1146 2809 39 41 le
1213 2809 169 50 chasse;
1401 2808 113 42 deux
1535 2807 304 42 ordonnances
1860 2808 313 53 consécutives,
2207 2807 24 41 Y
2239 2820 87 28 une
2353 2806 52 42 de

640 2890 128 52 i6ys,
792 2887 154 40 l'autre
968 2885 53 40 de
1049 2884 136 53 1682,
1207 2883 242 55 rappellent
1476 2895 55 28 au
1564 2889 165 48 respect
1748 2883 53 40 de
1828 2882 40 41 la
1891 2882 146 55 parole
2059 2881 149 56 royale
2238 2881 60 40 les
2316 2881 59 42 Co-

635 2961 196 41 médiens
863 2958 184 53 français
1082 2964 41 34 et
1153 2956 175 42 italiens
1355 2956 78 54 qui
1463 2956 175 42 avaient
1668 2955 181 42 cherché
1881 2958 23 38 à
1926 2954 198 42 l'éluder.

690 3034 73 42 On
795 3031 236 57 comprend
1060 3030 168 56 qu'une
1261 3029 94 42 telle
1383 3029 243 56 législation
1648 3029 146 41 devait
1815 3038 143 46 porter
1974 3042 88 29 une
2083 3029 180 42 atteinte
2286 3042 100 28 auss

631 3122 131 41 grave
783 3121 55 28 au
861 3109 178 53 progrès
1055 3105 60 41 du
1133 3104 135 55 grand
1304 3104 143 55 Opéra
1468 3104 228 41 lui-même
1726 3104 136 55 qu'au
1903 3104 360 55 développement
2291 3104 108 41 d'un

627 3196 129 40 genre
793 3180 98 56 plus
931 3179 189 41 familier
1156 3192 76 28 sur
1260 3179 60 42 les
1351 3181 143 37 scènes
1522 3177 206 41 voisines.
1770 3177 293 41 L'Académie
2102 3178 53 41 de
2190 3177 214 55 Musique

637 3255 169 54 n'était,
832 3259 22 36 à
877 3253 220 42 vraiment
1119 3253 154 55 parler,,
1300 3253 166 55 qu'une
1492 3252 246 41 succursale
1761 3252 73 40 des
1857 3251 170 56 plaisirs
2049 3252 51 40 de
2120 3252 41 41 la
2183 3252 122 41 Cour
2330 3251 74 43 :la

632 3323 139 42 froide
788 3322 226 55 étiquette,
1031 3321 38 41 le
1091 3320 261 41 cérémonial
1373 3319 203 56 précieux
1598 3320 97 41 d'en
1718 3320 124 53 haut,
1861 3318 309 42 descendaient
2198 3323 24 36 à
2239 3318 165 42 l'heure

632 3397 88 41 dite
748 3410 75 27 sur
844 3396 41 41 la
915 3398 123 38 scène
1071 3394 60 40 du
1168 3393 330 55 Palais-Royal,
1535 3393 255 55 paralysant
1823 3392 51 41 de
1914 3393 95 41 leur
2041 3392 183 43 étreinte
2258 3392 145 54 glacée

630 3471 129 42 l'élan
780 3471 73 41 des
874 3468 184 57 grandes
1086 3467 197 56 passions
1312 3468 106 41 dont
1444 3468 65 41 vit
1534 3467 39 41 le
1597 3467 150 41 drame
1770 3467 187 55 lyrique.
1989 3484 13 21 «
2028 3467 49 42 Je
2098 3481 54 27 ne
2176 3481 100 43 sçay
2309 3480 92 41 pas,

632 3545 130 41 disait
794 3544 267 53 Labruyère,
1086 3549 225 34 comment
1333 3540 177 56 l'Opéra
1530 3555 102 28 avec
1656 3554 87 28 une
1766 3540 207 56 musique
1995 3541 35 41 si
2055 3540 182 56 parfaite
2258 3547 41 34 et
2315 3553 88 27 une
