2557 3286
598 326 40 25 ij.
650 319 97 33 August
760 319 43 24 68.

337 375 49 24 Der
400 375 78 25 Maler
499 374 59 25 darf
568 374 52 25 sich
634 374 77 25 durch
726 375 90 24 Nichts
831 381 143 25 zerstreuen,
989 386 51 16 was
1056 377 69 26 nicht

277 412 66 24 seine
351 414 79 24 Kunst
438 410 93 27 betrifft
539 412 49 25 und
597 411 64 25 mufs
670 421 60 26 ganz
738 414 112 34 einseitig
858 423 47 15 nur
913 414 79 25 seinen
1000 414 125 27 Zwecken

276 451 144 34 nachgehen
444 451 51 25 und
514 450 46 25 alle
582 449 90 25 andern
689 452 130 24 Interessen
840 452 50 24 und
911 452 213 26 Wissenschaften

276 486 39 27 bei
329 490 62 24 Seite
412 489 84 25 lassen.
530 490 55 23 Wo
605 497 58 16 man
683 489 59 34 geht
763 489 50 24 und
832 490 72 29 steht,
924 494 75 30 möge
1016 500 58 16 man
1093 501 31 15 an

275 527 65 25 seine
354 527 103 25 Malerei
472 526 89 36 (bezw.
574 536 30 16 an
615 527 50 25 sein
676 527 66 34 Bild)
755 526 106 31 denken,
872 528 78 24 damit
961 529 85 24 Einem
1059 530 65 25 seine

275 565 56 25 Idee
345 575 42 15 zur
398 565 192 35 Ueberzeugung
601 563 58 27 reife
671 565 51 25 und
734 564 52 26 dafs
797 575 57 15 man
867 565 87 36 gewifs
966 567 92 30 werde,
1070 567 53 26 dafs

275 604 35 25 sie
329 613 48 16 nur
397 613 27 16 so
445 603 164 35 ausgedrückt
626 603 100 26 werden
741 603 93 30 könne,
849 604 50 25 und
915 603 76 26 damit
1007 605 38 24 die
1060 607 48 23 Vor-

276 642 105 35 stellung
395 652 59 16 vom
468 642 141 26 definitiven
620 642 126 25 Aussehen
760 641 40 26 des
814 642 78 25 Bildes
908 643 79 25 sowie
1001 644 51 24 sein
1062 646 46 22 Ent-

277 679 209 37 wicklungsgang
510 681 85 25 Einem
616 679 54 27 klar
689 680 91 26 werde.
823 679 57 27 Und
905 680 58 26 alles
986 690 53 16 was
1063 691 60 16 man

276 717 155 31 beobachtet,
453 718 135 26 beobachte
609 728 57 16 man
687 718 133 35 möglichst
841 716 46 27 auf
906 718 46 25 den
966 719 93 26 Zweck
1080 721 42 24 der

277 758 166 34 Verwertung
456 757 39 25 bei
510 757 55 25 dem
580 757 197 34 gegenwärtigen
792 756 68 25 Bilde
875 756 52 27 hin.

333 797 28 23 Es
383 796 31 24 ist
435 795 53 25 eine
509 795 123 26 thörichte
649 795 155 34 Verzagtheit
824 804 28 15 zu
873 794 115 35 glauben,
1009 806 58 16 man
1088 797 33 25 sei

274 833 111 34 weniger
393 833 87 34 begabt
488 833 33 25 als
531 833 92 25 andere.
652 833 190 25 Künstlerischer
850 833 77 29 Blick,
942 832 165 38 Auffassungs-

274 869 76 30 kraft,
378 871 309 34 Produktionsvermögen,
718 886 33 3 —
783 871 136 35 überhaupt
943 871 178 28 künstlerische

274 906 157 36 Befähigung
452 924 36 3 —
509 908 51 25 sind
582 909 82 24 innere
684 911 108 32 Organe,
813 909 38 24 die
869 909 89 25 ebenso
976 911 65 24 einer
1055 912 49 25 Aus-

274 944 105 35 bildung
404 944 71 35 fähig
495 945 68 30 sind,
588 946 49 25 wie
662 946 64 34 jedes
750 946 88 25 andere
864 949 97 33 Organ,
986 949 50 25 wie
1055 959 19 16 z.
1095 951 25 25 B.

273 982 43 24 das
331 982 157 26 Gedächtnis.
517 985 85 23 Wenn
610 993 58 16 man
676 984 52 25 sich
736 985 61 25 nach
806 986 64 24 einer
878 987 62 23 Seite
947 986 44 25 hin
1002 988 117 26 schwach

273 1018 77 30 fühlt,
370 1029 27 15 so
415 1021 130 25 verwende
559 1031 56 15 man
630 1022 90 26 einmal
736 1023 193 26 ausschliefslich
941 1025 104 26 hierauf
1055 1027 64 25 seine

273 1056 140 26 Denkkraft
427 1058 52 25 und
493 1060 74 24 suche
581 1060 51 24 sich
646 1060 134 35 möglichst
792 1062 47 25 viel
854 1072 30 15 zu
899 1062 70 26 üben.

331 1097 48 23 Der
393 1098 68 34 Weg
474 1106 42 16 zur
530 1098 233 28 Vollkommenheit
776 1100 52 26 und
842 1110 29 16 zu
885 1102 80 35 jedem
975 1103 143 26 Fortschritt

272 1133 30 26 ist
317 1132 183 29 fortwährende
515 1136 162 27 Selbstkritik.

331 1175 32 24 So
378 1174 90 36 richtig
482 1175 50 25 und
543 1176 70 26 wahr
624 1176 62 27 auch
698 1177 143 27 malerische
852 1180 94 35 Regeln
957 1181 49 25 sein
1018 1185 101 31 mögen,

275 1229 32 3 —
324 1213 39 26 die
378 1214 156 37 Hauptsache
549 1214 53 27 sind
615 1216 33 26 sie
662 1216 77 27 nicht.
764 1219 37 24 Im
815 1219 136 35 Gegenteil,
963 1229 57 17 man
1031 1220 88 27 würde

273 1253 55 26 sehr
346 1253 45 26 irre
410 1254 78 36 gehen
502 1254 51 27 und
567 1256 125 26 maniriert
706 1257 109 31 werden,
830 1268 74 16 wenn
915 1268 58 17 man
982 1259 52 27 sich
1042 1259 78 27 durch

273 1293 34 26 sie
323 1293 73 26 allein
411 1294 74 26 leiten
499 1294 74 27 liefse.

331 1334 68 26 Beim
418 1335 85 26 Malen
522 1334 99 28 kommt
641 1336 56 26 alles
712 1336 47 27 auf
774 1336 94 27 scharfe
882 1337 239 37 Vorstellungskraft

273 1383 38 17 an.
346 1375 62 25 Man
423 1374 79 27 denke
511 1375 51 27 sich
570 1375 100 27 sowohl
679 1377 25 25 in
712 1376 38 26 die
759 1376 136 27 Gedanken
904 1378 41 25 der
952 1387 30 16 zu
991 1378 130 27 malenden

273 1413 104 35 Figuren
398 1414 33 27 als
452 1415 25 26 in
499 1414 50 27 ihre
568 1415 130 37 plastische
718 1418 167 35 Erscheinung
898 1418 85 25 hinein
997 1418 50 26 und
1062 1418 59 26 lasse

273 1453 39 25 nie
327 1453 53 26 ihre
394 1455 138 36 Beziehung
545 1465 56 17 zum
615 1466 92 26 ganzen
721 1457 68 27 Bilde
804 1467 43 17 aus
858 1457 57 27 dem
929 1458 79 36 Auge,
1021 1458 102 27 sowohl

273 1490 26 27 in
314 1494 80 36 Bezug
408 1494 47 27 auf
466 1496 71 26 Licht
551 1496 52 26 und
618 1496 114 27 Schatten
746 1496 51 27 und
812 1497 72 27 Farbe
899 1497 32 27 als
946 1498 25 26 in
986 1500 79 34 Bezug
1080 1496 46 28 auf

273 1531 129 39 Richtung
422 1535 52 26 und
494 1535 139 27 Verhältnis
658 1536 40 26 der
718 1539 80 24 Form.
835 1537 75 36 (Man
930 1537 121 27 verbanne
1075 1538 48 26 den

274 1571 136 28 Gedanken
433 1584 31 17 an
485 1575 261 37 Linienkomposition
767 1577 35 26 als
822 1584 76 20 etwas
913 1578 39 25 die
970 1578 87 26 wahre
1070 1577 52 26 und

273 1608 129 34 plastische
416 1614 180 38 Entwicklung
610 1617 187 36 Hemmendes.)

331 1651 63 27 Man
408 1654 64 26 male
487 1662 56 19 stets
554 1656 35 26 im
600 1658 100 25 Ganzen
711 1656 51 27 und
774 1656 79 27 forme
864 1656 38 26 die
915 1656 99 37 grofsen
1024 1659 99 24 Massen

276 1688 72 31 (oder
368 1693 109 37 Körper)
499 1695 26 26 in
545 1695 65 27 ihrer
631 1697 270 35 Gesamterscheinung.
935 1697 68 26 Gehe
1021 1697 40 25 nie
1079 1695 48 28 auf

273 1729 166 39 Ausführung
459 1744 51 16 von
524 1735 124 26 einzelnen
661 1736 85 26 Teilen
761 1737 47 30 ein,
824 1736 105 26 sondern
942 1736 134 36 berichtige
1090 1737 33 25 sie

274 1767 203 38 vorübergehend
492 1774 51 26 und
557 1774 127 27 nebenbei.

595 1855 40 25 18.
651 1855 98 35 August
765 1855 43 26 68.

332 1904 106 31 Böcklin
458 1910 43 27 hat
522 1911 41 27 das
578 1912 54 26 Bild
654 1911 39 28 für
712 1913 95 27 Schack
827 1915 76 35 (nach
917 1914 41 26 der
973 1914 152 26 Illustration

276 1943 11 35 f
289 1946 14 16 u
306 1949 25 16 m
350 1945 197 37 Schilleralbum,
569 1952 39 26 die
629 1962 24 16 er
673 1954 25 25 in
714 1954 129 26 München
864 1953 41 27 für
922 1955 76 25 Cotta
1018 1954 105 31 gemalt)

276 1983 23 15 in
319 1979 29 19 Ae.
374 1983 15 15 c

319 1990 42 18 oer
374 1990 102 25 truhern
489 1992 72 25 Form
576 1991 140 28 verworfen
731 1993 51 26 und
797 2004 23 16 es
835 2004 47 16 neu
898 1993 165 36 angefangen:
1086 1994 39 30 „In

276 2022 12 15 C
290 2024 7 34 !
299 2025 42 19 ner
360 2023 29 25 Fe
390 2024 103 36 lsgrotte
511 2031 53 25 eine
582 2032 238 38 Quellnymphe,
845 2033 40 26 die
903 2034 46 25 mit
969 2033 47 26 den
1037 2032 88 27 Blüten

275 2061 66 22 einer
361 2063 79 29 neben
461 2068 38 26 ihr
520 2070 203 28 aufkletternden
743 2072 194 37 Schlingpflanze
958 2072 78 37 spielt.
1079 2072 47 26 Ein

276 2098 98 27 nackter
398 2104 171 31 Hirtenknabe
593 2110 59 26 oder
675 2113 66 24 Faun
767 2113 54 35 (das
845 2111 135 37 Ziegenfell
1002 2110 60 27 über
1085 2111 41 26 der

292 2137 106 38 chulter)
420 2143 129 31 belauscht
571 2150 40 26 sie.
639 2152 79 25 Unter
737 2151 42 27 der
798 2152 120 37 Nymphe
938 2151 51 27 und
1010 2151 59 26 über
1087 2151 40 25 ihr

465 2186 45 26 mit
518 2189 114 36 Krügen:
641 2189 82 28 kleine
731 2192 116 33 Quellen.
865 2194 69 24 Ganz
941 2192 64 25 oben
1011 2192 100 25 Wiesen-

301 2221 64 20 rrain
380 2219 60 28 über
454 2224 42 27 der
510 2227 127 28 Felswand
648 2231 47 25 mit
706 2230 79 27 vielen
797 2231 157 37 sprossenden
965 2230 103 27 Blumen
1075 2230 51 26 und

293 2257 70 23 arauf
383 2260 63 26 viele
467 2266 117 27 tanzende
605 2269 220 37 Kindergestalten.
859 2270 104 27 Böcklin
983 2269 89 28 wollte
1086 2269 42 27 der

305 2300 25 16 cc
350 2304 72 20 einen
437 2303 138 29 sinnlichen
588 2308 133 27 Ausdruck
736 2309 87 37 geben,
837 2310 51 27 wie
902 2311 39 25 die
958 2308 170 38 Feuchtigkeit

312 2335 40 22 rkt
352 2335 14 51 .
366 2338 52 25 und
433 2349 24 16 sc
538 2345 80 34 (etwa
635 2346 24 28 8'
672 2348 69 26 hoch
755 2350 51 26 und
821 2361 19 25 4
840 2347 7 17 '
860 2349 83 36 breit).

334 2374 45 25 Em
395 2378 99 29 anderes
508 2383 56 27 Bild
579 2385 80 35 (etwa
676 2387 23 27 z'
714 2388 61 27 breit
786 2390 51 26 und
854 2387 142 37 iV.'hoch)
1009 2388 64 27 stellt
1082 2388 46 26 den

275 2445 40 23 seh
327 2418 16 25 y
337 2454 9 14 *-
347 2420 42 19 sse
394 2453 12 15 j
416 2426 10 15 s
441 2418 44 27 dar
486 2440 8 10 '
510 2424 50 25 wie
572 2434 25 17 er
610 2425 48 27 auf
668 2427 43 26 der
724 2429 63 26 Insel
801 2429 41 26 der
856 2429 47 26 Kal
905 2439 32 27 yp
939 2439 28 16 so
981 2429 53 26 sich
1048 2429 64 26 hemm-

319 2457 25 16 ,
356 2455 53 24 und
420 2466 41 18 am
472 2459 61 28 Ufer
543 2464 116 27 weinend
670 2467 39 26 die
720 2470 89 24 Götter
820 2467 121 37 anruft.*)
962 2468 88 27 Kahles
1057 2467 70 31 Ufer,

331 2494 42 21 das
397 2494 41 27 das
463 2501 136 33 graublaue
620 2506 70 26 Meer
709 2507 102 27 Wellen
829 2507 79 27 treibt.
944 2511 50 23 Der
1018 2506 111 28 Himmel

274 2604 110 32 Museum
494 2589 132 28 Darstellun
629 2604 14 22 S
666 2597 117 25 desselben
807 2600 172 30 Gegenstandes
1003 2600 32 22 im
1056 2599 73 23 Basler

1204 323 94 34 traurig
1313 332 61 25 grau
1388 323 52 25 und
1455 324 203 27 melancholisch.
1678 328 57 23 Nur
1746 336 62 26 ganz
1819 327 54 27 fern
1884 339 42 16 am
1933 331 127 27 Horizont

1203 360 40 25 ein
1269 360 81 35 gelber
1369 362 121 25 schmaler
1510 363 117 34 sonniger
1653 363 112 32 Streifen,
1787 366 41 25 der
1848 368 27 24 in
1896 369 164 27 unendlicher

1203 399 72 24 Ferne
1290 399 53 24 eine
1357 398 81 26 kleine
1452 400 64 25 Insel
1530 401 71 34 zeigt.

1260 437 47 25 Ein
1321 437 83 25 drittes
1419 437 54 25 Bild
1487 438 66 25 stellt
1567 439 39 25 die
1621 440 116 27 Geburt
1751 442 52 25 der
1816 445 103 25 Venus
1934 445 51 27 dar.
2007 449 52 24 Aus

1202 473 148 32 einfachem,
1371 477 86 34 wenig
1477 475 140 37 bewegtem
1632 480 84 24 Meere
1737 480 65 26 wird
1820 481 39 26 die
1871 483 188 35 jungfräuliche

1201 512 92 26 Göttin
1316 512 116 36 geboren.
1476 517 50 22 Das
1544 517 102 24 Wasser
1666 517 74 26 häuft
1761 519 53 26 sich
1834 521 67 35 rings
1921 532 51 16 von
1994 523 66 27 allen

1202 550 80 25 Seiten
1297 561 28 15 zu
1340 551 66 26 einer
1420 552 110 36 einzigen
1545 554 84 25 Welle
1644 564 39 21 an,
1698 566 43 16 aus
1756 556 42 27 der
1811 558 40 25 die
1865 560 194 28 mädchenhafte

1201 589 95 25 Gestalt
1306 589 46 25 mit
1363 590 161 26 träumerisch
1535 591 155 27 lächelndem
1701 595 132 27 Ausdruck
1847 600 212 33 emporschwebt,

1199 627 53 24 sich
1266 628 46 24 mit
1325 628 79 25 einem
1413 628 116 31 Schleier,
1537 629 42 26 der
1586 631 52 25 ihre
1645 633 74 24 Beine
1728 634 165 32 umschliefst,
1901 622 158 49 verhüllend]

1199 664 49 25 den
1264 665 39 25 ihr
1320 666 62 25 zwei
1402 668 146 25 Amoretten
1568 669 25 25 in
1612 669 41 26 der
1671 670 60 26 Luft
1752 682 31 16 zu
1803 674 133 27 entreifsen
1956 661 102 44 suchen!

1258 703 105 26 Böcklin
1380 705 68 26 hatte
1466 706 50 25 dies
1535 707 47 25 mit
1597 708 84 26 Kohle
1700 719 62 25 ganz
1782 710 76 28 leicht
1872 713 49 26 auf
1932 715 112 36 Gipslein-

1198 741 77 25 wand
1290 743 148 34 gezeichnet.
1474 746 74 24 Dann
1562 747 127 25 versuchte
1705 758 24 15 er
1741 759 23 16 es
1778 759 30 16 zu
1822 750 100 28 fixieren
1935 753 122 33 dadurch,

1198 778 54 26 dafs
1274 790 24 15 er
1318 780 58 26 über
1394 782 40 25 die
1452 782 134 28 Rückseite
1605 785 48 25 viel
1668 788 101 25 Wasser
1788 789 172 29 schwemmte.
2006 796 52 25 Das

1198 816 77 37 drang
1290 818 56 25 aber
1358 820 70 25 nicht
1442 821 87 32 durch,
1543 822 52 26 und
1610 823 31 25 da
1656 824 135 28 obendrein
1805 828 27 26 in
1844 829 56 25 dem
1912 832 145 35 Gipsgrund

1198 855 124 27 vielleicht
1341 859 64 24 auch
1424 869 29 15 zu
1473 860 85 36 wenig
1572 862 70 25 Leim
1661 873 62 21 war,
1744 865 91 28 fixierte
1849 877 24 16 es
1888 869 90 27 nichts.
2013 872 44 26 Als

1198 904 23 14 es
1240 894 103 26 trocken
1361 906 63 20 war,
1443 898 75 26 strich
1536 900 106 26 Böcklin
1662 912 49 16 von
1728 914 62 16 vorn
1805 907 134 35 Terpentin
1954 909 47 26 mit
2015 911 40 26 ein

1197 933 85 34 wenig
1296 935 227 35 Kopaivenbalsam
1536 937 98 33 darauf,
1645 951 53 15 was
1710 942 112 36 sogleich
1833 944 99 28 fixierte.
1968 950 89 25 Nach-

1347 1010 11 13 j
1362 973 25 25 ln
1408 975 86 35 WCnig
1515 986 29 16 an
1547 986 16 26 g
1565 986 42 17 ezo
1610 987 15 26 g
1628 988 29 16 en
1676 981 68 25 hatte
1746 1001 8 10 >
1772 981 51 37 fing
1841 984 108 27 Böcklin
1964 997 32 16 an
2010 989 47 25 mit

1198 1012 83 23 Weiis
1297 1012 62 33 (und
1375 1022 125 26 wenigem
1508 1018 217 33 entsprechendem
1733 1021 187 38 Farbenzusatz)
1929 1025 48 26 den
1985 1026 75 34 Kopf

1197 1047 51 26 und
1270 1050 94 34 Körper
1386 1051 289 35 herauszumodellieren,
1703 1058 84 28 indem
1816 1071 25 15 er
1868 1063 114 35 zugleich
2000 1065 56 26 dem

1198 1087 111 25 Himmel
1325 1087 51 26 und
1391 1088 57 27 dem
1462 1092 102 26 Wasser
1578 1094 71 25 einen
1656 1105 62 25 ganz
1726 1097 107 27 leichten
1842 1099 52 27 fein
1902 1102 154 33 blaugrauen

1198 1124 67 34 (sehr
1279 1125 104 36 lichten)
1399 1129 125 26 Anhauch
1539 1131 56 35 gab.

1254 1165 45 25 Für
1314 1164 38 26 die
1366 1174 31 17 zu
1411 1168 130 26 malenden
1556 1170 127 28 Fresken
1695 1174 45 32 [im
1755 1177 181 28 Sarasin'schen
1951 1183 93 24 Garten-

1197 1202 70 33 haus]
1281 1203 43 26 hat
1334 1203 107 27 Böcklin
1452 1207 63 25 zwei
1524 1208 270 41 Kohlenzeichnungen
1805 1218 117 32 gemacht
1934 1218 40 33 (z'
1985 1219 63 27 breit

1203 1251 7 16 i
1224 1240 33 32 '/*'
1280 1241 88 36 hoch.)
1409 1245 47 24 Die
1477 1246 78 25 eine:
1576 1248 54 26 eine
1654 1251 83 25 Villa
1762 1253 54 26 mit
1838 1256 166 35 Cypressen
2031 1260 28 25 in

1198 1282 189 35 Mittagssonne.
1412 1285 69 23 Vorn
1494 1291 69 19 unter
1573 1287 111 26 Büschen
1693 1290 39 25 die
1744 1291 91 36 heilige
1843 1295 109 31 Familie,
1965 1296 41 27 der
2017 1299 42 25 ein

1198 1320 76 36 Engel
1286 1321 52 25 eine
1349 1322 86 25 Schale
1442 1324 102 25 Wasser
1556 1323 88 38 bringt.
1667 1327 100 35 (Flucht
1776 1331 63 25 nach
1853 1334 135 36 Egypten.)
2010 1338 49 25 Die

1199 1359 116 25 andere:
1328 1361 40 24 ein
1378 1361 262 29 Felsenstädtchen
1652 1366 64 35 (wie
1727 1369 145 36 Formello).
1895 1373 70 26 Vorn
1976 1375 83 35 grofse

1198 1400 91 24 Bäume
1299 1399 51 25 und
1363 1400 111 26 Christus
1485 1401 52 26 und
1549 1401 39 27 die
1599 1404 63 25 zwei
1672 1406 128 36 Jünger,
1811 1407 40 27 die
1862 1411 76 26 nach
1949 1414 109 26 Emaus

1199 1439 86 34 gehen.
1326 1440 70 24 Vorn
1416 1439 78 26 rechts
1516 1441 40 26 ein
1577 1441 160 29 überrankter
1757 1446 186 30 Ziehbrunnen.
1985 1453 74 26 Diese

1200 1478 175 36 Zeichnungen
1389 1478 101 27 werden
1507 1489 52 16 nun
1576 1481 25 24 in
1623 1482 72 26 ihren
1712 1484 182 37 Hauptsachen
1911 1488 48 26 auf
1973 1490 71 27 Ellen-

1201 1518 81 37 papier
1296 1518 25 26 in
1336 1517 197 37 Originalgröfse
1548 1519 145 37 übertragen
1707 1523 54 26 und
1774 1523 67 27 dann
1855 1525 48 27 auf
1913 1528 40 25 die
1966 1530 93 27 Mauer

1201 1564 102 30 gepaust
1317 1557 51 26 und
1382 1557 123 26 vielleicht
1519 1559 46 25 mit
1579 1560 83 25 Kohle
1679 1562 215 36 nachgezeichnet.
1932 1569 41 25 Da
1990 1570 68 26 wird

1202 1607 57 16 man
1276 1597 66 26 dann
1361 1596 135 27 beurteilen
1509 1596 114 33 können,
1640 1599 32 26 ob
1691 1599 39 28 die
1744 1601 83 27 kleine
1842 1605 149 38 Zeichnung
2005 1609 54 26 sich

1203 1638 63 25 auch
1280 1638 35 25 im
1329 1636 105 27 Grofsen
1449 1636 53 26 und
1515 1646 30 17 zu
1560 1638 46 25 den
1620 1639 175 36 umgebenden
1806 1644 192 34 Gegenständen
2013 1655 46 27 gut

1203 1677 91 26 macht.
1321 1678 71 25 Dann
1405 1675 106 37 gedenkt
1524 1677 107 26 Böcklin
1649 1678 64 35 jedes
1728 1680 63 31 Bild,
1805 1683 22 33 je
1842 1683 123 27 nachdem
1980 1695 24 16 es
2019 1687 40 27 die

1203 1719 130 24 Konturen
1347 1716 41 26 der
1403 1716 169 35 Gegenstände
1587 1716 69 27 darin
1672 1718 117 32 zulassen,
1805 1721 26 26 in
1844 1728 67 20 etwa
1926 1724 50 26 vier
1990 1726 69 27 Teile

1203 1756 144 30 abzuteilen,
1363 1765 48 17 von
1426 1755 77 27 denen
1522 1756 39 26 ein
1578 1755 65 36 jeder
1661 1757 39 25 die
1715 1759 85 26 Arbeit
1820 1770 51 17 von
1895 1763 81 26 einem
1990 1766 69 30 Tage

1203 1795 83 26 bilden
1304 1795 54 26 soll.
1385 1798 49 23 Der
1452 1801 60 20 erste
1530 1795 87 26 Grund
1637 1796 30 25 ist
1686 1798 57 33 jetzt
1762 1799 55 26 sehr
1834 1801 64 26 rauh
1912 1803 53 25 und
1983 1809 76 29 porös

1204 1834 47 27 auf
1267 1835 39 26 die
1324 1837 89 24 Mauer
1430 1841 127 29 getragen,
1578 1834 92 27 darauf
1685 1835 101 29 kommt
1804 1838 42 26 der
1865 1847 67 20 etwa
1954 1842 30 32 %
1999 1844 62 27 oder

1203 1877 8 16 3
1213 1875 23 30 /s
1250 1875 56 26 Zoll
1321 1874 79 27 starke
1413 1873 170 27 Kalkbewurf
1593 1873 41 27 für
1655 1874 40 27 die
1709 1876 113 27 Malerei.
1856 1881 47 24 Für
1917 1881 83 28 diesen
2015 1886 31 24 Be-

1203 1913 72 28 wurf
1289 1915 43 26 hat
1346 1913 106 27 Böcklin
1470 1914 35 25 im
1523 1913 83 27 Keller
1623 1915 171 27 verschiedene
1813 1919 96 27 Proben
1931 1924 130 33 angestellt

1203 1954 51 26 und
1275 1953 71 27 dabei
1367 1964 29 16 zu
1413 1953 56 26 dem
1486 1953 47 26 mit
1551 1953 48 27 viel
1618 1953 66 27 Sand
1704 1963 133 20 versetzten
1855 1958 66 27 Kalk
1940 1963 122 27 reichlich

1203 1994 123 25 schwarze
1341 1992 72 27 Farbe
1430 1992 109 27 mischen
1554 1992 90 34 lassen,
1663 2002 53 17 was
1737 1995 57 26 aber
1808 1997 116 28 dennoch
1945 2002 117 28 ziemlich

1203 2032 72 26 weifs
1286 2031 180 27 auftrocknete.
1484 2031 85 27 Indem
1580 2041 25 17 er
1615 2032 57 26 dem
1680 2035 89 25 Grund
1781 2045 28 17 so
1821 2037 71 26 einen
1903 2047 160 28 mattgrauen

1202 2074 57 23 Ton
1271 2072 77 35 geben
1363 2071 64 31 liefs,
1438 2078 103 29 ersparte
1556 2081 23 16 er
1593 2072 53 26 sich
1661 2073 49 26 viel
1724 2074 94 33 Arbeit,
1834 2076 66 28 denn
1916 2086 92 21 anstatt
2022 2082 41 27 die

1203 2109 60 28 Luft
1276 2111 27 25 in
1320 2112 150 34 gemischten
1489 2111 90 26 blauen
1591 2113 90 25 Tönen
1701 2122 31 17 zu
1753 2115 96 32 malen,
1871 2127 54 18 was
1946 2118 41 28 bei
2005 2122 59 27 dem

1203 2149 100 37 grofsen
1320 2149 112 36 Umfang
1451 2150 41 26 der
1511 2150 80 26 Bilder
1609 2151 56 27 sehr
1684 2152 98 27 schwer
1800 2155 45 35 ist,
1865 2156 68 29 kann
1953 2170 60 18 man
2035 2172 28 17 so

1203 2190 75 26 leicht
1292 2190 45 25 mit
1352 2190 61 26 Blau
1427 2190 59 25 über
1504 2189 48 26 den
1569 2190 80 27 schon
1663 2191 174 36 gebrochenen
1851 2198 89 26 Grund
1960 2200 105 29 lasieren

1203 2229 53 27 und
1267 2229 67 27 dann
1345 2229 46 26 mit
1402 2228 110 27 weifsem
1524 2229 65 26 Kalk
1601 2229 39 27 die
1651 2232 99 26 Lichter
1761 2233 134 31 aufsetzen.
1920 2240 64 26 Man
1995 2240 70 29 kann

1205 2268 59 27 oder
1274 2279 58 16 man
1343 2267 65 28 mufs
1419 2268 117 27 vielmehr
1550 2268 72 27 dabei
1632 2270 115 28 ziemlich
1761 2273 56 27 hart
1831 2276 54 26 und
1896 2276 64 30 keck
1972 2281 82 27 malen

1204 2308 31 26 da
1250 2308 65 26 doch
1330 2308 56 26 alles
1402 2307 47 27 viel
1464 2314 87 20 matter
1565 2309 52 25 und
1637 2311 100 37 stumpf
1751 2313 127 29 weifslich
1894 2303 171 46 auftrocknet!

1262 2350 63 23 Man
1345 2346 68 27 kann
1430 2347 69 26 nicht
1519 2348 126 27 Fresko-
1666 2351 54 26 mit
1739 2343 328 50 Wasserglasmalerei

1205 2386 140 31 verbinden,
1356 2386 31 27 da
1398 2386 42 26 das
1451 2388 154 36 Wasserglas
1616 2390 105 27 manche
1732 2393 92 27 Farben
1837 2396 53 36 (die
1902 2399 85 28 Ocker
1998 2411 19 17 z.
2026 2401 39 32 B.)

1205 2427 70 26 nicht
1285 2425 88 27 zuläfst
1383 2426 52 26 und
1446 2431 108 23 zerstört.
1579 2429 75 26 Auch
1665 2430 66 28 mufs
1743 2431 42 28 der
1796 2436 90 27 Grund
1898 2436 41 30 für
1949 2442 102 26 Wasser-

1205 2466 152 36 glasmalerei
1377 2476 42 16 aus
1441 2466 47 26 viel
1514 2466 175 30 Sandkörnern
1711 2471 116 34 bestehn,
1854 2476 79 29 durch
1959 2480 40 27 die
2024 2482 43 26 das

1204 2505 154 37 Wasserglas
1374 2505 65 27 dann
1454 2506 137 27 einsickern
1605 2509 53 26 und
1678 2511 45 26 mit
1743 2512 57 28 dem
1817 2517 104 28 Grunde
1938 2519 37 27 bis
1991 2521 77 27 innen

1205 2545 86 27 hinein
1297 2544 159 27 verwachsen
1464 2544 76 30 kann.
1552 2547 155 39 Chromgelb
1717 2552 30 26 ist
1758 2553 83 29 bisher
1851 2558 56 26 sehr
1915 2561 153 27 verschrieen

1206 2594 126 27 gewesen,
1353 2585 48 26 soll
1417 2585 90 36 jedoch
1525 2588 65 26 nach
1603 2590 81 26 Urteil
1704 2592 60 28 aller
1778 2595 137 30 Chemiker
1932 2599 27 27 in
1978 2600 90 27 Fresko

1207 2626 53 25 sehr
1274 2624 95 27 haltbar
1383 2625 59 26 sein.
1469 2627 47 25 Für
1529 2626 62 28 Blau
1606 2629 44 27 hat
1669 2641 60 18 man
1743 2643 47 18 nur
1805 2637 94 27 Smalte
1913 2639 53 27 und
1981 2641 88 26 echten

1239 2823 0 0 37
