3246 4389
2978 4078 76 41 177

127 1512 74 63 La
257 1514 202 83 Piage
510 1521 85 63 de
648 1521 120 67 Nie
820 1526 400 82 (Bretagne)

122 1634 223 40 Architecte
375 1651 8 23 :
412 1639 39 37 V.
482 1640 280 41 BOURGEOIS

120 1769 134 38 Toutes
289 1770 49 39 les
376 1772 131 50 plages
542 1778 203 38 existantes
778 1786 82 32 sont
896 1785 91 35 nées
1022 1785 19 36 à

120 1840 69 22 une
213 1829 76 36 très
313 1833 188 35 mauvaise
530 1833 159 48 période
715 1835 51 38 de
792 1835 173 41 l'histoire
992 1840 50 37 de

119 1880 4 51 !
142 1882 252 40 architecture
427 1892 40 32 et
498 1888 50 37 de
583 1888 246 43 l'urbanisme.

117 1937 59 37 Ce
204 1954 43 22 ne
275 1947 82 31 sont
383 1941 312 43 habituellement
719 1963 75 34 que
821 1966 82 22 rues
929 1954 94 36 étroi-

115 1997 68 40 tes,
235 1995 149 40 ateliers
433 1999 286 49 désagréables,
769 2011 270 36 constructions

115 2049 286 43 désordonnées
424 2058 60 47 qui
508 2072 40 22 se
572 2061 143 46 gênent
741 2063 296 47 mutuellement;

115 2105 118 39 hôtels
269 2116 158 32 souvent
463 2114 270 47 incommodes,
773 2121 141 47 petites
950 2124 66 35 mai-

113 2177 81 23 sons
223 2164 68 37 mal
320 2166 192 50 adaptées
540 2185 19 22 a
589 2170 29 38 la
646 2174 265 39 sous-location
940 2179 77 49 (pro-

112 2220 178 45 miscuité,
320 2221 167 41 absence
514 2226 49 37 de
589 2228 174 52 confort).

111 2274 60 38 Ou
195 2281 231 35 trouve-t-on
453 2296 45 22 en
525 2286 190 46 quantités
741 2287 216 41 suffisantes
983 2291 50 38 de

111 2329 28 38 la
173 2333 172 45 verdure,
381 2336 68 38 des
481 2353 162 35 espaces
677 2340 118 47 libres,
831 2345 68 38 des
934 2362 80 34 pers-

110 2390 195 45 pectives?
336 2392 20 36 S
374 2392 18 36 il
420 2396 116 36 existe
564 2396 85 50 deja
679 2399 68 37 des
773 2404 183 45 quartiers
985 2406 45 36 où

108 2442 50 39 les
193 2448 168 43 maisons,
399 2448 29 38 la
464 2453 126 43 voirie,
628 2452 49 39 les
712 2470 162 35 espaces
909 2458 119 46 libres,

107 2498 50 39 les
183 2501 235 49 plantations,
446 2512 64 32 ont
536 2510 65 35 été
627 2514 132 35 soumis
783 2515 19 34 à
832 2529 69 23 une
926 2517 87 37 intel-

106 2557 140 46 ligente
276 2559 192 51 discipline
496 2579 45 22 en
572 2581 70 22 vue
672 2567 84 38 d'un
788 2577 134 43 aspect
953 2573 75 49 plus

105 2617 235 36 harmonieux
372 2623 41 32 et
442 2619 84 37 d'un
559 2621 75 49 plus
665 2624 76 37 réel
772 2627 159 45 confort,
966 2645 41 22 au-

103 2684 93 23 cune
223 2673 75 36 cité
328 2672 203 49 balnéaire,
559 2679 19 35 à
609 2684 106 33 notre
744 2686 279 43 connaissance,

103 2740 16 21 n
139 2740 18 22 a
195 2742 140 24 encore
369 2733 65 35 été
470 2733 159 39 réalisée
663 2739 143 36 suivant
841 2755 43 21 un
921 2740 103 49 large

102 2780 81 50 plan
219 2783 246 49 d'ensemble,
503 2794 174 43 organisé
710 2794 101 38 selon
848 2795 50 39 les
933 2801 74 47 prin-

101 2839 103 47 cipes
240 2841 213 42 modernes.

99 2959 319 51 L'emplacement
445 2966 149 40 destiné
619 2971 19 36 à
668 2970 29 38 la
726 2975 75 36 cité
828 2974 192 41 balnéaire

96 3017 194 45 moderne,
319 3026 58 32 est
404 3024 345 46 particulièrement
775 3029 171 41 heureux.
976 3035 43 35 En

95 3072 112 45 effet,
231 3077 31 34 le
287 3076 152 49 plateau
462 3079 46 38 du
532 3096 20 21 «
578 3083 68 38 Nie
667 3099 31 29 »,
721 3085 93 39 dont
835 3086 183 42 l'altitude

94 3134 58 31 est
175 3133 76 35 très
273 3131 197 42 favorable
493 3138 19 35 à
536 3142 83 34 tous
642 3138 50 39 les
716 3144 121 46 points
861 3144 50 38 de
933 3161 82 28 vue,

94 3190 56 31 est
176 3189 94 35 situé
298 3188 31 37 le
357 3189 83 50 long
468 3192 49 38 de
545 3193 29 38 la
604 3197 89 37 côte
719 3197 250 42 d'Emeraude
996 3218 19 22 a

93 3256 42 20 un
172 3242 49 37 de
254 3259 58 23 ses
347 3246 75 49 plus
457 3248 119 39 beaux
611 3253 179 40 endroits.
825 3257 123 50 Voyez
983 3258 32 39 le

94 3312 169 34 paysage
303 3305 123 42 marin,
467 3304 31 38 le
538 3321 170 36 paysage
746 3316 192 41 terrestre,
978 3315 37 38 ils

89 3360 82 31 sont
200 3359 207 39 ravissants.
436 3364 184 47 Ajoutons
650 3381 84 34 que,
768 3368 108 49 placé
906 3377 108 33 entre

91 3409 48 38 les
170 3411 131 49 plages
329 3415 50 37 de
412 3418 133 38 Dinard
576 3426 40 32 et
644 3422 50 38 de
726 3424 284 47 Saint-Lunaire,

87 3467 92 37 dont
202 3467 4 60 i
225 3475 190 35 extension
435 3490 40 22 se
495 3476 69 38 fait
585 3478 92 38 dans
695 3495 38 23 sa
755 3481 195 46 direction,
967 3500 45 23 ce

86 3525 69 35 site
187 3528 135 47 unique
353 3544 80 23 sera
470 3533 311 47 prochainement
812 3541 199 49 incorporé

85 3594 18 21 a
139 3596 42 21 un
216 3589 131 33 centre
382 3585 192 42 balnéaire
607 3594 203 45 justement
841 3596 168 40 célèbre.

87 3636 45 37 Le
159 3637 80 49 plan
265 3639 22 37 d
307 3640 251 42 urbanisation
584 3646 50 38 de
660 3647 28 38 la
715 3652 76 34 cité
816 3650 193 40 balnéaire

84 3692 89 49 (voir
198 3693 95 52 plan)
318 3700 148 46 prévoit
489 3716 70 22 une
585 3703 153 39 division
764 3706 50 38 de
839 3706 29 38 la
892 3711 116 35 voirie

83 3763 45 22 en
159 3753 143 36 artères
332 3768 90 35 pour
451 3756 187 41 véhicules
667 3766 40 32 et
737 3777 91 34 pour
860 3766 148 47 piétons

82 3812 40 29 et
144 3821 70 22 une
237 3808 152 39 division
413 3813 47 36 du
484 3817 165 45 quartier
672 3832 45 22 en
738 3834 111 23 zones
873 3834 7 23 :
905 3820 82 37 habi-

80 3865 148 42 tations,
267 3865 128 46 hôtels,
432 3885 227 31 commerce,
696 3874 308 46 administration,

80 3921 136 42 casino,
242 3922 171 45 verdure,
442 3925 126 49 plage.

1234 1376 83 37 342.
1351 1375 79 38 Plan
1463 1380 154 47 général
1651 1382 272 54 schématique.

1155 1791 65 37 Les
1242 1795 145 35 artères
1413 1809 90 35 pour
1527 1799 147 47 piétons
1698 1810 273 41 comprennent
1997 1820 7 22 :

1161 1847 26 49 1)
1220 1847 80 38 Une
1321 1853 236 45 promenade
1578 1857 59 46 qui
1658 1854 110 49 longe
1787 1863 108 33 toute
1917 1860 28 37 la
1968 1864 75 35 cité
2065 1877 8 8 •

1150 1902 161 46 falaises,
1339 1909 126 35 casino
1489 1914 41 31 et
1556 1909 127 50 plage;

1151 1964 32 49 2)
1218 1965 95 37 Dans
1346 1965 31 38 le
1411 1971 165 45 quartier
1608 1971 262 47 d'habitation,
1905 1978 19 35 à
1958 1976 98 39 l'inté-

1150 2021 94 35 rieur
1268 2021 68 38 des
1362 2021 77 46 lots,
1468 2039 42 22 un
1535 2028 164 47 système
1725 2029 168 50 complet
1917 2032 49 37 de
1992 2048 60 22 sen-

1147 2077 88 36 tiers
1258 2077 204 49 ombrages
1484 2083 59 46 qui
1568 2089 148 42 permet
1737 2085 232 40 d'atteindre
1990 2094 62 33 tou-

1147 2136 57 33 tes
1227 2131 50 39 les
1301 2138 213 46 propriétés
1536 2138 49 37 de
1608 2139 29 37 la
1662 2141 75 36 cité
1761 2156 65 34 par
1848 2141 50 39 les
1921 2145 147 48 jardins;

1147 2188 32 49 3)
1212 2190 95 37 Dans
1333 2190 31 38 le
1389 2195 166 46 quartier
1580 2195 68 37 des
1676 2195 128 46 hôtels,
1834 2214 42 21 un
1906 2214 162 35 passage

1145 2247 60 46 qui
1237 2251 91 44 peut
1359 2249 83 36 être
1471 2256 156 32 couvert
1657 2267 45 22 en
1733 2268 63 23 cas
1824 2255 50 37 de
1905 2260 162 35 mauvais

1143 2305 125 45 temps
1290 2308 40 32 et
1353 2306 45 35 où
1422 2311 127 32 seront
1573 2311 165 46 groupés
1762 2310 68 38 des
1855 2314 113 47 petits
1992 2328 50 22 ma-

1142 2359 132 44 gasins,
1303 2359 68 38 des
1397 2360 94 45 bars,
1519 2368 75 33 etc.

1143 2415 26 34 D
1187 2419 107 33 autre
1323 2422 93 43 part,
1444 2420 94 36 voici
1568 2420 140 48 quelles
1734 2427 83 32 sont
1844 2422 49 39 les
1921 2428 143 35 artères

1141 2484 91 34 pour
1258 2471 188 40 véhicules
1476 2489 8 22 :

1146 2531 25 49 I)
1206 2531 78 38 Une
1305 2533 146 47 grande
1472 2538 126 35 artère
1618 2536 221 39 désservant
1858 2538 49 39 les
1930 2540 127 45 hôtels,

1139 2585 49 38 les
1228 2590 158 37 maisons
1424 2590 50 37 de
1515 2607 215 23 commerce
1769 2599 40 31 et
1849 2594 32 38 le
1921 2599 137 36 casino.

1137 2642 122 39 Cette
1290 2660 64 22 rue
1383 2646 184 38 s'amorce
1597 2649 19 35 à
1648 2648 29 37 la
1710 2650 129 47 grand'
1870 2657 107 32 route
2008 2653 49 36 de

1138 2700 133 37 Dinard
1304 2716 82 23 vers
1420 2703 283 46 Saint-Lunaire,
1734 2710 168 34 traverse
1933 2722 44 23 au
2010 2711 32 34 ni-

1133 2770 96 22 veau
1257 2756 69 38 des
1353 2762 270 35 constructions
1650 2760 31 37 le
1708 2765 165 45 quartier
1900 2763 68 38 des
1995 2763 41 38 hô-

1133 2811 79 44 tels,
1237 2813 197 38 s'enfonce
1457 2830 82 22 vers
1564 2815 29 38 la
1620 2815 123 50 plage,
1770 2832 108 35 passe
1903 2834 43 22 au
1971 2820 63 37 des-

1132 2882 83 23 sous
1255 2869 50 37 de
1345 2869 29 38 la
1420 2872 235 47 promenade
1696 2872 72 37 afin
1810 2874 50 37 de
1901 2890 44 21 ne
1989 2891 64 33 pas

1131 2926 249 49 interrompre
1415 2926 28 37 la
1479 2927 203 49 principale
1715 2932 124 34 artère
1874 2930 68 38 des
1977 2933 57 47 pié-

1129 2985 94 38 tons,
1250 2987 39 31 et
1316 2985 138 35 atteint
1478 2983 99 37 enfin
1604 2983 28 38 la
1660 3000 88 22 cour
1773 2985 205 38 d'honneur
2003 2987 46 37 du

1127 3051 155 29 oasino;
2036 3048 14 39 \

1129 3093 32 49 2)
1195 3095 71 36 Des
1300 3097 144 35 artères
1476 3097 19 35 à
1530 3095 140 49 l'usage
1703 3096 47 37 du
1784 3100 163 45 quartier
1981 3098 67 37 des

1129 3149 240 39 habitations.
1405 3150 78 39 Ces
1516 3154 103 35 voies
1652 3158 83 31 sont
1770 3152 194 49 éloignées
1997 3154 49 37 de

1126 3204 29 37 la
1185 3204 143 51 façade
1360 3206 203 51 principale
1593 3208 68 37 des
1689 3208 218 38 immeubles
1935 3210 50 37 de
2015 3210 29 37 la

1126 3263 124 36 même
1278 3262 171 38 distance
1477 3279 74 34 que
1578 3264 49 38 les
1654 3267 156 35 sentiers
1834 3271 82 31 sont
1943 3269 83 35 écar-

1122 3320 60 35 tés
1206 3318 68 38 des
1298 3318 162 50 façades
1488 3323 264 46 postérieures.

1125 3374 46 36 Le
1194 3389 20 21 «
1238 3375 140 48 Zoning
1404 3391 19 21 »
1448 3391 39 22 se
1510 3375 180 38 distribue
1714 3377 49 36 de
1788 3376 29 37 la
1842 3377 112 49 façon
1978 3380 50 35 sui-

1121 3435 114 32 vante
1259 3446 7 22 :

1129 3486 26 49 I)
1188 3487 52 36 Un
1274 3490 165 46 quartier
1469 3488 280 43 d'habitations,
1784 3504 90 34 pour
1905 3489 28 37 la
1970 3490 54 50 plu-

1122 3548 83 43 part
1249 3545 191 36 orientées
1483 3549 195 39 est-ouest,
1724 3547 44 35 où
1813 3560 80 22 sera
1942 3546 99 38 donc

1118 3598 112 38 facile
1256 3615 42 21 un
1325 3599 295 38 ensoleillement
1644 3600 49 38 de
1719 3606 82 32 tous
1826 3600 50 38 les
1901 3603 137 37 locaux.

1118 3657 56 34 Au
1211 3655 147 49 surplus,
1399 3671 89 34 pour
1525 3671 70 22 une
1630 3657 145 47 grande
1815 3660 120 46 partie
1970 3658 68 38 des

1117 3711 230 44 immeubles,
1369 3717 107 32 cette
1498 3714 225 36 orientation
1745 3714 55 36 Est
1820 3714 215 38 coïncidera

1116 3782 95 22 avec
1232 3766 30 38 la
1286 3783 70 22 vue
1378 3768 50 37 de
1450 3767 29 38 la
1504 3783 77 22 mer
1602 3769 135 49 (partie
1764 3770 269 51 Nord-Ouest),

1115 3822 50 37 les
1188 3825 157 36 maisons
1365 3829 126 31 seront
1513 3824 197 49 disposées
1731 3840 46 22 en
1799 3825 149 47 gradins
1969 3829 50 35 sui-

1113 3884 88 31 vant
1228 3878 30 38 la
1287 3885 117 43 pente
1431 3879 178 39 naturelle
1637 3881 47 37 du
1710 3880 50 38 sol
1787 3884 58 46 qui
1874 3882 159 37 s'incline

1114 3934 46 37 du
1189 3940 177 45 pourtour
1390 3951 82 23 vers
1495 3935 29 38 la
1551 3951 86 30 mer,
1662 3951 82 22 vers
1769 3936 31 37 le
1824 3939 206 48 spectacle,

2213 310 146 22 comme
2385 298 91 37 dans
2500 314 43 22 un
2567 300 163 40 theatre.
2758 304 44 37 Le
2827 304 82 50 long
2935 307 68 39 des
3027 309 86 38 falai-

2210 365 68 28 ses,
2305 351 67 38 des
2398 352 212 49 bungalows
2635 362 212 43 pourraient
2871 364 82 37 être
2977 365 150 45 édifiés;

2210 405 90 38 dans
2327 407 31 38 le
2384 408 198 39 deuxième
2610 410 240 51 lotissement,
2878 418 67 38 des
2971 424 156 36 maisons

2210 463 18 35 à
2259 477 42 22 un
2328 466 130 46 étage,
2489 465 31 38 le
2547 467 148 39 dernier
2723 469 239 49 lotissement,
2991 476 31 37 le
3054 477 74 50 plus

2209 517 149 48 éloigné
2388 520 49 37 de
2465 520 28 38 la
2523 537 87 30 mer,
2639 529 107 33 étant
2773 530 149 36 réservé
2949 546 64 23 aux
3040 537 65 33 mai-

2207 588 81 23 sons
2316 574 49 38 les
2394 576 74 49 plus
2495 577 165 40 élevées.
2688 582 79 37 Une
2795 584 255 49 implantation
3079 605 44 21 en

2206 632 209 45 quinconce
2436 634 248 39 renforcerait
2706 638 219 47 également
2947 642 49 38 les
3017 644 90 38 résul-

2203 690 84 39 tats,
2314 686 49 38 les
2391 689 124 48 profils
2539 690 67 39 des
2632 692 173 40 hauteurs
2829 696 240 47 différentes;

2203 744 31 49 2)
2267 744 52 37 Un
2348 750 164 45 quartier
2542 749 170 46 d'hôtels,
2742 753 93 38 dont
2862 754 49 38 les
2940 756 75 50 plus
3042 774 59 23 vas-

2200 804 57 33 tes
2282 805 194 36 construits
2502 819 45 22 en
2575 805 162 40 bordure
2765 809 49 37 de
2842 809 29 38 la
2900 826 76 24 mer
3001 814 96 50 adop-

2199 859 165 35 teraient
2398 874 42 21 un
2475 860 188 50 dispositif
2695 879 45 21 en
2773 880 21 21 «
2827 868 141 47 zig-zag
3003 885 31 28 »,
3069 871 49 37 de

2198 925 111 35 raoçn
2331 915 108 47 qu'un
2462 917 155 38 nombre
2638 922 190 36 maximum
2851 923 49 37 de
2920 924 197 41 chambres

2199 969 100 35 aient
2326 985 70 22 vue
2424 986 55 22 sur
2506 972 29 37 la
2563 988 77 23 mer
2666 981 49 38 et,
2744 977 148 39 d'autre
2920 986 92 43 part,
3042 998 74 33 que

2198 1021 247 42 l'orientation
2488 1028 101 38 Nord
2631 1030 74 38 leur
2742 1035 70 35 soit
2850 1037 139 37 évitée.
3029 1040 65 35 Der-

2196 1080 94 36 rière
2319 1096 62 22 ces
2411 1082 161 49 palaces,
2605 1085 49 39 les
2682 1093 124 33 autres
2836 1090 129 46 hôtels,
2996 1097 99 35 orien-

2194 1136 57 35 tés
2283 1136 208 47 Est-Ouest,
2522 1146 39 32 et
2592 1141 50 38 les
2671 1159 233 26 commerces
2934 1148 68 38 des
3033 1166 60 32 pas-

2193 1204 111 33 sages
2326 1200 173 33 couverts
2519 1197 247 41 formeraient
2787 1217 42 22 un
2854 1207 165 45 quartier
3045 1209 50 45 pit-

2192 1251 180 45 toresque
2395 1256 39 31 et
2458 1255 121 35 animé
2604 1270 43 22 au
2673 1256 117 38 milieu
2815 1258 51 37 de
2890 1259 29 37 la
2947 1263 89 42 cité;

2193 1306 31 48 3)
2257 1306 51 37 Un
2331 1313 164 44 quartier
2516 1328 150 24 reserve
2686 1331 44 22 au
2753 1319 117 46 grand
2892 1336 215 24 commerce

2191 1366 40 31 et
2259 1363 19 36 à
2310 1363 328 44 l'administration.
2669 1371 165 50 Contigu
2866 1390 43 22 au
2942 1381 165 45 quartier

2191 1417 67 37 des
2285 1418 127 46 hôtels,
2441 1421 17 37 il
2485 1429 57 32 est
2569 1426 140 38 installe
2735 1428 31 37 le
2793 1429 82 49 long
2905 1432 49 37 de
2982 1432 30 38 la
3041 1450 63 22 rue

2191 1475 216 49 principale;

2187 1533 34 48 4)
2254 1534 51 36 Un
2336 1539 124 35 casino
2488 1547 188 42 groupant
2704 1548 82 33 tous
2815 1545 50 38 les
2895 1547 125 39 locaux
3048 1553 37 34 ré-

2187 1592 124 34 servés
2330 1606 63 22 aux
2412 1596 222 46 spectacles,
2655 1613 19 22 a
2697 1598 28 37 la
2747 1600 139 39 culture
2908 1604 191 50 physique,

2187 1658 64 22 aux
2283 1647 236 40 installations
2552 1651 323 54 thérapeutiques,
2909 1665 86 38 etc.,
3031 1677 71 22 une

2188 1703 120 44 partie
2345 1706 113 35 serait
2493 1709 176 37 réservée
2707 1726 64 22 aux
2808 1713 161 45 enfants;
3010 1732 89 34 pour

2185 1755 153 45 celle-ci,
2364 1774 42 21 un
2429 1760 166 39 mobilier
2616 1768 112 34 serait
2749 1783 115 34 conçu
2886 1772 20 34 à
2931 1770 166 41 l'échelle

2184 1810 67 37 des
2276 1816 125 44 petits.
2425 1816 46 37 Le
2492 1820 69 34 toit
2584 1820 46 36 du
2653 1824 136 41 casino,
2813 1827 60 46 qui
2897 1830 181 35 constitue-

2184 1869 67 34 rait
2281 1872 91 34 aussi
2403 1886 69 22 une
2505 1877 244 45 promenade,
2783 1894 44 22 ne
2859 1880 238 51 dépasserait

2184 1936 64 34 pas
2283 1922 28 38 la
2347 1925 155 39 hauteur
2535 1930 49 36 de
2618 1931 29 36 la
2682 1934 145 46 grande
2862 1940 233 45 promenade

2183 1977 176 51 publique
2385 1985 60 45 qui
2471 1986 164 46 regarde
2660 1987 28 37 la
2716 2004 87 24 mer.

2182 2034 43 36 La
2259 2035 214 40 différence
2505 2041 49 36 de
2588 2045 128 36 niveau
2750 2048 58 46 qui
2840 2050 114 36 existe
2986 2056 106 32 entre

2180 2095 106 33 cette
2321 2095 125 36 artère
2480 2098 176 37 réservée
2690 2101 19 35 à
2746 2100 28 38 la
2809 2103 148 38 marche
2990 2112 39 30 et
3062 2106 28 37 la

2181 2145 123 49 plage,
2335 2155 129 32 centre
2493 2152 67 38 des
2587 2154 121 44 ébats,
2739 2164 147 42 permet
2914 2159 161 40 l'édifica-

2177 2204 75 35 tion
2279 2203 83 38 d'un
2389 2208 139 43 casino;

2178 2261 33 49 5)
2241 2263 122 38 Outre
2387 2264 50 39 les
2460 2282 160 35 espaces
2644 2269 117 46 libres,
2787 2275 79 47 jeux
2889 2275 49 37 de
2960 2280 128 42 tennis,

2176 2318 143 48 jardins,
2348 2323 178 44 réservés,
2556 2324 99 38 de-ci
2683 2327 111 44 de-là,
2824 2329 90 39 dans
2942 2331 30 37 la
3001 2336 84 40 cité,

2175 2373 49 37 les
2251 2374 150 40 falaises
2428 2381 59 46 qui
2516 2383 226 37 constituent
2770 2399 63 22 son
2860 2388 223 48 avant-plan,

2173 2433 162 34 seraient
2368 2448 224 25 conservées
2622 2437 104 38 telles
2758 2441 138 47 quelles
2928 2458 55 21 sur
3015 2460 70 21 une

2173 2486 230 47 profondeur
2428 2504 184 36 moyenne
2636 2493 49 37 de
2709 2496 46 35 30
2778 2499 138 36 mètres
2939 2498 42 49 (la
3009 2500 74 49 plus

2171 2540 109 52 belle)
2305 2549 40 31 et
2370 2548 201 36 terminées
2593 2562 81 24 vers
2700 2549 196 40 l'intérieur
2923 2568 64 34 par
3012 2570 69 22 une

2171 2599 246 46 promenade.
2449 2602 46 36 Le
2525 2606 123 35 casino
2678 2609 113 33 serait
2820 2608 138 38 installé
2990 2611 91 37 dans

2168 2651 28 38 la
2224 2653 261 40 dénivellation
2512 2658 49 37 de
2588 2658 29 38 la
2645 2660 122 49 plage,
2794 2662 49 38 de
2868 2663 112 50 façon
3007 2682 73 33 que

2166 2711 70 34 soit
2265 2714 112 33 sauvé
2406 2711 157 51 l'aspect
2592 2716 139 37 naturel
2761 2717 49 37 de
2841 2725 63 32 cet
2932 2722 149 38 endroit

2165 2769 322 47 caractéristique.
2536 2770 99 37 Nous
2686 2787 158 33 pensons
2893 2790 74 34 que
3015 2793 63 22 ces

2164 2822 99 35 coins
2291 2822 49 36 de
2368 2828 129 32 nature
2525 2827 19 34 à
2575 2825 104 38 l'état
2707 2830 152 46 originel
2890 2837 82 32 sont
3003 2833 74 49 plus

2163 2874 119 39 beaux
2318 2892 73 34 que
2424 2884 82 33 tous
2541 2880 49 38 les
2626 2883 132 48 jardins
2793 2886 187 39 artificiels
3015 2892 59 46 qui

2161 2935 214 44 pourraient
2399 2936 82 35 être
2507 2938 181 44 inventés;

2159 2990 33 49 6)
2224 2990 42 37 La
2290 2991 111 50 plage
2420 2997 113 35 serait
2552 2997 206 39 accessible
2780 3003 83 46 près
2881 3001 47 37 du
2948 3006 125 35 casino

2159 3060 65 34 par
2253 3047 67 37 des
2349 3051 155 37 sentiers
2531 3053 18 35 à
2578 3057 140 34 travers
2746 3054 29 37 la
2803 3070 20 21 «
2850 3072 92 22 zone
2970 3065 83 32 natu-

2157 3102 86 37 relle
2265 3119 20 20 »
2309 3109 40 31 et
2370 3106 19 35 à
2413 3120 63 22 son
2501 3110 196 35 extrémité
2723 3110 256 47 Nord-Ouest,
3007 3130 64 33 par

2156 3172 42 22 un
2229 3159 155 38 escalier
2413 3164 59 46 qui
2503 3163 208 38 dévalerait
2740 3166 49 37 de
2817 3166 29 38 la
2876 3168 143 40 falaise.
3052 3171 17 37 Il

2153 3217 112 34 serait
2285 3222 186 43 opportun
2492 3218 236 49 d'envisager
2748 3221 29 37 la
2797 3226 166 36 création
2983 3226 84 38 d'un

2153 3284 133 35 moyen
2316 3274 59 47 qui
2405 3278 238 44 permettrait
2670 3276 242 47 d'atteindre,
2942 3282 19 35 à
2994 3297 49 22 ma-

2152 3328 65 35 rée
2246 3326 123 45 haute,
2398 3328 29 37 la
2458 3328 111 50 plage
2597 3334 120 35 située
2744 3335 18 35 à
2791 3333 80 38 l'Est
2898 3336 168 49 (escalier

2151 3382 221 38 escaladant
2410 3384 28 37 la
2481 3385 127 39 falaise
2648 3403 44 22 ou
2734 3404 161 34 passage
2934 3407 21 20 «
2995 3408 54 23 sus-

2152 3438 125 48 pendu
2306 3454 19 22 »
2353 3441 19 35 à
2398 3439 97 39 flanc
2521 3441 50 38 de
2598 3442 156 52 falaise).
2784 3446 42 36 La
2859 3446 111 49 plage
3000 3449 44 36 de-

2148 3496 93 34 vrait
2267 3494 219 48 également
2512 3504 216 43 comporter
2756 3516 69 22 une
2855 3505 119 46 partie
3005 3507 58 46 qui

2148 3549 194 38 formerait
2372 3566 41 21 un
2445 3552 118 37 bassin
2595 3554 50 37 de
2676 3559 167 35 natation
2874 3561 44 35 où
2950 3563 112 35 serait

2147 3610 168 39 retenue,
2338 3609 18 34 à
2379 3610 127 35 marée
2528 3608 119 45 basse,
2670 3626 69 22 une
2760 3616 168 36 certaine
2949 3631 91 33 quan-

2145 3662 70 35 tité
2244 3661 21 36 d
2284 3676 84 24 eau.
2396 3663 129 45 Quant
2552 3680 64 22 aux
2644 3667 158 44 enfants,
2831 3668 36 38 ils
2893 3670 148 50 dispose-

2145 3719 119 34 raient
2298 3718 21 36 d
2340 3733 41 21 un
2417 3721 81 35 coin
2533 3721 50 37 de
2619 3721 121 49 plage,
2777 3739 45 22 en
2856 3730 203 35 connexion

2145 3787 94 23 avec
2275 3773 93 37 celui
2407 3777 58 47 qui
2504 3775 73 38 leur
2615 3783 58 32 est
2711 3781 149 36 réservé
2898 3782 91 38 dans
3027 3784 32 37 le

2142 3827 194 50 complexe
2365 3830 46 36 du
2442 3834 137 35 casino.

2142 3876 0 1 i

2958 3950 38 38 V.
3028 3952 32 36 B.
