4214 4005
621 249 365 50 POESIA

802 554 190 89 LA
1096 534 1006 111 CONQUISTA

1101 803 199 53 Canto
1343 797 95 54 de'
1482 793 324 71 pleniluni

1428 1119 62 41 II.

862 1286 109 41 Non
1003 1284 128 40 forse
1164 1282 14 40 i
1211 1279 182 50 mondi,
1425 1276 81 41 nel
1537 1272 237 55 perpetuo
1807 1270 108 53 giro

862 1364 261 53 compagni
1157 1362 44 41 al
1233 1361 180 48 nostro,
1446 1370 24 28 e
1504 1367 135 30 come
1672 1355 36 39 il
1738 1351 168 42 nostro
1938 1348 93 54 ligi

867 1446 215 43 all'astro
1114 1444 266 52 imperator
1412 1441 89 40 che
1531 1437 133 42 tutto
1697 1445 156 39 move,

867 1539 120 32 sono
1021 1525 225 53 alberghi
1279 1524 51 39 di
1360 1520 138 42 vita?
1531 1531 25 30 e
1586 1529 99 30 non
1716 1512 89 56 più
1835 1512 160 54 vaghe

869 1621 198 32 crescon
1097 1605 132 44 lassù
1261 1616 91 30 con
1383 1601 283 43 altr'ordine
1697 1597 129 54 proli

871 1693 164 42 d'erbe
1067 1703 22 28 e
1125 1690 48 41 di
1204 1688 137 41 bruti
1359 1686 18 41 ?
1408 1698 24 28 e
1464 1681 206 43 trionfai
1699 1676 257 57 lignaggio

870 1775 53 41 di
952 1771 117 56 geni
1101 1770 119 42 alati
1251 1782 24 27 e
1309 1769 52 40 di
1390 1765 197 55 giganti
1618 1761 174 42 annosi

874 1868 57 29 su
962 1854 162 53 quelle
1157 1850 143 55 glebe
1332 1859 99 30 non
1463 1846 159 42 esulta
1655 1855 25 29 o
1713 1842 117 42 cade
1848 1841 17 40 ?

872 1950 24 28 e
929 1948 126 30 nove
1087 1935 145 40 Ateni
1265 1944 23 29 e
1319 1942 126 30 nove
1478 1929 151 40 Rome
1661 1928 52 39 in
1745 1925 114 51 alto,

872 2019 163 43 nobili
1067 2029 22 29 e
1121 2015 140 43 vaste
1293 2011 86 55 più
1411 2011 128 59 dellp
1571 2008 235 50 terrestri,

879 2114 99 29 non
1011 2108 291 33 corruscano
1336 2096 44 41 al
1415 2095 99 41 sole
1531 2094 18 39 ?
1581 2105 24 28 e
1638 2086 285 59 gl'ignorati

876 2183 159 42 nostri
1065 2180 237 54 germani,
1336 2176 129 41 servi
1496 2171 240 45 anch'essi
1768 2182 26 29 a
1825 2168 169 52 Morte,

880 2267 84 53 poi
994 2265 90 41 che
1114 2264 147 39 Amor
1293 2259 165 53 d'ogni
1490 2268 141 42 spera
1661 2254 25 42 è
1719 2253 256 49 cittadino,

884 2344 341 56 spirtalmente
1256 2353 99 29 non
1388 2338 206 43 amano?
1625 2349 25 28 e
1681 2334 295 52 un'insigne

881 2430 128 51 Arte,
1044 2427 175 40 sorella
1252 2422 217 43 all'Ideai
1501 2419 226 53 perfetto,

882 2523 101 29 non
1015 2509 182 41 adorali
1230 2503 274 43 cantando?
1535 2514 24 28 e
1591 2502 37 39 il
1658 2497 277 54 suggellato

886 2593 220 42 misterio
1140 2591 129 40 della
1299 2588 113 39 Vita
1444 2597 91 29 con
1566 2582 249 53 l'ingegno

889 2673 86 56 più
1007 2672 255 54 gagliardo
1294 2679 100 31 non
1426 2667 241 52 frangono
1686 2664 18 40 ?
1745 2676 24 28 e
1797 2662 96 40 alla
1925 2660 158 50 Terra,

888 2758 143 53 quasi
1064 2768 27 28 a
1119 2753 158 42 teatro
1312 2752 49 40 di
1397 2749 133 41 follie
1562 2745 217 53 cruento,

891 2839 129 42 nelle
1050 2837 188 42 vedove
1270 2833 131 41 notti
1431 2841 145 30 senza
1606 2828 111 41 velo

890 2933 103 30 non
1025 2918 269 42 intendono
1327 2916 36 39 il
1396 2913 147 53 ciglio
1575 2909 242 54 vigilante
1834 2908 16 43 ?

951 3115 58 40 In
1043 3114 99 40 alto
1161 3112 6 40 !
1201 3112 52 39 in
1285 3109 98 40 alto
1404 3109 7 39 !
1445 3118 135 29 come
1611 3104 46 40 al
1689 3100 269 44 cancellato

2579 522 158 41 secolo
2771 521 35 39 il
2836 520 155 40 bardo
3022 515 277 44 Occidental
3331 512 208 41 cantava
3557 520 9 40 ;

2583 606 52 40 in
2667 604 98 40 alto
2786 604 7 39 !
2827 604 52 38 in
2911 601 99 41 alto
3030 601 8 39 !
3072 611 24 28 e
3129 599 94 39 alle
3256 593 239 56 gioconde
3529 588 153 51 stelle,

2583 686 194 41 ardenti
2809 682 119 42 cifre
2963 680 245 43 d'idioma
3238 679 181 48 eterno,

2582 769 139 52 quasi
2754 778 27 29 a
2813 765 187 52 pupille
3029 760 211 43 trèmule
3270 757 207 42 d'amate

2584 851 174 47 donne,
2793 845 200 43 nell'ora
3024 842 87 55 più
3142 841 219 53 propizia
3393 837 38 41 a'
3464 836 154 53 sogni,

2583 934 110 38 leva
2725 929 244 42 l'infermo
3001 924 251 42 Desiderio
3284 922 36 40 il
3351 921 121 39 viso.

2586 1014 124 40 Novi
2744 1010 177 50 Titani,
2953 1007 195 41 loricati
3181 1014 178 32 ancora

2589 1098 50 39 di
2672 1093 231 53 superbia
2935 1103 24 29 e
2992 1089 250 49 d'invidia,
3276 1081 356 45 accumulando

2587 1188 99 29 non
2719 1173 85 54 più
2836 1173 150 40 l'Ossa
3017 1171 60 41 ed
3110 1170 34 39 il
3176 1169 135 39 Pelio
3344 1165 170 41 contra
3546 1162 204 50 Olimpo,

2591 1272 78 29 ma
2701 1258 194 53 giogaie
2927 1256 51 40 di
3008 1251 205 51 numeri,
3247 1249 38 42 a'
3318 1245 272 57 gemmanti

2593 1340 252 55 pulvinari
2876 1338 78 40 del
2987 1336 90 41 ciel
3109 1329 339 45 tenacemente

2596 1425 96 38 dan
2724 1423 47 38 la
2803 1420 181 41 scalata
3016 1416 78 42 del
3127 1413 209 44 Cronìde
3368 1413 18 39 i
3416 1410 119 53 figli,

2594 1515 87 41 per
2713 1500 266 43 discacciar
3010 1498 128 40 dalle
3171 1504 208 43 superne
3412 1491 116 41 Case

2594 1585 212 42 l'ultimo
2841 1584 217 50 inganno
3092 1590 23 28 e
3147 1576 212 42 l'ultima
3388 1584 168 41 paura.

2597 1669 71 40 Ed
2701 1677 113 30 ecco
2848 1665 35 40 il
2914 1664 117 41 nato
3063 1660 132 41 dalla
3224 1658 198 40 fiamma
3454 1655 114 41 diva

2597 1749 163 42 l'estro
2793 1747 187 49 ribelle,
3012 1744 174 41 sciolto
3219 1742 36 39 il
3285 1750 82 30 reo
3398 1735 254 55 sgomento

2601 1828 334 51 dell'Infinito,
2967 1836 208 30 noverar
3205 1819 231 43 s'attenta

2601 1916 15 39 i
2648 1912 169 42 mondi
2850 1910 144 41 effusi
3025 1909 52 40 in
3106 1907 195 40 radiosa
3331 1903 155 53 polve,

2603 2007 24 29 e
2660 1994 127 41 sulla
2818 1993 140 39 lance
2991 1989 78 41 del
3100 1987 194 53 pensier
3325 1993 171 30 secura

2605 2073 332 56 giustamente
2968 2072 37 39 li
3035 2069 231 54 pondera,
3299 2064 42 42 sì
3373 2076 135 29 come

2606 2157 136 43 orafo
2775 2156 194 40 accorto
3002 2163 93 29 con
3125 2162 85 29 sue
3242 2149 133 52 perle
3407 2157 121 30 rare.

2663 2352 23 40 I
2718 2350 199 42 vassalli
2949 2347 78 41 del
3059 2346 78 41 Sol
3170 2344 189 53 pianeti
3391 2340 195 49 erranti,

2611 2435 89 41 che
2730 2430 272 52 nell'aprile
3036 2427 130 42 della
3195 2425 178 40 Istoria
3405 2422 138 41 onori

2612 2519 181 39 trasser
2823 2511 159 43 divini
3015 2523 24 28 e
3071 2507 249 42 simulacri
3353 2517 22 27 e
3408 2504 152 40 carmi

2612 2595 351 53 meravigliosi,
2996 2604 23 28 e
3050 2591 129 41 nelle
3210 2586 80 43 età
3321 2586 239 42 d'acciaro

2615 2690 91 29 con
2738 2678 43 39 le
2815 2674 244 42 discordie
3092 2684 24 28 e
3149 2681 92 31 con
3271 2669 46 40 le
3348 2678 148 29 nozze
3528 2664 187 41 alterne

2617 2759 71 43 de'
2723 2758 152 41 reami
2906 2764 242 44 segnaron
3179 2752 44 40 le
3256 2750 144 41 fatali

2615 2841 205 42 vicende
2852 2852 24 27 e
2909 2838 134 53 degli
3073 2834 183 51 umani,
3289 2845 27 28 a
3345 2843 100 29 una
3476 2841 26 30 a
3533 2839 99 30 una

2617 2925 45 38 le
2693 2921 247 55 presagite
2972 2915 332 43 concordanze
3327 2923 174 30 arcane

2620 3018 87 29 con
2743 3003 173 54 questa
2946 2999 184 42 sororal
3162 2998 147 40 Terra
3340 3005 150 29 coeva

2620 3086 199 44 svelano
2852 3084 46 41 al
2928 3081 201 55 guardo,
3163 3076 71 43 de'
3266 3075 219 55 possenti
3515 3071 187 43 armato

2243 3811 222 98 6
