4214 4005
404 183 182 49 POE
611 182 81 47 SI
715 181 51 47 A

552 480 1335 161 ROMANCES

1207 827 36 39 I.

687 1002 68 40 La
783 1001 132 40 brise
946 1011 27 29 a
1002 1010 139 41 passe
1173 998 121 40 dans
1324 996 70 40 les
1425 994 239 42 branches

685 1107 55 6 —
771 1082 76 41 Ma
877 1081 95 41 mie
1005 1093 27 28 a
1062 1076 189 55 trompó
1282 1088 115 29 mon
1429 1087 171 30 amour
1630 1097 56 6 —

686 1163 219 41 L'oiseau
936 1161 99 41 fuit
1065 1173 109 29 vers
1206 1172 67 28 un
1304 1169 228 32 nouveau
1557 1157 117 52 jour

685 1246 91 40 Les
805 1256 185 42 vagues
1021 1255 84 29 sur
1135 1243 47 40 la
1213 1253 102 29 mer
1347 1241 110 40 sont
1486 1239 250 41 blanches.

686 1403 90 40 Les
807 1401 246 42 corbeaux
1083 1397 225 43 suivront
1338 1397 69 40 les
1439 1394 246 42 colombes

686 1508 56 5 —
772 1484 76 40 Ma
878 1484 96 39 mie
1007 1494 26 28 a
1062 1477 191 55 trompé
1283 1490 116 29 mon
1430 1488 171 29 amour
1629 1498 55 7 —

685 1566 170 40 Fleurs
887 1565 47 40 et
965 1563 146 41 fruits
1139 1561 122 41 vont
1291 1561 90 40 elio
1387 1561 41 38 ir
1458 1559 113 39 tour
1602 1556 26 41 à
1658 1557 126 52 tour,

687 1646 253 42 J'entends
971 1643 157 42 là-bas
1159 1653 193 31 creuser
1384 1642 81 40 des
1496 1639 207 41 tombes.

689 1804 120 42 C'en
841 1803 73 41 est
945 1800 94 43 fini
1072 1803 58 39 de
1162 1812 78 28 ma
1265 1801 228 52 jeunesse

687 1911 56 5 —
772 1886 76 40 Ma
879 1886 96 40 mie
1007 1896 27 28 a
1064 1879 189 55 trompé
1284 1892 115 29 mon
1431 1890 170 30 amour
1634 1902 55 5 —

690 1968 133 42 C'est
852 1968 47 40 la
929 1967 144 51 neige
1104 1977 82 29 sur
1216 1965 45 39 le
1292 1962 177 41 labour

689 2050 130 41 Dont
844 2050 50 51 je
925 2048 159 40 crains
1116 2057 94 42 que
1240 2045 107 40 rien
1377 2055 60 29 ne
1469 2043 231 40 renaisse.

1194 2264 63 40 II.

688 2437 170 43 Hélas!
885 2436 86 56 j'ai
1002 2437 159 53 perdu
1190 2436 47 39 le
1267 2433 140 42 soleil

688 2522 132 41 Aveo
848 2518 207 42 l'amour
1086 2518 58 40 de
1175 2527 78 29 ma
1285 2526 269 41 compagne

693 2602 92 51 Qui
814 2614 77 29 me
923 2612 106 29 sera
1060 2600 59 40 de
1149 2598 101 41 boli
1281 2597 182 41 conseil
1478 2596 18 40 ?

689 2709 58 6 —
777 2685 94 40 Oh!
903 2681 180 54 l'orage
1115 2692 84 29 sur
1228 2681 48 39 la
1305 2678 290 54 montagne!

691 2842 68 41 La
788 2841 136 52 pluie
956 2840 73 40 est
1060 2834 112 56 déjà
1203 2848 82 30 sur
1314 2847 102 29 mes
1446 2836 171 51 mains,

691 2925 66 40 Le
786 2922 121 42 vent
936 2934 76 29 me
1042 2920 228 54 poursuit
1299 2918 48 42 et
1378 2920 76 39 mè
1486 2928 158 42 gagne

692 3005 58 42 Je
782 3005 100 40 suis
914 3003 46 41 le
990 3002 87 41 fou
1107 3012 88 41 par
1224 3001 70 40 les
1326 3000 233 41 cliemins.

691 3111 56 7 —
777 3086 94 42 Oli!
903 3086 48 41 la
982 3083 172 42 foudre
1186 3095 84 29 sur
1299 3082 48 41 la
1377 3080 286 54 montagne!

693 3242 93 51 Qui
814 3242 179 42 rendra
1023 3241 47 41 la
1101 3241 114 51 paix
1248 3237 26 42 à
1304 3249 114 30 mon
1450 3247 145 31 coeur

691 3326 62 41 Et
782 3326 70 41 les
882 3325 242 39 moissons
1157 3320 26 43 à
1211 3322 49 40 la
1290 3318 300 55 campagne?

693 3409 195 48 Amour,
914 3406 51 52 je
998 3402 229 54 t'appelle
1258 3402 50 41 et
1333 3401 85 53 j'ai
1449 3401 142 52 peur!

693 3514 56 6 —
781 3487 91 42 Oh!
905 3487 45 42 le
982 3486 138 42 soleil
1153 3496 83 31 sur
1265 3485 47 40 la
1343 3482 290 53 montagne!

2903 455 89 42 III.

2411 644 96 42 J'ai
2535 655 67 31 vu
2634 654 53 29 ce
2718 640 158 42 matin
2905 637 122 42 trois
3059 632 245 45 colombes

2413 727 171 40 Passer
2615 725 120 41 dans
2767 722 46 40 le
2845 720 92 40 ciel
2968 716 167 43 violet.

2409 810 166 39 Beaux
2607 805 208 52 enfants,
2847 801 168 55 portez
3045 810 84 30 sur
3157 797 122 42 trois
3311 793 194 44 tombes

2414 891 67 41 La
2510 901 119 41 rose,
2662 889 45 40 le
2738 887 77 54 lys
2848 886 49 41 et
2927 882 202 44 l'ceillet.

2415 1060 99 51 Toi,
2547 1058 85 54 qui
2664 1068 128 29 seras
2824 1055 46 41 le
2899 1054 112 52 plus
3040 1051 142 52 beau,
3215 1050 165 41 donne

2413 1140 222 43 L'oeillet
2665 1138 27 43 à
2721 1136 231 44 l'amante
2985 1134 116 42 d'un
3125 1134 130 53 jour,

2413 1224 64 39 Le
2508 1223 77 51 lys
2617 1219 27 43 à
2674 1219 121 42 celle
2828 1218 86 53 qui
2945 1215 79 42 fut
3053 1215 165 41 bonne

2411 1305 61 41 Et
2502 1305 48 40 la
2579 1314 107 29 rose
2718 1299 27 43 à
2775 1310 115 31 mon
2921 1298 104 42 seul
3057 1308 185 30 amour.

2414 1475 116 41 Puis
2560 1473 230 42 retourne
2823 1472 176 39 danser
3029 1469 48 39 la
3107 1468 153 40 ronde

2417 1558 91 42 Sur
2536 1557 48 39 la
2616 1554 152 52 route,
2801 1554 50 40 et
2880 1564 60 28 ne
2972 1552 194 40 reviens
3198 1561 110 41 pas:

2414 1639 174 41 Aucun
2617 1637 226 40 bonheur
2871 1646 62 29 ne
2966 1634 120 40 dure
3118 1643 63 29 au
3210 1629 183 45 monde

2414 1721 116 40 Plus
2563 1731 92 41 que
2686 1719 48 40 la
2764 1718 134 39 trace
2930 1715 59 42 de
3018 1714 75 41 tes
3124 1724 100 42 pas.

2911 1984 79 42 IV.

2415 2172 64 40 Le
2511 2170 121 42 vent
2662 2169 176 42 soufflé
2869 2179 84 31 sur
2981 2168 50 39 la
3060 2165 187 52 falaise,

2413 2253 91 40 Les
2533 2253 148 40 fleurs
2711 2250 227 42 tombent
2968 2250 121 40 dans
3118 2249 46 39 le
3194 2258 191 42 verger.

2413 2334 249 52 Pourquoi
2694 2334 126 39 dono
2852 2344 61 28 en
2943 2332 100 40 moi
3074 2342 54 29 ce
3158 2329 203 42 malaise

2412 2417 61 39 Et
2504 2427 52 29 ce
2587 2412 130 44 désir
2747 2414 60 41 de
2838 2412 290 53 m'affìiger?

2417 2584 123 43 C'est
2571 2597 112 29 sans
2714 2584 164 41 raison
2909 2594 95 41 que
3029 2583 52 52 je
3112 2582 212 52 soupire.

2415 2667 70 40 La
2514 2667 128 39 terre
2674 2666 72 39 est
2777 2676 186 29 comme
2994 2676 70 28 un
3093 2663 61 39 lit
3184 2662 221 42 d'amour

2417 2747 154 42 Toute
2601 2747 49 40 la
2680 2758 103 29 mer
2813 2746 74 41 est
2916 2757 69 29 un
3017 2744 202 42 sourire.

2416 2828 218 51 Qu'es-tu
2665 2828 112 52 plus
2807 2826 141 41 triste
2979 2838 95 41 que
3104 2827 46 39 le
3175 2826 148 53 jour?

2413 3000 97 40 Ah!
2544 2998 267 42 demandez
2843 3008 61 30 au
2934 2997 120 41 vent
3083 2997 86 52 qui
3200 3007 155 42 passe,

2413 3081 75 40 Au
2519 3081 272 52 printemps
2822 3078 85 52 qui
2938 3077 161 41 meurt
3131 3077 122 41 dans
3283 3088 74 30 ses
3389 3077 165 51 fleurs,

2415 3163 59 40 Et
2505 3163 171 40 laissez
2708 3160 28 41 à
2766 3172 122 29 ceux
2919 3171 94 41 que
3045 3158 111 42 tout
3184 3158 126 42 lasse

2416 3245 65 39 Le
2510 3243 227 41 bonheur
2768 3242 155 41 secret
2953 3242 60 39 de
3043 3241 131 40 leurs
3203 3241 182 52 pleurs.

3043 3472 249 45 Stuart
3602 3474 32 43 Merrill.

1971 3774 223 46 14
