3510 4361
1762 121 62 56 22

600 290 196 62 Johann
834 289 221 62 Andreas
1092 289 240 62 Anschüz.

803 419 301 53 (Nekrolog.)

311 526 84 49 Die
424 524 237 51 Tonkunst
701 524 78 49 hat
821 524 170 50 wieder
1022 524 128 50 einen
1181 523 120 50 ihrer
1332 523 277 66 würdigsten
1642 526 60 49 Ve-

188 617 190 42 teranen
406 607 221 51 verloren.
673 607 40 49 J.
746 607 57 48 A.
836 607 293 58 Anschüz,
1188 607 42 49 k.
1276 607 457 51 Staats-Procurator

186 710 37 31 a.
259 693 69 53 D.,
359 706 55 33 zu
447 688 198 51 Coblenz
676 705 72 33 am
786 688 89 50 19.
896 689 126 49 März
1060 686 150 52 1772
1248 687 217 66 geboren,
1497 688 123 50 starb
1653 689 51 51 da-

186 771 141 52 selbst
355 790 71 31 am
461 772 91 51 26.
581 771 258 50 December
876 771 170 59 1855,
1090 772 94 49 also
1225 769 42 51 in
1308 771 143 50 einem
1483 772 131 49 Alter
1644 791 85 33 von

184 854 189 50 beinahe
407 853 74 51 84
514 854 183 50 Jahren.
729 852 219 51 Derselbe
981 852 144 67 zeigte
1155 853 140 48 schon
1325 853 44 48 in
1399 853 147 48 seiner
1576 854 127 50 frühe-

185 945 99 42 sten
313 936 216 49 Kindheit
572 954 160 49 grosse
772 937 204 65 Anlagen
1021 952 80 32 zur
1144 936 147 48 Musik
1337 936 91 48 und
1470 937 255 65 vorzüglich

185 1037 104 32 zum
318 1018 301 69 Ciavierspiel,
662 1036 51 33 so
744 1018 100 50 dass
876 1035 48 32 er
956 1018 137 50 schon
1125 1018 44 49 in
1201 1018 166 50 seinem
1399 1018 163 50 achten
1591 1020 140 48 Jahre

188 1119 182 49 grosses
402 1102 233 48 Aufsehen
680 1101 198 49 dadurch
924 1107 180 59 erregte
1150 1100 90 50 und
1282 1100 90 49 ihm
1412 1101 68 48 die
1510 1101 123 49 Ehre
1673 1119 59 31 zu

185 1185 130 49 Theil
345 1185 173 58 wurde,
563 1202 70 32 am
665 1185 118 48 Hofe
821 1183 78 50 des
929 1183 276 49 Kurfürsten
1248 1201 55 31 zu
1333 1183 146 50 Mainz
1511 1183 43 50 in
1586 1186 143 48 einem

190 1267 224 50 Concerte
458 1267 206 48 mehrere
708 1266 263 65 schwierige
1003 1265 368 68 Compositionen
1403 1266 80 48 mit
1524 1282 205 50 grossem

186 1348 184 50 Beifalle
400 1355 315 60 vorzutragen.
772 1348 62 49 So
875 1346 105 49 sehr
1019 1364 49 31 es
1108 1347 115 50 auch
1254 1346 92 49 sein
1375 1347 213 51 Wunsch
1620 1366 109 42 war,

182 1431 92 50 sich
299 1448 118 50 ganz
450 1431 79 48 der
544 1430 150 51 Musik
725 1448 54 31 zu
807 1428 210 59 widmen,
1049 1428 87 68 gab
1164 1430 93 49 dies
1282 1428 163 67 jedoch
1475 1430 93 49 sein
1587 1431 141 50 Vater

181 1514 122 49 nicht
331 1531 70 41 zu,
431 1514 197 49 sondern
659 1511 257 51 bestimmte
947 1512 74 49 ihn
1054 1530 101 31 zum
1188 1512 212 50 Studium
1431 1512 80 49 der
1539 1514 186 58 Rechte,

181 1595 222 51 wodurch
419 1613 109 33 eres
546 1594 116 50 denn
678 1595 113 49 auch
806 1595 287 49 stufenweise
1111 1594 65 50 bis
1201 1613 55 31 zu
1281 1595 80 49 der
1379 1594 118 49 oben
1518 1596 180 50 erwähn-

185 1686 77 43 ten
294 1679 283 49 Staatsstelle
618 1677 201 51 brachte.
863 1677 210 49 Anschüz
1120 1677 105 50 liess
1259 1677 126 49 dabei
1412 1677 165 65 jedoch
1607 1679 122 49 nicht

188 1760 72 60 ab,
306 1761 166 50 seinem
505 1762 183 47 inneren
720 1760 180 57 Triebe,
946 1760 91 49 sich
1080 1760 44 48 in
1168 1760 80 49 der
1278 1760 149 49 Musik
1469 1760 128 49 mehr
1637 1761 92 50 und

184 1843 131 49 mehr
344 1860 54 32 zu
431 1841 428 59 vervollkommnen,
891 1859 53 32 zu
971 1841 165 66 folgen,
1164 1841 92 50 und
1282 1841 219 50 erreichte
1530 1843 198 49 dadurch

184 1925 96 50 eine
311 1943 51 32 so
402 1942 159 49 grosse
593 1924 415 57 Geschicklichkeit,
1054 1924 83 49 wie
1181 1942 101 31 man
1329 1924 61 49 sie
1436 1925 162 65 gewiss
1643 1944 86 32 nur

184 2008 162 49 höchst
377 2008 141 48 selten
551 2006 68 50 bei
650 2006 277 50 Dilettanten
960 2006 155 57 findet,
1162 2006 92 50 und
1285 2006 85 49 wie
1400 2006 63 50 sie
1493 2008 235 49 manchem

185 2089 218 49 Künstler
434 2107 86 31 von
549 2089 122 49 Fach
703 2105 80 32 zur
815 2088 121 49 Ehre
969 2088 200 66 gereicht
1200 2088 146 49 haben
1376 2089 173 51 würde.

308 2171 107 53 Wir
454 2170 148 50 haben
643 2170 94 50 hier
779 2170 42 50 in
853 2170 121 50 einer
1004 2170 141 50 Reihe
1177 2187 85 33 von
1292 2170 171 50 Jahren
1493 2171 88 50 den
1611 2171 86 50 Ver-

186 2255 247 50 storbenen
462 2254 117 50 öfter
610 2254 69 48 die
709 2253 312 49 sämmtlichen
1041 2253 239 58 Concerte,
1309 2254 189 48 Rondos
1530 2254 93 48 und
1649 2254 78 50 das

186 2339 182 65 Septett
397 2353 86 32 von
514 2335 230 59 Hummel,
787 2353 49 32 so
870 2335 82 49 wie
983 2335 208 49 mehrere
1223 2335 222 50 Concerle
1475 2354 87 31 von
1592 2337 108 48 Beet-

186 2420 148 49 hoven
365 2418 93 49 und
489 2418 215 48 Anderen
745 2417 81 49 mit
862 2417 123 49 einer
1014 2418 330 48 Meisterschaft
1375 2424 240 59 vortragen
1647 2418 54 49 hö-

185 2519 98 42 ren,
307 2500 70 50 die
396 2500 120 49 nicht
541 2499 121 50 bloss
688 2499 121 50 seine
831 2499 258 50 technische
1104 2499 262 66 Fertigkeit,
1389 2500 196 49 sondern
1614 2500 114 49 auch

184 2584 71 50 die
294 2582 192 67 geistige
516 2582 280 64 Auffassung
835 2580 107 50 aller
984 2580 145 49 dieser
1160 2582 257 48 Tonwerke
1446 2580 282 50 bewundern

181 2667 118 49 liess.
345 2664 130 50 Eben
514 2681 51 33 so
608 2663 183 51 werden
821 2679 84 33 uns
937 2663 67 48 die
1035 2663 116 48 öfter
1182 2663 223 51 kunstvoll
1438 2671 264 59 vorgetrage-

182 2766 89 33 nen
301 2747 139 49 freien
471 2745 298 50 Phantasieen
801 2752 112 42 stets
943 2745 59 49 im
1033 2745 324 50 Gedächtnisse
1389 2745 190 50 bleiben.

311 2828 127 51 Aber
467 2828 122 51 nicht
618 2828 127 50 allein
777 2828 63 48 als
873 2827 352 67 Clavierspieler,
1270 2828 195 50 sondern
1507 2828 116 50 auch
1663 2828 64 50 als

189 2912 272 67 Componist
501 2911 203 66 erlangte
749 2909 91 50 sich
885 2926 138 33 unser
1068 2909 213 50 Anschüz
1325 2912 129 48 einen
1484 2911 106 57 Ruf,
1637 2911 91 49 und

188 2994 208 66 folgende
428 3011 83 33 von
541 2993 91 48 ihm
664 2993 141 50 durch
836 2992 86 48 den
955 2992 155 48 Druck
1143 2993 353 48 veröffentlichte
1529 2992 164 68 Compo-

190 3077 203 56 sitionen,
438 3077 68 48 die
537 3074 123 51 nicht
692 3074 119 50 bloss
843 3074 108 58 hier,
998 3074 195 50 sondern
1239 3074 245 50 theilweise
1529 3076 111 48 auch
1685 3074 43 50 in

190 3159 197 50 anderen
403 3158 246 65 Gegenden
666 3157 332 49 Deutschlands
1030 3175 78 30 zur
1132 3156 294 67 Aufführung
1456 3157 271 66 gekommen

191 3241 98 51 sind
331 3241 93 48 und
478 3241 113 48 noch
635 3241 224 57 kommen,
916 3238 144 65 geben
1104 3241 220 63 Zeugniss
1380 3241 159 48 davon.
1593 3240 136 48 Diese

191 3323 179 54 Werke
401 3322 122 51 sind:
930 3325 178 62 Hymne
1068 3325 283 63 magonique,
1352 3322 100 67 dreistimmig
1453 3322 87 50 mit
1541 3322 181 50 Chor.—

189 3407 124 50 Zwei
353 3405 268 50 Alt-Arien:
678 3406 85 48 Che
789 3406 138 47 chiedi
966 3405 90 48 und
1099 3406 56 48 Se
1183 3407 175 65 spiegar
1394 3406 174 66 potessi.
1695 3405 30 48 2

218 3491 196 47 Tantum
666 3504 103 48 ergo
553 3486 90 49 und
1173 3486 111 49 Ecce
1435 3486 151 65 panis,
993 3486 302 66 vierstimmig.
1404 3486 112 49 Lied
1548 3486 78 49 der
1656 3486 50 49 Ni-

189 3587 92 35 xen
312 3571 69 48 lür
405 3570 134 48 Chor.
628 3570 118 49 Wer
778 3568 125 49 kauft
930 3567 354 66 Liebesgötter?
1314 3570 69 48 für
1413 3571 178 65 Sopran
1621 3568 110 50 oder

191 3654 168 57 Tenor,
389 3651 251 50 sämmtlich
679 3651 81 48 mit
791 3650 556 66 Orchester-Begleitung.
1455 3652 33 47 4
1522 3650 209 51 Partieen

190 3735 192 52 Walzer
410 3734 71 49 für
499 3734 260 48 Orchester.
845 3735 181 48 Marche
1036 3735 72 48 des
1124 3735 168 48 Francs
1305 3736 186 57 Magons
1520 3734 70 48 für
1611 3735 88 48 Har-

191 3817 163 50 monie.
367 3815 339 68 Rhapsodische
718 3815 400 66 Gesänge.—Das
1135 3815 593 52 BlümleinWunderschön.

276 3900 35 48 4
344 3899 205 50 Partieen
581 3897 300 50 französische
913 3897 90 49 und
1035 3897 218 50 deutsche
1273 3897 210 66 Gesänge
1513 3897 91 50 und
1629 3897 75 51 Lie-

194 3981 80 48 der
316 3981 80 50 mit
442 3980 469 66 Clavier-Begleitung
953 3980 93 49 und
1093 3980 318 56 Variationen;
1452 3982 188 50 Muselte
1678 3982 53 50 de

193 4065 130 51 Nina
349 4064 71 49 für
449 4064 184 53 Clavier.

1949 265 183 51 Sodann
2179 285 94 32 war
2302 269 210 51 Anschüz
2557 269 70 51 ein
2672 273 411 66 ausgezeichneter,
3129 274 214 51 vortreffli-

1823 349 108 48 cher
1962 349 480 69 Orchester-Dirigent
2471 353 90 49 und
2594 355 128 49 stand
2763 355 62 49 als
2867 358 177 48 solcher
3087 358 39 48 in
3177 376 189 33 unserer

1823 432 188 49 Provinz
2043 433 42 48 in
2117 433 162 49 hohem
2303 435 239 57 Ansehen;
2574 435 117 50 denn
2722 437 120 50 nicht
2872 438 122 51 bloss
3026 439 108 59 hier,
3164 440 197 50 sondern

1823 513 113 49 auch
1968 514 41 47 in
2032 515 127 49 Bonn
2178 517 91 48 und
2292 517 220 49 KölnJiat
2536 534 47 32 er
2598 519 206 48 mehrere
2818 520 115 49 Male
2959 538 157 47 grosse
3142 522 224 49 Concertc

1823 597 80 48 mit
1932 598 282 65 geschickter
2237 599 132 50 Hand
2402 600 195 66 geleitet.
2628 603 154 47 Durch
2815 603 121 48 diese
2956 604 211 66 Vorzüge
3199 623 165 47 genoss

1823 696 50 30 er
1905 679 115 48 denn
2062 680 113 49 auch
2220 680 68 50 die
2329 683 280 65 persönliche
2639 684 354 49 Bekanntschaft
3025 687 90 48 und
3148 688 216 66 Achtung

1823 762 135 49 vieler
1988 763 80 48 der
2099 763 361 51 bedeutendsten
2491 768 284 47 Tonmeister
2808 768 90 53 und
2928 769 437 59 Musik-Gelehrten,

1823 843 85 50 wie
1940 862 34 32 z.
2000 846 48 48 B.
2068 863 87 31 von
2184 847 41 47 J.
2245 846 55 49 A.
2324 848 172 56 Andre,
2526 848 209 59 Bischoff,
2763 849 151 55 Finck,
2946 851 229 57 Hummel,
3206 852 133 48 Kiese-

1823 934 179 51 wetter,
2032 928 138 57 Liszt,
2199 931 335 57 Mendelssohn,
2561 932 267 58 Moscheies,
2858 933 51 48 F.
2928 933 263 59 Schneider,
3219 934 51 50 B.
3291 934 75 60 A.,

1826 1008 101 50 Carl
1959 1011 140 49 Maria
2131 1012 92 48 und
2256 1012 164 49 Gottfr.
2454 1013 181 51 Weber
2667 1032 40 31 u.
2741 1016 56 48 A.

1948 1093 95 47 Der
2073 1096 181 62 grösste
2283 1093 179 50 Lorber
2493 1094 196 67 gebührt
2720 1096 89 49 ihm
2842 1094 108 51 aber
2980 1115 84 32 von
3097 1097 146 50 seiner
3274 1100 60 48 Va-

1823 1174 192 50 terstadt
2046 1192 111 49 ganz
2190 1174 247 51 besonders
2470 1176 142 58 dafür,
2645 1177 102 50 dass
2778 1196 51 32 er
2858 1180 57 47 im
2938 1180 139 48 Jahre
3109 1180 149 50 1808
3290 1181 78 49 das

1821 1257 115 50 noch
1977 1257 114 66 jetzt
2132 1257 94 48 hier
2272 1257 278 52 bestehende
2579 1260 359 50 Musik-Institut
2970 1262 166 48 stiftete
3180 1263 92 50 und
3316 1281 48 32 es

1822 1340 141 49 durch
1996 1341 93 48 sein
2120 1341 230 60 Ansehen,
2394 1342 123 48 seine
2548 1343 355 50 Persönlichkeit
2943 1343 70 50 bei
3046 1345 101 49 dem
3181 1346 157 49 damali-

1822 1440 86 48 gen
1932 1423 235 50 Präfecten
2185 1425 146 48 Lezav
2353 1426 222 48 Marnesia
2602 1425 132 49 dahin
2761 1425 198 59 brachte,
2989 1427 70 48 für
3089 1428 145 49 dieses
3267 1430 94 48 sein

1821 1505 416 67 Schöpfungswerk
2282 1507 96 48 eine
2418 1507 217 65 jährliche
2675 1507 260 51 bestimmte
2965 1510 279 49 Subvention
3276 1530 85 31 von

1825 1587 154 51 2400
2014 1590 124 49 Frcs.
2185 1589 214 66 bewilligt
2443 1608 53 30 zu
2541 1590 217 58 erhalten,
2804 1591 170 50 welche
3016 1594 186 48 Summe
3244 1595 117 49 dann

1822 1669 112 49 auch
1967 1675 152 62 später
2150 1671 141 48 durch
2336 1671 85 48 den
2453 1672 297 49 Gouverneur
2788 1674 41 48 J.
2862 1674 180 49 Gruner
3073 1682 81 59 gut
3186 1676 150 65 geheis-

1823 1769 79 32 sen
1934 1754 172 48 wurde.
2162 1754 64 47 Er
2258 1754 210 49 widmete
2509 1754 92 48 sich
2641 1755 168 49 diesem
2841 1756 208 50 Institute
3086 1759 78 48 mit
3195 1775 166 48 ganzer

1823 1836 145 56 Seele,
1999 1836 326 48 unterrichtete
2355 1836 44 50 in
2430 1836 80 50 der
2541 1837 89 49 ihm
2655 1855 84 32 von
2767 1839 166 49 seinem
2952 1840 137 49 Amte
3120 1841 155 65 irgend
3309 1860 55 31 zu

1822 1916 333 66 erübrigenden
2185 1919 97 48 Zeit
2312 1919 125 48 nicht
2466 1917 121 51 bloss
2618 1919 85 49 den
2728 1920 135 57 Chor,
2896 1921 196 50 sondern
3124 1924 113 47 auch
3270 1924 70 49 ein-

1823 2000 123 48 zelne
1977 2000 88 48 ihm
2098 2001 226 49 talentvoll
2357 2001 321 50 erscheinende
2702 2003 141 66 junge
3277 2008 59 48 Ge-

1821 2081 222 50 schlechts
2086 2083 60 48 im
2178 2083 208 66 Gesänge
2428 2084 90 49 und
2564 2084 170 49 erlebte
2766 2085 199 50 dadurch
2997 2086 118 50 denn
3148 2089 113 48 auch
3294 2089 70 48 die

1822 2182 157 48 grosse
2013 2165 194 59 Freude,
2254 2164 90 51 sich
2386 2166 128 49 recht
2552 2165 202 67 tüchtige
2785 2168 157 49 Kräfte
2989 2187 51 30 zu
3075 2169 149 49 bilden
3270 2171 94 50 und

1821 2264 92 32 nun
1944 2249 80 47 mit
2054 2248 150 48 diesen
2237 2248 150 49 seinen
2416 2249 220 48 Schülern
2665 2250 41 47 in
2738 2250 85 50 den
2853 2251 196 49 Kirchen
3081 2253 68 48 die
3177 2254 191 50 meisten

1821 2330 181 48 Messen
2034 2347 84 31 von
2150 2330 176 66 Haydn,
2371 2330 190 57 Mozart,
2606 2331 274 60 Beethoven,
2922 2334 214 48 Hummel
3169 2335 91 49 und
3290 2335 51 50 Ri-

1827 2410 117 66 ghini
2051 2411 43 49 in
2124 2411 87 49 den
2241 2411 253 50 Concerten
2527 2413 68 48 die
2627 2414 243 50 Oratorien
2914 2415 206 50 Christus
3150 2433 70 32 am
3253 2418 83 48 Oel-

1825 2493 153 66 berge,
2035 2494 84 48 Die
2162 2495 323 57 Jahreszeiten,
2538 2495 84 49 Die
2664 2498 279 66 Schöpfung,
3002 2499 363 61 Alexanderfest,

1823 2575 167 50 Paulus
2035 2594 42 31 u.
2110 2593 33 31 s.
2176 2593 73 41 w.,
2292 2594 49 32 so
2383 2577 84 48 wie
2510 2577 69 49 die
2609 2594 223 49 ganzen
2866 2580 156 66 Opern
3053 2582 85 48 Die
3159 2582 174 49 Zauber-

1825 2658 120 57 flöte,
1976 2659 103 48 Don
2109 2660 132 56 Juan,
2273 2659 142 59 Titus,
2449 2660 177 64 Figaro,
2658 2660 285 59 Idoineneus,
2974 2663 169 49 Fidelio
3176 2682 43 30 u.
3244 2682 35 32 s.
3309 2682 57 33 w.

1827 2740 78 49 mit
1935 2758 183 47 grosser
2137 2740 411 50 Vollkommenheit
2578 2743 236 49 aufführen
2841 2762 50 32 zu
2921 2745 193 50 können.
3147 2748 102 48 Von
3281 2747 87 49 den

1826 2823 141 49 durch
1999 2823 72 49 ihn
2103 2823 256 66 gebildeten
2392 2825 207 64 Sängern
2634 2825 90 49 und
2755 2827 312 65 Sängerinnen
3109 2828 146 50 haben
3293 2829 75 50 ihn

1826 2905 140 50 selbst
1995 2923 86 32 nur
2113 2907 104 48 sehr
2249 2907 174 65 wenige
2454 2905 223 51 überlebt.
2710 2908 48 48 In
2785 2908 150 65 jedem
2966 2909 145 50 seiner
3143 2911 225 50 Concerle

1825 2987 186 51 brachte
2056 3006 49 30 er
2148 3006 85 32 uns
2279 2989 97 49 eine
2420 2989 80 49 der
2546 2989 254 50 Sinfonieen
2847 3010 84 31 von
2965 2992 178 68 Haydn,
3176 2996 190 58 Mozart,

1826 3072 150 65 Spohr
2007 3072 89 48 und
2127 3071 261 48 Beethoven
2419 3090 57 30 zu
2508 3072 167 57 Gehör,
2711 3074 89 49 und
2833 3074 79 49 der
2940 3076 174 49 öfteren
3147 3077 186 51 Wieder-

1825 3152 171 67 holung
2026 3153 79 48 der
2136 3153 216 48 letzteren
2374 3152 143 51 haben
2547 3153 83 50 wir
2659 3172 47 31 es
2733 3156 334 67 hauptsächlich
3093 3176 54 30 zu
3176 3159 192 59 danken,

1825 3234 101 50 dass
1968 3252 85 32 uns
2095 3234 227 50 dieselben
2358 3252 110 47 ganz
2515 3237 298 49 verständlich
2858 3240 90 48 und
2982 3240 110 48 über
3124 3241 123 49 Alles
3279 3241 86 51 lieb

1825 3318 246 65 geworden
2089 3318 111 49 sind.
2247 3317 213 50 Anschüz
2484 3336 94 32 war
2602 3320 79 48 der
2700 3320 133 50 dritte
2848 3322 205 65 Dirigent
3073 3323 42 49 in
3138 3325 200 49 Deutsch-

1823 3400 118 58 land,
1973 3400 80 49 der
2084 3400 68 49 die
2183 3407 222 43 neunte
2449 3402 272 50 Sinfonie
2758 3403 80 49 mit
2863 3403 182 51 Chören
3077 3406 252 49 vollstän-

1825 3482 96 66 dig
1964 3481 242 61 aufführte,
2320 3483 68 49 ein
2421 3483 254 60 Verdienst,
2738 3486 179 48 worauf
2954 3504 49 31 er
3045 3488 122 49 nicht
3211 3490 149 64 wenig

1823 3565 113 49 stolz
1969 3581 108 33 war.

1948 3647 65 47 Im
2044 3646 139 49 Jahre
2220 3646 149 51 1846
2418 3648 119 65 legte
2576 3664 49 33 er
2665 3648 145 50 seines
2853 3651 329 66 vorgerückten
3214 3652 155 51 Alters

1823 3746 160 48 wegen
2011 3728 69 49 die
2104 3730 229 49 Direction
2362 3731 77 50 des
2470 3730 233 51 Institutes
2735 3731 168 61 nieder,
2935 3734 91 49 und
3056 3734 182 50 besteht
3267 3736 75 50 das-

1823 3810 123 49 selbe
1986 3810 187 51 seitdem
2213 3812 113 50 auch
2371 3814 150 48 ferner
2564 3811 42 50 in
2653 3812 78 49 der
2778 3831 84 32 von
2917 3815 90 49 ihm
3053 3817 317 51 constituirten

1823 3895 162 52 Weise
2015 3911 80 32 zur
2123 3895 179 51 Freude
2333 3896 107 48 aller
2468 3895 403 51 Musik-Verehrer
2900 3899 102 48 fort.

1946 3979 51 47 In
2023 3977 341 66 Anerkennung
2394 3979 107 48 aller
2528 3977 145 50 dieser
2691 3980 285 58 Verdienste,
3001 3981 92 50 und
3119 4000 73 32 um
3222 3984 147 49 seiner

1825 4060 262 52 Vaterstadt
2112 4060 71 51 ein
2212 4060 258 53 bleibendes
2489 4061 222 51 Denkmal
2738 4079 54 33 an
2821 4062 150 51 diesen
2995 4064 373 54 verdienstvollen
