2679 4325
1302 4024 84 41 364

303 449 484 58 Betrachtungsweise
819 449 210 58 erscheint
1062 453 80 43 der
1163 449 456 59 Impressionismus
1650 451 79 47 als
1761 451 94 46 eine
1875 450 259 60 Lockerung
2157 455 81 43 der
2267 449 117 61 künst-

305 521 209 57 lerischen
545 521 155 58 Kraft
730 535 85 42 zur
846 522 345 58 Organisation
1213 549 54 5 -——
1291 528 93 42 und
1419 523 257 57 erscheinen,
1709 525 87 45 wie
1829 525 115 53 nicht
1975 524 216 59 verhehlt
2224 529 184 43 werden

301 593 131 59 darf,
465 597 68 45 die
556 594 183 58 Bilder,
763 595 195 47 Bauten
992 599 94 43 und
1114 595 305 58 Skulpturen
1451 601 80 41 der
1564 610 171 33 neuen
1758 598 304 55 Generation,
2096 599 121 44 eines
2243 601 164 54 Mart,

305 669 178 57 Mense,
523 668 145 57 Taut,
711 667 269 58 Kokoschka,
1026 668 175 58 Obrist,
1253 669 79 46 als
1377 672 80 42 der
1511 670 435 57 hochwillkommene
1987 670 201 59 Beginn,
2241 672 168 45 wieder

302 744 161 57 geistig
495 742 231 58 organisch
758 754 54 44 zu
845 742 172 47 bilden.

450 817 130 44 Was
625 814 80 59 sich
747 826 140 36 unter
928 819 85 43 den
1056 817 351 45 verwirrenden
1438 815 367 58 Schlagworten
1846 815 429 58 Erpressionismus
2315 818 93 44 und

304 888 269 46 Kubismus
605 890 79 46 als
723 888 231 58 scheinbar
993 891 107 54 nach
1133 892 100 43 dem
1264 888 247 47 Auslande
1543 890 242 45 orientiert
1818 889 223 57 darstellt,
2075 890 52 56 ist
2157 888 171 56 deutsch
2363 890 46 45 in

303 959 167 58 feinem
509 963 223 56 innersten
763 962 182 57 Wesen,
979 975 134 34 wenn
1154 975 110 33 man
1304 965 107 53 auch
1452 963 256 57 gemeinhin
1742 966 90 42 das
1863 961 241 59 Gegenteil
2137 961 272 59 behauptet.

301 1033 380 57 International
729 1048 108 34 war
885 1034 165 59 seinem
1088 1034 168 57 Wesen
1310 1038 108 52 nach
1470 1038 81 43 der
1591 1034 260 59 Impres
1859 1034 22 56 s
1888 1036 324 45 ionismus.
2285 1034 124 47 Sein

304 1107 272 57 wichtigstes
617 1109 172 56 Organ
838 1121 106 33 war
989 1111 52 55 ja
1088 1110 69 46 die
1203 1110 251 57 Netzhaut.
1514 1108 126 59 Ihm
1683 1107 260 59 gegenüber
1989 1108 165 57 bringt
2202 1111 81 42 der
2325 1109 84 56 Er«

302 1179 358 57 pressionismus
702 1183 92 43 eine
826 1179 262 61 Stärkung
1126 1186 81 42 des
1245 1181 275 48 nationalen
1550 1171 269 57 Elementes
1859 1182 47 45 in
1948 1184 81 43 der
2061 1182 163 56 Kunst,
2259 1184 62 43 da
2360 1194 49 32 er

305 1251 265 60 aufgebaut
609 1255 52 55 ist
702 1253 90 58 auf
827 1258 100 43 dem
957 1255 177 46 Willen
1176 1260 93 41 und
1311 1259 80 41 der
1431 1254 274 57 Phantasie.
1767 1255 93 45 Ein
1890 1252 519 59 Aufnahme-Apparat

305 1327 86 45 wie
422 1328 68 44 die
522 1327 235 57 Netzhaut
789 1329 52 56 ist
874 1325 310 61 unabhängig
1215 1340 93 34 von
1340 1328 93 48 Zeit
1465 1332 94 42 und
1590 1328 173 54 Raum,
1797 1329 91 44 eine
1910 1329 164 55 Kunst,
2109 1328 69 45 die
2209 1328 87 44 wie
2329 1330 80 43 der

305 1398 428 56 Erpressionisntus
775 1404 84 42 den
890 1402 176 45 Willen
1106 1405 93 43 und
1240 1403 69 44 die
1340 1400 261 59 Phantasie
1642 1402 46 44 in
1722 1404 84 42 den
1839 1400 321 56 Mittelpunkt
2193 1401 130 56 stellt,
2356 1401 53 55 ist

305 1474 270 53 notwendig
613 1476 100 40 dem
750 1473 302 47 Nationalen
1095 1486 86 45 eng
1223 1473 273 57 verknüpft!
1543 1475 159 55 Heute,
1747 1474 70 45 bei
1863 1478 80 41 der
1983 1474 311 57 allgemeinen,
2337 1473 48 45 be-

304 1542 287 54 dauerlichen
622 1543 279 57 Antipathie
939 1557 141 45 gegen
1121 1548 67 43 die
1225 1559 108 32 neue
1365 1548 160 53 Kunst,
1560 1555 109 48 mag
1702 1551 90 40 das
1826 1549 104 54 noch
1963 1547 80 46 als
2073 1556 215 48 gewagte
2320 1546 58 46 Be-

304 1617 253 55 hauptung
589 1616 186 55 wirken,
809 1619 46 43 in
888 1619 174 56 einigen
1093 1617 197 59 Jahren
1322 1619 119 45 wird
1475 1632 48 32 es
1556 1619 120 45 allen
1709 1617 197 56 sichtbar
1937 1619 101 55 sein.
2099 1619 138 46 Denn
2269 1618 157 56 dieser-T

305 1688 147 55 Krieg
494 1688 51 55 ist
586 1692 89 41 das
711 1690 132 44 Ende
884 1694 80 41 des
994 1690 470 57 Impressionisntus,
1499 1695 79 41 der
1622 1693 83 43 mit
1748 1694 100 42 dem
1879 1692 171 57 Kriege
2090 1704 93 35 von
2219 1692 186 51 1870J71

305 1757 113 56 seine
448 1758 266 60 Laufbahn
746 1764 133 53 durch
912 1763 202 56 Europa
1147 1762 197 57 begann.
2265 1757 1 62 «

1914 1840 80 42 Dr.
2015 1837 151 58 Adolf
2186 1840 160 56 Behne
