3507 4376
402 176 1203 198 Nieder*iiHnisr
1672 237 137 137 ic
1956 181 1143 259 Musik-Zeitung

1026 478 117 117 für
1224 478 559 120 iiimsiffmmiie
1837 481 144 117 tittö
2037 484 391 121 IMler.

203 716 390 71 Herausgegeben
640 735 89 36 von
781 720 238 49 Professor
1071 713 53 59 L
1127 758 12 14 .
1186 712 263 81 Bischoff.
1645 721 174 69 Verlag
1872 722 81 51 der
2006 718 82 58 M.
2135 717 761 84 DuMont-Schauberg'sehen
2938 725 372 67 Buchhandlung.

270 869 82 53 Nr.
394 869 48 53 8.

1443 859 174 80 KÖLN,
1778 871 123 55 22.
1902 871 96 55 Februar
2039 873 137 54 1862.

2872 876 53 55 X.
2967 876 273 73 Jahrgang.

298 1046 221 38 Inhalt.

574 1046 88 36 Die
697 1046 342 36 Katakomben.
1069 1047 101 47 Oper
1197 1048 38 35 in
1263 1049 81 36 vier
1370 1048 132 47 Acten,
1531 1051 100 35 Text
1658 1063 72 23 von
1759 1051 51 37 M.
1840 1052 225 46 Hartmann,
2093 1052 131 36 Musik
2252 1065 74 24 von
2354 1054 215 35 Ferdinand
2597 1054 135 37 Hiller.
2774 1054 79 37 Von
2881 1056 43 37 L.
2952 1058 43 36 B.
3129 1056 185 36 Cherü-

189 1107 111 37 bini.
341 1108 85 36 VII.
534 1108 189 45 Tages-
753 1106 97 35 und
882 1107 156 36 Unter
1049 1107 22 34 h
1087 1108 45 35 al
1144 1111 80 32 tun
1237 1108 88 47 gsb
1339 1108 67 36 lat
1418 1113 15 31 t
1472 1110 135 45 (Bonn,
1649 1112 153 37 Soireen
1829 1112 61 36 für
1917 1112 322 47 Kammermusik,
2282 1112 65 37 IV.
2374 1113 466 37 Abonnements-Conoert
2971 1116 133 46 Gotha,
3145 1116 167 48 Leopold

189 1167 157 35 Brassin
450 1164 141 48 Berlin,
620 1164 102 36 Frau
747 1164 183 37 Johanna
959 1165 401 50 Wagner-Jachmann
1467 1169 121 45 Wien,
1617 1171 194 36 Gounod's
1842 1171 101 48 Oper
2248 1172 233 47 Rotterdam,
2512 1173 116 36 Franz
2657 1173 150 47 Skraup
2835 1174 56 45 -(•).

710 1476 90 56 Die
840 1477 363 57 Katakomben.

217 1600 127 48 Oper
379 1601 47 35 in
465 1600 106 36 vier
607 1601 174 48 Acten,
821 1602 125 35 Text
981 1613 86 25 von
1103 1603 54 36 M.
1188 1603 292 47 Hartmann,
1524 1601 172 37 Musik

645 1681 91 25 von
777 1671 280 36 Ferdinand
1102 1673 174 36 Hiller.

309 1774 87 47 Am
428 1789 320 50 vergangenen
775 1775 229 65 Samstag,
1034 1774 85 49 den
1151 1774 81 49 15.
1259 1773 226 59 Februar,
1517 1774 102 49 fand
1646 1776 82 47 auf

192 1851 103 50 dem
339 1851 277 49 Hoftheater
657 1867 51 33 zu
755 1853 346 48 Wiesbaden
1143 1853 73 48 die
1256 1861 118 40 erste
1418 1854 303 65 Aufführung

191 1929 82 48 der
302 1929 120 48 oben
452 1938 261 56 genannten
737 1930 128 65 Oper
893 1931 132 47 Statt.
1057 1931 60 47 Es
1147 1931 55 47 ist
1230 1930 41 48 in
1302 1930 83 50 der
1407 1931 120 50 Tliat
1556 1933 65 47 als
1650 1931 71 49 ein

193 2006 231 65 Ereigniss
452 2024 54 30 zu
539 2006 284 59 betrachten,
852 2006 103 50 dass
978 2008 99 48 eine
1100 2006 217 50 deutsche
1341 2008 259 49 Hofbühne
1628 2008 94 49 sich

192 2085 297 56 entschliesst,
531 2084 80 49 das
648 2084 296 49 unbekannte
973 2085 152 50 Werk
1156 2086 121 47 eines
1306 2086 249 49 deutschen
1586 2088 102 48 Com-

192 2161 206 65 ponisten
428 2162 42 46 in
501 2162 143 47 Scene
673 2180 52 29 zu
756 2170 166 50 setzen,
951 2161 92 48 und
1075 2164 85 47 alle
1189 2164 96 47 ihre
1316 2164 143 47 Mittel
1490 2164 207 48 aufzubie-

191 2246 92 49 ten,
314 2255 75 29 um
421 2237 80 47 der
530 2239 311 63 Ausführung
870 2239 93 47 und
992 2239 81 47 der
1094 2241 320 62 Ausstattung,
1443 2241 173 48 welche
1645 2241 79 48 das

193 2314 151 52 Werk
375 2312 242 57 erfordert,
647 2315 189 63 gerecht
861 2331 54 32 zu
948 2315 198 48 werden.
1195 2316 137 48 Nicht
1360 2334 87 30 nur
1477 2316 81 48 der
1588 2317 102 49 Com-

192 2391 164 65 ponist,
398 2390 198 49 sondern
625 2391 72 48 die
727 2391 219 50 deutsche
976 2394 241 48 Tonkunst
1251 2394 55 48 ist
1334 2394 104 48 dem
1467 2395 155 48 Herrn
1652 2396 49 47 In-

191 2469 246 49 tendanten
480 2469 79 48 des
602 2469 318 66 herzoglichen
963 2470 315 57 Hoftheaters,
1327 2472 248 47 Freiherrn
1623 2489 101 32 von

192 2547 164 56 Bose,
386 2546 87 48 den
504 2546 300 50 lebhaftesten
830 2547 135 50 Dank
988 2547 225 66 schuldig,
1244 2549 101 48 dass
1374 2566 50 31 er
1447 2550 124 48 einer
1593 2550 105 48 deut-

191 2625 136 48 schen
358 2625 129 64 Oper
516 2623 72 50 die
616 2625 132 48 Bahn
777 2625 204 64 geöffnet
1009 2625 95 57 hat,
1133 2626 72 50 die
1228 2627 163 64 gewiss
1415 2627 126 49 ihren
1566 2627 128 49 ruhm-

193 2702 276 48 bekränzten
503 2702 125 64 Weg
669 2719 50 31 so
758 2702 238 50 fortsetzen
1029 2703 129 61 wird,
1204 2705 84 48 wie
1317 2705 64 48 sie
1410 2705 75 48 ihn
1509 2705 109 65 jetzt
1646 2705 54 49 be-

191 2796 198 48 gonnen.

308 2857 194 48 Freilich
534 2857 207 66 verlangt
769 2857 144 50 dieses
940 2858 147 50 Werk
1120 2860 101 48 eine
1249 2861 376 55 Zuhörerschaft,
1654 2861 72 49 die

192 2935 43 48 in
259 2933 132 68 jeder
422 2935 226 58 Hinsicht,
694 2936 42 49 d.
767 2936 43 49 li.
841 2937 43 48 in
913 2938 154 64 Bezug
1096 2938 83 49 auf
1203 2937 86 48 den
1320 2938 151 50 Inhalt
1499 2938 77 49 des
1607 2940 88 48 Dra-

195 3015 129 55 raa's,
366 3030 48 32 so
447 3013 85 49 wie
562 3015 274 47 namentlich
870 3015 116 48 auch
1017 3015 83 48 auf
1131 3015 69 48 die
1230 3016 168 56 Musik,
1443 3017 114 48 noch
1602 3017 124 48 einer

192 3098 182 41 ernsten
398 3091 261 65 Stimmung
686 3092 126 65 fähig
842 3092 54 48 ist
926 3092 90 48 und
1047 3092 138 50 deren
1211 3095 110 47 Sinn
1354 3095 76 47 für
1459 3093 80 49 das
1570 3095 129 64 gedie-

192 3185 118 48 gene
338 3168 183 49 Schöne
563 3168 143 50 durch
752 3170 71 48 die
866 3170 221 49 moderne
1115 3171 280 49 italienische
1425 3172 297 48 EfFectmusik

193 3246 93 48 und
315 3246 144 48 durch
490 3246 72 48 die
593 3247 301 50 französische
916 3248 405 66 Spektakel-Oper
1343 3250 116 48 noch
1491 3250 123 48 nicht
1642 3251 55 48 ab-

191 3324 250 64 gestumpft
468 3323 67 48 ist.
587 3326 132 47 Denn
748 3323 83 50 der
860 3326 292 65 Gegenstand
1184 3326 77 49 des
1292 3327 242 48 Gedichtes
1570 3328 55 47 ist
1652 3328 70 47 ein

191 3407 193 51 ernster,
414 3418 104 31 man
550 3401 170 49 könnte
752 3402 84 49 fast
863 3420 163 48 sagen:
1057 3403 250 66 religiöser,
1338 3403 57 50 da
1425 3422 48 31 er
1496 3405 80 48 das
1599 3406 93 48 Mar-

189 3479 257 65 tyrerthum
476 3479 82 50 der
587 3487 149 42 ersten
769 3481 486 66 Christengemeinden
1296 3482 91 48 und
1424 3482 88 50 den
1542 3485 150 63 Gegen-

188 3563 93 42 satz
313 3556 81 49 der
422 3573 87 32 neu
548 3557 321 66 aufgehenden
906 3558 188 50 inneren
1128 3559 128 50 Welt
1294 3559 57 49 im
1385 3559 231 50 Gemüthe
1645 3561 77 48 des

192 3634 248 49 Menschen
480 3652 149 48 gegen
659 3636 73 48 die
770 3636 136 48 hohle
935 3637 281 65 Nichtigkeit
1242 3637 80 48 der
1353 3638 40 47 in
1425 3638 299 50 Sinnlichkeit

189 3713 314 50 versunkenen
540 3714 284 49 Bömerwelt
879 3714 300 50 darzustellen
1233 3716 144 48 sucht.
1437 3717 155 48 Wenn
1641 3717 83 48 der

189 3788 192 50 Dichter
410 3808 92 31 nun
535 3792 115 48 auch
682 3792 71 48 die
785 3792 163 49 beiden
972 3793 580 66 Haupt-Repräsentanten
1576 3794 144 50 dieses

191 3867 321 65 Gegensatzes,
541 3869 71 50 die
636 3871 220 49 Römerin
879 3872 188 48 Lavinia
1099 3872 90 48 und
1213 3872 86 48 den
1324 3872 188 49 Sclaven
1536 3873 184 57 Lucius,

189 3943 88 50 den
306 3944 183 49 Führer
518 3946 82 49 der
630 3948 363 57 Christenschar,
1031 3949 116 49 nach
1179 3948 86 50 den
1293 3949 109 49 zwei
1434 3949 260 50 verschiede-

188 4040 89 31 nen
308 4023 289 66 Richtungen
630 4026 75 48 hin
737 4027 122 49 wohl
888 4046 52 29 zu
977 4028 156 50 scharf
1160 4028 263 65 gezeichnet
1453 4028 94 57 hat,
1586 4046 50 32 so
1665 4028 55 50 ist

188 4099 116 51 doch
344 4099 73 51 die
445 4102 264 68 Stimmung
748 4106 60 48 im
849 4106 182 50 Ganzen
1073 4106 79 49 des
1183 4107 212 48 Drama's
1433 4113 82 59 gut
1553 4106 141 66 festge-

1793 1389 154 50 halten
1984 1389 93 50 und
2112 1390 113 49 wird
2267 1390 144 50 durch
2454 1390 145 50 nichts
2627 1392 317 66 Ungehöriges
2986 1394 185 64 getrübt
3199 1394 111 51 oder

1793 1470 188 63 gestört.

1912 1545 105 48 Wir
2045 1545 184 59 theilen,
2270 1544 119 49 ohne
2417 1545 83 50 auf
2529 1546 99 49 eine
2657 1546 149 49 Kritik
2836 1546 78 49 des
2942 1548 243 51 Einzelnen
3216 1552 69 47 ein-

1790 1621 224 66 zugehen,
2054 1639 49 32 so
2133 1623 80 48 viel
2243 1639 84 32 von
2365 1623 102 48 dem
2497 1623 150 49 Inhalt
2684 1625 95 56 mit,
2821 1625 63 48 als
2926 1625 160 65 nöthig
3127 1627 69 57 ist,
3239 1627 71 48 die

1791 1699 150 49 Musik
1969 1717 53 29 zu
2053 1699 377 49 charakterisiren
2474 1700 92 48 und
2608 1700 86 48 den
2722 1701 170 49 Lesern
2930 1703 98 48 eine
3060 1703 225 49 übersicht-

1792 1778 116 48 liche
1934 1776 295 66 Vorstellung
2258 1794 84 32 von
2374 1778 101 48 dem
2508 1779 182 48 Ganzen
2719 1797 52 30 zu
2802 1779 161 65 geben.

1906 1854 87 48 Die
2022 1854 250 65 Handlung
2301 1854 186 65 beginnt
2526 1855 115 48 nach
2684 1855 124 48 einer
2839 1856 165 49 kurzen
3034 1858 249 48 Instrumen-

1792 1933 351 63 tal-Einleitung
2174 1933 79 48 mit
2281 1933 145 48 einem
2459 1934 254 47 Bacchanal
2757 1934 42 47 in
2836 1934 86 48 den
2953 1934 131 48 Sälen
3116 1934 80 49 der
3223 1936 58 49 La-

1793 2009 133 59 vinia,
1956 2010 123 48 einer
2108 2010 280 48 vornehmen
2417 2011 218 47 Römerin
2672 2027 82 33 aus
2790 2011 82 49 der
2901 2013 188 47 Familie
3119 2011 80 49 der
3227 2014 56 47 Cä-

1791 2103 147 32 saren.
1969 2088 85 47 Die
2077 2086 147 49 Musik
2257 2088 53 47 ist
2340 2088 102 47 wild
2467 2088 415 58 charakteristisch;
2914 2088 80 49 der
3016 2090 294 48 Frauenchor

1791 2164 141 48 bildet
1980 2164 85 48 den
2113 2173 206 39 zarteren
2362 2166 238 46 Mittelsatz
2651 2166 80 47 mit
2776 2166 293 65 anmuthiger
3099 2168 211 55 Melodie,

1792 2241 174 47 welche
1995 2241 71 47 die
2097 2241 155 48 Göttin
2282 2241 82 48 der
2392 2242 142 47 Liebe
2564 2242 141 47 feiert.
2737 2244 95 45 Auf
2851 2244 186 47 Lavinia
3061 2245 152 47 macht
3240 2245 70 48 die

1795 2317 132 50 whlde
1956 2319 113 47 Lust
2111 2317 161 50 keinen
2310 2317 247 50 Eindruck.
2615 2319 233 57 Claudius,
2888 2319 80 49 der
3010 2321 178 48 Präfect
3229 2339 82 32 von

1793 2397 117 47 Rom
1938 2395 240 66 (Bariton),
2204 2395 186 48 befiehlt
2412 2395 80 49 der
2515 2396 227 48 ionischen
2765 2397 237 65 Sängerin,
3033 2397 80 49 der
3136 2399 174 49 Sclavin

1796 2472 192 66 Clythia,
2031 2474 70 48 ein
2129 2471 113 50 Lied
2270 2490 52 31 zu
2351 2474 182 63 singen;
2576 2474 70 47 die
2685 2474 237 48 heimliche
2954 2474 195 49 Christin
3178 2476 134 65 singt,

1795 2551 85 47 wie
1909 2551 80 48 der
2021 2551 136 57 Herr,
2197 2550 110 57 „der
2334 2551 64 47 als
2422 2551 108 48 Gott
2553 2551 81 47 auf
2652 2550 152 49 Erden
2828 2552 125 64 ging,
2982 2552 81 49 der
3084 2552 225 51 Sünderin

1795 2629 189 57 verzieh,
2014 2629 70 48 die
2115 2629 80 48 viel
2496 2629 161 48 Dieser
2688 2630 198 65 Gesang,
2921 2630 62 48 als
3013 2631 186 48 Ballade
3227 2632 66 49 rei-

1792 2705 112 49 zend
1947 2706 255 65 componirt
2246 2705 90 48 und
2380 2706 81 48 mit
2502 2706 168 48 lautem
2701 2707 205 65 Applaus
2948 2707 367 65 aufgenommen,

1796 2783 150 49 macht
1975 2783 185 47 Lavinia
2188 2790 197 49 stutzen;
2431 2783 216 49 Claudius
2690 2783 112 49 aber
2839 2783 191 50 erkennt
3067 2785 129 49 darin
3225 2786 84 50 den

1804 2861 317 63 „Sclavengott
2162 2860 82 48 der
2630 2861 91 48 und
2761 2861 99 48 tobt
2901 2879 145 47 gegen
3094 2862 98 56 „die
3235 2881 53 47 ge-

1793 2938 166 49 weihte
1990 2940 151 54 Rotte,
2171 2937 71 48 die
2272 2940 184 47 Roma's
2487 2940 190 48 Göttern
2926 2941 92 46 Das
3049 2941 150 48 Ganze
3230 2941 61 48 bil-

1792 3015 76 49 det
1896 3017 80 47 mit
2006 3016 102 48 dem
2141 3016 124 48 Chor
2300 3016 99 48 eine
2430 3016 307 49 Introduction
2768 3016 82 48 voll
2881 3016 157 49 Leben
3069 3017 88 48 und
3192 3018 90 50 Cha-

1793 3095 168 48 rakter.
1990 3095 87 47 Die
2107 3095 135 48 Gäste
2271 3102 257 41 zerstreuen
2558 3095 105 48 sich.
2701 3097 94 46 Das
2826 3095 208 63 folgende
3063 3096 143 48 Duett
3234 3097 80 50 der

1792 3172 202 56 Lavinia,
2037 3171 71 49 die
2152 3172 43 47 in
2234 3171 81 48 der
2366 3171 158 57 „Oede
2567 3172 119 48 ihres
3011 3173 71 47 ein

1793 3250 140 66 klagt,
1986 3250 131 55 „dem
2147 3250 138 48 selbst
2314 3250 160 48 Götter
2508 3250 124 48 nicht
2661 3250 147 49 helfen
3117 3252 90 47 und
3237 3253 77 49 des

1795 3328 231 56 Claudius,
2056 3327 82 48 der
2164 3327 250 65 vergebens
2446 3345 74 30 um
2544 3328 98 47 ihre
2665 3327 142 50 Liebe
2826 3327 151 57 wirbt,
2999 3328 200 50 zeichnet
3220 3331 89 47 sich

1797 3405 244 49 besonders
2084 3403 144 48 durch
2268 3403 88 50 den
2397 3405 200 48 schönen
2642 3405 303 48 melodischen
2976 3406 129 47 Fluss
3149 3407 40 47 in
3232 3407 79 48 der

1793 3483 153 49 Partie
1974 3482 79 48 des
2083 3482 218 48 Claudius
2331 3498 81 32 aus
2441 3482 92 48 und
2562 3482 160 48 erhielt
2752 3482 230 50 lebhaften
3014 3483 169 49 Beifall.

1909 3561 102 48 Von
2040 3576 162 33 aussen
2234 3561 128 48 wälzt
2390 3561 92 47 sich
2514 3562 186 47 Tumult
2729 3561 168 49 heran:
2928 3562 280 57 Timotheus,
3237 3563 70 47 ein

1795 3638 166 56 Christ,
1990 3637 112 49 wird
2135 3655 99 35 vow
2270 3638 142 48 Volke
2442 3638 206 65 verfolgt,
2677 3638 79 48 das
2785 3638 93 48 ihm
2911 3638 65 48 bis
3004 3638 42 47 in
3076 3638 70 48 die
3175 3641 132 49 Halle

1792 3716 81 48 der
1900 3717 186 48 Lavinia
2115 3716 286 63 nachdringt.
2447 3717 61 47 Er
2536 3721 140 43 stürzt
2703 3716 70 48 ihr
2798 3733 52 31 zu
2883 3717 186 47 Füssen.
3112 3717 96 48 Auf
3230 3717 79 49 des

1791 3794 235 49 Präfecten
2072 3793 157 48 Befehl
2271 3794 80 47 soll
2397 3810 64 39 er,
2516 3811 75 30 um
2633 3793 91 48 sich
2765 3811 53 30 zu
2863 3793 198 65 reinigen
3103 3810 84 33 von
3230 3794 81 50 der

1790 3871 188 58 Schuld,
2007 3871 71 48 die
2101 3871 331 66 Opferllamme
2463 3887 77 32 vor
2569 3871 80 48 der
2672 3869 225 50 Bildsäule
2926 3869 79 49 der
3030 3869 154 50 Venus
3212 3881 74 40 ent-

1788 3949 192 49 zünden.
2011 3951 95 47 Der
2134 3949 155 49 Sclave
2318 3947 166 49 Lucius
2515 3948 152 65 bringt
2695 3948 90 48 ihm
2817 3947 70 48 die
2917 3947 167 48 Fackel
3117 3948 90 50 und
3237 3967 47 32 er-

1790 4028 157 48 mahnt
1976 4027 77 48 ihn
2082 4027 122 57 leise,
2238 4026 113 57 „den
2375 4026 153 48 Herrn
2559 4026 122 48 nicht
2707 4043 52 30 zu
3152 4028 123 48 Timo-

1788 4106 149 59 theus,
1981 4104 143 50 durch
2155 4103 178 51 Lucius'
2365 4103 193 50 Anblick
2596 4102 216 66 gestärkt,
2858 4103 189 65 weigert
3072 4104 116 56 sich;
3230 4106 79 47 das

2973 4181 31 48 8
