3507 4376
1700 157 66 53 61

183 305 202 50 Weitem
416 299 124 51 nicht
567 299 241 68 allgemein
832 317 152 50 genug
1013 299 256 51 anerkannt
1289 299 188 50 worden
1506 298 71 59 ist,
1603 302 101 47 weil

179 382 122 48 seine
343 378 398 50 reformatorische
777 378 262 65 Thätigkeit
1079 378 80 47 mit
1195 377 212 48 Mozart's
1444 392 141 32 neuer
1615 378 60 47 Ge-

179 461 203 59 staltung
411 457 82 47 der
522 457 127 65 Oper
675 457 341 48 zusammenfiel
1054 454 90 49 und
1175 453 121 50 diese
1326 453 86 50 den
1443 454 260 49 Deutschen

180 534 225 51 natürlich
437 533 141 48 näher
606 534 91 64 lag,
717 534 117 47 auch
852 551 79 30 vor
955 533 122 48 ihrer
1093 531 421 66 überwältigenden
1539 532 137 48 Genia-

176 614 94 47 lität
280 640 63 6 —
354 611 272 64 wenigstens
656 609 70 49 bei
757 611 86 47 den
875 612 217 46 Kennern
1199 609 143 49 nichts
1370 608 208 50 Anderes
1606 609 72 47 auf-

176 691 216 45 kommen
418 688 183 47 konnte.
631 688 108 46 Man
768 687 161 63 sprach
962 686 92 48 und
1083 686 178 48 schrieb
1291 686 164 48 immer
1482 684 115 50 noch
1622 686 80 48 viel

171 783 87 32 von
289 766 146 48 Gluck
467 763 93 48 und
588 764 155 47 seinen
774 763 314 48 Grundsätzen
1133 762 114 49 über
1284 762 80 49 das
1393 762 310 49 musicalische

174 846 195 52 Drama,
414 842 132 48 allein
590 858 106 32 man
740 857 183 49 vergass
960 839 218 59 darüber,
1222 839 100 50 dass
1354 839 249 50 Cherubini
1632 839 72 50 die

174 922 82 47 Vei
269 920 292 63 Schmelzung
590 918 82 48 der
700 919 149 48 Musik
880 918 80 48 mit
989 917 80 49 der
1098 918 160 48 Poesie
1286 917 97 48 und
1412 917 71 48 die
1511 917 164 48 charak-

173 998 250 49 teristische
453 998 299 63 Darstellung
780 997 82 48 der
890 995 335 50 dramatischen
1255 995 224 49 Situation
1510 994 114 50 eben
1652 1011 50 33 so

175 1077 85 47 wie
292 1075 147 49 Gluck
467 1074 351 56 verwirklichte,
861 1072 113 49 aber
1009 1073 82 48 mit
1119 1072 106 49 weit
1253 1072 229 48 reicherer
1510 1073 165 47 musica-

170 1153 164 47 lischer
363 1150 262 57 Phantasie,
651 1148 153 49 indem
834 1166 51 30 er
913 1149 99 48 eine
1041 1153 210 61 grössere
1274 1150 130 47 Fülle
1427 1149 80 48 der
1530 1150 145 47 Instru-

171 1228 316 48 mentalmittel
531 1227 92 47 und
667 1227 77 48 des
774 1227 210 49 Wissens
1013 1228 43 47 in
1088 1227 87 49 den
1208 1227 382 48 Combinationen
1622 1225 80 49 der

171 1305 254 49 Harmonie
454 1303 263 49 verwandte
759 1304 90 48 und
893 1304 71 48 die
993 1304 150 50 Musik
1185 1304 115 48 über
1340 1303 72 49 die
1454 1303 248 66 ängstliche

171 1381 366 65 Dolmetschung
566 1381 78 49 des
668 1381 192 50 Wortes
889 1381 273 67 emporhob,
1192 1381 120 49 ohne
1341 1381 71 49 die
1440 1380 262 66 psychische

175 1460 253 48 Wahrheit
467 1459 78 48 des
574 1459 268 48 Ausdrucks
882 1459 44 48 in
969 1460 81 47 der
1078 1459 196 48 Melodie
1316 1475 53 32 zu
1409 1459 291 63 verläugnen.

171 1538 148 47 Dabei
363 1536 287 49 entwickelte
693 1553 50 32 er
780 1536 71 49 die
886 1536 267 66 gegebenen
1194 1538 198 47 Formen
1436 1535 92 48 und
1571 1535 135 48 schuf

170 1614 277 49 namentlich
474 1615 76 47 für
571 1614 71 48 die
664 1630 50 33 so
738 1622 259 58 genannten
1020 1613 407 49 Ensemblestücke
1449 1629 113 50 ganz
1585 1629 117 32 neue

171 1709 85 32 von
289 1693 66 47 bis
385 1693 137 48 dahin
561 1693 74 48 nie
669 1693 276 66 gekanntem
979 1694 225 63 Umfange
1239 1693 92 47 und
1373 1691 73 49 nie
1484 1691 216 65 gehörter

171 1770 176 50 Arbeit.
374 1770 87 48 Ein
479 1770 158 48 Finale
655 1770 84 48 wie
755 1770 79 48 das
851 1771 58 47 im
927 1770 187 48 zweiten
1131 1771 113 49 Acte
1261 1769 81 48 der
1356 1768 230 49 Lodoiska
1609 1768 91 48 und

169 1848 80 48 das
278 1849 58 47 im
372 1848 350 66 Wasserträger
752 1865 156 32 waren
941 1849 81 48 auf
1045 1848 83 48 der
1157 1846 333 50 französischen
1520 1846 150 65 Opern-

170 1925 155 48 bühne
354 1925 122 48 ohne
507 1925 210 66 Beispiel,
763 1925 92 50 und
900 1943 135 32 wenn
1065 1925 207 66 Spontini
1312 1924 202 48 nachher
1542 1924 43 47 in
1615 1924 58 47 Be-

167 2019 88 48 zug
297 2003 81 48 auf
416 2003 122 48 diese
581 2019 187 50 grossen
802 2003 319 66 Glanzpunkte
1150 2001 83 50 der
1262 2001 130 66 Oper
1420 2001 83 48 auf
1529 2000 146 48 Cheru-

169 2080 131 48 bini's
329 2080 242 48 Schultern
601 2081 132 65 stieg,
782 2096 50 34 so
875 2081 126 49 hatte
1040 2096 49 32 er
1131 2080 116 48 noch
1289 2079 80 48 das
1411 2077 293 65 vollständige

174 2157 189 49 Vorbild
393 2159 230 58 Mozart's,
667 2159 78 48 das
782 2175 50 32 er
862 2159 222 48 benutzen
1116 2159 186 53 konnte,
1343 2174 80 30 vor
1453 2155 249 49 Cherubini

167 2250 181 40 voraus,
387 2234 98 57 der,
528 2235 86 47 wie
656 2235 85 47 wir
783 2235 120 47 oben
946 2235 237 47 historisch
1222 2234 368 63 nachgewiesen,
1630 2231 74 50 bei

171 2311 83 48 der
284 2310 311 66 Composition
626 2310 81 48 der
736 2311 248 53 Lodoiska,
1022 2309 179 58 Medea,
1238 2310 141 56 Elisa,
1417 2310 258 47 Wasserträ-

169 2406 82 49 ger
280 2405 83 32 von
395 2389 87 48 den
505 2389 376 49 Meisterwerken
904 2390 215 48 Mozart's
1148 2389 115 49 noch
1296 2387 131 49 keine
1456 2387 246 49 Kenntniss

170 2467 151 49 haben
353 2466 183 48 konnte.

286 2545 118 47 Dass
446 2561 50 32 er
536 2547 151 63 später
716 2545 177 48 Mozart
937 2542 116 50 hoch
1083 2544 208 49 verehrte
1331 2542 90 49 und
1464 2542 83 49 tief
1578 2545 92 44 wür-

169 2621 138 65 digte,
348 2621 54 48 ist
432 2622 176 64 gewiss.
669 2622 121 47 War
833 2639 49 30 er
921 2638 47 31 es
1003 2621 135 56 doch,
1181 2620 81 48 der
1291 2621 59 47 im
1379 2620 142 48 Jahre
1557 2618 142 50 1805

169 2700 81 47 das
397 2697 192 68 Requiem
590 2716 31 32 von
642 2701 177 47 Mozart
856 2707 150 41 zuerst
1046 2700 42 48 in
1126 2700 129 48 Paris
1290 2716 80 29 zur
1398 2697 304 65 Aufführung

170 2775 202 49 brachte.
434 2778 164 55 „Trotz
636 2776 81 49 der
747 2777 279 65 Abneigung
1063 2776 80 49 der
1173 2775 179 49 Pariser
1392 2791 146 48 gegen
1568 2773 104 49 deut-

169 2853 105 49 sche
527 2862 160 57 sagten
711 2855 174 48 damals
908 2855 214 47 deutsche
1144 2855 271 62 Zeitungen,
1449 2851 118 58 „und
1589 2858 113 41 trotz

169 2931 77 48 des
279 2931 342 49 Widerwillens
651 2932 79 47 der
759 2932 186 65 dasigen
979 2932 217 47 Künstler
1232 2947 146 49 gegen
1417 2932 98 46 eine
1544 2928 153 49 solche

167 3010 270 64 schwierige
467 3010 320 64 Aufführung,
819 3017 165 41 wusste
1015 3026 45 32 es
1091 3008 207 49 dennoch
1328 3008 93 47 sein
1453 3007 123 48 Eifer
1606 3006 91 48 und

166 3088 123 47 seine
316 3087 213 50 Vorliebe
560 3088 77 47 für
660 3090 211 47 Mozart's
896 3087 276 50 Kunstwerk
1197 3086 370 54 durchzusetzen,
1596 3083 103 50 dass

167 3181 51 31 er
246 3181 47 32 es
322 3165 144 48 durch
499 3165 110 49 200
647 3166 82 48 der
758 3166 411 65 ausgewähltesten
1200 3166 176 62 Sänger
1407 3162 90 48 und
1529 3163 145 46 Instru-

169 3243 285 49 mentalisten
481 3243 108 66 gab,
621 3243 90 49 und
740 3260 48 32 so
820 3245 108 63 gab,
957 3243 102 49 dass
1091 3260 103 32 man
1225 3243 91 47 ihm
1349 3241 114 48 noch
1495 3239 203 65 selbigen

167 3321 150 63 Tages
349 3322 79 48 mit
457 3322 147 48 Bitten
637 3339 74 31 um
744 3322 71 48 die
841 3321 369 65 Wiederholung
1236 3319 77 49 des
1335 3318 190 48 Stückes
1548 3318 149 64 anlag.

169 3398 61 47 Es
259 3398 124 48 hatte
414 3401 63 45 als
518 3398 168 50 blosses
716 3398 279 50 Musikwerk
1040 3400 121 48 ohne
1199 3398 114 48 allen
1346 3394 354 66 Theaterprunk

167 3476 130 48 einen
327 3477 135 47 liefen
494 3477 232 47 Eindruck
757 3477 82 48 auf
862 3476 71 49 die
956 3477 180 48 Pariser
1431 3472 269 57 —Gerber,

167 3552 103 49 dem
303 3556 83 44 wir
416 3554 121 49 diese
565 3554 129 49 Notiz
726 3554 292 59 entnehmen,
1064 3554 102 65 fügt
1208 3553 59 48 im
1312 3568 146 32 neuen
1488 3549 207 50 Lexikon

169 3631 82 47 der
280 3632 310 48 Tonkünstler
620 3629 68 68 (1.,
719 3633 44 47 S.
796 3631 128 66 698)
970 3632 114 48 noch
1130 3631 149 54 hinzu,
1323 3629 100 49 dass
1454 3627 80 49 der
1566 3629 137 46 Fürst

170 3708 264 66 Esterhazy,
466 3709 62 49 als
557 3727 51 32 er
639 3711 125 48 Paris
795 3711 58 47 im
876 3711 142 48 Jahre
1049 3708 143 50 1810
1225 3708 168 48 wieder
1422 3706 179 49 verliess
1632 3704 67 65 (er

170 3786 124 47 hatte
339 3787 209 48 mehrere
588 3788 143 47 Jahre
773 3787 104 48 dort
917 3786 315 66 zugebracht),
1276 3784 249 50 Cherubini
1568 3783 131 48 einen

173 3864 134 64 Bing,
339 3862 148 51 4000
519 3867 126 48 Thlr.
674 3885 57 30 an
764 3866 187 57 Werth,
983 3864 292 50 überschickt
1304 3863 131 48 habe.

288 3942 109 48 Wie
425 3942 107 48 sehr
561 3943 219 66 übrigens
802 3943 251 50 Cherubini
1084 3943 149 48 seiner
1261 3942 98 48 Zeit
1384 3939 206 66 Vorgriff,
1619 3938 53 48 da-

170 4035 84 33 von
286 4021 90 63 legt
396 4018 81 48 der
500 4018 116 50 eben
641 4029 230 56 genannte
894 4021 199 49 ehrliche
1117 4019 179 50 Gerber
1326 4018 70 50 ein
1426 4018 248 47 interessan-

170 4106 65 39 tes
266 4097 296 51 Bekenntniss
601 4097 72 51 ab.
729 4099 79 49 Als
847 4116 48 32 er
924 4098 71 50 die
1025 4099 354 63 Aeusserungen
1407 4095 210 67 Joseph's
1646 4094 53 47 11.

1775 298 93 50 und
1896 299 296 65 Bonaparte's
2222 299 113 50 über
2358 301 208 48 Mozart's
2596 302 90 48 und
2711 302 286 51 Cherubini's
3020 303 145 50 Musik
3198 320 60 33 we-

1775 393 89 47 gen
1892 376 83 48 der
2001 395 51 29 zu
2084 377 138 48 vielen
2253 379 146 47 Noten
2439 385 134 40 unter
2608 378 99 50 dem
2739 381 173 48 Artikel
2942 379 248 51 Cherubini
3219 397 47 32 er-

1773 453 118 48 zählt
1929 453 93 56 hat,
2066 453 122 48 fährt
2226 470 50 31 er
2318 456 109 47 fort:
2475 454 185 55 „Wenn
2691 456 93 47 dies
2813 457 79 47 das
2922 458 173 48 Urtheil
3127 458 162 47 zweier

1774 529 81 49 der
1876 529 297 65 gebildetsten
2199 531 275 49 Dilettanten
2504 531 97 63 (das
2631 547 98 34 war
2757 550 90 31 nun
2879 533 289 50 bekanntlich
3194 534 63 49 Na-

1774 608 163 64 poleon
1966 607 138 65 nicht)
2146 626 51 29 zu
2231 608 137 50 Wien
2410 608 90 48 und
2537 608 127 48 Paris
2705 609 94 49 sein
2842 611 183 55 konnte,
3071 627 94 32 was
3207 612 80 47 soll

1777 701 104 32 man
1905 701 57 33 an
1985 686 146 47 Orten
2154 701 157 48 sagen,
2339 702 71 33 wo
2434 686 72 48 die
2528 687 149 47 Kunst
2706 686 208 64 ungleich
2939 687 199 65 weniger
3161 687 131 49 blüht

1775 762 93 48 und
1897 762 228 64 ausgeübt
2152 762 144 49 wird?
2352 764 178 56 Leider,
2561 763 181 48 fürchte
2771 763 88 58 ich,
2889 764 180 49 möchte
3099 764 91 47 dies
3219 764 69 49 bei

1774 838 86 49 den
1891 839 467 48 ausserordentlichen
2386 839 321 48 Fortschritten
2742 857 185 32 unserer
2950 842 316 47 Instrumental-

1775 917 145 47 musik
1952 917 312 64 gegenwärtig
2306 917 79 48 das
2427 917 299 64 einstimmige
2756 918 172 48 Urtheil
2972 918 77 48 des
3087 922 203 59 grössten

1774 994 179 48 Theiles
1996 994 80 48 der
2105 995 276 47 Dilettanten
2425 994 70 48 bei
2527 994 257 65 Anhörung
2826 997 123 47 einer
2989 995 149 49 Musik
3180 997 110 53 sein,

1774 1087 131 32 wenn
1935 1072 61 47 sie
2027 1072 164 48 anders
2220 1073 40 46 in
2292 1070 102 49 dem
2427 1072 124 47 Falle
2583 1074 168 52 wären,
2780 1072 68 47 ihr
2875 1073 170 47 Urtheil
3077 1073 79 47 mit
3184 1072 78 48 der-

1771 1148 154 48 selben
1954 1149 383 64 Freimüthigkeit
2376 1164 138 49 sagen
2554 1164 52 31 zu
2636 1148 179 56 dürfen,
2856 1149 64 46 als
2949 1164 45 32 es
3022 1149 70 47 ein
3120 1149 168 65 Joseph

1774 1225 91 49 und
1895 1227 69 47 ein
1995 1227 260 64 Bonaparte
2282 1227 170 47 thaten.
2508 1227 131 45 Denn
2683 1227 85 47 wie
2809 1227 98 55 soll,
2953 1227 83 47 wie
3085 1225 118 49 kann
3246 1243 46 31 es

1774 1303 135 48 ihnen
1940 1304 195 64 möglich
2164 1304 110 56 sein,
2318 1303 101 48 dem
2451 1303 216 47 Künstler
2702 1303 42 47 in
2775 1301 100 50 dem
2907 1303 272 48 Ausdrucke
3208 1304 62 47 sei-

1773 1397 81 30 ner
1884 1380 392 65 mannigfaltigen,
2305 1380 42 47 in
2379 1380 69 47 ein
2480 1380 174 47 Ganzes
2681 1379 331 48 verflochtenen
3043 1379 137 48 Ideen
3209 1397 54 30 un-

1778 1456 273 49 vorbereitet
2071 1475 50 30 zu
2149 1458 181 63 folgen?
2362 1458 117 47 Wer
2503 1473 104 47 mag
2631 1455 90 48 und
2747 1473 94 30 wer
2862 1456 112 49 wird
2998 1456 101 49 dem
3123 1458 141 47 Künst-

1775 1535 65 47 ler
1869 1536 75 46 für
1972 1535 121 48 seine
2122 1535 301 65 angewandte
2453 1550 172 49 grosse,
2667 1534 112 48 aber
2809 1550 311 49 ungenossene
3143 1535 147 47 Kunst

1774 1611 210 49 danken?
2014 1613 98 48 Auf
2136 1613 151 48 solche
2321 1613 158 47 Weise
2509 1611 179 49 möchte
2719 1628 103 30 man
2852 1611 113 49 auch
2997 1611 85 49 den
3113 1613 179 47 Herren

1775 1690 322 65 Componisten
2127 1690 210 47 zurufen:
2379 1690 125 55 „„Es
2527 1690 60 46 sei
2613 1688 135 55 denn,
2777 1689 99 48 dass
2907 1690 70 46 ihr
3003 1688 168 48 wieder
3191 1705 68 32 um-

1775 1766 160 49 kehret
1964 1765 88 48 und
2085 1766 172 49 weidet
2285 1766 83 49 wie
2398 1765 69 48 die
2498 1765 189 57 Kinder,
2716 1782 49 31 so
2795 1765 172 48 werdet
2996 1766 68 47 ihr

1777 1860 40 32 u.
1848 1860 31 32 s.
1911 1844 320 48 w.~Gerade
2260 1845 72 46 die
2361 1842 222 49 nämliche
2613 1842 409 65 Ueberspannung,
3059 1842 79 49 das
3166 1846 95 45 näm-

1775 1922 115 47 liche
1920 1921 296 59 Verhältniss,
2245 1921 194 48 welches
2470 1921 71 47 die
2570 1920 324 48 neumodische
2923 1921 249 62 Theologie
3203 1920 89 48 und

1775 1999 290 66 Philosophie
2107 2000 82 48 auf
2225 1999 85 48 den
2356 1997 264 49 Kathedern
2664 2014 187 32 unserer
2892 1997 308 49 Akademieen
3242 2014 51 30 zu

1777 2076 87 50 den
1888 2076 229 65 Begriffen
2142 2075 89 49 und
2258 2076 405 64 Fassungskräften
2688 2074 80 49 der
2793 2075 190 65 übrigen
3012 2075 125 48 Welt

1865 2155 102 48 Und
1999 2154 114 48 doch
2142 2161 101 57 sagt
2271 2152 205 50 derselbe
2506 2154 137 47 Mann
2674 2152 183 63 (1810)
2898 2166 81 33 von
3012 2152 280 47 Beethoven:

1785 2231 139 56 „Wie
1945 2231 106 47 sehr
2081 2231 54 47 ist
2158 2231 166 47 diesem
2357 2229 466 48 ausserordentlichen
2847 2230 216 46 Künstler
3085 2229 179 48 Gesund-

1777 2307 91 49 heit
1898 2307 91 49 und
2020 2307 154 49 Leben
2205 2325 50 31 zu
2287 2306 265 56 wünschen,
2584 2324 74 29 um
2688 2323 84 30 von
2801 2306 167 47 seinem
2994 2321 185 49 grossen
3203 2305 91 48 und

1777 2385 264 49 erhabenen
2069 2385 169 49 Genius
2274 2385 116 48 noch
2420 2384 215 48 manches
2663 2384 180 48 Seltene
2873 2382 88 48 und
2993 2382 274 65 Ausgezeich-

1775 2470 103 41 nete
1907 2462 91 49 und
2031 2462 74 47 für
2135 2462 71 49 die
2227 2464 149 45 Kunst
2396 2460 139 48 selbst
2558 2460 489 48 Vervollkommnende
3069 2467 225 41 erwarten

1774 2557 51 31 zu
1868 2541 194 47 können.
2118 2541 99 47 Nur
2259 2538 183 55 schade,
2486 2538 101 47 dass
2630 2537 90 47 sich
2763 2537 92 47 sein
2897 2537 167 48 Genius
3102 2538 42 46 in
3189 2536 100 47 dem

1774 2621 204 62 grössten
2013 2617 156 48 Theile
2210 2617 147 48 seiner
2386 2615 305 48 Kunstwerke
2729 2631 100 31 zum
2874 2615 162 47 Ernste
3081 2613 89 49 und
3214 2631 78 29 zur

1774 2695 319 49 Schwermuth
2126 2695 223 64 hinneigt;
2399 2692 386 66 Empfindungen,
2828 2692 172 47 welche
3038 2691 142 48 durch
3224 2691 70 48 die

1773 2772 169 50 Leiden
1958 2772 81 48 der
2055 2772 96 48 Zeit
2175 2772 69 48 bei
2268 2773 151 46 seinen
2445 2770 245 48 deutschen
2714 2770 76 47 Mit
2801 2768 197 49 brüdern
3019 2770 108 63 jetzt
3151 2768 111 49 ohne-

1773 2851 94 47 dies
1896 2867 86 31 nur
2010 2867 51 31 zu
2095 2848 273 50 herrschend
2400 2847 118 48 sind!
2568 2847 287 48 Glücklicher
2889 2847 155 48 Weise
3074 2846 93 48 lebt
3199 2846 88 48 und

1774 2928 132 49 wirkt
1947 2928 115 49 noch
2108 2927 239 53 Haydn's
2389 2925 349 50 ermunternder
2780 2925 87 48 und
2908 2923 151 49 froher
3090 2925 122 47 Geist
3248 2925 42 45 in

1771 3007 152 47 seinen
1949 3006 210 47 Werken
2191 3013 130 40 unter
2353 3021 97 39 uns,
2481 3021 74 31 um
2588 3019 81 31 uns
2699 3002 199 48 dadurch
2926 3001 169 48 wieder
3123 3002 42 47 in
3198 3001 67 48 fro-

1773 3083 108 49 here
1910 3085 260 63 Stimmung
2199 3090 224 42 versetzen
2451 3099 52 30 zu

1890 3162 123 53 Nun,
2051 3159 201 67 Hayd'ns
2281 3158 258 50 Sinfonieen
2570 3157 165 47 kannte
2766 3156 248 48 Cherubim
3047 3156 114 48 auch
3194 3156 90 48 und

1771 3238 195 48 schätzte
1994 3238 61 48 sie
2083 3238 105 47 sehr
2217 3237 131 49 hoch.
2404 3237 127 47 Nach
2568 3236 123 47 einer
2721 3234 295 61 Aeusserung
3047 3251 82 32 von
3163 3234 99 49 Rei-

1771 3316 173 47 chard
1963 3323 17 40 t
2019 3316 42 47 in
2100 3314 85 49 den
2227 3313 207 57 „Briefen
2466 3330 80 30 aus
2772 3312 155 47 hatten
2958 3312 73 47 ihn
3063 3311 121 48 diese
3213 3327 52 31 na-

1773 3393 211 48 mentlich
2014 3410 51 30 zu
2095 3393 80 47 der
2203 3396 240 61 grösseren
2480 3391 126 47 Tiefe
2638 3388 88 48 und
2760 3389 149 47 Breite
2939 3388 40 48 in
3011 3389 168 47 seinem
3210 3389 79 46 Stil

1775 3478 235 57 angeregt.
2069 3471 108 47 Wie
2217 3486 130 48 gross
2390 3469 122 47 seine
2551 3467 273 63 Verehrung
2866 3467 75 47 für
2973 3466 162 66 Haydn
3180 3482 112 37 war,

1771 3549 143 51 zeiste
1957 3565 48 30 er
2047 3547 142 48 durch
2234 3546 72 48 die
2335 3547 229 53 Antwort,
2606 3544 71 47 die
2720 3561 50 30 er
2806 3543 86 47 den
2927 3543 255 52 Freunden,
3223 3542 70 47 die

1840 3591 26 22 O
2554 3591 10 10 7

1773 3627 91 47 ihm
1887 3626 260 54 zuredeten,
2177 3626 71 47 die
2272 3626 200 47 Partitur
2494 3640 83 31 von
2601 3623 89 47 Les
2715 3622 118 48 deux
2853 3620 229 50 Journees
3096 3620 46 65 („
3156 3620 103 49 Was-

1771 3708 228 59 serträger
2014 3703 39 65 „)
2100 3702 163 66 Haydn
2305 3720 51 29 zu
2387 3700 214 55 widmen,
2641 3699 119 65 gab:
2820 3698 160 57 „Nein,
3016 3698 113 47 noch
3175 3695 115 50 habe

1771 3782 70 48 ich
1871 3781 143 49 nichts
2043 3781 315 64 geschrieben,
2389 3794 91 33 was
2512 3778 142 47 dieses
2677 3777 206 48 Meisters
2913 3775 178 64 würdig

1891 3861 98 47 Den
2022 3858 233 56 Vorwurf,
2301 3858 100 47 dass
2443 3855 122 49 seine
2594 3855 148 47 Musik
2785 3871 51 30 zu
2875 3853 174 65 gelehrt
3082 3852 79 54 sei,
3205 3852 85 48 den

1773 3953 49 32 er
1850 3953 84 31 von
1966 3935 80 50 der
2074 3935 338 65 gleichzeitigen
2446 3933 146 47 Kritik
2636 3933 140 47 hören
2820 3937 182 47 musstc,
3043 3928 111 48 wird
3196 3929 92 48 ihm

1774 4015 274 65 heutzutage
2079 4014 100 48 kein
2203 4012 183 50 Mensch
2419 4010 214 55 machen;
2664 4026 102 31 man
2793 4024 118 31 muss
2935 4007 57 48 im
3021 4007 267 64 Gegentheil

1771 4109 157 48 sagen,
1972 4092 100 49 dass
2111 4092 115 49 auch
2265 4089 122 51 seine
2415 4088 303 65 gelehrtesten
2748 4084 286 66 polyphonen
3067 4084 90 48 und
3186 4101 78 31 con-
