3507 4376
1697 195 69 48 60

185 343 116 48 auch
334 342 130 49 führt
493 342 41 47 in
568 338 85 50 den
684 338 115 57 Tod,
840 338 75 48 Ich
953 338 114 48 auch
1110 337 75 48 bin
1223 353 86 32 von
1347 336 123 48 ihrer

183 421 127 48 Aber
340 419 69 49 die
441 418 207 50 Christen
677 416 323 48 verschmähen
1032 414 90 49 und
1151 413 337 50 verabscheuen
1517 413 75 47 sie.
1622 412 73 47 Sie

182 497 118 48 steht
329 497 219 47 verlassen
582 493 90 48 und
703 493 145 48 allein.
905 492 214 49 Claudius
1149 492 160 47 nähert
1335 490 92 47 sich
1456 490 93 47 ihr:
1597 488 99 56 „Sei

393 572 127 47 Aber
543 572 62 47 sie
630 570 140 49 weis't
792 569 75 47 ihn
888 569 107 46 stolz
1018 567 169 48 zurück
1209 567 91 49 und
1324 567 96 64 gibt
1447 565 91 49 sich
1563 563 137 49 selbst

185 649 83 47 den
299 647 109 48 Tod.
456 647 215 49 Claudius
701 645 159 50 erhebt
887 645 91 46 sich
1008 644 154 65 zornig
1190 661 84 31 von
1305 644 80 47 der
1413 640 283 51 Sterbenden

183 725 89 49 und
301 724 258 50 schleudert
587 724 85 48 den
704 722 442 64 Vertilgungsbefehl
1187 738 147 48 gegen
1362 720 71 49 die
1463 719 233 55 Christen;

181 802 120 48 diese
326 803 128 56 aber,
483 819 74 31 um
583 802 126 47 ihren
735 802 181 47 Meister
939 799 225 64 geschart,
1188 799 155 47 sinken
1368 795 329 50 aufdieKniee

182 878 89 48 und
303 880 207 47 stimmen
539 878 80 47 mit
646 878 90 47 ihm
768 877 129 47 einen
928 875 391 66 Sieges-Hymnus
1348 889 80 32 an:

719 974 80 35 Uns
828 974 51 35 ist
907 976 65 34 der
998 973 99 46 Sieg,

715 1043 72 35 Die
815 1042 59 35 ihr
900 1042 216 46 bekrieget:

719 1111 72 35 Mit
818 1122 71 24 uns
917 1112 51 34 ist
995 1111 101 44 Gott,

196 1179 4 47 ,
716 1180 87 36 Und
830 1181 59 34 ihr
916 1179 175 47 erlieget!

795 1249 219 45 Halleluja!

296 1334 49 45 In
384 1331 166 48 diesem
581 1331 209 65 Hymnus
832 1330 273 49 concentrirt
1146 1329 80 49 der
1274 1327 264 66 Componist
1578 1327 115 50 noch

180 1410 162 48 einmal
387 1409 69 47 die
498 1409 113 47 volle
647 1409 134 48 Kraft
823 1409 144 47 seines
997 1407 168 49 Genius
1207 1406 93 48 und
1343 1406 71 48 die
1442 1406 129 48 Fülle
1615 1405 81 48 der

178 1486 341 48 musicalischen
547 1485 161 57 Mittel,
748 1503 75 30 um
853 1485 71 48 die
952 1485 189 47 sittliche
1171 1484 272 63 Bedeutung
1472 1484 79 47 des
1580 1500 84 48 gan-

177 1579 79 33 zen
285 1564 211 47 Drama's
538 1561 91 50 und
670 1561 85 48 den
787 1562 139 56 Geist,
973 1562 42 47 in
1047 1561 217 48 welchem
1295 1578 49 30 er
1372 1560 220 65 gestrebt,
1631 1560 62 48 sie

177 1640 142 48 durch
362 1640 72 47 die
463 1640 153 47 Macht
656 1639 80 48 der
765 1641 128 47 Töne
933 1658 54 29 zu
1029 1639 252 58 verklären,
1324 1639 82 48 auf
1443 1642 250 61 prägnante

178 1716 156 50 Weise
364 1731 77 33 ans
472 1716 129 48 Licht
637 1733 53 30 zu
728 1717 170 47 stellen.
955 1715 102 49 Und
1099 1715 79 48 das
1218 1715 55 48 ist
1314 1715 91 47 ihm
1452 1716 240 64 gelungen.

177 1795 96 45 Der
296 1792 229 48 Eindruck
550 1809 96 33 war
674 1793 69 49 ein
768 1792 301 57 erhebender,
1096 1792 92 48 und
1217 1800 135 40 unter
1380 1791 103 48 dem
1512 1792 155 47 stürmi-

177 1870 137 48 schen
343 1871 118 47 Rufe
502 1870 78 48 des
620 1870 263 48 Publicums
925 1877 168 41 musste
1122 1870 145 48 Hiller
1296 1868 170 50 wieder
1502 1870 80 48 auf
1613 1868 80 50 der

181 1947 162 48 Bühne
371 1947 276 48 erscheinen.

294 2026 103 46 Ihre
426 2026 226 48 Hoheiten
682 2025 80 48 der
794 2026 179 63 Herzog
1004 2025 90 48 und
1124 2026 70 47 die
1221 2025 227 63 Herzogin
1479 2023 213 49 wohnten

176 2103 81 47 der
282 2102 290 65 Vorstellung
595 2103 80 47 mit
700 2102 253 48 sichtbarer
977 2103 300 47 Theilnahme
1306 2119 84 31 von
1414 2102 183 64 Anfang
1627 2101 66 48 bis

174 2197 51 30 zu
256 2178 129 49 Ende
414 2178 87 49 bei.

290 2256 88 47 Die
407 2254 301 65 Aufführung
736 2271 113 39 war,
892 2254 85 47 wie
1013 2254 138 49 schon
1182 2254 118 49 oben
1330 2254 224 56 erwähnt,
1592 2254 100 49 eine

180 2333 229 47 durchaus
439 2332 232 65 würdige;
714 2333 122 48 Chor
878 2331 90 49 und
997 2332 249 48 Orchester
1287 2332 296 48 wetteiferten
1616 2332 80 47 mit

178 2409 87 49 den
295 2412 386 62 Bepräsentanten
712 2409 81 49 der
821 2411 302 63 Hauptrollen
1152 2409 44 47 in
1227 2409 282 65 Hingebung
1537 2426 56 32 an
1624 2408 71 48 die

178 2487 163 55 Sache,
364 2487 90 47 und
479 2503 130 31 wenn
634 2502 103 32 man
761 2486 71 48 die
858 2486 303 48 Verhältnisse
1184 2487 125 47 einer
1331 2486 177 48 kleinen
1532 2486 163 48 Bühne

185 2563 214 56 bedenkt,
441 2581 47 30 so
521 2580 121 31 muss
670 2581 103 30 man
813 2564 233 64 gestehen,
1086 2563 102 48 dass
1215 2563 478 48 Ausserordentliches

180 2642 204 63 geleistet
411 2641 172 48 wurde.
624 2642 105 48 Wir
759 2642 177 48 können
967 2642 151 47 diesen
1149 2642 182 47 Bericht
1359 2641 126 48 nicht
1510 2641 161 48 schlies-

176 2735 95 40 sen,
312 2719 118 47 ohne
470 2718 60 48 im
561 2719 176 47 Namen
768 2718 80 50 der
884 2718 245 48 deutschen
1161 2718 239 50 Tonkunst
1438 2718 103 48 dem
1571 2718 100 48 Diri-

176 2803 183 57 genten,
404 2797 148 45 Herrn
596 2797 339 62 Capellmeister
972 2797 226 63 Hagen,
1240 2796 114 52 noch
1399 2797 162 47 einmal
1606 2796 86 48 den

177 2876 240 44 wärmsten
449 2872 131 48 Dank
613 2873 76 47 für
717 2872 71 48 die
817 2873 297 63 erfolgreiche
1143 2873 141 48 Mühe
1312 2872 379 66 auszusprechen,

174 2948 70 48 die
275 2966 48 31 er
351 2949 169 48 darauf
549 2949 234 48 verwandt
825 2950 92 55 hat,
968 2949 79 48 das
1086 2967 157 47 grosse
1284 2949 91 48 und
1424 2950 268 64 schwierige

177 3027 147 47 Werk
367 3028 120 46 eines
529 3027 244 48 deutschen
820 3028 369 63 Kunstgenossen
1232 3028 42 47 in
1319 3027 374 64 wirkungsvoller

176 3104 160 48 Weise
364 3121 77 30 zur
469 3113 145 39 ersten
639 3105 301 64 Aufführung
961 3122 52 30 zu
1038 3105 206 64 bringen.
1274 3104 275 48 Hoffentlich
1575 3122 88 30 wer-

174 3180 87 49 den
310 3180 70 49 die
430 3198 183 47 grossen
657 3183 466 63 Hof-Opernbühnen
1174 3183 43 46 in
1256 3182 312 48 Deutschland
1621 3182 71 48 die

178 3259 172 53 Kräfte,
392 3259 170 48 welche
600 3259 61 47 sie
696 3276 47 31 so
788 3260 63 47 oft
878 3276 56 31 an
967 3259 298 48 französische
1295 3259 91 48 und
1416 3259 277 48 ilaliänische

173 3335 158 62 Opern
355 3335 437 49 verschwenderisch
817 3335 207 59 wenden,
1053 3335 103 50 dem
1189 3337 163 48 höchst
1373 3335 319 49 bedeutenden

176 3411 176 47 Werke
381 3414 120 46 eines
530 3413 244 48 deutschen
806 3413 207 48 Dichters
1051 3414 90 48 und
1171 3415 268 47 Tonsetzers
1475 3413 218 49 ebenfalls

1441 3492 52 47 L.
1526 3491 47 48 B.

174 3489 103 48 bald
310 3490 79 48 mit
414 3490 140 49 Liebe
583 3490 92 49 und
707 3491 124 48 Eifer
859 3490 211 48 widmen.

692 3722 483 57 Cherubini.

880 3841 97 49 VII.

363 3945 52 46 (S.
444 3945 64 37 Nr.
536 3942 51 38 48
613 3944 80 35 und
722 3942 48 39 52
802 3956 35 24 v.
863 3944 26 36 J
910 3970 9 21 ,
954 3945 63 35 Nr.
1048 3944 34 45 1,
1110 3944 35 45 4,
1176 3946 21 36 5
1227 3944 78 35 und
1336 3944 18 35 7
1385 3943 33 38 d.
1446 3943 55 48 J.)

293 4034 152 47 Wenn
475 4035 82 47 wir
583 4050 101 32 zum
708 4034 184 48 Schluss
920 4034 145 48 dieser
1088 4032 325 51 Lebensskizze
1442 4034 122 48 eines
1589 4034 68 48 Mu-

175 4111 158 59 sikers,
376 4111 96 56 der,
514 4112 83 49 wie
638 4129 48 32 so
729 4111 193 51 manche
950 4112 374 66 Kunstgenossen
1353 4112 81 49 der
1477 4111 214 50 früheren

1772 330 205 66 Epoche,
2007 329 131 50 mehr
2166 338 200 57 genannt
2396 329 90 50 und
2516 330 215 65 gerühmt
2760 329 132 57 wird,
2921 332 63 48 als
3014 330 201 65 gekannt
3241 330 54 50 ist

1771 424 85 31 von
1899 407 80 48 der
2021 407 370 66 gegenwärtigen
2422 408 294 56 Generation,
2758 408 114 47 noch
2916 407 146 64 einige
3107 409 156 47 Bemer-

1772 484 183 65 kungen
1987 484 114 48 über
2129 483 157 48 dessen
2317 485 79 47 Stil
2429 484 296 65 hinzufügen,
2763 502 48 32 so
2850 485 233 64 geschieht
3111 502 62 38 es,
3216 503 76 31 um

1772 577 81 32 uns
1895 578 52 31 zu
1979 559 238 50 derselben
2247 562 191 47 Ansicht
2477 578 52 31 zu
2575 560 255 56 bekennen,
2873 562 170 48 welche
3073 562 130 48 Riehl
3249 563 46 47 in

1770 638 81 48 der
1878 639 186 47 zweiten
2096 638 142 63 Folge
2274 638 147 48 seiner
2460 638 369 56 „musicalischen

1771 711 260 68 (Stuttgart,
2067 713 161 57 1860,
2257 715 45 46 S.
2335 713 87 66 90)
2454 714 268 65 ausspricht,
2760 732 131 30 wenn
2921 732 50 30 er
2998 723 116 57 sagt,
3164 715 131 56 „dass

1770 808 105 32 man
1912 793 42 47 in
1985 791 279 49 Frankreich
2297 791 69 49 bei
2408 791 80 50 der
2516 793 318 62 Erscheinung
2864 791 83 49 der
2976 793 159 48 letzten
3167 793 128 64 Oper

1772 866 286 50 Cherubini's
2087 866 89 65 (Ali
2208 866 147 65 Baba)
2396 868 222 48 bedauert
2647 868 136 57 habe,
2821 868 103 48 dass
2953 868 81 48 der
3064 869 87 48 alte
3179 870 85 47 Mei-

1768 953 92 40 ster
1897 962 74 30 um
2008 945 111 47 zwei
2144 945 316 48 Jahrzehende
2499 963 52 30 zu
2591 949 98 61 spät
2732 945 200 57 komme,
2972 945 217 50 während
3220 946 72 49 die

1770 1021 246 49 deutschen
2046 1021 202 47 Musiker
2290 1021 115 49 doch
2452 1021 78 47 mit
2573 1023 124 47 einer
2736 1021 194 64 heiligen
2961 1023 148 48 Scheu
3146 1023 45 48 in
3221 1023 71 49 die

1771 1099 114 48 feine
1927 1099 203 48 Partitur
2170 1099 236 57 schauten,
2449 1099 144 65 gleich
2638 1100 62 47 als
2742 1100 169 48 ahnten
2954 1100 79 56 sie,
3076 1100 102 48 dass
3220 1100 72 48 die

1768 1175 323 66 Schöpfungen
2123 1175 120 48 eines
2274 1175 250 48 Cherubini
2553 1184 172 41 vorerst
2761 1178 64 47 als
2854 1175 296 50 Modewerke
3178 1184 91 41 ster-

1768 1252 88 49 ben
1884 1255 217 53 müssten,
2132 1269 74 30 um
2237 1251 119 50 dann
2388 1252 113 49 nach
2532 1252 114 49 Jahr
2675 1252 90 47 und
2791 1255 100 61 Tag
2916 1254 64 47 als
3004 1258 258 60 unvergäng-

1767 1330 116 48 liche
1904 1329 306 48 Kunstwerke
2233 1329 170 49 wieder
2791 1330 266 48 —Freilich
3088 1332 53 47 ist
3170 1331 122 48 diese

1768 1406 188 50 Ansicht
1998 1406 67 48 bis
2100 1406 109 65 jetzt
2247 1423 88 31 nur
2365 1406 210 50 Wunsch
2606 1406 260 65 geblieben,
2910 1407 76 47 für
3015 1406 158 48 dessen
3203 1409 57 47 Er-

1768 1484 181 64 füllung
1975 1484 117 48 noch
2125 1484 130 48 keine
2276 1484 264 48 Zuversicht
2567 1484 264 48 vorhanden
2863 1485 76 54 ist;
2970 1482 207 50 dennoch
3208 1485 55 48 ha-

1767 1560 86 49 ben
1885 1561 84 47 wir
2006 1561 43 47 in
2088 1560 87 48 den
2217 1561 160 48 letzten
2405 1561 172 48 Jahren
2609 1562 41 47 in
2685 1561 310 48 Deutschland
3026 1562 147 64 einige
3203 1562 57 47 Er-

1763 1637 308 65 scheinungen
2100 1637 428 65 wahrgenommen,
2556 1639 174 48 welche
2758 1637 71 50 die
2859 1639 239 66 Hoffnung
3127 1639 168 49 darauf

1764 1733 89 31 neu
1883 1734 52 29 zu
1966 1715 192 49 beleben
2187 1716 60 47 im
2278 1716 171 48 Stande
2478 1716 113 48 sind.

1881 1793 127 47 Dazu
2040 1792 197 48 rechnen
2267 1792 84 48 wir
2379 1792 123 48 nicht
2532 1810 85 30 nur
2646 1792 71 48 die
2749 1792 249 57 Versuche,
3027 1792 147 66 einige
3202 1810 86 32 von

1763 1870 154 48 seinen
1956 1870 178 66 Opern,
2176 1887 34 31 z.
2241 1870 51 48 B.
2335 1870 71 48 die
2712 1870 90 48 und
2845 1870 87 48 den
2974 1871 288 56 „Wasserträ-

1945 1947 81 48 der
2055 1947 239 64 eigentlich
2325 1947 72 48 nie
2426 1964 114 48 ganz
2571 1946 69 49 bei
2670 1948 123 47 Seite
2821 1947 153 65 gelegt
3003 1947 185 48 worden
3221 1948 69 56 ist,

1766 2025 171 48 wieder
1979 2025 43 48 in
2051 2026 145 47 Scene
2224 2041 54 31 zu
2313 2031 168 51 setzen,
2521 2025 197 48 sondern
2761 2025 256 64 vorzüglich
3060 2025 115 49 auch
3217 2025 73 48 die

1766 2102 340 65 merkwürdige
2126 2102 273 53 Thatsache,
2422 2102 103 48 dass
2543 2102 286 48 Cherubini's
2845 2102 292 48 Ouvertüren
3159 2102 133 50 mehr

1767 2178 84 49 wie
1872 2180 164 63 jemals
2068 2181 84 46 fast
2180 2195 56 32 an
2261 2180 116 47 allen
2402 2180 146 47 Orten
2571 2180 43 47 in
2637 2177 312 50 Deutschland
2974 2178 72 49 die
3070 2178 218 50 Concert-

1764 2258 304 63 Programme
2096 2257 165 55 zieren,
2298 2256 90 48 und
2419 2256 101 48 dass
2551 2256 149 48 ferner
2728 2257 44 47 in
2802 2260 239 59 grösseren
3073 2257 215 48 Concert-

1764 2334 237 47 Instituten
2043 2332 91 49 und
2163 2333 140 47 selbst
2327 2332 71 48 bei
2429 2332 246 49 deutschen
2707 2333 294 48 Musikfesten
3031 2333 123 48 seine
3182 2334 79 47 Kir-

1764 2409 511 66 chen-Compositionen
2316 2426 113 48 ganz
2462 2409 113 49 oder
2603 2409 249 49 theilweise
2878 2426 80 30 zur
2986 2409 304 66 Aufführung

1764 2487 230 48 kommen.
2038 2488 106 47 Man
2173 2487 140 48 suche
2341 2503 103 41 nur,
2473 2503 73 32 wo
2575 2486 71 49 die
2676 2487 172 65 pariser
2876 2487 260 49 Partituren
3167 2488 124 48 nicht

1763 2564 266 66 zugänglich
2059 2564 114 56 sind,
2217 2564 72 47 die
2330 2564 119 49 alten
2493 2564 149 49 Clavi
2660 2581 23 32 e
2700 2567 103 46 r-A
2821 2568 206 60 uszüge
3069 2564 80 49 der
3178 2566 73 48 Lo-

1766 2642 202 48 doiska
2012 2641 217 66 (Leipzig,
2261 2641 71 49 bei
2363 2641 219 66 Kühnel),
2624 2641 82 49 der
2742 2641 244 49 Faniska
3017 2641 100 64 (von
3148 2643 57 47 A.
3235 2643 53 48 E.

1764 2721 183 54 Müller,
1978 2718 354 66 ebendaselbst),
2375 2718 82 50 der
2483 2718 195 50 Medea
2708 2718 89 65 (bei
2827 2718 200 50 Imbault
3055 2719 42 49 in
3126 2719 166 65 Paris),

1764 2797 80 49 der
1875 2798 155 48 Elisa
2062 2797 205 65 (deutsch
2300 2797 70 48 bei
2402 2797 243 65 Breitkopf
2666 2797 92 48 und
2789 2796 195 64 Härtel),
3015 2797 77 48 des
3122 2798 124 50 Was-

1763 2879 322 60 serträgers
2128 2873 373 66 (ebendaselbst),
2554 2874 79 49 des
2675 2876 168 45 Ballets
2886 2873 256 50 Achilles
3194 2876 101 49 auf

1763 2953 210 65 Skyros
2015 2950 217 68 (Leipzig,
2265 2952 68 48 bei
2366 2952 200 63 Kühnel)
2610 2952 170 47 wieder
2825 2952 179 56 hervor,
3047 2952 90 48 und
3183 2969 104 31 man

1766 3029 110 48 wird
1908 3030 97 47 eine
2035 3029 283 65 Fundgrube
2349 3029 335 48 musicalischer
2707 3028 258 49 Edelsteine
2989 3029 166 50 finden.
3186 3029 101 50 Und

1764 3107 120 48 dann
1916 3107 69 48 die
2016 3108 198 47 Messen!

1879 3185 48 47 In
1958 3185 151 56 allem,
2139 3201 94 33 was
2264 3184 250 48 Cherubini
2544 3183 315 66 geschrieben,
2897 3192 172 40 stossen
3099 3184 84 47 wir
3214 3184 82 48 auf

1768 3260 145 50 nichts
1944 3260 213 56 Unedles,
2199 3260 288 66 geschweige
2526 3260 119 49 denn
2676 3262 256 47 Gemeines.
2981 3263 95 46 Der
3107 3260 188 49 höchste

1766 3338 114 49 Adel
1912 3339 207 48 herrscht
2154 3339 42 47 in
2233 3338 147 48 seiner
2410 3338 278 48 Schreibart.
2745 3338 133 48 Seine
2907 3338 256 48 Melodieen
3192 3354 75 32 ver-

1763 3415 243 50 schmähen
2050 3415 87 50 den
2196 3415 118 49 bloss
2351 3415 248 49 sinnlichen
2645 3415 130 55 Beiz;
2817 3415 64 49 oft
2924 3415 175 49 fliessen
3141 3417 62 47 sie
3247 3417 44 47 in

1766 3493 331 48 wunderbarer
2143 3493 289 48 Einfachheit
2479 3491 155 56 dahin,
2689 3494 212 46 meistens
2942 3493 113 48 aber
3104 3493 187 48 werden

1764 3571 63 47 sie
1862 3587 84 31 von
1983 3571 88 47 den
2114 3570 280 48 kunstvollen
2432 3570 312 48 Harmonieen
2789 3578 238 56 getragen,
3067 3570 45 47 in
3153 3569 141 49 deren

1766 3648 317 49 Combination
2128 3665 49 32 er
2219 3648 86 48 den
2349 3651 205 61 grössten
2586 3650 277 47 Tonsetzern
2907 3648 276 64 ebenbürtig
3222 3648 68 48 ist.

1766 3725 145 48 Dabei
1951 3725 97 48 sind
2091 3724 71 49 die
2204 3725 342 51 musicalischen
2576 3724 251 49 Gedanken
2868 3724 92 48 und
2990 3725 168 48 Motive
3198 3740 85 33 von

1764 3804 126 48 einer
1918 3803 338 49 wunderbaren
2286 3803 210 55 Schärfe;
2534 3803 57 48 da
2620 3803 55 48 ist
2702 3803 145 48 nichts
2878 3803 382 49 Verschwimmen-

1764 3880 77 48 des
1871 3880 92 48 und
1993 3880 197 56 Trübes,
2219 3880 122 48 Alles
2372 3880 82 48 fest
2482 3880 222 48 umrissen
2737 3879 90 48 und
2859 3879 99 49 klar
2989 3879 90 48 und
3109 3880 110 48 rein.

1881 3958 60 48 Es
1983 3958 55 48 ist
2078 3958 132 48 keine
2252 3958 168 64 Frage,
2468 3956 102 50 dass
2614 3955 288 51 Cherubini's
2946 3956 241 50 Verdienst
3228 3958 64 48 als

1763 4034 296 51 Reformator
2083 4035 83 50 der
2187 4034 332 49 französischen
2543 4035 131 65 Oper
2702 4034 113 49 oder
2835 4034 81 48 der
2938 4050 201 33 neueren
3164 4035 128 65 Oper

1767 4111 260 68 überhaupt
2057 4115 41 48 in
2129 4112 311 50 Deutschland
2469 4129 124 33 zwar
2634 4112 121 50 wohl
2793 4114 243 63 geschätzt,
3079 4112 112 51 aber
3221 4112 70 50 bei
