3233 4402
2556 37 293 51 Einzetbezug
2886 40 50 38 10
2966 38 188 51 Pfennig

54 49 189 47 Umfang
295 46 101 39 acht
443 45 148 39 Seiten

68 175 996 479 DER
1206 175 1931 479 STURM

61 717 1089 107 WOCHENSCHRIFT
1214 704 241 120 FÜR
1509 720 513 104 KULTUR
2077 722 265 97 UND
2403 720 195 94 DIE
2652 707 505 114 KÜNSTE

116 952 159 33 Redaktion
295 950 58 28 und
372 949 119 35 Verlag:
519 947 269 35 Berlin-Halensee,
809 946 295 30 Katharinenstrasse
1123 947 18 28 5

116 1005 209 37 Fernsprecher
357 1004 67 29 Amt
458 1002 203 30 Wilmersdorf
685 1002 73 29 3524
783 1002 12 35 /
818 1002 322 35 Anzeigen-Annahme

115 1063 156 28 Hannover
289 1058 183 30 Artilleriestr
493 1058 33 27 15
553 1058 59 27 und
635 1057 98 29 Berlin
747 1057 83 28 W35
846 1057 227 28 Potsdamerstr.
1092 1056 44 28 111

2075 948 309 36 Vierteljahresbezug
2404 949 61 34 1,25
2484 950 86 28 Mark
2590 949 10 36 /
2624 949 273 37 Halbjahresbezug
2914 951 63 34 2,50
2996 950 85 29 Mark
3095 950 11 35 /

2076 1002 203 36 Jahresbezug
2297 1004 64 34 5,00
2381 1004 86 29 Mark
2492 1004 11 34 /
2530 1003 46 29 bei
2601 1003 88 29 freier
2714 1004 171 36 Zustellung
2904 1005 10 35 /
2934 1004 157 29 Insertions-

2076 1057 78 36 preis
2191 1058 46 27 für
2271 1058 45 28 die
2347 1058 238 35 fünfgespaltene
2617 1058 263 36 Nonpareillezeile
2918 1059 34 28 60
2986 1059 120 35 Pfennig

1350 975 209 35 Herausgeber
1578 975 61 28 und
1659 974 204 30 Schriftleiter:

1351 1030 267 36 HERWARTH
1651 1030 212 34 WALDEN

823 1193 575 46 BERLIN/SONNABEND
1430 1193 112 42 DEN
1572 1196 65 38 21.
1667 1193 216 54 JANUAR
1915 1195 151 45 1911/
2066 1195 301 45 HANNOVER

59 1196 291 54 JAHRGANG
384 1198 95 38 1911

2847 1197 232 43 NUMMER
3107 1201 51 37 47

58 1388 199 43 INHALT:

338 1406 69 29 SAR
434 1405 196 29 PELADAN:
656 1406 60 27 Der
741 1405 108 28 Traum
877 1403 81 29 einer
984 1403 100 29 Sünde
1119 1404 10 35 /
1166 1404 92 28 ELSE
1286 1396 348 36 LASKER-SCHÜLER:
1661 1402 115 30 Meiner
1802 1402 168 30 Schwester
1996 1404 74 29 Kind
2106 1405 10 34 /
2144 1405 97 28 PAUL
2269 1404 269 31 SCHEERBART:
2565 1407 60 28 Der
2652 1405 102 29 Kaiser
2780 1414 58 20 von
2865 1406 108 36 Utopia
2999 1407 11 34 /
3037 1406 123 35 JAKOB

58 1453 75 29 VAN
159 1452 168 30 HODDIS:
353 1451 117 28 Variete
496 1451 10 35 /
533 1451 131 29 ADOLF
692 1449 257 31 KNOBLAUCH:
977 1449 142 28 L'oeuvre
1147 1449 127 28 Peladan
1302 1449 10 32 /
1338 1449 106 28 GEZA
1465 1449 191 28 SZILAGYI:
1682 1449 204 35 Amphimelas
1905 1449 11 35 /
1938 1449 153 30 ROBERT
2112 1450 143 30 SCHEU:
2283 1452 152 28 Leitfaden
2464 1453 51 26 der
2541 1452 244 35 Weitgeschichte
2811 1453 11 34 /
2848 1452 145 35 JOSEPH
3014 1453 146 29 ADLER:

59 1500 51 28 Ein
135 1498 145 29 rheinisch
306 1496 209 30 Dichterleben
542 1498 10 33 /
578 1496 142 30 TRUST:
745 1495 99 30 Meine
870 1495 112 28 Woche
1008 1494 12 35 /
1046 1494 85 29 MAX
1159 1494 229 29 PECHSTEIN:
1416 1495 63 28 Das
1507 1495 93 35 Lager
1625 1494 11 35 /
1663 1494 173 35 Zeichnung

74 4284 130 43 Das
680 4284 72 43 Lager
766 4284 129 43 Zeichnung
914 4293 74 25 von
1013 4284 86 34 Max
1122 4285 193 34 Pechstein
