3093 4429
188 77 81 46 178

178 171 166 44 become
374 172 192 44 members
595 174 43 43 of
680 174 66 44 the
787 175 121 44 lower
931 175 149 50 classes,

181 231 78 56 (for
289 232 51 43 all
377 233 123 42 artists
546 251 80 31 are,
673 252 44 25 as
765 235 80 43 Mr.
894 236 187 55 Thesiger

178 293 126 41 senior
349 291 202 52 indicates,
616 294 186 49 beneath,
857 306 68 32 not
980 296 101 44 level

179 351 110 49 with,
327 352 67 43 the
428 370 123 37 upper
597 355 78 43 and
725 355 162 49 middle,
935 356 81 42 and
1064 356 15 43 I

177 411 163 55 heartily
372 414 124 52 praise
527 413 98 43 God
663 414 70 43 but
762 414 163 55 humbly
966 433 115 37 agree

178 471 97 44 with
309 472 64 42 the
404 472 140 58 clerk),
578 473 93 44 then
704 473 93 56 they
829 474 143 45 should
995 475 85 43 doff

176 531 99 43 their
306 531 68 43 old
405 532 94 53 gold
532 533 84 43 lace
647 534 189 43 uniforms
867 536 80 43 and
981 535 99 43 their

175 591 150 42 darned
356 594 86 42 side
473 594 78 43 and
586 593 50 42 be
670 593 72 43 lost
773 596 39 41 in
845 594 66 43 the
943 595 136 44 crowd

175 651 43 42 of
249 652 123 42 artists
403 653 40 42 in
475 652 66 43 the
572 652 199 55 limelight.

236 712 102 42 And
370 712 164 43 another
573 713 123 54 thing.
720 739 56 6 —
801 713 33 44 If
867 713 67 44 the
955 732 125 38 upper

175 770 138 44 classes
344 772 44 42 of
419 771 123 56 today
589 791 65 25 are
700 783 160 33 content
908 785 41 32 to
995 775 86 43 doff

174 831 98 43 their
282 832 186 43 uniforms
480 851 42 23 or
534 833 202 43 whatever
746 836 28 40 it
790 835 30 42 is
830 833 131 44 makes
974 835 106 44 them

174 909 146 37 appear
351 909 42 25 so
425 892 245 56 awkwardly
703 910 139 38 upper,
878 905 42 32 to
969 894 111 45 leave

174 951 97 44 their
292 952 68 43 old
376 952 142 43 haunts
533 953 79 42 and
630 964 42 32 to
688 954 173 45 descend
880 965 42 32 to
939 954 66 44 the
1023 955 57 43 far

172 1011 182 44 different
375 1012 140 43 haunts
531 1013 42 42 of
591 1013 65 43 the
671 1015 137 47 artists,
820 1014 91 55 they
939 1015 139 43 should

172 1072 52 42 be
256 1089 94 37 very
372 1072 146 43 careful
541 1084 40 31 to
605 1073 110 54 bring
738 1074 220 55 something
981 1076 98 43 with

173 1132 107 42 them
298 1132 132 44 which
452 1132 66 44 the
535 1134 124 42 artists
678 1151 91 37 may
786 1145 38 32 at
848 1134 94 44 least
965 1141 99 37 need

173 1193 44 42 A
242 1191 92 43 finer
354 1204 56 31 set
442 1192 43 43 of
516 1210 191 32 manners,
741 1211 90 38 may
863 1195 65 42 be.

233 1251 14 43 I
280 1251 73 43 feel
387 1252 84 43 that
505 1251 81 47 Mr.
619 1254 188 54 Thesiger
839 1255 97 43 does
958 1265 58 45 try
1039 1265 41 32 to

172 1310 54 43 do
259 1310 96 44 that.

233 1371 80 43 Mr.
348 1371 191 55 Thesiger
572 1390 83 27 was
686 1392 50 24 an
778 1385 175 32 amateur
1000 1374 80 42 and

170 1432 30 41 is
231 1449 78 25 one
341 1449 53 25 no
415 1431 145 55 longer.
625 1434 69 43 He
715 1435 30 41 is
766 1434 217 54 essentially
1014 1435 65 42 the

169 1491 282 54 professional:
475 1493 57 42 far
554 1510 107 26 more
677 1512 43 24 so
744 1494 94 43 than
857 1493 62 45 M.
944 1495 114 43 Evrei-

169 1551 84 43 noff
283 1569 123 26 seems
437 1563 41 32 to
511 1552 64 45 be.

232 1611 76 43 But
341 1613 15 42 1
389 1612 176 43 couldn't
598 1613 172 56 possibly
792 1631 68 37 say
893 1613 187 55 anything

169 1671 116 44 harsh
302 1671 123 44 about
444 1673 74 43 this
541 1674 169 42 Russian
733 1675 132 53 genius
889 1674 59 43 for
971 1674 109 43 there

168 1749 65 26 are
265 1732 133 55 plenty
424 1733 95 43 who
551 1733 79 43 will
661 1734 122 42 damn
815 1752 99 37 poor
937 1735 117 42 Evrei-

169 1791 97 44 noff.
344 1792 126 43 Some
504 1794 103 43 have
654 1794 86 43 said
788 1795 68 42 the
904 1794 173 43 harshest

168 1853 126 54 things
325 1853 167 53 possible
513 1871 9 25 :
558 1853 58 43 for
647 1853 193 56 example,
866 1853 82 44 that
975 1862 25 17 44
1021 1854 58 43 his

167 1912 109 44 book
308 1912 70 44 has
411 1912 101 44 been
546 1914 214 43 translated
792 1916 82 42 into
906 1914 67 43 the
995 1915 67 42 irri-

167 1974 120 52 tating
309 1973 312 43 conversational
646 1974 98 56 style
767 1974 117 44 made
906 1973 151 44 fashion-

167 2032 90 44 able
277 2033 52 55 by
349 2033 80 44 Mr.
454 2035 118 53 Craig
635 2052 10 25 :
666 2036 82 41 that
769 2034 58 44 his
849 2036 179 41 criticism
1047 2036 30 40 is

168 2100 26 17 44
211 2092 248 57 remarkably
482 2093 125 44 trivial
671 2112 9 31 ;
714 2095 83 43 that
830 2095 50 43 he
911 2096 30 41 is
974 2103 24 16 44
1017 2096 39 41 in-

165 2155 181 41 sensitive
421 2154 57 43 his
496 2155 131 44 words
650 2172 103 26 mere
777 2163 25 16 44

225 2213 110 43 Such
351 2216 124 41 critics
491 2215 103 43 have
614 2233 65 37 my
700 2214 224 56 sympathy.
956 2215 118 54 They

165 2273 145 44 started
341 2274 57 43 off
428 2276 40 41 in
499 2274 66 44 life
595 2293 44 24 so
686 2274 67 44 full
800 2275 44 43 of
882 2274 168 55 indepen-

167 2333 123 44 dence
323 2334 79 43 and
436 2335 14 42 I
483 2334 114 44 don't
628 2335 76 43 like
736 2346 41 32 to
825 2335 93 43 hear
967 2335 108 43 them

165 2394 123 55 today
304 2395 166 55 echoing
490 2394 106 46 what
618 2395 94 54 they
733 2396 103 43 have
857 2394 219 44 overheard

164 2455 39 42 in
235 2455 66 43 the
332 2455 122 55 lobby
488 2455 42 43 of
561 2456 69 43 the
664 2457 141 43 House
847 2457 42 42 of
934 2456 139 44 Lords.

167 2633 233 47 DESIGN
449 2635 70 43 IN
568 2635 124 43 THE
743 2635 328 46 THEATRE:

171 2696 165 52 Special
398 2696 153 43 Winter
613 2696 163 43 number
828 2696 52 52 of
927 2705 24 17 44
983 2698 85 43 The

165 2756 144 43 Studio
393 2757 234 43 1927-28.
691 2757 130 48 Price,
856 2757 216 53 Wrappers

164 2817 117 56 7/6:
318 2817 118 43 Cloth
477 2816 133 57 10/6.

165 2997 170 100 THIS
381 3015 90 26 new
520 2997 143 44 Studio
701 2997 162 44 volume
894 3001 176 41 contains

282 3075 95 27 over
405 3059 81 43 120
508 3058 245 44 illustrations
774 3060 38 42 in
834 3059 135 43 colour
990 3062 79 40 and

163 3119 303 54 photogravure,
505 3129 268 44 commentary
812 3119 56 54 by
910 3119 160 54 George

164 3179 258 54 Sheringham
444 3179 79 43 and
555 3179 130 55 James
708 3180 143 47 Laver,
873 3180 79 43 and
974 3198 94 25 con-

399 3239 54 55 by
474 3238 172 45 Gordon
668 3240 132 53 Craig,
823 3239 105 54 Nigil
950 3239 96 56 Play-

164 3301 72 43 fair
266 3300 80 44 and
379 3299 164 44 Charles
577 3299 47 45 B.
657 3299 199 44 Cochran.

226 3360 83 45 Mr.
343 3360 173 44 Gordon
564 3361 118 52 Craig
728 3359 70 44 has
845 3361 156 43 written
1046 3379 24 24 a

163 3421 286 44 characteristic
480 3420 111 43 letter
614 3419 131 45 which
769 3421 29 42 is
821 3420 249 55 reproduced

164 3484 39 41 in
238 3481 186 44 facsimile
455 3484 79 40 and
566 3483 40 41 in
638 3481 131 44 which
802 3481 51 42 he
877 3481 74 43 tilts
973 3481 95 44 with

164 3561 24 25 a
219 3542 120 44 touch
369 3542 43 43 of
443 3542 175 54 pleasant
652 3540 138 44 malice
821 3543 149 52 against
1003 3542 67 43 the

164 3602 247 60 playwright,
445 3612 39 33 at
517 3602 67 43 the
614 3620 106 25 same
743 3603 92 42 time
857 3601 213 56 indicating

163 3664 67 43 the
251 3664 242 54 importance
510 3661 42 43 of
569 3662 66 44 the
650 3660 210 55 designer's
878 3661 190 46 function.

222 3723 100 44 This
355 3723 143 44 Studio
528 3723 145 54 special
706 3721 164 44 number
901 3723 117 43 offers
1047 3740 23 26 a

162 3786 302 54 representative
494 3782 212 44 collection
736 3782 43 43 of
800 3782 194 55 drawings
1016 3783 54 55 by

163 3845 67 43 the
276 3843 157 55 leading
478 3843 163 55 English
688 3843 80 43 and
814 3843 256 44 Continental

163 3904 151 45 theatre
344 3904 207 55 designers,
583 3921 42 25 as
656 3902 90 46 well
779 3921 40 25 as
851 3921 22 25 a
905 3903 165 44 number

162 3965 44 43 of
226 3965 153 55 designs
402 3964 53 56 by
478 3964 91 43 Irish
591 3963 81 44 and
690 3964 218 43 American
930 3965 138 44 artists.

225 4027 32 42 It
288 4027 30 42 is
348 4044 24 24 a
406 4024 157 45 volume
594 4024 134 45 which
759 4023 80 45 will
880 4025 190 55 certainly

163 4086 51 43 be
235 4085 191 45 welcome
449 4097 39 32 to
505 4085 67 45 the
588 4085 102 54 large
706 4084 134 55 public
857 4085 211 45 interested

162 4148 39 41 in
233 4146 66 43 the
331 4146 162 43 theatre.

1130 178 174 43 FOUR
1369 179 315 45 COMEDIES
1726 182 53 50 by
1828 181 209 44 CARLO

1133 238 297 51 GOLDONI,
1467 241 151 43 Edited
1637 242 52 52 by
1724 242 174 52 Clifford
1923 242 109 43 Rax.

1129 298 163 43 Edition
1315 300 153 43 limited
1498 308 38 35 to
1568 301 104 43 500
1705 307 144 46 copies.
1920 303 80 52 12f
2006 303 30 42 6

1129 365 80 36 net.
1273 358 180 54 Postage
1486 360 61 42 6d
1576 362 158 43 inland.

1129 416 253 45 HEROES
1455 419 84 43 OF
1604 421 123 43 THE
1786 420 256 44 PUPPET

1129 477 204 45 STAGE
1351 479 52 52 by
1426 479 161 54 Madge
1610 481 229 43 Anderson.
1894 481 120 43 Publi-

1127 537 102 43 shed
1258 546 44 35 at
1332 539 119 53 12/6
1473 548 91 42 net;
1588 541 120 43 Some
1731 547 130 45 copies
1884 541 155 52 offered

1127 598 107 53 (new
1286 607 44 34 at
1381 600 56 57 7/
1439 600 42 49 6,
1539 609 168 54 postage
1760 601 64 43 9d
1872 601 162 43 inland.

1130 658 108 42 Both
1249 659 231 44 obtainable
1489 660 111 51 from
1614 662 129 52 Foyle
1760 679 31 31 s,
1811 661 223 44 119-125

1131 717 175 55 Charing
1343 720 116 44 Cross
1492 721 140 51 Road,
1669 722 185 43 London.

1131 912 294 98 GOLDONI
1457 916 29 42 is
1518 933 77 26 one
1626 915 42 44 of
1700 915 66 44 the
1811 927 97 32 most
1951 934 63 26 rea-

1257 974 119 44 dable
1409 993 40 25 as
1482 976 87 43 well
1600 995 42 25 as
1668 975 154 44 actable
1851 976 161 55 playwri-

1129 1044 88 33 ters.
1281 1035 78 43 But
1390 1053 80 36 you
1503 1054 90 35 may
1624 1047 67 32 not
1724 1035 118 45 know
1876 1036 157 49 Italian,

1129 1093 78 42 and
1240 1094 94 43 then
1380 1112 79 38 you
1507 1095 79 44 will
1623 1096 101 43 need
1773 1114 51 24 an
1873 1094 162 55 English

1127 1153 266 51 Translation,
1429 1157 78 42 and
1541 1155 14 44 I
1587 1155 118 54 realty
1738 1166 143 32 cannot
1924 1156 110 42 think

1126 1230 80 37 you
1238 1213 80 43 will
1350 1214 79 42 find
1462 1232 22 24 a
1526 1216 125 42 better
1697 1233 76 25 one
1820 1214 94 44 than
1960 1218 75 40 this

1127 1272 85 44 sold
1247 1273 53 54 by
1334 1274 81 43 Mr.
1449 1274 138 55 Foyle.

1187 1333 73 43 All
1281 1333 201 43 theatrical
1503 1336 146 54 people
1669 1334 79 45 will
1766 1334 49 42 be
1832 1333 200 56 delighted

1127 1392 96 43 with
1254 1392 110 44 these
1408 1402 25 16 44
1452 1394 105 44 Four
1898 1395 135 44 edited

1128 1452 53 54 by
1212 1452 167 44 Clifford
1412 1453 98 49 Bax,
1543 1456 213 54 especially
1788 1453 84 43 that
1893 1455 42 43 of
1959 1464 24 17 44
2004 1456 28 43 II

1138 1513 14 41 l
1167 1524 110 31 eatro
1308 1514 169 43 Comico
1553 1517 39 40 in
1625 1515 132 44 which
1780 1514 93 54 play
1894 1515 51 44 all
1966 1535 66 24 are

1126 1583 142 39 actors,
1289 1585 196 40 actresses,
1506 1576 211 53 impresari,
1737 1591 200 36 managers
1953 1577 79 43 and

1125 1642 173 44 patrons.
1362 1634 101 43 And
1494 1635 218 55 nowadays
1752 1637 27 42 it
1825 1635 31 41 is
1902 1637 130 42 rather

1125 1691 100 45 hard
1259 1704 40 32 to
1331 1705 62 43 get
1425 1712 24 24 a
1480 1696 150 53 picture
1661 1696 43 42 of
1735 1715 22 24 a
1800 1693 149 47 Patron
1990 1696 42 44 of

1125 1752 66 43 the
1223 1754 111 49 Arts,
1366 1754 214 56 especially
1613 1774 23 24 a
1677 1757 149 42 Patron
1875 1757 44 42 of
1966 1756 67 43 the

1124 1811 175 45 Theatre
1331 1814 111 44 Arts.
1496 1815 112 43 Here
1640 1834 63 26 we
1724 1816 103 44 have
1856 1817 94 48 him,
1974 1842 58 7 —

1125 1871 68 45 the
1225 1874 103 43 Otto
1361 1874 122 44 Kahn
1515 1875 44 43 of
1588 1875 113 44 those
1727 1876 114 55 days.
1904 1878 126 47 True,

1125 1932 50 43 he
1205 1934 30 42 is
1268 1952 23 24 a
1323 1933 126 51 Turk,
1487 1935 70 43 but
1595 1936 110 43 what
1746 1936 134 44 would
1922 1955 79 36 you
2022 1956 8 24 :

1124 1991 48 44 all
1208 2004 158 44 patrons
1396 1995 105 43 can't
1534 1995 51 43 be
1617 1996 133 44 white.

1186 2053 68 43 Mr
1285 2054 157 55 Foyle's
1472 2055 147 43 second
1652 2056 142 55 special
1827 2056 113 51 offer,
1966 2056 64 44 the

1125 2121 25 16 44
1169 2114 157 43 Heroes
1357 2115 43 43 of
1432 2115 67 43 the
1531 2116 160 54 Puppet
1713 2117 120 54 Stage
1900 2119 31 40 is
1947 2134 64 25 use-

1123 2172 55 44 ful
1199 2175 80 41 and
1301 2176 268 53 entertaining.
1633 2176 30 43 It
1684 2178 29 41 is
1743 2195 23 24 a
1788 2177 105 54 good
1924 2176 106 44 book

1122 2232 60 44 for
1215 2234 203 54 beginners
1450 2235 81 44 and
1562 2235 81 45 will
1676 2247 70 32 not
1780 2237 95 43 bore
1908 2237 120 43 them.

1125 2416 887 80 MAGAZINES.

1125 2638 223 99 NOTES
1395 2644 40 39 &
1477 2646 223 42 QUERIES
1754 2641 134 57 (Price
1938 2643 92 55 6d.)

1244 2701 202 43 continues
1478 2711 42 33 to
1552 2701 51 43 be
1649 2719 41 25 as
1722 2701 214 55 refreshing
1987 2720 43 25 as

1120 2759 43 44 of
1193 2759 87 45 old.
1337 2761 46 42 A
1400 2771 132 33 recent
1554 2761 165 44 number
1740 2763 222 53 containing
1979 2780 52 25 an

1118 2820 133 44 article
1297 2839 53 25 on
1383 2820 303 56 Shakespeare's
1718 2821 79 45 will
1809 2827 9 43 !
1843 2822 52 55 by
1927 2822 78 44 Wil-

1115 2879 92 44 liam
1239 2880 112 50 Poel,
1384 2883 30 42 is
1445 2881 43 44 of
1518 2883 153 43 interest
1703 2893 41 32 to
1775 2881 51 44 all
1856 2883 175 43 students

1116 2942 43 42 of
1192 2941 64 43 the
1287 2941 166 45 Drama.

1176 3001 115 44 THE
1336 3008 303 44 CALENDAR,
1691 3003 40 43 in
1782 3021 24 25 a
1840 3020 90 27 new
1962 3020 46 25 co-

1118 3079 79 32 ver,
1232 3061 118 56 keeps
1399 3062 115 55 lively
1568 3063 78 44 and
1679 3063 31 42 is
1752 3080 41 25 as
1841 3062 189 43 readable

1117 3139 40 24 as
1188 3139 106 27 ever.
1357 3129 111 37 THE
1520 3128 239 44 LIBRARY,
1792 3123 135 43 edited
1976 3123 54 54 by

1117 3182 101 42 Paul
1251 3182 179 54 Horgan,
1482 3183 124 53 (New
1655 3182 163 44 Mexico
1852 3182 178 55 Military

1118 3241 189 49 Institute,
1326 3243 187 49 Roswdl,
1534 3243 103 44 New
1665 3243 179 56 Mexico)
1869 3244 161 41 consists

1117 3302 42 44 of
1190 3301 88 44 four
1310 3302 99 44 brief
1455 3302 71 44 but
1557 3302 105 55 good
1708 3320 117 38 pages
1856 3304 100 54 spite
1988 3302 42 43 of

1117 3365 47 41 its
1195 3362 90 55 long
1316 3363 174 43 address.
1554 3363 220 49 DRAMA,
1808 3363 67 44 the
1922 3363 85 53 jour-

1118 3422 63 45 nal
1233 3423 43 43 of
1331 3422 65 44 the
1449 3423 142 44 British
1653 3423 151 43 Drama
1867 3425 160 52 League

1120 3483 132 57 (Price
1270 3483 93 54 6d.)
1383 3483 78 44 and
1480 3483 68 44 the
1563 3489 257 38 THEATRE
1832 3490 197 38 WORLD

1119 3545 124 54 (price
1275 3544 92 57 6d.)
1401 3561 72 26 run
1522 3544 97 43 each
1653 3544 113 43 other
1812 3544 117 49 close,
1962 3544 66 42 the

1115 3604 112 44 latter
1274 3604 118 55 being
1438 3605 126 43 better
1611 3604 240 50 illustrated;
1900 3604 79 43 and
2013 3604 14 43 I

1115 3666 221 42 sometimes
1367 3666 80 43 find
1480 3667 48 41 its
1560 3665 238 55 letter-press
1835 3683 108 25 more
1974 3682 54 37 up

1117 3736 41 33 to
1190 3725 93 43 date
1315 3725 79 44 and
1428 3744 107 26 more
1578 3725 118 55 lively
1728 3725 94 44 than
1870 3726 83 43 that
1985 3725 43 43 of

1115 3788 47 41 its
1193 3785 109 44 elder
1335 3786 159 43 brother
1512 3805 11 31 ;
1557 3786 69 44 but
1643 3787 46 42 its
1710 3785 319 45 advertisements

1116 3847 112 43 leave
1259 3846 219 55 something
1510 3857 42 32 to
1584 3847 51 43 be
1668 3845 169 45 desired.

1175 3907 116 43 THE
1307 3913 271 38 AMATEUR
1593 3913 177 38 STAGE
1790 3908 123 55 (price
1936 3904 94 56 6d.)

1115 3968 31 41 is
1178 3967 67 43 the
1278 3967 85 43 best
1386 3967 44 43 of
1461 3967 66 43 the
1559 3968 109 43 three
1700 3968 39 42 in
1770 3985 122 36 every
1922 3982 107 37 way,

1115 4028 82 43 and
1228 4029 31 41 is
1291 4045 22 25 a
1344 4027 127 44 lesson
1504 4039 41 32 to
1583 4036 27 17 44
1627 4027 178 44 Theatre

1115 4089 40 41 in
1202 4087 108 45 what
1362 4099 42 32 to
1451 4089 193 43 advertise
1696 4088 80 44 and
1830 4089 108 43 what
1988 4097 43 31 to

1116 4148 121 43 avoid
1278 4148 249 54 advertising,
1595 4159 31 33 it
1659 4150 30 42 is
1720 4167 23 24 a
1776 4148 174 54 pleasure
1989 4158 42 31 to

2083 195 113 28 come
2242 198 128 27 across
2416 200 51 26 an
2498 184 131 43 article
2662 202 41 25 or
2736 195 82 35 two
2857 188 39 42 in
2947 191 44 42 its

2084 259 118 37 pages
2234 241 54 55 by
2320 242 133 54 James
2486 244 64 43 M.
2582 244 168 45 Glover.

2143 300 114 43 THE
2288 308 451 40 ARCHITECTURAL
2775 311 215 41 REVIEW

2085 360 122 56 (price
2241 361 77 57 2/6
2349 362 196 56 monthly)
2578 365 30 42 is
2640 364 65 43 the
2738 376 98 32 most
2884 385 79 37 mag-

2083 419 156 43 nificent
2288 423 199 52 magazine
2534 423 205 54 produced
2785 425 53 54 by
2881 426 82 44 Lon-

2082 479 82 43 don
2197 480 60 42 for
2298 498 118 37 many
2463 499 23 25 a
2517 499 106 37 year,
2672 485 79 42 and
2784 485 27 42 it
2860 496 75 33 sets
2966 506 24 24 a

2081 540 203 43 standard.
2348 541 31 42 It
2412 541 110 43 often
2553 545 175 40 contains
2776 544 212 47 illustrated

2082 598 148 43 articles
2251 599 43 43 of
2315 601 156 43 interest
2500 601 122 44 about
2645 602 65 44 the
2733 604 257 45 architecture

2083 658 43 43 of
2158 658 208 45 Theatres.

2142 718 113 44 THE
2277 726 251 44 CURTAIN,
2554 721 123 55 (price
2696 722 73 44 3d.
2791 724 196 57 monthly)

2082 778 30 41 is
2147 788 68 33 not
2248 797 40 24 as
2320 779 106 54 good
2457 799 41 24 as
2530 782 28 41 it
2605 781 139 45 should
2794 783 64 48 be,
2910 786 79 42 and

2082 844 109 36 THE
2223 845 209 44 DRAMA,
2477 841 249 56 (American)
2777 843 211 44 combined

2082 899 96 42 with
2213 908 24 14 44
2261 899 91 43 The
2383 899 120 44 Little
2534 900 173 44 Theatre
2750 901 188 57 Monthly

2086 959 75 54 (50
2194 969 106 32 cents
2332 960 194 55 monthly)
2561 962 30 40 is
2629 960 57 43 far
2734 972 68 32 too
2848 962 68 44 full
2947 966 42 41 of

2082 1018 66 42 the
2181 1018 94 42 kind
2324 1020 43 41 of
2416 1028 25 15 44
2463 1037 108 27 news
2665 1020 131 44 which
2844 1024 30 41 is
2921 1035 67 32 not

2082 1078 246 54 particularly
2362 1079 141 54 bright.

2143 1146 9 15 4
2176 1138 92 42 The
2301 1138 178 55 Chicago
2516 1139 179 44 Tribune
2719 1140 10 13 '
2763 1143 80 43 and
2875 1143 111 43 other

2081 1196 137 43 dailies
2251 1197 43 43 of
2324 1199 205 50 America,
2562 1199 50 43 all
2644 1204 273 52 masterpieces
2948 1204 42 42 of

2081 1256 243 53 Journalism,
2355 1258 147 43 should
2524 1259 91 55 long
2635 1277 75 37 ago
2731 1260 102 44 have
2855 1263 134 53 taught

2081 1324 24 16 44
2136 1317 84 42 The
2252 1317 162 44 Drama
2505 1319 98 49 that,
2637 1331 40 31 to
2709 1321 127 42 tackle
2869 1340 119 31 news,

2079 1391 79 39 you
2191 1376 103 43 have
2326 1387 41 33 to
2399 1395 151 37 possess
2597 1381 131 52 genius
2776 1381 79 42 and
2889 1381 78 44 unli-

2081 1435 123 44 mited
2236 1437 159 53 capital.

2140 1496 59 42 So
2230 1496 84 42 that
2345 1496 96 43 little
2470 1515 154 37 papers,
2649 1500 207 54 especially
2881 1500 88 44 thea-

2080 1555 112 43 trical
2224 1559 234 50 magazines,
2491 1557 142 44 should
2685 1559 195 56 modestly
2931 1578 39 26 re-

2080 1615 97 44 frain
2209 1616 99 43 from
2339 1618 195 54 reporting
2566 1618 66 43 the
2664 1618 93 45 kind
2791 1620 43 42 of
2866 1619 123 55 things

2079 1675 93 56 they
2204 1675 55 43 do
2310 1677 275 54 report—and
2637 1679 39 42 in
2707 1679 109 43 small
2868 1682 117 52 print,

2078 1745 69 33 too
2178 1736 80 42 and
2291 1737 166 43 without
2503 1736 202 44 headlines
2747 1749 42 32 to
2822 1740 165 43 awaken

2078 1813 70 25 our
2180 1797 156 43 interest
2389 1797 80 42 and
2522 1797 165 44 without
2719 1816 23 24 a
2785 1799 116 54 spark
2947 1800 43 42 of

2077 1855 94 43 stuff
2200 1858 40 40 in
2273 1856 124 45 them.

2138 1915 91 43 The
2260 1934 108 26 news
2401 1916 81 43 that
2517 1924 26 17 44
2563 1917 46 45 C.
2635 1917 68 44 M.
2725 1917 150 44 Patten
2907 1921 82 40 will

2249 1976 86 43 The
2356 1976 120 43 Little
2500 1977 107 43 Poor
2638 1977 109 43 Man
2836 1986 45 34 at
2926 1980 64 42 the

2079 2036 149 43 March
2245 2043 175 48 meeting
2435 2045 43 34 at
2493 2037 80 42 Los
2596 2038 181 52 Angeles
2833 2038 154 44 doesn't

2078 2095 116 43 strike
2225 2114 43 25 us
2310 2114 41 24 as
2381 2114 78 37 any
2507 2096 146 44 livelier
2684 2097 96 43 than
2811 2098 67 42 the
2910 2098 79 44 fact

2077 2156 185 54 reported
2294 2156 85 43 that
2413 2164 29 16 44
2465 2175 26 24 a
2524 2173 87 27 new
2644 2159 118 42 circle
2809 2172 85 29 was
2924 2176 42 25 or-

2079 2216 178 54 ganized
2277 2217 77 42 this
2386 2222 136 38 winter
2554 2225 44 35 at
2622 2217 149 54 Ogden
2802 2218 80 42 and
2905 2218 83 44 that

2078 2279 47 40 its
2156 2276 197 55 president
2385 2278 30 41 is
2456 2276 163 45 Aionzo
2669 2276 173 57 Morlay.
2906 2279 82 43 Not

2077 2335 93 55 only
2201 2335 54 43 do
2291 2336 108 44 these
2444 2337 144 54 people
2619 2339 79 43 and
2747 2338 97 42 facts
2876 2355 113 25 mean

2079 2396 162 54 nothing
2272 2407 41 32 to
2345 2414 73 31 us;
2453 2396 66 43 the
2551 2415 91 37 way
2669 2397 70 44 the
2770 2399 111 42 items
2923 2415 66 26 are

2079 2456 184 55 reported
2295 2458 31 40 is
2357 2456 228 55 shockingly
2616 2457 95 43 dull.

2138 2516 33 43 If
2202 2516 66 48 the
2300 2516 143 43 Editor
2497 2517 44 42 of
2594 2526 25 16 44
2643 2517 92 44 The
2787 2517 151 44 Drama

2079 2575 136 45 would
2261 2576 94 55 only
2406 2594 111 37 scrap
2571 2577 66 43 the
2684 2577 53 43 lot
2770 2577 50 44 he
2852 2577 137 45 would

2077 2654 94 26 save
2201 2653 107 26 some
2341 2636 75 43 five
2448 2654 45 26 or
2524 2638 55 42 six
2625 2655 117 36 pages
2773 2638 132 44 which
2938 2638 52 42 he

2078 2696 119 44 could
2249 2697 57 42 fill
2357 2714 54 37 up
2458 2698 97 43 with
2591 2697 217 55 something
2861 2697 127 44 worth

2079 2756 131 45 while.
2243 2756 113 55 Why
2388 2767 68 33 not
2474 2761 19 39 ?

2138 2817 99 43 This
2255 2816 84 44 that
2355 2818 30 42 is
2403 2834 43 26 so
2463 2817 221 43 noticeable
2705 2818 39 43 in
2766 2817 68 44 the
2855 2818 99 42 Ame-

2078 2877 106 42 rican
2239 2885 23 16 44
2287 2876 151 44 Drama
2517 2879 31 40 is
2601 2878 94 53 only
2742 2876 128 44 rather
2916 2877 72 44 less

2077 2936 221 44 noticeable
2344 2938 41 42 in
2416 2954 72 26 our
2511 2937 173 44 London
2721 2944 28 18 44
2771 2937 152 44 Drama

2077 3005 27 16 44
2127 2997 196 44 Amateur
2376 2998 121 54 Stage
2600 3006 25 16 44
2648 2997 94 44 The
2774 2998 164 43 Curtain

2077 3058 79 42 and
2205 3066 25 15 44
2253 3057 175 43 Theatre
2459 3057 146 45 World
2738 3057 108 43 That
2895 3057 91 55 only

2077 3117 133 44 which
2240 3118 31 42 is
2301 3118 120 54 really
2453 3117 127 44 worth
2613 3117 117 44 while
2761 3117 141 45 should
2936 3117 51 43 be

2075 3177 186 54 reported
2291 3177 80 43 and
2405 3177 67 43 the
2504 3188 74 32 rest
2609 3188 71 44 put
2714 3180 39 40 in
2775 3178 66 42 the
2863 3188 123 34 waste

2077 3255 123 37 paper
2235 3236 152 45 basket.

2138 3297 136 43 When
2305 3297 117 43 talent
2456 3297 69 43 has
2573 3299 118 43 made
2721 3316 108 25 some
2862 3297 125 49 mark,

2076 3357 85 43 that
2192 3359 30 41 is
2255 3358 92 43 time
2376 3358 157 54 enough
2564 3370 42 31 to
2629 3370 130 43 report
2782 3359 121 43 about
2926 3359 56 47 it;

2075 3417 72 43 but
2178 3417 118 45 when
2328 3436 23 24 a
2385 3419 140 54 couple
2558 3420 43 42 of
2623 3419 181 44 hundred
2829 3436 134 37 expres-

2074 3477 157 44 sionless
2265 3478 96 43 facts
2392 3497 66 25 are
2491 3480 183 53 reported
2706 3491 41 30 to
2778 3497 44 25 us
2844 3479 54 54 by
2921 3478 66 43 the

2075 3537 171 50 column,
2286 3539 95 43 then
2414 3541 67 41 the
2513 3539 131 44 whole
2675 3539 44 43 of
2750 3539 75 43 this
2856 3540 97 42 Ama-

2075 3610 83 31 teur
2211 3601 162 53 activity
2425 3617 43 26 or
2520 3600 68 43 the
2641 3598 119 45 Little
2811 3598 176 44 Theatre

2075 3659 237 44 Movement
2344 3662 31 40 is
2408 3671 68 31 not
2508 3660 93 55 only
2631 3659 194 44 rendered
2858 3659 129 42 rather

2075 3720 346 43 ridiculous—but
2454 3720 125 43 duller
2612 3720 94 43 than
2736 3721 28 42 it
2798 3718 120 56 really
2940 3720 45 42 is.

2137 3781 165 53 Among
2334 3780 67 42 the
2422 3780 90 43 well
2536 3781 207 55 produced
2766 3781 219 52 magazines

2076 3840 43 43 of
2141 3840 196 54 England,
2366 3840 160 44 Messrs,
2552 3840 155 44 Halton
2731 3841 45 43 &
2798 3840 188 43 Truscott

2077 3900 164 44 Smith's
2272 3908 26 16 44
2322 3901 115 42 OLD
2477 3901 306 44 FURNITURE
2863 3916 127 26 seems

2079 3972 40 31 to
2150 3979 63 24 me
2245 3971 41 32 to
2319 3961 50 42 be
2401 3961 208 56 especially
2641 3960 121 56 good.
2835 3958 152 45 Edited

2078 4021 53 55 by
2171 4021 52 43 E.
2273 4021 50 47 F.
2374 4022 166 55 Strange
2587 4024 50 42 C.
2671 4022 49 43 B.
2755 4021 47 43 E.
2809 4053 12 18 f
2869 4022 29 40 it
2956 4021 31 41 is

2079 4099 92 26 now
2202 4083 40 41 in
2274 4083 48 42 its
2354 4082 148 44 second
2535 4081 173 49 volume,
2733 4080 80 45 and
2843 4078 144 47 should

2080 4141 166 44 become
2276 4160 24 24 a
2334 4141 153 44 famous
2518 4160 165 25 success.
