3162 4501
202 94 82 43 150

194 207 101 49 you
336 183 156 57 know
533 184 141 71 quite
715 182 124 59 well
877 182 108 58 that
1023 182 128 74 light
1189 197 136 42 costs
1384 204 205 51 money,

195 283 124 50 very
357 258 155 58 much
552 282 189 51 money
787 256 174 74 today,
1004 256 105 59 and
1168 258 144 56 there
1352 260 42 55 is
1433 280 159 34 never

195 359 100 50 any
354 359 121 32 over
515 334 127 58 after
702 334 190 73 you've
933 334 127 72 paid
1098 333 77 58 for
1213 357 129 49 your
1381 331 211 59 electric

196 409 310 58 installation
545 424 51 42 to
639 433 149 49 spare
827 433 70 33 on
936 409 91 57 tbe
1075 406 406 75 enlightenment
1538 409 54 57 of

202 486 111 73 lazy
354 488 179 54 artists.

309 561 102 57 But
450 575 88 42 not
577 559 121 75 only
738 562 42 55 is
821 562 38 55 it
898 560 54 57 in
991 559 179 57 heroic
1227 559 211 73 despair
1484 559 108 58 that

195 659 151 49 many
385 659 66 33 an
491 636 139 55 artist
668 635 162 73 today
868 636 43 56 is
950 635 233 73 jumping
1222 637 109 55 into
1370 660 31 32 a
1441 634 118 57 sock-

194 714 240 73 weaving
492 711 269 66 machine;
803 734 154 49 many
1016 710 70 57 do
1126 724 89 43 not
1263 712 143 73 jump
1446 710 146 58 there

194 801 52 42 at
284 785 103 67 all;
428 809 154 49 many
641 809 86 34 are
787 785 221 73 happier
1046 800 53 42 to
1140 809 87 51 cry
1269 786 215 72 Liberty
1522 810 69 33 on

194 862 86 57 the
319 861 140 75 edge
517 861 105 58 and
680 861 107 74 buy
827 886 31 33 a
896 884 122 34 new
1076 863 112 72 pair
1234 862 54 56 of
1325 856 231 63 machine-

192 936 156 60 made
389 936 165 58 socks.

318 1012 143 70 Very
502 1012 175 60 clever
704 1036 88 33 are
818 1011 148 57 these
1000 1013 196 57 artists:
1240 1012 121 70 they
1401 1012 157 57 under-

194 1088 148 59 stand
371 1088 87 57 the
487 1088 265 65 machine;
783 1087 122 75 they
931 1087 158 58 know
1116 1091 62 53 its
1217 1111 208 50 power;
1467 1088 122 74 they

194 1163 107 59 will
342 1186 122 50 very
510 1187 123 50 very
679 1162 185 75 wisely
902 1163 163 73 adapt
1090 1162 311 58 themselves
1441 1177 52 42 to
1533 1166 54 56 it.

305 1239 57 56 A
370 1242 117 72 gain
529 1255 89 41 not
657 1238 197 74 always
912 1238 131 57 from
1089 1242 226 70 cunning
1372 1241 217 54 motives

194 1313 92 58 but
324 1338 56 33 as
420 1338 31 33 a
491 1313 109 58 rule
638 1314 131 57 from
827 1314 324 57 sentimental
1210 1337 143 33 ones.
1432 1313 159 74 They

197 1388 110 60 will
345 1389 210 59 harness
596 1389 88 57 the
724 1389 239 59 machine
1005 1388 105 57 and
1149 1388 217 75 through
1404 1390 38 56 it
1467 1389 122 74 they

196 1464 109 60 will
350 1465 146 77 bring
554 1465 127 74 light
721 1479 52 42 to
831 1465 86 56 the
958 1463 168 60 world
1165 1479 52 42 at
1276 1464 110 56 last.
1467 1464 121 59 The

194 1542 246 58 Futurists
481 1564 144 36 were
665 1557 89 42 out
793 1540 105 57 and
925 1556 90 41 out
1039 1540 416 59 sentimentalists
1483 1540 105 59 and

194 1618 280 57 dreamers.

305 1691 165 67 Vain,
531 1691 172 74 lovely
766 1689 107 60 and
938 1690 174 73 stupid
1154 1689 196 60 dream.
1430 1690 158 75 They

191 1768 112 58 will
340 1768 94 57 but
473 1768 147 57 make
661 1793 32 32 a
732 1768 121 73 pale
893 1766 169 59 world
1110 1766 145 74 paler
1281 1768 157 57 when
1466 1766 123 75 they

191 1868 90 34 are
322 1843 293 73 powdered
656 1868 70 34 on
765 1859 52 42 to
855 1845 62 55 its
956 1843 134 58 face.

303 1919 157 58 Then
498 1919 148 58 there
684 1923 43 53 is
765 1919 108 57 that
912 1933 121 43 cute
1072 1920 178 55 notion
1277 1916 54 59 of
1358 1919 231 76 winning

191 1994 88 58 the
318 1995 287 74 sympathy,
647 1994 88 58 the
793 1995 184 71 lasting
1039 1992 287 73 friendship
1391 1992 53 60 of
1499 1994 89 57 the

188 2071 193 73 people
422 2071 71 73 by
534 2080 288 62 appearing
858 2085 51 42 to
962 2070 118 57 love
1127 2070 99 57 this
1274 2069 127 58 little
1442 2069 109 59 dam-

190 2147 174 56 nation
388 2170 11 41 ;
442 2146 103 56 and
586 2145 128 58 after
754 2145 67 57 all
862 2146 19 56 1
921 2169 154 34 mean
1113 2169 69 33 no
1222 2144 289 75 disrespect
1536 2160 53 43 to

194 2221 87 60 the
321 2222 148 57 brute
533 2222 90 57 but
681 2225 40 54 it
766 2225 43 54 is
869 2221 123 74 only
1032 2246 31 33 a
1107 2221 128 58 little
1292 2221 299 58 damnation

190 2297 156 59 when
387 2297 111 57 all's
539 2297 113 59 said
693 2297 104 59 and
839 2297 157 59 done.
1079 2297 43 57 It
1160 2297 108 59 will
1310 2321 137 49 pass.

303 2372 157 59 Then
501 2373 145 59 there
696 2375 45 56 is
780 2372 87 59 the
925 2371 119 60 love
1084 2372 54 59 of
1194 2373 266 58 machines
1519 2372 72 75 by

188 2448 148 59 those
390 2450 124 57 who
552 2474 99 33 can
690 2473 69 34 no
799 2448 179 77 longer
1018 2448 118 59 love
1187 2448 109 58 that
1334 2447 175 60 which
1547 2452 44 55 is

188 2525 102 57 less
329 2526 219 75 regular.
629 2525 266 59 Whether
945 2527 38 55 it
1023 2525 70 57 be
1151 2523 111 59 fear
1319 2549 57 33 or
1434 2527 158 56 ennui

187 2600 108 58 that
334 2601 92 57 has
465 2601 186 57 turned
712 2601 141 57 them
892 2600 130 58 from
1081 2598 131 59 their
1273 2598 90 60 old
1425 2600 163 68 loves,

194 2700 246 34 someone
507 2677 108 58 will
680 2701 143 33 some
888 2676 106 75 day
1060 2676 208 73 explain
1272 2676 200 67 alas,
1541 2693 51 42 at

190 2752 190 75 length.
461 2752 102 58 But
624 2752 17 57 1
682 2776 159 34 never
898 2752 157 58 knew
1114 2777 31 33 a
1203 2752 181 75 hearty
1448 2753 144 59 lover

192 2829 172 72 prefer
403 2854 31 30 a
474 2852 98 51 cog
600 2827 173 58 wheel
815 2852 132 33 even
985 2843 53 42 to
1079 2854 30 31 a
1149 2843 262 59 coquette.

303 2904 122 56 The
465 2903 231 75 humbug
756 2906 55 57 of
849 2904 87 57 the
995 2903 142 76 thing
1190 2904 129 71 (and
1361 2904 146 57 there
1546 2906 42 55 is

190 3002 123 52 very
354 2979 124 59 little
539 2981 231 73 humbug
829 2982 52 56 in
920 2983 39 55 it
1016 3005 56 33 as
1114 2982 18 54 1
1180 2979 135 59 have
1373 2979 216 75 already

188 3052 138 73 said)
370 3054 94 59 lies
505 3058 52 56 in
597 3055 87 58 the
738 3058 214 56 evasion
990 3055 53 58 of
1081 3055 87 58 the
1208 3054 174 60 whole
1443 3080 108 33 com-

188 3155 121 34 mon
350 3156 152 33 sense
543 3130 53 59 of
635 3147 89 43 art.
807 3132 183 57 These
1018 3133 164 56 artists
1208 3156 89 33 are
1324 3132 231 57 machine-

188 3205 167 60 drunk
378 3232 12 39 ;
431 3208 131 57 their
599 3231 395 34 commonsense
1033 3210 43 54 is
1117 3207 315 73 slobbering.

309 3283 109 57 We
458 3283 90 58 ask
588 3283 140 58 them
755 3283 85 58 the
867 3285 123 56 time
1015 3308 13 41 ;
1070 3282 123 74 they
1221 3285 127 73 grin,
1376 3283 209 72 hiccup,

188 3358 103 59 and
334 3359 148 58 show
521 3384 60 33 us
622 3360 87 59 the
749 3359 168 60 works
958 3360 53 57 of
1049 3359 130 58 their
1218 3358 252 59 watches.

301 3436 88 58 As
427 3434 79 58 for
563 3434 88 60 the
708 3434 240 74 rascality
994 3434 106 58 that
1140 3436 42 56 is
1222 3438 52 54 in
1315 3435 98 57 this
1476 3458 84 48 pre-

190 3511 198 59 tended
428 3511 248 59 devotion
715 3527 54 42 to
808 3511 283 65 machines,
1135 3513 36 54 it
1212 3511 91 58 lies
1344 3525 88 44 not
1458 3510 129 57 with

187 3586 88 60 the
315 3590 164 56 artists
503 3613 13 39 ;
561 3589 86 57 the
688 3590 190 56 rascals
919 3612 86 33 are
1047 3588 147 57 those
1235 3588 122 58 who
1390 3586 197 74 exploit

188 3663 87 58 the
315 3666 164 56 artists
520 3664 76 57 for
635 3664 88 57 the
764 3664 89 58 old
883 3664 103 57 and
1015 3666 306 55 wearisome
1357 3687 227 34 reasons.

342 3821 412 45 MACHINE
816 3822 99 44 AS
980 3821 450 45 SERVANT.

188 3978 200 129 THE
426 3969 241 57 machine
703 3967 157 59 when
887 3982 89 43 not
1015 3991 179 52 grown
1221 3980 53 59 tp
1301 3983 286 43 monstrous

342 4045 325 71 proportions
708 4069 96 33 can
848 4044 87 66 be,
967 4046 60 64 is,
1057 4068 31 32 a
1128 4043 168 58 useful
1324 4044 159 76 thing.
1566 4045 19 59 I

192 4119 135 58 have
366 4143 32 33 a
437 4119 146 58 small
623 4144 101 33 one
765 4119 76 58 for
881 4119 312 75 sharpening
1231 4143 86 49 my
1366 4120 218 72 pencils.

191 4195 102 75 My
331 4194 307 59 admiration
696 4196 78 57 for
812 4198 62 55 its
934 4219 207 50 powers
1193 4218 152 53 urges
1403 4220 85 35 me
1535 4212 52 44 to

1639 180 212 57 declare
1890 180 107 57 that
2035 183 38 54 it
2112 183 42 54 is
2195 180 156 59 made
2405 180 72 74 by
2516 180 148 59 Guhl
2722 180 105 59 and
2887 180 105 60 Har-

1640 256 136 59 beck
1814 256 56 58 of
1908 256 279 75 Hamburg
2227 256 105 59 and
2372 259 43 56 is
2455 256 173 59 called
2713 258 196 73 Jupiter

1751 330 121 58 The
1913 331 175 73 pencil
2129 334 41 54 is
2212 347 87 41 cut
2337 334 52 56 in
2429 357 30 33 a
2500 333 138 74 lying
2690 333 160 57 down
2888 336 112 70 posi-

1636 410 125 55 tion.
1841 402 183 63 Those
2063 407 146 58 other
2248 407 98 58 still
2388 407 205 59 smaller
2650 409 264 57 machines
2954 410 77 57 for

1638 485 195 71 cutting
1872 482 200 74 pencils
2114 485 106 56 into
2261 482 174 59 which
2492 508 102 49 you
2634 484 135 57 have
2829 499 51 42 to
2939 501 92 56 put

1636 581 127 51 your
1801 559 174 71 pencil
2015 557 129 59 from
2184 557 87 59 the
2311 573 91 58 top
2449 583 88 33 are
2576 559 94 57 but
2721 559 307 77 playthings.

1640 635 102 73 My
1809 634 124 57 little
1998 634 239 57 machine
2303 658 260 34 measures
2617 635 61 57 14
2739 635 180 58 inches
2979 639 52 54 in

1638 708 176 78 length
1855 708 104 59 and
1998 710 36 56 6
2074 711 52 55 in
2176 708 236 67 breadth,
2455 734 56 33 so
2552 733 102 49 you
2708 734 89 33 see
2857 712 38 55 it
2933 710 64 58 de-

1638 810 173 33 serves
1852 788 62 54 its
1955 809 152 34 name
2212 785 198 73 Jupiter
2515 785 36 59 1.

1753 861 18 57 I
1814 884 93 34 use
1947 886 32 32 a
2019 860 217 58 number
2275 860 53 57 of
2368 860 218 73 pencils,
2617 860 142 73 daily
2786 860 213 73 sharpen-

1638 937 86 75 ing
1763 951 88 42 ten
1889 960 57 33 or
1984 936 192 58 twelve
2223 937 53 56 of
2316 936 142 57 them
2497 961 57 32 or
2593 960 134 33 even
2754 960 142 33 more
2935 936 63 57 be-

1638 1012 107 57 fore
1787 1012 19 56 I
1848 1013 63 56 sit
1950 1011 161 58 down
2151 1026 52 44 to
2243 1015 155 54 write*
2429 1036 57 32 or
2525 1012 163 58 draw.

1751 1087 121 57 The
1912 1087 325 57 mechanical
2278 1088 144 56 noise
2452 1088 52 56 of
2530 1087 88 57 the
2654 1086 172 58 wheel
2876 1088 155 74 going

1636 1162 164 58 round
1839 1164 144 74 gives
2022 1187 85 33 me
2147 1187 30 32 a
2215 1163 261 57 reminder
2514 1163 53 57 of
2605 1163 88 57 the
2720 1186 123 50 year
2883 1164 19 55 1
2949 1187 84 33 am

1638 1239 154 74 living
1832 1241 68 53 in.
1983 1238 16 56 I
2043 1238 161 74 really
2262 1238 143 57 think
2464 1263 31 32 a
2540 1239 108 56 hint
2706 1241 43 54 is
2808 1238 221 75 enough,

1639 1314 39 55 it
1715 1316 43 54 is
1799 1312 86 57 the
1926 1310 120 75 only
2086 1312 240 58 machine
2366 1313 20 57 I
2426 1337 112 43 use,
2581 1327 189 58 except
2808 1313 108 57 that
2956 1314 77 56 for

1639 1388 230 74 blowing
1909 1389 85 56 the
2036 1392 73 53 air
2149 1390 103 56 and
2294 1389 88 57 the
2422 1413 187 50 papers
2656 1390 160 56 about
2854 1392 54 54 in
2947 1389 86 57 the

1635 1464 122 56 heat
1815 1464 54 56 of
1908 1467 365 63 summertime,
2335 1467 104 54 and
2499 1465 86 56 the
2645 1464 212 57 electric
2910 1464 123 76 light

1635 1539 258 66 machine,
1936 1540 86 56 the
2063 1539 193 58 central
2303 1539 194 67 heater,
2552 1563 86 51 my
2695 1539 176 58 watch
2929 1540 103 57 and

1635 1615 88 57 the
1781 1615 392 59 old-fashioned
2213 1619 131 55 train
2363 1618 42 38 (I)
2411 1662 10 12 .
2504 1617 82 57 At
2612 1631 209 58 present
2849 1615 19 57 I
2896 1615 133 59 have

1634 1716 68 33 no
1754 1691 334 68 automobile,
2130 1716 69 33 no
2251 1690 296 74 aeroplane.
2628 1691 19 56 I
2689 1691 70 56 do
2800 1690 110 59 hire
2968 1716 65 33 an

1635 1766 317 59 automobile
1993 1768 158 57 when
2190 1770 53 54 in
2283 1792 31 32 a
2354 1766 150 75 hurry
2544 1768 104 56 and
2678 1768 157 57 when
2876 1768 18 56 1
2935 1792 98 33 can

1636 1841 151 59 catch
1847 1865 119 44 one,
2029 1844 105 56 and
2194 1843 123 57 how
2356 1841 243 59 valuable
2640 1845 36 55 it
2735 1865 186 51 proves
2980 1857 53 43 to

1635 1942 60 34 us
1754 1916 69 59 all
1864 1942 260 49 everyone
2163 1918 201 66 knows,
2394 1933 88 58 yet
2520 1918 123 58 how
2671 1933 143 59 great
2853 1943 30 32 a
2923 1920 82 56 nui-

1635 2018 157 34 sance
1819 1996 39 56 it
1897 1996 43 56 is
1980 2019 68 32 no
2087 2019 103 33 one
2228 1994 114 58 fails
2387 1989 70 78 by
2496 2018 122 34 now
2656 2008 52 43 to
2749 2009 226 58 suspect.

1742 2150 410 45 MACHINE
2213 2152 98 43 AS
2375 2150 549 45 DESTROYER.

1639 2301 84 125 IN
1745 2296 254 59 America
2026 2295 154 58 alone
2210 2296 238 66 137,017
2469 2319 212 50 persons
2702 2319 143 34 were
2872 2294 160 61 killed

1715 2373 72 73 by
1832 2373 344 57 automobiles
2228 2371 246 59 between
2514 2370 222 75 January
2777 2373 67 55 1st
2892 2371 140 59 1919

1640 2447 105 58 and
1787 2447 224 74 January
2053 2447 66 58 1st
2157 2446 159 68 1927,
2358 2446 160 59 while
2558 2446 88 57 the
2685 2446 125 57 total
2849 2445 183 60 deaths

1638 2524 55 57 of
1731 2524 293 57 American
2074 2547 120 34 men
2252 2525 52 56 in
2345 2522 88 58 the
2491 2547 110 34 war
2657 2522 282 58 amounted
2980 2538 52 43 to

1648 2599 257 66 120,050.
1993 2599 141 58 Add
2208 2614 52 42 to
2326 2599 87 57 the
2483 2597 233 68 137,017
2793 2597 239 59 machine

1639 2675 183 57 deaths
1851 2699 143 33 some
2022 2675 308 66 3,500,000
2350 2675 208 72 injuries
2585 2672 108 59 due
2720 2689 53 42 to
2800 2689 198 43 automo-

1640 2751 105 57 bile
1785 2750 289 67 accidents,
2115 2750 107 58 and
2261 2751 88 57 the
2389 2764 169 59 pretty
2598 2748 128 59 little
2754 2752 247 56 sentimen-

1638 2827 143 73 tality
1819 2826 55 58 of
1912 2827 148 57 these
2099 2827 241 57 machine
2380 2826 167 58 lovers
2589 2825 131 58 does
2761 2826 117 57 take
2906 2850 69 33 on
3001 2850 31 32 a

1636 2901 158 60 touch
1848 2902 54 57 of
1960 2902 290 76 something
2308 2901 169 58 rather
2534 2925 180 48 queer.
2796 2901 91 57 No
2909 2906 24 53 ?
2993 2900 39 57 If

1638 2978 96 59 this
1776 2978 220 57 number
2034 2978 53 57 of
2126 2977 195 75 people
2386 2977 106 57 had
2552 2977 141 57 been
2751 2976 277 58 murdered

1636 3055 87 58 the
1762 3055 168 57 world
1991 3053 179 60 would
2212 3053 134 59 have
2392 3052 254 60 admitted
2693 3052 108 58 that
2839 3056 38 54 it
2920 3076 111 34 was

1636 3129 68 59 all
1744 3155 71 49 up
1855 3129 128 59 with
2022 3132 235 71 society:
2302 3131 92 56 but
2433 3154 55 33 as
2544 3128 256 59 Machine
2859 3129 95 58 did
2994 3131 37 56 it

1636 3206 83 57 it's
1759 3207 144 72 quite
1944 3203 67 60 all
2050 3204 149 74 right.

1634 3364 425 47 MACHINE:
2124 3364 281 45 SLAVE
2466 3364 107 45 OR
2637 3364 390 45 MASTER.

1635 3515 39 125 I
1716 3511 109 60 will
1865 3511 162 60 admit
2065 3513 108 57 that
2201 3511 17 58 1
2248 3511 193 59 hanker
2467 3511 128 59 after
2619 3536 32 33 a
2679 3510 349 75 gramophone

1715 3589 77 57 for
1834 3589 17 56 1
1893 3613 98 32 can
2031 3603 216 57 prevent
2285 3589 38 54 it
2350 3588 227 76 splitting
2617 3612 85 48 my
2742 3610 130 33 ears.

1751 3666 16 56 1
1809 3680 141 42 want
1989 3689 101 33 one
2135 3664 229 57 because
2408 3665 18 55 i
2467 3664 132 57 have
2640 3688 31 32 a
2712 3663 90 74 big
2831 3660 197 77 garden

1632 3741 107 57 and
1777 3743 54 55 in
1871 3741 87 57 the
1998 3765 222 33 summer
2261 3741 19 56 I
2321 3755 141 43 want
2500 3755 52 41 to
2591 3740 126 57 hear
2755 3740 88 57 the
2876 3741 151 56 voice

1634 3817 53 58 of
1728 3816 315 74 Chaliapine
2085 3819 199 72 singing
2313 3815 75 57 far
2415 3815 68 57 off
2523 3814 198 58 behind
2761 3815 88 57 the
2877 3836 151 53 sugar

1726 3956 49 38 (i)
1802 3952 143 33 Trains
1970 3962 106 23 seem
2110 3956 39 28 to
2186 3952 48 32 be
2271 3951 134 41 trying
2439 3956 41 28 to
2503 3961 95 22 over
2617 3951 119 32 reach
2775 3950 252 33 themselves.

1635 3999 113 41 Sixty
1775 3998 113 33 miles
1913 4008 50 23 an
1988 3998 102 33 hour
2114 3998 32 32 is
2171 3997 131 41 surely
2328 3996 236 41 sufficiently
2589 3996 78 33 fast
2692 3996 60 33 for
2777 4006 77 32 any
2880 3995 44 34 of
2956 4004 45 24 us
3017 4004 9 24 :

1634 4044 123 41 going
1780 4048 164 37 seventy
1969 4048 41 28 to
2034 4043 259 41 seventy-five
2319 4043 113 32 miles
2456 4052 49 23 an
2532 4043 102 31 hour
2665 4043 92 40 they
2782 4052 67 23 are
2885 4044 68 38 apt
2988 4044 40 29 to

1634 4091 121 40 bump
1781 4091 83 32 into
1890 4090 158 40 bridges
2072 4100 51 23 on
2149 4089 67 33 the
2240 4099 86 30 way
2353 4094 40 27 to
2420 4088 98 33 Deal
2544 4098 43 23 or
2605 4088 75 40 slip
2698 4098 96 23 over
2811 4086 217 42 precipices

1634 4138 115 32 when
1775 4137 123 40 going
1921 4135 117 33 down
2066 4137 114 31 Mont
2208 4135 132 33 Blanc.
2390 4133 86 34 The
2501 4144 145 32 papers
2671 4144 68 23 are
2764 4133 70 34 full
2860 4132 45 34 of
2924 4132 104 34 their

1635 4182 155 41 doings,
1817 4182 69 33 but
1911 4191 51 24 no
1987 4191 75 23 one
2088 4182 157 32 invents
2269 4191 23 22 a
2315 4180 182 34 machine
2521 4185 40 28 to
2586 4184 166 37 prevent
2784 4179 109 34 them
2918 4187 88 24 over-

1634 4228 122 41 doing
1782 4229 41 33 it.
