3140 4490
2880 94 84 48 145

301 171 121 57 The
463 171 88 57 Th
558 188 162 42 eatres
760 171 150 59 differ
951 174 131 57 from
1109 174 147 58 those
1284 175 229 58 abroad:

127 247 54 56 in
244 246 108 59 that
416 247 146 58 those
626 264 54 42 at
743 249 233 66 Venice,
1038 250 162 67 Paris,
1261 251 252 67 Brussels,

129 322 193 59 Genoa
361 325 103 56 and
511 324 145 57 other
695 338 156 58 parts,
893 349 102 49 you
1030 325 174 67 know,
1246 350 88 33 are
1373 352 106 33 com-

129 397 166 74 posed
336 398 54 58 of
428 423 134 33 rows
601 400 53 56 of
694 401 144 55 small
879 402 116 56 shut
1053 401 178 67 boxes,
1274 402 142 57 three
1457 428 57 31 or

126 473 112 56 four
277 475 182 54 stories'
493 476 53 55 in
586 499 30 30 a
656 476 328 65 semi-circle,
1026 477 127 56 with
1192 501 30 32 a
1278 477 236 59 Parterre

127 547 212 66 below;
383 550 234 56 whereas
658 550 125 57 here
809 550 89 57 the
938 551 252 67 Parterre,
1221 552 293 74 commonly

126 623 175 57 called
358 623 87 57 the
506 626 99 65 Pit,
667 628 231 54 contains
946 626 87 57 the
1100 628 293 75 gentlemen
1444 654 69 32 on

130 698 230 60 benches
385 725 13 41 ;
440 699 105 58 and
584 724 69 34 on
692 701 85 57 the
818 702 103 56 first
959 716 136 58 story
1134 701 54 58 of
1240 703 162 57 boxes
1451 707 62 53 sit

127 774 165 60 ladies
332 776 53 57 of
424 776 223 73 quality;
690 778 52 55 in
781 777 88 57 the
896 778 198 57 second
1134 778 87 56 the
1263 781 245 57 Citizens'

126 853 163 56 wives
347 851 103 55 and
504 851 296 75 daughters,
844 851 104 58 and
1006 854 53 56 in
1117 853 87 56 the
1250 854 136 58 third
1425 856 87 56 the

126 950 237 33 common
393 926 191 73 people
606 927 104 57 and
737 927 255 67 footmen;
1023 952 55 33 so
1119 928 107 57 that
1266 931 246 57 between

125 1002 86 57 the
233 1018 142 41 actes
403 1026 101 48 you
531 1026 86 33 are
645 1026 55 33 as
728 1003 155 57 much
908 1003 238 58 diverted
1189 1006 69 72 by
1284 1009 226 73 viewing

125 1077 86 56 the
252 1077 235 57 beauties
529 1077 52 57 of
619 1077 87 57 the
746 1078 277 67 audience,
1063 1105 55 31 as
1179 1082 157 56 whiie
1391 1082 121 73 they

126 1167 84 43 act
249 1153 127 57 with
436 1153 85 57 the
581 1154 202 71 subject
841 1155 53 56 of
934 1155 86 58 the
1082 1154 155 76 play;
1280 1158 105 57 and
1425 1158 87 56 the

125 1228 174 57 whole
337 1230 40 55 is
418 1229 323 57 illuminated
780 1244 52 42 to
885 1230 86 56 the
1030 1247 224 58 greatest
1312 1232 167 58 advan-

125 1318 119 61 tage
341 1303 264 59 Whereas
647 1304 217 66 abroad,
904 1305 88 57 the
1034 1322 142 58 stage
1205 1307 159 76 being
1392 1308 121 75 only

123 1378 323 58 illuminated
474 1380 103 57 and
605 1380 85 57 the
730 1380 159 75 lodge
929 1406 55 33 or
1031 1383 163 56 boxes
1222 1384 160 65 close,
1409 1408 103 48 you

126 1454 109 58 lose
275 1454 85 57 the
403 1454 237 74 pleasure
666 1455 54 57 of
760 1460 179 71 seeing
967 1456 86 58 the
1094 1482 284 51 company;
1409 1460 103 57 and

125 1530 198 58 indeed
362 1531 87 57 the
489 1533 220 72 English
748 1533 134 57 have
940 1558 183 33 reason
1174 1538 53 53 in
1285 1540 97 52 this
1434 1536 79 58 for

126 1629 66 33 no
231 1609 174 54 nation
445 1609 52 54 in
537 1608 86 55 the
682 1608 167 58 world
908 1633 99 33 can
1063 1608 148 59 show
1269 1610 127 57 such
1448 1635 66 33 an

126 1681 259 74 assembly
424 1682 54 58 of
516 1684 199 76 shining
757 1685 233 56 beauties

238 1759 133 57 This
410 1783 261 48 openness
710 1759 54 56 of
803 1760 88 56 the
930 1760 308 57 auditorium
1296 1761 91 57 has
1440 1761 48 59 al-

126 1856 142 51 ways
311 1835 138 56 been
489 1835 381 57 characteristic
916 1837 53 56 of
1007 1836 88 57 the
1125 1836 218 76 English
1369 1840 116 55 thea-

126 1925 91 42 tre.
303 1910 182 57 When
512 1910 220 58 theatres
760 1910 101 57 first
888 1912 173 75 began
1086 1928 53 40 to
1161 1914 69 55 be
1259 1912 255 74 provided

126 1985 127 57 with
291 1985 243 58 movable
574 2009 219 49 scenery
832 2001 52 41 at
921 1989 88 55 the
1056 1989 330 57 Restoration
1439 1992 75 68 (in

137 2060 183 71 1661),
363 2061 194 77 though
595 2062 86 57 the
741 2062 287 57 revolution
1086 2067 52 54 in
1200 2065 87 56 the
1327 2066 185 56 actors'

125 2138 203 72 regions
366 2161 110 33 was
520 2154 156 57 great,
719 2138 127 56 little
888 2140 202 71 change
1133 2140 121 57 took
1282 2141 151 71 place
1462 2143 52 55 in

125 2211 86 57 the
277 2229 357 57 arrangement
699 2217 53 52 of
811 2213 87 56 the
959 2216 326 56 auditorium.
1393 2216 121 57 The

125 2287 144 57 three
336 2312 139 47 open
534 2288 238 76 galleries
831 2290 53 55 of
944 2290 408 72 Shakespeare's
1410 2292 104 72 day

125 2362 99 58 still
263 2366 334 56 maintained.
678 2366 333 57 Continental
1070 2367 256 57 influence
1365 2392 148 33 came

125 2438 155 57 much
320 2439 155 59 later:
517 2442 38 55 it
595 2439 198 59 altered
819 2441 88 56 the
935 2441 163 72 shape
1125 2443 53 56 of
1216 2442 87 57 the
1331 2442 179 67 house,

125 2514 175 57 which
341 2540 109 33 was
489 2518 271 73 originally
809 2518 338 75 rectangular,
1192 2519 104 56 and
1336 2519 178 59 added

125 2615 30 33 a
196 2591 105 57 few
341 2594 196 70 private
581 2594 179 56 boxes.
842 2593 259 71 England
1124 2597 206 54 arrived
1352 2608 54 45 at
1434 2597 80 56 the

126 2667 210 56 modern
376 2668 310 57 auditorium
728 2668 175 69 before
929 2669 157 69 Italy.
1171 2671 56 55 In
1255 2671 142 73 Italy,
1426 2672 87 57 the

122 2745 208 54 ancient
355 2743 444 72 amphitheatrical
827 2762 356 56 arrangement
1219 2745 126 58 held
1373 2748 140 75 good

123 2818 126 57 until
299 2819 158 67 1618,
499 2819 104 57 and
647 2843 108 35 was
802 2834 87 44 not
948 2820 194 74 wholly
1188 2823 326 72 superseded

125 2917 134 35 even
299 2895 139 59 then.
522 2897 54 57 In
616 2895 264 75 England,
924 2897 86 57 the
1070 2897 195 58 theatre
1306 2900 124 56 with
1484 2925 30 33 a

123 2973 74 70 pit
236 2970 103 59 and
379 2972 143 57 three
560 2972 239 76 galleries
838 2972 148 58 dates
1025 2973 130 58 from
1203 2974 157 60 1576.

239 3045 198 76 Owing
497 3063 52 42 to
609 3064 227 42 extreme
896 3072 237 49 pressure
1192 3049 53 58 of
1291 3050 160 66 work,
1496 3052 18 55 I

122 3121 135 59 have
296 3138 89 42 not
428 3124 136 57 been
603 3124 122 58 able
765 3139 52 43 to
857 3126 149 56 write
1045 3149 32 33 a
1117 3125 179 59 formal
1335 3126 179 59 article

122 3196 78 59 for
297 3199 120 57 The
463 3199 157 58 Mask
718 3226 70 33 on
845 3200 148 59 these
1051 3200 165 75 plans,
1260 3203 95 58 but
1411 3227 103 48 you

122 3298 89 33 are
252 3288 52 42 at
330 3275 204 74 liberty,
577 3276 53 57 of
687 3300 202 42 course,
932 3292 52 43 to
1044 3293 160 57 quote
1264 3303 55 33 or
1378 3303 102 34 sum-

126 3350 185 57 marise
375 3375 100 49 any
541 3350 186 60 details
795 3353 18 57 1
880 3351 134 59 have
1081 3355 155 74 given
1299 3356 54 56 in
1418 3354 96 58 this

125 3425 161 58 letter.

239 3502 272 75 Sincerely
549 3528 169 48 yours,

1049 3506 20 69 W.
1079 3506 19 69 J.
1141 3506 298 60 Lawrence.

203 3776 11 8 .
360 3729 55 61 PS.
416 3732 48 57 I
465 3730 101 59 find
609 3732 18 58 I
666 3756 84 33 am
778 3757 182 51 wrong
1000 3737 53 54 in
1079 3737 187 72 stating
1291 3736 108 58 that
1434 3738 85 58 the

127 3805 179 60 Italian
362 3810 308 56 auditorium
717 3809 153 71 (with
915 3810 99 56 five
1059 3835 135 33 rows
1234 3810 55 59 of
1327 3812 190 75 boxes)

125 3907 111 34 was
277 3908 157 35 never
475 3885 308 58 introduced
813 3888 105 56 into
959 3887 264 75 England.
1304 3889 133 59 Late
1465 3916 54 33 in

125 3959 88 58 the
249 3959 119 57 18th
397 3976 211 59 century
635 3962 87 57 the
763 3962 273 58 Pantheon
1064 3964 210 73 (Opera
1304 3965 213 74 House)

123 4038 55 53 in
218 4034 206 60 Oxford
487 4038 78 57 St.
627 4062 111 34 was
793 4063 58 33 so
891 4039 348 60 constructed.
1319 4042 102 57 But
1468 4043 53 57 of

127 4134 184 35 course
353 4113 18 56 I
402 4137 107 33 was
537 4114 232 75 thinking
796 4114 123 74 only
946 4115 54 57 of
1364 4118 155 58 when

126 4203 19 42 1
187 4203 180 43 wrote.

1236 4207 67 46 W.
1333 4207 38 53 J.
1404 4208 51 46 L.

1740 179 447 60 ALFRED
2269 183 524 62 MORTIER

1575 337 23 84 |
1644 332 240 56 consider
1922 332 86 58 the
2049 334 146 71 plans
2257 334 173 59 which
2482 361 103 49 you
2625 339 134 57 have
2818 341 140 58 been

1570 424 28 36 a.
1644 429 57 33 so
1742 423 273 42 courteous
2055 412 52 53 in
2148 409 217 76 sending
2384 426 85 42 to
2528 437 85 33 me
2662 440 57 31 as
2765 415 53 58 of
2864 415 90 59 the

1561 495 132 42 most
1728 483 119 56 vital
1875 483 355 58 architectural
2271 488 226 56 interest.
2580 489 39 56 It
2660 490 180 59 would
2885 492 67 57 be

1559 556 303 73 impossible
1903 574 52 41 to
1996 562 165 68 praise
2203 577 85 40 too
2335 563 175 72 highly
2567 564 88 57 the
2694 567 112 55 zeal
2848 568 105 57 and

1560 631 262 75 diligence
1863 634 174 57 which
2077 658 101 48 you
2220 635 191 59 devote
2451 652 53 42 to
2544 640 290 76 increasing
2862 642 89 57 the

1560 730 239 35 common
1841 713 283 70 patrimony
2182 710 54 57 of
2274 711 67 59 all
2387 713 86 57 the
2515 714 204 58 seekers
2760 719 53 55 in
2853 716 99 59 this

1558 783 139 58 field.
1778 784 126 58 One
1946 786 53 56 of
2041 786 85 56 the
2166 803 130 42 most
2336 788 281 59 ridiculous
2657 795 216 55 vanities
2901 793 55 57 of

1559 882 91 34 our
1707 883 99 51 age
1865 864 42 53 is
1949 876 50 41 to
2040 863 208 57 believe
2303 864 105 57 that
2474 868 37 54 it
2550 866 91 57 has
2705 869 248 57 invented

1560 936 316 74 everything,
1935 935 102 58 and
2105 937 106 58 that
2251 939 85 57 the
2394 943 168 55 riches
2603 943 53 55 of
2695 944 87 56 the
2841 959 113 57 past

1560 1034 86 32 are
1687 1011 300 74 negligible.
2068 1012 99 58 But
2206 1014 87 57 the
2350 1015 209 76 designs
2620 1019 174 57 which
2853 1043 101 49 you

1560 1085 133 56 have
1735 1086 219 75 brought
1994 1103 51 40 to
2088 1089 123 73 light
2251 1090 174 65 could,
2469 1096 37 51 it
2547 1117 166 34 seems
2755 1110 52 41 to
2848 1119 104 42 me,

1561 1162 191 71 inspire
1791 1186 32 32 a
1862 1162 217 59 modern
2138 1164 246 58 architect
2444 1167 126 57 with
2622 1193 143 34 some
2825 1172 104 55 inte-

1559 1241 190 71 resting
1790 1238 164 66 ideas,
1998 1242 179 73 seeing
2218 1241 106 57 that
2364 1241 86 58 the
2511 1246 205 56 ancient
2777 1246 176 58 Italian

1564 1311 228 58 builders
1824 1313 103 58 had
1970 1315 153 57 much
2163 1316 286 58 meditated
2491 1343 140 48 upon
2660 1320 103 58 and
2792 1345 130 48 expe-

1560 1388 253 59 rimented
1855 1390 125 57 with
2020 1390 86 57 the
2148 1395 237 68 question
2427 1398 54 53 of
2520 1395 85 56 the
2633 1395 127 58 form
2788 1397 53 56 of
2868 1397 88 57 the

1562 1464 214 58 theatric
1833 1480 248 43 structure
2145 1470 52 54 in
2263 1470 215 57 relation
2544 1472 127 57 with
2712 1472 86 57 the
2839 1473 114 58 best

1561 1543 273 56 acoustics.
1917 1542 286 58 Acoustics
2243 1547 220 55 remains
2504 1570 66 34 an
2597 1571 124 33 ever
2747 1564 211 57 present

1562 1616 234 71 problem
1855 1617 104 57 and
2020 1642 101 32 one
2161 1619 54 55 of
2274 1644 193 33 serious
2507 1621 266 75 difficulty.
2858 1623 100 57 For

1562 1691 97 57 this
1698 1716 183 33 reason
1924 1693 16 56 1
1983 1692 241 60 consider
2263 1694 107 58 that
2429 1721 125 48 your
2595 1698 211 76 designs
2846 1698 110 61 will

1564 1768 67 56 be
1670 1767 54 57 of
1764 1767 192 58 benefit
1998 1783 50 42 to
2088 1785 393 59 contemporary
2520 1773 290 59 architects.

1705 1963 654 61 ALLARDYCE
2429 1967 394 62 NICOLL

1566 2159 304 132 WHAT
1932 2146 291 58 wonderful
2289 2149 146 58 work
2508 2150 108 58 The
2681 2151 168 71 Mask
2914 2156 43 57 is

1776 2221 157 75 doing
1959 2229 11 49 S
2040 2223 331 75 Continually
2431 2230 36 52 it
2526 2229 41 53 is
2629 2227 328 79 discovering

1564 2296 285 75 something
1891 2321 137 35 new.
2112 2298 111 58 Not
2262 2315 210 43 content
2512 2302 127 57 with
2688 2303 86 58 the
2815 2329 107 51 mag-

1562 2372 209 57 nificent
1829 2397 145 50 maps
2035 2375 52 55 of
2129 2376 245 65 London,
2420 2378 143 56 Paris
2616 2378 105 58 and
2764 2381 189 69 Roma,

1562 2462 88 42 not
1689 2462 209 43 content
1937 2450 127 57 with
2105 2450 85 57 the
2229 2451 268 58 hundreds
2538 2453 53 58 of
2635 2479 114 32 rare
2811 2455 145 66 plans

1561 2522 104 58 and
1707 2523 236 60 sketches
1987 2526 174 57 which
2200 2528 38 55 it
2277 2527 91 58 has
2411 2528 298 73 published,
2752 2533 38 55 it
2836 2556 123 35 now

1562 2624 176 33 comes
1778 2599 224 60 forward
2041 2602 125 57 with
2233 2603 98 57 this
2392 2604 252 58 veritable
2704 2621 223 44 treasure-

1561 2691 159 51 trove,
1763 2676 95 57 this
1900 2681 158 53 series
2116 2678 53 56 of
2209 2678 219 60 hitherto
2487 2682 263 58 unknown
2808 2683 150 75 plans

1562 2751 52 57 of
1654 2751 141 73 early
1835 2752 177 57 Italian
2055 2752 239 61 theatres.

1678 2827 18 57 I
1738 2827 133 58 have
1912 2829 138 57 been
2092 2831 161 58 asked
2296 2832 69 72 by
2403 2832 88 57 the
2535 2832 184 60 Editor
2771 2850 52 43 to
2870 2860 93 51 say

1564 2903 288 75 something
1894 2904 159 57 about
2111 2905 156 68 them,
2310 2907 108 67 but,
2460 2932 141 33 were
2653 2912 37 54 it
2731 2925 89 43 not
2856 2912 110 57 that

1564 3003 29 32 a
1632 2996 210 56 request
1899 2980 128 58 from
2096 2983 112 56 7/is
2453 2982 113 59 Mis
2567 2999 102 42 to
2670 3010 100 33 me
2771 3012 79 32 a
2851 3012 87 34 com-

1564 3055 175 65 mand,
1785 3057 16 54 I
1844 3057 187 57 should
2060 3057 217 59 hesitate
2307 3074 50 42 to
2387 3059 284 60 undertake
2700 3063 98 57 this
2826 3064 130 59 task.

1569 3132 109 55 Not
1717 3130 121 75 only
1877 3147 71 42 do
1990 3133 17 56 I
2050 3133 116 58 lack
2205 3134 86 57 the
2333 3134 186 58 leisure
2561 3152 50 42 at
2660 3154 208 55 present
2907 3154 52 45 to

1564 3205 148 60 make
1753 3232 30 32 a
1824 3206 232 60 detailed
2098 3210 154 74 study
2291 3213 54 56 of
2383 3212 147 58 these
2590 3212 145 73 plans
2776 3218 54 55 in
2869 3215 88 60 the

1564 3283 127 76 light
1750 3283 52 57 of
1861 3285 146 56 other
2065 3286 210 58 records
2335 3288 53 56 of
2434 3288 86 57 the
2563 3290 201 70 period,
2808 3290 92 59 but
2942 3292 19 58 I

1565 3358 187 58 should
1792 3359 135 63 have
1987 3360 264 74 preferred
2293 3377 52 43 to
2398 3363 133 58 have
2572 3364 105 58 had
2736 3365 87 57 the
2863 3392 66 48 op-

1565 3438 258 71 portunity
1881 3436 53 57 of
1974 3441 179 72 seeing
2211 3439 88 57 the
2346 3439 240 75 originals
2628 3441 103 58 and
2771 3441 54 59 of
2865 3443 63 58 de-

1565 3510 269 74 ciphering
1872 3513 87 57 the
1999 3527 145 44 notes
2187 3514 174 58 which
2401 3516 87 56 the
2515 3519 140 54 artist
2681 3516 92 59 has
2799 3518 164 76 freely

1566 3589 332 57 contributed
1956 3605 51 41 to
2067 3590 77 57 his
2204 3590 254 60 sketches.
2543 3594 291 66 However,
2876 3595 87 59 the

1569 3664 186 57 Editor
1795 3665 115 57 tells
1950 3689 85 34 me
2075 3666 106 57 that
2219 3669 39 54 it
2298 3667 108 59 will
2469 3683 66 43 be
2576 3669 250 58 sufficient
2865 3670 40 58 if
2944 3671 18 60 I

1567 3764 91 48 say
1698 3741 289 75 something
2027 3742 227 73 general,
2295 3744 103 56 and
2442 3744 37 57 if
2520 3745 37 66 I,
2600 3749 53 53 in
2694 3770 100 49 any
2821 3770 138 51 way,

1566 3816 100 57 call
1706 3820 249 54 attention
1994 3833 52 40 to
2087 3819 86 55 the
2214 3817 154 59 value
2407 3821 53 56 of
2500 3820 97 58 this
2638 3812 177 84 newly
2855 3822 82 60 dis-

1565 3892 228 59 covered
1834 3892 248 60 material.
2164 3894 75 58 So
2284 3895 66 58 be
2390 3897 55 56 it.

1679 3967 182 60 These
1901 3970 146 72 plans
2108 3994 88 33 are
2237 3996 66 32 an
2343 3971 280 60 education
2684 3976 52 55 in
2796 3974 134 59 them-

1567 4043 186 69 selves,
1796 4045 76 58 for
1929 4046 122 72 they
2091 4046 230 60 indicate
2370 4047 194 75 clearly
2604 4051 211 74 enough
2854 4051 107 58 that

1566 4120 125 75 high
1730 4123 142 70 spirit
1912 4121 53 58 of
2004 4125 187 54 artistic
2233 4126 240 74 questing
2514 4126 176 57 which
2724 4128 240 72 inspired

1566 4197 88 58 the
1716 4198 178 57 Italian
1952 4198 273 60 architects
2272 4200 55 58 of
2365 4201 86 58 the
2489 4212 237 50 seicenio.
2807 4203 157 76 They
