3142 4447
173 114 85 47 138

583 1132 151 40 Figure
762 1143 33 23 2.
844 1135 156 41 Design
1024 1137 77 33 No.
1123 1148 62 30 31.

234 1184 93 33 Plan
362 1185 41 33 of
441 1196 49 23 an
532 1188 200 34 unknown
772 1191 173 34 Theatre
981 1192 39 33 in
1063 1194 138 40 Roma,
1241 1196 80 40 (the
1357 1206 107 24 same
1500 1207 43 23 as

235 1230 108 34 Plate
362 1241 57 31 25.
442 1232 69 33 but
538 1234 182 42 showing
738 1237 64 32 the
829 1237 99 33 lines
946 1239 44 31 of
1013 1239 66 33 the
1096 1240 291 42 neighbouring
1404 1247 141 29 streets

491 1279 80 33 and
596 1280 159 34 houses.
810 1283 147 40 Signed
984 1284 46 35 C.
1061 1286 223 34 FONTANA.

198 1369 195 82 (Plate
413 1373 83 64 23
525 1374 109 64 and
663 1374 65 65 Fi
734 1404 131 54 gure
886 1377 91 81 2).
1006 1379 184 83 Large
1214 1381 211 84 folding
1448 1410 146 57 page

202 1461 136 65 with
388 1462 190 83 design
611 1465 197 66 drawn
842 1471 54 61 in
927 1473 180 79 sepia:
1143 1475 218 62 wriiten
1395 1500 71 38 on
1496 1473 97 67 the

204 1548 144 69 back
405 1560 39 20 (S
478 1556 204 65 Teatro
715 1583 183 39 T.UGVO
931 1560 216 65 Pianta
1184 1584 100 55 per
1322 1564 144 66 aliro
1495 1586 99 58 per

205 1642 199 66 Roma
545 1649 191 78 signed
784 1654 53 59 in
884 1651 144 65 front
1081 1653 178 64 Carlo
1307 1655 280 66 Fontana.

731 1802 290 69 FIRENZE.

328 1918 224 81 Design
597 1921 121 66 32.
799 1922 216 67 Teatro
1062 1924 89 66 La
1183 1927 259 84 Pergola.
1523 1931 64 62 A

191 2008 152 83 large
389 2012 113 63 and
549 2039 138 57 very
732 2013 162 85 finely
944 2017 194 67 drawn
1189 2018 128 83 plan
1373 2020 60 64 of
1495 2020 93 66 the

186 2100 127 64 well
347 2100 211 68 known
582 2102 271 67 Theatre.
927 2107 121 65 Not
1072 2108 210 82 signed.
1357 2110 190 84 Repro-

184 2188 190 68 duced
421 2196 54 61 in
593 2192 133 68 The
1056 2200 128 82 July
1242 2201 188 66 1927.

765 2347 230 68 ROMA.

331 2467 222 81 Design
596 2469 114 65 33.
814 2469 216 67 Teatro
1094 2472 123 67 Tor
1279 2474 59 66 di
1391 2477 185 67 Nona.

186 2554 194 82 (Plate
430 2557 134 82 22).
668 2559 275 87 Drawing
988 2567 55 61 in
1113 2582 118 50 two
1301 2585 156 48 tones
1528 2569 59 65 of

183 2651 154 78 sepia
385 2649 59 64 of
489 2649 131 84 plan
667 2652 86 65 for
799 2652 98 66 the
927 2652 251 70 .Teatro.
1284 2658 47 65 Is
1378 2663 176 79 practi-

182 2737 143 84 cally
390 2738 98 66 the
552 2769 151 38 same
765 2742 131 83 plan
958 2774 60 37 as
1081 2746 198 84 Giorgi
1343 2750 242 66 believes

183 2854 121 41 was
355 2831 169 66 made
573 2831 76 84 by
713 2835 263 81 Specchi,
1042 2837 305 68 Fontana's
1410 2843 171 82 pupil,

186 2921 113 65 and
350 2924 190 66 which
611 2926 168 65 forms
851 2928 164 66 Plate
1087 2931 39 64 2
1207 2933 57 62 of
1335 2933 249 85 Giorgi's

184 3011 153 66 book
390 3014 261 81 (1795).
684 3013 64 54 '*1
845 3017 133 67 The
1025 3019 192 84 design
1264 3022 100 66 has
1429 3025 155 65 three

182 3103 207 84 hinged
438 3135 133 36 over
618 3107 158 82 pla'is
827 3109 253 85 showing
1112 3113 251 66 different
1396 3116 182 64 floors.

182 3193 164 69 Here
381 3225 92 38 we
498 3216 168 47 count
701 3199 83 65 33
821 3201 197 67 boxes.
1100 3203 60 65 In
1183 3206 292 82 Specchi's
1493 3207 86 83 (?)

182 3286 129 82 plan
383 3316 92 40 we
550 3318 103 36 can
724 3291 112 66 find
911 3293 105 75 35,
1091 3295 112 64 and
1273 3297 155 65 there
1485 3328 95 36 are

181 3380 161 63 other
398 3380 160 84 slight
630 3381 344 69 differences.
1072 3385 132 66 The
1277 3389 190 83 design
1536 3394 43 61 is

181 3470 194 82 signed
497 3472 70 65 C.
619 3472 264 66 Fontana

722 3626 313 67 VENEZIA.

311 3744 225 83 Design
605 3745 121 65 34.
823 3747 215 66 Teatro
1109 3751 57 66 di
1237 3751 116 66 San
1423 3753 110 66 Gio-

165 3839 167 61 vanni
381 3864 33 36 e
478 3836 179 66 Paolo
722 3837 193 81 (Plate
978 3839 137 83 20).
1213 3842 214 83 Design
1498 3874 72 37 on

305 4046 65 56 (I)
404 4046 225 44 AdemoHo
661 4058 118 34 states
811 4048 83 44 that
930 4050 76 43 iiv's
1049 4050 149 45 theatre
1242 4068 84 28 was
1381 4053 67 44 the
1490 4072 78 27 one

171 4102 107 49 built
310 4107 41 42 in
390 4106 126 45 1671.
581 4106 136 46 There
750 4126 106 28 were
886 4113 39 41 in
957 4111 49 43 all
1039 4130 120 26 seven
1190 4113 198 45 Theatres
1419 4115 43 43 of
1493 4114 75 46 this

171 4184 118 28 name
319 4167 87 44 Tor
438 4170 42 43 di
512 4168 120 45 Nona
666 4169 96 44 built
795 4188 54 25 on
883 4172 70 44 this
976 4175 85 48 site,
1085 4174 67 43 the
1173 4173 71 45 last
1265 4173 117 58 being
1402 4176 142 44 rechris-

164 4228 122 45 tened
318 4229 159 59 Apollo
508 4231 39 43 in
588 4231 125 44 1861.

1628 216 195 67 folded
1870 245 146 55 page
2062 223 53 60 in
2162 226 152 78 sepia
2364 223 110 64 and
2521 223 203 82 yellow
2759 226 157 66 wash
2947 257 71 39 on

1628 337 35 35 a
1729 309 237 65 thinnish
2037 338 193 53 paper.
2350 314 155 63 Note
2564 314 121 65 that
2732 320 41 61 it
2834 319 45 62 is
2926 334 96 52 not

1627 399 192 81 signed
1867 399 79 81 by
1993 400 173 66 Carlo
2214 403 253 65 Fontana
2514 403 99 65 but
2644 405 79 83 by
2770 407 249 68 Tomaso

1628 489 154 65 Belli.
1885 490 102 63 On
2034 490 94 65 the
2175 492 193 84 design
2415 498 42 60 is
2512 498 219 62 written
2759 516 14 39 :
2830 501 189 66 In

1628 579 97 65 the
1772 579 135 74 Pit;
2017 582 260 81 Disegno
2309 584 153 65 dello
2495 584 216 65 Pianta
2742 588 98 64 del
2869 590 111 66 Tea-

1631 682 80 54 tro
1759 672 60 62 di
1862 672 123 65 San
2039 673 278 65 Giovanni
2360 703 30 36 e
2444 676 188 65 Paolo
2664 678 62 63 di
2766 680 252 66 Venezia

1630 762 100 64 del
1776 765 48 61 C
1834 776 65 26 mo
1951 764 255 64 Grimani
2258 766 134 64 tolto
2437 778 56 54 in
2539 778 194 66 pianta
2797 770 77 65 da
2934 799 89 38 me

1640 854 248 63 Tomaso
1936 854 159 64 Belli
2139 865 298 71 ingegnere
2506 858 125 64 dell
2699 860 55 64 C
2755 875 25 24 a

1641 944 206 63 Teatro
1879 944 59 63 di
1966 944 50 65 S
2017 949 37 34 to
2081 945 279 66 Giovanni
2411 948 358 67 Grisostomo.
2863 951 82 65 Et
2992 982 30 36 e

1635 1034 137 64 tolta
1820 1044 55 54 in
1927 1035 212 65 Pianto
2176 1038 157 77 fatto
2384 1065 158 38 come
2573 1051 83 52 sto
2689 1042 60 62 di
2775 1056 249 62 presente

1635 1137 54 52 et
1733 1152 58 37 se
1841 1152 108 37 non
1997 1137 47 55 si
2077 1129 134 75 fose
2256 1139 209 55 nottate
2511 1142 133 69 ogni
2686 1142 229 66 misura,
2981 1146 49 54 si

1648 1237 115 56 puo
1795 1217 237 80 pigliare
2082 1245 104 35 con
2234 1218 43 65 il
2323 1241 285 56 compaso,
2658 1222 120 65 alio
2808 1223 220 68 scolaro

1637 1307 206 65 esendo
1891 1319 135 68 ogni
2070 1335 133 37 cosa
2251 1338 37 35 a
2332 1321 227 55 misura,

1776 1397 347 80 Larghezza
2168 1400 98 63 del
2309 1401 283 64 audienza
2633 1402 107 65 37
2780 1404 108 66 d3.

1777 1489 310 66 Audienza
2136 1490 163 83 larga
2343 1494 164 76 piede
2549 1493 108 66 37
2698 1495 108 65 d3.

1778 1579 84 63 29
1913 1580 187 65 Boxes
2148 1608 95 37 are
2295 1581 327 68 numbered.

1776 1669 220 66 Behind
2044 1672 94 64 the
2171 1672 92 64 Pit
2295 1677 42 61 is
2371 1677 262 62 written:

1637 1772 83 52 sto
1766 1773 160 65 parte
1973 1773 54 54 vi
2072 1790 29 35 e
2150 1790 75 37 un
2290 1774 140 55 atrio
2484 1766 143 64 dove
2693 1777 217 55 intrano
2973 1769 49 64 le

1634 1874 236 54 persone
1919 1880 106 38 con

1772 1942 250 67 Written
2046 1943 78 83 by
2149 1946 93 65 the
2266 1950 207 62 section
2500 1947 59 65 of
2591 1946 175 67 boxes
2793 1964 14 12 *
2911 1951 112 63 Al~

1636 2044 165 53 tezza
1847 2034 100 64 del
1989 2037 283 63 audienza
2304 2039 76 63 da
2430 2049 115 53 tera
2580 2050 115 53 cioe
2730 2040 105 65 dal
2859 2050 168 67 piano

1634 2134 54 53 in
1735 2136 141 52 sotto
1923 2126 45 64 il
2398 2128 163 77 sofito
2216 2130 164 75 piede
2429 2129 188 68 31%.

1775 2215 251 66 Cordoni
2068 2219 60 63 di
2158 2219 231 66 Palchi.
2426 2220 61 64 P
2491 2218 30 42 d
2782 2221 36 65 3
2846 2249 19 36 :
2911 2221 84 65 Zar-

1631 2332 146 53 geza
1825 2307 60 63 di
1928 2307 216 66 Palchi
2189 2310 61 63 di
2291 2337 199 38 mezzo
2544 2333 40 56 p
2587 2307 31 43 J
2672 2312 70 64 5.
2794 2310 231 83 largeza

1632 2397 60 63 di
1736 2397 216 66 Palchi
2003 2420 39 55 p
2045 2395 32 42 d
2128 2398 67 66 4.

1773 2488 59 64 In
1879 2488 261 68 between
2187 2491 96 65 the
2330 2492 182 83 pillars
2567 2521 74 36 on
2671 2493 94 65 the
2796 2511 155 65 stage
2978 2497 44 62 is

1634 2582 219 64 written
1971 2581 216 65 Palchi
2241 2582 278 66 Prosceni

1780 2670 122 65 The
1951 2683 213 69 writing
2196 2699 71 38 on
2302 2672 91 66 the
2437 2686 162 70 stage
2631 2675 205 65 reads:
2872 2674 114 67 Lun-

1632 2760 217 80 ghezza
1895 2761 168 84 piede
2112 2763 106 64 64.
2316 2765 205 65 Bocha
2568 2766 156 65 della
2771 2793 169 39 scena
2972 2779 51 51 in

1636 2851 310 82 larghezza
1992 2855 165 78 piede
2197 2856 192 69 28%.
2490 2859 91 64 La
2636 2884 106 39 sua
2804 2859 223 65 altezza

1632 2971 31 35 e
1710 2956 214 63 quanto
1957 2972 31 37 e
2021 2945 117 64 alto
2186 2947 44 62 il
2257 2948 183 76 sofitto
2473 2948 99 65 del
2600 2949 244 65 udienza
2873 2949 147 65 nelle

1630 3036 385 64 imboccatura
2064 3065 29 35 e
2142 3038 115 64 alle
2304 3039 239 64 seconde
2578 3041 235 64 colonne
2846 3069 31 35 e
2907 3042 116 63 alto

1626 3127 165 75 piede
1833 3127 98 64 24
1980 3127 205 65 esendo
2233 3128 43 64 il
2303 3131 162 76 sofito
2497 3130 99 64 del
2620 3142 262 66 procenio
2926 3142 96 68 piu

1630 3216 134 66 haso
1814 3218 162 64 dalla
2022 3230 159 67 parte
2238 3221 60 63 di
2356 3222 193 64 dentro
2613 3222 103 65 che
2778 3249 112 39 non
2958 3222 66 65 al

1624 3320 196 66 punto.
1923 3309 222 66 Canale
2189 3333 101 56 per
2337 3312 51 65 le
2437 3312 172 66 lume.

1762 3399 76 65 Li
1880 3410 165 68 primi
2091 3401 115 65 tela
2252 3403 102 63 che
2404 3415 54 54 ci
2486 3404 368 79 adopporano
2883 3431 135 38 sono

1628 3489 159 83 lungi
1832 3491 162 78 piede
2055 3491 76 65 11
2183 3521 31 37 e
2263 3494 152 81 largi
2459 3495 45 64 8
2553 3495 43 64 d
2634 3495 68 65 5.

2201 3745 227 66 ROMA.

1753 3940 223 81 Design
2018 3940 120 75 35,
2234 3941 217 65 Teatro
2512 3942 124 66 Tor
2698 3942 58 66 di
2818 3942 188 66 Nona.

1613 4031 172 83 Sepia
1810 4031 114 66 and
1956 4031 182 83 pencil
2171 4033 192 66 sketch
2394 4060 135 56 very
2561 4034 218 84 slightly
2812 4034 196 66 drawn

1612 4121 255 84 showing
1921 4140 118 49 two
2109 4151 194 39 curves
2363 4124 85 65 for
2516 4125 95 65 the
2681 4125 327 66 horse-shoe

1612 4213 352 66 auditorium.
