3129 4485
212 85 85 46 144

206 203 101 34 one
343 203 142 33 more
528 180 198 57 service
767 194 52 42 to
861 179 86 58 the
988 204 156 35 cause
1183 184 37 55 it
1248 180 92 59 has
1366 197 51 43 at
1442 183 150 57 heart

206 258 53 54 in
299 254 235 76 bringing
574 254 127 57 such
740 254 169 73 things
948 269 53 45 to
1040 258 62 54 its
1143 256 195 73 public.

316 330 18 56 I
363 330 185 57 should
576 330 134 57 have
738 329 138 58 liked
903 344 53 43 to
997 354 90 50 say
1115 331 286 75 something
1429 331 160 59 about

202 404 144 57 these
387 402 273 73 particular
706 404 147 72 plans
904 405 329 72 reproduced
1286 406 160 66 here;
1496 407 93 58 but

202 480 194 74 though
440 480 14 54 I
498 480 149 72 fancy
689 480 18 56 I
748 480 156 56 know
951 504 30 32 a
1035 480 128 57 little
1216 481 160 59 about
1427 482 158 66 them,

204 554 107 57 that
350 554 126 58 little
517 557 42 54 is
598 554 194 74 merely
851 555 86 57 the
997 555 255 58 evidence
1314 556 18 57 I
1392 556 195 75 always

208 630 121 57 look
364 630 79 57 for
481 644 52 43 to
571 645 215 58 support
856 654 86 49 my
998 654 123 34 own
1180 631 196 74 special
1436 632 153 75 fancy

202 705 165 57 about
405 703 88 58 the
532 720 143 61 stage
722 736 63 12 —
828 705 109 57 that
975 705 198 73 special
1227 707 152 74 fancy
1431 707 158 76 being

204 796 52 42 to
294 781 135 56 have
470 805 30 32 a
534 781 195 57 theatre
757 780 54 58 of
835 804 87 49 my
947 805 140 42 own,
1169 782 18 57 I
1216 783 133 56 have
1378 782 212 75 already

200 855 113 57 said
354 855 140 57 what
533 856 106 56 that
678 857 43 55 is
781 870 87 42 too
928 880 154 48 many
1139 860 147 54 times
1349 872 50 42 to
1462 857 127 58 bore

199 954 202 50 anyone
440 933 152 73 again
631 930 127 58 with
795 933 56 56 it.

1083 932 211 58 Gordon
1337 933 175 73 Craig.

354 1117 123 58 W.
556 1116 70 71 J.
708 1116 728 61 LAWRENCE

201 1319 146 130 SIR

326 1381 62 56 A
427 1394 112 60 part
577 1379 128 57 from
745 1379 87 57 the
873 1379 103 58 fact
1028 1380 108 59 that
1174 1383 37 54 it
1250 1384 42 55 is
1335 1381 252 75 impolitic

197 1456 76 57 for
324 1479 102 34 one
479 1455 102 58 like
638 1455 185 72 myself
884 1455 120 58 who
1056 1459 42 54 is
1147 1456 184 74 purely
1369 1483 31 32 a
1441 1473 146 61 stage

199 1531 243 57 historian
519 1545 52 42 to
656 1530 221 58 embroil
953 1531 208 57 himself
1249 1533 128 58 with
1469 1558 87 48 pre-

196 1623 113 42 sent
342 1606 102 73 day
503 1607 388 65 controversies,
947 1605 19 57 I
1024 1630 90 32 see
1174 1630 67 33 no
1298 1632 178 33 means
1535 1607 52 59 of

199 1682 403 74 demonstrating
639 1681 108 57 that
787 1681 85 57 the
912 1684 306 56 new-found
1248 1682 147 73 plans
1423 1694 164 47 throw

199 1781 99 50 any
339 1756 126 75 light
516 1780 67 32 on
640 1756 88 56 the
788 1757 165 71 sanity
1004 1780 57 34 or
1121 1757 227 74 stability
1405 1759 53 58 of
1499 1759 86 58 the

199 1834 284 57 somewhat
548 1831 240 72 complex
853 1855 120 34 new
1037 1849 312 43 movement.
1462 1834 122 57 The

197 1908 164 73 utility
400 1907 54 57 of
491 1906 259 58 historical
797 1907 238 57 research
1094 1933 54 33 as
1208 1934 31 30 a
1298 1933 182 34 source
1532 1910 53 57 of

196 1983 277 73 latter-day
498 1985 175 56 scenic
700 1985 299 69 inspiration
1024 2008 99 33 can
1148 1985 121 72 only
1308 1985 69 57 be
1402 1986 182 57 shown

199 2061 69 71 by
308 2057 265 75 approach
600 2058 127 56 from
755 2058 211 57 another
1005 2058 168 75 angle.
1255 2061 149 57 How
1430 2061 154 58 much

196 2136 53 57 of
290 2133 333 60 Reinhardt's
663 2133 183 59 earlier
884 2133 144 59 work
1080 2159 108 34 was
1227 2160 141 33 mere
1409 2136 145 58 eclec-

195 2213 166 55 ticism
380 2242 67 7 —
470 2209 85 58 the
595 2209 302 77 revivifying
936 2209 105 58 and
1088 2209 397 60 harmonisation
1531 2212 54 58 of

196 2286 236 58 obsolete
473 2287 336 56 conventions
830 2316 75 8 —
925 2308 99 35 can
1062 2286 122 73 only
1242 2287 69 57 be
1358 2287 226 75 grasped

196 2361 71 73 by
305 2361 149 57 those
494 2363 291 71 possessing
826 2385 30 31 a
894 2359 91 59 full
1025 2359 315 78 knowledge
1391 2362 53 57 of
1495 2362 88 58 the

195 2437 191 72 history
425 2435 54 58 of
517 2451 144 58 stage
718 2438 284 72 mounting.
1084 2437 97 57 But
1240 2438 77 56 for
1375 2438 87 57 the
1502 2462 54 33 re-

193 2513 182 56 search
413 2512 53 56 of
505 2512 188 66 others,
733 2512 98 56 this
869 2512 320 58 eclecticism
1230 2513 179 57 would
1449 2513 134 58 have

193 2587 141 58 been
374 2587 321 72 impossible.

312 2665 94 64 So,
446 2678 104 51 too,
593 2687 56 33 as
693 2663 17 56 I
751 2660 133 59 have
929 2663 141 58 been
1128 2663 258 58 informed
1439 2689 143 34 more

191 2738 123 59 than
353 2762 153 42 once,
549 2738 85 58 the
676 2736 321 74 publication
1042 2739 54 56 of
1122 2763 86 50 my
1235 2740 154 74 study
1414 2740 53 57 of
1494 2740 88 57 the

193 2813 89 58 old
342 2818 326 68 proscenium
722 2811 155 59 doors
927 2815 53 55 in
1039 2837 85 51 my
1185 2815 154 66 book,
1460 2815 122 57 The

195 2890 345 57 Elizabethan
605 2889 296 74 Playhouse
967 2890 103 56 and
1132 2891 173 58 Other
1371 2891 212 60 Studies

196 2965 156 71 (First
395 2965 192 65 Series,
632 2964 157 72 April
827 2965 165 70 1912)
1016 2997 72 6 —
1109 2990 31 32 a
1180 2966 154 73 study
1377 2968 206 73 printed

193 3065 145 33 some
378 3064 146 51 years
564 3040 294 74 previously
896 3043 53 54 in
988 3040 87 57 the
1128 3041 234 59 German
1406 3067 142 50 maga-

191 3120 135 65 zine,
367 3116 205 74 Anglia
599 3149 66 7 —
689 3116 317 59 occasioned
1047 3116 86 57 the
1173 3117 194 59 revival
1406 3119 54 57 of
1498 3119 86 57 the

195 3192 153 59 doors
407 3194 52 56 in
517 3194 291 56 connexion
865 3190 129 60 with
1051 3191 87 57 the
1198 3218 161 48 apron
1419 3209 163 60 stage.

192 3267 122 59 The
353 3270 260 71 provision
651 3267 54 57 of
759 3269 86 55 the
905 3266 172 67 doors,
1118 3267 76 57 for
1234 3269 196 73 special
1471 3294 111 43 use,

195 3359 49 43 at
265 3344 86 57 the
379 3344 349 74 Birmingham
756 3344 292 72 Repertory
1075 3344 232 58 Theatre
1334 3349 53 53 in
1424 3345 158 67 1913,

193 3443 126 43 was,
362 3434 51 42 at
453 3443 100 49 any
592 3434 125 49 rate,
759 3418 105 59 due
922 3434 54 42 to
1015 3418 98 58 this
1154 3421 212 74 inciting
1408 3444 174 35 cause.

195 3496 76 57 So
310 3496 106 57 that
454 3496 86 57 the
581 3495 145 57 work
765 3495 53 58 of
856 3493 88 59 the
983 3493 266 61 theatrical
1287 3498 298 58 researcher

193 3572 92 57 has
306 3595 145 33 some
479 3571 164 74 utility
671 3570 212 75 beyond
914 3571 86 56 the
1028 3571 197 75 merely
1244 3573 336 59 ornamental.

308 3646 171 58 What
517 3670 102 51 you
658 3670 123 34 now
822 3645 88 58 tell
949 3670 84 33 me
1074 3647 161 57 about
1273 3647 85 58 the
1386 3647 197 78 finding

192 3723 55 57 of
285 3723 147 57 these
478 3722 195 58 theatre
728 3722 146 72 plans
933 3725 334 55 necessitates
1306 3725 89 57 the
1434 3726 119 57 with-

193 3798 199 59 drawal
431 3798 53 57 of
522 3822 87 51 my
648 3798 186 57 former
873 3799 297 72 conjecture
1198 3799 108 59 that
1344 3801 88 57 the
1458 3802 124 71 plan

193 3874 54 59 of
285 3874 86 59 the
411 3873 196 60 Teatro
658 3874 139 58 della
856 3873 225 76 Pergola
1142 3900 108 33 was
1308 3876 271 59 doubtless

195 3949 85 59 the
320 3949 232 77 original.
633 3949 96 57 All
770 3949 146 57 these
964 3948 148 74 plans
1150 3973 143 36 were
1334 3953 249 74 certainly

193 4024 155 60 made
388 4026 157 58 when
585 4024 86 60 the
699 4024 239 76 building
977 4027 53 57 of
1082 4026 88 58 the
1216 4026 197 59 Teatro
1471 4028 112 57 Tor

192 4100 56 61 di
289 4102 160 58 Nona
487 4126 110 34 was
637 4102 405 73 contemplated,
1085 4102 104 58 and
1242 4106 340 71 represented

193 4177 86 59 the
318 4177 253 75 specified
628 4177 219 59 theatres
906 4180 53 55 in
1016 4177 132 58 their
1187 4193 395 62 contemporary

1638 184 117 69 (but
1817 199 89 42 not
1969 185 315 75 necessarily
2343 189 238 72 original)
2642 203 149 42 state.
2895 190 130 75 Any

1636 258 196 58 theatre
1860 259 122 74 plan
2009 260 238 75 showing
2287 284 66 35 an
2392 261 283 59 orchestral
2718 263 103 58 box
2849 263 176 61 below

1636 333 87 58 the
1762 345 268 59 parapetto
2069 335 54 56 of
2174 335 86 57 the
2320 352 143 59 stage
2520 353 134 42 must
2711 340 314 75 necessarily

1636 409 134 57 have
1810 409 139 57 been
1988 410 156 57 made
2184 410 129 57 after
2363 411 157 68 1630,
2565 415 143 55 since
2748 416 38 55 it
2825 438 109 34 was
2974 432 51 43 at

1636 485 107 57 that
1782 485 185 72 period
2006 486 86 56 the
2133 486 277 57 orchestral
2452 487 104 58 box
2595 512 108 34 was
2744 490 100 57 first
2884 494 118 56 insti-

1636 559 145 58 tuted
1803 562 52 55 in
1883 560 84 57 the
1997 561 269 57 Venetian
2294 562 184 72 Opera
2506 564 233 58 Houses.
2807 565 214 69 Hence,

1636 635 88 57 the
1744 634 124 73 plan
1893 636 53 57 of
1973 635 85 58 the
2100 636 194 57 Teatro
2336 637 255 66 Intronati,
2636 640 178 65 Siena,
2837 658 188 42 cannot

1636 725 267 57 represent
1942 710 107 57 that
2090 711 187 57 House
2323 735 55 33 as
2421 712 344 59 Bartolemmo
2806 715 216 58 Nerone

1639 786 303 70 (otherwise
1983 786 38 57 II
2062 786 216 72 Riccio)
2321 787 128 59 built
2489 791 38 55 it
2565 791 52 55 in
2666 790 159 66 1560,
2878 815 144 34 more

1638 860 285 76 especially
1960 885 56 33 as
2057 863 38 55 it
2134 861 173 58 shows
2348 886 30 33 a
2417 865 439 73 magnet-shaped
2876 866 117 57 audi-

1636 938 201 55 torium.
1921 936 89 57 No
2050 936 163 57 house
2252 936 54 58 of
2344 938 106 57 that
2489 941 162 71 shape
2698 964 109 33 was
2833 940 190 59 known

1638 1011 70 66 of,
1732 1011 19 57 I
1774 1011 158 66 think,
1956 1012 125 57 until
2103 1012 146 57 three
2269 1027 228 57 quarters
2519 1015 53 55 of
2591 1039 31 31 a
2642 1030 212 59 century
2877 1017 142 57 later.

1751 1086 153 57 From
1930 1087 86 56 the
2044 1086 259 59 historical
2317 1089 313 73 standpoint,
2651 1091 140 72 plate
2820 1091 90 58 No
2928 1093 90 65 20,

1638 1161 294 71 (Venezia)
1962 1164 43 55 is
2034 1162 362 75 undoubtedly
2423 1164 86 58 the
2548 1180 132 43 most
2718 1169 301 73 interesting

1638 1236 53 57 of
1756 1237 86 56 the
1907 1241 176 62 series,
2155 1241 143 54 since
2382 1242 39 53 it
2497 1239 355 73 supplements
2929 1266 93 34 our

1636 1310 314 75 knowledge
1978 1316 316 71 concerning
2321 1312 88 58 the
2435 1314 141 74 early
2599 1316 268 58 Venetian
2892 1340 97 49 ope-

1635 1385 307 59 ras-houses.
2026 1387 129 57 Iam
2183 1389 276 71 assuming,
2491 1389 52 57 of
2570 1413 202 42 course,
2802 1390 106 58 that
2933 1392 88 57 the

1636 1460 124 74 plan
1799 1462 173 57 shows
2011 1462 86 58 the
2138 1462 109 58 San
2289 1463 264 60 Giovanni
2593 1490 30 33 e
2664 1465 165 59 Paolo
2867 1467 155 57 much

1634 1561 57 33 as
1730 1539 39 55 it
1808 1562 109 33 was
1958 1538 284 73 originally,
2284 1540 220 71 (1639).
2585 1539 121 60 The
2748 1540 147 75 plans
2934 1567 87 33 are

1635 1611 53 58 of
1744 1611 89 58 the
1874 1614 184 70 period
2103 1614 53 56 of
2207 1614 155 66 1675,
2405 1615 104 57 and
2548 1617 155 57 much
2755 1617 266 58 alteration

1633 1686 54 58 of
1725 1688 87 57 the
1838 1688 91 57 old
1959 1689 267 57 Venetian
2265 1690 163 57 house
2468 1707 190 42 cannot
2697 1693 132 57 have
2870 1693 152 58 taken

1633 1763 152 73 place
1824 1765 54 56 in
1917 1763 151 74 thirty
2127 1764 110 57 odd
2296 1789 165 50 years.
2541 1766 120 58 The
2713 1768 309 58 indications

1631 1862 87 33 are
1758 1836 107 59 that
1904 1837 87 59 the
2031 1839 204 57 earliest
2274 1854 122 58 type
2453 1840 55 58 of
2562 1841 216 60 modern
2844 1844 178 57 Italian

1631 1911 309 60 auditorium
1967 1938 110 34 was
2100 1914 352 73 lyre-shaped.
2515 1916 285 74 Alphonse
2828 1920 195 56 Gosset

1633 2013 113 49 says
1786 1989 107 57 that
1937 1987 87 59 the
2064 1990 305 57 horse-shoe
2415 1991 161 74 shape
2628 2017 148 35 came
2815 1996 53 56 in
2895 1994 127 58 with

1630 2064 86 57 the
1757 2064 197 57 Teatro
1992 2064 112 58 Tor
2142 2064 54 58 di
2259 2067 175 66 Nona,
2482 2067 104 58 and
2611 2085 143 41 —at
2793 2067 129 60 least
2950 2102 67 6 —

1630 2141 86 56 the
1756 2141 310 57 new-found
2105 2141 212 74 designs
2346 2142 69 59 do
2453 2159 89 42 not
2576 2145 286 58 contradict
2899 2146 120 59 him.

1633 2215 54 58 In
1725 2213 88 59 the
1871 2215 271 58 Venetian
2203 2217 202 74 design,
2445 2221 39 53 it
2522 2218 143 58 looks
2712 2234 52 43 to
2823 2245 83 33 me
2965 2244 56 33 as

1629 2292 38 56 if
1704 2291 145 57 there
1906 2315 141 34 were
2106 2292 162 59 boxes
2329 2295 246 57 between
2635 2295 86 57 the
2787 2296 234 58 columns

1630 2366 53 57 of
1722 2366 86 57 the
1847 2365 142 74 deep
2030 2371 324 67 proscenium
2393 2370 124 57 arch
2539 2395 12 33 :
2594 2371 38 56 if
2671 2395 75 42 so,
2790 2396 31 33 a
2877 2371 114 76 long-

1629 2441 251 57 followed
1909 2442 289 71 precedent
2224 2467 108 33 was
2360 2443 124 59 then
2510 2460 94 43 set.
2665 2445 116 59 Full
2819 2470 169 34 measu-

1629 2532 222 42 rements
1892 2517 185 58 should
2118 2518 68 57 be
2213 2518 298 74 published,
2534 2522 286 74 especially
2852 2546 57 33 as
2934 2522 88 57 the

1629 2596 206 71 writing
1874 2619 67 31 on
1970 2593 87 57 the
2083 2593 122 74 plan
2231 2597 43 55 is
2296 2620 57 32 so
2382 2596 164 58 small.
2617 2597 181 67 What,
2845 2597 79 58 for
2948 2599 50 56 in-

1629 2683 195 50 stance,
1855 2692 110 33 was
1996 2669 87 56 the
2113 2669 176 77 length
2318 2671 105 57 and
2452 2671 227 73 slope.of
2706 2673 87 57 the
2830 2680 188 68 stage?

1744 2744 122 56 The
1923 2746 148 61 plans
2130 2746 54 57 of
2227 2747 88 56 the
2374 2747 196 58 Teatro
2616 2748 111 57 Tor
2765 2749 56 58 di
2862 2751 160 56 Nona

1630 2819 185 57 should
1846 2819 67 57 be
1941 2819 283 74 compared
2252 2822 127 57 with
2417 2822 87 57 the
2544 2823 121 72 plan
2692 2823 54 58 of
2765 2824 87 57 the
2880 2848 142 35 same

1629 2895 164 58 house
1851 2897 154 73 given
2064 2899 51 54 in
2175 2897 71 57 G.
2312 2897 81 57 M.
2458 2899 250 65 Dumont,
2815 2900 204 58 Details

1633 2970 504 68 D'Architecture",
2169 2973 188 67 (Paris,
2391 2974 256 67 1763-66,
2673 2975 166 70 folio).
2890 2977 131 72 Any

1630 3045 346 75 discrepancy
2015 3047 179 58 would
2242 3048 146 57 show
2449 3049 141 58 what
2628 3050 309 68 alterations,
2980 3050 39 59 if

1630 3147 117 48 any,
1790 3121 104 58 had
1936 3118 140 62 been
2115 3121 155 59 made
2310 3127 52 54 in
2402 3125 88 57 the
2529 3128 217 56 interim.

1757 3198 109 57 The
1908 3213 187 58 system
2136 3199 52 56 of
2226 3199 216 74 oblique
2482 3204 167 71 wings
2688 3217 51 43 to
2764 3201 70 59 be
2859 3200 162 60 noted

1630 3275 53 56 in
1727 3273 198 57 several
1984 3273 54 58 of
2095 3274 88 57 the
2235 3274 147 74 plans
2425 3299 125 45 was,
2594 3279 18 56 I
2652 3278 160 67 think,
2854 3301 132 50 pecu-

1633 3348 143 74 liarly
1836 3348 192 58 Italian.
2136 3349 102 72 (By
2297 3351 216 73 oblique
2571 3355 183 75 wings,
2804 3354 19 57 I
2870 3377 151 35 mean

1631 3426 165 71 wings
1837 3439 89 42 not
1953 3439 77 43 set
2057 3425 212 71 parallel
2310 3442 52 40 to
2401 3428 86 58 the
2525 3433 199 54 curtain
2763 3429 147 72 line).
2979 3429 42 58 It

1630 3524 160 34 never
1828 3500 229 58 reached
2097 3501 263 75 England.

1744 3576 158 57 Plans
1930 3577 72 58 23
2030 3576 103 57 and
2162 3579 73 56 24
2263 3602 87 34 are
2376 3579 298 76 interesting
2702 3604 55 33 as
2785 3580 236 74 showing

1629 3652 87 57 the
1758 3654 204 71 precise
2009 3669 356 60 arrangement
2421 3654 54 57 of
2513 3655 84 57 the
2640 3659 202 54 various
2882 3680 136 33 rows

1628 3729 53 55 of
1722 3727 161 59 boxes
1922 3731 54 55 in
2016 3729 126 72 Italy
2180 3732 53 55 in
2274 3730 86 57 the
2407 3731 339 58 seventeenth
2786 3746 230 59 century.

1628 3802 133 59 This
1819 3819 207 58 system,
2087 3819 108 52 too,
2250 3828 160 34 never
2466 3806 230 58 reached
2755 3806 263 77 England.

1630 3878 144 59 Note
1813 3880 88 57 the
1927 3880 269 76 following
2224 3895 196 43 extract
2444 3881 130 58 from
2612 3882 133 73 John
2776 3882 243 74 Macky's

1686 3955 226 75 Journey
1950 3955 220 76 through
2210 3956 248 76 England
2497 3960 53 56 in
2591 3958 242 59 Familiar
2894 3957 94 59 Let-

1628 4046 100 43 ters
1841 4031 281 75 published
2180 4033 53 57 in
2302 4033 159 59 1714.
2570 4033 201 77 Macky
2828 4057 128 45 was,
2999 4035 18 57 I

1626 4106 160 67 think,
1828 4134 31 31 a
1901 4107 144 67 Scot,
2089 4131 101 34 one
2242 4122 52 45 to
2335 4107 178 61 whom
2553 4110 244 74 England
2839 4134 111 35 was
2990 4135 31 33 a

1629 4182 200 76 foreign
1871 4198 248 60 country:
2144 4216 72 8 —
