3140 4507
2871 126 86 45 169

128 174 122 44 THE
316 176 271 44 ETHICAL
659 178 138 43 AND
870 181 127 44 RELI-

125 234 189 45 GIOUS
348 237 210 43 VALUE
591 237 83 43 OF
717 239 123 43 THE
870 242 118 43 DRA-

119 294 96 43 MA
248 303 53 45 by
332 296 212 43 Ramsden
577 300 253 50 Balmforth.
873 301 155 55 George

117 354 126 43 Allen
267 357 45 41 Gr
339 355 146 44 Unwin
510 358 94 44 Ltd.
626 359 119 43 Price
766 360 89 58 7/6
878 370 79 35 net.

131 475 150 98 THE
311 476 157 43 Ethical
499 479 80 42 and
631 479 200 55 Religious
875 481 151 45 Values

255 537 44 42 of
350 539 66 40 the
448 538 149 43 Drama
630 557 65 25 are
727 542 50 41 ail
811 559 92 37 very
936 544 90 43 well

116 595 195 53 provided
362 602 66 37 the
480 601 218 52 expression
740 601 42 42 of
815 602 107 43 them
976 604 49 41 be

116 657 211 54 spiritually
358 674 101 37 gay:
498 659 68 42 but
600 661 116 42 while
751 661 92 54 they
877 678 146 27 remain

118 722 170 47 gloomy,
322 717 231 56 distressing,
586 723 80 39 and
699 722 264 42 melancholic
984 735 39 31 to

122 783 93 34 hear
248 778 79 40 and
360 788 40 31 to
430 795 66 26 see
548 787 78 34 and
659 792 40 29 to
742 783 109 40 think
900 799 121 37 upon,

120 839 92 50 they
244 836 79 43 will
355 837 132 43 defeat
519 839 98 42 their
649 858 93 25 own
774 859 77 25 aim
890 844 134 42 which

120 898 31 39 is
181 914 24 24 a
236 898 123 52 grand
391 900 91 40 aim.

189 956 16 41 1
219 957 50 41 he
309 957 141 43 author
482 958 43 42 of
556 959 74 42 this
685 960 105 43 book
841 963 31 41 is
923 962 101 45 from

118 1016 66 42 the
215 1026 127 32 outset
392 1020 220 42 concerned
664 1023 216 41 overmuch
925 1025 97 42 with

118 1075 217 43 Problems.

179 1136 109 42 Now
320 1140 66 40 the
407 1139 179 52 problem
619 1141 30 41 is
682 1141 67 42 the
774 1159 93 38 very
899 1143 119 44 devil.

118 1196 205 43 Problems
353 1216 68 25 are
454 1199 66 42 the
552 1211 99 31 tares
682 1202 40 41 in
754 1219 71 25 our
873 1208 148 47 wheat,

115 1257 80 47 and
228 1266 41 32 to
300 1274 71 26 run
402 1258 98 42 after
533 1260 67 43 o!d
634 1261 105 43 Nick
769 1263 165 54 holding
965 1283 54 37 up

118 1319 57 38 his
207 1333 124 37 apron
363 1319 60 41 for
456 1322 78 40 him
569 1320 68 43 full
668 1322 43 41 of
744 1323 66 42 the
842 1328 113 38 §eeds
977 1326 43 42 of

116 1382 108 36 these
256 1381 138 51 things,
428 1382 80 39 and
531 1392 39 30 to
593 1390 205 47 positively
822 1385 93 54 help
937 1386 82 43 him

116 1446 40 31 to
188 1453 85 26 sow
305 1441 119 46 them,
457 1443 41 39 is.
520 1451 68 32 not
620 1460 23 24 a
675 1444 95 41 little
802 1444 155 44 foolish.

176 1496 99 44 This
305 1499 30 41 is
367 1500 108 42 what
508 1501 65 42 the
605 1504 146 41 writers
775 1504 42 42 of
838 1506 180 53 problem

116 1556 109 54 plays
255 1558 83 42 doi
371 1560 81 41 and
485 1570 39 32 to
567 1579 64 24 see
684 1563 72 42 this
805 1566 140 42 author
975 1584 44 26 so

115 1625 221 35 concerned
369 1622 95 40 with
496 1621 107 42 these
635 1625 200 51 problems
864 1628 32 39 is
918 1629 80 50 grie-

116 1695 113 26 vous.
290 1710 7 7 .

309 1751 98 30 most
441 1740 124 54 things
597 1742 78 43 else
709 1744 132 43 which
873 1763 66 24 are
972 1765 43 24 so

115 1799 125 42 worth
274 1802 130 47 while,
450 1801 127 43 Belief
608 1806 30 39 is
668 1821 24 25 a
724 1805 99 43 form
842 1806 41 42 of
902 1808 86 42 mad-

115 1875 84 25 ness
231 1875 44 25 or
306 1862 28 38 it
373 1863 30 39 is
435 1872 67 31 not
536 1864 144 43 belief:
727 1865 65 42 the
842 1880 174 31 moment

112 1935 81 37 you
226 1919 84 41 lean
344 1923 171 40 towards
548 1940 138 27 reason
718 1925 80 42 and
832 1926 119 54 begin
977 1940 39 31 io

115 1979 174 42 mumble
321 1984 93 50 why
446 1982 79 42 and
557 1992 93 35 how
698 1987 79 42 and
826 1989 119 41 when
976 1991 39 40 in

114 2039 136 53 regard
283 2050 41 31 to
358 2042 117 42 belief
504 2060 80 37 you
616 2063 113 25 cease
751 2058 43 33 to
819 2046 51 44 be
891 2048 94 43 mad
1005 2067 9 31 ;

112 2118 43 23 so
188 2100 116 42 much
334 2118 81 37 you
447 2106 102 49 gain,
584 2105 15 42 I
633 2106 122 43 admit
774 2125 10 31 ;
819 2109 70 41 but
934 2126 80 37 you

113 2161 81 41 iose
226 2166 67 36 the
327 2161 130 44 whole
489 2165 138 43 world.

174 2220 27 42 T
216 2222 49 41 he
286 2227 141 37 author
447 2225 190 43 mumbles
659 2245 92 37 very
769 2229 144 54 sanely,
937 2231 80 43 and

115 2281 189 42 mumbles
356 2300 108 25 more
516 2303 108 25 sense
677 2295 95 36 than
824 2307 30 25 is
908 2293 108 41 usual

113 2342 118 41 when
263 2345 111 39 those
407 2345 124 53 topics
562 2364 65 26 are
661 2351 115 52 being
808 2352 206 44 mouthed.

174 2401 31 42 If
236 2404 50 39 he
317 2405 130 41 misses
482 2406 66 42 the
580 2411 133 40 whole
745 2412 112 52 point
880 2413 42 42 of
946 2415 66 40 the

111 2462 113 52 Relig
240 2479 69 25 ous
341 2464 112 42 value
485 2466 42 41 of
561 2467 64 42 the
658 2469 151 45 Drama
830 2474 28 39 it
880 2474 31 40 is
946 2474 47 42 be-

109 2539 117 26 cause
259 2526 65 39 the
356 2524 107 54 thing
494 2544 74 25 can
609 2532 94 52 only
751 2533 49 40 be
846 2550 96 37 sung
974 2553 43 24 or

109 2584 152 52 spoken
295 2586 51 52 by
379 2588 186 41 musician
598 2607 42 24 or
674 2594 53 51 by
760 2605 110 40 poet.

172 2646 59 39 So
263 2646 74 40 this
368 2647 30 40 is
431 2664 23 23 a
488 2648 105 43 book
633 2650 69 43 fall
752 2652 41 42 of
841 2655 67 53 fog
934 2656 80 43 and

109 2720 186 27 sorrows:
329 2723 93 25 save
455 2707 133 44 where
620 2729 29 23 is
671 2712 126 43 retold
820 2715 67 42 the
909 2728 106 40 story

113 2765 42 42 of
185 2765 157 43 Shaw's
377 2775 23 14 44
424 2766 48 44 St
504 2768 103 54 Joan
690 2775 79 40 and
803 2777 93 41 here
945 2780 67 40 the

114 2824 105 43 book
251 2827 171 52 sparkles
452 2833 80 39 and
584 2833 66 41 the
696 2846 104 42 story
852 2840 164 41 touches

111 2888 67 39 the
208 2899 103 40 spot.
375 2890 79 40 But
488 2889 93 46 then
616 2897 93 53 (iiKe
732 2897 125 45 Shaw
880 2916 40 24 in
958 2899 59 43 his

111 2946 198 54 epilogue)
367 2951 81 42 Mr.
502 2953 72 41 Ba!
578 2976 36 24 m
621 2958 103 40 forth
790 2958 132 56 begins
977 2974 39 30 to

112 3009 137 51 puzzle
281 3019 79 31 and
395 3021 39 31 to
468 3022 101 34 twist
621 3034 54 37 up
722 3015 58 44 his
829 3022 188 45 forehead

113 3067 79 42 and
225 3077 41 32 io
301 3071 80 42 oite
414 3083 66 32 tne
511 3079 80 42 end
624 3080 42 40 of
699 3080 58 43 his
790 3101 79 36 pen
893 3094 24 15 44
937 3086 79 42 and

111 3128 110 42 there
250 3145 31 25 is
313 3147 54 25 no
398 3133 132 45 health
563 3158 40 25 m
635 3141 81 43 him

174 3206 42 25 in
249 3190 80 42 taik
361 3194 42 40 of
434 3197 95 42 such
579 3214 155 32 matters
774 3205 111 43 there
918 3221 99 33 must

113 3266 50 25 oe
195 3266 52 24 no
278 3254 158 48 doubts,
496 3263 91 41 Life
628 3283 132 26 comes
771 3286 183 37 —passes
979 3301 32 5 —

110 3328 177 36 goes—e
316 3315 131 46 basta.

173 3372 83 45 \Ve
288 3393 74 26 can
393 3381 167 44 observe
591 3385 42 48 it,
657 3399 108 32 enter
790 3391 66 44 the
877 3404 141 35 stream

111 3433 43 41 of
184 3445 42 37 it,
259 3438 127 52 spiash
440 3442 80 42 and
573 3447 119 54 enjoy
711 3466 9 31 ;
775 3450 70 44 but
897 3473 122 26 never

113 3505 100 30 must
246 3513 63 26 we
343 3499 48 42 be
414 3519 108 37 sorry
543 3503 60 44 for
626 3509 198 44 ourselves
849 3514 167 45 because

113 3572 62 24 we
206 3573 67 25 are
304 3570 66 31 not
407 3563 132 44 bosses
572 3567 42 42 of
647 3569 66 41 the
744 3582 142 34 stream
934 3581 80 38 and

111 3626 62 42 gH
205 3635 108 25 some
346 3619 42 42 of
421 3622 64 43 the
518 3637 123 33 water
672 3646 41 26 in
744 3650 71 25 our
856 3638 157 42 mouths

112 3692 117 27 wnen
261 3696 62 25 we
356 3681 112 44 don't
501 3699 139 42 expect
673 3692 43 41 it.

171 3737 69 42 No
271 3756 78 26 one
379 3759 43 33 is,
457 3762 52 25 no
557 3765 77 27 one
682 3751 80 44 will
811 3755 63 49 be,
925 3757 91 45 boss

111 3814 41 24 ox
187 3797 65 43 the
283 3812 141 33 stream
443 3821 9 32 ;
487 3806 52 43 let
571 3812 29 40 it
631 3824 160 32 content
839 3835 44 24 us
930 3821 85 42 that

110 3857 74 42 this
215 3859 31 42 is
276 3878 46 24 so
355 3866 79 42 and
467 3885 112 26 cease
611 3871 102 44 from
746 3875 73 44 this
866 3880 151 43 restless

111 3918 110 42 futile
252 3930 166 49 attempt
452 3937 40 32 to
525 3929 119 47 know
677 3936 80 42 and
779 3955 44 25 so
847 3939 169 45 become

109 3995 108 27 more
248 3981 95 44 than
375 4002 63 26 we
468 3988 81 46 had
583 4010 93 25 ever
708 3996 135 55 hoped
879 4011 39 32 to
951 4002 65 43 be.

169 4040 34 43 it
250 4043 30 40 is
328 4044 169 48 because
549 4052 67 44 the
668 4057 135 51 Wells,
856 4037 160 73 Shaws!

109 4101 40 19 r-jT,
180 4101 6 9 1
255 4103 8 8 •
793 4100 9 8 '

121 4123 16 21 i
151 4113 144 39 oisiois,
328 4111 79 40 and
441 4128 43 25 so
516 4129 117 40 many
667 4118 165 46 modern
871 4125 149 43 writers

108 4174 144 32 cannot
285 4183 113 29 cease
421 4170 97 47 their
541 4177 164 51 restless,
731 4183 90 41 vain
854 4194 167 46 attempt

1077 195 40 32 to
1150 183 109 45 solve
1291 185 66 43 the
1388 186 193 44 insoluble
1613 189 84 43 that
1730 190 108 43 there
1852 209 67 26 are
1941 211 44 25 so

1076 261 117 38 many
1225 246 144 54 people
1386 247 93 43 who
1498 260 121 42 regret
1652 249 134 56 nearly
1818 252 50 42 all
1890 253 94 55 they

1073 304 105 43 have
1211 322 92 26 ever
1336 309 170 42 written.

1139 364 133 44 When
1304 366 273 56 Shakespeare
1609 369 79 43 and
1727 370 163 44 Goethe
1923 384 63 43 get

1075 423 139 45 drawn
1266 428 83 40 int)
1404 428 66 42 the
1522 428 465 47 discussion—whoever

1073 496 81 42 gets
1200 487 140 42 drawn
1387 488 196 55 in—they
1631 501 62 42 get
1730 492 154 42 snuffed
1917 505 69 31 out

1071 545 77 42 like
1179 563 24 24 a
1235 547 141 42 candle
1409 547 78 43 and
1520 564 63 28 we
1615 561 68 42 put
1716 550 123 44 down
1882 552 103 43 their

1070 604 140 43 foolish
1235 606 125 43 books
1382 610 79 41 and
1484 623 49 38 go
1566 609 55 42 off
1652 620 42 32 to
1719 611 78 42 bed
1820 611 165 56 shaking

1070 682 72 25 our
1175 665 137 44 heads.
1325 667 147 43 —Isn't
1506 671 27 39 it
1555 673 18 38 }

1077 785 299 43 THEATRE
1403 787 314 45 PRACTICE
1755 790 52 52 by
1854 792 124 53 Stark

1080 844 157 55 Young.
1303 846 169 43 Charles
1524 848 186 44 Scribner
1759 851 43 40 &
1858 853 118 44 Sons.

1071 905 119 43 Price
1225 907 79 55 7jo
1339 915 79 35 net.

1096 1031 144 99 rH13
1273 1033 108 43 book
1403 1035 135 44 would
1562 1036 103 43 have
1686 1037 90 56 long
1793 1058 73 35 ago
1886 1040 99 44 been

1188 1095 202 43 reviewed
1435 1098 40 40 in
1527 1096 109 44 these
1687 1100 176 42 columns
1918 1104 69 40 but

1068 1171 196 38 everyone
1297 1157 77 42 else
1405 1155 82 44 had
1539 1158 86 42 said
1657 1157 50 44 alt
1741 1160 84 43 that
1874 1160 110 44 there

1068 1231 82 25 was
1183 1227 39 29 to
1254 1232 68 38 say
1354 1217 40 41 in
1424 1218 128 52 praise
1600 1218 43 43 of
1675 1222 28 40 it
1736 1221 81 42 and
1850 1221 15 43 1
1899 1222 82 43 had

1066 1292 52 25 no
1151 1276 96 42 fault
1282 1289 39 29 to
1355 1276 95 43 find.

1128 1335 31 41 It
1192 1353 29 24 i3
1254 1337 91 42 well
1390 1338 131 42 above
1569 1340 66 41 the
1686 1357 177 31 average,
1902 1343 79 43 and

1806 1380 20 15 O
1854 1383 8 7 '

1066 1397 177 40 contains
1274 1414 117 36 many
1444 1416 24 23 a
1499 1397 177 56 pleasant
1717 1401 153 55 phrase,
1912 1404 69 42 but

1064 1457 30 40 is
1129 1473 108 25 more
1271 1458 94 42 than
1398 1458 111 43 often
1542 1460 128 43 rather
1705 1472 67 31 too
1807 1481 141 36 vague.

1127 1516 78 42 For
1237 1517 50 42 all
1320 1519 73 41 this
1427 1521 29 39 it
1489 1521 30 40 is
1552 1537 76 25 one
1661 1521 43 42 of
1740 1524 68 40 the
1832 1523 84 43 best
1941 1524 42 42 of

1065 1576 48 42 its
1149 1575 95 43 kmd
1277 1577 82 43 that
1393 1587 70 33 has
1494 1598 114 24 come
1640 1580 101 44 from
1774 1587 208 41 America.

1445 1684 44 9 T--—
1633 1686 39 8 TI—IN
1672 1686 82 11 —DIHIUWIH
1804 1690 25 8 \mm
1859 1691 40 8 mtim
1919 1692 12 8 IJ.

1073 1718 122 43 THE
1233 1720 126 43 IVES
1373 1722 33 42 T
1430 1723 132 43 END
1599 1725 83 43 OF
1718 1726 220 47 YESTER-

1063 1779 145 42 DAY
1256 1781 137 43 AND
1454 1784 233 47 TODAY.
1742 1789 50 42 E.
1834 1790 111 44 Bed-

1054 1839 104 50 ford
1219 1841 256 47 Chancellor.
1550 1846 82 42 The
1684 1849 299 45 Architectural

1061 1900 132 44 Press.
1228 1902 186 45 London.
1448 1905 117 43 Price
1598 1907 110 57 25j-
1744 1918 81 36 net.

1071 2057 63 65 |T
1166 2053 31 41 is
1228 2071 93 25 now
1355 2064 150 46 twenty
1536 2074 111 37 years
1668 2061 106 42 since
1799 2062 83 46 Mr.
1908 2067 52 44 Be-

1068 2108 28 48 1
1132 2113 150 42 resford
1315 2115 238 44 Chancellor
1585 2137 99 35 gave
1736 2138 43 26 us
1813 2123 57 43 his
1904 2128 77 44 first

1062 2172 110 42 book
1218 2191 53 25 on
1324 2176 189 44 London.
1579 2183 62 38 At
1690 2182 83 42 that
1828 2187 93 42 time
1956 2191 27 41 it

1063 2250 83 25 was
1186 2252 51 24 no
1281 2253 107 25 more
1440 2236 248 46 fashionable
1743 2253 40 32 to
1833 2245 148 47 devote

1063 2295 150 41 oneself
1245 2305 42 30 to
1318 2314 25 23 a
1374 2297 150 43 limited
1573 2303 84 39 task
1690 2304 81 41 and
1804 2304 101 45 keeo
1940 2321 38 31 at

1062 2354 29 40 it
1122 2370 94 38 year
1248 2357 39 40 in
1318 2359 80 40 and
1430 2375 93 37 year
1556 2372 67 30 out
1648 2363 95 42 than
1766 2366 27 40 it
1818 2368 30 39 is
1872 2387 106 27 now.

1075 2416 108 40 ihen
1215 2432 41 25 as
1288 2433 108 34 now,
1428 2420 29 40 if
1478 2438 79 36 you
1589 2422 119 43 could
1727 2427 109 41 write
1859 2440 39 31 at
1917 2431 62 48 all,

1061 2492 81 36 you
1176 2493 104 25 were
1328 2489 39 31 at
1414 2479 138 56 liberty
1607 2492 40 31 to
1698 2487 110 41 write
1856 2491 123 42 about

1065 2552 78 37 any
1174 2538 80 40 and
1285 2540 230 54 everything
1546 2543 197 53 provided
1773 2563 80 37 you
1876 2569 103 25 were

1064 2608 176 40 ignorant
1272 2599 42 41 of
1345 2617 99 36 your
1485 2603 166 52 subject,
1717 2606 97 44 hew
1845 2629 134 37 young

1066 2673 89 24 men
1186 2674 92 26 ever
1316 2660 189 44 dreamed
1538 2664 88 41 that
1656 2678 43 28 or
1730 2666 244 55 themselves,

1063 2733 38 24 in
1134 2717 111 43 those
1277 2718 111 55 days,
1422 2723 79 41 and
1533 2740 45 25 so
1610 2724 109 44 there
1750 2744 87 28 rose
1872 2751 52 24 uo
1953 2751 24 24 a

1063 2793 124 38 group
1219 2779 42 41 of
1293 2780 152 44 famous
1494 2783 187 54 plodders
1715 2790 92 41 who
1851 2805 126 31 wrote

1064 2854 51 24 on
1134 2841 222 49 heminism,
1376 2860 53 24 on
1447 2861 91 26 new
1557 2846 158 49 worlds,
1735 2866 52 25 on
1811 2853 66 43 the
1900 2854 50 43 Fa-

1066 2897 89 42 bian
1176 2911 161 45 society,
1360 2921 52 23 on
1437 2904 144 49 Music,
1606 2924 53 24 on
1685 2908 67 42 the
1784 2911 192 53 Theatre,

1065 2975 52 25 on
1144 2960 148 54 Utopia
1314 2965 79 43 and
1418 2965 201 43 whatever
1642 2968 78 42 first
1753 2988 112 29 came
1896 2978 84 40 into

1066 3021 103 40 their
1199 3021 140 49 heads.
1390 3026 134 43 These
1546 3028 286 56 encyclopedic
1856 3036 123 43 heads

1066 3081 159 43 wanted
1247 3095 42 30 to
1311 3088 146 43 reform
1480 3091 229 52 everything
1743 3094 53 54 by
1829 3099 153 53 writing

1068 3140 125 42 books
1211 3159 9 25 :
1253 3153 81 38 and
1383 3167 104 26 none
1519 3167 123 26 seems
1675 3161 41 32 to
1749 3155 103 43 have
1889 3176 67 37 sup-

1066 3202 124 53 posed
1221 3207 84 44 that
1339 3212 108 42 there
1494 3229 105 26 were
1647 3231 78 38 any
1758 3215 226 47 difficulties

1066 3273 40 42 in
1139 3272 99 42 their
1270 3290 105 38 way.

1131 3333 82 43 Mr.
1266 3334 239 43 Chancellor
1555 3336 30 41 is
1632 3337 147 54 typical
1832 3339 43 43 of
1918 3342 66 42 the

1067 3393 112 43 other
1212 3393 95 44 kind
1358 3396 43 42 of
1445 3414 133 36 young
1630 3415 91 25 man
1772 3399 42 42 of
1875 3403 107 42 1905

1066 3455 80 42 and
1178 3473 99 35 gave
1309 3455 50 44 all
1392 3455 59 44 his
1483 3459 93 40 time
1609 3469 41 31 to
1689 3459 68 42 the
1788 3462 117 56 study
1938 3464 43 42 of

1065 3532 78 24 one
1174 3515 108 55 thing
1301 3534 9 31 ;
1345 3517 66 43 the
1442 3528 146 39 streets,
1624 3518 66 42 the
1722 3537 157 36 squares
1901 3526 79 43 and

1066 3575 66 42 the
1164 3575 141 44 houses
1337 3577 42 43 of
1412 3578 187 44 London.
1664 3579 223 49 Whatever
1930 3586 51 43 he

1064 3636 68 42 has
1165 3646 41 32 to
1238 3636 67 43 tell
1336 3656 43 24 us
1416 3639 43 42 of
1506 3639 106 43 them
1645 3640 30 42 is
1710 3640 195 49 therefore
1939 3658 41 31 to

1065 3696 50 41 be
1145 3695 165 46 listened
1345 3710 38 31 to
1418 3699 96 43 with
1536 3704 205 45 attention,
1766 3706 81 42 and
1870 3707 108 44 what

1063 3756 50 42 he
1145 3757 71 43 has
1247 3769 42 31 to
1336 3760 113 42 show
1482 3777 43 25 us
1555 3760 78 56 (for
1680 3761 51 42 he
1775 3764 203 48 illustrates

1063 3817 57 42 his
1154 3817 106 44 book
1291 3820 217 56 profusely)
1543 3820 80 44 will
1661 3821 103 43 rivet
1801 3827 84 43 that
1917 3842 40 29 at-

1064 3880 162 43 tention.
1291 3880 128 44 Often
1452 3882 50 42 he
1533 3882 133 55 places
1697 3901 108 29 some
1826 3891 151 51 picture

1064 3938 178 57 showing
1293 3960 22 23 a
1348 3952 117 33 street
1513 3943 42 43 of
1604 3944 67 40 the
1719 3944 174 49 London
1934 3953 43 43 of

1077 4000 107 43 1800
1218 4002 54 53 by
1305 4002 66 44 the
1393 4003 83 42 side
1492 4003 44 44 of
1552 4003 165 44 another
1738 4009 179 58 showing
1949 4015 28 41 it

1065 4064 40 41 in
1146 4062 10 42 !
1169 4062 88 43 900
1275 4081 10 31 ;
1320 4064 80 43 and
1432 4064 83 45 that
1546 4083 46 25 so
1623 4066 118 44 rivets
1759 4087 66 40 my
1848 4083 107 35 atten-

1068 4134 83 33 tion
1204 4124 84 44 that
1335 4125 15 44 1
1383 4126 167 44 become
1599 4144 130 37 grave.
1793 4134 113 45 Held
1938 4137 40 42 in

1072 4186 72 44 this
1176 4206 173 31 manner,
1385 4189 15 42 I
1433 4205 65 26 am
1545 4189 207 44 reminded
1806 4194 42 43 of
1895 4197 84 42 that

2032 199 67 42 oia
2133 200 199 56 Egyptian
2365 220 152 34 custom
2548 213 43 41 of
2625 213 177 59 bringing
2824 221 129 43 round

2035 277 23 24 a
2093 277 173 40 mummy
2297 276 39 32 at
2371 268 65 44 the
2470 272 207 56 beginning
2709 277 42 42 of
2782 296 24 24 a
2839 279 115 45 feast*

2093 320 147 56 Today
2273 336 39 31 at
2345 345 70 25 our
2464 331 175 45 London
2687 337 134 53 public
2862 339 67 43 din-

2033 397 85 25 ners
2171 385 79 42 and
2303 387 214 47 luitcheons
2571 394 14 42 1
2641 397 134 44 would
2841 399 104 43 have

2035 440 83 42 Mr.
2152 442 237 48 Chancellor
2406 468 17 23 s
2467 451 106 44 book
2626 456 116 44 taken
2795 459 145 44 round,

2035 500 14 41 1
2082 501 136 44 would
2249 505 112 45 show
2393 510 67 42 the
2491 524 126 41 guests
2649 534 77 25 one
2758 517 42 44 of
2833 520 110 42 these

2032 561 149 43 double
2204 566 162 44 visions:
2387 569 91 56 they
2496 575 117 42 could
2637 576 94 44 then
2747 580 195 43 ruminate

2034 638 107 36 upon
2174 635 107 32 wnat
2314 645 29 24 is
2367 628 66 44 the
2451 631 212 47 difference
2688 639 109 41 twixt
2823 639 117 56 being

2035 682 117 53 quick
2182 684 79 43 and
2298 687 113 56 bemg
2443 692 105 43 dead
2569 708 9 24 :
2613 693 132 47 wliere
2775 698 68 43 lies
2875 700 68 42 the

2033 744 225 44 distinction
2290 747 183 47 between
2505 770 23 25 a
2560 754 107 45 dead
2700 758 79 43 and
2811 777 24 24 a
2867 760 78 43 live

2033 813 129 33 street.

2100 863 122 44 Some
2253 866 42 42 of
2326 886 71 24 our
2446 872 175 46 London
2667 888 134 33 streets
2847 879 105 45 have

2034 922 113 45 died.

2094 984 112 43 Here
2251 988 40 42 in
2325 989 97 44 their
2471 992 109 45 latest
2629 998 170 53 pictures
2846 999 95 56 they

2032 1046 149 41 remain
2211 1047 75 53 just
2319 1050 132 45 where
2499 1055 93 54 they
2625 1074 146 27 were—
2793 1078 23 24 a
2835 1060 91 44 thea-

2033 1115 69 37 tre,
2155 1123 23 24 a
2226 1109 289 54 public-house,
2566 1133 22 23 a
2639 1121 176 42 mansion
2866 1122 78 53 just

2033 1180 134 27 wnere
2220 1169 27 40 it
2301 1188 110 34 was;
2460 1175 80 43 and
2588 1176 67 44 the
2707 1178 94 56 light
2844 1182 40 41 in
2914 1182 30 43 it

2033 1239 101 38 gone
2167 1239 82 30 out.

2145 1288 119 43 After
2317 1291 49 43 all
2420 1327 9 15 ,
2484 1314 87 36 says
2618 1298 68 43 the
2738 1300 204 55 Optimist,

2084 1356 109 34 Liere
2210 1366 16 24 s
2258 1362 68 30 not
2359 1371 42 24 so
2435 1368 106 40 great
2574 1376 23 23 a
2618 1359 214 45 difference
2872 1362 48 43 be-

2034 1417 130 32 tween
2196 1409 65 43 the
2294 1412 154 54 Regent
2481 1416 129 44 Street
2642 1420 42 42 of
2716 1421 123 55 today
2867 1422 82 45 and

2035 1477 83 31 tuat
2141 1486 39 23 oi
2200 1472 220 56 yesterday.
2501 1479 103 42 And
2628 1479 108 44 there
2757 1488 32 36 is
2812 1483 140 55 hardly

2038 1545 78 36 any
2148 1528 214 47 difference
2394 1552 38 25 in
2463 1548 46 31 its
2561 1539 122 55 shape
2700 1558 10 31 ;
2746 1542 66 43 the
2844 1560 105 38 eyes,

2033 1605 25 25 n
2064 1596 3 55 s
2067 1605 74 31 w*se,
2203 1601 150 41 mouth,
2395 1596 81 42 and
2529 1598 104 50 chin,
2698 1601 66 43 the
2828 1603 114 48 neck,

2033 1647 80 43 and
2160 1667 215 36 snouiders,
2411 1668 67 31 tne
2512 1672 122 37 waist,
2690 1663 100 53 hips,
2825 1663 120 43 knees

2032 1723 79 26 and
2152 1723 75 29 ieet
2261 1730 64 25 are
2358 1716 50 41 all
2441 1719 39 40 in
2512 1718 258 53 place—and
2819 1724 123 44 dead.

2095 1768 76 43 His
2220 1772 174 58 Majesty
2411 1795 15 23 s
2501 1780 13 38 1
2530 1778 134 46 heatre
2726 1784 30 41 is
2809 1784 134 43 where

2034 1828 88 43 Her
2155 1831 175 58 Majesty
2347 1854 16 23 s
2421 1837 20 42 I
2451 1837 135 45 heatre
2632 1843 129 48 stood,
2811 1844 72 42 but
2915 1846 29 40 it

2035 1890 118 53 might
2188 1891 50 43 be
2271 1912 22 23 a
2327 1895 119 50 hotel,
2502 1899 59 42 for
2592 1902 28 40 it
2653 1904 31 40 is
2715 1904 68 42 the
2831 1916 112 32 exact

2033 1949 186 45 facsimile
2242 1954 42 41 of
2305 1973 23 23 a
2352 1956 106 44 hotel
2487 1977 88 25 near
2598 1961 68 54 by.
2711 1964 43 42 In
2787 1964 66 44 the
2875 1964 70 44 old

2033 2010 98 54 days
2162 2024 27 30 it
2225 2031 81 26 was
2338 2025 208 49 obviously
2578 2040 23 24 a
2634 2023 75 42 fine
2741 2025 166 44 theatre.

2096 2070 75 43 But
2206 2093 13 22 i
2253 2092 64 26 see
2357 2078 82 43 that
2471 2098 80 34 you
2599 2100 66 26 are
2696 2084 51 44 all
2785 2085 158 43 tuckm#

2032 2130 223 14 •i•
2287 2137 7 7 •
2920 2124 23 16 O

2031 2140 82 33 into
2147 2138 65 37 the
2244 2147 96 40 joint
2373 2139 80 43 and
2492 2141 102 44 have
2642 2144 195 54 forgotten
2871 2147 69 43 the

2037 2192 162 52 prelude
2232 2206 40 32 to
2305 2198 67 42 the
2404 2200 202 45 feast—so
2637 2223 42 24 as
2702 2206 85 45 Mr.
2813 2207 112 43 Chan-

2028 2251 117 42 cellor
2162 2271 16 24 s
2227 2257 105 42 book
2381 2261 30 40 is
2460 2262 57 42 far
2551 2281 107 26 more
2681 2265 136 56 happy
2840 2268 96 43 than

2027 2312 210 57 terrifying,
2273 2318 13 42 I
2321 2329 67 33 too
2422 2322 78 42 will
2535 2323 49 43 be
2627 2344 75 36 gay
2735 2327 78 45 and
2846 2342 91 39 pass

2028 2382 67 33 the
2128 2380 211 42 mustard.'

2087 2434 101 43 And
2221 2438 28 41 it
2281 2441 31 42 is
2344 2458 51 26 an
2427 2443 236 56 enchanting
2709 2446 122 49 book,
2866 2447 75 45 this

2075 2497 193 56 gossiping
2315 2511 166 47 attempt
2515 2516 40 31 to
2587 2506 110 45 draw
2745 2509 195 43 attention

2026 2563 39 31 to
2099 2565 66 32 tae
2218 2558 114 45 lesser
2379 2562 147 44 known
2579 2569 130 44 points
2807 2570 131 53 points

2026 2617 132 40 wmch
2189 2619 135 45 charm
2377 2641 199 37 everyone
2624 2628 93 43 who
2759 2631 32 41 is
2822 2629 118 55 lucky

2024 2676 156 53 enough
2213 2690 40 30 to
2285 2684 153 42 remark
2486 2703 76 25 one
2594 2688 41 42 of
2678 2688 121 45 them.
2849 2690 93 43 The

2025 2752 151 27 cunous
2209 2740 108 55 thing
2353 2745 30 41 is
2417 2745 83 42 that
2555 2765 62 25 we
2670 2749 153 45 seldom
2876 2768 67 26 see

2027 2794 106 45 them
2166 2800 167 45 because
2366 2822 88 25 ours
2487 2808 30 40 is
2549 2826 24 22 a
2604 2809 209 46 utilitarian
2843 2810 69 44 life
2931 2829 12 31 ;

2026 2874 62 23 we
2120 2876 50 35 go
2203 2861 100 44 from
2336 2864 92 42 here
2461 2876 42 32 to
2548 2868 107 43 there
2704 2871 59 42 for
2796 2890 23 23 a
2852 2889 91 37 pur*

2026 2935 95 35 pose
2140 2938 8 30 ;
2187 2939 60 25 we
2295 2924 54 42 do
2397 2937 69 31 not
2519 2939 119 43 linger
2688 2944 40 28 to
2782 2932 102 43 have
2916 2951 24 24 a

2026 2977 94 42 look
2151 2993 39 30 at
2222 2982 67 44 the
2345 2986 130 55 lovely
2528 2988 127 55 things
2707 2991 133 44 which
2894 2993 51 43 lie

2029 3038 183 47 between
2245 3044 65 43 the
2344 3057 81 32 two
2456 3061 124 41 ports.

2102 3114 15 30 t
2132 3113 91 33 here
2256 3105 78 43 will
2367 3120 67 30 not
2470 3109 49 42 be
2552 3128 22 24 a
2605 3111 157 45 student
2802 3113 44 43 of
2878 3114 66 45 the

2030 3161 170 44 theatres
2232 3166 42 42 of
2308 3167 162 54 Europe
2503 3170 94 42 who
2651 3172 78 44 will
2776 3193 91 25 care
2900 3188 42 31 to

2033 3238 48 28 be
2113 3224 68 43 left
2213 3227 38 41 in
2284 3229 208 52 ignorance
2523 3231 43 41 of
2597 3231 76 44 this
2721 3233 108 45 book
2862 3236 83 44 and

2032 3285 50 42 he
2107 3286 123 42 won't
2264 3288 50 42 be
2347 3289 293 55 disappointed.

2091 3346 134 43 There
2272 3367 78 31 are,
2404 3361 42 31 to
2500 3351 115 55 begin
2667 3355 114 52 with,,
2831 3356 111 44 three

2029 3405 149 44 double
2202 3427 99 36 page
2333 3409 110 55 plans
2475 3412 43 42 of
2567 3414 202 50 London;
2813 3417 127 43 dated

2039 3469 124 49 1792,
2205 3470 111 43 1834
2348 3471 80 42 and
2469 3473 137 43 1927:
2639 3477 149 42 several
2822 3480 124 43 views

2028 3529 44 41 of
2104 3529 166 43 theatres
2322 3532 126 42 inside
2494 3534 79 41 and
2621 3537 154 42 outside
2794 3556 10 30 ;
2859 3539 83 43 and

2026 3589 140 44 dotted
2198 3591 167 54 through
2403 3592 67 43 the
2493 3593 108 43 book
2621 3597 30 41 is
2673 3597 267 53 information,

2035 3661 98 31 most
2166 3651 181 43 valuable
2395 3667 40 27 :o
2467 3671 43 25 us
2562 3655 64 48 all,
2679 3657 162 56 relating
2896 3671 42 32 to

2026 3710 136 43 homes
2193 3727 42 26 or
2268 3711 65 44 the
2366 3711 165 47 Drama.

2087 3771 34 43 If
2151 3771 93 55 only
2260 3798 7 9 •
2297 3772 216 56 publishers
2564 3776 80 43 and
2702 3778 240 46 booksellers

2024 3831 136 44 would
2191 3834 133 41 invent
2357 3852 109 24 some
2498 3853 103 37 way,
2626 3836 116 46 think
2764 3840 44 42 of
2828 3859 111 26 some

2024 3910 88 26 new
2145 3894 170 48 scheme,
2350 3895 54 55 by
2436 3896 132 43 which
2602 3897 94 56 they
2728 3899 121 45 could
2872 3901 68 45 tell

2023 3970 44 26 us
2098 3953 119 43 when
2248 3954 93 55 they
2380 3964 102 34 have
2527 3958 132 44 issued
2691 3979 23 23 a
2747 3960 109 44 book
2886 3980 56 28 on

2025 4013 108 43 these
2164 4014 169 54 subjects
2365 4016 133 44 which
2550 4036 66 25 are
2649 4020 43 43 of
2723 4038 44 26 so
2815 4023 123 44 much

2024 4086 242 43 importance
2300 4084 59 34 to*
2372 4094 42 24 us
2447 4077 78 43 and
2573 4079 132 44 which
2738 4099 63 26 we
2833 4085 103 44 need

2025 4146 42 31 to
2091 4136 49 42 be
2162 4136 84 43 told
2268 4137 54 48 of,
2348 4137 124 54 things
2495 4139 134 44 would
2665 4141 51 42 be
2750 4143 188 43 better—

2026 4198 79 44 and
2138 4197 111 44 other
2280 4198 126 55 things
2437 4199 138 44 would
2608 4201 114 44 wake
2752 4219 70 37 up.
