3065 4361
1188 197 240 35 BRUNO'S
1506 197 251 35 WEEKLY

2805 207 70 30 809

71 295 139 37 power
240 290 42 30 at
311 295 78 34 sea,
422 290 41 31 to
496 281 140 51 design
667 282 73 40 her
769 282 124 41 naval
923 299 261 38 programme
1216 284 80 41 and
1330 285 108 40 train

71 339 73 41 her
178 337 122 42 naval
338 337 144 42 forces.
550 339 171 51 English
759 340 195 42 admirals
989 351 118 40 spent
1141 357 115 35 years
1292 342 41 41 in
1371 342 69 41 the

72 396 327 42 administrative
442 398 80 40 and
568 398 208 41 executive
820 398 280 51 departments
1143 400 45 40 of
1230 398 211 52 Turkey's

69 470 119 35 navy.
255 453 123 52 They
414 470 112 26 were
561 456 106 50 good
704 466 184 31 masters.
954 456 97 42 The
1088 468 231 31 armament
1356 458 81 41 and

69 513 68 41 the
160 512 180 51 fighting
362 512 131 42 forces
516 513 45 41 of
586 513 69 42 the
677 513 190 42 Turkish
891 530 108 36 navy
1023 530 68 26 are
1116 531 24 25 a
1163 515 131 52 living
1318 516 120 50 proof

68 570 44 42 of
140 570 69 41 the
235 571 107 50 good
368 570 91 42 will
486 572 81 40 and
595 571 69 41 the
691 571 144 52 ability
861 572 44 41 of
933 572 108 42 their
1067 573 147 50 pupils.

123 639 128 41 After
274 639 69 42 the
365 656 91 26 war
476 640 46 42 of
550 641 120 49 1912,
694 640 176 52 Turkey
893 642 178 41 doubled
1096 643 52 41 its
1171 643 184 51 military
1379 659 40 26 as-

68 698 210 51 pirations.
336 698 141 41 Enver
502 698 80 41 had
611 701 258 48 represented
897 700 61 41 his
985 711 175 41 country
1187 717 42 25 as
1255 701 184 52 military

70 755 160 43 attache
263 756 40 40 in
337 756 156 42 Berlin.
555 756 143 42 There
729 757 49 41 he
809 757 82 42 had
924 758 166 42 learned
1123 758 96 43 how
1250 769 43 31 to
1324 759 111 50 plan,

67 815 95 41 how
188 824 42 31 to
258 814 92 41 take
378 816 270 48 precautions,
677 816 96 41 how
800 826 41 31 to
870 816 169 50 develop
1068 817 68 41 the
1163 817 160 51 highest
1350 833 67 35 pos-

67 872 101 42 sible
199 871 189 51 qualities
422 873 41 40 in
496 889 94 26 men
623 875 81 40 and
739 875 41 39 in
813 875 229 49 machines;
1076 876 41 40 in
1150 875 127 50 short,
1313 886 42 32 to
1389 877 48 41 be

67 931 198 50 prepared
292 930 41 41 in
362 932 117 40 times
505 931 44 41 of
578 932 161 51 deepest
766 948 119 34 peace
912 933 68 41 for
1006 934 69 40 the
1103 933 200 43 bloodiest
1329 950 81 26 war-

68 989 99 41 fare.

122 1046 97 41 The
244 1047 332 42 administration
604 1048 110 41 after
739 1049 69 41 the
833 1065 90 26 war
948 1051 157 40 seemed
1134 1060 42 31 to
1203 1050 49 42 be
1276 1061 162 31 earnest

67 1105 40 41 in
143 1106 50 40 its
228 1106 224 40 endeavors
486 1116 42 30 to
564 1106 162 42 achieve
761 1107 175 41 reforms
971 1108 41 40 in
1047 1124 121 35 every
1202 1109 154 41 branch
1390 1110 45 40 of

65 1163 313 51 governmental
401 1164 344 41 administration-
797 1164 124 52 They
942 1167 158 40 seemed
1123 1176 41 31 to
1188 1167 48 41 be
1257 1168 179 50 inspired

66 1221 51 51 by
145 1221 69 41 the
242 1236 77 27 one
348 1222 130 41 desire
508 1232 42 31 to
581 1222 185 51 regulate
795 1223 69 42 the
893 1223 179 42 finances
1100 1225 44 40 of
1173 1224 187 53 Turkey,
1393 1236 42 31 to

65 1279 93 50 help
187 1295 41 25 as
253 1280 123 40 much
404 1296 42 25 as
473 1280 95 51 they
594 1280 121 42 could
744 1282 163 41 toward
935 1282 68 42 the
1031 1284 332 50 reorganization
1390 1284 45 41 of

66 1338 51 40 its
145 1337 183 51 military
357 1338 132 41 forces
518 1339 81 41 and
629 1349 41 31 to
700 1339 122 51 bring
848 1350 42 31 to
921 1340 68 41 the
1018 1341 160 51 highest
1207 1341 228 51 perfection

66 1395 68 42 the
169 1395 204 52 efficiency
406 1396 43 41 of
484 1396 68 42 the
587 1413 127 35 army.
780 1397 52 42 So
867 1398 95 51 they
996 1399 169 41 decreed
1199 1402 238 40 autonomic

66 1453 130 52 rights
225 1464 42 30 to
296 1454 68 41 the
394 1454 196 42 different
618 1456 210 49 provinces
858 1466 42 32 to
930 1473 51 25 an
1011 1468 140 30 extent
1180 1468 73 31 not
1281 1458 154 43 known

65 1512 152 41 before.
294 1511 98 42 The
439 1513 269 51 complicated
755 1513 189 43 Turkish
990 1525 119 32 court
1155 1525 148 41 system
1350 1532 86 27 was

64 1570 160 51 greatly
269 1571 232 50 simplified.
580 1571 171 52 Strictly
797 1573 171 41 modern
1016 1572 102 43 laws
1165 1574 126 42 about
1336 1574 100 42 land

65 1628 232 51 ownership
326 1639 113 31 went
468 1630 87 40 into
585 1629 132 43 effect.
778 1631 276 51 Everywhere
1084 1632 114 41 there
1227 1632 209 51 prevailed

66 1703 23 24 a
115 1702 95 26 new
234 1687 119 50 spirit
378 1687 43 42 of
449 1687 236 43 liberalism.

122 1744 127 42 Time
286 1745 73 41 has
396 1746 307 42 demonstrated
743 1746 68 42 the
849 1747 204 52 efficiency
1090 1748 44 42 of
1175 1748 68 42 the
1279 1748 158 52 Young

64 1802 189 43 Turkish
285 1804 187 42 reforms.
533 1804 97 42 The
660 1805 138 41 heroic
828 1806 81 41 and
938 1806 224 42 successful
1192 1807 169 42 defence
1390 1807 46 42 of

66 1861 68 42 the
165 1861 202 51 Gallipoli
400 1862 216 50 peninsula
648 1865 158 49 against
837 1864 68 41 the
936 1875 178 40 greatest
1145 1866 171 41 armada
1346 1865 91 43 that

66 1920 69 41 the
167 1920 136 42 world
338 1920 71 55 jias
444 1938 94 24 ever
571 1938 104 33 seen,
712 1922 68 42 the
814 1923 185 50 triumph
1032 1924 44 40 of
1112 1923 325 43 Kut-el-Amara

66 1979 81 41 and
184 1978 69 42 the
287 1979 188 41 brilliant
510 1990 182 42 strategy
726 1982 99 40 used
862 1982 158 50 against
1057 1981 69 42 the
1162 1983 197 41 Russians
1394 1984 42 40 in

64 2037 100 41 Asia
190 2037 152 41 Minor
367 2039 81 40 and
477 2039 139 40 Persia
641 2039 103 41 have
770 2039 208 50 provoked
1006 2040 68 41 the
1099 2042 173 40 wonder
1297 2041 44 41 of
1370 2041 69 42 the

65 2095 135 41 world
226 2097 81 40 and
332 2096 103 42 have
459 2097 232 42 astonished
718 2098 69 41 the
810 2100 174 40 enemies
1008 2098 45 42 of
1080 2099 139 42 Islam.

122 2152 98 43 The
249 2155 77 50 day
356 2154 91 42 that
475 2155 69 41 the
572 2155 189 42 Turkish
790 2157 153 49 empire
973 2158 139 41 ceased
1142 2167 42 32 to
1215 2157 47 42 be
1292 2159 126 40 identi-

66 2211 79 42 fied
173 2213 104 41 with
306 2214 50 40 its
384 2215 228 40 autocratic
639 2214 148 42 Sultan
816 2216 32 40 it
875 2216 140 40 cbased
1044 2228 42 29 to
1114 2216 49 41 be
1343 2216 95 42 Sick

68 2270 110 42 Man
207 2271 44 41 of
549 2272 111 42 New
686 2272 106 51 hope
818 2274 68 40 for
913 2274 69 41 the
1009 2275 159 49 patient
1194 2274 82 42 had
1306 2275 131 41 arisen

66 2329 42 40 in
141 2329 68 41 the
239 2330 158 51 Young
427 2329 126 42 Turk
584 2331 184 52 military
800 2341 132 42 party.
994 2332 99 41 And
1128 2332 55 42 all
1217 2334 220 49 European

66 2399 291 39 governments
392 2390 162 40 arrived
589 2399 41 31 at
663 2389 68 42 the
764 2405 127 27 scene.
954 2389 123 53 They
1111 2390 78 42 felt
1222 2391 69 41 the
1323 2391 115 50 pulse

65 2446 44 40 of
134 2446 68 42 the
225 2448 158 48 patient
407 2448 81 41 and
513 2448 320 52 acknowledged
858 2449 150 51 openly
1030 2466 48 25 or
1102 2450 183 51 secretly,

66 2503 114 42 there
210 2505 30 41 is
270 2521 23 25 a
572 2504 97 44 The
698 2507 188 41 Turkish
918 2508 396 43 reformersthose
1342 2510 95 42 who

65 2561 81 43 had
179 2562 180 53 brought
392 2564 125 42 about
549 2564 80 42 this
660 2581 94 27 new
784 2576 105 31 state
919 2566 44 41 of
997 2566 322 43 affairsknew
1350 2568 87 41 best

66 2621 138 45 where
237 2622 106 41 their
377 2623 171 41 chances
580 2623 66 51 lay
679 2624 40 40 in
753 2625 121 50 using
905 2624 108 41 their
1044 2625 137 51 newly
1213 2627 224 50 organized

60 2679 234 42 militarism
314 2682 159 50 against
493 2681 68 41 the
580 2698 143 35 enemy
741 2683 128 41 inside
888 2682 44 42 of
952 2682 108 42 their
1077 2699 96 26 own
1193 2684 246 43 boundaries

66 2747 41 31 to
136 2738 105 51 fight
269 2755 22 25 a
319 2739 68 51 big
414 2739 105 52 fight
548 2740 68 41 for
644 2741 102 41 civic
774 2741 272 41 reformation
1076 2742 281 50 unhampered
1387 2743 52 52 by

65 2795 161 53 foreign
249 2797 160 51 politics
434 2799 80 40 and
538 2798 340 51 entanglements.

123 2855 139 41 Enver
291 2856 71 41 has
390 2872 77 26 one
497 2872 161 27 answer
688 2867 41 31 to
759 2874 120 35 every
909 2859 186 49 question
1126 2860 80 40 and
1236 2875 78 26 one
1343 2876 71 25 con-

64 2913 175 42 solation
272 2914 68 41 for
369 2931 99 25 even
501 2916 68 40 the
599 2926 107 31 most
738 2916 190 41 intricate
959 2917 184 51 military
1173 2933 49 26 or
1252 2917 185 51 political

63 2972 209 42 situation.
633 2974 82 51 (As
743 2973 98 43 God
867 2974 155 51 wills).
1077 2975 110 42 This
1213 2976 31 41 is
1272 2976 68 42 the
1367 2992 48 26 an-

63 3046 106 26 swer
199 3030 49 42 he
279 3031 230 52 invariably
538 3048 101 35 gave
671 3042 41 32 at
743 3032 99 52 long
872 3044 239 40 arguments
1140 3044 43 31 at
1213 3034 69 42 the
1312 3050 124 36 green

64 3088 110 42 table
206 3090 41 40 in
283 3089 359 52 Constantinople.
705 3090 108 42 This
846 3092 31 41 is
908 3091 115 42 what
1056 3091 51 42 he
1138 3109 211 26 murmurs
1381 3109 55 26 on

62 3147 71 42 the
157 3148 228 42 battlefield
411 3149 221 41 whenever
657 3149 49 41 he
734 3149 169 41 realizes
929 3150 69 41 the
1023 3151 247 52 superiority
1295 3151 45 41 of
1368 3152 69 42 the

63 3221 144 36 enemy
240 3208 40 40 in
314 3208 238 49 equipment
585 3208 81 41 and
701 3208 206 42 numbers.
968 3208 101 42 And
1103 3210 153 50 to-day,
1293 3210 33 41 if
1357 3226 79 25 one

62 3263 81 43 had
175 3281 22 24 a
228 3265 151 42 chance
410 3276 41 31 to
482 3276 76 40 put
588 3266 69 41 the
688 3267 187 49 question
907 3267 141 42 before
1079 3267 97 50 him,
1210 3268 50 41 he
1291 3268 143 42 would

61 3322 128 52 shrug
217 3323 61 42 his
306 3324 215 42 shoulders
550 3325 80 41 and
660 3340 69 36 say

117 3380 97 43 The
251 3382 82 42 late
355 3382 327 42 Abdul-Hamid
720 3384 155 49 proved
912 3383 165 42 himself
1116 3394 41 32 to
1195 3384 49 43 be
1283 3401 22 26 a
1343 3395 93 32 true

61 3439 138 43 friend
228 3441 45 41 of
304 3440 216 53 Germany
548 3442 41 41 in
618 3443 190 50 winning
836 3458 130 26 access
996 3453 41 31 to
1068 3443 69 42 the
1166 3443 157 43 Orient
1352 3446 82 40 and

60 3498 41 41 in
122 3500 179 51 opening
320 3500 42 41 in
384 3500 69 41 the
475 3500 99 42 East
595 3500 44 42 of
663 3501 177 50 Europe,
864 3517 43 25 as
926 3501 99 42 well
1046 3517 42 26 as
1107 3502 44 41 in
1173 3502 70 42 the
1265 3501 167 51 Orient,

60 3556 69 52 big
159 3557 261 43 commercial
451 3569 171 32 centres.

115 3615 177 53 Turkey
317 3632 125 26 never
467 3616 123 43 could
617 3617 163 41 become
806 3617 69 42 the
901 3618 183 42 member
1108 3618 45 42 of
1180 3634 52 26 an
1260 3618 174 44 alliance

58 3673 136 43 which
216 3676 178 41 counted
417 3676 148 42 Russia
585 3691 153 36 among
759 3676 51 41 its
830 3676 212 42 members.
1093 3676 129 42 After
1243 3678 51 41 its
1314 3677 121 42 other

58 3731 179 44 schemes
265 3744 42 31 to
336 3744 68 41 get
433 3733 194 42 financial
656 3744 172 41 support
856 3734 82 42 had
967 3735 154 50 proved
1150 3736 283 42 unsuccessful

60 3789 69 43 the
160 3791 178 43 Russian
369 3802 273 42 government
673 3792 129 52 began
835 3803 43 31 to
908 3793 146 50 spread
1086 3794 52 42 its
1168 3804 90 32 nets
1290 3795 41 41 in
1364 3794 68 42 the

60 3848 192 52 Balkans,
273 3851 204 42 attracted
498 3850 99 42 both
616 3850 52 52 by
686 3850 195 43 financial
900 3851 82 42 and
1002 3852 209 42 economic
1231 3853 200 42 interests-

59 3907 79 43 She
160 3908 81 43 had
264 3909 98 51 only
384 3925 79 26 one
486 3925 187 27 resource
696 3909 92 43 that
811 3909 134 51 might
968 3909 104 43 have
1093 3909 174 44 enabled
1291 3910 75 43 her
1389 3921 43 33 to

1505 299 78 34 pay
1609 283 67 41 the
1701 283 161 51 foreign
1889 284 96 41 debt
2008 284 44 41 of
2078 285 142 51 nearly
2245 301 76 26 one
2347 285 190 42 hundred
2564 287 80 41 and
2671 286 205 52 sixty-five

1505 339 161 42 million
1689 340 154 42 dollars
1864 341 341 52 annually,the
2227 343 141 42 forced
2389 344 260 50 exportation
2671 344 45 42 of
2737 344 139 43 wheat

1505 413 53 25 on
1584 398 136 41 which
1745 398 73 42 her
1843 400 261 42 commercial
2129 400 170 42 balance
2324 402 223 50 depended.
2603 402 98 41 The
2726 403 129 50 princi-

1506 456 67 49 pal
1594 456 133 41 outlet
1750 457 67 40 for
1839 457 79 42 this
1939 474 86 25 was
2047 458 68 41 the
2138 459 129 40 Black
2291 459 75 42 Sea
2389 460 80 41 and
2492 460 69 41 the
2584 460 291 43 Dardanelles.

1504 513 98 42 The
1640 515 90 41 idea
1766 515 45 41 of
1850 515 68 41 the
1956 517 221 49 possession
2216 517 44 41 of
2300 517 327 51 Constaninople
2664 518 73 42 has
2774 518 101 42 been

1505 572 205 52 haunting
1737 572 68 42 the
1831 572 107 43 chief
1965 590 241 36 personages
2232 575 44 41 of
2304 575 68 41 the
2401 576 176 41 Russian
2604 587 274 40 government

1504 631 107 40 since
1635 631 98 41 time
1756 631 284 50 immemorial,
2065 632 159 51 though
2246 633 192 51 officially
2462 634 148 41 Russia
2633 634 241 49 abandoned

1504 687 74 42 her
1604 689 130 41 desire
1762 689 68 41 for
1857 689 346 52 Constantinople
2229 691 110 42 since
2363 692 174 42 Witte's
2564 692 141 42 dream
2732 692 45 42 of
2805 692 72 43 the

1504 757 196 40 conquest
1724 747 44 41 of
1792 747 176 51 Turkey
1992 764 86 26 was
2102 748 207 42 shattered
2337 760 41 30 to
2405 750 140 50 pieces.

1564 816 49 41 In
1645 816 68 41 the
1742 817 113 41 crisis
1885 817 180 51 through
2095 818 136 41 which
2261 817 175 53 Turkey
2466 819 72 42 has
2568 820 99 41 been
2698 822 175 49 passing,

1505 873 68 42 the
1601 873 148 42 Sultan
1778 876 70 40 did
1874 876 116 41 what
2017 876 61 41 his
2105 876 254 42 chancellors
2386 878 81 40 and
2495 877 61 41 his
2584 878 179 42 advisers
2791 879 64 41 dic-

1504 933 113 40 tated
1640 943 42 31 to
1705 932 97 42 him.
1854 933 88 41 But
1965 934 294 42 Enver-Pasha
2279 934 72 42 has
2373 935 100 41 been
2496 935 68 41 the
2586 951 109 26 man.
2735 936 141 42 Enver

1505 991 94 42 does
1626 1001 72 30 not
1723 992 101 41 wait
1851 991 67 41 for
1943 992 142 41 orders
2112 993 80 40 and
2219 992 50 41 he
2296 994 95 39 does
2417 1003 73 32 not
2516 994 70 41 ask
2613 993 67 42 for
2707 995 147 49 disposi-

1505 1049 99 41 tion.
1675 1049 139 41 Enver
1853 1050 95 41 does
1986 1049 139 52 things
2161 1050 126 42 while
2326 1051 69 41 the
2433 1051 138 41 others
2608 1052 119 41 make
2766 1052 110 42 their

1504 1106 255 42 conclusions
1789 1124 41 28 as
1858 1107 96 51 they
1980 1124 64 25 see
2072 1107 48 43 fit
2149 1109 80 41 and
2259 1118 65 32 act
2351 1124 111 35 upon
2492 1109 124 42 them.
2812 1135 17 21 *

1564 1172 96 45 The
1691 1176 170 41 fortune
1890 1176 43 41 of
1965 1193 90 25 war
2085 1177 71 41 has
2187 1178 179 41 hitherto
2398 1178 99 41 been
2528 1195 53 24 on
2614 1178 68 42 the
2712 1180 85 41 side
2826 1179 47 42 of

1502 1233 187 52 Turkey.
2074 1236 140 40 Enver
2241 1235 91 42 will
2359 1235 90 51 say!

2214 1303 140 43 Guido
2383 1304 144 42 Bruno

1502 1392 138 61 The
1666 1393 314 73 Explorer

1505 1492 20 39 I
1559 1490 103 41 have
1691 1491 194 50 explored
1914 1491 69 42 the
2011 1502 222 32 uttermost
2260 1503 114 41 parts
2402 1493 45 42 of
2477 1493 70 43 the
2574 1494 117 42 earth
2721 1496 82 42 and
2833 1496 44 43 in

1590 1549 157 41 distant
1770 1549 130 50 lands,

1505 1607 124 41 Have
1651 1623 92 26 seen
1765 1618 125 41 many
1911 1618 167 42 strange
2101 1609 81 42 and
2206 1611 164 41 curious
2393 1611 139 51 things

1504 1665 85 41 Yet
1611 1666 42 40 in
1675 1682 69 35 my
1767 1666 164 49 travels,

1504 1723 123 42 Have
1653 1724 18 41 I
1698 1740 125 26 never
1846 1727 289 48 encountered,

1501 1781 42 42 A
1565 1781 120 52 thing
1705 1783 351 43 one-thousandth
2078 1794 95 41 part
2196 1801 42 25 as
2259 1795 167 42 strange

1503 1840 60 41 As
1587 1840 68 42 the
1678 1841 117 41 heart
1817 1842 44 40 of
1885 1858 178 25 woman.

2331 1925 107 42 Tom
2467 1925 177 52 Sleeper.

2370 3882 293 38 JVNE-JVLY
2705 3881 117 39 1916

1568 3883 283 37 ELEVENTH
1889 3882 300 38 EXHIBITION
