3065 4361
1286 205 241 34 BRUNO'S
1604 203 252 36 WEEKLY

172 218 71 36 820

880 297 138 59 The
1045 295 171 59 True
1243 292 194 71 Story
1463 290 67 73 of
1867 290 134 73 Kidd

167 385 16 16 r
183 386 49 47 T
233 385 7 16 I
261 385 84 40 HE
378 395 91 31 true
498 393 113 41 story
639 383 45 42 of
716 383 179 50 Captain
927 382 115 41 Kidd
1073 395 145 36 proves
1248 379 69 42 the
1347 392 196 36 accuracy

316 443 44 41 of
391 443 68 41 the
487 442 70 41 old
586 442 143 50 saying
757 441 91 41 that
1053 438 90 42 will
1171 447 75 32 out
1274 438 41 40 in
1346 436 69 42 the
1444 435 100 50 long

351 502 100 40 Few
477 516 92 25 men
597 500 102 41 have
726 499 99 41 been
853 499 119 51 given
1000 513 23 26 a
1049 512 113 26 more
1188 496 164 42 sinister
1379 504 139 40 reputa-

169 562 89 40 tion
282 560 99 41 than
407 558 180 51 Captain
610 557 196 43 William
830 557 127 48 Kidd,
983 565 152 32 master
1158 555 182 41 mariner
1361 553 45 41 of
1432 552 111 41 New

166 618 135 48 York,
336 619 336 49 privateersman,
674 616 140 41 —and
1121 613 97 48 Yet,
1254 612 44 41 of
1333 611 69 41 the
1435 619 106 33 most

163 677 257 51 sanguinary
463 690 224 27 sea-rovers
732 674 44 41 of
821 673 68 41 the
933 671 264 43 seventeenth
1242 680 183 40 century,
1473 668 68 42 the

167 735 215 42 character
401 734 44 41 of
467 734 80 40 this
567 733 112 50 early
701 732 111 41 New
830 732 120 40 York
969 745 164 27 seaman
1154 728 72 43 has
1247 729 100 41 been
1367 727 175 51 entirely

165 793 166 42 cleared
378 792 180 51 through
604 791 68 41 the
719 800 137 32 recent
900 790 211 49 discovery
1155 787 44 41 of
1246 788 296 48 documentary

165 852 209 42 evidence.

229 910 149 50 Henry
408 909 203 50 Morgan,
642 907 224 48 Lollonois,
899 906 67 41 De
995 905 266 47 Grammoftt,
1294 903 80 42 and
1404 901 138 42 others

165 984 75 26 are
264 969 154 40 known
444 978 41 30 to
512 982 46 26 us
584 981 42 26 as
651 966 212 40 notorious
889 965 162 49 pirates.
1108 963 86 41 But
1219 976 114 27 more
1360 960 183 42 familiar

169 1026 102 42 than
294 1042 78 35 any
393 1025 44 41 of
460 1025 111 41 them
593 1025 32 41 is
647 1024 180 50 Captain
849 1021 195 44 William
1067 1021 128 49 Kidd,
1220 1020 160 41 around
1402 1018 140 42 whom

168 1100 126 35 many
317 1100 22 25 a
362 1084 138 41 ballad
525 1084 80 40 and
628 1098 66 26 sea
717 1082 181 50 chaunty
920 1080 71 41 has
1014 1080 99 40 been
1137 1079 170 42 written
1333 1077 80 42 and
1437 1092 106 35 sung

166 1159 57 26 on
251 1143 118 41 shore
396 1143 81 40 and
503 1157 54 26 on
586 1140 216 42 forecastle
828 1140 117 40 head.
1006 1139 48 40 In
1082 1152 103 36 song
1211 1138 81 40 and
1320 1147 112 40 story
1460 1136 81 40 and

169 1202 202 41 tradition
395 1200 50 42 he
470 1200 71 41 has
567 1199 153 50 always
744 1198 100 41 been
870 1196 259 51 represented
1156 1211 42 26 as
1223 1211 23 25 a
1270 1204 106 32 most
1402 1193 119 42 blood-

167 1260 154 51 thirsty
351 1274 175 33 seaman,
557 1257 201 51 scuttling
786 1255 215 43 merchant
1030 1254 160 49 vessels,
1223 1253 164 51 leaving
1416 1261 73 32 not
1522 1268 23 25 a

165 1318 96 42 soul
287 1317 45 42 of
359 1317 108 42 their
492 1332 128 26 crews
647 1326 42 31 to
717 1314 74 42 tell
819 1330 79 36 any
925 1314 114 48 tales,
1068 1313 81 41 and
1176 1312 146 50 hiding
1348 1312 197 40 immense

169 1377 153 41 hoards
357 1375 44 42 of
437 1385 195 38 treasure,
670 1374 68 41 for
770 1372 138 43 which
943 1387 93 26 men
1072 1370 141 43 search
1248 1385 100 26 even
1385 1379 42 31 at
1463 1368 80 42 this

168 1444 166 41 present
362 1435 90 50 day.
510 1434 96 47 But,
635 1432 69 42 the
731 1430 137 44 actual
891 1430 109 42 facts
1025 1429 44 42 of
1098 1430 61 41 his
1185 1444 89 26 case
1300 1427 137 42 reveal
1465 1427 80 41 this

171 1493 113 42 New
303 1493 167 41 Yorker
489 1501 42 32 to
552 1491 103 42 have
675 1491 100 40 been
798 1506 22 25 a
840 1499 106 32 most
967 1488 177 41 misused
1167 1487 81 42 and
1270 1486 276 42 unfortunate

168 1567 112 33 man,
304 1550 95 43 who
422 1566 85 26 was
529 1549 193 52 betrayed
746 1559 42 30 to
812 1548 68 41 the
904 1547 173 52 gallows
1101 1545 181 51 through
1307 1544 68 42 the
1397 1543 148 42 silence

169 1611 47 41 of
243 1609 150 42 others.

233 1668 51 41 In
315 1668 68 40 the
414 1667 112 51 early
556 1667 118 40 times
705 1665 43 42 of
781 1665 68 40 the
881 1663 173 52 English
1086 1662 243 50 occupation
1359 1660 45 41 of
1437 1660 110 41 New

170 1727 134 48 York,
340 1726 68 41 the
439 1725 191 51 shipping
661 1740 87 26 was
779 1723 148 41 almost
960 1732 42 32 at
1035 1738 22 25 a
1089 1719 211 43 standstill
1329 1719 143 51 owing
1503 1728 42 31 to

169 1785 73 42 the
271 1785 244 41 buccaneers
544 1783 252 50 plundering
824 1781 69 41 the
920 1780 148 42 vessels
1096 1779 45 42 of
1170 1778 58 42 all
1257 1778 175 42 nations.
1494 1776 52 42 So

169 1844 154 50 daring
352 1858 111 26 were
493 1842 107 51 they,
635 1841 91 41 that
756 1840 95 51 they
882 1855 100 26 even
1012 1838 192 50 swooped
1236 1837 125 41 down
1391 1851 54 26 on
1477 1834 69 41 the

171 1902 149 41 vessels
352 1902 41 40 in
426 1900 68 42 the
525 1899 164 49 harbor,
723 1899 81 41 and
835 1908 71 31 cut
937 1897 112 41 them
1080 1906 75 31 out
1185 1895 134 42 under
1349 1893 69 42 the
1447 1909 100 34 very

168 1976 93 36 eyes
287 1959 44 42 of
359 1959 68 42 the
454 1959 223 42 Governor
704 1958 81 40 and
812 1956 70 41 the
908 1954 240 48 townsfolk,
1176 1954 96 41 who
1298 1968 109 27 were
1435 1951 90 50 help-

172 2018 78 42 less
278 2019 141 50 owing
449 2028 41 30 to
521 2016 57 42 all
607 2016 70 41 the
705 2015 268 41 men-of-war
1002 2013 97 42 then
1129 2013 123 50 being
1279 2011 99 42 used
1408 2011 41 40 in
1479 2010 46 41 de-

169 2077 117 42 fense
310 2076 44 41 of
381 2074 230 53 England's
634 2074 121 42 home
777 2083 152 33 waters
953 2072 160 51 against
1138 2070 69 42 the
1234 2069 173 41 French.

231 2135 114 41 Lord
385 2133 280 49 Bellamount,
704 2132 68 41 the
809 2131 235 49 Governor,
1082 2128 221 50 therefore,
1341 2128 42 40 in
1425 2124 119 51 1695,

169 2193 194 52 together
391 2192 105 42 with
527 2191 151 48 others,
712 2190 215 50 including
957 2189 116 50 King
1102 2186 196 44 William
1328 2185 142 41 Third
1501 2184 45 42 of

172 2251 209 52 England,
412 2251 70 41 the
510 2250 113 41 Lord
653 2247 264 49 Chancellor,
948 2247 80 41 and
1058 2246 114 42 Lord
1202 2246 200 49 Romney,
1431 2243 93 41 char-

168 2311 118 42 tered
310 2326 22 25 a
353 2308 140 50 vessel,
518 2309 70 41 the
607 2307 247 42 Adventure
877 2305 165 51 Galley,
1068 2303 270 42 commanded
1362 2302 52 52 by
1438 2301 82 50 Cap-

168 2371 90 40 tain
285 2369 129 49 Kidd,
441 2378 42 31 to
509 2367 172 50 proceed
708 2366 160 51 against
893 2364 69 41 the
987 2364 164 50 pirates.
1208 2361 116 42 Kidd
1349 2360 83 42 had
1458 2375 67 35 pre-

169 2427 163 51 viously
372 2425 271 42 commanded
684 2440 22 25 a
746 2423 176 41 licensed
963 2421 145 52 packet
1147 2420 149 51 sailing
1337 2418 210 52 regularly

169 2486 188 42 between
383 2485 177 41 London
586 2484 80 40 and
693 2483 111 41 New
826 2481 131 41 York-
1013 2480 71 41 He
1107 2494 86 27 was
1218 2494 23 26 a
1264 2493 97 26 man
1385 2476 45 42 of
1454 2476 70 42 sub-

172 2555 150 37 stance,
359 2544 81 40 had
475 2552 143 42 gotten
652 2540 165 42 himself
852 2539 115 42 three
1001 2538 114 51 large
1148 2535 160 50 vessels,
1345 2535 82 42 and
1460 2549 87 28 was

169 2601 229 44 accounted
423 2602 52 50 by
499 2600 57 43 all
581 2616 42 25 as
646 2616 22 25 a
693 2597 287 51 trustworthy,
1008 2595 267 51 fair-dealing
1299 2610 109 26 man.
1467 2593 81 41 His

171 2664 123 40 home
328 2662 41 40 in
407 2658 122 43 Pearl
564 2658 135 42 Street
732 2672 87 27 was
852 2672 77 26 one
962 2655 44 42 of
1042 2655 69 41 the
1146 2664 107 31 most
1287 2651 260 51 luxuriously

173 2719 216 43 furnished
416 2719 41 40 in
485 2718 111 41 New
619 2716 131 48 York,
779 2716 80 41 and
886 2714 166 41 boasted
1079 2713 43 41 of
1150 2712 68 42 the
1243 2711 90 41 first
1358 2706 190 45 Turkish

169 2788 144 40 carpet
342 2776 181 52 brought
552 2791 133 26 across
713 2774 69 41 the
809 2773 204 42 Atlantic.

230 2836 193 42 Toward
456 2835 68 41 the
557 2835 78 40 end
667 2833 44 41 of
743 2831 136 51 April,
919 2829 118 50 1695,
1073 2830 110 48 then,
1218 2828 181 50 Captain
1432 2827 116 41 Kidd

171 2895 130 42 sailed
338 2904 73 32 out
447 2893 44 42 of
530 2891 239 53 Plymouth,
809 2889 209 52 England,
1056 2898 42 32 to
1135 2888 139 41 cruize
1310 2886 134 42 under
1481 2884 68 42 the

172 2953 150 52 King's
347 2952 258 42 commission
631 2951 67 40 for
721 2949 69 42 the
814 2948 254 43 destruction
1092 2946 44 42 of
1160 2947 152 49 pirates
1336 2945 41 41 in
1401 2944 120 41 Amer-

172 3013 92 41 ican
288 3022 164 31 waters.
510 3010 84 41 For
618 3025 22 25 a
666 3010 98 40 time
789 3008 49 40 he
863 3006 98 42 took
985 3021 124 36 many
1134 3006 145 49 prizes,
1307 3004 94 49 and,
1429 3018 42 26 as
1498 3017 49 26 an

171 3069 236 44 additional
430 3069 162 42 reward
614 3067 45 42 of
682 3067 61 41 his
766 3076 219 32 strenuous
1008 3065 135 41 action
1167 3064 42 41 in
1233 3062 169 51 putting
1425 3061 125 42 down

172 3130 72 42 the
277 3143 236 32 sea-rovers,
547 3142 86 26 was
665 3125 123 42 voted
823 3124 70 42 the
924 3139 91 26 sum
1047 3122 44 43 of
1125 3132 84 32 two
1242 3120 192 42 hundred
1468 3119 81 42 and

173 3187 97 52 fifty
304 3187 161 51 pounds
498 3184 174 52 sterling
706 3184 51 50 by
792 3182 69 42 the
896 3180 272 53 Legislature.
1232 3179 97 41 The
1364 3179 160 41 commis-

171 3248 92 41 sion
294 3245 177 52 granted
504 3244 86 41 him
623 3243 52 50 by
706 3241 197 43 William
935 3239 142 42 Third
1110 3237 244 44 authorized
1388 3236 86 42 him
1507 3246 43 31 to

171 3315 174 41 capture
379 3302 161 43 French
574 3302 81 41 and
688 3300 121 42 other
839 3299 147 42 vessels
1020 3297 44 42 of
1099 3295 230 53 England's
1361 3295 188 42 enemies.

175 3365 85 41 For
282 3363 69 42 the
374 3371 163 42 greater
558 3370 93 41 part
673 3359 46 42 of
747 3359 120 49 1698,
892 3357 194 42 however
1106 3356 50 42 he
1180 3354 167 43 cruized
1370 3353 182 43 without

170 3420 175 53 making
364 3420 57 42 all
439 3420 146 51 prizes,
607 3418 82 42 and
709 3417 62 42 his
792 3432 110 27 crew
921 3414 165 43 became
1106 3413 173 43 restless.
1330 3412 73 43 On
1423 3411 108 52 sight-

175 3481 73 51 ing
280 3496 23 25 a
336 3478 146 43 Dutch
514 3478 102 50 ship,
651 3476 69 42 the
1206 3471 96 52 they
1332 3470 217 49 mutinied,

173 3539 85 43 and
292 3537 151 53 sought
476 3547 42 32 to
553 3536 95 42 take
679 3535 87 42 her.
831 3534 86 42 But
950 3532 116 42 Kidd
1101 3530 165 44 refused
1300 3540 43 32 to
1376 3544 52 37 go
1461 3529 89 42 into

173 3598 154 49 action,
365 3596 81 42 and
485 3596 42 41 in
565 3594 70 42 the
670 3592 168 53 quarrel
873 3591 106 43 with
1016 3591 69 41 the
1121 3587 239 45 mutineers'
1398 3587 152 48 leader,

174 3657 170 47 Moore,
369 3655 69 42 the
459 3669 173 37 gunner,
656 3652 70 41 the
748 3651 163 51 captain
934 3649 141 43 struck
1097 3648 86 42 him
1206 3648 41 41 in
1269 3646 281 49 self-defence,

172 3730 47 28 so
244 3714 94 43 that
360 3714 50 42 he
435 3713 94 42 died
555 3712 69 42 the
649 3720 99 33 next
773 3709 92 52 day.

234 3783 170 53 Shortly
430 3782 110 44 after
565 3781 82 43 this
673 3780 133 52 tragic
830 3779 174 50 episode,
1030 3777 124 43 when
1182 3775 69 44 the

382 3857 88 28 was
491 3840 61 44 off
576 3838 219 45 Montauk
819 3838 140 49 Point,
985 3836 123 52 Long
1133 3834 156 51 Isalnd,
1313 3834 72 43 she
1408 3832 78 45 fell
1510 3833 44 43 in

174 3902 106 44 with
301 3902 70 42 the
393 3899 162 43 French
576 3897 329 50 merchantman,
926 3895 70 43 the

174 3979 26 26 a
220 3961 129 43 vessel
371 3960 148 43 owned
543 3958 52 51 by
616 3956 204 44 Irishmen
842 3954 149 44 settled
1014 3953 42 43 in
1082 3952 233 50 Bordeaux,
1340 3952 81 42 and
1446 3951 109 42 after

1608 390 22 25 a
1674 373 120 41 fierce
1838 369 304 43 hand-to-hand
2188 366 117 52 fight,
2350 364 70 42 she
2464 378 87 27 was
2594 360 211 52 captured.
2883 358 94 41 Her

1607 442 181 31 treasure
1816 430 80 41 and
1924 443 134 35 cargo,
2088 425 180 51 Captain
2296 423 115 42 Kidd
2439 419 254 44 transferred
2722 428 42 31 to
2791 417 62 42 his
2878 431 98 27 own

1604 489 141 49 vessel,
1776 489 79 40 and
1885 487 97 41 then
2010 485 49 42 he
2085 484 127 42 sailed
2242 483 67 41 for
2337 478 247 45 Gardiner's
2613 477 155 48 Island,
2798 474 178 43 situated

1608 558 41 31 at
1684 547 68 41 the
1787 555 193 32 entrance
2013 543 45 42 of
2093 542 70 42 the
2195 541 112 42 sheet
2340 539 44 42 of
2419 548 133 33 water
2584 535 236 51 separating
2855 534 122 49 Long

1608 605 140 42 Island
1779 605 109 40 from
1918 602 69 42 the
2014 600 227 43 mainland.
2302 598 115 41 Here
2445 597 50 41 he
2524 595 143 42 buried
2697 602 109 33 most
2832 592 45 41 of
2908 590 69 42 the

1607 674 182 31 treasure
1815 661 137 43 which
1980 675 87 27 was
2094 659 61 41 his
2183 658 178 50 portion.

1662 721 156 48 When,
1844 720 204 46 however,
2076 717 50 42 he
2149 726 75 41 put
2250 716 86 40 into
2364 714 155 41 Boston
2545 727 110 26 some
2680 708 166 44 months
2871 707 107 42 later

1606 791 42 30 to
1673 779 105 48 refit,
1803 778 69 41 the
1895 778 271 50 magistrates,
2192 785 42 30 to
2258 788 115 27 serve
2396 771 108 41 their
2526 785 96 27 own
2647 769 112 49 ends,
2785 765 192 44 detained

1606 839 85 40 him
1719 852 53 26 on
1802 836 69 41 the
1900 835 202 50 suspicion
2131 832 44 43 of
2203 832 154 50 having
2385 828 198 43 exceeded
2613 827 62 41 his
2704 824 271 43 commission.

1608 896 90 41 Not
1719 894 98 52 only
1839 894 70 42 did
1932 893 95 50 they
2048 892 94 41 take
2163 891 111 41 from
2295 889 86 41 him
2403 887 62 42 his
2486 886 124 50 ship's
2631 899 155 37 papers,
2811 884 75 40 but
2908 881 69 42 the

1607 953 137 42 actual
1768 952 257 41 commission
2050 949 111 42 itself
2186 946 175 54 granted
2385 945 85 42 him
2495 945 52 51 by
2572 944 115 51 King
2709 941 209 44 William.

1665 1011 181 51 Captain
1869 1009 114 42 Kidd
2009 1019 41 31 at
2071 1023 100 26 once
2195 1004 194 53 appealed
2414 1014 42 32 to
2482 1003 113 41 Lord
2620 1000 268 43 Bellamount
2912 997 68 42 for

1609 1070 240 50 protection,
1891 1084 52 25 on
1984 1067 69 41 the
2091 1065 183 52 grounds
2313 1063 91 42 that
2443 1061 69 42 the
2551 1060 223 44 Governor
2812 1056 166 42 himself

1608 1130 122 40 knew
1757 1128 61 40 his
1847 1126 223 50 enterprise
2098 1140 85 26 was
2213 1122 242 42 authorized
2486 1120 93 49 and,
2610 1129 81 38 too,
2721 1117 82 41 had
2832 1115 146 43 shared

1606 1188 42 40 in
1667 1187 69 41 the
1755 1185 144 51 profits
1917 1184 44 42 of
1982 1185 44 40 it.
2077 1183 84 41 But
2181 1181 168 51 already
2367 1178 268 43 Bellamount
2654 1192 86 26 was
2761 1185 42 32 at
2822 1174 156 51 enmity

1606 1245 103 42 with
1736 1245 98 48 him,
1862 1244 140 50 owing
2028 1241 157 50 chiefly,
2215 1240 31 40 it
2273 1240 32 40 is
2330 1248 60 32 set
2418 1237 129 49 forth,
2575 1246 42 31 to
2645 1233 163 43 Kidd's.
2822 1231 156 43 refusal

1609 1303 66 42 for
1711 1319 22 25 a
1768 1302 301 50 readjustment
2103 1299 45 42 of
2184 1298 69 42 the
2288 1297 174 41 division
2497 1294 44 42 of
2576 1294 70 41 the
2679 1292 124 52 spoils
2836 1291 143 51 giving

1609 1362 68 41 the
1705 1360 223 43 Governor
1954 1375 22 25 a
2002 1358 137 50 larger
2164 1356 130 42 share.
2354 1355 69 40 He
2452 1352 241 43 abandoned
2722 1351 68 41 the
2818 1349 162 51 captain

1610 1431 41 30 to
1675 1420 61 41 his
1761 1419 97 49 fate,
1884 1418 80 41 and
1990 1416 115 42 Kidd
2128 1430 86 27 was
2237 1424 89 32 sent
2350 1427 133 27 across
2507 1421 42 32 to
2575 1410 176 42 London
2777 1408 68 41 for
2869 1407 110 42 trial.

1663 1478 61 41 At
1745 1477 90 42 Old
1857 1475 154 51 Bailey,
2035 1475 190 47 London,
2248 1472 128 49 Kidd,
2399 1470 158 42 instead
2578 1468 45 42 of
2644 1468 123 51 being
2785 1464 192 53 charged,

1609 1553 40 25 as
1668 1536 50 41 he
1739 1535 205 50 expected,
1966 1533 104 42 with
2091 1533 153 49 having
2264 1529 198 44 exceeded
2483 1528 61 41 his
2564 1526 258 43 commission
2842 1523 138 43 which

1611 1595 69 40 the
1714 1594 246 50 production
1994 1592 44 41 of
2074 1591 61 41 his
2168 1589 123 50 ship's
2324 1603 144 36 papers
2502 1587 81 41 and
2618 1585 69 42 the
2721 1583 259 42 commission

1609 1653 109 41 from
1738 1652 69 41 the
1826 1652 116 50 King
1958 1646 143 47 wouTd
2120 1649 103 41 have
2242 1658 42 31 at
2302 1663 100 25 once
2420 1645 364 51 disproved—was
2803 1641 178 52 charged

1609 1711 105 43 with
1751 1711 69 41 the
1856 1709 122 42 death
2015 1708 43 42 of
2096 1707 181 43 Gunner
2313 1705 168 42 Moore.
2549 1702 97 43 One
2680 1701 45 42 of
2760 1700 63 42 his
2857 1714 122 33 crew,

1613 1769 178 49 Palmer,
1835 1768 96 42 who
1974 1766 81 42 had
2098 1766 114 42 sided
2255 1764 104 42 with
2404 1763 167 47 Moore,
2617 1776 101 36 gave
2761 1759 71 42 the
2874 1757 110 42 chief

1611 1828 204 42 evidence.

1667 1886 97 41 The
1787 1884 174 43 luckless
1985 1883 162 50 captain
2171 1881 82 42 had
2276 1881 76 41 but
2375 1879 109 43 little
2506 1893 148 36 money
2677 1877 42 40 in
2743 1875 111 42 hand
2878 1873 106 43 with

1610 1944 136 43 which
1785 1954 42 31 to
1866 1942 170 51 provide
2074 1941 174 50 lawyers
2286 1939 82 42 and
2406 1936 166 43 counsel
2610 1945 43 32 to
2692 1934 152 42 defend
2881 1933 100 41 him.

1612 2004 82 40 His
1714 2002 123 50 ship's
1859 2016 144 35 papers
2025 2000 81 41 and
2129 1997 271 48 commission,
2423 1995 136 43 which
2581 1993 143 43 would
2747 1992 104 42 have
2873 1991 94 42 testi-

1611 2062 80 41 fied
1724 2060 50 42 he
1807 2076 86 26 was
1927 2074 51 26 an
2014 2056 243 44 authorized
2291 2055 138 42 officer
2463 2052 276 51 maintaining
2772 2048 213 52 discipline

1612 2120 160 51 against
1800 2118 236 47 mutineers,
2069 2116 80 41 and
2180 2115 90 41 that
2299 2113 51 42 he
2377 2128 86 27 was
2492 2128 53 25 no
2575 2111 143 50 pirate,
2747 2124 111 28 were
2886 2104 96 45 held

1611 2178 102 41 back
1737 2177 51 51 by
1813 2176 68 42 the
1905 2175 254 43 authorities.
2216 2173 70 41 He
2309 2187 87 27 was
2420 2169 158 43 tricked
2603 2178 108 33 most
2734 2167 137 51 basely
2897 2166 87 41 into

1611 2236 149 42 silence
1783 2251 42 25 as
1849 2234 167 51 regards
2041 2233 113 41 Lord
2180 2230 279 47 Bellamount,
2486 2229 68 41 the
2580 2227 113 42 Lord
2720 2224 264 50 Chancellor,

1613 2295 94 48 and,
1734 2294 126 41 above
1885 2292 57 42 all
1965 2292 150 48 others,
2142 2306 41 25 as
2208 2300 42 31 to
2276 2289 69 41 the
2368 2287 148 51 King's
2542 2285 289 53 participation
2857 2284 42 40 in
2924 2283 63 41 his

1615 2352 246 51 enterprise;
1896 2351 50 41 he
1980 2366 86 26 was
2102 2349 132 41 found
2269 2347 156 52 guilty;
2461 2346 94 48 and,
2592 2343 158 42 instead
2784 2343 45 41 of
2865 2342 123 51 being

1619 2411 222 50 reprieved,
1869 2425 41 25 as
1934 2410 49 40 he
2008 2408 80 42 had
2114 2408 98 40 been
2239 2406 64 41 led
2328 2417 42 29 to
2396 2404 267 47 understand,
2691 2404 40 39 in
2758 2401 206 41 considera-

1615 2471 86 40 tion
1733 2469 45 41 of
1809 2468 61 41 his
1902 2467 149 42 silence
2082 2465 248 50 concerning
2361 2463 62 41 his
2453 2471 268 41 co-partners,
2754 2459 116 42 Kidd
2901 2474 86 26 was

1613 2528 161 51 hanged
1800 2528 41 40 in
1860 2526 146 41 chains
2029 2526 41 40 in
2100 2522 120 43 1701.

1674 2587 40 40 It
1748 2585 72 42 has
1854 2585 99 50 long
1987 2584 99 40 been
2122 2582 69 42 the
2223 2580 123 42 belief
2381 2580 91 41 that
2507 2578 115 42 Kidd
2657 2577 144 41 buried
2836 2574 149 43 untold

1597 2638 171 48 'wealth
1790 2644 40 40 in
1850 2643 166 41 various
2036 2641 133 50 places
2188 2656 53 25 on
2263 2639 121 51 Long
2405 2637 154 48 Island,
2584 2636 81 42 and
2685 2651 53 26 on
2761 2634 69 42 the
2851 2634 138 42 shores

1615 2704 43 40 of
1697 2702 131 42 South
1865 2699 212 43 Carolina.
2143 2698 125 42 With
2305 2697 69 41 the
2410 2695 212 51 exception
2655 2693 48 42 of
2740 2693 91 42 that
2867 2692 121 42 cache

1618 2762 132 41 found
1784 2761 41 40 in
1861 2758 177 43 "Kidd's
2326 2771 99 26 near
2459 2754 163 50 Cherry
2653 2752 117 42 Tree
2803 2751 184 48 Harbor,

1616 2818 247 44 Gardiner's
1891 2817 155 48 Island,
2078 2832 52 25 no
2158 2815 138 42 others
2324 2813 104 42 have
2455 2813 100 41 been
2585 2810 249 43 discovered.
2894 2808 97 43 Out

1615 2878 45 41 of
1683 2876 177 43 "Kidd's
2110 2889 86 27 was
2217 2872 122 42 lifted
2363 2881 92 42 part
2477 2871 45 42 of
2545 2871 69 41 the
2637 2868 208 52 Quedagh
2869 2867 92 43 Mer-

1616 2936 159 42 chant's
1801 2945 195 32 treasure.
2053 2931 64 44 Of
2143 2931 110 53 gold,
2281 2932 42 40 in
2348 2931 124 49 coins,
2498 2929 106 48 bars,
2632 2928 80 42 and
2740 2928 107 49 dust,
2876 2926 115 42 there

1617 3011 111 27 were
1757 2992 82 44 750
1867 3007 172 34 ounces;
2067 2991 45 41 of
2142 2990 135 49 silver,
2309 2987 105 51 560;
2444 2989 82 41 and
2554 2987 45 42 of
2628 2986 185 52 precious
2841 2995 154 38 stones,'

1618 3055 154 41 sixteen
1796 3067 162 26 ounces.
2014 3051 41 41 It
2079 3049 71 42 has
2173 3059 42 31 to
2240 3048 49 42 be
2312 3047 168 51 pointed
2504 3055 74 33 out
2602 3045 92 42 that
2717 3044 98 51 only
2840 3043 154 52 during

1618 3112 179 47 his'last,
1825 3110 182 41 ill-fated
2035 3109 138 40 cruize
2200 3107 70 42 did
2297 3106 51 42 he
2373 3105 77 42 fail
2475 3115 43 31 to
2545 3114 77 41 put
2646 3104 87 41 into
2762 3103 157 41 Boston
2944 3117 49 27 or

1620 3171 112 41 New
1764 3169 120 41 York
1918 3179 42 30 to
1996 3167 98 42 land
2129 3166 69 42 the
2230 3165 124 51 spoils
2389 3164 68 42 for
2489 3162 170 51 sharing
2691 3161 105 43 with
2830 3160 63 42 his
2926 3175 44 27 co-

1618 3239 200 40 partners.
1876 3226 114 42 Lord
2018 3224 268 43 Bellamount
2311 3239 87 26 saw
2425 3232 42 32 to
2494 3220 112 43 that!

1678 3288 57 41 N.
1764 3288 45 40 P.
1835 3286 86 40 Yet
1945 3285 49 41 he
2020 3285 31 41 it
2076 3299 85 27 was
2184 3282 96 43 who
2305 3292 90 32 sent
2420 3281 115 41 Kidd
2562 3290 42 31 to
2629 3281 71 39 the
2724 3279 186 50 gallows.

2325 3350 62 43 N.
2422 3351 224 41 Tourneur

1615 3428 204 32 Nocturne

1754 3483 98 42 The
1877 3481 246 52 pantaloons
2150 3495 70 27 are
2245 3479 190 52 dancing,

1755 3542 180 51 dancing
1959 3538 183 53 through
2166 3538 71 43 the
2261 3536 131 53 night,

1755 3615 103 37 pure
1879 3599 130 43 white
2030 3596 258 53 pantaloons,

1756 3656 260 45 underneath
2046 3655 71 43 the
2143 3670 138 34 moon,

1755 3732 55 27 on
1842 3733 23 25 a
1895 3715 106 53 jolly
2030 3713 115 44 wash
2176 3713 97 50 line,

1755 3775 193 52 skipping
1978 3773 111 42 from
2120 3788 70 36 my
2222 3787 128 33 room,

1756 3849 99 27 over
1879 3843 43 32 to
1948 3831 219 50 Miranda,

1756 3892 96 42 who
1877 3891 167 43 washed
2072 3888 112 44 them
2211 3888 82 43 this
2317 3903 122 26 noon.

2208 3947 155 49 Alfred
2385 3945 260 51 Kreymborg
