2636 3937
592 478 342 61 DEUX
977 483 426 64 OLAIRS
1456 486 154 58 DE
1654 487 334 58 LUNE

1273 606 23 54 I

479 725 31 47 «
551 715 76 52 La
656 716 132 55 lune
819 724 184 65 paraît
1044 722 247 53 derrière
1322 723 57 52 la
1413 728 300 66 montagne
1735 742 10 33 :
1789 739 239 40 courons
2058 727 122 53 voir

406 798 136 53 l'œil
570 799 77 53 du
667 802 88 52 lac
786 803 240 54 s'ouvrir
1064 822 131 37 sous
1224 823 65 36 sa
1318 807 189 52 clarté.

475 912 65 10 —
560 884 42 51 Il
632 885 97 70 n'y
758 904 32 35 a
811 889 155 67 point
989 890 70 52 de
1086 890 89 52 lac
1202 893 11 49 !
1239 890 272 54 mélîe-toi
1534 892 98 53 des
1647 893 142 70 jeux
1812 894 69 52 de
1905 894 190 54 l'astre
2128 903 53 46 et

410 967 76 52 du
522 968 329 56 brouillard.

479 1083 67 7 —
562 1054 169 66 Voyez
748 1057 204 71 l'angle
976 1059 69 52 de
1064 1076 94 37 ces
1185 1062 136 52 trois
1341 1061 194 53 arbres
1559 1078 131 55 gros
1709 1069 52 46 et
1776 1064 147 69 plats
1950 1082 73 36 au
2041 1066 139 53 bord

411 1137 68 52 de
509 1137 145 53 l'eau
675 1142 11 48 !
733 1139 63 54 Je
837 1158 150 37 veux
1030 1144 175 52 sentir
1246 1146 52 52 le
1340 1148 247 68 mystère
1625 1146 70 53 de
1733 1147 125 53 leur
1897 1150 278 71 feuillage.

407 1219 248 55 Gourons
678 1226 10 48 !

477 1336 63 8 —
571 1307 262 55 Méfie-toi
861 1311 68 52 de
957 1312 56 51 la
1034 1316 355 66 pneumonie.

475 1421 67 8 -—
573 1391 77 53 Ne
691 1410 420 39 sommes-nous
1149 1415 103 52 pas
1282 1398 100 54 des
1420 1402 217 68 anges?

481 1506 59 9 —
578 1475 102 54 Les
714 1495 172 56 anges
924 1481 188 53 volent
1144 1489 53 47 et
1233 1501 71 35 ne
1337 1490 231 47 courent
1590 1485 173 70 point.
1798 1499 31 44 »

1272 1598 56 52 II

478 1706 75 52 La
566 1709 292 71 concierge
876 1710 185 67 disait,
1080 1730 69 35 en
1165 1719 193 65 tapant
1372 1730 99 38 sur
1486 1733 63 35 sa
1564 1715 115 53 fille
1693 1733 355 53 paresseuse,
2071 1737 113 37 aux

408 1791 216 54 voisins
639 1809 178 37 venus
834 1810 146 54 pour
999 1796 56 53 la
1080 1796 264 55 défendre
1366 1819 9 30 :
1406 1812 31 45 ((
1458 1800 86 52 Ma
1570 1803 156 51 mère
1745 1803 177 70 tapait
1944 1821 97 36 sur
2069 1805 115 52 moi

412 1882 53 45 et
483 1875 61 67 je
569 1876 130 53 n'en
728 1879 118 52 suis
873 1897 103 52 pas
1004 1888 194 47 morte.
1230 1915 67 5 —
1325 1883 145 54 C'est
1499 1885 131 52 bien
1659 1887 324 72 dommage!
2017 1889 80 53 dit
2129 1890 56 52 la

408 1959 114 52 fille
552 1962 235 67 éplorée.
821 1995 68 6 —
920 1965 178 70 Voyez
1131 1983 216 37 comme
1375 1969 105 51 elle
1508 1977 85 45 est
1625 1973 10 49 !
1658 1970 57 69 je
1740 1973 380 69 t'apprendrai
2153 1976 33 50 à

409 2044 276 69 répondre
723 2048 189 67 quand
940 2066 70 35 on
1034 2057 54 46 te
1098 2050 127 54 .bat.
1257 2063 31 46 ))
1319 2052 75 52 Or
1414 2053 221 53 l'hélice
1654 2054 67 54 de
1749 2056 205 53 l'avion
1972 2059 214 69 croyait

411 2128 233 68 purifier
663 2130 54 51 le
747 2132 141 52 clair
917 2133 69 53 de
1003 2134 133 52 lune
1160 2152 69 36 en
1259 2136 252 54 abattant
1531 2138 157 53 mille
1715 2139 232 55 démons
1972 2142 69 53 de
2062 2143 124 52 l'air

408 2212 374 70 inspirateurs
801 2216 99 53 des
922 2218 227 67 péchés.

595 2347 157 55 LA
795 2349 496 60 GRANDE
1344 2353 650 68 POLITIQUE

477 2465 85 54 Un
600 2465 190 56 habile
824 2472 340 53 économiste
1197 2474 97 69 qui
1322 2492 34 35 a
1388 2477 140 53 écrit
1557 2478 287 70 plusieurs
1876 2480 172 55 livres
2088 2500 98 39 sur

407 2549 237 53 l'avenir
675 2552 99 53 des
799 2554 221 53 nations
1048 2557 96 70 n'y
1164 2559 292 70 prévoyait
1479 2577 103 52 pas
1609 2562 56 52 la
1690 2580 220 53 guerre.
1947 2566 83 53 Un
2060 2568 123 69 jour

406 2639 42 52 il
461 2637 81 53 dit
560 2638 32 52 à
612 2656 62 35 sa
686 2644 295 50 maîtresse
1006 2662 10 31 :
1044 2654 30 46 «
1096 2643 161 52 Tiens
1276 2647 10 48 !
1308 2646 53 52 le
1380 2648 289 52 monsieur
1691 2648 69 53 de
1782 2649 55 52 la
1858 2657 157 62 porte
2032 2660 153 45 verte

409 2731 85 47 est
526 2732 160 46 mort.
717 2737 33 44 »
787 2726 76 53 La
893 2731 292 49 maîtresse
1201 2727 120 71 finit
1351 2731 81 52 les
1473 2733 184 51 mains
1713 2750 98 35 sur
1848 2734 53 51 le
1939 2752 158 36 cœur
2133 2745 53 45 et

406 2816 243 45 mourut.
693 2808 65 52 M.
795 2809 186 65 Polad,
1016 2828 77 36 un
1107 2813 315 66 camarade,
1446 2816 80 51 lui
1544 2816 111 52 dit:
1681 2817 112 56 «Et
1818 2825 154 47 votre
1997 2821 189 53 amie?

405 2922 70 12 —•
504 2894 118 53 Elle
659 2901 82 46 est
777 2901 178 47 morte
978 2900 10 48 !
1018 2908 54 46 ».
1097 2897 65 52 M.
1190 2898 169 52 Polad
1382 2900 102 52 mit
1510 2898 56 54 la
1596 2907 111 47 tête
1999 2906 185 55 mains

407 2985 54 45 et
503 2977 193 53 devint
720 2978 109 55 fou.
854 2978 199 65 Quand
1072 2981 381 54 l'économiste
1472 2985 157 68 parle
1658 2985 69 53 de
1747 2995 141 43 cette
1910 2990 268 70 tragédie,

405 3079 100 36 son
546 3062 216 53 sourire
802 3065 135 52 tend
976 3065 33 52 à
1040 3066 140 53 faire
1214 3067 180 54 croire
1431 3068 133 70 qu'il
1599 3075 85 47 est
1721 3086 76 36 un
1836 3074 253 53 assassin
2131 3081 53 47 et

406 3164 112 38 non
564 3164 73 37 un
674 3147 278 55 imbécile.

1575 3312 142 54 MAX
1752 3314 207 54 JACOB
