2636 3937
1514 446 183 42 NOTES
1722 449 75 41 ET
1823 450 278 43 EXTRAITS

548 692 57 39 De
626 692 360 53 UIntra.nsigea.nt
1004 709 11 27 :

543 818 50 9 —
607 799 78 38 Les
708 799 147 50 jeunes
877 813 144 28 revues
1046 803 142 47 furent
1209 804 188 50 toujours
1425 808 56 38 les
1510 811 96 38 têtes
1630 811 58 38 du
1714 817 265 35 mouvement
2004 813 210 42 littéraire

452 866 115 39 Voici
585 869 120 48 qu'on
720 874 97 34 veut
844 870 223 40 dénaturer
1086 874 89 37 leur
1195 875 99 46 rôle,
1312 877 75 48 qui
1408 880 59 35 est
1490 878 50 38 de
1556 879 133 38 servir
1714 880 38 38 la
1767 882 137 48 poésie
1924 887 40 34 et
1982 883 57 39 les
2058 887 153 47 poètes,

444 941 39 33 et
498 949 57 38 qu
568 950 55 26 on
642 941 176 46 prétend
846 941 56 37 les
929 944 213 47 employer
1161 955 56 27 au
1241 946 151 39 service
1424 948 100 38 d'un
1552 949 158 38 certain
1736 957 265 34 mouvement
2195 977 16 8 -

444 1006 134 50 main,
601 1007 103 40 dont
732 1009 35 38 le
788 1010 96 48 chef
894 1015 59 34 est
968 1011 170 51 inculpé
1162 1012 306 54 d'intelligence
1491 1029 96 28 avec
1608 1019 210 39 l'ennemi.

445 1096 9 8 •
508 1096 8 8 ®
578 1098 8 8 •
649 1098 332 11 •*•••«
1046 1103 73 8 ••
1181 1103 9 9 m

1511 1106 497 16 *••••••#
2072 1115 8 7 «
2135 1113 10 10 #
2197 1114 11 10 •

639 1139 36 39 Il
694 1140 49 49 [le
760 1142 293 51 conférencier)
1069 1156 22 25 a
1104 1147 176 37 commis
1299 1148 69 37 des
1389 1159 162 27 erreurs
1572 1154 38 33 et
1634 1150 70 38 des
1728 1152 135 38 oublis
1879 1153 245 40 inattendus
2130 1184 7 8 .
2161 1157 53 36 Le

444 1209 137 47 Divan,
599 1209 74 49 qui
698 1210 151 39 honore
875 1224 77 27 nos
981 1218 143 44 morts,
1154 1216 94 38 s'est
1269 1229 55 25 vu
1350 1218 236 38 considérer
1607 1232 157 26 comme
1780 1233 82 26 une
1883 1226 180 35 revuette
2085 1226 108 48 négli-

441 1279 150 47 geable.
611 1280 76 39 Les
705 1291 142 28 revues
869 1283 105 37 d'art
995 1295 157 28 comme
1179 1287 57 37 La
1260 1288 235 48 Presqu'île,
1521 1290 78 46 Sic,
1623 1294 70 33 ont
1710 1292 61 36 été
1791 1291 25 38 à
1840 1293 123 46 peine
1985 1296 225 37 nommées.

539 1418 174 39 Ceux-là
734 1432 52 26 ne
802 1421 168 39 suivent
983 1435 75 37 pas
1082 1425 54 37 les
1162 1427 221 38 tendances
1404 1432 228 35 nettement
1654 1434 206 45 suspectes
1883 1432 123 38 d'une
2032 1435 180 38 certaine

440 1489 197 48 catégorie
656 1489 50 38 de
721 1501 156 37 revues,
893 1492 73 49 qui
992 1494 116 38 n'ont
1123 1507 143 27 aucun
1289 1496 112 40 droit
1416 1500 23 35 à
1455 1499 224 48 prétendre
1693 1502 257 47 représenter
1964 1506 117 35 notre
2100 1505 108 39 litté«

438 1562 141 35 rature
595 1580 49 7 —
666 1560 39 38 la
724 1560 229 40 littérature
970 1564 220 47 française.

536 1675 110 38 Nous
672 1684 178 40 pouvons
879 1682 190 43 regretter
1097 1692 53 26 un
1181 1692 77 39 peu
1289 1681 50 39 de
1369 1684 145 37 n'avoir
1546 1696 70 37 pas
1648 1684 63 38 été
1740 1687 96 37 cités
1865 1688 125 48 parmi
2015 1689 60 38 les
2103 1701 107 28 rares

437 1756 142 25 revues
611 1745 95 38 dont
736 1757 50 27 on
820 1759 22 24 a
865 1749 33 35 si
927 1748 240 47 légèrement
1197 1752 108 47 parlé
1336 1753 23 36 à
1387 1754 38 36 la
1455 1755 126 36 soirée
1618 1755 94 38 dont
1748 1757 25 36 Y
1776 1757 312 50 Intransigeant
2113 1762 97 37 rend

439 1818 170 45 compte,
630 1816 86 36 Non
737 1828 69 37 pas
830 1821 126 34 certes
980 1830 99 37 pour
1102 1820 38 36 la
1164 1821 169 38 reclame
1356 1823 146 48 qu'une
1531 1826 154 37 citation
1707 1830 95 45 peut
1827 1827 97 37 faire
1942 1841 8 34 j
1975 1831 97 36 mais
2092 1843 117 36 parce

440 1885 91 48 qu'il
547 1896 99 26 nous
663 1886 119 36 serait
799 1888 193 36 vraiment
1012 1901 74 36 peu
1102 1891 183 46 agréable
1307 1891 135 49 d'être,
1470 1906 68 35 par
1559 1895 221 48 confusion,
1803 1898 74 36 mis
1899 1898 53 37 du
1969 1900 129 36 même
2122 1901 86 38 côté

439 1958 39 33 et
498 1967 50 25 au
577 1956 127 38 même
726 1968 97 36 rang
853 1969 76 38 que
952 1971 66 24 ces
1040 1971 142 26 revues
1204 1960 96 39 dont
1325 1962 37 37 le
1383 1963 96 47 rôle,
1503 1964 37 38 le
1566 1965 71 37 but
1670 1969 39 35 et
1735 1965 149 50 l'esprit
1905 1968 49 40 de
1980 1980 97 28 ceux
2102 1972 67 50 qui

437 2024 241 39 collaborent
698 2037 97 27 nous
810 2031 90 36 sont
915 2029 32 37 si
970 2030 216 48 étrangers.

536 2097 54 36 De
610 2096 39 37 la
674 2096 139 39 Vérité
831 2109 10 26 :

535 2202 116 39 Nous
675 2215 128 27 avons
832 2206 61 37 été
919 2205 153 40 invités
1098 2209 24 37 à
1141 2220 105 28 nous
1275 2222 233 37 prononcer
1530 2217 140 35 contre
1696 2227 44 26 ce
1764 2217 75 49 qui
1859 2222 60 34 est
1945 2220 157 48 appelé,
2131 2232 77 38 par

437 2272 191 48 certains,
658 2273 38 39 la
713 2288 20 21 «
763 2274 230 40 littérature
1020 2278 154 38 cubiste
1197 2294 34 23 ».
1266 2281 213 50 Pourquoi
1508 2286 98 36 cette
1632 2286 106 38 mise
1764 2298 52 26 en
1846 2289 193 39 demeure
2055 2305 12 33 ;
2091 2295 39 34 et
2154 2304 53 27 ne

435 2343 341 39 conviendrait-il
797 2357 72 37 pas
892 2347 135 47 plutôt
1053 2349 49 37 de
1130 2349 142 40 laisser
1291 2362 84 27 une
1398 2352 229 41 littérature
1655 2355 73 49 qui
1751 2359 177 47 prétend
1949 2360 24 37 à
1998 2362 83 37 être
2105 2373 76 27 nou-

439 2410 76 39 elle
546 2413 245 48 manifester
826 2416 234 39 elle-même
1089 2420 146 47 qu'elle
1260 2423 57 35 est
1347 2422 167 48 capable
1533 2424 198 40 d'œuvres
1756 2427 201 40 viables...
1980 2440 54 27 ou
2063 2430 143 50 qu'elle

437 2482 149 37 durera
599 2495 41 26 ce
661 2495 78 38 que
752 2484 152 40 durent
923 2486 55 38 les
992 2499 111 27 roses
1120 2490 17 35 ?
1150 2489 117 39 Nous
1289 2502 52 27 ne
1352 2492 194 38 saurions
1569 2498 90 45 trop
1682 2495 69 48 ici,
1769 2498 54 37 où
1846 2498 34 38 la
1896 2499 131 38 vérité
2043 2501 163 48 inspire

433 2563 76 26 nos
531 2553 155 48 efforts,
714 2566 105 26 nous
845 2556 134 38 élever
1010 2562 139 34 contre
1179 2563 88 34 tout
1295 2561 283 40 misonéisme.
1599 2565 209 39 Personne
1834 2588 50 8 —
1907 2580 75 37 pas
2007 2573 133 36 même
2169 2573 36 37 la

437 2622 148 48 langue
610 2623 206 48 française
846 2625 74 49 qui
946 2638 51 25 en
1026 2639 24 24 a
1075 2639 58 26 vu
1161 2629 93 38 bien
1284 2630 181 39 d'autres
1486 2654 49 6 —
1555 2635 105 37 n'est
1691 2647 50 26 en
1766 2637 111 47 péril
1901 2650 124 37 parce
2047 2652 77 38 que
2156 2643 49 37 de

433 2692 209 38 nouvelles
658 2693 151 47 formes
824 2695 220 39 littéraires
1072 2709 106 27 nous
1200 2703 94 34 sont
1319 2703 231 46 proposées.
1572 2704 185 39 Tâchons
1776 2708 138 46 plutôt
1929 2721 23 24 a
1968 2709 126 49 juger
2109 2723 97 26 sans

432 2762 169 47 passion
615 2777 12 33 ;
647 2766 51 44 et,
722 2775 108 36 pour
851 2777 99 26 vous
974 2778 27 37 y
1024 2768 170 48 inviter,
1219 2781 107 28 nous
1350 2773 309 48 reproduisons,
1689 2775 58 38 du
1769 2777 169 38 dernier
1954 2782 176 36 numéro
2147 2783 59 37 du

432 2831 230 48 Nord-Sud,
694 2844 77 37 que
797 2834 80 37 l'on
904 2847 213 27 renomme
1134 2850 109 36 pour
1265 2840 177 49 l'organe
1470 2843 50 36 de
1545 2843 39 37 la
1615 2858 19 22 <t
1660 2844 229 41 littérature
1915 2849 158 38 cubiste
2099 2866 33 32 »,
2161 2863 43 27 ce

433 2901 156 46 poème,
611 2902 78 36 très
706 2902 173 47 discuté,
903 2905 50 37 de
969 2906 54 36 M.
1041 2905 240 42 Guillaume
1303 2910 263 49 Apollinaire
1583 2926 10 24 :

531 2970 146 37 Suivait
694 2984 7 24 :
722 2971 131 39 Océan
869 2974 50 37 de
941 2975 136 38 Terre.

536 3042 185 37 Serait-ce
750 3043 290 48 l'apaisement?
1057 3047 104 37 C'est
1187 3060 50 26 en
1263 3053 87 34 tout
1373 3062 67 26 cas
1467 3063 76 27 une
1564 3053 87 49 plus
1678 3055 116 37 noble
1820 3058 181 47 attitude,
2026 3063 39 33 et
2086 3063 118 46 qu'on

434 3110 103 36 avait
561 3122 69 37 pas
657 3111 211 40 l'habitude
896 3114 47 37 de
964 3116 167 48 prendre
1152 3118 22 36 à
1202 3123 113 34 notre
1343 3121 134 46 égard.
1503 3122 100 38 Mais
1629 3136 76 37 que
1729 3137 143 37 penser
1906 3127 48 37 de
1999 3140 101 27 ceux
2134 3134 67 47 qui

435 3180 153 37 avaient
602 3180 134 39 invité
760 3183 25 36 à
807 3195 42 25 se
863 3194 233 38 prononcer
1115 3191 138 34 contre

535 3250 93 40 Ceci
656 3262 99 26 nous
779 3257 60 32 est
866 3265 77 26 une
971 3258 179 35 occasion
1181 3258 47 37 de
1252 3262 155 35 revenir
1433 3273 69 25 sur
1524 3262 37 38 le
1590 3267 123 35 terme
1737 3278 17 22 «
1781 3267 149 37 cubiste
1958 3282 19 20 »
2002 3281 76 36 que
2100 3282 98 27 nous

435 3330 120 26 avons
581 3321 23 35 à
630 3330 127 28 aucun
783 3327 176 35 moment
982 3325 253 53 revendiqué#
1285 3330 30 36 Il
1336 3341 24 37 y
1378 3342 23 25 a
1433 3343 76 25 une
1536 3335 177 47 peinture
1735 3347 76 37 que
1835 3337 75 37 l'on
1933 3350 35 34 a,
2006 3351 49 24 en
2089 3342 106 45 effet.
