5407 7335
1213 1403 1449 278 Zeitfchrift
2808 1416 545 271 Der
3485 1420 920 277 Sturm

1435 1836 1014 115 Herausgeber;
2552 1846 852 97 HERWARTH
3504 1857 676 94 WALDEN

2337 2194 134 84 16.
2517 2190 471 117 jahrgang
3054 2204 218 84 1925

2158 2382 1297 99 Monatschrift

1999 2573 267 105 jedes
2331 2575 211 89 Heft
2610 2585 29 79 1
2705 2578 261 91 Mark
3026 2588 112 85 50
3189 2583 410 114 Pfennig

2149 2763 471 115 ]ahrgang
2705 2774 249 87 1925:
3032 2778 105 83 12
3184 2774 262 90 Mark

2151 2957 163 87 Ein
2371 2959 339 91 halbes
2766 2962 250 109 ]ahr:
3069 2969 51 88 8
3177 2966 266 91 Mark

2148 3150 161 87 Ein
2395 3150 579 114 Vierteljahr:
3062 3166 51 81 4
3179 3161 266 89 Mark

1189 3841 217 122 Die
1501 3848 701 152 Jahrgange
2300 3858 220 115 der
2615 3834 803 153 Zeitschrift
3506 3845 291 142 Der
3882 3845 504 145 Sturm

1186 4151 140 75 Die
1389 4153 430 79 Zeitschrift
1899 4161 198 75 Der
2171 4163 359 76 Sturm
2610 4170 273 73 wurde
2947 4178 107 66 im
3123 4171 225 90 ]ahre
3414 4178 185 71 1910
3670 4177 237 74 durch
3980 4178 408 75 Herwarth

1181 4305 338 76 Walden
1602 4310 126 75 als
1809 4314 606 81 Wochenschrift
2508 4322 469 92 begrundet.
3108 4326 134 74 Sie
3326 4329 273 73 wurde
3683 4344 270 76 spater
4037 4339 80 64 in
4205 4339 185 68 eine

1186 4459 533 78 Monatschrift
1772 4471 616 87 umgewandelt.
2488 4475 166 72 Nur
2705 4483 106 64 im
2866 4476 176 90 Jahr
3089 4483 181 69 1924
3325 4481 357 75 erschien
3736 4491 119 65 sie
3907 4483 124 75 als
4064 4485 321 73 VierteU

1181 4612 438 89 jahrschrift
1670 4625 139 66 mit
1865 4622 743 78 Monatsberichten.

1177 4859 176 74 Wer
1436 4864 160 73 sich
1684 4867 194 73 über
1961 4871 129 73 die
2173 4872 533 95 Entwicklung
2789 4879 143 73 der
3013 4896 422 75 gesamten
3528 4911 267 48 neuen
3880 4886 274 83 Kunst,
4242 4891 139 73 der

1177 5013 408 95 Dichtung,
1663 5020 141 74 der
1867 5023 353 83 Malerei,
2298 5027 141 74 der
2498 5028 307 92 piastik
2886 5035 523 75 unterrichten
3489 5038 178 82 will,
3744 5038 244 77 flndet
4068 5050 81 66 in
4224 5043 155 77 den

1177 5167 502 95 Jahrgangen
1733 5174 142 74 des
2344 5181 151 74 das
2547 5184 329 76 reichste
2930 5186 389 76 Material

1936 5501 323 89 Preise
2324 5506 162 73 der
2547 5507 442 77 fruheren
3055 5513 568 94 jahrgange:

2088 5663 65 66 1.
2158 5663 164 68 —4.
2376 5658 429 95 Jahrgang:
2857 5665 418 90 vergriffen

2085 5814 237 69 5.-7.
2373 5811 428 94 Jahrgang:
2855 5824 73 81 je
2982 5822 89 70 12
3125 5819 227 76 Mark

2083 5966 70 73 8.
2205 5965 429 93 Jahrgang:
2684 5970 425 89 vergriffen

2082 6119 284 73 9.—15.
2419 6117 430 95 Jahrgang:
2901 6131 73 81 je
3028 6129 88 68 12
3172 6126 225 74 Mark
