2509 3887
752 464 262 67 ROSE
1077 459 196 71 DES
1349 456 338 71 VENTS

295 829 82 45 On
394 827 197 46 étouffe
606 827 133 45 dans
755 823 54 46 la
830 822 247 47 chambre

297 948 238 44 Crois-tu

297 1069 82 43 Au
396 1065 105 45 loin
525 1065 34 44 il
582 1077 35 44 y
634 1076 33 32 a
687 1062 54 45 la
756 1074 126 43 gare
897 1062 89 55 qui
1006 1058 151 47 hurle

297 1188 49 53 je
370 1188 143 43 m'en
534 1185 120 45 irais
677 1184 32 43 à
725 1183 229 44 Toronto

311 1320 33 30 a
363 1306 139 44 brise
518 1302 190 46 souffle
728 1302 135 45 dans
878 1300 76 44 les
971 1300 214 45 rideaux

301 1428 82 43 On
402 1427 111 43 voit
530 1424 49 43 la
602 1433 113 34 mer
738 1422 273 44 au-dessus
1040 1420 92 46 des
1151 1419 128 45 toits

310 1641 71 45 Le
398 1638 145 45 train
560 1650 69 32 va
652 1636 166 55 partir
835 1636 119 42 tout
968 1634 36 43 à
1025 1631 194 46 l'heure

301 1756 252 55 l'horloge
576 1754 213 46 ralentit

305 1878 41 45 Il
366 1880 119 42 faut
502 1878 117 44 bien
635 1874 198 47 oublier
855 1874 47 43 le
925 1870 145 47 soleil
1092 1881 69 33 ou
1184 1869 51 44 la
1256 1869 140 54 pluie

306 1997 50 44 la
372 1996 202 45 fenêtre
597 1996 141 43 n'est
757 2005 97 43 pas
868 1992 200 43 fermée

303 2119 49 54 je
374 2116 273 56 prendrais
676 2125 91 33 ma
797 2121 170 36 canne
987 2111 56 43 et
1062 2120 126 33 mon
1218 2106 168 56 grand
1416 2105 258 44 manteau
1694 2101 121 45 vert

306 2236 41 44 Il
369 2236 149 56 neige
541 2245 184 34 encore
742 2233 34 43 à
795 2233 308 45 Vancouver

310 2450 106 45 J'ai
431 2449 95 44 ton
544 2445 146 47 billet
711 2445 56 45 et
785 2446 94 42 ton
903 2453 92 34 sac

310 2570 178 47 Laisse
507 2565 197 45 mourir
724 2575 128 34 ceux
868 2562 89 56 qui
986 2557 362 48 s'accrochent

310 2689 142 47 Nous
482 2684 311 48 doublerons
808 2681 50 46 le
878 2694 98 43 cap
995 2681 142 44 Horn

318 2806 255 47 l'horizon
591 2805 82 43 est
694 2800 240 48 invisible

314 2927 103 47 Nos
432 2937 138 45 yeux
586 2920 424 59 s'agrandissent

315 3048 78 46 La
408 3045 211 45 Grande
638 3045 141 48 Roue
794 3041 150 44 vient
965 3038 64 46 de
1044 3036 240 45 s'arrêter

1518 3208 93 25 mars
1633 3198 86 33 i9î8

1262 3437 312 49 PHILIPPE
1599 3431 349 50 SOUPAULT
