3020 4361
175 79 78 42 162

171 194 61 9 —
274 166 17 54 I
340 190 106 42 may
492 183 81 39 not
613 167 141 55 know
797 171 128 52 what
972 171 17 52 I
1025 193 77 32 am
1140 171 174 64 talking
1353 171 161 61 about,

164 233 85 54 but
270 233 15 54 I
307 232 141 56 know
469 236 127 52 what
616 235 17 52 1
657 258 95 30 see.
812 236 123 53 And
956 237 17 52 I
995 259 80 32 see
1099 260 28 31 a
1149 259 114 42 very
1286 237 232 55 excellent

164 302 201 52 number
399 301 52 53 of
484 301 151 65 plates
672 305 47 49 in
754 302 238 65 collotype
1028 319 46 38 at
1108 305 79 52 the
1221 303 95 54 end
1350 305 53 52 of
1425 306 91 52 this

166 367 115 53 little
305 367 192 53 volume
516 400 65 6 —
604 369 120 61 sixty
761 369 132 54 such.
944 369 146 64 They
1133 371 134 52 show
1290 372 149 51 views
1466 371 52 53 of

163 432 250 62 Stratford,
436 435 147 51 views
609 433 52 53 of
684 434 80 52 the
788 434 190 64 Myth's
1002 435 167 60 house,
1192 437 78 52 the
1295 437 223 53 chamber

163 500 48 51 in
228 499 159 52 which
408 499 80 53 the
514 499 144 63 Myth
691 522 99 32 was
826 500 136 61 born,
1001 501 80 53 the
1103 503 413 61 grammar-school

162 565 160 52 where
373 565 62 53 he
486 587 142 31 never
681 565 203 62 studied,
935 567 80 53 the
1067 567 150 54 house
1263 567 51 53 of
1364 570 152 52 Anne

164 630 291 63 Hathaway,
493 631 116 53 with
643 632 80 54 the
764 632 222 64 mythical
1030 632 99 55 bed
1163 634 271 53 mentioned
1469 637 48 51 in

160 696 80 53 the
299 696 190 63 Myth's
547 697 116 60 will,
718 721 28 29 a
802 700 192 62 portrait
1049 698 53 54 of
1157 700 82 52 the
1296 700 110 52 Earl
1465 701 52 52 of

162 763 344 64 Southampton
529 762 51 66 (a
601 786 130 32 mere
764 763 164 65 glance
952 778 50 40 at
1019 767 165 52 whose
1222 766 104 53 face
1350 788 164 32 causes

159 849 95 42 you
305 843 50 38 to
406 851 203 30 murmur
873 830 100 64 plot
1340 860 64 7 —
1423 833 94 52 and

159 895 113 53 then
307 895 82 53 the
422 896 293 64 catastrophe
820 896 102 54 four
942 900 213 61 portraits
1193 898 51 52 of
1268 899 79 52 the
1371 898 145 64 Myth

160 960 145 61 itself,
345 983 62 30 no
441 983 132 32 more
606 961 344 65 Shakespeare,
990 985 93 41 any
1127 987 93 29 one
1265 964 52 52 of
1363 964 146 61 them,

159 1027 112 54 than
305 1050 80 41 my
420 1027 96 52 hat.

260 1092 111 55 The
422 1092 249 65 delightful
722 1116 109 42 way
865 1096 49 51 in
963 1096 159 52 which
1173 1096 80 52 the
1305 1095 127 53 book
1474 1097 38 51 is

158 1161 202 58 written,
399 1159 80 54 the
514 1159 232 54 excellent
769 1183 106 41 way
911 1163 48 51 in
992 1162 159 52 which
1185 1163 35 51 it
1244 1163 38 51 is
1314 1162 200 63 brought

157 1239 99 46 out,
295 1225 80 54 the
409 1225 239 64 charming
691 1248 110 42 way
853 1229 48 50 in
945 1227 158 53 which
1154 1249 76 31 we
1283 1227 117 53 shall
1452 1227 60 53 all

157 1290 113 55 read
294 1294 52 58 it,
374 1291 94 54 and
492 1291 146 65 linger
662 1316 62 29 on
747 1293 193 64 phrases
968 1294 115 52 such
1117 1317 51 29 as
1264 1294 76 52 Sir
1363 1294 149 62 Toby

157 1357 150 54 Belch
357 1371 74 40 est
481 1380 94 32 une
625 1361 110 51 voix
790 1359 204 53 distante
1044 1359 61 53 de
1471 1363 39 49 is

157 1425 194 62 nothing
385 1439 49 38 to
469 1425 79 52 the
600 1426 265 52 conviction
917 1426 98 52 that
1065 1446 76 32 we
1178 1425 169 53 should
1381 1426 129 53 close

155 1490 61 53 all
252 1491 133 53 these
421 1490 166 60 books,
627 1491 262 53 convinced
929 1491 52 53 of
1027 1491 78 53 the
1140 1491 190 53 terrible
1349 1521 62 7 —
1430 1493 80 52 the

158 1556 188 53 farcical
367 1586 60 6 —
448 1556 210 54 distance
694 1557 52 52 of
780 1557 325 65 Shakespeare
1141 1558 208 53 himself.

254 1623 124 52 And
411 1637 97 49 yet,
547 1623 111 63 why
709 1623 191 53 terrible
952 1623 92 53 and
1084 1624 112 62 why
1232 1647 54 30 so
1323 1623 147 65 funny
1488 1632 21 45 ?

155 1688 112 53 The
300 1710 127 31 mere
450 1690 199 62 wasting
672 1689 52 52 of
747 1689 127 53 what
897 1690 79 52 the
999 1710 164 42 wrong
1185 1689 174 65 people
1387 1690 122 54 have

153 1754 154 53 called
346 1759 33 18 ''
403 1756 80 52 the
517 1755 160 53 divine
712 1757 231 51 creations
975 1755 53 53 of
1062 1779 27 29 a
1123 1770 113 50 poet
1315 1785 65 7 —
1399 1759 40 51 is
1475 1760 34 50 it

153 1835 82 38 not
257 1822 130 62 quite
411 1820 218 64 ordinary
643 1827 22 47 ?
699 1820 94 54 and
815 1821 234 53 wouldn't
1074 1824 34 50 it
1132 1822 62 52 be
1231 1822 92 54 still
1357 1822 152 54 better

153 1887 38 53 if
242 1902 166 50 poetry
448 1910 128 32 were
629 1888 286 65 suppressed
971 1911 120 31 once
1137 1887 94 55 and
1283 1888 73 54 for
1406 1890 63 53 all
1488 1896 20 47 ?

154 1953 235 53 Couldn't
448 1953 261 64 something
760 1954 62 52 be
858 1953 125 53 done
1042 1956 48 50 in
1124 1954 79 52 the
1255 1968 164 40 matter
1447 1985 60 6 —

152 2019 271 64 practically
446 2019 125 53 done
595 2020 66 64 by
679 2020 219 64 practical
917 2020 173 65 people
1109 2027 22 47 ?
1184 2020 17 52 1
1221 2020 140 54 know
1382 2023 128 53 what

153 2088 34 50 it
213 2088 38 50 is
275 2100 48 38 to
345 2085 122 66 keep
491 2086 62 52 all
571 2086 80 52 the
671 2109 158 41 scraps
848 2088 97 52 that
963 2108 136 32 come
1118 2088 98 52 into
1239 2088 80 53 the
1337 2089 167 61 house,

153 2151 61 52 all
239 2152 80 53 the
343 2166 351 50 prospectuses,
722 2152 61 54 all
802 2154 80 52 the
916 2154 376 63 press-cuttings,
1333 2154 61 53 all
1428 2155 81 53 the

158 2217 206 62 journals
381 2243 12 29 :
425 2218 16 53 I
467 2218 120 54 have
611 2234 80 48 got
724 2243 28 28 a
787 2218 116 53 barn
925 2218 84 53 full
1028 2217 52 54 of
1103 2218 146 61 them,
1272 2218 94 54 and
1391 2243 117 30 soon

150 2285 112 63 they
296 2283 98 55 will
430 2307 61 41 go
526 2286 98 52 into
661 2285 132 53 sacks
829 2286 93 52 and
957 2286 62 52 be
1049 2285 163 53 boiled
1246 2286 144 53 down
1415 2287 94 53 and

149 2349 138 55 made
323 2352 98 52 into
472 2351 115 64 pulp
632 2351 122 53 from
797 2352 157 52 which
1008 2351 149 63 plates
1211 2373 52 31 or
1303 2366 204 40 trousers

149 2417 98 52 will
282 2418 63 51 be
379 2413 156 57 made.
610 2417 163 53 Could
823 2432 82 38 not
956 2418 80 52 the
1075 2417 91 53 fine
1207 2439 166 42 poems
1409 2420 98 52 that

149 2483 99 53 will
284 2483 63 53 be
383 2485 185 51 written
604 2485 48 51 in
704 2484 79 52 the
836 2498 111 39 next
997 2481 215 55 hundred
1263 2506 134 40 years
1446 2485 62 54 be

148 2549 260 64 prevented
441 2551 141 52 twice
616 2573 51 29 as
703 2550 166 62 easily,
910 2549 94 53 and
1037 2564 47 38 at
1119 2549 284 54 one-fiftieth
1427 2551 80 54 the

149 2630 103 38 cost
287 2615 37 53 if
359 2616 80 53 the
474 2630 135 49 poets
646 2639 77 30 are
778 2616 204 53 allowed
1027 2630 49 38 to
1102 2615 110 61 live,
1251 2619 153 59 write,
1442 2619 63 52 be

148 2681 204 65 printed,
393 2682 110 61 and,
545 2682 71 52 for
652 2682 60 53 all
747 2705 76 30 we
865 2682 160 61 know,
1063 2682 200 53 become
1310 2683 155 64 myths
1485 2691 22 48 ?

150 2748 18 52 1
205 2747 137 54 don't
379 2747 93 54 like
496 2749 145 63 being
663 2763 80 38 too
769 2751 272 62 optimistic,
1081 2771 52 29 or
1171 2748 16 52 1
1229 2748 170 55 should
1424 2773 83 41 say

148 2815 98 52 that
270 2817 47 49 in
342 2814 92 53 this
458 2814 303 64 enlightened
780 2837 87 41 age
884 2815 92 52 this
1013 2813 99 54 will
1136 2828 81 38 not
1241 2814 62 55 be
1326 2815 179 64 merely

147 2904 26 29 a
225 2881 271 64 possibility
547 2883 85 52 but
681 2883 99 52 that
821 2884 48 51 in
921 2904 27 31 a
1002 2881 96 54 few
1132 2903 155 41 years,
1328 2884 34 51 it
1408 2881 96 55 will

145 2947 203 64 actually
383 2949 63 52 be
482 2947 142 54 done.

248 3014 38 52 It
321 3016 39 50 is
385 3038 59 29 an
469 3014 144 53 awful
632 3014 130 62 thing
785 3027 50 39 to
858 3012 132 54 think
1013 3015 99 52 that
1142 3015 80 53 the
1256 3014 248 53 Granville

145 3080 198 53 Barkers
379 3081 94 52 and
506 3081 80 52 the
610 3078 89 55 W.
738 3080 44 62 J.
809 3080 284 53 Lawrences
1118 3080 52 53 of
1192 3081 81 52 the
1296 3102 136 40 years
1456 3095 48 38 to

145 3168 135 31 come
315 3147 97 53 will
449 3147 136 62 bring
619 3160 83 39 out
723 3147 119 52 their
878 3146 151 52 books
1067 3147 145 52 about
1237 3167 130 32 some
1390 3168 113 42 very

144 3227 128 48 great
307 3213 165 53 author
506 3212 52 53 of
592 3227 291 44 to-morrow,
924 3212 92 53 and
1051 3213 98 52 that
1182 3213 134 52 these
1352 3213 150 52 books

144 3278 99 54 will
279 3279 62 55 be
379 3302 51 30 as
465 3278 300 63 delightfully
799 3280 186 51 written
1020 3301 50 29 as
1107 3301 78 30 are
1222 3278 98 53 Mr.
1361 3278 105 54 Law-

143 3345 188 53 rence's
450 3342 372 66 Shakespeare's
870 3342 279 66 Workshop
1259 3344 93 53 and
1399 3345 99 53 Mr.

147 3411 222 55 Barker's
489 3411 229 53 Prefaces
771 3424 49 39 to
873 3408 328 65 Shakespeare
1399 3411 98 52 Mr.

143 3478 175 55 Barker
354 3477 248 64 comically
647 3478 231 64 promises
930 3499 55 30 us
1039 3477 98 52 that
1187 3477 92 52 this
1315 3478 39 51 is
1390 3477 113 64 only

141 3547 82 52 the
263 3551 33 15 ''
319 3546 95 53 first
451 3546 144 52 series
618 3543 57 51 ''.
748 3542 86 54 He
874 3542 112 63 only
1033 3542 216 65 prefaces
1284 3542 131 54 three
1450 3543 53 53 of

143 3613 80 52 the
258 3612 153 64 plays.
483 3612 86 53 He
602 3609 119 55 does
757 3612 35 50 it
812 3632 52 29 so
900 3608 304 65 charmingly,
1235 3631 52 30 so
1311 3631 162 31 reason-

143 3679 129 62 ably,
313 3680 48 51 in
397 3678 115 53 such
547 3701 28 29 a
599 3675 230 64 scholarly
854 3697 192 32 manner
1069 3675 97 52 that
1212 3676 34 51 it
1286 3676 39 51 is
1349 3675 126 54 heart-

143 3745 240 62 breaking.
458 3744 95 53 For
587 3745 36 51 it
657 3745 39 51 is
733 3744 130 61 quite
897 3740 198 55 useless.

441 3810 125 54 need
600 3824 81 39 not
717 3809 138 53 claim
891 3807 72 55 for
997 3809 98 53 him
1129 3806 373 67 (Shakespeare)

143 3878 351 64 impeccability
519 3900 50 30 as
595 3900 26 29 a
644 3875 360 66 playwright'',
1034 3897 107 40 says
1166 3873 98 54 Mr.
1295 3873 202 63 Barker;

143 3944 95 54 and
271 3946 62 52 he
367 3943 147 64 really
548 3944 147 63 might
729 3943 120 52 have
884 3941 159 53 added
1138 3941 93 52 But
1265 3939 107 54 he's
1396 3955 78 50 top-

143 4012 142 52 notch
309 4033 51 31 as
384 4033 28 31 a
435 4010 132 64 myth
721 4008 50 53 In
795 4008 134 53 other
952 4028 222 43 passages
1201 4004 97 55 Mr.
1328 4005 174 55 Barker

143 4080 39 51 is
219 4092 81 39 not
326 4101 52 29 so
402 4076 161 65 happy
587 4101 10 36 ;
639 4075 73 54 for
746 4074 216 66 example
986 4098 10 29 :
1098 4071 124 54 This
1246 4070 88 55 last
1361 4094 139 33 scene

1564 171 52 54 of
1650 171 168 55 Lear's
1853 171 219 55 madness
2107 195 108 42 may
2261 174 64 52 be
2375 171 280 62 redundant,
2693 173 131 60 then,
2867 186 48 40 to

1564 239 80 52 the
1681 240 127 51 strict
1842 240 155 52 action
2041 240 54 53 of
2133 241 80 52 the
2264 239 129 64 play,
2449 239 85 52 but
2580 253 49 39 to
2675 240 57 52 its
2769 237 145 64 larger

1564 306 150 51 issues
1734 306 36 51 it
1786 306 38 51 is
1843 320 123 38 most
1988 327 218 41 germane
2275 348 10 11 .
2358 303 124 55 And
2505 305 90 53 like
2619 303 296 55 unfortunate

1563 369 194 54 touches
1792 392 79 32 are
1905 385 49 39 to
2001 372 62 53 be
2115 372 149 53 found
2314 393 63 31 on
2427 392 141 42 many
2608 392 145 43 pages
2775 395 12 30 :
2826 371 89 53 this

1563 435 157 64 taking
1770 437 80 53 the
1905 437 131 64 thing
2081 452 49 39 to
2181 438 62 52 be
2299 435 168 64 reality
2518 439 39 50 is
2610 438 127 52 what
2783 438 39 51 is
2866 460 50 30 so

1561 503 243 63 unhappy.
1899 504 95 52 For
2046 505 39 51 is
2130 504 132 53 there
2297 527 28 29 a
2360 503 88 53 last
2485 526 141 30 scene
2661 503 52 52 of
2746 503 169 53 Lear's

1563 567 218 54 madness
1801 575 21 47 ?
1893 570 18 51 I
1946 570 144 62 begin
2114 584 81 38 not
2218 583 48 39 to
2290 569 188 53 believe
2504 571 50 51 it.
2628 569 164 53 There
2820 588 96 34 was

1563 656 26 30 a
1626 656 141 31 scene
1801 635 158 53 which
1994 635 18 53 I
2049 658 121 31 once
2191 634 131 62 read,
2353 635 16 53 I
2394 634 188 54 believe
2607 636 48 51 in
2685 658 28 29 a
2736 634 177 63 dream,

1563 731 63 7 —
1653 722 52 31 so
1740 701 190 53 terrible
1964 701 93 53 and
2082 725 52 29 so
2165 700 265 55 wonderful
2466 701 97 52 that
2598 700 94 54 had
2726 702 35 51 it
2793 701 125 53 been

1563 788 26 30 a
1624 766 181 63 reality,
1845 790 62 30 no
1941 768 160 52 nation
2134 768 116 52 with
2302 790 91 40 any
2438 788 138 32 sense
2610 766 54 53 of
2699 767 214 60 football,

1561 855 93 40 any
1688 835 320 61 appreciation
2034 833 52 53 of
2109 834 125 52 Test
2269 833 241 61 Matches,
2538 832 142 54 could
2703 833 215 65 possibly

1561 898 121 53 have
1716 899 173 63 passed
1913 901 34 50 it
1970 922 129 32 over.
2171 900 57 52 A
2264 901 158 51 nation
2459 899 230 63 seriously
2713 899 205 53 inclined

1563 962 90 54 like
1687 961 98 56 that
1819 964 160 54 would
2013 965 120 53 have
2165 965 200 63 brought
2391 966 113 52 such
2539 989 28 29 a
2603 988 142 30 scene
2768 979 48 39 to
2839 966 79 52 the

1560 1032 227 51 attention
1822 1030 52 53 of
1897 1032 80 52 the
2001 1053 141 42 many
2165 1031 204 53 millions
2394 1031 52 53 of
2469 1054 110 30 men
2604 1062 53 5 —
2679 1031 142 53 damn
2845 1054 47 32 se-

1560 1097 144 58 rious,
1744 1097 89 52 fine
1869 1119 125 39 men,
2036 1112 80 37 too
2135 1130 65 5 —
2220 1097 111 53 who
2369 1096 114 65 light
2523 1098 119 54 their
2683 1100 137 62 pipes
2864 1121 52 29 so

1559 1161 151 61 often,
1764 1185 50 30 as
1867 1163 112 62 they
2034 1164 58 52 sit
2142 1163 236 64 watching
2417 1164 80 52 the
2549 1186 135 41 game
2708 1166 137 50 —in
2890 1187 26 29 a

1557 1225 190 63 drizzle,
1787 1249 107 42 may
1930 1224 62 58 be
2011 1260 63 7 —
2093 1228 96 53 and
2222 1228 212 63 thinking
2464 1229 145 52 about
2640 1229 59 52 all
2727 1244 116 38 sorts
2867 1229 51 52 of

1557 1293 91 53 fine
1665 1294 174 63 things.
1895 1295 99 61 No,
2018 1318 79 38 no,
2138 1298 35 49 it
2195 1294 149 65 really
2366 1296 40 51 is
2430 1318 28 31 a
2476 1296 148 63 myth,
2653 1296 81 53 the
2763 1295 153 54 whole

1557 1359 147 63 thing.
1800 1360 111 53 The
1963 1384 108 31 man
2121 1383 144 32 never
2316 1361 185 54 existed
2552 1361 94 54 and
2680 1363 80 52 the
2783 1361 132 65 plays

1556 1446 142 32 never
1733 1425 183 54 existed
1940 1450 10 31 :
1998 1449 62 30 no
2095 1429 160 52 nation
2290 1426 141 53 could
2471 1426 216 65 possibly
2727 1449 189 42 possess

1557 1491 115 52 such
1695 1491 153 65 plays,
1876 1492 94 53 and
1993 1493 64 52 be
2090 1493 114 54 such
2227 1509 129 48 great
2389 1493 94 52 and
2519 1495 115 52 such
2669 1493 249 64 blithering

1557 1556 122 53 fools
1715 1580 51 30 as
1801 1573 82 38 not
1917 1573 48 38 to
1999 1559 112 63 play
2153 1561 127 50 them
2314 1558 168 55 before
2516 1561 82 52 the
2632 1559 202 54 millions
2869 1573 49 40 to

2405 1625 218 54 William
2904 1627 12 52 Addicote.

1555 1624 157 52 whom
1747 1624 111 55 they
1893 1624 193 55 belong.

1559 2071 313 97 NO
2090 2069 823 100 MYTH

1560 2271 65 45 IT
1660 2266 38 51 is
1738 2288 52 29 so
1824 2265 214 63 pleasant
2072 2280 48 38 to
2161 2265 169 53 realise
2369 2266 103 53 that
2516 2264 262 63 /Eschylus
2819 2285 98 31 was

1625 2352 62 31 no
1723 2331 151 62 myth,
1913 2330 94 53 and
2040 2331 100 53 that
2173 2331 73 53 his
2299 2333 160 51 nation
2504 2328 246 56 honoured
2800 2328 113 52 him.

1555 2394 123 55 This
1715 2398 39 51 is
1791 2412 81 38 not
1890 2397 82 53 the
1991 2397 118 53 least
2143 2412 102 50 part
2280 2397 51 53 of
2365 2399 81 53 the
2477 2398 258 64 happiness
2759 2394 158 55 which

1554 2485 161 30 comes
1751 2477 48 38 to
1834 2485 97 40 you
1966 2486 63 29 on
2064 2465 206 63 opening
2306 2487 92 39 any
2429 2463 273 53 translation
2736 2460 53 54 of
2839 2460 78 54 the

1552 2529 359 63 Agamemnon.

1655 2595 120 53 Five
1813 2596 114 52 such
1963 2596 296 54 translations
2295 2618 80 30 are
2417 2618 127 42 open
2579 2618 62 30 on
2676 2595 80 53 the
2792 2592 125 54 table

1554 2684 50 29 as
1644 2661 16 52 I
1701 2662 151 60 write,
1881 2661 94 53 and
2015 2662 91 52 this
2130 2664 188 50 version
2353 2662 68 64 by
2444 2664 76 50 Sir
2546 2661 171 62 Henry
2741 2660 169 63 Sharp,

1552 2727 80 52 the
1668 2726 103 53 fifth
1805 2726 52 53 of
1880 2749 81 42 my
1984 2727 107 61 five,
2119 2728 85 52 has
2239 2750 141 41 many
2405 2727 52 53 of
2492 2727 80 53 the
2607 2725 127 66 good
2763 2726 151 62 things

1552 2793 54 53 of
1640 2793 80 52 the
1744 2794 174 52 others.
1991 2794 111 52 The
2134 2796 94 50 first
2251 2817 140 42 page,
2430 2794 117 54 with
2571 2796 57 50 its
2652 2791 262 55 wonderful

1554 2881 143 30 scene
1733 2858 52 55 of
1819 2859 80 54 the
1933 2860 267 53 watchman
2234 2860 218 54 couched
2476 2883 62 30 on
2561 2859 81 54 the
2664 2857 251 56 Atridae's

1551 2927 278 63 house-top,
1870 2925 91 54 like
1998 2949 27 30 a
2060 2925 112 65 dog,
2213 2928 40 52 is
2278 2927 189 64 enough
2492 2927 73 53 for
2599 2948 77 32 me
2699 2940 50 39 to
2774 2923 140 66 speak

1551 2991 81 54 of:
1676 2990 224 55 I-should
1936 2991 124 54 need
2095 3015 28 30 a
2157 2993 160 53 whole
2368 3015 131 41 year,
2540 3014 53 31 or
2645 2990 177 65 longer,
2867 3004 47 37 to

1551 3080 222 42 compare
1809 3059 135 52 these
1978 3059 89 53 five
2102 3059 319 62 translations,
2460 3075 49 38 to
2548 3061 136 51 swim
2718 3060 49 51 in
2803 3055 110 56 such

1551 3147 28 30 a
1616 3146 80 31 sea
1723 3154 62 5 —
1809 3146 94 31 one
1937 3147 121 41 page
2093 3127 191 62 enough
2321 3126 72 53 for
2429 3149 92 30 me.

1651 3191 117 53 One
1803 3189 53 54 of
1889 3191 80 53 the
2003 3192 299 53 translations
2340 3193 18 52 I
2394 3215 77 30 am
2504 3192 189 62 looking
2716 3205 47 39 at
2786 3191 39 50 is
2848 3188 65 62 by

1549 3255 162 54 Lewis
1764 3257 258 63 Campbell
2074 3257 197 67 (1890),
2312 3258 94 53 and
2457 3257 224 63 although
2721 3255 190 54 Gilbert

1550 3321 245 64 Murray's
1833 3323 177 65 (1920)
2063 3327 41 49 is
2156 3324 144 64 good,
2356 3324 94 53 and
2492 3324 81 53 the
2627 3319 279 57 Headlams'

1547 3390 190 51 version
1786 3388 177 66 (1909)
1998 3391 40 51 is
2074 3390 144 62 good,
2276 3390 94 53 and
2420 3390 128 65 good
2594 3390 80 53 the
2726 3389 183 53 version

1547 3452 68 64 by
1667 3454 280 61 Morshead,
2003 3454 179 67 (1911)
2220 3456 17 52 I
2283 3478 144 31 never
2473 3479 88 30 can
2604 3454 93 55 like
2740 3476 91 41 any
2862 3450 49 54 of

1547 3513 130 61 them
1721 3521 153 54 better
1921 3522 111 53 than
2085 3522 323 64 Campbell's.
2454 3551 15 9 -

1645 3700 108 35 THE
1804 3700 358 37 AGAMEMNON
2208 3701 71 36 OF
2312 3701 326 37 JESCHYLUS:
2675 3716 43 22 an
2765 3699 142 44 English

1557 3744 142 36 Version
1725 3745 43 39 by
1791 3744 57 35 Sir
1871 3745 122 41 Henry
2015 3746 113 40 Sharp
2156 3744 161 42 (Oxford
2344 3747 195 39 University
2562 3746 111 42 Press,
2699 3747 26 34 2
2740 3744 56 42 6).

1643 3789 107 35 THE
1784 3789 181 36 HOUSE
2003 3790 69 35 OF
2115 3790 227 41 ATREUS,
2380 3791 51 37 D.
2460 3792 49 35 A.
2544 3791 203 36 Morshead.
2774 3789 55 35 M.
2858 3786 47 36 A.

1550 3833 241 38 (Macmillan.
1819 3833 138 36 Golden
1987 3835 167 39 Treasury
2177 3840 109 29 series.
2314 3831 95 44 3\6.)

1643 3878 106 35 THE
1771 3878 102 36 PLA
1886 3878 61 36 YS
1972 3878 69 36 OF
2060 3878 316 42 AESCHYLUS,
2405 3878 131 37 Walter
2555 3878 109 37 Head
2666 3878 67 37 lam
2763 3876 146 40 (George

1548 3922 87 35 Bell
1660 3923 36 34 &
1720 3920 121 42 Sons).
1869 3920 62 44 3\6

1643 3966 111 35 THE
1774 3966 359 36 AGAMEMNON
2157 3967 70 35 OF
2253 3967 311 43 JESCHYLUS,
2601 3967 136 42 Gilbert
2768 3965 140 37 Murray

1549 4009 155 43 (George
1725 4010 115 36 Allen
1869 4012 37 35 &
1934 4011 160 40 Unwin).
2121 4009 63 45 3\6

1636 4056 311 41 JESCHYLUS,
2007 4056 114 37 Lewis
2180 4056 195 41 Campbell,
2420 4056 141 43 (Kegan
2609 4056 106 41 Paul,
2765 4051 141 41 Trench,

1553 4099 157 37 Trubner
1737 4101 36 35 &
1800 4099 84 41 Co).
