3044 4395
133 111 81 48 178

131 211 645 136 LAST
929 211 1032 136 WORDS.

327 474 204 38 PLAY
588 471 232 37 DOWN

130 532 368 42 REMEMBER
538 532 485 42 QUINCTILIANI

178 658 87 36 Care
289 656 128 37 should
439 656 40 35 be
505 655 100 40 takers
630 659 61 30 not
715 654 71 35 thai
822 652 56 43 the:
908 652 119 35 reader

130 717 79 26 may
234 701 208 36 understand
466 699 39 41 if
522 699 42 36 he
590 699 83 41 will,
701 698 60 36 but
778 698 71 35 that
872 697 43 35 he
940 702 88 30 must

132 747 218 41 understand,
379 746 148 35 whether
550 744 42 35 he
618 743 73 36 will
713 758 37 21 or
772 748 71 31 not.

790 786 233 42 Quinctilian.

131 870 67 41 HP
202 889 56 23 HE
276 889 83 28 most
376 879 189 41 interesting
583 878 106 42 thing,
715 886 35 27 to
766 892 66 26 me,
853 877 100 35 about
970 875 56 36 the

201 935 91 32 great
317 925 113 40 Hatry
455 925 178 40 sensation,
667 924 27 34 is
726 922 71 35 that
823 922 12 35 I
861 936 72 21 was
968 929 57 27 not

132 971 75 36 able
230 981 34 25 to
288 969 201 36 understand
513 984 65 20 one
600 967 95 37 word
719 967 34 35 of
778 965 94 37 what
896 967 26 35 it
953 980 72 21 was

131 1016 114 42 about,
273 1016 82 35 from
380 1014 57 36 the
461 1023 91 32 great
576 1012 143 36 London
743 1011 144 40 journals
912 1010 113 36 which

129 1075 89 21 were
241 1069 71 26 sent
336 1069 33 26 to
393 1073 65 22 me.
509 1058 11 36 I
546 1066 94 32 grant
664 1070 66 27 you
746 1056 73 36 that
844 1055 10 36 1
881 1055 79 41 only
976 1069 33 22 re-

127 1105 117 36 ceived
268 1119 75 27 one,
369 1104 59 35 hut
452 1105 26 34 it
502 1117 72 22 was
597 1116 64 21 one
684 1101 35 35 of
746 1101 57 36 the
826 1099 181 37 widest-cir-

126 1149 148 43 culated,
303 1148 65 36 and
385 1148 59 36 has
470 1163 18 20 a
512 1146 204 37 continental
741 1145 139 41 edition,
909 1143 65 36 and
998 1145 27 34 is

127 1210 19 20 a
171 1193 128 42 journal
317 1193 12 36 I
350 1208 52 21 am
421 1192 129 41 always
572 1206 78 26 very
674 1190 137 42 pleased
835 1189 97 37 with.

189 1284 29 35 !s
234 1284 26 35 it
284 1282 142 41 possible
451 1280 71 37 that
539 1280 55 37 the
611 1289 89 33 great
724 1288 119 27 master
866 1278 107 36 minds
990 1277 34 36 of

126 1327 190 41 journalism
333 1327 84 35 have
442 1341 20 20 a
485 1326 95 35 blind
603 1335 73 32 spot
700 1326 34 34 in
758 1324 89 36 them
862 1327 15 32 ?

194 1373 29 35 Is
240 1374 25 34 it
282 1372 142 41 possible
441 1371 71 36 that
538 1371 77 40 they
639 1385 63 21 can
726 1383 140 26 suppose
890 1367 71 37 that
980 1367 44 35 all

126 1418 83 36 their
225 1418 128 35 readers
371 1415 201 37 understand
585 1430 96 24 every
694 1414 165 35 reference
872 1421 34 28 to
919 1412 88 35 finan-

125 1463 65 35 cial
216 1462 107 41 things
348 1477 35 19 as
406 1461 104 40 easily
536 1475 34 21 as
593 1459 105 36 ABC
713 1463 16 32 ?

193 1507 147 41 Perhaps
357 1506 64 35 this
444 1507 28 34 is
494 1520 48 21 so.

192 1552 78 36 The
286 1551 163 35 excellent
466 1564 101 26 paper
583 1558 35 27 to
633 1547 113 38 which
763 1547 11 35 I
793 1546 82 37 refer
891 1546 68 36 had
982 1546 41 35 its

127 1597 88 36 front
239 1611 100 27 pages
364 1595 48 36 for
437 1595 90 35 three
550 1594 83 40 days
659 1593 118 35 almost
809 1590 129 42 packed
962 1590 60 36 full

128 1642 35 35 of
188 1656 92 21 news
306 1641 101 35 about
432 1639 112 41 Hatry
571 1637 66 36 and
661 1637 94 36 what
771 1636 43 36 he
830 1635 68 37 had
921 1635 100 41 done,

130 1686 67 36 and
235 1688 26 33 it
301 1686 106 39 forgot
443 1693 34 27 to
513 1683 58 36 tell
596 1698 36 21 us
657 1682 56 36 the
736 1690 85 27 most
845 1680 177 36 elemental

126 1731 83 36 facts
228 1731 100 35 about
345 1730 55 35 the
418 1729 106 36 affair.
541 1727 29 36 It
583 1727 105 40 forgot
705 1736 34 26 to
767 1725 133 42 explain
929 1724 94 36 what

126 1777 56 34 the
205 1774 103 37 Stock
332 1773 183 41 Exchange
539 1774 40 40 is,
605 1773 94 34 what
722 1773 42 33 its
788 1775 113 31 action
919 1769 104 40 might

125 1821 55 42 be,
207 1820 78 36 who
310 1820 40 35 its
374 1819 204 35 Committee
602 1819 40 41 is,
668 1816 80 41 why
765 1816 25 35 it
806 1814 59 37 has
883 1830 20 19 a
919 1814 78 35 Com-

127 1867 125 40 mittee,
280 1865 94 36 what
397 1863 110 36 shares
544 1877 67 27 are,
649 1861 66 35 and
746 1860 79 36 how
849 1861 26 34 it
899 1860 27 34 is
950 1858 72 36 that

126 1925 64 21 one
214 1919 94 26 town
331 1923 64 21 can
418 1908 43 35 be
484 1906 155 37 involved
672 1905 66 36 and
761 1904 98 36 suffer
884 1903 139 40 through

127 1971 20 19 a
171 1955 69 37 Mr.
268 1954 127 41 Hatry,
423 1952 65 36 and
513 1952 79 35 how
618 1952 24 34 it
667 1952 26 33 is
721 1950 74 35 that
823 1948 80 37 such
929 1963 19 20 a
971 1948 35 35 di-

127 2009 102 26 saster
252 2001 27 33 is
295 1997 156 42 possible,
471 2012 42 20 on
531 1996 63 36 this
611 2010 90 21 same
718 1993 103 37 Stock
839 1992 184 41 Exchange

129 2045 66 35 and
218 2045 78 34 how
322 2042 143 42 possible
489 2042 49 35 for
555 2041 71 36 four
642 2039 132 42 people,
802 2039 127 42 Hairy*
948 2037 50 36 Da-

129 2089 95 42 niels,
249 2088 130 41 Tabor,
405 2087 131 42 Dixon,
563 2095 34 26 to
621 2085 160 40 conspire.

194 2134 92 36 Now
310 2132 26 36 if
360 2134 26 33 it
411 2131 67 36 had
501 2131 85 36 been
612 2124 160 47 anything
797 2128 101 35 about
931 2127 74 46 thea-

127 2188 76 33 tres,
229 2193 35 20 or
290 2176 159 42 anything
468 2176 101 35 about
586 2175 164 41 painting,
777 2173 177 41 sculpture,
974 2187 35 20 ar-

125 2224 193 41 chitecture,
339 2221 79 43 and,
438 2230 33 26 to
488 2235 41 26 go
553 2220 123 35 further
701 2218 80 36 than
806 2217 77 43 this,
922 2217 101 35 about

127 2268 92 42 food,
254 2268 101 35 about
390 2266 151 41 religion,
580 2265 101 35 about
717 2263 167 42 tailoring,
923 2261 102 36 about

125 2314 171 35 cosmetics
358 2310 160 42 anything
528 2323 65 27 you
604 2308 66 36 like
734 2308 55 35 the
798 2316 89 32 great
898 2305 128 41 journal

127 2357 117 37 would
266 2357 85 35 have
375 2354 84 38 been
475 2354 125 36 careful
618 2363 33 26 to
668 2352 72 36 sink
757 2354 41 34 its
814 2351 212 41 intelligence

127 2403 56 35 the
208 2402 83 36 level
315 2401 35 35 of
374 2401 115 35 babies
515 2399 66 36 and
607 2408 33 26 to
658 2398 135 40 explain
817 2411 99 26 every
941 2405 82 26 term

128 2448 72 35 that
224 2449 26 33 it
274 2446 93 36 used.
394 2444 85 37 Had
503 2445 25 35 it
553 2444 84 35 been
655 2444 133 38 writing
814 2442 101 35 about
933 2440 74 35 thea-

126 2503 76 32 tres,
230 2491 66 36 and
320 2490 184 39 something
529 2488 66 36 had
612 2487 176 41 happened
806 2495 33 27 at
863 2486 56 35 the
935 2494 91 32 great

127 2536 166 37 Comedie
316 2535 191 41 Francaise,
545 2533 114 35 which
694 2533 26 35 is
755 2531 56 35 the
847 2538 83 28 most
965 2531 41 33 im-

125 2590 133 33 portant
282 2580 127 36 theatre
432 2581 34 34 in
491 2578 147 42 Europe,
665 2578 25 35 it
715 2575 115 38 would
853 2575 85 36 have
969 2589 38 20 ex-

126 2625 136 43 plained
279 2625 93 36 what
390 2624 56 36 the
462 2623 164 36 Comedie
643 2636 84 27 was,
746 2621 101 35 when
864 2618 161 43 founded,

127 2671 99 36 when
251 2670 100 42 built,
371 2669 93 36 whst
481 2670 42 33 its
548 2667 167 36 functions
732 2680 101 27 were,
853 2665 93 35 what
971 2663 55 35 the

127 2716 141 35 chances
294 2729 91 22 were
407 2714 35 35 of
466 2727 127 22 success
619 2710 65 36 and
710 2710 118 35 failure
852 2710 34 34 in
910 2708 79 35 such
1007 2723 19 20 a

125 2761 118 41 place;
271 2759 66 36 and
353 2760 26 34 it
404 2757 114 37 would
536 2756 85 36 have
639 2756 59 35 left
715 2770 42 20 no
774 2754 144 41 possible
935 2753 73 40 loop-

127 2806 76 35 hole
240 2805 49 35 for
326 2818 131 26 anyone
481 2812 34 26 to
532 2799 277 38 misunderstand.
829 2799 67 35 But
913 2799 113 38 owing

127 2860 34 26 to
184 2850 65 36 this
273 2849 96 35 blind
393 2856 73 33 spot
489 2849 35 33 in
549 2846 56 36 the
628 2844 135 37 modern
788 2843 92 36 mind
919 2842 34 36 of
971 2841 55 37 the

126 2903 92 34 great
241 2894 121 36 editors
386 2893 35 35 of
445 2891 132 41 to-day,
620 2891 90 34 since
741 2889 78 41 they
855 2888 69 40 buy
961 2886 65 37 and

126 2940 72 42 sell,
218 2937 224 43 presumably,
469 2938 34 34 in
520 2936 64 35 this
600 2935 97 41 place
720 2933 110 36 called
854 2933 56 35 the
922 2930 105 38 Stock

127 2984 198 41 Exchange,
353 2982 79 40 they
456 2982 146 40 imagine
625 2979 71 36 that
728 2977 189 42 everybody
941 2985 85 27 must

127 3028 202 37 understand
355 3028 93 36 what
475 3041 42 21 an
541 3024 186 41 Exchange
750 3025 40 41 is,
817 3022 94 36 what
934 3021 92 36 stock

127 3077 40 39 is,
195 3074 93 36 what
324 3072 65 37 this
423 3071 128 41 place's
576 3070 205 35 Committee
816 3069 40 41 is,
893 3065 66 37 and
992 3081 34 21 so

128 3119 100 37 forth.

195 3163 78 36 The
298 3161 128 42 journal
452 3161 11 35 I
489 3159 83 37 refer
597 3168 33 26 to
649 3172 83 27 gave
757 3172 18 20 a
801 3157 53 35 list
878 3156 34 35 of
929 3170 76 21 enor-

128 3223 92 21 mous
244 3222 87 21 sums
355 3206 34 35 of
414 3220 134 27 money,
574 3203 56 36 the
654 3203 139 40 capitals
818 3201 34 35 of
877 3215 19 20 a
920 3199 108 36 dozen

128 3269 34 21 or
179 3269 35 21 so
238 3253 57 41 big
318 3251 148 36 business
484 3250 109 34 affairs
786 3244 239 44 68,000,000

128 3298 145 37 schemes
359 3297 26 34 it
432 3294 73 36 said
542 3295 35 34 in
616 3294 43 34 its
691 3291 156 36 headline
968 3289 59 35 but

128 3345 26 34 it
178 3343 59 36 did
270 3351 57 27 not
358 3340 136 41 explain
530 3338 95 37 what
654 3352 19 20 a
712 3336 131 35 scheme
875 3349 85 27 was,
993 3348 35 21 or

128 3389 79 36 how
298 3384 241 44 68,000.000
578 3382 100 36 could
717 3381 43 36 be
793 3389 60 33 put
887 3380 35 34 in
950 3388 33 25 to
1009 3392 19 21 a

131 3430 23 12 44
174 3432 132 37 scheme
390 3431 45 40 by
461 3445 19 20 a
498 3427 67 38 fool
590 3443 35 20 or
649 3441 19 21 a
694 3440 99 26 rogue
811 3424 65 36 and
894 3423 55 35 the
966 3432 62 26 rest

127 3478 35 36 of
187 3478 56 36 the
266 3476 119 42 people
409 3475 85 36 back
522 3488 45 26 up
599 3472 71 36 that
705 3483 132 23 scneme
873 3468 65 36 and
971 3483 38 26 ap-

128 3523 103 42 plaud
256 3523 55 35 the
335 3521 130 41 putting
489 3521 34 34 in
547 3518 35 36 of
607 3519 30 30 <
669 3514 252 44 68,000,000.

196 3567 56 36 To
270 3582 19 20 a
306 3565 98 42 fairly
421 3580 80 26 poor
517 3578 78 21 man
619 3562 94 36 what
732 3575 71 22 was
819 3558 131 43 printed
968 3572 41 26 ap-

129 3612 122 42 peared
276 3611 65 36 like
367 3625 20 21 a
411 3609 135 37 farcical
571 3607 70 37 talk
672 3622 35 21 or
732 3621 20 20 a
776 3605 185 41 nightmare

130 3658 93 36 what
247 3665 86 27 must
350 3655 56 36 the
422 3655 128 36 million
567 3653 129 37 readers
720 3652 103 35 down
847 3650 35 35 in
906 3648 122 36 Dorset

129 3718 35 21 or
188 3717 44 26 up
257 3703 35 34 in
323 3699 230 37 Cumberland
589 3699 85 36 have
706 3695 140 42 thought
879 3709 34 21 as
949 3692 79 41 they

129 3747 79 37 read
224 3746 64 36 this
315 3745 224 36 abracadabra
550 3748 15 32 ?
589 3743 113 37 These
718 3743 56 39 big
798 3739 157 43 journals,
976 3752 54 21 are

130 3793 77 40 they
238 3790 140 42 perhaps
405 3790 174 39 becoming
597 3790 64 39 just
676 3803 18 19 a
708 3787 87 36 trifle
809 3785 190 41 high-brow
1014 3787 14 32 ?

200 3852 54 20 are
278 3836 77 40 they
381 3844 57 26 not
465 3849 18 20 a
508 3833 85 36 little
618 3832 106 37 above
747 3846 58 21 our
829 3829 103 37 heads
945 3833 15 33 ?

197 3881 72 37 We
294 3880 78 37 who
409 3878 99 36 adore
543 3892 58 21 our
632 3878 114 40 Edgar
776 3876 162 36 Wallace
964 3872 66 37 and

130 3926 50 37 his
204 3925 125 43 perfect
354 3923 154 43 lucidity,
534 3937 56 22 we
612 3921 45 36 do
689 3931 56 26 not
771 3921 134 36 deserve
929 3929 33 27 to
987 3919 43 35 be

130 3970 141 38 dazzled
385 3968 119 37 teazed
538 3968 45 41 by
619 3966 56 37 the
713 3966 143 41 subtlety
893 3965 33 36 of
972 3979 58 21 our

131 4017 148 40 morning
296 4029 113 27 paper.

200 4062 11 34 I
231 4076 71 21 was
318 4059 136 41 reading
472 4057 114 42 Edgar
602 4056 162 37 Wallace
780 4055 79 41 only
879 4054 150 42 today...

131 4106 50 36 his
199 4104 24 11 44
243 4106 81 36 The
339 4105 127 41 Ringer
501 4104 24 36 '.
552 4102 110 37 What
681 4118 18 19 a
716 4101 214 41 masterpiece
946 4101 27 34 it
988 4100 39 36 is.

131 4152 105 35 Enter
252 4150 178 36 Detective
447 4158 33 27 to
496 4147 148 37 Villain.
673 4144 23 12 44
713 4146 13 36 I
753 4161 53 21 am
832 4161 19 21 a
867 4145 165 36 detective

200 4210 66 29 you
289 4195 85 38 have
400 4210 19 20 a
453 4193 176 38 villainous
665 4191 73 36 face
854 4190 12 36 I
903 4198 128 33 suspect

1070 485 66 26 you
1160 496 44 5 -
1228 470 87 41 good
1347 472 147 41 morning
1514 472 40 37 *\
1592 472 136 38 Villain
1752 490 77 27 says
1854 491 34 22 as
1913 478 56 36 the

1070 515 180 37 Detective
1274 530 76 27 goes
1375 531 100 26 away
1505 513 24 13 44
1551 517 12 36 I
1591 518 116 37 almost
1732 520 129 38 believe
1896 523 73 36 that

1071 576 77 20 man
1180 569 144 33 suspects
1348 561 184 42 something
1630 563 179 42 Telegram
1849 569 120 35 arrives

1070 615 80 26 next
1174 615 145 27 moment
1347 605 49 37 for
1420 607 159 37 Villain:
1620 605 24 12 44
1665 609 11 36 I
1703 610 72 35 said
1799 626 36 20 so
1926 612 43 37 he

1075 652 80 34 does
1178 659 129 33 suspect
1338 651 183 43 something
1613 652 42 37 he
1686 665 143 31 suspects
1853 671 53 21 me

1072 694 179 38 Detective
1285 696 44 40 by
1365 711 79 22 now
1482 713 44 19 on
1557 697 57 36 the
1638 713 78 27 way
1752 709 35 27 to
1821 703 143 41 station;

1091 737 7 12 4
1117 740 142 36 There's
1284 755 20 21 a
1329 740 91 42 thing
1456 741 72 37 that
1562 743 134 40 puzzles
1731 759 52 21 me
1820 746 65 35 and
1909 748 58 34 it's

1072 784 107 39 this...
1207 785 72 36 that
1309 785 129 43 villain,
1473 786 124 42 though
1628 788 27 35 it
1679 790 115 35 would
1818 791 42 35 be
1884 790 83 37 hard

1072 840 35 26 to
1131 829 96 37 make
1252 845 130 26 anyone
1405 831 129 37 believe
1558 847 65 28 me,
1650 833 11 35 I
1692 844 129 31 suspect
1837 835 70 36 him
1931 837 36 34 of

1072 875 98 40 being
1194 875 56 35 the
1273 875 115 36 villain
1412 875 35 36 of
1470 876 64 36 this
1557 878 94 40 piece

1140 919 12 36 I
1185 919 99 36 recall
1308 922 110 39 seeing
1442 921 115 41 Edgar
1580 922 194 36 Wallace's
1790 925 176 39 successful

1072 964 79 41 play
1177 962 23 12 44
1220 964 77 36 The
1321 965 121 41 Flying
1467 966 116 40 Squad
1602 964 23 12 44
1705 969 26 35 it
1759 983 57 21 ran
1840 985 43 20 on
1902 970 66 35 and

1072 1024 42 20 on
1139 1009 66 36 and
1228 1025 43 20 on
1364 1025 19 20 a
1407 1011 186 36 wonderful
1618 1026 139 23 success.
1819 1014 11 35 I
1856 1023 51 26 sat
1933 1028 17 21 a-

1071 1054 119 35 mazed
1218 1063 33 26 at
1279 1053 56 36 the
1360 1055 147 36 author's
1531 1056 198 42 astounding
1752 1060 156 39 capacity
1933 1068 35 26 to

1071 1112 106 27 guage
1202 1098 56 36 the
1282 1098 211 41 intelligence
1517 1100 35 35 of
1576 1100 49 36 his
1648 1111 72 26 vast
1746 1102 162 36 audience

1072 1158 95 20 never
1192 1143 48 35 for
1267 1159 19 19 a
1310 1153 144 26 moment
1478 1144 60 35 did
1561 1145 42 35 he
1627 1148 244 35 over-estimate
1884 1147 84 36 their

1071 1187 270 43 understanding,
1368 1188 83 35 their
1467 1188 106 37 desire
1589 1190 48 35 for
1661 1192 203 43 originality,
1883 1192 85 36 their

1071 1232 86 36 wish
1181 1232 48 36 for
1254 1247 20 19 a
1298 1232 101 43 thrill,
1427 1233 83 35 their
1526 1236 156 39 capacity
1700 1244 33 26 to
1750 1235 117 37 follow
1884 1236 81 37 him.

1138 1276 29 36 It
1191 1277 131 35 seemed
1347 1286 33 26 to
1404 1292 52 21 me
1481 1292 33 21 as
1541 1279 11 34 I
1579 1279 156 36 watched
1758 1280 72 36 that
1855 1281 114 41 Edgar

1070 1320 160 37 Wallace
1254 1321 67 35 had
1345 1321 73 36 said
1442 1331 33 26 to
1500 1322 130 37 himself
1658 1325 7 9 '
1673 1322 8 11 4
1696 1324 77 36 The
1804 1326 114 40 public
1941 1327 27 34 is

1072 1380 19 20 a
1113 1381 78 25 very
1214 1375 91 31 great
1329 1366 66 35 fool
1421 1366 122 36 indeed
1619 1368 59 36 but
1702 1369 121 36 indeed
1848 1385 19 19 a
1889 1385 78 26 very

1070 1420 90 30 great
1185 1409 80 38 fool.
1315 1410 81 36 Don
1414 1420 12 26 t
1451 1412 42 35 be
1517 1427 20 20 a
1561 1422 127 31 greater
1712 1428 64 21 one
1802 1414 66 35 and
1892 1416 74 39 give

1073 1456 65 35 'em
1163 1455 160 41 anything
1348 1470 89 28 new,
1468 1458 113 41 witty,
1620 1456 136 45 human,
1795 1458 170 44 touching,

1071 1499 123 43 heroic,
1220 1499 104 41 grand
1351 1515 35 20 or
1418 1501 263 44 melodramatic,
1708 1503 49 35 for
1782 1503 26 35 if
1832 1518 66 26 you
1922 1503 46 36 do

1070 1545 26 35 it
1127 1545 73 35 will
1225 1545 42 35 be
1292 1544 44 36 all
1361 1545 130 36 thrown
1529 1560 100 26 away
1665 1562 43 20 on
1743 1546 104 39 them.
1893 1549 74 39 Just

1070 1590 95 40 bring
1189 1604 43 20 on
1255 1588 184 37 characters
1464 1589 124 37 known
1611 1592 90 35 since
1724 1592 56 36 the
1805 1593 65 35 first
1886 1593 81 40 play

1072 1649 71 21 was
1168 1635 146 42 written,
1340 1635 59 35 but
1421 1635 42 35 be
1487 1636 124 36 careful
1636 1645 34 27 to
1702 1636 93 41 bring
1821 1637 147 36 forward

1069 1680 70 33 into
1163 1680 210 39 prominence
1397 1679 93 36 those
1514 1680 197 37 overlooked
1726 1696 109 26 supers
1860 1682 34 35 of
1912 1682 56 35 the

1070 1724 87 36 third
1191 1738 70 21 row
1297 1724 35 35 of
1367 1724 58 35 the
1459 1725 116 36 chorus
1682 1726 56 35 the
1778 1726 189 36 featureless

1070 1769 261 42 expressionless,
1358 1769 119 36 forlorn
1501 1769 119 42 people
1655 1771 78 35 who
1768 1786 97 21 never
1900 1771 68 36 had

1071 1829 19 20 a
1113 1813 138 36 chance:
1284 1823 111 26 centre
1419 1814 102 37 these:
1557 1815 56 36 tell
1660 1816 89 35 them
1785 1825 34 26 to
1842 1816 42 35 be
1909 1831 39 20 na-

1069 1858 84 36 tural
1180 1858 66 36 and
1270 1873 96 21 never
1390 1868 34 26 to
1448 1860 136 35 over-do
1608 1861 38 35 it:
1674 1863 73 33 thus
1771 1875 58 21 our
1853 1861 113 40 dearly

1070 1902 97 37 loved
1185 1902 161 37 audience
1362 1903 35 35 of
1414 1903 103 36 3000
1534 1903 147 37 dullards
1698 1905 71 36 will
1787 1921 54 20 see
1858 1921 19 19 a
1893 1921 57 26 per-

1070 1947 66 36 fect
1160 1948 168 35 reflection
1352 1948 34 35 of
1403 1948 214 43 themselves;
1637 1949 80 41 they
1734 1949 134 37 deserve
1895 1950 73 36 that

1136 1993 58 34 it's
1218 2002 57 26 not
1300 1993 83 35 their
1418 1994 85 35 fault
1544 1994 77 40 they
1663 2009 54 21 are
1747 1994 71 36 dull
1850 1995 60 35 but
1942 1997 26 33 it

1070 2037 115 36 would
1208 2037 42 35 be
1267 2039 88 34 mine
1371 2038 25 35 if
1421 2037 11 37 I
1459 2037 82 37 didn
1546 2035 7 13 4
1559 2048 12 27 t
1595 2039 79 41 play
1698 2039 85 41 right
1808 2039 102 36 down
1935 2048 33 27 to

1069 2082 90 35 them

1137 2126 110 43 Well,
1267 2126 4 43 ;
1283 2126 11 36 I
1329 2127 65 35 feel
1425 2127 67 36 like
1520 2127 114 42 Edgar
1661 2128 173 38 Wallace.
1863 2129 12 35 I
1902 2129 64 36 feel

1070 2173 26 35 it
1121 2172 27 34 is
1173 2171 73 35 that
1378 2174 226 39 newspaper's
1621 2173 86 36 fault
1724 2173 72 36 that
1812 2174 27 35 it
1856 2174 112 36 didn't

1070 2216 80 41 play
1166 2216 103 35 down
1286 2225 34 26 to
1336 2231 56 26 my
1408 2218 212 40 intelligence
1637 2218 100 36 when
1761 2220 25 34 it
1818 2219 152 40 reported

1073 2261 43 35 all
1134 2261 101 35 about
1254 2260 55 36 the
1326 2261 113 41 Hatry
1457 2262 93 36 affair
1569 2262 65 36 and
1658 2262 71 37 told
1746 2277 53 22 me
1815 2263 153 42 nothing.

1858 2308 33 41 J.
1916 2308 51 41 B.

1166 2653 144 36 MISS
1345 2653 237 37 ANGNA
1618 2653 258 37 ENTERS

1089 2788 4 54 |
1124 2790 85 37 have
1249 2804 96 22 never
1384 2803 77 22 seen
1500 2788 65 37 this
1600 2788 80 41 lady
1719 2788 155 42 perform,
1910 2789 59 35 but

1124 2850 162 27 everyone
1309 2849 102 21 seems
1429 2843 34 26 to
1479 2833 100 42 speak
1596 2833 79 36 well
1691 2833 35 35 of
1744 2834 98 36 her...
1863 2834 11 35 1
1893 2832 80 37 hate

1073 2890 34 26 to
1131 2881 148 35 discover
1302 2880 72 36 that
1400 2879 11 35 I
1437 2878 86 37 have
1547 2877 71 37 said
1643 2877 94 37 what
1761 2893 153 21 someone
1937 2879 34 35 in

1119 2926 78 35 The
1228 2924 122 36 School
1375 2924 48 35 for
1458 2923 149 36 Scandal
1693 2938 75 26 says
1792 2923 35 35 of
1848 2923 123 41 Joseph

1073 2970 150 36 Surface.
1266 2969 113 36 There
1419 2970 27 33 is
1484 2983 92 21 some
1614 2968 128 36 critical
1775 2982 56 22 use
1855 2970 34 33 in
1915 2968 56 35 the

1073 3017 80 41 line,
1180 3015 100 36 when
1307 3013 134 42 applied
1465 3022 34 27 to
1524 3027 66 27 any
1614 3013 188 36 celebrated
1827 3027 126 21 success-

1073 3061 47 36 ful
1138 3060 195 41 performer:
1353 3059 56 35 the
1425 3058 175 40 performer
1616 3066 86 27 must
1726 3058 84 35 have
1834 3057 137 41 stooped

1073 3105 120 42 rather,
1211 3105 79 34 bent
1308 3119 19 19 a
1345 3104 98 41 little,
1461 3103 85 35 been
1562 3102 35 36 of
1615 3117 19 20 a
1649 3104 190 40 coming-on
1860 3102 94 41 dispo-

1073 3152 100 34 sition
1204 3149 49 35 for
1291 3163 96 26 every
1423 3163 64 20 one
1521 3157 34 25 to
1595 3147 68 35 find
1702 3147 56 35 the
1795 3147 176 41 performer

1074 3194 200 37 wonderful.
1317 3193 111 36 What
1454 3208 19 19 a
1512 3191 177 36 ridiculous
1728 3201 146 27 creature
1914 3192 57 35 the

1073 3248 178 32 spectators
1276 3238 82 34 form
1383 3236 193 36 themselves
1600 3237 70 34 into
1778 3236 72 36 that
1878 3251 71 21 mon-

1073 3294 103 26 strous
1200 3283 93 40 thing
1317 3281 109 37 called
1451 3296 42 20 an
1529 3280 173 43 audience;
1741 3281 99 42 fancy
1872 3282 99 41 being

1073 3327 155 43 disposed
1252 3337 34 26 to
1310 3336 94 31 stoop
1428 3335 35 26 to
1486 3327 40 36 it.

1142 3373 11 36 I
1181 3373 129 39 always
1335 3371 66 36 like
1441 3386 19 20 a
1498 3371 200 40 conquering
1738 3380 89 26 actor
1867 3371 104 36 better

1073 3417 82 37 than
1181 3432 19 21 a
1224 3417 150 40 winning
1399 3425 130 33 actress,
1557 3415 48 36 for
1623 3415 55 35 the
1702 3431 114 20 reason
1835 3415 71 37 that
1929 3416 44 35 he

1073 3478 110 20 comes
1207 3469 35 28 at
1265 3461 90 36 them
1470 3460 42 35 he
1536 3460 131 36 doesn't
1691 3460 89 36 bend
1804 3471 34 26 to
1856 3462 89 35 them
1961 3477 8 21 :

1075 3507 67 37 and
1167 3506 135 42 indeed,
1329 3506 49 35 for
1396 3506 43 36 all
1458 3505 11 36 1
1497 3504 114 44 know,
1637 3506 87 35 Miss
1749 3505 120 37 Enters
1893 3521 79 26 may

1074 3554 43 35 be
1134 3552 65 37 like
1223 3552 72 35 Mrs
1312 3551 144 36 Siddons
1482 3550 66 36 and
1564 3550 44 36 do
1624 3552 65 39 just
1707 3551 91 43 that;
1827 3551 10 35 I
1858 3551 116 36 would

1075 3613 81 21 even
1185 3598 42 35 be
1249 3596 160 42 prepared
1434 3605 33 27 to
1491 3596 129 36 believe
1655 3596 71 36 that
1750 3596 57 36 she
1847 3597 127 40 ignores

1075 3644 89 35 them
1189 3642 138 41 entirely
1418 3641 72 37 that
1514 3641 57 35 she
1594 3641 27 35 is
1637 3656 36 21 so
1689 3641 183 37 concerned
1889 3641 86 37 with

1075 3689 56 36 her
1165 3697 47 26 art
1236 3687 35 35 of
1294 3688 218 40 composition
1549 3685 72 36 that
1656 3686 58 36 she
1752 3702 98 22 never
1885 3688 89 40 gives

1076 3734 89 36 them
1191 3748 19 20 a
1234 3732 151 41 thought.
1436 3732 29 36 If
1488 3747 49 28 so,
1563 3730 57 37 she
1645 3732 72 36 will
1741 3732 42 36 he
1814 3733 161 40 certainly

1076 3794 63 21 one
1162 3778 34 35 of
1221 3777 56 36 the
1301 3779 122 39 unique
1447 3792 131 27 persons
1602 3777 34 36 of
1661 3777 56 36 the
1740 3787 104 31 stage.

1145 3824 11 36 1
1189 3838 78 26 very
1298 3822 99 36 much
1428 3823 86 36 wish
1549 3822 72 37 that
1660 3822 93 37 those
1778 3822 77 37 who
1880 3824 96 35 write

1078 3870 100 36 about
1202 3867 191 42 performers
1417 3867 116 37 would
1555 3883 96 20 cease
1675 3877 35 26 to
1734 3867 70 37 talk
1827 3867 35 36 of
1887 3867 89 37 them

1079 3931 34 20 as
1138 3915 121 41 artists,
1286 3912 116 37 would
1426 3914 114 35 invent
1558 3928 19 20 a
1594 3927 78 22 new
1689 3928 98 21 name
1804 3912 49 37 for
1870 3913 104 43 them,

1077 3961 26 36 if
1126 3960 78 41 they
1238 3973 53 21 are
1322 3967 58 26 not
1406 3968 135 26 content
1557 3958 85 36 with
1666 3957 56 37 the
1738 3958 94 36 word
1867 3956 23 10 44
1906 3973 54 26 per-

1077 4007 130 41 former,
1289 4002 66 36 and
1387 4003 114 36 would
1526 4003 82 36 refer
1636 4013 34 26 to
1703 4003 93 36 what
1825 4003 79 41 they
1934 4003 44 35 do

1077 4053 45 40 by
1140 4052 93 38 using
1251 4064 64 26 any
1332 4047 93 38 other
1441 4048 94 37 word
1551 4057 119 32 except
1687 4047 73 38 that
1776 4048 35 35 of
1829 4046 25 11 44
1872 4057 60 27 art.

1078 4098 85 35 Miss
1188 4095 118 37 Enters
1322 4108 103 21 seems
1449 4102 35 27 to
1500 4093 42 36 be
1567 4108 18 20 a
1609 4093 135 43 dancer,
1764 4093 79 42 and,
1870 4108 35 21 so
1929 4092 49 36 far

1080 4158 34 20 as
1140 4142 11 35 I
1180 4156 64 21 can
1271 4139 126 43 gather,
1431 4139 57 36 her
1518 4139 107 36 dance
1649 4141 26 33 is
1700 4154 88 20 more
1816 4137 66 36 like
1906 4137 72 36 that

1078 4187 34 36 of
1145 4186 121 37 Emma
1291 4184 192 42 Hamilton,
1511 4184 65 36 and
1601 4183 99 37 much
1724 4184 60 36 less
1809 4182 66 37 like
1906 4182 72 38 that

2020 205 34 36 of
2078 206 52 35 La
2153 205 179 41 Taglione.
2383 205 12 36 I
2420 221 64 21 can
2520 204 117 38 almost
2672 221 139 27 suppose
2846 206 70 39 that

2019 250 93 36 what
2136 251 58 35 she
2210 251 79 35 does
2305 252 27 33 is
2348 251 108 36 rather
2481 266 88 21 more
2595 252 110 41 acting
2730 252 79 36 than
2834 254 62 36 dan-

2017 295 90 39 cing.
2156 295 69 36 She
2241 310 103 20 seems
2369 295 68 36 also
2455 305 33 26 to
2505 296 87 36 dress
2617 311 44 26 up
2679 311 20 20 a
2715 307 92 30 great
2824 298 89 38 deal:

2017 339 58 35 she
2099 339 82 36 likes
2205 348 33 27 to
2278 339 76 36 look
2393 340 84 35 each
2515 351 73 30 part
2625 341 66 35 and
2725 341 57 35 she
2806 342 59 36 has
2897 360 19 21 a

2019 384 136 36 number
2179 383 35 36 of
2239 383 102 37 them.
2369 383 71 37 We
2463 399 54 22 are
2541 385 71 36 told
2629 385 72 36 that
2727 383 24 12 44
2767 386 69 36 She
2859 388 57 37 has

2019 444 19 19 a
2062 428 62 41 gift
2148 428 35 35 of
2333 430 188 39 expression
2593 430 66 36 and
2695 430 72 36 that
2849 433 67 37 had

2017 473 58 35 she
2099 473 176 41 employed
2300 472 56 36 the
2379 483 84 26 most
2487 475 124 40 perfect
2635 475 157 41 speaking
2823 480 93 35 voice

2016 520 36 33 in
2076 517 56 36 the
2155 517 121 43 world,
2304 518 58 35 she
2385 519 116 36 would
2525 529 57 26 not
2606 520 85 35 have
2716 519 110 37 added
2853 538 63 21 one

2016 564 69 34 iota
2110 571 34 27 to
2169 562 56 37 the
2249 562 225 37 effectiveness
2498 564 35 35 of
2557 564 56 36 her
2637 566 235 40 presentation.

2016 607 65 36 AH
2104 608 108 36 critics
2236 609 107 40 praise
2367 607 57 36 her
2447 618 35 26 to
2506 608 56 36 the
2586 609 83 36 skies
2685 625 8 26 ;
2720 609 59 36 but
2803 614 26 34 it
2854 614 26 35 is
2898 627 18 20 a

2016 652 85 35 little
2136 653 47 34 bit
2219 653 237 41 embarrassing
2492 662 34 27 to
2562 653 69 36 find
2662 668 63 21 one
2760 654 35 36 of
2826 657 89 36 them

2015 698 117 40 saying
2202 696 29 37 It
2256 698 26 35 is
2306 707 57 26 not
2388 698 120 42 dance,
2534 699 26 35 it
2585 701 26 33 is
2637 708 55 26 not
2727 698 129 47 drama,
2889 703 26 34 it

2015 742 27 34 is
2073 741 197 39 divination.
2339 742 93 36 That
2465 743 108 36 won't
2604 743 57 44 do,
2689 744 66 36 and
2786 746 73 37 that
2890 747 26 34 is

2016 785 80 41 why
2122 786 11 35 I
2161 797 91 25 want
2278 796 34 26 to
2336 802 54 21 see
2410 787 57 36 her
2484 797 34 26 to
2538 788 147 37 discover
2710 789 93 37 what
2828 793 26 34 it
2873 792 43 35 is.

2789 835 50 35 D.
2868 836 45 36 P.

2016 1187 269 38 REVIEW
2318 1190 235 37 COPIES
2588 1191 78 36 OF
2698 1192 214 54 BOOKS.

2106 1323 28 36 It
2160 1338 71 21 was
2256 1324 86 37 with
2367 1340 19 20 a
2409 1340 87 26 copy
2513 1326 34 35 of
2565 1326 171 36 Monsieur
2761 1326 132 36 Duchar-

2016 1368 78 36 tre's
2156 1369 78 35 The
2252 1369 121 37 Italian
2390 1370 156 41 Comedy
2605 1370 73 37 that
2696 1386 54 22 we
2765 1371 150 37 received

2016 1413 81 35 from
2122 1413 125 36 Messrs
2265 1414 135 41 Harrap
2426 1430 19 19 a
2468 1415 131 41 printed
2626 1416 94 35 letter
2745 1417 33 35 in
2803 1416 112 36 which

2015 1457 92 36 these
2130 1458 185 40 publishers
2331 1459 97 36 make
2453 1474 20 21 a
2496 1460 125 41 special
2639 1461 67 35 and
2722 1461 193 35 reasonable

2014 1512 151 31 request:
2194 1503 66 35 and
2285 1519 54 21 we
2356 1503 95 36 think
2468 1503 73 37 that
2565 1507 26 34 it
2615 1507 27 33 is
2660 1515 34 26 to
2711 1505 56 37 the
2783 1507 132 34 interest

2014 1547 35 35 of
2074 1547 145 43 authors,
2233 1549 127 42 public,
2379 1549 196 42 publishers,
2595 1549 67 36 and
2686 1550 136 42 indeed,
2840 1564 57 21 eve-

2014 1606 103 26 ryone
2140 1592 79 42 else,
2247 1603 33 25 to
2304 1595 122 39 reprint
2451 1593 72 36 that
2590 1604 130 31 request
2858 1595 38 35 be-

2014 1650 99 21 cause
2136 1637 26 35 it
2188 1638 27 34 is
2238 1638 94 40 quite
2357 1637 102 40 likely
2505 1639 71 35 that
2607 1653 78 27 very
2720 1638 68 37 few
2824 1639 91 35 other

2015 1681 143 38 journals
2182 1696 35 21 or
2241 1683 190 40 magazines
2459 1683 72 35 will
2555 1684 122 39 reprint
2701 1684 64 36 it:-

2148 1800 46 42 A
2224 1799 249 44 SPECIAL
2504 1799 291 54 REQUEST.

2153 1906 75 37 The
2250 1913 146 35 practice
2428 1908 46 39 of
2497 1907 125 42 selling
2653 1912 120 31 review
2804 1912 113 35 copies

2015 1952 46 40 of
2078 1952 105 40 books
2208 1959 35 28 at
2268 1953 63 35 less
2357 1954 81 34 than
2466 1952 55 35 the
2537 1952 187 41 published
2745 1957 91 35 price
2853 1964 41 28 ap-

2014 2009 96 28 pears
2138 2003 32 29 to
2196 1997 38 35 be
2260 2012 43 20 on
2330 1998 55 35 the
2419 2002 159 37 increase,
2607 1997 74 35 and
2705 2002 26 30 is
2756 2011 21 21 a
2799 2011 116 21 source

2016 2042 46 40 of
2102 2042 100 35 much
2242 2042 130 35 trouble
2408 2042 74 35 and
2509 2042 340 41 misunderstanding
2881 2047 33 29 to

2015 2086 192 40 publishers
2233 2087 73 34 and
2330 2086 220 40 booksellers.
2580 2087 105 34 Cases
2711 2086 86 35 have
2832 2086 82 35 been

2015 2132 127 39 known
2170 2136 33 30 in
2232 2131 111 36 which
2369 2131 82 36 such
2477 2131 107 40 books
2608 2131 87 35 have
2731 2131 83 35 been
2839 2130 79 35 sold

2017 2181 32 30 to
2074 2176 204 40 booksellers
2295 2181 35 30 at
2346 2191 20 20 a
2385 2176 66 35 low
2467 2181 70 30 rate
2556 2176 116 40 before
2688 2175 226 40 publication.

2114 2220 122 36 While
2261 2226 223 37 recognizing
2516 2221 73 34 that
2615 2226 25 29 it
2665 2225 26 30 is
2725 2219 193 41 impossible

2018 2272 31 29 to
2074 2272 137 33 prevent
2236 2265 55 35 the
2314 2265 70 36 sale
2410 2265 46 40 of
2465 2270 120 31 review
2601 2270 113 35 copies
2730 2264 188 41 publishers

2017 2310 166 40 earnestly
2208 2316 130 35 request
2362 2310 124 35 editors
2513 2310 72 35 and
2604 2315 171 30 reviewers
2803 2314 33 30 to
2862 2322 56 21 use

2019 2355 84 35 their
2129 2354 171 41 influence
2330 2361 33 29 to
2386 2360 138 35 prevent
2550 2354 82 35 such
2661 2354 98 41 sales,
2791 2359 36 29 at
2849 2367 69 25 any

2018 2406 69 29 rate
2113 2401 91 34 until
2226 2415 65 20 one
2316 2400 118 35 month
2464 2399 90 40 after

2110 2487 24 11 44
2153 2489 78 36 The
2254 2488 101 36 Mask
2425 2488 60 35 has
2510 2488 48 35 for
2589 2502 95 25 years
2713 2501 77 22 now
2809 2485 109 36 issued

2017 2535 90 35 strict
2132 2535 200 38 injunctions
2357 2532 71 36 that
2453 2547 42 20 no
2524 2533 124 34 reyiew
2667 2532 112 39 copies
2805 2530 88 36 what-

2019 2594 74 20 ever
2118 2593 54 21 are
2196 2587 33 26 to
2254 2579 41 34 be
2318 2577 84 41 sold,
2423 2585 34 26 at
2489 2577 82 34 least
2596 2575 121 37 within
2734 2584 71 26 two
2821 2589 96 26 years

2020 2624 83 34 after
2126 2622 217 41 publication.
2394 2620 72 36 We
2498 2620 99 35 know
2630 2620 72 35 that
2741 2620 176 35 reviewers

2019 2667 75 35 look
2118 2681 42 20 on
2178 2666 56 36 the
2250 2667 110 39 copies
2377 2664 34 36 of
2424 2664 55 36 the
2496 2663 101 37 books
2615 2664 79 40 they
2712 2678 54 21 are
2782 2662 136 42 obliged

2019 2721 34 25 to
2077 2712 122 34 review
2236 2725 34 20 as
2297 2710 208 41 perquisites,
2541 2709 61 35 but
2638 2722 55 22 we
2729 2708 97 36 don't
2852 2707 67 36 like

2019 2756 71 35 that
2116 2756 112 35 notion
2255 2764 34 26 at
2313 2754 57 36 all.
2419 2753 52 36 Of
2496 2768 126 27 course,
2648 2754 25 35 if
2692 2752 79 42 they
2787 2752 60 36 did
2862 2761 57 26 not

2018 2800 59 35 sell
2103 2799 90 36 these
2217 2801 124 40 copies,
2369 2798 66 36 and
2460 2798 98 41 fairly
2574 2798 157 43 cheaply,
2759 2813 19 20 a
2794 2798 125 35 section

2018 2845 34 35 of
2077 2845 56 35 the
2156 2845 114 40 public
2293 2843 101 36 could
2419 2853 57 26 not
2499 2844 118 35 obtain
2642 2844 90 35 them
2757 2843 82 35 from
2863 2841 56 36 the

2018 2889 233 36 second-hand
2277 2888 184 37 bookseller
2485 2888 50 36 for
2558 2888 57 36 the
2645 2903 78 25 very
2748 2888 68 35 few
2841 2886 62 36 shil-

2019 2935 84 41 lings
2149 2936 26 34 it
2209 2936 28 34 is
2272 2934 130 40 willing
2431 2943 34 26 to
2481 2949 81 26 pay.
2581 2933 68 36 But
2666 2933 80 35 then
2784 2930 134 42 nobody

2018 2979 118 36 should
2161 2980 42 35 be
2228 2979 76 36 able
2328 2989 34 25 to
2386 2979 69 40 buy
2482 2994 18 20 a
2526 2979 48 34 30
2592 2976 27 44 /-
2643 2977 88 36 book
2755 2977 49 35 for
2834 2976 83 41 12/-

2018 3025 57 35 the
2098 3040 90 21 same
2205 3040 78 25 year
2299 3026 35 34 in
2359 3023 114 37 which
2489 3023 57 36 the
2562 3022 87 37 book
2673 3024 27 34 is
2724 3021 120 42 issued,
2863 3020 57 36 the

2018 3085 91 20 same
2125 3069 116 36 month
2318 3069 56 37 the
2391 3083 91 21 same
2498 3068 97 36 week
2608 3083 8 21 :
2638 3067 66 35 and
2736 3081 54 21 we
2825 3065 94 36 think

2018 3114 72 36 that
2115 3130 90 20 some
2229 3114 68 37 law
2322 3114 104 40 might
2444 3114 41 35 be
2502 3113 117 41 passed
2644 3122 34 26 to
2694 3120 136 33 prevent
2854 3125 65 26 any

2017 3159 237 41 under-selling
2278 3159 34 35 of
2338 3174 19 20 a
2381 3160 87 34 book
2504 3158 121 36 within
2651 3172 19 20 a
2694 3158 95 39 given
2823 3156 92 35 time.

2017 3204 73 36 We
2106 3219 139 26 suppose
2262 3203 56 37 the
2334 3204 136 40 Society
2483 3203 34 35 of
2530 3202 150 36 Authors
2693 3201 58 35 has
2764 3200 75 39 long
2856 3214 62 25 ago

2019 3248 119 37 looked
2163 3250 70 35 into
2257 3249 57 36 the
2330 3258 131 32 matter,
2480 3248 59 35 but
2556 3247 26 36 if
2598 3261 35 21 so
2651 3260 54 21 we
2720 3244 119 36 should
2852 3243 65 35 like

2019 3303 34 26 to
2078 3293 99 37 know
2203 3293 93 37 what
2320 3294 114 35 results
2458 3293 85 35 have
2567 3292 84 35 been
2685 3288 160 37 achieved
2877 3313 10 4 -

2019 3338 49 36 for
2092 3340 26 34 it
2143 3349 86 26 must
2252 3339 44 35 be
2332 3354 19 20 a
2386 3347 109 32 pretty
2527 3336 68 35 bad
2634 3345 86 26 state
2750 3334 35 35 of
2811 3334 109 35 affairs

2019 3383 99 37 when
2136 3384 123 36 Messrs
2276 3383 135 38 Harrap
2436 3396 54 21 are
2514 3380 134 41 obliged
2665 3390 34 25 to
2716 3379 81 36 send
2817 3377 103 37 round

2816 3422 41 40 J.
2877 3422 41 40 S.

2019 3428 65 36 this
2101 3429 123 41 special
2249 3429 59 35 but
2325 3426 193 38 reasonable
2546 3434 143 33 request.

2309 3751 134 32 THE
2492 3748 137 34 END

2429 3833 33 32 O
2478 3832 31 34 F

2248 3923 182 32 VOLU
2448 3923 40 32 M
2504 3923 33 32 E
2586 3920 112 34 XV.

2068 4069 70 32 All
2160 4067 144 41 Rights
2329 4066 190 33 reserved.
2540 4062 212 35 December
2766 4068 102 33 1929.

2047 4113 235 32 Direttore-r
2288 4110 233 41 esponsabile
2536 4110 169 32 Antonio
2713 4106 96 31 Mar
2809 4113 90 23 aim.

2075 4157 226 40 Tipograjia
2318 4158 44 31 L.
2383 4153 283 35 Franceschini
2675 4170 14 6 -
2702 4151 177 32 Firenze.
