3037 4386
114 122 81 45 150

115 221 82 58 ris,
235 213 250 67 Gosselin,
556 214 156 65 1843,
754 217 34 56 3
829 217 147 65 vols.,
1006 220 54 55 in
1121 218 80 56 18.
1281 217 23 71 (

118 288 112 56 and
252 289 285 56 dedication
567 289 143 68 from
750 291 84 56 tke
1053 293 39 70 ).

192 363 118 56 125.
353 364 353 65 Rosemonde,
748 364 246 74 Tragedy
1034 369 53 55 in
1140 391 98 33 one
1284 382 99 50 act,
1423 369 55 56 in

105 461 164 42 verse,
311 438 67 72 hy
425 438 589 61 Latour-Saint-Ybars.
1096 440 171 67 Paris,
1319 443 156 65 1855,

108 514 53 55 in
211 513 82 57 18.

220 632 97 38 Nine
342 634 82 36 lines
447 634 35 36 of
506 634 116 41 signed
647 635 183 42 autograph
868 636 207 43 dedication,
1101 646 35 27 to
1159 638 101 37 Mile.
1286 637 144 38 Rachel.

230 736 118 58 126.
392 736 272 68 Macbeth,
706 741 53 55 in
800 740 96 57 five
934 755 110 44 acts
1078 741 104 58 and
1223 744 52 55 in
1314 766 161 42 verse,

106 810 72 74 by
217 811 174 57 Emile
432 813 344 73 Deschamps,
818 818 53 54 in
919 816 82 56 18.

221 932 127 41 Signed
376 933 183 42 autograph
583 933 205 45 dedication,
814 936 35 36 in
874 950 103 28 verse,
1003 937 45 41 by
1073 936 56 37 the
1154 936 127 38 author.

231 1036 118 59 127.
391 1037 267 58 Charlotte
717 1039 226 72 Corday,
1002 1040 211 72 tragedy
1271 1042 53 56 in
1380 1040 98 58 five

108 1125 108 42 acts
255 1111 104 57 and
400 1114 53 54 in
504 1136 163 41 verse,
727 1114 70 72 by
856 1114 58 58 F.
974 1115 250 57 Ponsard.
1304 1114 170 66 Paris,

118 1185 159 66 1850,
320 1187 52 55 in
414 1187 118 56 8vo.
612 1187 189 74 Agnes
854 1189 68 57 de
981 1189 262 67 Meranie,
1284 1189 70 72 by
1392 1189 85 57 the

109 1283 156 41 same,
308 1262 54 55 in
401 1262 119 56 8vo.

228 1380 204 42 Autograph
456 1381 66 36 and
546 1382 115 41 signed
678 1382 196 37 dedication
892 1383 44 41 by
954 1382 56 37 the
1027 1383 116 37 author
1159 1392 35 27 to
1210 1383 103 37 Mile.
1331 1382 145 38 Rachel.

232 1484 117 58 128.
392 1483 386 75 Agamemnon,
844 1486 211 73 tragedy
1131 1487 70 72 by
1271 1487 207 66 Alfieri,

109 1559 277 59 translated
426 1561 129 57 from
593 1561 86 57 the
721 1562 180 57 Italian
941 1564 108 55 into
1091 1562 199 57 French
1315 1586 163 42 verse,

110 1633 70 72 by
221 1633 167 58 Mme.
426 1634 280 73 Josephine
747 1636 67 57 de
854 1637 285 65 Roinville,
1190 1636 156 57 1856.

224 1755 211 41 Manuscript
459 1755 116 41 signed
596 1755 180 42 Josephine
800 1756 43 36 de
867 1756 184 38 Roinville.

235 1859 117 57 129.
393 1858 121 60 The
552 1859 305 60 Testament
896 1862 52 57 of
987 1863 212 65 Caesar,
1227 1862 175 57 drama
1429 1864 53 55 in

112 1933 99 57 five
261 1948 129 52 acts,
448 1933 69 73 by
570 1934 141 72 Jules
753 1935 237 59 Lacroix.
1088 1935 172 65 Paris,
1326 1937 155 63 1849,

113 2009 53 55 in
207 2009 119 56 8vo.

227 2125 126 41 Signed
379 2126 183 42 autograph
585 2126 193 37 dedication
802 2127 82 37 from
908 2126 56 38 the
981 2126 117 38 author
1114 2136 34 28 to
1173 2126 100 39 Mile.
1299 2126 144 38 Rachel.

237 2229 118 57 130.
397 2229 239 66 Valeria,
667 2230 175 58 drama
870 2234 53 54 in
961 2232 98 56 five
1086 2246 124 50 acts,
1241 2234 53 54 in
1319 2254 164 41 verse,

115 2301 69 72 by
247 2302 247 74 Auguste
573 2305 223 71 Maquet
860 2306 102 57 and
1032 2306 141 73 Jules
1253 2306 229 57 Lacrois.

114 2376 172 66 Paris,
357 2379 156 64 1851,
575 2381 53 55 in
683 2381 80 56 18.
846 2380 255 57 Morocco
1159 2380 143 57 lined
1359 2379 128 57 with

114 2450 160 58 white
313 2453 178 64 moire,
533 2452 222 74 binding
792 2453 70 73 by
903 2453 325 73 Despierres.

228 2555 188 44 Charming
438 2572 88 26 copy
550 2573 43 20 on
618 2567 108 32 strong
750 2564 119 35 papier
893 2559 106 37 vclin.
1027 2559 139 41 Unique
1192 2573 86 26 copy
1307 2558 123 36 offered
1455 2566 34 27 to

116 2599 100 37 Mile.
244 2601 133 35 Rachel
402 2602 45 40 by
473 2603 56 35 the
554 2602 132 36 authors
709 2603 34 35 of
768 2603 156 37 Valeria.

240 2676 117 57 131.
401 2676 104 57 Les
566 2677 178 57 Noces
802 2677 374 65 Venitiennes,
1221 2676 177 58 drama
1436 2678 53 55 in

117 2748 97 57 five
235 2763 125 54 acts,
383 2751 69 72 by
473 2752 192 56 Victor
688 2752 217 72 Dejour.
948 2752 172 65 Paris,
1153 2751 157 64 1855,
1333 2753 54 55 in
1408 2751 81 56 18.

209 2854 99 41 Copy
333 2870 43 20 on
400 2861 119 35 papier
544 2857 90 35 velin
669 2856 84 36 with
778 2856 115 41 signed
919 2855 182 43 autograph
1114 2856 191 40 inscription
1329 2855 82 36 from
1437 2854 55 36 the

118 2897 120 37 author
262 2909 34 26 to
320 2900 105 37 Mile.
453 2900 147 37 Rachel.

239 2974 119 57 132.
401 2975 80 58 La
523 2975 211 66 Bourse,
776 2975 219 73 comedy
1035 2977 53 56 in
1128 2974 96 57 five
1271 2988 124 51 acts,
1437 2975 54 55 in

118 3071 164 43 verse,
324 3049 69 72 by
435 3049 58 57 F.
536 3049 252 58 Ponsard.
870 3049 169 65 Paris,
1103 3049 157 64 1856,
1307 3050 53 55 in
1409 3049 80 56 18.

230 3169 127 42 Signed
382 3169 184 42 autograph
590 3170 192 40 inscription
807 3169 83 37 from
915 3168 57 37 the
997 3168 117 37 author
1138 3177 34 27 to
1196 3168 100 37 Mile.
1323 3167 146 38 Rachel.

246 3274 118 57 133.
409 3273 329 58 L'Honneur
759 3288 50 40 et
838 3271 291 73 L'Argent,
1152 3271 68 73 by
1242 3271 247 57 Ponsard.

120 3349 172 66 Paris,
467 3348 127 58 M.
595 3348 69 68 Levy,
687 3348 157 64 1853,
887 3350 54 53 in
990 3349 80 56 18.

242 3425 118 57 134.
404 3422 332 58 L'Honneur
786 3438 51 40 et
886 3421 46 57 L
954 3421 224 73 Argent,
1234 3420 68 72 by
1356 3421 102 56 Pon-

120 3497 135 59 sard.
335 3497 170 65 Paris,
548 3496 87 57 M.
678 3495 168 68 Levy,
900 3496 156 65 1853,
1101 3499 53 53 in
1204 3496 80 55 18.

244 3572 118 59 135.
405 3572 79 57 Le
526 3571 281 72 Bourgeois
848 3570 67 57 de
951 3570 177 57 Gand.
1258 3569 79 57 Le
1376 3569 87 57 der-

120 3649 111 55 nier
272 3647 259 71 Marquis.
661 3645 282 58 Catherine
999 3645 61 63 11,
1120 3645 70 71 by
1249 3643 243 58 Romand

122 3721 148 65 (extr.
315 3722 64 56 de
407 3722 55 56 la
500 3721 203 57 France
743 3721 144 56 dram
895 3718 94 73 at.)
1030 3721 53 55 in
1124 3720 119 56 8vo.

244 3797 118 57 136.
405 3796 164 58 Edith
626 3796 68 57 de
755 3795 205 63 Falsen,
1021 3793 68 71 by
1150 3792 188 58 Ernest
1392 3792 68 57 Le-

123 3894 183 50 gouve.
348 3871 172 67 Paris,
573 3872 157 66 1852,
772 3873 55 55 in
875 3871 81 56 18.

235 3993 129 42 Signed
388 3991 185 45 autograph
596 3991 207 37 dedication.

246 4097 122 57 137.
411 4096 163 57 Chefs
640 4096 283 57 d'CEuvres
1002 4093 52 57 of
1112 4090 85 59 the
1277 4092 221 73 Foreign

124 4170 258 61 Theatres
423 4172 274 70 (German,
735 4169 238 73 English,
1001 4167 248 66 Chinese,
1277 4165 220 70 Danish,

1525 220 243 73 Spanish,
1810 221 194 68 Dutch,
2048 223 196 66 Indian,
2284 223 196 65 Italian,
2523 222 196 65 Polish,
2763 222 94 57 Por-

1522 308 234 59 tuguese,
1823 296 243 67 Russian,
2133 297 262 65 Swedish,
2466 296 278 58 translated
2822 296 67 73 by

1524 369 237 74 Aignan,
1839 371 297 68 Andrieux,
2215 373 67 57 de
2359 372 237 65 Barante,
2677 372 211 66 Guizot,

1525 444 102 57 Ch.
1669 446 218 64 Nodier,
1915 447 310 66 Villemain,
2265 462 99 42 etc.
2394 446 171 66 Paris,
2598 446 286 64 Ladvocat,

1533 519 155 65 1822,
1719 521 68 55 25
1816 521 128 66 vols,
1973 523 54 55 in
2053 523 118 56 8vo.
2220 521 193 71 (Initial
2514 543 68 33 on
2601 519 86 57 the
2709 519 179 71 sides).

1646 595 117 58 138.
1803 594 120 59 The
1963 595 264 59 Dramatic
2279 595 199 59 Works
2536 595 53 56 of
2646 595 244 58 William

1526 668 355 73 Shakespeare
1919 670 128 58 with
2109 672 221 57 remarks
2389 694 67 32 on
2502 670 77 56 his
2622 670 120 56 Life
2787 669 103 57 and

1524 744 259 72 Writings
1841 745 70 73 by
1967 745 231 57 Thomas
2257 745 295 71 Campbell.
2650 743 235 66 London,

1533 819 156 65 1838,
1729 821 54 54 in
1823 821 116 56 8vo.
2019 819 137 57 Blue
2194 843 245 34 morocco.
2469 818 285 71 Engraved
2789 816 104 58 title

1524 910 133 52 page
1685 893 109 55 and
1825 903 223 58 portrait.

1644 968 119 57 139.
1804 968 276 72 Complete
2144 969 198 57 Works
2406 969 52 56 of
2517 966 371 74 Shakespeare,

1524 1041 278 57 translated
1840 1044 128 56 from
2025 1044 85 56 the
2170 1042 220 74 English
2441 1044 70 71 by
2551 1042 337 65 Letourneur,

1524 1138 119 34 new
1700 1116 197 57 edition
1957 1116 279 73 published
2295 1116 68 73 by
2423 1116 211 59 Guizot.
2714 1115 171 65 Paris,

1524 1189 286 67 Ladvocat,
1864 1192 154 65 1821,
2069 1192 61 56 13
2171 1191 127 66 vols,
2342 1194 52 54 in
2441 1194 117 54 8vo.
2645 1191 243 57 Portrait.

1524 1262 237 71 (Initial).

1647 1340 117 56 140.
1807 1340 215 72 Gallery
2042 1340 52 57 of
2116 1338 422 74 Shakespearean
2566 1361 324 51 personages,

1525 1412 325 67 reproduced
1909 1417 53 53 in
2020 1415 85 55 the
2165 1416 253 71 principal
2472 1437 180 33 scenes
2711 1415 52 55 of
2814 1413 78 57 his

1526 1487 162 72 plays,
1729 1488 127 57 with
1882 1514 30 30 a
1945 1491 230 54 succinct
2210 1490 221 72 analysis
2471 1490 52 55 of
2563 1488 128 57 each
2730 1488 52 56 of
2808 1487 85 57 the

1526 1563 177 70 pieces
1743 1562 53 56 of
1836 1562 372 72 Shakespeare,
2250 1563 111 57 and
2400 1562 86 57 the
2526 1562 367 72 reproduction

1528 1638 53 55 in
1623 1636 220 72 English
1882 1637 103 57 and
2032 1641 53 53 in
2145 1638 200 56 French
2404 1638 52 55 of
2494 1638 85 56 the
2621 1661 179 33 scenes
2841 1652 52 41 to

1526 1709 174 57 which
1738 1712 85 56 the
1863 1710 174 73 eighty
2075 1714 303 70 engravings
2418 1710 128 58 with
2584 1710 173 58 which
2795 1710 99 56 this

1528 1785 143 56 work
1710 1787 44 56 is
1793 1782 246 69 adorned,
2080 1787 188 56 relate:
2316 1787 69 71 by
2431 1787 77 56 A.
2551 1785 186 58 Pichot
2792 1784 105 57 and

1529 1858 114 57 Old
1709 1859 156 57 Nick.
1971 1859 169 66 Paris,
2210 1860 238 68 Baudry,
2527 1860 156 64 1844,
2738 1859 159 57 violet

1530 1957 254 42 morocco,
1825 1934 161 72 richly
2027 1935 106 73 gilt.

1641 2053 127 42 Signed
1792 2054 183 43 autograph
1998 2056 189 40 inscription
2212 2055 81 36 from
2319 2056 54 36 M.
2398 2056 34 40 J.
2455 2056 102 39 Janin
2573 2064 34 26 to
2625 2054 99 36 Mile.
2747 2053 146 37 Rachel.

1653 2159 117 57 141.
1812 2158 118 57 The
1971 2159 244 57 Pictorial
2243 2159 198 57 edition
2488 2159 50 56 of
2577 2158 85 57 the
2701 2158 197 57 Works

1531 2232 52 58 of
1624 2231 370 74 Shakespeare.
2076 2232 196 59 Edited
2312 2234 69 71 by
2422 2232 216 58 Charles
2679 2231 218 73 Knight.

1533 2306 303 69 (Histories,
1881 2309 31 54 2
1953 2309 127 56 vols.
2211 2307 300 65 Comedies,
2574 2309 31 54 2
2664 2306 126 57 vols.

1533 2380 306 72 Tragedies,
1888 2382 13 55 1
1953 2382 122 65 vol.,
2116 2380 125 71 (vol.
2286 2381 124 70 IV),
2451 2380 235 57 London.

1656 2456 117 56 142.
1803 2456 215 71 Gallery
2032 2456 53 57 of
2104 2456 85 56 the
2210 2456 233 57 Women
2460 2456 51 56 of
2530 2455 369 71 Shakespeare.

1536 2530 296 57 Collection
1878 2531 52 55 of
1987 2531 70 56 45
2119 2533 251 69 portraits,
2411 2530 257 71 engraved
2707 2530 70 71 by
2817 2528 85 56 the

1535 2603 103 56 first
1676 2606 165 54 artists
1882 2605 53 55 of
1975 2603 240 65 London,
2255 2603 245 57 enriched
2540 2603 127 56 with
2706 2603 193 55 critical

1536 2677 103 57 and
1680 2678 201 71 literary
1920 2692 161 42 notes.
2163 2677 168 66 Paris,
2378 2677 242 67 Delloye.

1657 2752 118 57 143.
1820 2751 265 57 Dramatic
2123 2752 198 57 Works
2362 2752 52 56 of
2447 2752 44 71 J.
2533 2751 97 57 W.
2673 2749 227 65 Goethe,

1538 2826 275 57 translated
1890 2827 127 56 from
2093 2827 85 56 the
2244 2827 230 56 German
2538 2826 69 72 by
2679 2826 223 71 Stopfer.

1538 2898 170 67 Paris,
1770 2898 95 57 Al.
1926 2899 245 65 Mesnier,
2239 2900 155 64 1828,
2443 2900 33 58 4
2518 2900 130 65 vols,
2691 2902 53 54 in
2784 2900 116 56 8vo.

1539 2973 234 71 (Initial).

1660 3050 116 56 144.
1820 3048 251 58 Goethe's
2118 3049 280 58 Gedichte.
2447 3049 268 71 Stuttgart,
2751 3048 152 63 1851,

1540 3125 52 55 in
1642 3124 79 56 18.
1851 3121 258 74 Egmond,
2152 3148 101 33 von
2293 3124 224 58 Goethe.
2597 3121 303 72 Stuttgardt,

1548 3198 155 64 1855,
1745 3199 53 56 in
1846 3198 80 56 18.

1661 3271 118 57 145.
1822 3270 268 58 Schiller's
2169 3273 334 57 Sammtliche
2577 3270 200 58 Werke
2853 3271 53 54 in

1539 3348 171 55 einem
1749 3346 195 57 Bande.
2023 3346 305 73 Stuttgardt,
2381 3349 155 56 1834.
2616 3346 138 57 Back
2805 3344 101 56 and

1539 3444 203 33 corners
1783 3421 52 56 of
1873 3444 267 43 morocco;
2180 3429 223 61 portrait.
2484 3421 192 69 (Initial
2718 3443 66 33 on
2822 3417 84 56 the

1540 3495 182 70 sides).

1652 3614 205 37 Dedication
1881 3616 33 34 in
1940 3615 120 36 Italian
2084 3614 116 43 signed
2224 3614 45 38 E.
2297 3614 43 37 de
2363 3615 41 37 F.

1665 3720 119 57 146.
1826 3720 265 57 Dramatic
2168 3718 196 59 Works
2443 3720 51 56 of
2554 3718 57 58 F.
2669 3716 234 62 Schiller,

1543 3795 279 57 translated
1879 3796 130 56 from
2065 3793 86 59 the
2203 3793 248 57 German.
2531 3793 169 63 Paris,
2753 3788 153 64 1821,

1544 3869 36 56 6
1637 3869 147 65 vols.,
1863 3872 53 53 in
1981 3871 119 54 8vo.
2203 3868 188 57 Violet
2469 3890 251 39 morocco,
2800 3862 104 74 gilt.

1545 3943 239 71 (Initial).

1666 4018 118 59 147.
1826 4017 174 58 Three
2058 4032 54 42 to
2170 4041 117 42 one,
2339 4042 32 32 a
2428 4014 234 73 comedy,
2709 4014 53 56 in
2805 4026 103 42 two

1544 4107 125 44 acts.
1747 4092 236 65 London,
2018 4090 49 70 }.
2112 4090 231 67 Hearne,
2395 4092 156 65 1850,
2593 4092 52 54 in
2685 4088 116 56 8vo.

1659 4197 167 37 Inscribed
1851 4197 84 37 from
1959 4197 56 37 the
2041 4196 116 38 author
2181 4205 34 28 to
2239 4197 100 37 Mile.
2366 4195 143 38 Rachel.
