3020 4361
164 119 80 43 160

239 209 73 37 Mr.
338 211 73 34 and.
432 211 86 35 Mrs.
552 211 42 36 T.
618 211 38 35 S.
700 211 165 35 Waldron
891 225 55 21 are
970 216 35 30 at
1034 216 131 35 present
1189 216 33 30 in
1246 210 102 39 Italy.
1414 210 97 40 They

152 253 73 35 will
268 259 78 30 visit
368 254 125 42 Rome,
521 255 175 40 Florence,
724 256 72 33 and
826 255 128 35 Venice
978 255 115 40 before
1118 255 85 35 their
1227 260 122 31 return.

150 298 89 35 Miss
261 298 95 35 Blue
382 304 25 30 is
432 304 137 37 visiting
592 300 163 34 Biarritz.

150 430 183 58 When
374 431 18 56 I
434 455 87 47 say
561 431 97 56 this
697 431 108 56 will
846 433 205 54 interest
1093 431 140 71 Italy,
1277 430 17 56 I
1343 454 163 40 mean,

150 505 263 71 naturally,
424 505 104 55 that
548 505 235 55 northern
806 505 123 71 Italy
943 505 108 55 will
1067 505 66 55 be
1148 505 361 71 disappointed

148 578 106 56 that
282 578 134 56 Miss
460 578 127 56 Blue
614 578 117 56 isn't
769 581 207 68 visiting
1017 578 243 71 Bologna.

261 652 94 56 On
395 652 84 56 the
519 652 141 56 other
717 652 153 65 hand,
914 657 29 17 *'
968 651 248 57 Stratford
1258 652 196 70 Gossip

150 724 125 56 does
340 740 89 41 not
491 726 190 69 merely
745 726 82 69 lay
890 726 136 54 itself
1083 740 86 40 out
1220 740 52 40 to
1336 724 173 71 please

150 799 274 73 foreigners
465 798 143 70 (who
654 798 322 72 presumably
1027 822 95 33 can
1167 798 104 57 find
1390 798 119 56 The

150 872 351 72 Shakespeare
560 873 242 55 Pictorial
923 896 66 32 on
1041 873 66 56 all
1159 872 84 56 the
1302 872 208 69 railway

150 949 208 53 stations
385 947 237 55 between
651 945 249 57 Stratford
926 945 103 56 and
1056 945 453 71 Constantinople)

150 1052 67 6 —
242 1024 37 53 it
300 1020 157 71 pokes
477 1020 85 56 the
583 1020 150 56 home
753 1020 86 55 fire
860 1019 66 56 all
947 1020 146 71 right.
1144 1019 274 71 Example:
1439 1056 68 5 —

340 1154 301 41 Congratulations
667 1159 32 30 to
727 1154 123 35 Canon
877 1154 72 35 and
971 1154 86 35 Mrs.
1084 1153 162 35 Melville
1271 1164 90 29 upon

213 1203 170 37 attaining
408 1199 54 34 the
487 1199 134 40 dignity
646 1198 45 39 of
707 1199 304 41 grandparentsge.
1067 1197 73 35 The
1166 1197 86 39 baby
1277 1202 26 30 is
1330 1203 32 29 to
1387 1196 40 35 be

179 1243 191 34 christened
394 1242 78 35 With
497 1242 130 40 Jordan
654 1248 100 29 water
778 1242 144 42 brought
946 1242 100 34 home
1082 1242 44 39 by
1149 1242 151 39 Captain
1326 1241 149 38 Manley

188 1287 127 41 James,
349 1286 45 36 V.
423 1287 42 36 C.
501 1286 72 35 and
594 1286 176 40 presented
787 1287 42 39 by
845 1286 90 35 Miss
951 1286 145 35 Ashwin
1111 1285 59 40 for
1188 1285 55 35 the
1260 1289 171 32 occasion.

146 1390 42 56 It
227 1392 147 54 omits
414 1403 52 41 to
507 1413 86 47 say
631 1389 137 55 what
806 1389 108 55 will
961 1387 66 56 be
1073 1387 135 57 done
1251 1387 131 56 with
1420 1387 86 55 the

143 1479 158 42 water
339 1463 126 56 after
503 1463 85 56 the
614 1465 256 54 occasion.
949 1462 240 56 Another
1223 1461 286 72 paragraph

143 1538 107 56 will
292 1537 166 71 surely
498 1540 205 53 interest
749 1560 250 47 everyone
1055 1536 118 56 who
1232 1536 87 54 has
1387 1536 89 54 sub-

146 1611 202 57 scribed
387 1626 52 41 to
477 1611 85 56 the
604 1606 275 61 Memorial
921 1610 223 55 Theatre
1168 1635 10 30 :
1213 1641 67 5 —

238 1743 73 36 The
336 1743 132 36 annual
496 1743 128 35 Tennis
658 1743 233 35 Tournament
914 1757 44 21 on
986 1743 54 35 the
1067 1743 170 35 Southern
1264 1742 99 35 Lane
1387 1748 119 29 courts

143 1789 75 35 Will
244 1789 40 34 be
301 1788 86 35 held
396 1788 92 39 from
512 1787 170 42 Tuesday,
710 1788 96 35 23rd
827 1787 96 42 July,
952 1793 32 29 to
1008 1787 186 40 Saturday,
1222 1787 91 34 27th
1338 1786 96 41 July,

144 1833 176 35 inclusive.
376 1831 92 36 That
484 1832 73 35 will
580 1832 38 35 he
642 1848 21 19 a
688 1832 83 39 busy
796 1832 93 39 Week
908 1832 59 40 for
990 1830 425 42 Stratford-upon-Avon,
1435 1845 36 20 as

143 1877 55 35 the
221 1876 239 43 Agricultural
480 1875 107 36 Show
613 1876 74 35 will
710 1876 42 35 he
778 1881 33 30 in
838 1888 153 30 progress
1016 1882 34 29 at
1075 1876 54 35 the
1151 1890 92 21 same
1269 1875 125 36 timed'

146 1980 145 55 How
329 1980 174 55 tactful
545 1982 42 53 is
627 1979 85 56 the
752 1980 170 55 writer
961 1979 54 55 of
1053 1978 97 56 this
1191 1978 212 71 Gossip,
1451 1980 52 54 in

147 2068 88 41 not
274 2055 177 69 saying
490 2068 51 41 at
579 2053 66 54 all
686 2053 216 70 brutally
941 2051 105 56 that
1097 2051 140 56 there
1288 2051 108 56 will
1436 2051 66 56 be

145 2126 162 56 rather
347 2126 99 56 less
485 2129 122 52 time
646 2126 76 56 for
754 2149 198 49 anyone
997 2140 52 41 to
1089 2139 83 57 get
1222 2124 161 57 bored
1434 2124 68 72 by

147 2200 351 71 Shakespeare
540 2200 108 55 thai
684 2200 148 56 week
856 2231 68 6 —
949 2199 233 71 anyhow.

255 2274 60 54 A
372 2274 102 56 few
538 2272 165 72 lapses
769 2297 153 31 occur
990 2275 52 52 in
1100 2272 97 55 this
1251 2272 250 55 excellent

142 2349 196 70 journal
367 2384 68 5 —
465 2349 125 54 from
655 2372 98 31 one
818 2347 50 55 of
931 2346 171 56 which
1167 2349 37 53 it
1266 2346 109 56 will
1434 2346 66 56 be

141 2421 213 57 difficult
380 2422 76 55 for
481 2421 85 56 the
608 2421 183 56 Editor
829 2435 52 42 to
915 2422 241 54 extricate
1195 2422 53 54 it.
1327 2419 173 57 There

141 2497 43 54 is
242 2520 30 31 a
329 2497 226 54 mention
613 2496 52 55 of
724 2495 104 56 Mr.
876 2495 241 56 William
1176 2492 162 57 Poel:
1380 2518 118 31 now

140 2567 138 56 what
316 2568 94 55 has
451 2567 104 56 Mr.
598 2568 126 55 Poel
764 2582 52 41 to
843 2567 69 56 do
951 2566 126 57 with
1115 2566 383 71 Shakespeare?

254 2641 93 56 On
385 2641 85 56 the
510 2641 143 56 other
689 2641 154 63 hand,
884 2641 139 56 there
1064 2642 41 53 is
1157 2665 30 30 a
1237 2639 260 73 charming

141 2717 207 67 portrait
386 2716 52 54 of
490 2714 136 56 Miss
679 2716 158 70 Joyce
895 2713 182 65 Bland,
1172 2737 55 32 as
1267 2713 230 71 Ophelia

141 2791 52 53 in
236 2793 10 18 '
272 2788 247 56 Hamlet'
617 2788 123 71 (you
780 2812 83 32 are
909 2802 88 42 not
1046 2802 52 41 to
1150 2788 210 56 confuse
1413 2787 84 57 the

138 2863 106 56 role
302 2863 127 56 with
486 2863 85 56 the
630 2863 141 56 other
830 2867 12 19 '
866 2862 264 71 Ophelia'
1189 2862 187 63 which,
1443 2886 53 32 as

136 2937 293 71 everybody
474 2937 196 64 knows,
731 2939 41 54 is
814 2938 52 55 in
1360 2934 135 57 Miss

138 3009 165 57 Bland
349 3010 89 56 has
496 3034 118 32 won
673 3034 29 31 a
762 3009 314 71 scholarship
1115 3022 49 42 at
1203 3008 83 56 the
1328 3009 167 70 Royal

137 3083 277 72 Academy
429 3085 52 55 of
496 3084 263 56 Dramatic
773 3083 127 64 Art;
919 3084 89 55 she
1023 3083 89 56 has
1129 3081 366 58 understudied

140 3156 135 58 Miss
302 3158 243 56 Tallulah
566 3158 277 56 Bankhead
863 3172 50 42 at
940 3156 82 56 the
1051 3156 176 55 Globe
1253 3154 240 65 Theatre,

137 3231 102 56 and
279 3231 88 56 has
407 3231 187 71 played
635 3234 52 53 in
781 3230 118 57 The
940 3231 251 55 Constant
1230 3229 211 71 Nymph

136 3328 66 32 on
242 3319 126 42 tour.
504 3305 60 56 A
604 3305 221 71 graceful
866 3305 155 71 figure
1060 3305 52 53 of
1152 3316 158 42 sweet
1350 3305 115 52 inno-

136 3403 160 33 cence
336 3381 52 55 in
428 3380 85 56 the
571 3380 102 55 first
719 3379 151 56 blush
927 3380 52 55 of
1232 3400 108 32 was
1388 3376 104 56 Mr.

137 3454 207 72 George
404 3454 94 57 W.
560 3452 193 57 Stark's
811 3452 187 56 tribute
1056 3454 53 53 in
1167 3450 84 56 the

141 3526 179 57 News.
395 3527 42 56 It
476 3527 125 56 does
631 3541 86 42 not
758 3549 86 47 say
882 3523 229 58 whether
1152 3522 136 56 Miss
1330 3522 165 57 Bland

136 3603 40 54 is
237 3601 286 57 American
588 3625 54 32 or
701 3598 248 74 English;
1009 3598 92 55 but
1158 3597 84 55 the
1300 3611 195 55 picture

133 3675 168 57 shows
377 3675 89 57 her
537 3677 52 53 in
673 3675 85 55 the
829 3672 309 70 well-fitting
1206 3671 289 54 traditional

134 3763 244 49 costume,
419 3748 126 57 with
583 3748 85 56 the
707 3746 288 57 traditional
1042 3746 312 68 expression,
1393 3743 102 56 and

136 3822 203 71 making
377 3846 30 32 a
447 3824 115 54 nice
597 3821 289 57 traditional
929 3833 214 59 gesture.
1175 3854 67 5 —
1271 3817 221 56 Well....

134 3920 126 47 poor
300 3893 231 75 Ophelia
554 3903 11 50 !

246 3969 175 57 There
481 3973 42 53 is
580 3993 65 32 an
700 3970 295 69 interesting
1051 3979 168 57 report
1283 3964 53 55 of
1410 3964 83 56 the

134 4043 355 72 Shakespeare
512 4043 242 71 Birthday
775 4042 354 61 celebrations,
1158 4036 119 68 and,
1305 4036 190 73 though

134 4119 39 54 it
211 4118 113 55 lack
383 4119 83 54 the
524 4118 268 55 brilliance
852 4119 47 52 of
962 4115 228 56 Hannen
1237 4111 256 56 Swaffer's

1556 225 167 56 report
1750 211 52 56 of
1839 210 85 57 the
1951 235 135 33 same
2126 226 166 51 event,
2334 213 38 55 it
2410 211 113 57 tells
2564 235 57 33 us
2649 211 118 59 how
2794 214 115 72 ably

1557 308 150 47 every
1746 284 121 56 land
1906 287 52 54 in
1996 285 84 56 the
2126 286 162 56 world
2316 285 89 56 has
2446 285 133 57 been
2619 286 184 56 beaten
2842 312 67 48 up

1556 373 52 40 to
1648 357 126 56 send
1815 361 50 52 in
1906 361 62 52 its
2008 360 111 70 flag.
2221 360 61 54 A
2340 359 242 72 Birthday
2629 360 280 60 Luncheon

1556 454 105 33 was
1700 431 121 57 held
1848 455 53 32 as
1930 432 159 65 usual,
2111 432 101 56 and
2240 459 31 29 a
2297 432 253 73 flashlight
2594 432 315 75 photograph

1556 505 149 55 taken
1764 505 343 72 immediately
2165 510 134 67 prior
2356 521 52 41 to
2465 507 85 56 the
2610 507 296 59 Luncheon.

1558 578 41 56 It
1656 580 222 55 reminds
1956 604 96 31 one
2130 582 50 53 of
2238 581 143 56 those
2452 581 342 72 photographs
2859 586 50 53 of

1557 652 216 71 College
1815 653 462 57 Commemoration
2337 653 134 73 Day,
2530 656 127 54 with
2706 656 67 54 all
2826 656 83 57 the

1554 726 170 71 happy
1763 741 200 56 parents
2003 727 288 56 assembled
2319 731 52 53 in
2409 752 30 32 a
2489 728 271 57 miserable
2810 746 99 41 sort

1556 801 52 53 of
1644 823 116 47 way
1783 825 11 31 :
1836 814 88 42 not
1949 825 29 31 a
2005 823 120 49 very
2151 802 248 56 fortunate
2427 802 331 71 photograph.

1667 872 125 57 One
1857 874 50 55 of
1977 888 243 57 strangest
2271 878 266 53 omissions
2615 875 127 56 from
2810 875 97 58 this

1619 945 349 73 Shakespeare
2034 948 240 56 Pictorial
2401 952 42 53 is
2507 949 105 56 that
2662 949 139 57 there
2866 954 41 52 is

1557 1020 209 71 nothing
1812 1024 51 52 in
1919 1023 37 53 it
2006 1020 172 56 which
2229 1022 204 55 informs
2484 1046 100 48 you
2629 1023 156 56 about
2823 1023 84 57 the

1556 1094 194 56 famous
1789 1095 123 55 beer
1938 1094 105 56 that
2083 1098 42 52 is
2172 1095 210 56 brewed
2436 1110 50 42 at
2539 1096 365 58 Stratford-on-

1557 1168 178 63 Avon,
1757 1168 101 55 and
1888 1168 18 55 I
1935 1183 131 40 must
2107 1192 86 47 say
2220 1169 104 54 that
2352 1169 352 72 Shakespeare
2730 1171 177 56 would

1557 1254 89 41 not
1688 1240 128 56 have
1868 1241 140 56 liked
2033 1240 107 56 that
2179 1255 52 42 to
2277 1242 66 55 be
2394 1242 227 56 omitted.
2727 1244 181 57 Subtle

1558 1314 349 72 Shakespeare
1945 1339 115 47 may
2092 1315 128 57 have
2246 1315 150 65 been,
2426 1316 91 56 but
2554 1317 63 55 he
2657 1342 105 31 was
2801 1319 107 56 also

1556 1387 316 73 downright;
1912 1389 101 55 and
2052 1411 81 35 we
2159 1390 128 54 have
2325 1390 158 57 heard
2521 1390 106 57 that
2663 1390 85 57 the
2786 1392 122 56 beer

1554 1460 140 57 there
1740 1463 42 54 is
1835 1485 56 32 so
1935 1462 151 55 much
2144 1462 261 71 improved
2465 1466 141 53 since
2655 1463 85 56 the
2791 1489 117 33 new

1556 1537 171 69 spring
1778 1536 52 54 of
1862 1550 156 40 water
2061 1560 107 32 was
2213 1536 317 66 discovered,
2570 1537 106 56 that
2720 1541 37 52 it
2796 1541 42 53 is
2878 1564 29 30 a

1553 1611 108 68 pity
1719 1608 182 57 should
1966 1610 98 55 this
2131 1610 328 57 world-wide
2517 1612 390 56 advertisement

1552 1681 231 72 drawing
1810 1686 245 52 attention
2080 1697 52 41 to
2163 1683 528 57 Stratford-on-Avon
2730 1684 87 56 fail
2856 1701 50 39 at

1552 1754 84 57 the
1664 1780 137 31 same
1839 1758 122 53 time
1999 1771 52 40 to
2090 1756 142 57 draw
2271 1759 245 54 attention
2554 1772 52 41 to
2644 1758 84 56 the
2766 1758 138 56 beer.

1664 1829 110 56 We
1813 1853 113 47 may
1967 1829 310 57 understand
2337 1830 350 72 Shakespeare
2727 1856 55 32 or
2820 1847 87 41 not

1552 1927 53 32 as
1646 1927 81 32 we
1785 1904 119 64 like,
1958 1904 90 56 but
2107 1905 70 55 let
2232 1904 140 56 there
2429 1905 66 55 be
2554 1930 66 31 no
2680 1905 226 72 possible

1550 1977 192 55 chance
1783 1978 52 54 of
1892 1978 498 71 misunderstanding
2447 1978 155 56 about
2640 1978 85 57 the
2765 1979 137 56 beer.

1661 2050 155 56 After
1854 2051 65 55 all
1963 2054 38 52 it
2039 2054 42 52 is
2121 2051 84 55 the
2263 2055 135 52 main
2455 2051 158 73 thing,
2663 2053 118 54 isn't
2828 2055 76 54 it?

1662 2124 239 56 Business
1942 2124 183 57 should
2164 2125 67 55 be
2269 2125 250 56 business.

2343 2197 216 57 Scotson
2608 2198 290 70 Umbridge.
