3013 4322
2751 91 79 44 159

403 173 338 43 SELFRIDGE
769 173 43 42 &
855 173 113 47 CO.,
1012 174 139 44 LTD.

516 246 246 55 (Registered
808 248 38 39 in
895 247 142 54 1908).

193 334 130 42 Issued
341 334 168 53 Capital,
529 334 43 45 £
590 334 247 47 3,146,097.
884 334 115 42 Loan
1016 336 156 52 Capital
1190 338 256 49 outstanding,

106 414 47 29 XJ
186 394 188 47 263,400
407 394 23 40 5
448 394 38 57 °/
489 421 17 20 0
539 393 227 41 Debenture
804 392 144 42 Bonds.

265 474 121 43 Year.
522 473 81 41 Net
633 473 134 41 Profit.
969 473 214 42 Dividend.

261 548 128 42 1926
483 545 44 45 £
560 546 103 41 489
671 546 122 46 JOS
895 545 118 56 15*/
1016 573 17 21 0
1073 547 199 48 Tax-free.

259 606 132 42 1927
497 623 17 18 »
567 605 227 46 821,122
885 606 68 40 20
971 606 58 55 °/Q
1063 606 71 40 less
1172 606 101 42 Tax.

259 664 130 43 1928
497 683 20 19 »
564 662 231 47 461,578
885 663 68 41 20
972 663 59 57 %
1065 665 73 39 less
1174 663 101 42 Tax.

257 722 131 43 1929
496 740 17 19 »
563 720 229 48 463,124
884 721 138 58 20°/o
1054 722 71 41 less
1164 722 101 42 Tax.

423 853 38 50 J.
497 851 208 44 LYONS
734 853 43 42 &
819 853 110 48 CO.,
971 853 137 42 LTD.

189 929 129 41 Issued
350 926 170 54 Capital,
553 923 51 56 £
624 926 247 47 8,388.338.
933 927 114 41 Loan
1070 926 155 52 Capital
1247 927 176 42 outstand-

104 991 74 49 ing,
213 986 43 46 £
290 987 206 47 512,609.

350 1067 118 43 Year.
610 1068 81 41 Net
723 1066 121 43 Profit
981 1065 234 43 Dividends.

347 1141 128 41 1926
577 1140 44 45 £
654 1140 230 47 754,960
974 1139 63 42 21
1068 1141 35 51 l;
1108 1156 26 34 4
1153 1140 38 55 f
1192 1171 17 24 0

344 1199 133 42 1927
587 1217 18 18 »
653 1198 231 48 757,160
974 1197 62 42 21
1068 1199 36 55 1\
1105 1214 27 34 4
1150 1201 59 54 %

344 1258 131 41 1928
587 1277 18 18 »
657 1256 227 48 832,516
976 1256 69 41 22
1070 1259 36 55 !/
1108 1273 26 33 2
1151 1256 18 25 0
1171 1256 18 54 /
1190 1288 19 24 0

343 1317 130 40 1929
585 1333 20 19 »
656 1315 226 47 908,950
972 1315 68 41 22
1072 1314 38 55 //
1110 1332 26 34 2
1152 1314 57 57 %

144 1485 18 62 I
206 1507 84 40 HE
330 1517 136 30 same
506 1493 123 54 kind
668 1493 52 54 of
758 1491 141 72 thing
945 1495 40 52 is
1043 1491 291 73 happening
1391 1495 52 54 in

243 1565 598 71 Stratford-upon-Avon
875 1565 104 55 that
1018 1568 40 52 is
1099 1566 251 69 practised
1391 1569 49 52 in

102 1639 165 70 Drury
309 1639 159 63 Lane,
508 1639 117 70 they
663 1662 84 31 are
786 1641 163 68 trying
987 1653 51 39 to
1077 1637 145 55 make
1261 1662 181 47 money

99 1711 122 56 with
240 1711 238 56 Theatre.
544 1711 150 71 They
713 1735 84 31 are
823 1714 163 67 trying
1011 1725 52 39 to
1090 1711 143 55 make
1260 1734 180 48 money

99 1800 84 39 out
247 1785 52 54 of
362 1784 365 71 Shakespeare,
791 1784 154 54 down
1009 1784 153 54 there.
1232 1784 18 54 I
1313 1784 127 57 have

98 1860 221 68 recently
358 1881 120 32 seen
578 1857 117 56 The
734 1857 348 70 Shakespeare
1120 1857 262 56 Pictorial:
1411 1883 29 31 a

99 1931 223 71 monthly
388 1931 278 54 illustrated
731 1930 256 55 chronicle
1044 1931 51 53 of
1151 1945 173 40 events
1388 1933 51 52 in

99 2005 346 54 Shakesoeare
485 2003 135 56 land.
762 2003 17 55 I
808 2002 69 56 do
902 2017 88 41 not
1028 2003 151 55 know
1217 2003 225 56 whether

296 2061 15 13 £.

98 2077 94 56 this
215 2077 240 70 Monthly
478 2078 40 54 is
539 2076 194 71 worthy
753 2076 51 56 of
824 2076 614 71 Stratford-upon-Avon,

99 2153 50 52 in
196 2151 136 54 1929
370 2149 93 56 but
501 2152 36 53 it
576 2149 174 56 would
789 2172 127 32 even
955 2149 68 56 do
1048 2149 192 55 honour
1266 2165 50 39 to
1357 2151 82 54 the

99 2223 126 55 local
286 2223 227 55 Brewers
572 2223 194 62 Union,
808 2223 38 53 if
901 2222 138 54 there
1078 2245 135 33 were
1249 2223 123 55 such
1410 2247 29 31 a

97 2295 193 64 Union,
329 2295 101 55 and
471 2298 37 52 it
546 2294 102 56 had
689 2298 61 52 its
776 2294 357 70 headquarters
1160 2309 49 41 at
1237 2294 202 72 Paisley

99 2372 49 52 in
200 2369 263 56 Scotland,
545 2368 39 54 it
642 2368 189 56 bustles
891 2368 348 71 Shakespeare
1289 2369 150 71 along

97 2445 96 66 just
249 2466 54 31 as
362 2443 37 54 if
455 2441 63 55 he
573 2464 135 33 were
764 2466 30 30 a
844 2441 120 70 jolly
1004 2441 86 55 old
1131 2440 228 59 Brewer:
1401 2445 37 52 it

96 2514 162 70 jollies
299 2537 68 48 up
407 2514 83 56 the
529 2528 162 42 actors
731 2537 53 31 as
812 2513 189 71 though
1051 2513 116 71 they
1223 2537 136 33 were
1410 2539 28 31 a

97 2587 68 55 lot
228 2587 52 55 of
343 2586 318 71 melancholy
738 2586 346 56 unsuccessful
1153 2586 285 56 tradesmen

94 2660 116 54 who
249 2660 102 56 had
390 2675 52 41 to
484 2670 64 46 be
586 2659 172 71 taught
797 2660 104 56 that
940 2660 351 70 Shakespeare
1336 2661 101 56 had

94 2732 135 56 done
271 2732 239 71 England
549 2758 29 30 a
616 2756 174 47 power
828 2733 52 55 of
918 2732 149 73 good.

202 2803 131 56 This
372 2806 107 53 also
518 2829 94 31 can
650 2805 67 55 be
756 2806 109 54 said
904 2807 74 53 for
1016 2805 84 55 the
1125 2807 218 69 journal:
1372 2830 66 32 on

94 2880 61 54 its
205 2878 265 70 title-page
522 2881 37 52 it
609 2878 273 56 advertises
939 2878 84 56 the
1075 2878 362 57 Stratford-on-

93 2951 160 54 Avon
294 2951 376 71 Hippodrome,
709 2951 102 56 and
850 2954 61 53 its
951 2974 148 47 many
1131 2954 303 54 attractions.

90 3023 163 65 Thus,
295 3047 66 32 on
402 3024 129 70 May
570 3024 91 55 6th
709 3047 81 33 we
844 3038 81 57 get
1035 3024 164 56 THE
1252 3026 183 54 GIRL

94 3097 220 56 FROM
358 3097 272 56 REVUE
742 3097 102 56 and
962 3097 476 57 SOMETHING

92 3169 348 56 ALWAYS
482 3169 392 64 HAPPENS;
976 3193 66 32 on
1094 3170 129 70 May
1275 3172 158 63 22nd,

153 3243 163 56 THE
358 3243 219 56 FIFTY
617 3243 220 56 FIFTY
864 3243 207 63 GIRL;
1155 3244 124 56 from
1308 3245 129 69 May

93 3316 123 55 30th
236 3332 51 39 to
304 3316 129 70 June
464 3318 11 53 1
493 3332 58 48 st,
630 3315 159 56 RED
813 3316 199 55 HAIR
1094 3318 100 54 and
1270 3318 165 56 THE

90 3388 253 55 NIGHT
381 3389 103 56 OF
530 3389 166 54 HER
748 3388 181 55 LIFE.

201 3462 57 72 €jj
297 3462 131 55 This
456 3464 42 53 is
526 3462 319 70 presumably
870 3462 84 56 the
987 3462 203 72 leading
1217 3465 189 69 picture-

93 3534 154 57 house
286 3536 51 55 of
375 3535 84 57 the
498 3535 168 56 bard's
706 3531 296 75 birthplace.

201 3609 58 71 €J
299 3609 128 55 Side
466 3609 68 69 by
569 3609 109 54 side
717 3609 125 54 with
879 3609 97 54 this
1015 3624 418 49 announcement,

92 3681 166 57 which
285 3705 115 32 runs
430 3681 153 56 down
610 3705 29 32 a
666 3682 218 62 column,
913 3685 41 52 is
981 3681 207 56 another
1213 3682 219 62 column,

92 3757 171 69 saying
303 3755 135 54 what
478 3756 42 53 is
559 3769 51 40 to
645 3753 65 56 be
738 3753 135 56 done
899 3769 50 40 at
973 3753 85 56 the
1085 3753 349 70 Shakespeare

93 3826 270 58 Memorial
391 3827 314 71 Temporary
732 3827 223 56 Theatre
978 3864 67 5 —
1119 3827 166 55 Much
1305 3827 130 56 Ado

92 3898 181 58 About
337 3899 245 71 Nothing,
772 3898 251 57 Macbeth
1207 3898 227 57 Twelfth

90 3972 174 72 Night,
386 3973 101 56 and
546 3996 138 33 some
743 3972 141 56 other
941 3973 176 70 plays:
1183 3970 90 56 but
1335 3972 98 54 this

87 4048 202 55 column
367 4047 140 54 looks
577 4049 99 68 just
738 4071 29 29 a
831 4045 127 55 little
1029 4044 237 70 stuck-up
1329 4044 103 56 and

1493 180 193 69 foreign
1749 178 67 71 by
1879 178 83 56 the
2026 178 109 56 side
2199 180 52 54 of
2319 178 84 56 the
2468 178 361 60 Stratford-on-

1494 252 159 56 Avon
1693 252 358 70 Hippodrome
2077 253 401 55 advertisement.
2555 252 145 57 Thus
2727 256 103 54 that

1493 324 87 56 old
1607 324 263 56 fashioned
1898 324 363 71 Shakespeare,
2285 326 83 54 the
2404 324 215 73 English
2644 351 115 41 one,
2787 331 42 52 is

1493 398 219 55 worsted
1740 399 51 54 in
1818 397 83 56 the
1927 398 101 55 first
2053 399 161 55 round
2234 423 65 32 on
2321 398 82 55 the
2425 399 100 55 first
2544 421 156 49 page:
2728 402 101 54 and

1491 493 98 46 you
1641 469 155 56 heard
1839 470 136 55 them
2020 470 204 71 playing
2469 494 114 32 man

1493 566 64 30 on
1580 541 389 70 Shakespeare's
1990 543 233 71 birthday
2242 544 165 56 didn't
2425 567 115 47 you,
2564 544 89 56 Mr
2680 545 111 56 Han-

1493 637 97 33 nen
1613 614 227 63 Swaffer,
1862 615 154 55 while
2036 619 208 69 waiting
2263 632 51 40 to
2337 641 84 31 see
2448 618 82 54 the
2559 619 267 71 unfurling,

1491 689 52 53 of
1579 688 84 54 the
1702 690 127 69 sixty
1854 689 110 54 four
1990 689 118 71 flags
2134 721 61 5 —
2221 691 197 55 colours
2445 691 52 55 of
2521 691 66 55 all
2614 695 213 53 nations.

1600 760 237 56 Another
1881 761 141 71 thing
2065 761 104 55 that
2214 762 226 72 possibly
2484 764 113 54 tells
2637 768 193 67 against

1491 832 347 70 Shakespeare
1889 832 313 73 (comparing
2252 835 140 56 these
2444 850 101 41 two
2601 837 226 56 columns

1490 906 51 53 of
1561 905 83 56 the
1684 906 360 71 Hippodrome
2082 907 100 56 and
2209 907 84 56 the
2318 908 312 72 Temporary
2657 908 136 56 Thea-

1490 980 95 68 tre)
1626 981 40 53 is
1706 980 105 55 that
1848 981 84 54 the
1973 981 359 70 Hippodrome
2371 987 145 50 oilers
2557 985 61 52 its
2670 1006 159 47 merry

1490 1055 381 54 entertainment
1909 1069 50 40 at
2017 1055 13 53 1
2047 1053 108 68 /6d.
2209 1069 52 40 to
2318 1055 105 62 6d.,
2475 1055 224 55 whereas
2745 1056 84 56 the

1490 1123 348 73 Shakespeare
1909 1128 163 68 prices
2135 1150 84 32 are
2282 1126 206 71 higher;
2554 1128 117 70 they
2745 1152 84 32 are

1490 1198 33 55 8
1551 1197 105 66 6d.,
1708 1199 101 55 and
1860 1198 83 56 the
1995 1199 179 56 lowest
2224 1201 42 53 is
2326 1201 12 54 1
2356 1199 109 69 /2d.
2519 1201 123 55 One
2685 1225 106 31 won-

1489 1270 114 56 ders
1641 1270 118 56 who
1796 1272 107 56 will
1942 1286 158 42 waste
2135 1274 13 54 1
2164 1291 14 49 /
2188 1272 86 56 2d.
2328 1310 67 5 —
2448 1273 82 56 the
2569 1277 258 53 minimum

1490 1367 108 33 sum
1663 1376 68 5 —
1796 1368 66 32 on
1927 1345 363 70 Shakespeare,
2348 1345 149 56 when
2548 1347 63 56 he
2675 1348 151 56 could

1489 1441 85 31 see
1675 1416 205 58 BABY
1919 1418 197 56 MINE
2199 1442 64 32 on
2291 1419 83 56 the
2402 1443 173 32 screen
2601 1422 74 54 for
2702 1422 85 54 6d.
2806 1428 21 48 ?

1598 1490 48 78 €j
1696 1491 80 55 At
1815 1491 245 56 Stratford
2100 1498 108 49 too!

1599 1564 48 54 @
1696 1564 190 56 Unless
1931 1588 97 47 you
2069 1587 95 33 can
2192 1565 92 53 sell
2324 1564 348 71 Shakespeare
2710 1579 51 41 at
2798 1589 29 31 a

1487 1636 155 55 lower
1674 1636 170 70 figure,
1872 1662 55 30 or
1964 1651 50 41 at
2051 1637 126 55 least
2214 1651 49 41 at
2300 1637 83 55 the
2423 1662 134 31 same
2596 1640 139 67 price
2773 1663 53 30 as

1486 1709 104 55 that
1609 1710 74 56 for
1702 1710 170 56 which
1898 1711 82 55 the
2008 1710 227 56 Pictures
2262 1734 84 32 are
2374 1711 126 62 sold,
2542 1711 284 56 difficulties

1486 1805 112 47 may
1636 1806 124 32 soon
1805 1806 121 46 crop
1971 1806 84 47 up.
2152 1782 76 55 Of
2271 1806 177 32 course
2486 1806 29 32 a
2552 1784 274 54 wholesale

1486 1855 164 56 attack
1670 1880 65 32 on
1755 1856 84 56 the
1867 1857 245 62 Pictures,
2136 1860 138 51 since
2301 1860 37 51 it
2366 1858 40 54 is
2435 1856 388 71 Shakespeare's

1486 1942 154 49 town,
1688 1928 156 71 might
1887 1928 65 56 be
2004 1930 291 62 successful,
2337 1930 36 53 if
2409 1952 98 47 you
2548 1930 152 54 could
2746 1944 81 55 get

1484 2001 66 54 all
1598 2001 237 71 England
1875 2016 51 41 to
1970 2022 146 50 agree
2154 2002 106 55 that
2296 2001 84 56 the
2420 2002 227 55 Pictures
2691 2025 135 33 were

1484 2088 52 41 to
1574 2074 66 56 be
1683 2074 251 56 excluded
1974 2077 124 53 from
2138 2074 539 56 Stratford-on-Avon.

1654 2147 117 56 The
1830 2147 347 70 Shakespeare
2235 2147 238 56 Pictorial
2597 2149 228 54 contains

1484 2245 144 31 come
1655 2224 116 52 nice
1810 2222 179 70 simple
2028 2217 127 59 little
2195 2222 230 54 features.
2503 2219 122 57 One
2670 2234 51 41 to
2760 2220 66 55 be

1485 2294 160 56 found
1673 2318 65 32 on
1767 2316 129 49 page
1938 2294 28 55 7
2009 2295 42 54 is
2091 2293 181 56 called.

1570 2434 197 56 HOW
1810 2432 234 56 MUCH
2098 2432 111 56 DO
2248 2432 169 56 YOU
2459 2432 279 56 KNOW?

1720 2587 23 15 44
1767 2578 148 42 Which
1947 2579 119 41 house
2096 2580 30 40 is
2156 2577 193 53 supposed
2382 2588 38 31 to
2451 2578 49 40 be
2532 2577 63 41 the

1652 2637 159 51 original
1842 2637 115 41 home
1988 2637 42 41 of
2060 2636 64 41 the
2157 2636 267 52 Shakespeare
2455 2635 133 52 family
2605 2641 17 37 7

1652 2704 8 15 4
1668 2705 7 14 4
1698 2695 111 43 Who
1840 2712 103 26 were
1976 2695 64 41 the
2072 2706 190 30 ancestors
2291 2695 42 40 of
2364 2694 117 52 Mary
2511 2694 149 41 Arden

1853 2753 320 56 (Shakespeare's
2204 2752 159 42 Mother
2380 2754 35 51 7)

1691 2821 24 15 44
1738 2811 150 44 Where
1919 2813 30 40 is
1980 2810 302 54 Shakespeare's
2314 2810 231 42 Crab-Tree
2562 2815 17 37 7

1482 2967 51 41 et
1594 2966 182 42 cetera.
1879 2951 130 56 And
2073 2966 49 41 at
2178 2951 84 56 the
2319 2951 192 54 bottom
2568 2952 41 52 is
2666 2949 157 55 found

1543 3026 250 54 Answers
1833 3048 66 32 on
1940 3024 137 71 Page
2117 3024 49 56 7.
2270 3061 67 4 —
2379 3047 56 32 so
2467 3046 97 47 you
2594 3036 81 57 get
2700 3046 123 46 your

1484 3101 256 68 questions
2143 3097 106 56 and
1969 3121 124 47 your
2149 3121 219 32 answers
2434 3098 50 53 in
2548 3095 82 55 the
2689 3118 134 32 same

1482 3172 238 63 number;
1759 3196 31 32 a
1829 3186 100 42 sort
1966 3172 52 54 of
2056 3170 124 64 crib,
2234 3194 55 31 so
2340 3170 104 55 that
2488 3169 173 70 Jackie
2712 3192 113 47 may

1481 3268 144 32 come
1664 3244 154 56 down
1857 3247 52 53 in
1947 3244 84 56 the
2070 3247 229 67 morning
2336 3243 100 56 and
2475 3243 202 68 explain
2721 3241 104 55 that

1480 3318 63 56 he
1565 3319 174 55 knows
1760 3319 67 53 all
1848 3318 154 54 about
2030 3316 346 72 Shakespeare
2402 3315 212 56 without
2639 3314 186 70 having

1480 3414 96 47 any
1616 3390 197 56 trouble
1851 3414 118 32 over
2008 3393 52 52 it.
2102 3390 59 55 A
2208 3391 256 69 suspicion
2516 3390 41 52 is
2610 3388 213 54 aroused

1480 3464 67 71 by
1574 3464 96 56 this
1692 3464 330 70 publication,
2063 3462 170 56 which
2291 3465 41 52 is
2359 3460 224 57 whether
2627 3483 196 47 anyone

1481 3536 174 56 knows
1694 3536 119 70 why
1851 3535 348 70 Shakespeare
2237 3558 105 31 was
2387 3534 143 62 born,
2583 3556 55 32 or
2688 3531 138 56 what

1481 3624 99 40 sort
1618 3610 52 54 of
1707 3609 141 71 thing
1876 3609 347 69 Shakespeare
2249 3606 154 56 liked.

1590 3682 111 56 We
1739 3682 156 70 might
1932 3681 128 56 have
2098 3681 184 56 doubts
2322 3680 155 54 about
2502 3677 224 56 whether
2759 3677 63 56 he

1479 3755 174 55 would
1702 3755 128 55 have
1881 3755 150 55 much
2081 3756 229 68 pleasure
2362 3755 51 53 in
2464 3751 83 54 the
2599 3751 122 54 kind
2771 3752 54 53 of

1480 3850 142 48 game
1661 3828 157 71 being
1856 3827 184 71 played
2079 3841 50 41 at
2168 3826 247 56 Stratford
2454 3849 65 31 on
2569 3824 177 55 Avon.

1588 3899 171 57 There
1799 3903 41 52 is
1879 3923 64 32 an
1983 3899 249 56 excellent
2257 3920 128 49 page
2425 3921 50 32 or
2576 3896 245 55 Stratford

1480 3973 209 71 Gossip,
1792 3997 139 33 some
1970 3976 170 68 pieces
2181 3973 52 55 of
2281 3970 169 58 which
2506 3993 84 32 are
2647 3969 175 55 bound

1478 4061 51 40 to
1569 4048 203 53 interest
1814 4047 174 54 Italian
2027 4044 200 57 readers
2268 4081 68 4 —
2376 4044 74 55 for
2501 4042 245 71 example.
