3008 4285
2746 94 78 43 163

214 177 40 53 It
288 178 38 52 is
362 179 268 63 interesting
663 193 48 39 to
734 192 109 41 note
866 179 98 53 that
985 179 52 54 of
1059 182 80 53 the
1162 182 155 53 whole
1340 183 105 59 five,

114 243 112 63 only
260 243 195 63 Murray
488 247 166 51 misses
705 245 78 53 the
829 245 132 53 word

114 331 28 29 a
166 376 10 8 _
197 308 94 64 dog
500 309 207 63 dog-like
923 313 271 63 watch-dog
1359 313 92 52 and

114 375 184 58 misses,
336 388 98 45 too,
532 375 123 52 head
688 398 62 30 on
790 397 119 31 arms
1088 379 113 52 with
1236 378 121 53 head
1391 400 62 31 on

114 439 127 53 hand
438 440 215 65 propped
702 464 62 29 on
815 464 92 30 one
964 464 96 30 arm
1086 442 56 54 ''.
1258 444 195 62 Murray

115 506 130 60 gives
281 526 54 32 us
354 536 62 7 —

381 619 23 13 44
421 623 167 41 watching
612 624 255 41 elbow-stayed,

201 666 55 35 As
278 666 234 35 sleuthhounds
535 667 125 41 watch,
688 668 102 35 above
813 667 56 36 the
892 667 194 36 Atreidae's
1110 667 67 36 hall
1194 668 39 42 **,

203 736 24 12 44
243 739 101 35 while
355 738 147 36 couched
514 753 86 27 upon
612 739 55 36 the
680 739 192 36 Atreidae's
884 740 70 35 roof
965 740 192 40 dogfashion
1171 755 42 20 on
1229 754 55 27 my
1302 742 94 34 arms'

115 854 106 40 says
256 831 253 53 Headlam.

205 947 23 12 **
245 949 152 41 Propped
420 964 42 21 on
486 964 62 20 one
573 964 80 27 arm,
681 964 85 26 upon
790 949 55 36 the
868 950 200 41 palace-roof

203 994 51 34 Of
277 994 136 34 Atreus*

118 1115 105 41 says
259 1093 281 53 Morshead.
615 1094 123 53 And
773 1094 252 65 Campbell
1043 1127 62 6 —

222 1209 8 11 4
246 1211 162 37 Couched
432 1227 43 20 on
499 1211 55 36 the
578 1212 174 36 Airidae's
776 1212 185 42 house-top,
986 1211 64 37 like
1074 1228 19 20 a
1116 1213 76 41 dog,

205 1255 100 36 With
328 1256 87 35 head
438 1270 43 20 on
504 1256 102 42 hand,
633 1256 65 35 and
721 1256 233 36 ever-wakeful
978 1270 61 26 eye

117 1357 76 51 Sir
230 1355 169 64 Henry
435 1355 196 64 Sharp's
669 1354 92 55 line
796 1377 107 31 runs
922 1388 62 6 —

208 1467 22 12 44
248 1470 100 40 Upon
372 1469 54 36 the
449 1470 194 35 Atreidae's
666 1470 83 42 roof,
775 1470 121 42 where,
922 1470 86 36 head
1030 1484 43 22 on
1098 1485 94 27 arms,

206 1513 173 42 Dog-like,
406 1514 12 34 I
444 1514 88 34 learn
545 1538 42 5 —
652 1523 64 27 etc.

218 1613 168 54 While
439 1615 17 50 I
509 1613 92 54 like
641 1615 140 52 much
829 1616 51 51 in
930 1615 74 52 Sir
1057 1615 168 62 Henry
1258 1615 197 64 Sharp's

119 1678 285 60 translation,
444 1678 18 52 I
498 1678 63 52 do
597 1693 80 38 not
712 1678 91 53 like
837 1679 72 52 his
945 1693 127 49 stage
1116 1678 249 53 directions
1411 1693 47 38 at

119 1744 78 52 all.
268 1743 76 52 Of
377 1744 80 52 the
491 1744 265 53 translators
794 1745 16 52 I
846 1745 119 52 have
1011 1744 286 61 mentioned,
1346 1745 111 63 only

119 1808 193 53 Gilbert
345 1808 196 62 Murray
565 1809 91 52 and
689 1810 77 52 Sir
800 1809 170 63 Henry
1006 1809 186 63 indulge
1232 1811 48 51 in
1323 1810 134 52 these

119 1872 271 54 directions.
463 1874 41 50 If
554 1874 257 62 /Eschylus
847 1875 83 51 has
964 1889 81 38 not
1078 1874 173 63 clearly
1295 1874 162 53 drawn

119 1940 80 52 the
236 1961 158 38 scene,
432 1938 250 55 described
714 1940 80 53 the
828 1942 203 61 position
1064 1940 52 53 of
1149 1941 79 52 the
1270 1941 187 62 solitary

119 2004 261 52 watchman
414 2006 48 50 in
495 2004 79 52 the
621 2027 157 38 scene,
816 2007 138 61 given
998 2007 71 51 his
1115 2020 225 49 gestures,
1384 2007 71 51 his

122 2068 122 60 face,
287 2068 93 52 and
402 2097 65 8 —
489 2069 174 64 though
715 2069 16 52 I
785 2084 169 39 cannot
997 2069 112 54 read
1158 2070 178 60 Greek,
1383 2070 74 53 I'd

122 2156 148 30 swear
305 2149 48 37 to
387 2135 35 51 it
439 2163 64 8 —
521 2157 119 30 even
679 2137 137 62 given
867 2158 54 31 us
966 2137 117 52 each
1123 2150 109 39 tone
1283 2137 52 52 of
1384 2138 71 51 his

121 2200 152 58 voice,
311 2200 112 52 then
456 2199 258 63 /Eschylus
748 2215 80 37 too
851 2201 39 51 is
916 2203 47 50 in
985 2200 172 64 danger
1181 2200 51 53 of
1266 2201 158 54 becom-

121 2266 78 62 ing
234 2288 26 29 a
295 2266 144 61 myth.

221 2330 128 52 Now
383 2330 110 53 how
526 2328 115 55 does
670 2331 75 52 Sir
769 2330 168 63 Henry
960 2331 151 65 Sharp
1135 2331 214 54 describe
1368 2332 89 52 this

122 2396 95 50 first
251 2417 140 32 scene
410 2402 22 47 ?
451 2425 62 5 —

169 2497 73 36 The
264 2512 97 22 scene
383 2498 107 36 shows
515 2498 54 36 the
587 2499 97 40 front
707 2500 45 40 of
769 2500 54 35 the
837 2500 120 40 palace
974 2500 46 40 of
1025 2500 240 44 Agamemnon
1283 2507 36 30 at
1332 2502 125 42 Argus,

122 2542 129 40 Before
275 2542 55 35 the
352 2543 119 39 palace
495 2558 55 20 are
572 2544 129 41 ranged
722 2544 100 35 altars
845 2545 72 34 and
938 2549 126 37 images
1091 2545 46 40 of
1161 2545 54 35 the
1244 2545 108 40 Gods.
1403 2546 57 35 On

122 2585 56 35 the
201 2586 83 39 roof
298 2587 114 34 stands
436 2587 55 34 the
522 2586 213 36 Watchman.
783 2588 32 34 It
838 2593 26 30 is
886 2589 99 42 night

123 2655 135 53 How
291 2655 115 54 does
441 2656 190 55 Gilbert
665 2657 193 64 Murray
891 2657 216 55 describe
1142 2661 34 51 it
1194 2665 21 48 ?
1232 2686 65 9 —

127 2765 26 13 44
171 2766 75 37 The
268 2766 108 37 Scene
399 2773 176 34 represents
598 2784 21 20 a
646 2780 96 28 space
774 2774 33 31 in
838 2769 97 39 front
968 2770 45 40 of
1041 2770 54 35 the
1128 2771 130 35 Palace
1293 2771 45 40 of
1364 2771 74 42 Aga-

126 2825 156 21 memnon
309 2815 34 31 in
366 2811 123 42 Argos,
516 2812 78 34 with
618 2827 44 21 an
686 2813 101 35 Altar
810 2807 46 45 of
870 2813 93 36 Zeus
988 2819 32 29 in
1047 2814 53 35 the
1128 2820 109 30 centre
1267 2815 73 35 and
1359 2829 105 26 many

126 2855 93 34 other
242 2854 100 36 altars
366 2860 35 30 at
424 2855 54 35 the
501 2855 98 35 sides.
651 2856 56 35 On
733 2871 21 20 a
777 2856 81 43 high
885 2863 119 29 terrace
1029 2858 45 39 of
1098 2858 54 35 the
1186 2858 83 41 roof
1295 2859 114 35 stands
1443 2873 21 21 a

134 2897 217 37 Watchman.
398 2898 32 35 It
453 2904 26 29 is
502 2899 98 42 night

226 2982 129 54 Now
388 2982 116 54 both
538 2984 52 52 of
623 2985 134 52 these
790 2984 308 64 descriptions
1124 2986 52 52 of
1208 2987 80 52 the
1323 3009 140 30 scene

126 3048 92 54 and
251 3050 79 50 the
366 3048 285 54 Watchman
674 3071 76 31 are
773 3051 148 52 either
942 3065 80 39 too
1045 3052 139 54 much
1206 3074 51 32 or
1299 3052 165 54 should

126 3114 62 52 be
211 3113 101 64 fifty
345 3116 135 50 times
504 3136 128 32 more
655 3144 57 6 —
733 3116 156 52 which
913 3117 202 53 Heaven
1139 3117 173 55 forbid.
1384 3118 80 54 To

124 3179 143 62 begin
300 3179 132 60 with,
468 3179 112 62 why
615 3180 114 51 omit
761 3193 48 40 to
851 3202 82 41 say
976 3182 98 52 that
1124 3183 34 52 it
1204 3184 38 50 is
1276 3184 183 59 winter,

126 3241 92 56 and
251 3245 98 52 that
383 3246 35 51 it
452 3246 39 51 is
537 3246 79 53 the
668 3268 168 31 season
881 3245 51 54 of
968 3254 174 47 storm?
1209 3248 136 62 Why
1380 3271 83 42 say

126 3310 78 52 the
237 3309 289 53 Watchman
549 3311 38 51 is
612 3310 231 63 standing,
870 3311 140 52 when
1032 3313 60 53 he
1117 3314 39 51 is
1251 3313 213 53 couched

127 3373 91 54 like
253 3398 28 29 a
314 3373 110 64 dog,
462 3375 123 53 head
634 3398 62 30 on
745 3398 120 30 arms
943 3384 22 45 ?
1031 3377 56 52 A
1138 3376 92 65 dog
1274 3377 190 55 doesn't

128 3438 133 54 stand
295 3461 64 42 up
392 3462 63 30 on
489 3441 71 51 his
595 3441 114 52 hind
743 3441 98 63 legs
874 3442 115 52 with
1022 3442 73 53 his
1140 3443 110 52 chin
1293 3465 63 30 on
1391 3445 71 52 his

124 3526 151 42 paws,
312 3518 169 51 except
513 3506 61 52 he
608 3506 62 53 be
710 3506 143 63 badly
891 3507 136 58 bred,
1065 3507 93 53 and
1196 3507 161 65 asking
1393 3508 71 52 for

127 3570 260 64 something
438 3570 119 54 from
607 3573 79 52 the
724 3572 125 53 table
877 3600 54 7 —
961 3574 201 64 perhaps
1205 3574 258 62 /Eschylus

126 3650 155 38 meant
312 3636 113 52 that.

223 3700 122 53 And
378 3701 112 62 why
523 3700 117 53 does
686 3701 195 64 Murray
932 3724 83 41 say
1064 3704 98 50 that
1211 3704 130 50 there
1385 3727 78 30 are

126 3786 139 42 many
298 3767 134 52 other
466 3766 136 53 altars
636 3767 191 54 besides
849 3768 79 53 the
951 3767 128 54 chief
1112 3768 130 60 altar,
1269 3770 195 52 without

127 3833 162 60 saying
311 3832 111 52 how
444 3852 139 42 many
604 3856 11 29 :
655 3834 34 50 it
711 3833 145 62 might
879 3832 106 53 lead
1016 3833 98 52 Mr.
1153 3832 86 53 Bel
1264 3833 199 54 Geddes

126 3909 48 39 to
207 3911 84 48 put
324 3920 28 29 a
385 3895 213 55 hundred
620 3898 147 58 there,
795 3897 93 53 and
909 3898 112 53 then
1055 3899 130 51 there
1219 3898 159 52 would
1401 3899 62 52 be

126 3983 28 29 a
188 3960 188 54 scandal
418 3975 45 39 at
514 3983 120 32 once
684 3961 93 54 and
827 3963 97 52 Mr.
963 3963 104 53 Ivor
1101 3963 171 53 Brown
1307 3963 157 53 would

124 4026 64 52 be
240 4025 194 56 furious.
538 4026 124 55 And
711 4028 38 53 if
799 4029 129 53 there
969 4050 77 33 are
1082 4030 173 63 images
1290 4028 52 54 of
1385 4030 79 52 the

1496 183 159 60 Gods,
1693 182 246 65 according
1972 197 48 40 to
2055 183 75 52 Sir
2164 183 169 64 Henry
2367 183 168 65 Sharp,
2573 183 110 62 why
2715 183 38 52 is
2795 185 34 52 it

1496 251 96 52 that
1627 249 246 64 according
1906 265 48 36 to
1989 249 75 54 Sir
2098 249 190 54 Gilbert
2339 249 193 64 Murray
2582 249 129 54 there
2751 271 77 30 are

1497 336 61 30 no
1592 317 173 61 images
1801 315 52 51 of
1885 315 80 52 the
1999 314 140 53 Gods
2156 320 23 47 ?

1596 380 111 53 The
1742 380 93 52 fact
1885 383 39 49 is
1963 381 98 51 that
2094 381 75 51 Sir
2203 380 191 53 Gilbert
2427 379 93 54 and
2551 380 76 52 Sir
2662 379 167 63 Henry

1498 466 78 31 are
1609 459 80 38 too
1722 446 169 52 clever.
1963 445 309 63 Presumably
2306 447 118 51 their
2459 447 224 51 intention
2718 447 39 51 is
2780 460 49 38 to

1498 510 110 63 help
1658 534 28 28 a
1736 511 235 62 perishing
2019 510 172 63 people
2215 534 10 30 :
2281 511 82 53 but
2408 510 38 53 if
2478 511 80 52 the
2591 510 153 53 words
2780 511 51 52 of

1498 574 276 63 /Eschylus,
1812 597 120 29 even
1982 577 47 49 in
2079 574 284 61 translation,
2401 574 64 54 do
2521 590 80 38 not
2635 576 79 52 fan
2748 597 83 31 our

1498 640 169 59 vision,
1705 640 79 53 the
1807 640 216 53 blandest
2046 640 294 64 explanation
2375 643 48 51 in
2456 642 79 52 the
2558 640 148 55 world
2733 640 98 54 will

1500 718 81 38 not
1615 704 79 52 fire
1730 706 49 50 it.

1599 769 110 53 The
1759 784 110 38 next
1920 784 127 49 stage
2102 770 226 53 direction
2377 794 158 31 comes
2594 773 64 50 22
2715 773 116 52 lines

1502 832 173 54 further
1708 856 62 30 on
1803 836 49 51 in
1885 858 90 29 one
2008 837 202 57 version,
2248 835 91 53 and
2373 836 54 52 21
2471 839 49 49 in
2553 836 78 52 the
2664 837 131 51 other
2817 860 11 28 :

1500 900 117 52 both
1633 900 118 52 have
1769 900 202 53 reached
1992 901 78 52 the
2097 922 125 31 same
2258 915 122 48 spot,
2404 916 83 48 yet
2508 922 92 32 one
2634 901 51 53 of
2706 902 129 51 them

1501 964 83 54 has
1619 964 136 54 taken
1791 966 157 62 longer
1982 980 49 38 to
2064 966 63 52 do
2150 968 51 51 it.
2274 962 91 57 But
2393 968 141 51 when
2555 967 112 62 they
2688 968 147 51 arrive

1501 1044 46 38 at
1578 1030 79 52 the
1694 1046 121 48 spot,
1853 1032 112 62 they
1998 1053 59 41 go
2080 1033 196 61 running
2310 1032 177 53 around
2520 1034 34 50 it
2589 1032 89 53 like
2713 1033 120 52 mice

1500 1094 63 53 do
1598 1110 45 37 at
1678 1096 128 61 night
1811 1138 11 17 ,
1862 1099 47 49 in
1942 1096 219 54 between
2194 1098 78 50 the
2296 1096 168 64 ceiling
2498 1096 91 54 and
2621 1099 79 52 the
2723 1098 112 52 floor

1501 1160 170 60 above,
1711 1162 47 51 in
1793 1183 216 38 summer,
2047 1162 140 52 when
2220 1164 79 50 the
2335 1176 140 38 storm
2509 1165 38 49 is
2583 1185 126 31 over.

1600 1226 76 52 Sir
1726 1226 192 53 Gilbert
1966 1228 185 53 writes:
2471 1227 118 65 (that
2640 1230 57 58 is,
2757 1228 78 53 the

1502 1289 306 66 Watchman)
1899 1300 36 43 is
1968 1292 154 60 silent,
2164 1292 250 66 watching.
2487 1292 259 62 Suddenly,
2785 1301 52 43 at

1502 1377 32 29 a
1585 1355 208 53 distance
1846 1363 46 45 in
1946 1357 76 52 the
2079 1358 134 63 night
2255 1358 124 52 there
2415 1366 37 43 is
2485 1381 31 29 a
2549 1358 216 66 glimmer
2785 1357 60 63 of

1491 1420 107 62 fire,
1637 1429 260 59 increasing
1929 1424 235 61 presently
2200 1433 45 41 to
2280 1446 30 30 a
2348 1424 137 52 blaze

1605 1486 87 52 On
1725 1486 78 54 the
1838 1488 132 52 other
2004 1488 141 59 hand,
2183 1489 76 52 Sir
2293 1488 171 63 Henry
2499 1510 104 41 says
2639 1489 96 52 that
2757 1489 80 52 the

1504 1550 284 53 Watchman
1844 1552 33 21 ''
1911 1552 257 64 Composes
2229 1554 199 62 himself
2466 1554 84 63 for
2608 1554 131 62 sleep

1502 1617 156 52 which
1709 1620 40 50 is
1801 1620 48 49 in
1899 1617 76 53 flat
2024 1618 352 61 contradiction,
2415 1620 66 62 by
2521 1620 79 52 the
2639 1620 112 62 bye,
2789 1634 48 38 to

1502 1681 76 52 Sir
1613 1681 208 61 Gilbert,
1871 1683 110 52 who
2022 1705 183 31 assures
2250 1705 54 31 us
2339 1697 81 39 not
2464 1683 110 64 only
2619 1684 96 52 that
2776 1684 61 52 he

1502 1747 40 50 is
1580 1745 153 63 silent,
1772 1748 83 52 but
1890 1748 97 52 that
2037 1749 61 51 he
2144 1750 38 51 is
2226 1749 249 62 watching.
2579 1749 142 52 Then
2762 1750 75 52 Sir

1502 1811 172 64 Henry
1725 1836 157 30 comes
1934 1828 81 39 out
2065 1814 81 52 hot
2196 1814 92 53 and
2346 1829 170 48 strong,
2565 1837 51 30 or
2667 1815 166 59 rather,

1502 1875 201 56 delicate
1738 1877 92 54 and
1864 1880 294 61 mysterious,
2197 1902 51 30 as
2282 1903 27 29 a
2344 1894 380 48 stage-manager,
2747 1879 93 53 and

1505 1965 105 41 says
1629 1975 64 7 —

1669 2052 104 31 music
1798 2053 26 30 is
1846 2048 117 41 heard,
1989 2048 180 42 heralding
2193 2049 53 34 the
2271 2048 166 40 approach
2462 2050 45 39 of
2525 2049 54 35 the
2605 2049 142 35 Chorus.

1502 2090 51 35 As
1578 2091 53 35 the
1656 2096 104 30 music
1782 2103 104 30 grows
1909 2092 123 35 clearer
2047 2107 21 20 a
2092 2093 59 34 red
2159 2091 108 40 flame
2282 2093 111 35 shoots
2410 2103 44 29 up
2472 2098 33 30 in
2520 2093 54 35 the
2591 2093 245 42 hack-ground.

1551 2134 73 36 The
1654 2134 201 37 Watchman
1881 2148 110 23 moves
2016 2136 164 41 uneasily,
2208 2136 75 35 then
2307 2142 93 29 starts
2424 2142 33 29 to
2481 2137 52 34 his
2551 2137 73 40 feet
2647 2137 71 34 and
2739 2150 99 28 gazes

1503 2183 34 29 at
1561 2178 54 35 the
1634 2178 106 40 flame

1603 2271 16 52 I
1656 2271 118 53 have
1808 2270 171 54 known
2014 2285 387 50 stage-managers
2438 2271 92 53 and
2561 2271 272 64 producers,

1504 2336 91 52 and
1628 2336 97 52 will
1760 2350 97 46 not,
1895 2338 48 50 in
1994 2359 77 40 my
2121 2336 133 63 pride
2304 2351 47 38 at
2400 2337 78 52 the
2514 2336 110 61 fact,
2662 2351 82 48 put
2777 2360 63 29 on

1505 2425 90 39 any
1618 2403 89 51 airs
1730 2403 113 51 with
1865 2402 75 53 Sir
1975 2402 190 53 Gilbert
2198 2425 52 30 or
2283 2403 75 52 Sir
2394 2402 184 63 Henry.
2652 2403 38 51 It
2719 2417 122 38 must

1505 2468 62 52 be
1601 2467 305 63 exceedingly
1928 2467 189 51 difficult
2145 2482 48 38 to
2227 2468 216 52 translate
2479 2490 52 29 so
2564 2468 276 62 beautifully

1506 2554 50 30 as
1590 2533 147 52 either
1772 2531 52 53 of
1857 2533 127 52 them
2033 2531 133 54 does.
2238 2533 97 52 Yet
2385 2547 81 38 not
2506 2554 88 31 one
2630 2531 52 53 of
2714 2533 128 52 them

1506 2598 117 53 does
1658 2600 35 51 it
1726 2596 93 54 like
1841 2619 79 42 my
1943 2598 80 53 old
2059 2598 149 54 friend
2233 2598 251 63 Campbell
2504 2627 63 7 —
2584 2598 80 53 old
2690 2598 151 53 friend

1509 2665 47 51 in
1590 2664 79 52 the
1702 2662 200 54 bookish
1938 2685 152 31 sense.
2164 2664 90 52 But
2288 2664 37 52 if
2348 2662 189 54 difficult
2554 2678 48 38 to
2626 2664 215 52 translate

1509 2728 34 51 it
1577 2730 40 49 is
1651 2727 246 64 obviously
1933 2727 68 53 far
2036 2742 78 38 too
2139 2750 111 41 easy
2276 2727 70 53 for
2370 2728 132 52 these
2525 2728 89 52 fine
2638 2727 202 52 scholars

1507 2794 140 51 when
1681 2796 36 49 it
1750 2815 156 31 comes
1942 2808 48 38 to
2013 2796 181 61 writing
2230 2808 127 49 stage
2391 2793 266 53 directions.
2728 2793 110 52 The

1510 2859 226 51 intention
1759 2860 39 50 is
1832 2879 112 42 very
1979 2858 124 63 good
2125 2858 188 60 indeed,
2340 2858 92 53 and
2466 2859 117 52 their
2617 2859 224 51 intention

1510 2925 39 50 is
1584 2937 48 39 to
1666 2924 62 52 be
1763 2924 184 52 abreast
1980 2923 52 53 of
2081 2924 79 53 the
2211 2925 152 51 times.
2456 2923 381 62 Unfortunately,

1509 2990 132 52 these
1665 3003 127 49 stage
1810 2989 249 53 directions
2083 3012 77 31 are
2194 2990 143 52 about
2361 2991 120 61 sixty
2503 3010 135 41 years
2666 2989 176 52 behind

1509 3055 78 52 the
1620 3055 136 52 times
1791 3055 92 52 and
1906 3055 172 62 belong
2099 3069 48 38 to
2170 3056 80 51 the
2273 3076 85 42 age
2382 3053 51 54 of
2456 3053 199 54 Charles
2681 3053 156 54 Kean.

1509 3118 110 54 The
1670 3133 95 40 two
1816 3121 140 58 tasks,
2010 3119 225 64 directing
2282 3144 28 29 a
2344 3133 127 50 stage
2517 3119 91 53 and
2653 3119 165 53 transla-

1509 3186 96 62 ting
1638 3208 28 28 a
1699 3184 126 64 play,
1854 3207 78 31 are
1954 3207 111 31 over
2088 3187 137 51 much
2250 3186 70 52 for
2344 3207 92 31 one
2459 3207 106 31 man
2582 3216 63 8 —
2669 3184 174 62 though

1511 3249 17 52 I
1580 3248 129 54 think
1759 3250 96 51 that
1888 3250 79 52 the
2001 3249 266 64 translating
2301 3252 38 52 is
2375 3250 79 54 the
2497 3252 150 50 easier
2680 3248 50 53 of
2765 3250 78 51 the

1507 3329 112 44 two,
1658 3315 204 53 because
1883 3316 79 52 the
1985 3315 239 53 translator
2246 3316 83 52 has
2352 3316 79 52 the
2454 3314 154 54 words
2643 3314 51 52 of
2727 3315 86 52 /Es-

1507 3380 163 62 chylus
1689 3395 47 38 to
1754 3380 216 53 translate
1989 3381 133 52 from.
2172 3380 82 53 He
2278 3381 82 52 has
2379 3381 149 52 rather
2549 3380 92 53 less
2663 3394 47 38 to
2733 3379 110 64 help

1507 3445 97 52 him
1625 3446 140 52 when
1782 3446 59 52 he
1864 3446 173 52 wishes
2060 3460 48 38 to
2131 3445 185 61 explain
2333 3446 126 52 what
2481 3447 39 51 is
2539 3445 141 61 being
2696 3443 141 60 done,

1509 3509 91 54 and
1633 3511 109 53 how
1777 3513 34 51 it
1845 3513 38 50 is
1919 3512 142 62 being
2095 3511 141 53 done.

1606 3575 77 52 Sir
1705 3575 169 63 Henry
1897 3577 40 50 is
1961 3575 143 64 really
2130 3575 254 52 somewhat
2405 3575 183 52 curious
2612 3575 49 51 in
2685 3575 160 61 saying

1509 3641 96 53 that
1733 3640 116 54 faint
1905 3643 147 51 music
2108 3643 41 51 is
2200 3640 143 52 heard
2465 3672 63 6 —
2591 3640 254 62 especially

1511 3707 127 51 since
1688 3706 75 52 Sir
1813 3706 191 54 Gilbert
2059 3706 82 52 has
2194 3705 101 52 said
2328 3728 61 29 no
2426 3706 113 52 such
2588 3706 145 61 thing.
2771 3706 74 52 Sir

1510 3770 190 53 Gilbert
1745 3771 81 52 has
1864 3770 101 53 said
2008 3771 98 52 that
2160 3770 130 52 there
2335 3771 40 51 is
2542 3768 209 64 glimmer
2795 3770 50 52 of

1510 3836 95 58 fire,
1633 3837 258 62 increasing
1912 3834 296 65 presently...
2295 3848 92 40 etc.
2409 3866 64 8 —
2490 3834 192 64 nothing
2704 3836 141 52 about

1512 3899 113 54 faint
1660 3903 162 51 music.
1916 3901 75 52 Sir
2042 3899 189 54 Gilbert
2285 3922 105 41 says
2434 3901 97 52 that
2569 3901 79 52 the
2682 3901 79 52 fire
2807 3902 38 51 is

1571 3981 46 38 at
1650 3989 28 30 a
1711 3967 209 53 distance
1942 3965 33 16 ''
2014 3965 92 54 and
2144 3969 31 17 ''
2201 3967 47 50 in
2297 3965 79 54 the
2420 3967 130 62 night
2655 3993 56 8 —
2735 3965 110 64 why

1511 4029 188 56 doesn't
1731 4033 76 52 Sir
1843 4031 167 63 Henry
2045 4030 80 55 tell
2170 4053 55 30 us
2259 4031 97 52 that
2395 4031 79 54 it's
2509 4033 49 52 in
2592 4031 77 55 the
2694 4031 146 63 night,
