2994 4061
633 341 249 94 Les
963 341 711 99 Musiciens
1748 349 445 117 Belges

1018 497 347 62 VICTOR
1450 501 352 65 VREULS

309 899 90 58 Le
450 899 298 58 musicien
800 898 149 59 dont
992 898 61 80 je
1101 920 163 38 veux
1315 902 194 79 parler
1557 905 391 80 aujourd'hui
1999 931 60 38 se
2103 913 173 79 place
2310 935 75 38 au
2421 918 269 79 premier

126 1010 151 60 rang
311 988 145 59 dans
489 988 212 59 lecole
746 987 630 83 wallonne-française
1426 991 74 60 de
1550 995 321 84 Belgique,
1910 998 149 61 dont
2094 1000 183 62 César
2314 1005 243 60 Franck
2590 1005 98 62 fut

125 1094 59 44 et
219 1092 155 46 reste
405 1080 56 57 le
498 1077 253 60 Maître.

308 1170 222 58 Victor
582 1170 217 58 Vreuls
833 1184 87 44 est
972 1170 274 72 Wallon,
1280 1193 110 59 par
1423 1174 55 58 la
1523 1176 310 61 naissance
1867 1194 59 45 et
1961 1203 107 58 par
2107 1183 83 59 les
2223 1206 256 40 œuvres.
2519 1186 102 61 Né
2656 1188 33 61 à

126 1261 306 72 Verviers,
460 1283 74 37 en
574 1260 187 81 1876,
788 1260 44 59 il
866 1282 366 59 commença
1265 1283 88 39 ses
1388 1261 210 64 études
1633 1265 32 60 à
1698 1268 238 61 l'Ecole
1970 1270 74 60 de
2082 1273 302 84 Musique
2418 1277 74 58 de
2528 1293 160 46 cette

126 1352 163 71 ville,
357 1353 108 80 qui
515 1373 31 36 a
595 1349 221 74 formé,
875 1348 153 82 déjà,
1089 1352 256 59 nombre
1404 1353 73 60 de
1528 1354 150 62 bons
1729 1360 346 61 musiciens.
2147 1364 53 59 Il
2257 1366 83 58 les
2392 1369 296 60 continua

126 1466 75 35 au
257 1443 466 58 Conservatoire
776 1440 73 60 de
902 1440 215 83 Liège,
1153 1442 146 61 dans
1350 1446 83 58 les
1485 1447 208 61 classes
1745 1449 74 60 de
1871 1451 331 62 Théodore
2256 1456 285 75 Radoux,
2580 1461 108 81 qui

125 1536 167 56 vient
352 1533 72 59 de
490 1533 254 70 mourir,
804 1546 59 44 et
930 1532 72 60 de
1070 1534 245 80 Sylvain
1387 1536 268 82 Dupuis.
1722 1540 278 74 Ensuite,
2068 1566 119 37 aux
2251 1546 299 62 instances
2614 1550 74 61 de

127 1626 268 58 Vincent
424 1623 244 83 d'lndy,
697 1625 44 57 il
767 1625 125 58 s'en
918 1622 97 61 fut
1051 1623 261 60 achever
1346 1647 107 39 son
1489 1627 327 64 éducation
1856 1631 31 60 à
1924 1633 167 60 Paris
2125 1656 136 40 sous
2294 1637 56 59 la
2384 1637 298 64 direction

126 1717 204 60 même
365 1715 72 59 de
471 1715 261 59 l'auteur
765 1715 73 58 de
874 1716 272 58 Fervaal.
1186 1716 54 58 Il
1273 1714 98 60 fut
1402 1717 344 82 professeur
1773 1721 74 60 de
1873 1722 239 84 solfège
2140 1729 137 78 puis
2304 1727 382 64 d'harmonie

125 1821 59 46 et
220 1806 204 73 d'alto,
461 1805 121 60 àla
682 1804 220 61 Schola
937 1807 347 59 Cantorum
1411 1810 43 57 il
1490 1809 235 82 dirigea
2388 1819 72 60 de
2497 1823 185 59 Paris.

127 1898 239 81 Depuis
412 1896 185 80 1906,
634 1896 42 59 il
710 1910 88 45 est
832 1894 309 62 directeur
1189 1896 82 60 du
1322 1899 470 62 Conservatoire
1843 1904 74 58 de
1966 1905 451 85 Luxembourg
2460 1913 225 80 auquel

125 1990 42 58 il
200 2011 31 37 a
266 1987 110 59 fait
412 1987 258 82 prendre
714 2008 119 37 une
884 1987 230 81 grande
1167 1989 404 80 importance.
1611 1993 297 82 Quoique
1950 1995 186 80 jeune
2186 2020 241 52 encore,
2464 2001 222 60 Victor

125 2081 218 58 Vreuls
393 2079 132 60 s'est
574 2077 235 61 affirmé
860 2078 257 60 homme
1166 2079 268 61 d'action
1484 2096 61 45 et
1594 2083 74 58 de
1716 2087 220 71 savoir,
1973 2088 40 57 il
2065 2110 31 37 a
2145 2088 201 61 donné
2397 2091 73 59 de
2503 2114 137 38 nom-

123 2168 239 61 breuses
389 2190 258 51 œuvres,
676 2168 150 60 dont
852 2169 300 82 plusieurs
1178 2185 134 44 sont
1346 2192 261 61 presque
1635 2172 283 63 célèbres.
1950 2177 72 60 Sa
2050 2176 349 84 réputation
2427 2196 85 45 est
2541 2182 141 60 bien

123 2258 239 63 établie.
400 2261 96 58 En
534 2261 255 71 France,
823 2281 73 37 en
931 2261 391 81 Allemagne,
1350 2284 74 38 en
1461 2263 387 82 Angleterre,
1877 2289 73 37 en
1990 2267 334 75 Hollande,
2354 2293 73 36 en
2464 2272 216 74 Suisse,

122 2374 75 38 en
234 2354 305 80 Espagne,
565 2373 120 38 aux
720 2352 389 71 Etats-Unis,
1138 2354 42 57 il
1213 2368 88 44 est
1336 2354 315 61 considéré
1688 2378 248 39 comme
1971 2380 83 38 un
2089 2362 422 80 compositeur
2544 2378 137 45 tout

122 2440 33 62 à
202 2440 112 62 fait
365 2440 437 82 remarquable.
841 2442 95 58 En
990 2442 303 82 Belgique
1448 2446 269 82 quelque
1766 2450 261 80 surprise
2070 2472 38 59 y
2155 2453 525 75 trouvions-nous,

122 2554 80 38 on
236 2548 96 44 sut
365 2534 87 57 lui
488 2531 213 60 rendre
725 2531 224 83 justice
983 2531 32 60 à
1049 2534 259 60 maintes
1344 2536 330 61 occasions.
1713 2536 209 61 Primé
1971 2538 32 61 à
2047 2542 130 58 l'un
2230 2540 102 63 des
2384 2564 298 40 concours

122 2624 273 72 officiels,
429 2624 45 59 il
525 2623 225 73 obtint,
784 2646 75 37 en
922 2644 187 60 1902,
1146 2625 54 60 le
1256 2627 150 59 Prix
1457 2627 74 59 de
1581 2627 390 62 l'Académie
2022 2632 155 59 libre
2229 2633 75 60 de
2357 2636 318 81 Belgique.

125 2716 185 58 Deux
374 2736 102 38 ans
540 2712 189 85 après,
794 2716 56 59 le
913 2716 143 81 prix
1111 2714 258 84 Eugène
1426 2718 200 83 Ysaye
1683 2721 86 58 lui
1833 2719 148 61 était
2046 2721 257 63 décerné
2381 2746 159 61 pour
2619 2747 60 41 sa

122 2804 384 83 Symphonie
548 2804 332 80 (orchestre
913 2821 60 44 et
1007 2807 263 81 violon).
1308 2808 92 59 Le
1433 2810 192 81 grand
1659 2812 269 60 virtuose
1962 2813 333 83 interpréta
2328 2830 159 46 cette
2521 2816 156 61 belle

121 2917 209 39 œuvre
363 2910 280 57 souvent,
677 2917 146 39 avec
859 2917 82 39 un
968 2895 100 61 vif
1091 2896 226 62 succès.
1461 2900 59 59 A
1547 2903 380 82 trente-cinq
1953 2925 125 51 ans,
2105 2905 43 58 il
2174 2919 87 45 est
2286 2906 261 60 l'auteur
2572 2907 99 59 de:

126 2986 259 62 Werther
389 3034 15 24 ,
454 2984 219 83 poème
718 2986 486 84 symphonique;
1254 2986 164 81 Jour
1458 2990 67 60 de
1552 2990 131 81 fête
1687 3041 15 24 ,
1760 2995 298 80 partition
2110 3017 158 60 pour
2321 2995 307 62 orchestre
2658 3022 16 48 ;

122 3099 118 38 une
476 3076 210 84 Symphonie
687 3076 56 60 à
744 3098 49 59 3
797 3079 222 81 parties
1067 3100 157 61 pour
1258 3080 309 61 orchestre
1602 3098 59 44 et
1697 3085 209 59 violon
1940 3086 304 83 principal
2280 3112 14 48 ;
2331 3109 82 38 un

117 3189 161 61 pour
313 3166 304 63 orchestre
650 3166 33 61 à
716 3169 211 60 cordes
962 3194 15 47 ;
1024 3192 82 37 un
1162 3171 231 82 Cortege
1440 3174 284 84 Héroïque
1773 3197 158 60 pour
1979 3177 329 74 orchestre,
2347 3201 78 37 un
2475 3178 201 62 Poème

112 3272 152 68 pour
509 3258 214 58 violoncelle
724 3273 66 45 et
791 3258 298 61 orchestre
1124 3283 14 48 ;
2266 3260 298 84 Triptyque
1518 3284 155 61 pour
1706 3264 188 61 chant
1928 3282 60 44 et
2023 3267 309 61 orchestre
2367 3295 14 47 ;
2421 3291 82 37 un
2547 3268 127 61 Trio

113 3363 151 69 pour
290 3351 204 80 piano,
530 3351 230 71 violon,
794 3351 363 59 violoncelle
1193 3376 15 47 ;
1260 3375 83 36 un
1707 3378 159 60 pour
1913 3359 206 82 piano,
2164 3361 233 71 Violon,
2444 3361 120 58 alto
2614 3373 60 46 et

118 3441 362 58 violoncelle
541 3439 333 80 (couronné
927 3462 108 60 par
1085 3442 385 61 l'Académie
1525 3446 237 82 Royale
1815 3448 72 59 de
1941 3448 325 83 Belgique)
2309 3474 15 48 ;
2376 3451 56 58 la
2482 3452 197 59 Sonate

323 3530 206 58 violon
581 3545 58 44 et
690 3531 203 80 piano,
930 3528 211 61 dédiée
1186 3530 32 61 à
1254 3533 72 59 E.
1364 3535 219 82 Ysaye,
1619 3551 59 45 et
1703 3537 186 80 jouée
1924 3537 32 60 à
1994 3540 187 72 Paris,
2216 3538 103 60 dès
2365 3560 155 57 1901
2564 3561 110 60 par

117 3641 56 41 .e
221 3620 324 59 violoniste
595 3634 57 44 et
705 3621 201 58 Raoul
944 3622 218 80 Pugno
1198 3648 14 48 ;
1250 3644 82 38 un
1367 3626 258 59 nombre
1660 3627 414 61 considérable
2110 3630 72 58 de
2224 3630 250 60 mélodies
2516 3652 159 59 pour
