2994 4061
813 248 173 69 LES
1052 247 548 71 MUSICIENS
1666 248 370 70 BELGES

2543 273 95 45 10
2655 271 36 69 3

145 393 266 80 rappelle
447 395 376 73 Beethoven,
860 411 159 45 cette
1070 419 209 37 œuvre
1328 398 330 82 puissante,
1693 412 85 45 est
1829 397 184 60 d'une
2063 395 331 83 singulière
2440 396 260 60 richesse

141 481 493 84 polyphonique,
670 508 119 36 aux
826 487 217 59 teintes
1093 486 416 83 chatoyantes,
1546 487 141 59 bien
1738 489 340 72 modernes,
2114 509 129 38 sans
2283 485 414 82 exagération.

146 572 393 61 Savamment
591 576 366 73 orchestrée,
1004 576 185 60 haute
1247 599 73 37 en
1378 580 299 71 couleurs,
1736 579 413 73 chaleureuse,
2208 579 111 58 elle
2363 578 170 59 laisse
2582 598 120 38 une

144 663 361 81 impression
558 666 74 59 de
661 666 128 80 joie
840 669 194 57 calme
1085 683 58 43 et
1184 669 250 71 sereine,
1471 666 80 61 où
1599 670 56 57 la
1705 669 287 74 mélodie,
2029 692 73 37 au
2152 666 216 85 phrasé
2418 683 284 57 soutenu,

144 751 259 61 s'inscrit
437 757 361 59 lumineuse.
837 758 221 57 Victor
1094 758 218 58 Vreuls
1357 760 160 58 avait
1568 778 76 61 23
1698 781 141 38 ans:
1893 760 43 59 il
1985 759 224 74 offrait,
2247 779 130 40 sans
2411 772 292 58 conteste,

146 866 80 37 un
281 844 396 84 témoignage
731 849 431 80 exceptionnel
1220 848 73 58 de
1350 848 384 61 savoir-faire
1790 866 58 43 et
1916 851 309 59 d'instinct
2275 849 292 71 créateur,
2627 870 75 36 en

144 936 204 58 même
400 951 200 67 temps
654 960 119 58 que
826 939 53 58 la
930 960 306 59 promesse
1287 938 185 61 d'une
1529 939 290 61 maturité
1870 939 259 64 féconde
2178 962 73 38 en
2303 939 403 84 productions

144 1027 324 80 originales
502 1042 58 44 et
596 1028 273 80 grandes.

1400 1211 38 38 *

1325 1254 37 37 *
1476 1256 38 38 *

324 1390 88 57 Le
463 1389 219 83 poème
732 1392 461 82 symphonique
1247 1394 262 60 Werther
1555 1393 98 62 fut
1703 1395 225 83 inspiré
1974 1420 109 59 par
2125 1399 55 59 le
2215 1397 238 61 célèbre
2488 1420 212 38 roman

143 1477 73 59 de
245 1479 251 60 Goethe.
529 1482 89 57 Le
647 1483 300 57 musicien
974 1505 75 36 en
1084 1505 31 36 a
1152 1484 126 80 pris
1306 1486 80 57 les
1414 1484 284 74 données,
1730 1486 447 81 quintessencié
2205 1489 81 58 les
2312 1489 391 82 impressions

143 1583 57 45 et
235 1571 52 57 la
323 1569 411 83 philosophie.
776 1573 51 59 Il
877 1595 33 35 a
959 1573 239 73 trouvé,
1232 1574 146 60 dans
1427 1576 515 82 l'interprétation
1994 1578 75 59 de
2119 1600 67 38 ce
2237 1577 463 72 chef-d'œuvre,

144 1660 254 59 matière
432 1661 27 58 à
498 1665 310 78 exprimer
841 1677 137 46 tous
1004 1666 83 57 les
1113 1663 297 61 éléments
1437 1665 355 75 extérieurs,
1819 1668 262 80 dirai-je,
2110 1668 72 60 de
2209 1691 58 37 sa
2294 1668 408 83 personnalité

143 1752 344 82 complexe,
522 1751 235 62 formée
807 1754 32 59 à
888 1754 351 60 l'influence
1288 1756 73 60 de
1400 1757 375 74 Beethoven,
1814 1759 72 58 de
1923 1760 277 81 Wagner
2233 1775 60 43 et
2328 1760 73 58 de
2437 1760 262 61 Franck.

144 1840 53 61 Il
253 1863 38 61 y
347 1845 158 71 allie,
559 1844 144 61 dans
760 1868 80 37 un
902 1845 443 61 débordement
1405 1848 333 60 orchestral
1795 1849 185 81 digne
2037 1850 101 60 des
2192 1849 508 61 forts-en-thème

144 1933 338 73 modernes,
520 1957 117 35 une
686 1935 307 83 idéologie
1047 1952 171 44 toute
1269 1940 426 80 germanique,
1731 1939 32 60 à
1808 1941 54 59 la
1908 1939 333 61 sensibilité
2275 1941 206 59 latine.
2523 1943 179 57 Cette

143 2025 294 59 tendance
470 2041 87 45 est
592 2025 141 61 bien
766 2029 55 57 la
855 2049 255 61 marque
1146 2051 336 38 commune
1517 2053 119 37 aux
1672 2030 282 83 disciples
1988 2032 74 59 de
2111 2032 273 59 Vincent
2432 2032 219 82 d'lndy
2684 2056 15 48 ;

141 2114 111 59 elle
280 2118 302 57 constitue
607 2118 54 58 le
689 2119 142 59 trait
854 2118 256 60 d'union
1133 2135 170 44 entre
1330 2142 109 38 nos
1455 2121 217 80 jeunes
1698 2122 447 81 compositeurs
2172 2123 250 59 wallons
2449 2123 248 59 actuels.

131 2204 74 79 Je
243 2227 95 37 me
374 2207 183 81 garde
591 2208 137 60 d'en
764 2209 269 60 discuter
1067 2211 83 58 ici
1183 2212 56 58 la
1273 2212 227 71 valeur,
1529 2232 101 40 me
1664 2212 260 60 bornant
1959 2211 31 61 à
2026 2234 212 59 penser
2272 2213 223 80 qu'elle
2524 2227 85 45 est
2642 2213 57 57 le

141 2295 245 62 résultat
421 2300 250 81 logique
724 2301 73 58 de
849 2302 54 59 la
955 2301 338 61 révélation
1341 2302 456 81 wagnérienne,
1833 2303 428 73 dominatrice,
2312 2305 358 58 universelle-

141 2402 188 45 ment.
365 2390 170 58 Tous
588 2392 80 59 les
719 2394 329 63 musiciens
1100 2392 73 60 de
1226 2408 161 44 cette
1435 2392 359 83 génération
1832 2409 106 44 ont
1973 2395 136 58 subi
2142 2396 53 57 la
2230 2395 352 60 main-mise
2618 2395 84 58 du

143 2475 181 82 géant
356 2500 11 37 :
407 2502 68 36 ce
511 2483 150 58 n'est
695 2504 104 60 pas
833 2483 74 59 de
941 2484 145 58 sitôt
1122 2484 179 81 qu'ils
1336 2484 436 81 parviendront
1808 2484 31 59 à
1874 2485 118 58 s'en
2031 2483 285 82 dégager,
2344 2499 60 44 et
2429 2484 270 80 j'estime

143 2569 179 80 qu'en
372 2569 205 62 réalité
628 2573 73 59 de
751 2597 325 37 nouveaux
1122 2597 255 59 moyens
1429 2575 409 81 d'expression
1884 2576 174 59 n'ont
2107 2579 177 79 point
2333 2597 221 38 encore
2603 2573 95 61 été

141 2656 379 65 découverts.
577 2663 416 84 Qu'importe,
1030 2687 71 37 en
1155 2686 239 39 somme
1425 2687 12 38 :
1490 2667 56 58 le
1595 2668 331 58 sentiment
1976 2667 322 81 personnel
2342 2687 59 37 se
2446 2665 251 72 traduit,

143 2752 141 78 quel
318 2773 118 60 que
469 2756 116 57 soit
625 2757 54 57 le
732 2757 255 81 langage
1033 2756 306 83 employé.
1377 2758 117 59 Les
1535 2772 180 57 mots,
1750 2758 84 60 les
1882 2756 295 61 formules
2222 2771 400 67 appartenant
2666 2754 33 61 à

143 2853 155 59 tous,
341 2842 246 62 l'artiste
623 2862 59 41 et
722 2847 54 57 le
831 2846 178 82 poète
1053 2848 84 57 les
1188 2847 310 83 disposent
1545 2846 31 61 à
1630 2848 131 59 leur
1804 2846 179 84 façon
2017 2874 13 47 ;
2084 2862 59 45 et
2192 2848 83 57 les
2323 2844 309 61 dévouent
2666 2843 33 61 à

158 2930 124 59 leur
296 2930 215 63 forme.
553 2936 166 60 Dans
1391 2938 278 72 Werther,
1080 2940 216 57 Victor
1333 2940 221 58 Vreuls
1597 2961 31 36 a
1670 2937 235 83 prouvé
1961 2938 150 82 qu'il
2161 2938 110 59 sait
2324 2935 281 62 réfléchir
2638 2951 60 45 et

141 3021 301 83 amplifier
498 3025 102 59 des
638 3026 162 61 idées
831 3054 13 47 ;
898 3030 42 57 il
988 3051 33 37 a
1070 3027 258 84 déployé
1363 3029 74 59 de
1471 3029 396 59 formidables
1900 3029 372 72 harmonies,
2299 3029 399 71 ruisselantes,

143 3109 377 85 fulgurantes
569 3131 59 45 et
681 3119 393 73 dissonantes,
1109 3121 152 59 mais
1302 3121 43 59 il
1386 3143 32 37 a
1452 3119 207 84 gardé,
1695 3119 232 84 malgré
1965 3135 156 56 tout,
2157 3120 56 58 la
2246 3140 152 61 pure
2435 3118 265 59 mélodie

144 3204 108 80 qui
287 3220 85 44 est
407 3208 225 58 sienne.

327 3297 202 73 Voici,
564 3298 31 58 à
630 3300 141 58 titre
807 3300 482 75 documentaire,
1325 3304 81 57 les
1441 3317 130 67 sept
1613 3300 239 63 thèmes
1899 3303 370 81 principaux
2305 3302 107 81 qui
2463 3313 235 47 servent

144 3384 305 61 d'arcanes
482 3385 31 61 à
546 3410 68 36 ce
651 3407 365 43 monument
1053 3392 349 60 orchestral.
