2994 4061
1141 188 122 69 LE
1331 188 244 70 MOIS

2540 214 101 70 79

88 354 58 31 en
186 336 292 59 association,
506 345 46 36 et
594 345 124 36 cette
760 336 179 61 gestion
983 334 246 48 collective
1268 354 27 28 a
1321 335 159 47 donné
1518 335 65 48 les
1621 335 103 64 plus
1762 335 211 48 brillants
1997 336 228 49 résultats.
2258 336 68 47 Le
2369 352 192 33 concert
2589 340 56 46 de

88 406 254 48 l'Alliance
373 405 248 58 Française
648 421 29 47 y
705 405 75 46 fut
807 405 269 62 également
1103 406 245 46 couronné
1375 406 55 47 de
1458 406 176 47 succès.

232 476 130 48 C'est
402 494 59 28 au
503 475 181 47 théâtre
713 474 190 50 Graslin
933 476 54 46 de
1028 474 245 49 Nantes
1309 495 88 45 que
1438 477 64 47 les
1527 490 235 34 amateurs
1789 479 57 45 de
1872 477 290 49 nouveautés
2189 479 191 45 doivent
2407 496 45 30 se
2479 481 169 46 rendre

87 565 117 46 pour
248 548 178 46 assister
467 546 26 47 à
538 547 78 46 des
656 546 232 48 créations
916 564 10 30 :
971 546 53 48 ils
1061 565 30 47 y
1133 548 290 46 entendront
1465 548 42 46 la
1545 547 103 51 Glu
1687 548 57 47 de
1785 548 197 50 Gabriel
2012 548 205 64 Dupont
2255 562 47 35 et
2341 550 41 45 la
2421 551 229 61 première

84 620 214 47 audition
326 635 59 29 en
413 617 182 47 France
624 617 114 47 d'un
780 618 169 61 poème
987 618 286 63 allégorique
1363 618 70 47 Le
1461 620 152 62 Songe
1644 618 141 49 d'une
1814 622 105 45 nuit
1946 620 179 47 d'hiver
2223 622 89 46 mis
2346 640 57 27 en
2432 623 218 61 musique

86 708 78 45 par
205 688 272 48 l'excellent
516 689 319 61 compositeur
875 688 134 64 belge
1035 689 63 46 A.
1128 689 57 46 de
1213 689 177 47 Boeck.
1420 689 361 47 L'Association
1811 693 214 46 nantoise
2057 693 77 46 des
2172 692 170 62 grands
2369 705 215 35 concerts
2623 712 27 28 a

84 763 83 46 fait
214 762 228 46 entendre
489 761 160 64 Ysaye
679 782 11 37 ;
736 761 42 45 le
825 762 89 44 trio
961 759 586 65 Hallez-Muller-Jaudin
1594 780 26 28 a
1664 762 159 47 donné
1864 763 41 47 le
1957 763 213 48 Concert
2215 766 55 44 de
2317 764 245 47 Chausson
2603 778 47 35 et

83 832 248 48 l'audition
373 832 242 62 organisée
661 849 79 44 par
784 830 216 64 Georges
1025 830 188 47 Enesco
1255 844 47 33 et
1345 832 291 63 Magdalena
1663 833 301 63 Tagliaferro
2007 853 27 27 a
2073 852 111 43 reçu
2224 853 64 29 un
2332 837 316 47 enthousiaste

83 903 197 48 accueil.
326 898 278 52 Saumur
652 919 47 29 se
745 902 303 46 désintéresse
1094 919 65 28 un
1212 919 90 43 peu
1350 903 78 45 des
1472 904 240 61 questions
1763 904 245 47 musicales
2031 927 12 35 ;
2088 904 136 48 Mars
2269 919 45 33 et
2354 907 209 61 Apollon
2603 924 45 30 se

83 975 305 62 fréquentent
431 988 102 47 trop
573 985 254 35 rarement.
873 971 94 49 Les
1005 974 180 44 artistes
1222 973 70 63 s'y
1320 973 274 62 produisent
1621 974 123 47 donc
1782 993 115 28 avec
1927 976 201 61 quelque
2171 976 249 47 hésitation
2446 994 9 31 :
2504 978 143 49 MM.

82 1046 275 59 Boucherit,
388 1045 218 46 Armand
634 1042 141 47 Ferté
806 1055 45 34 et
879 1042 60 47 M
945 1048 51 20 me
1024 1042 158 47 Marie
1212 1044 182 45 Robert
1432 1056 84 33 ont
1556 1062 60 29 eu
1655 1063 51 28 ce
1735 1063 201 46 courage
1964 1049 76 60 qui
2084 1048 167 47 mérite
2280 1048 145 47 d'être
2453 1049 190 63 signalé.

84 1116 159 51 Grâce
268 1116 26 47 à
323 1115 373 60 Rhené-Bâton,
726 1115 63 46 les
817 1114 235 47 Concerts
1079 1111 303 61 d'Angers
1410 1116 286 46 continuent
1723 1116 25 46 à
1775 1119 261 59 triompher
2062 1135 10 31 :
2095 1119 132 61 après
2252 1119 395 63 l'interprétation

80 1190 64 46 du
171 1187 269 47 Ménétrier
480 1187 56 46 de
578 1186 123 47 Max
741 1185 250 48 d'Olonne
1038 1202 80 45 par
1156 1185 205 61 Enesco,
1403 1204 95 29 une
1537 1187 193 61 parfaite
1777 1187 254 47 exécution
2071 1190 55 46 de
2168 1190 42 46 la
2250 1190 297 48 Damnation
2587 1192 56 46 de

82 1260 143 47 Faust
252 1260 71 45 fut
350 1257 160 48 donné
535 1275 112 29 avec
674 1257 41 47 le
742 1274 235 30 concours
1004 1257 56 46 de
1088 1256 144 48 MM.
1263 1256 317 63 Plamondon,
1611 1258 185 60 Tordo,
1827 1258 209 65 Eyraud,
2065 1261 56 46 de
2154 1261 56 46 M
2215 1260 40 26 lle
2281 1261 210 65 Lindsay
2519 1275 46 34 et
2586 1263 56 46 de

79 1332 45 47 la
150 1329 206 50 Chorale
383 1329 26 49 S
413 1328 33 27 te
474 1328 179 48 Cécile.
684 1328 247 62 Quelques
969 1327 163 48 étoiles
1169 1329 286 61 parisiennes
1493 1329 313 61 apparaissent
1833 1349 58 27 au
1919 1329 88 47 ciel
2036 1332 55 44 de
2130 1328 276 51 Poitiers
2431 1350 10 30 :
2490 1333 153 47 Risler

84 1404 235 61 triomphe
365 1420 58 29 en
469 1402 281 62 compagnie
795 1401 58 45 de
903 1399 237 63 Speranza
1185 1399 136 61 Calo,
1369 1401 153 47 tandis
1566 1418 91 45 que
1695 1402 254 47 Wurmser
1993 1416 47 32 et
2086 1403 242 64 Hekking,
2368 1406 179 45 assistés
2590 1406 56 47 de

86 1474 59 49 M
166 1470 2 68 1
168 1470 3 68 '
177 1481 16 19 6
220 1473 183 50 Odette
444 1472 71 48 Le
555 1473 125 64 Roy,
709 1472 253 47 fanatisent
1006 1470 42 47 le
1095 1470 159 63 public
1300 1488 78 45 par
1424 1470 123 49 leurs
1592 1473 382 61 interprétations
2016 1473 56 46 de
2115 1473 208 62 Chopin,
2354 1476 293 62 Schumann,

84 1545 206 49 Chabrie
299 1563 9 17 1
308 1562 10 6 *
360 1558 47 32 et
454 1543 167 48 Fauré.
675 1542 66 49 Le
781 1542 342 47 violoncelliste
1169 1540 223 49 Marneff
1423 1559 44 30 se
1514 1543 83 46 fait
1641 1543 243 61 applaudir
1926 1544 24 46 à
1989 1540 324 51 Clermont
2351 1563 59 28 au
2454 1561 194 33 concert

84 1617 309 60 Soulacroup,
423 1615 153 47 tandis
601 1632 90 45 que
719 1613 45 47 la
784 1615 144 64 jeune
954 1613 174 48 société
1155 1614 349 63 symphonique
1532 1614 62 46 du
1625 1613 374 62 Conservatoire,
2030 1615 174 64 dirigée
2245 1634 78 43 par
2351 1617 76 48 M.
2459 1617 162 48 Clauss-

83 1707 163 42 mann,
294 1689 156 44 donne
496 1703 113 30 avec
653 1685 42 47 le
741 1685 104 62 plus
883 1685 74 46 vif
991 1684 163 47 succès
1197 1702 84 29 son
1326 1685 174 47 second
1546 1699 208 33 concert.
1804 1685 71 47 La
1926 1686 183 47 Société
2137 1686 421 65 Philharmonique
2589 1689 56 47 de

80 1757 266 50 Roanne
373 1770 182 50 permet
581 1756 24 48 à
634 1757 60 46 M
700 1761 51 22 me
778 1756 180 47 Ferrari
987 1756 56 46 de
1085 1756 245 46 connaître
1375 1756 41 46 la
1455 1756 146 62 gloire
1644 1770 46 33 et
1716 1756 131 48 àM.
1876 1757 167 46 André
2073 1759 230 62 Hekking
2330 1759 54 47 de
2422 1760 135 64 jouer
2584 1760 64 46 les

82 1831 238 62 Papillons
360 1831 57 46 de
463 1829 197 62 Popper.
712 1825 279 49 Moulins
1042 1826 228 48 s'instruit
1316 1845 59 28 en
1422 1827 226 47 écoutant
1693 1827 78 49 M.
1820 1827 278 66 Landormy
2144 1830 212 63 analyser
2401 1831 114 47 dans
2553 1849 95 29 une

84 1902 215 49 brillante
327 1901 282 48 conférence
651 1900 42 47 le
734 1901 136 63 génie
900 1901 54 46 de
996 1900 293 47 Beethoven.
1321 1900 93 47 Vif
1446 1900 162 47 succès
1649 1918 117 43 pour
1804 1900 43 47 le
1888 1901 323 46 conférencier
2239 1902 78 61 qui
2356 1902 145 61 prend
2547 1916 100 47 part

83 1975 268 63 également
390 1973 27 47 à
456 1972 299 47 l'intermède
795 1971 197 48 musical
1019 1972 77 61 qui
1141 1971 218 47 illustrait
1385 1989 47 28 sa
1458 1972 221 46 causerie.
1710 1971 94 47 Les
1830 1971 294 48 mélomanes
2149 1972 56 46 de
2233 1968 180 64 Lyon
2454 1973 165 63 applau-

83 2046 174 47 dissent
296 2046 398 45 successivement
736 2042 228 61 Kubelik,
995 2043 152 46 Henri
1178 2041 198 63 Expert,
1406 2042 149 47 Louis
1584 2042 194 62 Vierne,
1810 2042 139 47 Ferté
1977 2056 47 33 et
2051 2043 60 46 M
2118 2043 41 27 lle
2185 2045 214 62 Janssen,
2448 2043 172 62 prophé-

82 2130 115 34 tesse
225 2135 60 29 en
312 2133 83 31 son
423 2133 126 47 pays,
580 2117 114 46 mais
721 2114 182 64 lorsque
940 2114 43 46 la
1011 2114 237 61 Rapsodie
1274 2114 250 63 espagnole
1554 2114 56 46 de
1639 2113 148 47 Ravel
1815 2114 83 46 fait
1936 2132 82 29 son
2048 2116 261 61 apparition
2337 2133 92 28 aux
2459 2114 191 50 Grands

83 2188 249 61 Concerts,
361 2201 104 34 tous
502 2187 65 47 les
604 2189 235 45 assistants
874 2203 47 31 se
962 2185 250 64 regardent
1251 2203 113 29 avec
1406 2185 266 61 épouvante
1700 2197 47 34 et
1786 2184 43 48 la
1856 2187 197 62 critique
2092 2185 149 49 locale
2283 2187 133 47 hurle
2445 2185 197 50 d'effroi.

83 2257 340 50 Bordeaux
447 2277 46 29 se
522 2259 235 46 renferme
785 2258 115 47 dans
926 2276 65 28 un
1019 2257 179 47 silence
1226 2274 91 46 que
1347 2257 240 45 troublent
1612 2257 150 47 seules
1787 2257 229 63 quelques
2043 2258 274 47 exécutions
2344 2258 55 46 de
2435 2259 213 61 musique

83 2333 258 63 religieuse.
385 2328 134 49 Pau
555 2329 309 48 s'émerveille
905 2330 56 45 de
1001 2328 43 47 la
1084 2328 119 47 belle
1242 2329 110 46 voix
1391 2329 293 61 dramatique
1726 2328 55 45 de
1822 2328 61 47 M
1888 2334 50 20 me
1965 2329 132 46 Nina
2125 2329 109 47 Rati
2275 2330 80 61 qui
2396 2329 170 47 défend
2606 2329 44 47 la

86 2404 241 49 Glaneuse
355 2403 56 47 de
440 2401 281 63 Fourdrain,
743 2401 267 63 cependant
1037 2418 91 46 que
1168 2400 44 47 la
1239 2399 169 48 Schola
1449 2399 271 48 Cantorum
1756 2399 196 47 exécute
1996 2400 43 46 la
2065 2400 190 47 Passion
2281 2400 130 47 selon
2439 2398 46 50 S'
2510 2401 137 63 Jean,

83 2493 90 46 que
202 2475 78 47 M.
309 2474 184 47 Alonso
520 2472 152 47 révélé
699 2472 196 64 quelqes
931 2472 262 64 fragments
1220 2472 56 45 de
1316 2489 85 29 son
1443 2471 141 62 opéra
1623 2471 148 46 inédit
1810 2470 191 48 intitulé
2045 2471 117 47 Don
2189 2472 125 63 Juan
2344 2471 218 47 Ténorio
2603 2484 47 34 et

83 2565 93 46 que
204 2546 63 47 les
294 2556 214 37 concerts
534 2544 246 63 classiques
807 2544 56 47 de
892 2542 178 49 Brunei
1112 2542 240 49 clôturent
1391 2542 100 47 leur
1519 2542 263 47 excellente
1808 2544 166 45 saison.
2004 2542 73 49 La
2104 2542 461 47 Marie-Madeleine
2594 2544 56 45 de

86 2617 246 49 Massenet
374 2617 81 46 fait
496 2615 43 47 la
577 2616 235 62 conquête
853 2615 55 47 de
949 2611 434 51 Carcassonne
1413 2630 10 30 :
1460 2627 96 50 130
1584 2612 277 47 exécutants
1899 2631 60 28 en
2002 2613 245 47 détaillent
2288 2613 63 47 les
2392 2613 159 63 grâces
2590 2631 60 29 au

84 2688 159 64 public
271 2688 56 46 de
366 2687 42 47 la
433 2686 185 49 Société
644 2687 79 47 des
751 2686 234 48 Concerts
1011 2686 383 65 Symphoniques
1433 2686 95 46 ravi
1559 2685 54 45 de
1641 2696 125 36 cette
1794 2685 274 48 révélation.
2114 2683 63 49 Et
2213 2681 222 51 Millau
2462 2702 45 30 se
2534 2702 87 30 con-

84 2760 182 64 gratule
294 2760 176 45 d'avoir
512 2776 62 44 pu
601 2758 299 47 additionner
926 2757 65 48 les
1018 2757 231 47 éléments
1277 2758 306 45 orchestraux
1611 2768 46 33 et
1684 2757 210 46 choraux
1923 2757 55 46 de
2018 2756 42 47 la
2088 2756 294 64 Symphonie
2411 2756 237 62 Amicale,

86 2833 55 46 de
169 2829 273 64 l'Orphéon
470 2842 46 34 et
543 2831 56 45 de
637 2829 44 47 la
708 2829 183 49 Société
919 2829 78 47 des
1024 2828 367 64 Montagnards,
1422 2828 55 46 de
1517 2827 42 47 la
1587 2827 230 63 Musique
1847 2827 316 62 Municipale,
2196 2827 286 48 d'amateurs
2509 2827 54 47 de
2605 2827 43 47 la

84 2903 108 47 ville
234 2914 48 35 et
319 2902 309 47 d'excellents
668 2903 399 46 instrumentistes
1112 2900 54 46 de
1211 2899 331 62 Montpellier,
1585 2900 56 46 de
1683 2899 250 47 Toulouse
1974 2912 47 34 et
2067 2899 54 47 de
2171 2899 167 47 Rodez
2377 2917 119 44 pour
2537 2899 111 46 faire

86 2974 226 47 entendre
340 2991 91 29 aux
459 2972 242 47 Millavois
789 2972 264 48 Cavalleria
1081 2972 276 47 Rusticana.
1441 2972 86 47 Un
1555 2972 34 45 si
1617 2970 321 47 considérable
1966 2969 138 48 effort
2131 2969 120 48 d'art
2279 2969 164 47 n'aura
2471 2988 78 45 pas
2576 2969 74 48 été

87 3045 167 47 inutile
285 3062 9 30 :
324 3062 61 29 on
414 3061 120 30 nous
558 3044 180 46 affirme
766 3062 59 28 en
854 3043 113 47 effet
992 3062 89 44 que
1110 3043 341 47 l'lntermezzo
1477 3061 26 29 a
1531 3041 73 47 été
1632 3041 116 47 bissé
1772 3039 79 49 !...

1063 3242 601 113 Belgique

235 3462 92 47 Les
355 3475 165 50 quatre
550 3475 216 35 concerts
794 3463 56 46 de
878 3463 42 46 la
951 3463 131 46 Libre
1109 3462 230 64 esthétique
1365 3474 86 35 ont
1478 3462 90 61 été,
1596 3479 191 30 comme
1805 3463 224 64 toujours,
2060 3463 148 60 parmi
2237 3461 64 46 les
2327 3460 103 63 plus
2457 3460 170 46 intéres-

89 3547 154 35 santes
269 3534 190 46 séances
486 3534 55 45 de
581 3534 42 46 la
649 3535 165 46 saison.
847 3533 70 47 Le
964 3535 185 45 dernier
1175 3546 186 34 surtout
1406 3535 73 45 fut
1507 3533 203 48 brillant.
1756 3534 60 46 M
1821 3530 42 26 lle
1890 3533 211 47 Blanche
2145 3532 133 48 Selva
2316 3550 29 46 y
2372 3531 169 61 prêtait
2566 3547 84 30 son

91 3622 245 31 concours.
381 3604 140 47 Cette
561 3606 177 59 artiste,
779 3604 199 63 géniale,
1008 3623 59 28 en
1095 3604 163 61 vérité,
1286 3606 85 45 sait
1399 3605 181 46 donner
1608 3623 92 28 aux
1740 3622 185 29 œuvres
1952 3604 170 62 qu'elle
2144 3605 109 63 joue
2300 3620 92 28 une
2429 3600 222 48 intensité
