<?xml version="1.0" encoding="UTF-8"?>
<alto xmlns:xsi="http://www.w3.org/2001/XMLSchema-instance" xmlns="http://www.loc.gov/standards/alto/ns-v2#" xsi:schemaLocation="http://www.loc.gov/standards/alto/ns-v2# http://www.loc.gov/standards/alto/alto-v2.0.xsd" xmlns:xlink="http://www.w3.org/1999/xlink">
	<Description>
		<MeasurementUnit>mm10</MeasurementUnit>
		<sourceImageInformation>
			<fileName>//fileserver7/IN2/Princeton/Batch3/bmtnabh/1911/05/15_01/00000099.tif</fileName>
		</sourceImageInformation>
		<OCRProcessing ID="OCRPROCESSING_1">
			<preProcessingStep>
				<processingSoftware>
					<softwareCreator>CCS Content Conversion Specialists GmbH, Germany</softwareCreator>
					<softwareName>CCS docWORKS</softwareName>
					<softwareVersion>6.6-1.18</softwareVersion>
				</processingSoftware>
			</preProcessingStep>
			<ocrProcessingStep>
				<processingSoftware>
					<softwareCreator>ABBYY (BIT Software), Russia</softwareCreator>
					<softwareName>FineReader</softwareName>
					<softwareVersion>10.0</softwareVersion>
				</processingSoftware>
			</ocrProcessingStep>
		</OCRProcessing>
	</Description>
	<Styles>
		<TextStyle ID="TXT_0" FONTSIZE="28" FONTFAMILY="Times New Roman"/>
		<TextStyle ID="TXT_1" FONTSIZE="23" FONTFAMILY="Times New Roman"/>
		<TextStyle ID="TXT_2" FONTSIZE="16" FONTFAMILY="Times New Roman"/>
		<TextStyle ID="TXT_3" FONTSIZE="16" FONTFAMILY="Times New Roman" FONTSTYLE="italics"/>
		<TextStyle ID="TXT_4" FONTSIZE="16" FONTFAMILY="Times New Roman" FONTSTYLE="bold"/>
		<TextStyle ID="TXT_5" FONTSIZE="12" FONTFAMILY="Unknown" FONTSTYLE="italics"/>
		<TextStyle ID="TXT_6" FONTSIZE="38" FONTFAMILY="Courier New" FONTSTYLE="bold"/>
		<TextStyle ID="TXT_7" FONTSIZE="17" FONTFAMILY="Times New Roman"/>
		<ParagraphStyle ID="PAR_CENTER" ALIGN="Center"/>
		<ParagraphStyle ID="PAR_LEFT" ALIGN="Left"/>
		<ParagraphStyle ID="PAR_BLOCK" ALIGN="Block"/>
	</Styles>
	<Layout>
		<Page ID="P97" PHYSICAL_IMG_NR="97" HEIGHT="4061" WIDTH="2994" PC="0.898">
			<TopMargin ID="P97_TM00001" HPOS="0" VPOS="0" WIDTH="2994" HEIGHT="201"/>
			<LeftMargin ID="P97_LM00001" HPOS="0" VPOS="201" WIDTH="353" HEIGHT="3513"/>
			<RightMargin ID="P97_RM00001" HPOS="2946" VPOS="201" WIDTH="48" HEIGHT="3513"/>
			<BottomMargin ID="P97_BM00001" HPOS="0" VPOS="3714" WIDTH="2994" HEIGHT="347"/>
			<PrintSpace ID="P97_PS00001" HPOS="353" VPOS="201" WIDTH="2593" HEIGHT="3513">
				<TextBlock ID="P97_TB00001" HPOS="1434" VPOS="201" WIDTH="420" HEIGHT="76" STYLEREFS="TXT_0 PAR_CENTER">
					<TextLine ID="P97_TL00001" HPOS="1434" VPOS="201" WIDTH="420" HEIGHT="76">
						<String ID="P97_ST00001" HPOS="1434" VPOS="205" WIDTH="77" HEIGHT="72" CONTENT="S," WC="0.27" CC="77"/>
						<SP ID="P97_SP00001" HPOS="1511" VPOS="277" WIDTH="83"/>
						<String ID="P97_ST00002" HPOS="1594" VPOS="205" WIDTH="64" HEIGHT="70" CONTENT="I." WC="0.31" CC="67"/>
						<SP ID="P97_SP00002" HPOS="1658" VPOS="277" WIDTH="75"/>
						<String ID="P97_ST00003" HPOS="1733" VPOS="201" WIDTH="121" HEIGHT="74" CONTENT="M»" WC="0.38" CC="74"/>
					</TextLine>
				</TextBlock>
				<TextBlock ID="P97_TB00002" HPOS="363" VPOS="218" WIDTH="108" HEIGHT="82" STYLEREFS="TXT_1 PAR_LEFT">
					<TextLine ID="P97_TL00002" HPOS="366" VPOS="237" WIDTH="104" HEIGHT="63">
						<String ID="P97_ST00004" HPOS="366" VPOS="237" WIDTH="104" HEIGHT="63" CONTENT="9°" WC="0.28" CC="68"/>
					</TextLine>
				</TextBlock>
				<TextBlock ID="P97_TB00003" HPOS="353" VPOS="338" WIDTH="2585" HEIGHT="1961" STYLEREFS="TXT_2 PAR_LEFT">
					<TextLine ID="P97_TL00003" HPOS="361" VPOS="338" WIDTH="2570" HEIGHT="87">
						<String ID="P97_ST00005" HPOS="361" VPOS="354" WIDTH="80" HEIGHT="56" CONTENT="M." WC="0.42" CC="83"/>
						<SP ID="P97_SP00003" HPOS="441" VPOS="410" WIDTH="30"/>
						<String ID="P97_ST00006" HPOS="471" VPOS="360" WIDTH="191" HEIGHT="50" CONTENT="Bittner" WC="0.78" CC="4422000"/>
						<SP ID="P97_SP00004" HPOS="662" VPOS="410" WIDTH="25"/>
						<String ID="P97_ST00007" HPOS="687" VPOS="359" WIDTH="155" HEIGHT="66" CONTENT="légère" WC="0.98" CC="080705"/>
						<SP ID="P97_SP00005" HPOS="842" VPOS="425" WIDTH="27"/>
						<String ID="P97_ST00008" HPOS="869" VPOS="371" WIDTH="47" HEIGHT="36" CONTENT="et" WC="0.39" CC="56"/>
						<SP ID="P97_SP00006" HPOS="916" VPOS="425" WIDTH="24"/>
						<String ID="P97_ST00009" HPOS="940" VPOS="376" WIDTH="106" HEIGHT="30" CONTENT="sans" WC="0.99" CC="0400"/>
						<SP ID="P97_SP00007" HPOS="1046" VPOS="425" WIDTH="22"/>
						<String ID="P97_ST00010" HPOS="1068" VPOS="355" WIDTH="179" HEIGHT="50" CONTENT="valeur." WC="0.99" CC="7020603"/>
						<SP ID="P97_SP00008" HPOS="1247" VPOS="425" WIDTH="29"/>
						<String ID="P97_ST00011" HPOS="1276" VPOS="353" WIDTH="88" HEIGHT="51" CONTENT="On" WC="1.00" CC="00"/>
						<SP ID="P97_SP00009" HPOS="1364" VPOS="425" WIDTH="28"/>
						<String ID="P97_ST00012" HPOS="1392" VPOS="364" WIDTH="114" HEIGHT="52" CONTENT="peut" WC="0.99" CC="0021"/>
						<SP ID="P97_SP00010" HPOS="1506" VPOS="425" WIDTH="27"/>
						<String ID="P97_ST00013" HPOS="1533" VPOS="349" WIDTH="151" HEIGHT="50" CONTENT="d'ores" WC="0.99" CC="322040"/>
						<SP ID="P97_SP00011" HPOS="1684" VPOS="425" WIDTH="24"/>
						<String ID="P97_ST00014" HPOS="1708" VPOS="360" WIDTH="50" HEIGHT="36" CONTENT="et" WC="0.75" CC="04"/>
						<SP ID="P97_SP00012" HPOS="1758" VPOS="425" WIDTH="25"/>
						<String ID="P97_ST00015" HPOS="1783" VPOS="346" WIDTH="103" HEIGHT="66" CONTENT="déjà" WC="0.95" CC="2747"/>
						<SP ID="P97_SP00013" HPOS="1886" VPOS="425" WIDTH="23"/>
						<String ID="P97_ST00016" HPOS="1909" VPOS="346" WIDTH="47" HEIGHT="47" CONTENT="la" WC="0.40" CC="38"/>
						<SP ID="P97_SP00014" HPOS="1956" VPOS="425" WIDTH="25"/>
						<String ID="P97_ST00017" HPOS="1981" VPOS="344" WIDTH="156" HEIGHT="63" CONTENT="placer" WC="0.99" CC="025300"/>
						<SP ID="P97_SP00015" HPOS="2137" VPOS="425" WIDTH="38"/>
						<String ID="P97_ST00018" HPOS="2175" VPOS="360" WIDTH="57" HEIGHT="30" CONTENT="en" WC="0.55" CC="09"/>
						<SP ID="P97_SP00016" HPOS="2232" VPOS="425" WIDTH="32"/>
						<String ID="P97_ST00019" HPOS="2264" VPOS="344" WIDTH="93" HEIGHT="48" CONTENT="bon" WC="0.99" CC="300"/>
						<SP ID="P97_SP00017" HPOS="2357" VPOS="425" WIDTH="28"/>
						<String ID="P97_ST00020" HPOS="2385" VPOS="359" WIDTH="118" HEIGHT="47" CONTENT="rang" WC="1.00" CC="0001"/>
						<SP ID="P97_SP00018" HPOS="2503" VPOS="425" WIDTH="36"/>
						<String ID="P97_ST00021" HPOS="2539" VPOS="358" WIDTH="77" HEIGHT="30" CONTENT="sur" WC="0.99" CC="001"/>
						<SP ID="P97_SP00019" HPOS="2616" VPOS="425" WIDTH="27"/>
						<String ID="P97_ST00022" HPOS="2643" VPOS="340" WIDTH="43" HEIGHT="47" CONTENT="la" WC="0.81" CC="03"/>
						<SP ID="P97_SP00020" HPOS="2686" VPOS="425" WIDTH="34"/>
						<String ID="P97_ST00023" HPOS="2720" VPOS="339" WIDTH="103" HEIGHT="48" CONTENT="liste" WC="0.98" CC="66030"/>
						<SP ID="P97_SP00021" HPOS="2823" VPOS="425" WIDTH="28"/>
						<String ID="P97_ST00024" HPOS="2851" VPOS="338" WIDTH="80" HEIGHT="47" CONTENT="des" WC="1.00" CC="000"/>
					</TextLine>
					<TextLine ID="P97_TL00004" HPOS="355" VPOS="411" WIDTH="2394" HEIGHT="87">
						<String ID="P97_ST00025" HPOS="355" VPOS="432" WIDTH="138" HEIGHT="66" CONTENT="jolies" WC="0.98" CC="300770"/>
						<SP ID="P97_SP00022" HPOS="493" VPOS="498" WIDTH="25"/>
						<String ID="P97_ST00026" HPOS="518" VPOS="433" WIDTH="154" HEIGHT="63" CONTENT="pièces" WC="0.98" CC="066080"/>
						<SP ID="P97_SP00023" HPOS="672" VPOS="498" WIDTH="25"/>
						<String ID="P97_ST00027" HPOS="697" VPOS="433" WIDTH="64" HEIGHT="47" CONTENT="où" WC="0.64" CC="07"/>
						<SP ID="P97_SP00024" HPOS="761" VPOS="498" WIDTH="26"/>
						<String ID="P97_ST00028" HPOS="787" VPOS="430" WIDTH="145" HEIGHT="65" CONTENT="règne" WC="0.97" CC="07066"/>
						<SP ID="P97_SP00025" HPOS="932" VPOS="498" WIDTH="27"/>
						<String ID="P97_ST00029" HPOS="959" VPOS="447" WIDTH="96" HEIGHT="30" CONTENT="une" WC="0.96" CC="206"/>
						<SP ID="P97_SP00026" HPOS="1055" VPOS="498" WIDTH="26"/>
						<String ID="P97_ST00030" HPOS="1081" VPOS="440" WIDTH="124" HEIGHT="36" CONTENT="sorte" WC="0.98" CC="00604"/>
						<SP ID="P97_SP00027" HPOS="1205" VPOS="498" WIDTH="28"/>
						<String ID="P97_ST00031" HPOS="1233" VPOS="426" WIDTH="58" HEIGHT="49" CONTENT="de" WC="0.65" CC="06"/>
						<SP ID="P97_SP00028" HPOS="1291" VPOS="498" WIDTH="33"/>
						<String ID="P97_ST00032" HPOS="1324" VPOS="426" WIDTH="101" HEIGHT="49" CONTENT="sain" WC="0.96" CC="0627"/>
						<SP ID="P97_SP00029" HPOS="1425" VPOS="498" WIDTH="28"/>
						<String ID="P97_ST00033" HPOS="1453" VPOS="426" WIDTH="208" HEIGHT="45" CONTENT="humour" WC="0.99" CC="008020"/>
						<SP ID="P97_SP00030" HPOS="1661" VPOS="498" WIDTH="27"/>
						<String ID="P97_ST00034" HPOS="1688" VPOS="419" WIDTH="137" HEIGHT="61" CONTENT="local," WC="0.98" CC="500954"/>
						<SP ID="P97_SP00031" HPOS="1825" VPOS="498" WIDTH="40"/>
						<String ID="P97_ST00035" HPOS="1865" VPOS="435" WIDTH="60" HEIGHT="31" CONTENT="en" WC="0.33" CC="57"/>
						<SP ID="P97_SP00032" HPOS="1925" VPOS="498" WIDTH="40"/>
						<String ID="P97_ST00036" HPOS="1965" VPOS="416" WIDTH="13" HEIGHT="47" CONTENT="1" WC="0.39" CC="6"/>
						<SP ID="P97_SP00033" HPOS="1978" VPOS="498" WIDTH="22"/>
						<String ID="P97_ST00037" HPOS="2000" VPOS="415" WIDTH="267" HEIGHT="48" CONTENT="excellente" WC="0.99" CC="1005606004"/>
						<SP ID="P97_SP00034" HPOS="2267" VPOS="498" WIDTH="38"/>
						<String ID="P97_ST00038" HPOS="2305" VPOS="412" WIDTH="282" HEIGHT="65" CONTENT="compagnie" WC="0.99" CC="008060644"/>
						<SP ID="P97_SP00035" HPOS="2587" VPOS="498" WIDTH="28"/>
						<String ID="P97_ST00039" HPOS="2615" VPOS="412" WIDTH="57" HEIGHT="47" CONTENT="de" WC="0.64" CC="07"/>
						<SP ID="P97_SP00036" HPOS="2672" VPOS="498" WIDTH="34"/>
						<String ID="P97_ST00040" HPOS="2706" VPOS="411" WIDTH="43" HEIGHT="46" CONTENT="la" WC="0.24" CC="59"/>
					</TextLine>
					<TextLine ID="P97_TL00005" HPOS="374" VPOS="485" WIDTH="2472" HEIGHT="81">
						<String ID="P97_ST00041" HPOS="374" VPOS="503" WIDTH="235" HEIGHT="63" CONTENT="Padrona," WC="0.70" CC="57002007" STYLEREFS="TXT_3"/>
						<SP ID="P97_SP00037" HPOS="609" VPOS="566" WIDTH="14"/>
						<String ID="P97_ST00042" HPOS="623" VPOS="505" WIDTH="64" HEIGHT="46" CONTENT="du" WC="0.82" CC="03"/>
						<SP ID="P97_SP00038" HPOS="687" VPOS="566" WIDTH="392"/>
						<String ID="P97_ST00043" HPOS="1079" VPOS="503" WIDTH="231" HEIGHT="62" CONTENT="Mariage" WC="0.98" CC="3335530" STYLEREFS="TXT_3"/>
						<SP ID="P97_SP00039" HPOS="1310" VPOS="566" WIDTH="279"/>
						<String ID="P97_ST00044" HPOS="1589" VPOS="501" WIDTH="52" HEIGHT="47" CONTENT="de" WC="1.00" CC="00" STYLEREFS="TXT_3"/>
						<SP ID="P97_SP00040" HPOS="1641" VPOS="566" WIDTH="103"/>
						<String ID="P97_ST00045" HPOS="1744" VPOS="500" WIDTH="184" HEIGHT="62" CONTENT="Figaro^" WC="0.99" CC="0035028" STYLEREFS="TXT_3"/>
						<String ID="P97_ST00046" HPOS="1260" VPOS="498" WIDTH="62" HEIGHT="47" CONTENT="du" WC="1.00" CC="00"/>
						<SP ID="P97_SP00041" HPOS="1928" VPOS="566" WIDTH="420"/>
						<String ID="P97_ST00047" HPOS="2348" VPOS="495" WIDTH="199" HEIGHT="50" CONTENT="Barbier" WC="0.98" CC="6645000" STYLEREFS="TXT_3"/>
						<SP ID="P97_SP00042" HPOS="2547" VPOS="566" WIDTH="246"/>
						<String ID="P97_ST00048" HPOS="2793" VPOS="495" WIDTH="53" HEIGHT="46" CONTENT="de" WC="0.83" CC="03" STYLEREFS="TXT_3"/>
						<SP ID="P97_SP00043" HPOS="2846" VPOS="566" WIDTH="-1196"/>
						<String ID="P97_ST00049" HPOS="1650" VPOS="491" WIDTH="127" HEIGHT="50" CONTENT="Seuil" WC="0.95" CC="95877" STYLEREFS="TXT_3"/>
						<SP ID="P97_SP00044" HPOS="2846" VPOS="566" WIDTH="-1068"/>
						<String ID="P97_ST00050" HPOS="1778" VPOS="491" WIDTH="33" HEIGHT="46" CONTENT="le" WC="0.54" CC="26" STYLEREFS="TXT_3"/>
						<SP ID="P97_SP00045" HPOS="2846" VPOS="566" WIDTH="-991"/>
						<String ID="P97_ST00051" HPOS="1855" VPOS="490" WIDTH="57" HEIGHT="47" CONTENT="de" WC="1.00" CC="00"/>
						<SP ID="P97_SP00046" HPOS="2846" VPOS="566" WIDTH="-894"/>
						<String ID="P97_ST00052" HPOS="1952" VPOS="487" WIDTH="43" HEIGHT="49" CONTENT="la" WC="0.69" CC="60"/>
						<SP ID="P97_SP00047" HPOS="2846" VPOS="566" WIDTH="-589"/>
						<String ID="P97_ST00053" HPOS="2257" VPOS="485" WIDTH="261" HEIGHT="51" CONTENT="/'et" WC="0.67" CC="9002"/>
						<SP ID="P97_SP00048" HPOS="2846" VPOS="566" WIDTH="-293"/>
						<String ID="P97_ST00054" HPOS="2553" VPOS="485" WIDTH="63" HEIGHT="46" CONTENT="du" WC="0.44" CC="73"/>
					</TextLine>
					<TextLine ID="P97_TL00006" HPOS="362" VPOS="555" WIDTH="2570" HEIGHT="76">
						<String ID="P97_ST00055" HPOS="362" VPOS="576" WIDTH="63" HEIGHT="49" CONTENT="du" WC="0.67" CC="06"/>
						<SP ID="P97_SP00049" HPOS="425" VPOS="625" WIDTH="38"/>
						<String ID="P97_ST00056" HPOS="463" VPOS="588" WIDTH="121" HEIGHT="37" CONTENT="reste" WC="0.98" CC="20037"/>
						<SP ID="P97_SP00050" HPOS="584" VPOS="625" WIDTH="39"/>
						<String ID="P97_ST00057" HPOS="623" VPOS="575" WIDTH="201" HEIGHT="48" CONTENT="tendant" WC="0.99" CC="3040604"/>
						<SP ID="P97_SP00051" HPOS="824" VPOS="625" WIDTH="37"/>
						<String ID="P97_ST00058" HPOS="861" VPOS="590" WIDTH="95" HEIGHT="31" CONTENT="une" WC="0.98" CC="211"/>
						<SP ID="P97_SP00052" HPOS="956" VPOS="625" WIDTH="41"/>
						<String ID="P97_ST00059" HPOS="997" VPOS="572" WIDTH="129" HEIGHT="47" CONTENT="main" WC="0.98" CC="0060"/>
						<SP ID="P97_SP00053" HPOS="1126" VPOS="625" WIDTH="40"/>
						<String ID="P97_ST00060" HPOS="1166" VPOS="571" WIDTH="25" HEIGHT="47" CONTENT="à" WC="0.41" CC="5"/>
						<SP ID="P97_SP00054" HPOS="1191" VPOS="625" WIDTH="36"/>
						<String ID="P97_ST00061" HPOS="1227" VPOS="569" WIDTH="237" HEIGHT="62" CONTENT="Lortzing" WC="0.72" CC="60215104"/>
						<SP ID="P97_SP00055" HPOS="1464" VPOS="631" WIDTH="26"/>
						<String ID="P97_ST00062" HPOS="1490" VPOS="579" WIDTH="48" HEIGHT="35" CONTENT="et" WC="1.00" CC="00"/>
						<SP ID="P97_SP00056" HPOS="1538" VPOS="631" WIDTH="26"/>
						<String ID="P97_ST00063" HPOS="1564" VPOS="565" WIDTH="167" HEIGHT="49" CONTENT="l'autre" WC="0.99" CC="2205090"/>
						<SP ID="P97_SP00057" HPOS="1731" VPOS="631" WIDTH="40"/>
						<String ID="P97_ST00064" HPOS="1771" VPOS="561" WIDTH="256" HEIGHT="66" CONTENT="peut-être," WC="0.99" CC="0204342204"/>
						<SP ID="P97_SP00058" HPOS="2027" VPOS="631" WIDTH="26"/>
						<String ID="P97_ST00065" HPOS="2053" VPOS="571" WIDTH="107" HEIGHT="36" CONTENT="tout" WC="0.99" CC="3010"/>
						<SP ID="P97_SP00059" HPOS="2160" VPOS="631" WIDTH="26"/>
						<String ID="P97_ST00066" HPOS="2186" VPOS="575" WIDTH="59" HEIGHT="31" CONTENT="au" WC="1.00" CC="00"/>
						<SP ID="P97_SP00060" HPOS="2245" VPOS="631" WIDTH="27"/>
						<String ID="P97_ST00067" HPOS="2272" VPOS="559" WIDTH="155" HEIGHT="45" CONTENT="moins" WC="0.98" CC="54300"/>
						<SP ID="P97_SP00061" HPOS="2427" VPOS="631" WIDTH="24"/>
						<String ID="P97_ST00068" HPOS="2451" VPOS="555" WIDTH="229" HEIGHT="64" CONTENT="quelques" WC="1.00" CC="30101200"/>
						<SP ID="P97_SP00062" HPOS="2680" VPOS="631" WIDTH="25"/>
						<String ID="P97_ST00069" HPOS="2705" VPOS="555" WIDTH="227" HEIGHT="59" CONTENT="minutes," WC="1.00" CC="03000004"/>
					</TextLine>
					<TextLine ID="P97_TL00007" HPOS="359" VPOS="646" WIDTH="470" HEIGHT="65">
						<String ID="P97_ST00070" HPOS="359" VPOS="646" WIDTH="28" HEIGHT="48" CONTENT="à" WC="0.25" CC="7"/>
						<SP ID="P97_SP00063" HPOS="387" VPOS="694" WIDTH="24"/>
						<String ID="P97_ST00071" HPOS="411" VPOS="647" WIDTH="196" HEIGHT="64" CONTENT="Johann" WC="0.99" CC="502303"/>
						<SP ID="P97_SP00064" HPOS="607" VPOS="711" WIDTH="27"/>
						<String ID="P97_ST00072" HPOS="634" VPOS="646" WIDTH="195" HEIGHT="48" CONTENT="Strauss." WC="1.00" CC="00053000"/>
					</TextLine>
					<TextLine ID="P97_TL00008" HPOS="2269" VPOS="697" WIDTH="518" HEIGHT="49">
						<String ID="P97_ST00073" HPOS="2269" VPOS="699" WIDTH="258" HEIGHT="47" CONTENT="WILLIAM" WC="0.99" CC="0049303" STYLEREFS="TXT_4"/>
						<SP ID="P97_SP00065" HPOS="2527" VPOS="746" WIDTH="41"/>
						<String ID="P97_ST00074" HPOS="2568" VPOS="697" WIDTH="219" HEIGHT="48" CONTENT="RITTER." WC="0.61" CC="0566313" STYLEREFS="TXT_4"/>
					</TextLine>
					<TextLine ID="P97_TL00009" HPOS="2563" VPOS="781" WIDTH="167" HEIGHT="65">
						<String ID="P97_ST00075" HPOS="2563" VPOS="796" WIDTH="59" HEIGHT="50" CONTENT="19" WC="0.56" CC="26"/>
						<String ID="P97_ST00076" HPOS="2634" VPOS="781" WIDTH="96" HEIGHT="62" CONTENT="11.)" WC="0.79" CC="0340"/>
					</TextLine>
					<TextLine ID="P97_TL00010" HPOS="507" VPOS="887" WIDTH="2429" HEIGHT="72">
						<String ID="P97_ST00077" HPOS="507" VPOS="908" WIDTH="232" HEIGHT="51" CONTENT="ROME." WC="0.98" CC="00163"/>
						<SP ID="P97_SP00066" HPOS="739" VPOS="959" WIDTH="137"/>
						<String ID="P97_ST00078" HPOS="876" VPOS="907" WIDTH="74" HEIGHT="49" CONTENT="La" WC="0.82" CC="03"/>
						<SP ID="P97_SP00067" HPOS="950" VPOS="959" WIDTH="25"/>
						<String ID="P97_ST00079" HPOS="975" VPOS="905" WIDTH="165" HEIGHT="48" CONTENT="Libéra" WC="0.99" CC="064000" STYLEREFS="TXT_3"/>
						<SP ID="P97_SP00068" HPOS="1140" VPOS="959" WIDTH="28"/>
						<String ID="P97_ST00080" HPOS="1168" VPOS="904" WIDTH="193" HEIGHT="48" CONTENT="Estetica" WC="0.68" CC="05350560" STYLEREFS="TXT_3"/>
						<SP ID="P97_SP00069" HPOS="1361" VPOS="959" WIDTH="28"/>
						<String ID="P97_ST00081" HPOS="1389" VPOS="905" WIDTH="130" HEIGHT="46" CONTENT="vient" WC="1.00" CC="00000"/>
						<SP ID="P97_SP00070" HPOS="1519" VPOS="959" WIDTH="28"/>
						<String ID="P97_ST00082" HPOS="1547" VPOS="900" WIDTH="177" HEIGHT="48" CONTENT="d'avoir" WC="1.00" CC="0000010"/>
						<SP ID="P97_SP00071" HPOS="1724" VPOS="959" WIDTH="40"/>
						<String ID="P97_ST00083" HPOS="1764" VPOS="898" WIDTH="256" HEIGHT="48" CONTENT="l'honneur" WC="0.99" CC="000504050"/>
						<SP ID="P97_SP00072" HPOS="2020" VPOS="959" WIDTH="41"/>
						<String ID="P97_ST00084" HPOS="2061" VPOS="895" WIDTH="57" HEIGHT="47" CONTENT="de" WC="1.00" CC="00"/>
						<SP ID="P97_SP00073" HPOS="2118" VPOS="959" WIDTH="38"/>
						<String ID="P97_ST00085" HPOS="2156" VPOS="912" WIDTH="47" HEIGHT="29" CONTENT="se" WC="1.00" CC="00"/>
						<SP ID="P97_SP00074" HPOS="2203" VPOS="959" WIDTH="46"/>
						<String ID="P97_ST00086" HPOS="2249" VPOS="894" WIDTH="114" HEIGHT="46" CONTENT="faire" WC="0.99" CC="40400"/>
						<SP ID="P97_SP00075" HPOS="2363" VPOS="959" WIDTH="43"/>
						<String ID="P97_ST00087" HPOS="2406" VPOS="890" WIDTH="228" HEIGHT="48" CONTENT="entendre" WC="0.99" CC="06500000"/>
						<SP ID="P97_SP00076" HPOS="2634" VPOS="959" WIDTH="44"/>
						<String ID="P97_ST00088" HPOS="2678" VPOS="907" WIDTH="60" HEIGHT="29" CONTENT="au" WC="0.29" CC="94"/>
						<SP ID="P97_SP00077" HPOS="2738" VPOS="959" WIDTH="47"/>
						<String ID="P97_ST00089" HPOS="2785" VPOS="887" WIDTH="151" HEIGHT="49" CONTENT="Palais" WC="0.97" CC="501874"/>
					</TextLine>
					<TextLine ID="P97_TL00011" HPOS="363" VPOS="957" WIDTH="2574" HEIGHT="88">
						<String ID="P97_ST00090" HPOS="363" VPOS="981" WIDTH="315" HEIGHT="64" CONTENT="Margharita," WC="0.74" CC="20600005083"/>
						<SP ID="P97_SP00078" HPOS="678" VPOS="1045" WIDTH="29"/>
						<String ID="P97_ST00091" HPOS="707" VPOS="998" WIDTH="60" HEIGHT="29" CONTENT="en" WC="0.89" CC="02"/>
						<SP ID="P97_SP00079" HPOS="767" VPOS="1045" WIDTH="28"/>
						<String ID="P97_ST00092" HPOS="795" VPOS="979" WIDTH="221" HEIGHT="63" CONTENT="présence" WC="1.00" CC="00500000"/>
						<SP ID="P97_SP00080" HPOS="1016" VPOS="1045" WIDTH="28"/>
						<String ID="P97_ST00093" HPOS="1044" VPOS="978" WIDTH="57" HEIGHT="47" CONTENT="de" WC="1.00" CC="00"/>
						<SP ID="P97_SP00081" HPOS="1101" VPOS="1045" WIDTH="28"/>
						<String ID="P97_ST00094" HPOS="1129" VPOS="976" WIDTH="57" HEIGHT="50" CONTENT="Sa" WC="1.00" CC="00"/>
						<SP ID="P97_SP00082" HPOS="1186" VPOS="1045" WIDTH="27"/>
						<String ID="P97_ST00095" HPOS="1213" VPOS="974" WIDTH="205" HEIGHT="67" CONTENT="Majesté" WC="0.98" CC="9720044"/>
						<SP ID="P97_SP00083" HPOS="1418" VPOS="1045" WIDTH="27"/>
						<String ID="P97_ST00096" HPOS="1445" VPOS="974" WIDTH="45" HEIGHT="47" CONTENT="la" WC="0.90" CC="20"/>
						<SP ID="P97_SP00084" HPOS="1490" VPOS="1045" WIDTH="25"/>
						<String ID="P97_ST00097" HPOS="1515" VPOS="974" WIDTH="156" HEIGHT="47" CONTENT="Reine" WC="0.99" CC="00510"/>
						<SP ID="P97_SP00085" HPOS="1671" VPOS="1045" WIDTH="27"/>
						<String ID="P97_ST00098" HPOS="1698" VPOS="971" WIDTH="160" HEIGHT="60" CONTENT="Mère," WC="0.97" CC="86004"/>
						<SP ID="P97_SP00086" HPOS="1858" VPOS="1045" WIDTH="28"/>
						<String ID="P97_ST00099" HPOS="1886" VPOS="969" WIDTH="79" HEIGHT="63" CONTENT="qui" WC="0.95" CC="803"/>
						<SP ID="P97_SP00087" HPOS="1965" VPOS="1045" WIDTH="36"/>
						<String ID="P97_ST00100" HPOS="2001" VPOS="980" WIDTH="77" HEIGHT="34" CONTENT="sut" WC="0.98" CC="004"/>
						<SP ID="P97_SP00088" HPOS="2078" VPOS="1045" WIDTH="36"/>
						<String ID="P97_ST00101" HPOS="2114" VPOS="979" WIDTH="190" HEIGHT="34" CONTENT="trouver" WC="1.00" CC="0001000"/>
						<SP ID="P97_SP00089" HPOS="2304" VPOS="1045" WIDTH="39"/>
						<String ID="P97_ST00102" HPOS="2343" VPOS="980" WIDTH="117" HEIGHT="46" CONTENT="pour" WC="0.97" CC="7006"/>
						<SP ID="P97_SP00090" HPOS="2460" VPOS="1045" WIDTH="26"/>
						<String ID="P97_ST00103" HPOS="2486" VPOS="962" WIDTH="45" HEIGHT="47" CONTENT="la" WC="0.76" CC="40"/>
						<SP ID="P97_SP00091" HPOS="2531" VPOS="1045" WIDTH="34"/>
						<String ID="P97_ST00104" HPOS="2565" VPOS="961" WIDTH="256" HEIGHT="48" CONTENT="cantatrice" WC="0.99" CC="0900140400"/>
						<SP ID="P97_SP00092" HPOS="2821" VPOS="1045" WIDTH="27"/>
						<String ID="P97_ST00105" HPOS="2848" VPOS="957" WIDTH="89" HEIGHT="49" CONTENT="Ida" WC="0.92" CC="595"/>
					</TextLine>
					<TextLine ID="P97_TL00012" HPOS="362" VPOS="1040" WIDTH="1904" HEIGHT="75">
						<String ID="P97_ST00106" HPOS="362" VPOS="1053" WIDTH="115" HEIGHT="48" CONTENT="Isori" WC="0.75" CC="50006"/>
						<SP ID="P97_SP00093" HPOS="477" VPOS="1101" WIDTH="30"/>
						<String ID="P97_ST00107" HPOS="507" VPOS="1065" WIDTH="47" HEIGHT="36" CONTENT="et" WC="0.86" CC="02"/>
						<SP ID="P97_SP00094" HPOS="554" VPOS="1101" WIDTH="26"/>
						<String ID="P97_ST00108" HPOS="580" VPOS="1053" WIDTH="43" HEIGHT="48" CONTENT="le" WC="0.90" CC="20"/>
						<SP ID="P97_SP00095" HPOS="623" VPOS="1101" WIDTH="26"/>
						<String ID="P97_ST00109" HPOS="649" VPOS="1053" WIDTH="321" HEIGHT="62" CONTENT="compositeur" WC="1.00" CC="03000000030"/>
						<SP ID="P97_SP00096" HPOS="970" VPOS="1115" WIDTH="28"/>
						<String ID="P97_ST00110" HPOS="998" VPOS="1049" WIDTH="145" HEIGHT="48" CONTENT="Paolo" WC="0.72" CC="00264"/>
						<SP ID="P97_SP00097" HPOS="1143" VPOS="1115" WIDTH="28"/>
						<String ID="P97_ST00111" HPOS="1171" VPOS="1047" WIDTH="132" HEIGHT="49" CONTENT="Litta" WC="0.80" CC="44100"/>
						<SP ID="P97_SP00098" HPOS="1303" VPOS="1115" WIDTH="25"/>
						<String ID="P97_ST00112" HPOS="1328" VPOS="1047" WIDTH="80" HEIGHT="47" CONTENT="des" WC="1.00" CC="000"/>
						<SP ID="P97_SP00099" HPOS="1408" VPOS="1115" WIDTH="27"/>
						<String ID="P97_ST00113" HPOS="1435" VPOS="1045" WIDTH="178" HEIGHT="63" CONTENT="paroles" WC="0.99" CC="0700400"/>
						<SP ID="P97_SP00100" HPOS="1613" VPOS="1115" WIDTH="25"/>
						<String ID="P97_ST00114" HPOS="1638" VPOS="1044" WIDTH="351" HEIGHT="48" CONTENT="extrêmement" WC="0.99" CC="00705101005"/>
						<SP ID="P97_SP00101" HPOS="1989" VPOS="1115" WIDTH="28"/>
						<String ID="P97_ST00115" HPOS="2017" VPOS="1040" WIDTH="249" HEIGHT="46" CONTENT="flatteuses." WC="1.00" CC="00012040004"/>
					</TextLine>
					<TextLine ID="P97_TL00013" HPOS="504" VPOS="1157" WIDTH="2428" HEIGHT="80">
						<String ID="P97_ST00116" HPOS="504" VPOS="1174" WIDTH="277" HEIGHT="53" CONTENT="PORTO." WC="0.99" CC="600304"/>
						<SP ID="P97_SP00102" HPOS="781" VPOS="1227" WIDTH="684"/>
						<String ID="P97_ST00117" HPOS="1465" VPOS="1172" WIDTH="275" HEIGHT="65" CONTENT="L'Orphéon" WC="0.98" CC="610085765" STYLEREFS="TXT_3"/>
						<SP ID="P97_SP00103" HPOS="1740" VPOS="1237" WIDTH="-532"/>
						<String ID="P97_ST00118" HPOS="1208" VPOS="1190" WIDTH="26" HEIGHT="29" CONTENT="a" WC="1.00" CC="0"/>
						<SP ID="P97_SP00104" HPOS="1740" VPOS="1237" WIDTH="-480"/>
						<String ID="P97_ST00119" HPOS="1260" VPOS="1169" WIDTH="161" HEIGHT="49" CONTENT="donné" WC="0.98" CC="00736"/>
						<SP ID="P97_SP00105" HPOS="1740" VPOS="1237" WIDTH="-294"/>
						<String ID="P97_ST00120" HPOS="1446" VPOS="1182" WIDTH="126" HEIGHT="34" CONTENT="cette" WC="0.99" CC="00440"/>
						<SP ID="P97_SP00106" HPOS="1740" VPOS="1237" WIDTH="-144"/>
						<String ID="P97_ST00121" HPOS="1596" VPOS="1167" WIDTH="154" HEIGHT="48" CONTENT="année" WC="0.99" CC="00060"/>
						<SP ID="P97_SP00107" HPOS="1750" VPOS="1237" WIDTH="25"/>
						<String ID="P97_ST00122" HPOS="1775" VPOS="1183" WIDTH="97" HEIGHT="28" CONTENT="une" WC="1.00" CC="000"/>
						<SP ID="P97_SP00108" HPOS="1872" VPOS="1237" WIDTH="25"/>
						<String ID="P97_ST00123" HPOS="1897" VPOS="1163" WIDTH="115" HEIGHT="48" CONTENT="série" WC="0.98" CC="08060"/>
						<SP ID="P97_SP00109" HPOS="2012" VPOS="1237" WIDTH="29"/>
						<String ID="P97_ST00124" HPOS="2041" VPOS="1163" WIDTH="56" HEIGHT="46" CONTENT="de" WC="0.82" CC="30"/>
						<SP ID="P97_SP00110" HPOS="2097" VPOS="1237" WIDTH="28"/>
						<String ID="P97_ST00125" HPOS="2125" VPOS="1172" WIDTH="217" HEIGHT="37" CONTENT="concerts" WC="1.00" CC="05000020"/>
						<SP ID="P97_SP00111" HPOS="2342" VPOS="1237" WIDTH="26"/>
						<String ID="P97_ST00126" HPOS="2368" VPOS="1158" WIDTH="91" HEIGHT="48" CONTENT="très" WC="0.97" CC="4070"/>
						<SP ID="P97_SP00112" HPOS="2459" VPOS="1237" WIDTH="38"/>
						<String ID="P97_ST00127" HPOS="2497" VPOS="1157" WIDTH="298" HEIGHT="48" CONTENT="intéressants" WC="1.00" CC="060600004050"/>
						<SP ID="P97_SP00113" HPOS="2795" VPOS="1237" WIDTH="24"/>
						<String ID="P97_ST00128" HPOS="2819" VPOS="1171" WIDTH="113" HEIGHT="31" CONTENT="avec" WC="1.00" CC="0000"/>
					</TextLine>
					<TextLine ID="P97_TL00014" HPOS="361" VPOS="1227" WIDTH="2573" HEIGHT="81">
						<String ID="P97_ST00129" HPOS="361" VPOS="1247" WIDTH="43" HEIGHT="49" CONTENT="le" WC="0.72" CC="41"/>
						<SP ID="P97_SP00114" HPOS="404" VPOS="1296" WIDTH="39"/>
						<String ID="P97_ST00130" HPOS="443" VPOS="1266" WIDTH="235" HEIGHT="30" CONTENT="concours" WC="0.99" CC="00600270"/>
						<SP ID="P97_SP00115" HPOS="678" VPOS="1296" WIDTH="38"/>
						<String ID="P97_ST00131" HPOS="716" VPOS="1248" WIDTH="56" HEIGHT="46" CONTENT="de" WC="0.78" CC="04"/>
						<SP ID="P97_SP00116" HPOS="772" VPOS="1296" WIDTH="42"/>
						<String ID="P97_ST00132" HPOS="814" VPOS="1247" WIDTH="44" HEIGHT="47" CONTENT="la" WC="0.39" CC="29"/>
						<SP ID="P97_SP00117" HPOS="858" VPOS="1296" WIDTH="40"/>
						<String ID="P97_ST00133" HPOS="898" VPOS="1247" WIDTH="195" HEIGHT="61" CONTENT="pianiste" WC="0.98" CC="04970043"/>
						<SP ID="P97_SP00118" HPOS="1093" VPOS="1308" WIDTH="41"/>
						<String ID="P97_ST00134" HPOS="1134" VPOS="1243" WIDTH="159" HEIGHT="47" CONTENT="Maria" WC="0.98" CC="00609"/>
						<SP ID="P97_SP00119" HPOS="1293" VPOS="1308" WIDTH="38"/>
						<String ID="P97_ST00135" HPOS="1331" VPOS="1242" WIDTH="213" HEIGHT="59" CONTENT="Carrera," WC="0.98" CC="60653403"/>
						<SP ID="P97_SP00120" HPOS="1544" VPOS="1308" WIDTH="42"/>
						<String ID="P97_ST00136" HPOS="1586" VPOS="1239" WIDTH="43" HEIGHT="47" CONTENT="le" WC="0.59" CC="16"/>
						<SP ID="P97_SP00121" HPOS="1629" VPOS="1308" WIDTH="27"/>
						<String ID="P97_ST00137" HPOS="1656" VPOS="1251" WIDTH="203" HEIGHT="50" CONTENT="quatuor" WC="0.99" CC="0005004"/>
						<SP ID="P97_SP00122" HPOS="1859" VPOS="1308" WIDTH="39"/>
						<String ID="P97_ST00138" HPOS="1898" VPOS="1235" WIDTH="230" HEIGHT="65" CONTENT="Lejeune," WC="0.58" CC="55250714"/>
						<SP ID="P97_SP00123" HPOS="2128" VPOS="1308" WIDTH="41"/>
						<String ID="P97_ST00139" HPOS="2169" VPOS="1230" WIDTH="62" HEIGHT="49" CONTENT="M" WC="1.00" CC="0"/>
						<SP ID="P97_SP00124" HPOS="2231" VPOS="1308" WIDTH="83"/>
						<String ID="P97_ST00140" HPOS="2314" VPOS="1232" WIDTH="209" HEIGHT="62" CONTENT="Auguez" WC="0.78" CC="030270"/>
						<SP ID="P97_SP00125" HPOS="2523" VPOS="1308" WIDTH="27"/>
						<String ID="P97_ST00141" HPOS="2550" VPOS="1229" WIDTH="56" HEIGHT="47" CONTENT="de" WC="0.70" CC="05"/>
						<SP ID="P97_SP00126" HPOS="2606" VPOS="1308" WIDTH="29"/>
						<String ID="P97_ST00142" HPOS="2635" VPOS="1227" WIDTH="299" HEIGHT="59" CONTENT="Montalant," WC="0.55" CC="0480058854"/>
					</TextLine>
					<TextLine ID="P97_TL00015" HPOS="359" VPOS="1298" WIDTH="2578" HEIGHT="86">
						<String ID="P97_ST00143" HPOS="359" VPOS="1321" WIDTH="94" HEIGHT="63" CONTENT="Jan" WC="1.00" CC="000"/>
						<SP ID="P97_SP00127" HPOS="453" VPOS="1384" WIDTH="45"/>
						<String ID="P97_ST00144" HPOS="498" VPOS="1321" WIDTH="175" HEIGHT="60" CONTENT="Reder," WC="0.95" CC="000002"/>
						<SP ID="P97_SP00128" HPOS="673" VPOS="1384" WIDTH="47"/>
						<String ID="P97_ST00145" HPOS="720" VPOS="1319" WIDTH="61" HEIGHT="47" CONTENT="M" WC="1.00" CC="0"/>
						<String ID="P97_ST00146" HPOS="785" VPOS="1321" WIDTH="53" HEIGHT="21" CONTENT="me" STYLE="superscript" WC="0.59" CC="34"/>
						<SP ID="P97_SP00129" HPOS="838" VPOS="1384" WIDTH="25"/>
						<String ID="P97_ST00147" HPOS="863" VPOS="1317" WIDTH="86" HEIGHT="48" CONTENT="Ida" WC="0.99" CC="300"/>
						<SP ID="P97_SP00130" HPOS="949" VPOS="1384" WIDTH="25"/>
						<String ID="P97_ST00148" HPOS="974" VPOS="1317" WIDTH="211" HEIGHT="61" CONTENT="Ekman," WC="0.84" CC="100043"/>
						<SP ID="P97_SP00131" HPOS="1185" VPOS="1384" WIDTH="43"/>
						<String ID="P97_ST00149" HPOS="1228" VPOS="1313" WIDTH="187" HEIGHT="48" CONTENT="Lucien" WC="0.99" CC="060004"/>
						<SP ID="P97_SP00132" HPOS="1415" VPOS="1384" WIDTH="40"/>
						<String ID="P97_ST00150" HPOS="1455" VPOS="1312" WIDTH="273" HEIGHT="58" CONTENT="Wurmser," WC="0.95" CC="00000002"/>
						<SP ID="P97_SP00133" HPOS="1728" VPOS="1384" WIDTH="40"/>
						<String ID="P97_ST00151" HPOS="1768" VPOS="1307" WIDTH="275" HEIGHT="48" CONTENT="Boucherit." WC="0.78" CC="6040001034"/>
						<SP ID="P97_SP00134" HPOS="2043" VPOS="1384" WIDTH="42"/>
						<String ID="P97_ST00152" HPOS="2085" VPOS="1305" WIDTH="50" HEIGHT="47" CONTENT="A" WC="0.79" CC="2"/>
						<SP ID="P97_SP00135" HPOS="2135" VPOS="1384" WIDTH="37"/>
						<String ID="P97_ST00153" HPOS="2172" VPOS="1301" WIDTH="217" HEIGHT="64" CONTENT="l'Opéra," WC="0.99" CC="13006182"/>
						<SP ID="P97_SP00136" HPOS="2389" VPOS="1384" WIDTH="44"/>
						<String ID="P97_ST00154" HPOS="2433" VPOS="1300" WIDTH="277" HEIGHT="62" CONTENT="Lohengrin" WC="0.90" CC="000050030"/>
						<SP ID="P97_SP00137" HPOS="2710" VPOS="1384" WIDTH="46"/>
						<String ID="P97_ST00155" HPOS="2756" VPOS="1298" WIDTH="181" HEIGHT="47" CONTENT="voisine" WC="0.99" CC="0050614"/>
					</TextLine>
					<TextLine ID="P97_TL00016" HPOS="361" VPOS="1370" WIDTH="2426" HEIGHT="81">
						<String ID="P97_ST00156" HPOS="361" VPOS="1409" WIDTH="113" HEIGHT="31" CONTENT="avec" WC="0.98" CC="7000"/>
						<SP ID="P97_SP00138" HPOS="474" VPOS="1440" WIDTH="27"/>
						<String ID="P97_ST00157" HPOS="501" VPOS="1392" WIDTH="44" HEIGHT="48" CONTENT="la" WC="1.00" CC="00"/>
						<SP ID="P97_SP00139" HPOS="545" VPOS="1440" WIDTH="25"/>
						<String ID="P97_ST00158" HPOS="570" VPOS="1393" WIDTH="178" HEIGHT="58" CONTENT="Xosca," WC="0.78" CC="720003"/>
						<SP ID="P97_SP00140" HPOS="748" VPOS="1451" WIDTH="30"/>
						<String ID="P97_ST00159" HPOS="778" VPOS="1389" WIDTH="63" HEIGHT="48" CONTENT="M" WC="1.00" CC="0"/>
						<String ID="P97_ST00160" HPOS="844" VPOS="1392" WIDTH="54" HEIGHT="20" CONTENT="me" STYLE="superscript" WC="0.68" CC="32"/>
						<SP ID="P97_SP00141" HPOS="898" VPOS="1451" WIDTH="26"/>
						<String ID="P97_ST00161" HPOS="924" VPOS="1388" WIDTH="254" HEIGHT="63" CONTENT="Butterfly," WC="0.99" CC="5030120064"/>
						<SP ID="P97_SP00142" HPOS="1178" VPOS="1451" WIDTH="28"/>
						<String ID="P97_ST00162" HPOS="1206" VPOS="1385" WIDTH="144" HEIGHT="61" CONTENT="Aïda," WC="0.91" CC="00004"/>
						<SP ID="P97_SP00143" HPOS="1350" VPOS="1451" WIDTH="29"/>
						<String ID="P97_ST00163" HPOS="1379" VPOS="1383" WIDTH="205" HEIGHT="49" CONTENT="Othello" WC="0.99" CC="0500563"/>
						<SP ID="P97_SP00144" HPOS="1584" VPOS="1451" WIDTH="26"/>
						<String ID="P97_ST00164" HPOS="1610" VPOS="1394" WIDTH="47" HEIGHT="34" CONTENT="et" WC="0.95" CC="00"/>
						<SP ID="P97_SP00145" HPOS="1657" VPOS="1451" WIDTH="27"/>
						<String ID="P97_ST00165" HPOS="1684" VPOS="1381" WIDTH="157" HEIGHT="46" CONTENT="Faust." WC="1.00" CC="003000"/>
						<SP ID="P97_SP00146" HPOS="1841" VPOS="1451" WIDTH="798"/>
						<String ID="P97_ST00166" HPOS="2639" VPOS="1370" WIDTH="51" HEIGHT="48" CONTENT="P«" WC="0.86" CC="02"/>
						<SP ID="P97_SP00147" HPOS="2690" VPOS="1451" WIDTH="43"/>
						<String ID="P97_ST00167" HPOS="2733" VPOS="1370" WIDTH="54" HEIGHT="47" CONTENT="B." WC="0.61" CC="70"/>
					</TextLine>
					<TextLine ID="P97_TL00017" HPOS="504" VPOS="1505" WIDTH="2433" HEIGHT="80">
						<String ID="P97_ST00168" HPOS="504" VPOS="1526" WIDTH="293" HEIGHT="51" CONTENT="VIENNE." WC="0.99" CC="0030434"/>
						<SP ID="P97_SP00148" HPOS="797" VPOS="1577" WIDTH="125"/>
						<String ID="P97_ST00169" HPOS="922" VPOS="1526" WIDTH="164" HEIGHT="47" CONTENT="Avant" WC="1.00" CC="00000"/>
						<SP ID="P97_SP00149" HPOS="1086" VPOS="1577" WIDTH="28"/>
						<String ID="P97_ST00170" HPOS="1114" VPOS="1524" WIDTH="57" HEIGHT="47" CONTENT="de" WC="1.00" CC="00"/>
						<SP ID="P97_SP00150" HPOS="1171" VPOS="1577" WIDTH="25"/>
						<String ID="P97_ST00171" HPOS="1196" VPOS="1522" WIDTH="175" HEIGHT="63" CONTENT="quitter" WC="0.99" CC="0504000"/>
						<SP ID="P97_SP00151" HPOS="1371" VPOS="1585" WIDTH="37"/>
						<String ID="P97_ST00172" HPOS="1408" VPOS="1517" WIDTH="219" HEIGHT="64" CONTENT="l'Opéra," WC="0.99" CC="60007092"/>
						<SP ID="P97_SP00152" HPOS="1627" VPOS="1585" WIDTH="28"/>
						<String ID="P97_ST00173" HPOS="1655" VPOS="1519" WIDTH="344" HEIGHT="61" CONTENT="Weingartner" WC="0.83" CC="00040005700"/>
						<SP ID="P97_SP00153" HPOS="1999" VPOS="1585" WIDTH="26"/>
						<String ID="P97_ST00174" HPOS="2025" VPOS="1533" WIDTH="27" HEIGHT="28" CONTENT="a" WC="1.00" CC="0"/>
						<SP ID="P97_SP00154" HPOS="2052" VPOS="1585" WIDTH="26"/>
						<String ID="P97_ST00175" HPOS="2078" VPOS="1526" WIDTH="116" HEIGHT="33" CONTENT="tenu" WC="0.97" CC="6043"/>
						<SP ID="P97_SP00155" HPOS="2194" VPOS="1585" WIDTH="27"/>
						<String ID="P97_ST00176" HPOS="2221" VPOS="1511" WIDTH="25" HEIGHT="47" CONTENT="à" WC="0.43" CC="5"/>
						<SP ID="P97_SP00156" HPOS="2246" VPOS="1585" WIDTH="27"/>
						<String ID="P97_ST00177" HPOS="2273" VPOS="1511" WIDTH="180" HEIGHT="47" CONTENT="donner" WC="0.99" CC="006700"/>
						<SP ID="P97_SP00157" HPOS="2453" VPOS="1585" WIDTH="32"/>
						<String ID="P97_ST00178" HPOS="2485" VPOS="1526" WIDTH="94" HEIGHT="29" CONTENT="une" WC="0.96" CC="650"/>
						<SP ID="P97_SP00158" HPOS="2579" VPOS="1585" WIDTH="41"/>
						<String ID="P97_ST00179" HPOS="2620" VPOS="1505" WIDTH="228" HEIGHT="64" CONTENT="première" WC="0.99" CC="00004700"/>
						<SP ID="P97_SP00159" HPOS="2848" VPOS="1585" WIDTH="30"/>
						<String ID="P97_ST00180" HPOS="2878" VPOS="1506" WIDTH="59" HEIGHT="47" CONTENT="de" WC="0.55" CC="08"/>
					</TextLine>
					<TextLine ID="P97_TL00018" HPOS="362" VPOS="1576" WIDTH="2572" HEIGHT="80">
						<String ID="P97_ST00181" HPOS="362" VPOS="1601" WIDTH="289" HEIGHT="48" CONTENT="Benvenuto" WC="0.86" CC="600100040"/>
						<SP ID="P97_SP00160" HPOS="651" VPOS="1649" WIDTH="28"/>
						<String ID="P97_ST00182" HPOS="679" VPOS="1599" WIDTH="178" HEIGHT="49" CONTENT="Cellini" WC="0.80" CC="0250004"/>
						<SP ID="P97_SP00161" HPOS="857" VPOS="1649" WIDTH="29"/>
						<String ID="P97_ST00183" HPOS="886" VPOS="1597" WIDTH="56" HEIGHT="47" CONTENT="de" WC="1.00" CC="00"/>
						<SP ID="P97_SP00162" HPOS="942" VPOS="1649" WIDTH="28"/>
						<String ID="P97_ST00184" HPOS="970" VPOS="1595" WIDTH="207" HEIGHT="48" CONTENT="Berlioz." WC="0.99" CC="60064004"/>
						<SP ID="P97_SP00163" HPOS="1177" VPOS="1649" WIDTH="29"/>
						<String ID="P97_ST00185" HPOS="1206" VPOS="1594" WIDTH="73" HEIGHT="48" CONTENT="Le" WC="0.77" CC="40"/>
						<SP ID="P97_SP00164" HPOS="1279" VPOS="1649" WIDTH="26"/>
						<String ID="P97_ST00186" HPOS="1305" VPOS="1591" WIDTH="177" HEIGHT="65" CONTENT="public," WC="0.99" CC="0003204"/>
						<SP ID="P97_SP00165" HPOS="1482" VPOS="1656" WIDTH="28"/>
						<String ID="P97_ST00187" HPOS="1510" VPOS="1591" WIDTH="25" HEIGHT="47" CONTENT="à" WC="0.35" CC="6"/>
						<SP ID="P97_SP00166" HPOS="1535" VPOS="1656" WIDTH="26"/>
						<String ID="P97_ST00188" HPOS="1561" VPOS="1588" WIDTH="252" HEIGHT="49" CONTENT="l'occasion" WC="0.99" CC="1402070400"/>
						<SP ID="P97_SP00167" HPOS="1813" VPOS="1656" WIDTH="28"/>
						<String ID="P97_ST00189" HPOS="1841" VPOS="1587" WIDTH="56" HEIGHT="47" CONTENT="de" WC="0.56" CC="80"/>
						<SP ID="P97_SP00168" HPOS="1897" VPOS="1656" WIDTH="26"/>
						<String ID="P97_ST00190" HPOS="1923" VPOS="1604" WIDTH="83" HEIGHT="29" CONTENT="son" WC="0.98" CC="004"/>
						<SP ID="P97_SP00169" HPOS="2006" VPOS="1656" WIDTH="30"/>
						<String ID="P97_ST00191" HPOS="2036" VPOS="1585" WIDTH="177" HEIGHT="62" CONTENT="départ," WC="0.99" CC="0506033"/>
						<SP ID="P97_SP00170" HPOS="2213" VPOS="1656" WIDTH="27"/>
						<String ID="P97_ST00192" HPOS="2240" VPOS="1582" WIDTH="66" HEIGHT="47" CONTENT="lui" WC="0.97" CC="015"/>
						<SP ID="P97_SP00171" HPOS="2306" VPOS="1656" WIDTH="27"/>
						<String ID="P97_ST00193" HPOS="2333" VPOS="1600" WIDTH="26" HEIGHT="29" CONTENT="a" WC="1.00" CC="0"/>
						<SP ID="P97_SP00172" HPOS="2359" VPOS="1656" WIDTH="26"/>
						<String ID="P97_ST00194" HPOS="2385" VPOS="1582" WIDTH="84" HEIGHT="47" CONTENT="fait" WC="0.99" CC="5000"/>
						<SP ID="P97_SP00173" HPOS="2469" VPOS="1656" WIDTH="25"/>
						<String ID="P97_ST00195" HPOS="2494" VPOS="1597" WIDTH="94" HEIGHT="30" CONTENT="une" WC="1.00" CC="000"/>
						<SP ID="P97_SP00174" HPOS="2588" VPOS="1656" WIDTH="28"/>
						<String ID="P97_ST00196" HPOS="2616" VPOS="1580" WIDTH="206" HEIGHT="47" CONTENT="ovation." WC="0.99" CC="00040074"/>
						<SP ID="P97_SP00175" HPOS="2822" VPOS="1656" WIDTH="23"/>
						<String ID="P97_ST00197" HPOS="2845" VPOS="1576" WIDTH="89" HEIGHT="49" CONTENT="On" WC="1.00" CC="00"/>
					</TextLine>
					<TextLine ID="P97_TL00019" HPOS="361" VPOS="1648" WIDTH="2573" HEIGHT="88">
						<String ID="P97_ST00198" HPOS="361" VPOS="1672" WIDTH="158" HEIGHT="64" CONTENT="espère" WC="0.99" CC="001720"/>
						<SP ID="P97_SP00176" HPOS="519" VPOS="1736" WIDTH="27"/>
						<String ID="P97_ST00199" HPOS="546" VPOS="1690" WIDTH="93" HEIGHT="46" CONTENT="que" WC="0.98" CC="040"/>
						<SP ID="P97_SP00177" HPOS="639" VPOS="1736" WIDTH="38"/>
						<String ID="P97_ST00200" HPOS="677" VPOS="1670" WIDTH="43" HEIGHT="48" CONTENT="le" WC="0.78" CC="30"/>
						<SP ID="P97_SP00178" HPOS="720" VPOS="1736" WIDTH="41"/>
						<String ID="P97_ST00201" HPOS="761" VPOS="1686" WIDTH="219" HEIGHT="31" CONTENT="nouveau" WC="1.00" CC="7000000"/>
						<SP ID="P97_SP00179" HPOS="980" VPOS="1736" WIDTH="27"/>
						<String ID="P97_ST00202" HPOS="1007" VPOS="1667" WIDTH="254" HEIGHT="59" CONTENT="directeur," WC="0.99" CC="9030020051"/>
						<SP ID="P97_SP00180" HPOS="1261" VPOS="1736" WIDTH="41"/>
						<String ID="P97_ST00203" HPOS="1302" VPOS="1662" WIDTH="78" HEIGHT="51" CONTENT="M." WC="0.78" CC="04"/>
						<SP ID="P97_SP00181" HPOS="1380" VPOS="1736" WIDTH="31"/>
						<String ID="P97_ST00204" HPOS="1411" VPOS="1661" WIDTH="204" HEIGHT="62" CONTENT="Gregor," WC="0.73" CC="2700053"/>
						<SP ID="P97_SP00182" HPOS="1615" VPOS="1736" WIDTH="28"/>
						<String ID="P97_ST00205" HPOS="1643" VPOS="1675" WIDTH="335" HEIGHT="32" CONTENT="commencera" WC="1.00" CC="0040001047"/>
						<SP ID="P97_SP00183" HPOS="1978" VPOS="1736" WIDTH="39"/>
						<String ID="P97_ST00206" HPOS="2017" VPOS="1672" WIDTH="80" HEIGHT="46" CONTENT="par" WC="0.94" CC="095"/>
						<SP ID="P97_SP00184" HPOS="2097" VPOS="1736" WIDTH="26"/>
						<String ID="P97_ST00207" HPOS="2123" VPOS="1655" WIDTH="178" HEIGHT="47" CONTENT="relever" WC="0.99" CC="0050004"/>
						<SP ID="P97_SP00185" HPOS="2301" VPOS="1736" WIDTH="41"/>
						<String ID="P97_ST00208" HPOS="2342" VPOS="1652" WIDTH="42" HEIGHT="47" CONTENT="le" WC="0.67" CC="60"/>
						<SP ID="P97_SP00186" HPOS="2384" VPOS="1736" WIDTH="30"/>
						<String ID="P97_ST00209" HPOS="2414" VPOS="1653" WIDTH="170" HEIGHT="46" CONTENT="niveau" WC="0.98" CC="507090"/>
						<SP ID="P97_SP00187" HPOS="2584" VPOS="1736" WIDTH="27"/>
						<String ID="P97_ST00210" HPOS="2611" VPOS="1648" WIDTH="239" HEIGHT="64" CONTENT="artistique" WC="0.99" CC="0340056800"/>
						<SP ID="P97_SP00188" HPOS="2850" VPOS="1736" WIDTH="28"/>
						<String ID="P97_ST00211" HPOS="2878" VPOS="1648" WIDTH="56" HEIGHT="46" CONTENT="de" WC="0.76" CC="40"/>
					</TextLine>
					<TextLine ID="P97_TL00020" HPOS="361" VPOS="1732" WIDTH="1423" HEIGHT="76">
						<String ID="P97_ST00212" HPOS="361" VPOS="1745" WIDTH="177" HEIGHT="63" CONTENT="l'opéra" WC="0.99" CC="0000308"/>
						<SP ID="P97_SP00189" HPOS="538" VPOS="1808" WIDTH="26"/>
						<String ID="P97_ST00213" HPOS="564" VPOS="1743" WIDTH="98" HEIGHT="64" CONTENT="qui," WC="0.99" CC="0060"/>
						<SP ID="P97_SP00190" HPOS="662" VPOS="1808" WIDTH="29"/>
						<String ID="P97_ST00214" HPOS="691" VPOS="1760" WIDTH="77" HEIGHT="30" CONTENT="ces" WC="1.00" CC="000"/>
						<SP ID="P97_SP00191" HPOS="768" VPOS="1808" WIDTH="26"/>
						<String ID="P97_ST00215" HPOS="794" VPOS="1741" WIDTH="208" HEIGHT="47" CONTENT="derniers" WC="1.00" CC="00002000"/>
						<SP ID="P97_SP00192" HPOS="1002" VPOS="1808" WIDTH="27"/>
						<String ID="P97_ST00216" HPOS="1029" VPOS="1751" WIDTH="168" HEIGHT="48" CONTENT="temps," WC="1.00" CC="100012"/>
						<SP ID="P97_SP00193" HPOS="1197" VPOS="1808" WIDTH="30"/>
						<String ID="P97_ST00217" HPOS="1227" VPOS="1736" WIDTH="113" HEIGHT="47" CONTENT="était" WC="0.98" CC="52034"/>
						<SP ID="P97_SP00194" HPOS="1340" VPOS="1808" WIDTH="25"/>
						<String ID="P97_ST00218" HPOS="1365" VPOS="1732" WIDTH="164" HEIGHT="50" CONTENT="tombé" WC="0.99" CC="02006"/>
						<SP ID="P97_SP00195" HPOS="1529" VPOS="1808" WIDTH="27"/>
						<String ID="P97_ST00219" HPOS="1556" VPOS="1733" WIDTH="106" HEIGHT="46" CONTENT="bien" WC="0.98" CC="0206"/>
						<SP ID="P97_SP00196" HPOS="1662" VPOS="1808" WIDTH="31"/>
						<String ID="P97_ST00220" HPOS="1693" VPOS="1732" WIDTH="91" HEIGHT="46" CONTENT="bas." WC="0.98" CC="0044"/>
					</TextLine>
					<TextLine ID="P97_TL00021" HPOS="602" VPOS="1790" WIDTH="2335" HEIGHT="86">
						<String ID="P97_ST00221" HPOS="602" VPOS="1813" WIDTH="321" HEIGHT="51" CONTENT="L'exécution" WC="0.99" CC="52747033230"/>
						<SP ID="P97_SP00197" HPOS="923" VPOS="1864" WIDTH="42"/>
						<String ID="P97_ST00222" HPOS="965" VPOS="1812" WIDTH="64" HEIGHT="46" CONTENT="du" WC="0.76" CC="04"/>
						<SP ID="P97_SP00198" HPOS="1029" VPOS="1864" WIDTH="39"/>
						<String ID="P97_ST00223" HPOS="1068" VPOS="1808" WIDTH="132" HEIGHT="68" CONTENT="cycle" WC="0.97" CC="09067"/>
						<SP ID="P97_SP00199" HPOS="1200" VPOS="1876" WIDTH="43"/>
						<String ID="P97_ST00224" HPOS="1243" VPOS="1808" WIDTH="80" HEIGHT="46" CONTENT="des" WC="0.98" CC="060"/>
						<SP ID="P97_SP00200" HPOS="1323" VPOS="1876" WIDTH="1048"/>
						<String ID="P97_ST00225" HPOS="2371" VPOS="1804" WIDTH="273" HEIGHT="66" CONTENT="Symphonies" WC="0.99" CC="5080046055" STYLEREFS="TXT_5"/>
						<SP ID="P97_SP00201" HPOS="2644" VPOS="1876" WIDTH="-973"/>
						<String ID="P97_ST00226" HPOS="1671" VPOS="1802" WIDTH="219" HEIGHT="48" CONTENT="d'Anton" WC="1.00" CC="0000007"/>
						<SP ID="P97_SP00202" HPOS="2644" VPOS="1876" WIDTH="-707"/>
						<String ID="P97_ST00227" HPOS="1937" VPOS="1799" WIDTH="247" HEIGHT="47" CONTENT="Brûckner" WC="0.53" CC="78700760"/>
						<SP ID="P97_SP00203" HPOS="2644" VPOS="1876" WIDTH="-419"/>
						<String ID="P97_ST00228" HPOS="2225" VPOS="1815" WIDTH="60" HEIGHT="29" CONTENT="au" WC="0.80" CC="03"/>
						<SP ID="P97_SP00204" HPOS="2644" VPOS="1876" WIDTH="-316"/>
						<String ID="P97_ST00229" HPOS="2328" VPOS="1794" WIDTH="381" HEIGHT="48" CONTENT="Konzertverein" WC="0.55" CC="1005766067617"/>
						<SP ID="P97_SP00205" HPOS="2709" VPOS="1876" WIDTH="39"/>
						<String ID="P97_ST00230" HPOS="2748" VPOS="1808" WIDTH="106" HEIGHT="31" CONTENT="sous" WC="1.00" CC="0000"/>
						<SP ID="P97_SP00206" HPOS="2854" VPOS="1876" WIDTH="38"/>
						<String ID="P97_ST00231" HPOS="2892" VPOS="1790" WIDTH="45" HEIGHT="46" CONTENT="la" WC="0.27" CC="49"/>
					</TextLine>
					<TextLine ID="P97_TL00022" HPOS="363" VPOS="1867" WIDTH="2261" HEIGHT="69">
						<String ID="P97_ST00232" HPOS="363" VPOS="1889" WIDTH="234" HEIGHT="47" CONTENT="direction" WC="1.00" CC="000000623"/>
						<SP ID="P97_SP00207" HPOS="597" VPOS="1936" WIDTH="28"/>
						<String ID="P97_ST00233" HPOS="625" VPOS="1888" WIDTH="56" HEIGHT="47" CONTENT="de" WC="0.88" CC="02"/>
						<SP ID="P97_SP00208" HPOS="681" VPOS="1936" WIDTH="27"/>
						<String ID="P97_ST00234" HPOS="708" VPOS="1886" WIDTH="79" HEIGHT="48" CONTENT="M." WC="0.78" CC="04"/>
						<SP ID="P97_SP00209" HPOS="787" VPOS="1936" WIDTH="32"/>
						<String ID="P97_ST00235" HPOS="819" VPOS="1884" WIDTH="151" HEIGHT="50" CONTENT="Lôwe" WC="0.72" CC="0730"/>
						<SP ID="P97_SP00210" HPOS="970" VPOS="1936" WIDTH="28"/>
						<String ID="P97_ST00236" HPOS="998" VPOS="1893" WIDTH="69" HEIGHT="37" CONTENT="est" WC="0.98" CC="005"/>
						<SP ID="P97_SP00211" HPOS="1067" VPOS="1936" WIDTH="25"/>
						<String ID="P97_ST00237" HPOS="1092" VPOS="1879" WIDTH="248" HEIGHT="50" CONTENT="accueillie" WC="1.00" CC="0103006060"/>
						<SP ID="P97_SP00212" HPOS="1340" VPOS="1936" WIDTH="25"/>
						<String ID="P97_ST00238" HPOS="1365" VPOS="1877" WIDTH="93" HEIGHT="48" CONTENT="très" WC="0.98" CC="0070"/>
						<SP ID="P97_SP00213" HPOS="1458" VPOS="1936" WIDTH="26"/>
						<String ID="P97_ST00239" HPOS="1484" VPOS="1876" WIDTH="442" HEIGHT="48" CONTENT="chaleureusement" WC="1.00" CC="000004010000004"/>
						<SP ID="P97_SP00214" HPOS="1926" VPOS="1936" WIDTH="27"/>
						<String ID="P97_ST00240" HPOS="1953" VPOS="1888" WIDTH="80" HEIGHT="46" CONTENT="par" WC="0.97" CC="090"/>
						<SP ID="P97_SP00215" HPOS="2033" VPOS="1936" WIDTH="27"/>
						<String ID="P97_ST00241" HPOS="2060" VPOS="1870" WIDTH="42" HEIGHT="47" CONTENT="le" WC="0.94" CC="10"/>
						<SP ID="P97_SP00216" HPOS="2102" VPOS="1936" WIDTH="30"/>
						<String ID="P97_ST00242" HPOS="2132" VPOS="1868" WIDTH="159" HEIGHT="63" CONTENT="public" WC="0.99" CC="020450"/>
						<SP ID="P97_SP00217" HPOS="2291" VPOS="1936" WIDTH="27"/>
						<String ID="P97_ST00243" HPOS="2318" VPOS="1878" WIDTH="47" HEIGHT="36" CONTENT="et" WC="0.77" CC="04"/>
						<SP ID="P97_SP00218" HPOS="2365" VPOS="1936" WIDTH="25"/>
						<String ID="P97_ST00244" HPOS="2390" VPOS="1867" WIDTH="43" HEIGHT="47" CONTENT="la" WC="1.00" CC="00"/>
						<SP ID="P97_SP00219" HPOS="2433" VPOS="1936" WIDTH="26"/>
						<String ID="P97_ST00245" HPOS="2459" VPOS="1882" WIDTH="165" HEIGHT="46" CONTENT="presse." WC="1.00" CC="0400002"/>
					</TextLine>
					<TextLine ID="P97_TL00023" HPOS="2238" VPOS="1949" WIDTH="553" HEIGHT="51">
						<String ID="P97_ST00246" HPOS="2238" VPOS="1950" WIDTH="48" HEIGHT="50" CONTENT="D" WC="1.00" CC="0" STYLEREFS="TXT_4"/>
						<String ID="P97_ST00247" HPOS="2291" VPOS="1954" WIDTH="16" HEIGHT="21" CONTENT="R" STYLE="superscript" WC="0.71" CC="2" STYLEREFS="TXT_4"/>
						<SP ID="P97_SP00220" HPOS="2307" VPOS="2000" WIDTH="37"/>
						<String ID="P97_ST00248" HPOS="2344" VPOS="1949" WIDTH="148" HEIGHT="50" CONTENT="EGON" WC="0.75" CC="4014" STYLEREFS="TXT_4"/>
						<SP ID="P97_SP00221" HPOS="2492" VPOS="2000" WIDTH="40"/>
						<String ID="P97_ST00249" HPOS="2532" VPOS="1949" WIDTH="259" HEIGHT="46" CONTENT="WELLESZ." WC="0.79" CC="06005004" STYLEREFS="TXT_4"/>
					</TextLine>
					<TextLine ID="P97_TL00024" HPOS="505" VPOS="2069" WIDTH="2429" HEIGHT="80">
						<String ID="P97_ST00250" HPOS="505" VPOS="2096" WIDTH="73" HEIGHT="49" CONTENT="La" WC="0.75" CC="50"/>
						<SP ID="P97_SP00222" HPOS="578" VPOS="2145" WIDTH="38"/>
						<String ID="P97_ST00251" HPOS="616" VPOS="2072" WIDTH="312" HEIGHT="73" CONTENT="SOCIÉTÉ" WC="0.99" CC="0000606"/>
						<SP ID="P97_SP00223" HPOS="928" VPOS="2145" WIDTH="41"/>
						<String ID="P97_ST00252" HPOS="969" VPOS="2088" WIDTH="305" HEIGHT="52" CONTENT="HANDEL" WC="0.86" CC="000025"/>
						<SP ID="P97_SP00224" HPOS="1274" VPOS="2145" WIDTH="39"/>
						<String ID="P97_ST00253" HPOS="1313" VPOS="2088" WIDTH="212" HEIGHT="47" CONTENT="donnera" WC="1.00" CC="0300000"/>
						<SP ID="P97_SP00225" HPOS="1525" VPOS="2145" WIDTH="37"/>
						<String ID="P97_ST00254" HPOS="1562" VPOS="2084" WIDTH="43" HEIGHT="47" CONTENT="le" WC="0.72" CC="50"/>
						<SP ID="P97_SP00226" HPOS="1605" VPOS="2145" WIDTH="28"/>
						<String ID="P97_ST00255" HPOS="1633" VPOS="2099" WIDTH="28" HEIGHT="32" CONTENT="2" WC="0.80" CC="1"/>
						<SP ID="P97_SP00227" HPOS="1661" VPOS="2145" WIDTH="24"/>
						<String ID="P97_ST00256" HPOS="1685" VPOS="2084" WIDTH="107" HEIGHT="65" CONTENT="juin" WC="0.98" CC="0332"/>
						<SP ID="P97_SP00228" HPOS="1792" VPOS="2149" WIDTH="39"/>
						<String ID="P97_ST00257" HPOS="1831" VPOS="2081" WIDTH="26" HEIGHT="47" CONTENT="à" WC="0.65" CC="3"/>
						<SP ID="P97_SP00229" HPOS="1857" VPOS="2149" WIDTH="39"/>
						<String ID="P97_ST00258" HPOS="1896" VPOS="2080" WIDTH="43" HEIGHT="47" CONTENT="la" WC="1.00" CC="00"/>
						<SP ID="P97_SP00230" HPOS="1939" VPOS="2149" WIDTH="38"/>
						<String ID="P97_ST00259" HPOS="1977" VPOS="2079" WIDTH="118" HEIGHT="48" CONTENT="Salle" WC="0.98" CC="01650"/>
						<SP ID="P97_SP00231" HPOS="2095" VPOS="2149" WIDTH="30"/>
						<String ID="P97_ST00260" HPOS="2125" VPOS="2076" WIDTH="199" HEIGHT="51" CONTENT="Gaveau" WC="1.00" CC="000000"/>
						<SP ID="P97_SP00232" HPOS="2324" VPOS="2149" WIDTH="38"/>
						<String ID="P97_ST00261" HPOS="2362" VPOS="2074" WIDTH="249" HEIGHT="48" CONTENT="l'audition" WC="0.99" CC="0002705002"/>
						<SP ID="P97_SP00233" HPOS="2611" VPOS="2149" WIDTH="27"/>
						<String ID="P97_ST00262" HPOS="2638" VPOS="2072" WIDTH="57" HEIGHT="46" CONTENT="de" WC="0.90" CC="02"/>
						<SP ID="P97_SP00234" HPOS="2695" VPOS="2149" WIDTH="181"/>
						<String ID="P97_ST00263" HPOS="2876" VPOS="2069" WIDTH="58" HEIGHT="47" CONTENT="de" WC="1.00" CC="00"/>
					</TextLine>
					<TextLine ID="P97_TL00025" HPOS="363" VPOS="2140" WIDTH="2571" HEIGHT="90">
						<String ID="P97_ST00264" HPOS="363" VPOS="2168" WIDTH="210" HEIGHT="62" CONTENT="Hândel," WC="0.58" CC="5809014"/>
						<SP ID="P97_SP00235" HPOS="573" VPOS="2230" WIDTH="40"/>
						<String ID="P97_ST00265" HPOS="613" VPOS="2184" WIDTH="115" HEIGHT="31" CONTENT="avec" WC="0.99" CC="0050"/>
						<SP ID="P97_SP00236" HPOS="728" VPOS="2230" WIDTH="40"/>
						<String ID="P97_ST00266" HPOS="768" VPOS="2166" WIDTH="45" HEIGHT="47" CONTENT="le" WC="0.69" CC="60"/>
						<SP ID="P97_SP00237" HPOS="813" VPOS="2230" WIDTH="39"/>
						<String ID="P97_ST00267" HPOS="852" VPOS="2180" WIDTH="234" HEIGHT="32" CONTENT="concours" WC="0.99" CC="01401530"/>
						<SP ID="P97_SP00238" HPOS="1086" VPOS="2230" WIDTH="40"/>
						<String ID="P97_ST00268" HPOS="1126" VPOS="2163" WIDTH="56" HEIGHT="47" CONTENT="de" WC="1.00" CC="00"/>
						<SP ID="P97_SP00239" HPOS="1182" VPOS="2230" WIDTH="43"/>
						<String ID="P97_ST00269" HPOS="1225" VPOS="2159" WIDTH="79" HEIGHT="49" CONTENT="M." WC="0.78" CC="04"/>
						<SP ID="P97_SP00240" HPOS="1304" VPOS="2230" WIDTH="42"/>
						<String ID="P97_ST00270" HPOS="1346" VPOS="2159" WIDTH="175" HEIGHT="64" CONTENT="Joseph" WC="1.00" CC="100005"/>
						<SP ID="P97_SP00241" HPOS="1521" VPOS="2230" WIDTH="45"/>
						<String ID="P97_ST00271" HPOS="1566" VPOS="2156" WIDTH="208" HEIGHT="59" CONTENT="Bonnet," WC="0.99" CC="3400034"/>
						<SP ID="P97_SP00242" HPOS="1774" VPOS="2230" WIDTH="39"/>
						<String ID="P97_ST00272" HPOS="1813" VPOS="2151" WIDTH="252" HEIGHT="65" CONTENT="organiste," WC="1.00" CC="0100010302"/>
						<SP ID="P97_SP00243" HPOS="2065" VPOS="2230" WIDTH="48"/>
						<String ID="P97_ST00273" HPOS="2113" VPOS="2149" WIDTH="61" HEIGHT="47" CONTENT="M" WC="1.00" CC="0"/>
						<String ID="P97_ST00274" HPOS="2179" VPOS="2151" WIDTH="69" HEIGHT="20" CONTENT="mes" STYLE="superscript" WC="0.54" CC="444"/>
						<SP ID="P97_SP00244" HPOS="2248" VPOS="2230" WIDTH="44"/>
						<String ID="P97_ST00275" HPOS="2292" VPOS="2145" WIDTH="422" HEIGHT="63" CONTENT="Mellot-Joubert," WC="0.84" CC="005601400000004"/>
						<SP ID="P97_SP00245" HPOS="2714" VPOS="2230" WIDTH="47"/>
						<String ID="P97_ST00276" HPOS="2761" VPOS="2140" WIDTH="173" HEIGHT="62" CONTENT="Philip," WC="1.00" CC="3000004"/>
					</TextLine>
					<TextLine ID="P97_TL00026" HPOS="363" VPOS="2234" WIDTH="740" HEIGHT="65">
						<String ID="P97_ST00277" HPOS="363" VPOS="2240" WIDTH="146" HEIGHT="50" CONTENT="MM." WC="0.99" CC="002"/>
						<SP ID="P97_SP00246" HPOS="509" VPOS="2290" WIDTH="29"/>
						<String ID="P97_ST00278" HPOS="538" VPOS="2239" WIDTH="300" HEIGHT="49" CONTENT="Plamondon" WC="0.84" CC="600002005"/>
						<SP ID="P97_SP00247" HPOS="838" VPOS="2290" WIDTH="28"/>
						<String ID="P97_ST00279" HPOS="866" VPOS="2248" WIDTH="48" HEIGHT="35" CONTENT="et" WC="0.77" CC="04"/>
						<SP ID="P97_SP00248" HPOS="914" VPOS="2290" WIDTH="27"/>
						<String ID="P97_ST00280" HPOS="941" VPOS="2234" WIDTH="162" HEIGHT="65" CONTENT="Mary." WC="0.98" CC="05204"/>
					</TextLine>
				</TextBlock>
				<TextBlock ID="P97_TB00004" HPOS="1095" VPOS="2478" WIDTH="1121" HEIGHT="101" STYLEREFS="TXT_6 PAR_CENTER">
					<TextLine ID="P97_TL00027" HPOS="1097" VPOS="2478" WIDTH="1119" HEIGHT="101">
						<String ID="P97_ST00281" HPOS="1097" VPOS="2486" WIDTH="608" HEIGHT="93" CONTENT="Extrême" WC="0.98" CC="8347332"/>
						<SP ID="P97_SP00249" HPOS="1705" VPOS="2579" WIDTH="68"/>
						<String ID="P97_ST00282" HPOS="1773" VPOS="2478" WIDTH="443" HEIGHT="96" CONTENT="Orient" WC="0.97" CC="470567"/>
					</TextLine>
				</TextBlock>
				<TextBlock ID="P97_TB00005" HPOS="364" VPOS="2690" WIDTH="2582" HEIGHT="1024" STYLEREFS="TXT_7 PAR_BLOCK">
					<TextLine ID="P97_TL00028" HPOS="509" VPOS="2690" WIDTH="2428" HEIGHT="88">
						<String ID="P97_ST00283" HPOS="509" VPOS="2718" WIDTH="255" HEIGHT="51" CONTENT="HANOI." WC="0.99" CC="500003"/>
						<SP ID="P97_SP00250" HPOS="764" VPOS="2769" WIDTH="125"/>
						<String ID="P97_ST00284" HPOS="889" VPOS="2718" WIDTH="179" HEIGHT="60" CONTENT="Hanoï," WC="1.00" CC="000003"/>
						<SP ID="P97_SP00251" HPOS="1068" VPOS="2778" WIDTH="18"/>
						<String ID="P97_ST00285" HPOS="1086" VPOS="2714" WIDTH="200" HEIGHT="64" CONTENT="capitale" WC="1.00" CC="00013050"/>
						<SP ID="P97_SP00252" HPOS="1286" VPOS="2778" WIDTH="30"/>
						<String ID="P97_ST00286" HPOS="1316" VPOS="2713" WIDTH="62" HEIGHT="47" CONTENT="du" WC="0.90" CC="01"/>
						<SP ID="P97_SP00253" HPOS="1378" VPOS="2778" WIDTH="28"/>
						<String ID="P97_ST00287" HPOS="1406" VPOS="2711" WIDTH="205" HEIGHT="49" CONTENT="Tonkin" WC="0.67" CC="043055"/>
						<SP ID="P97_SP00254" HPOS="1611" VPOS="2778" WIDTH="23"/>
						<String ID="P97_ST00288" HPOS="1634" VPOS="2721" WIDTH="47" HEIGHT="35" CONTENT="et" WC="0.94" CC="01"/>
						<SP ID="P97_SP00255" HPOS="1681" VPOS="2778" WIDTH="19"/>
						<String ID="P97_ST00289" HPOS="1700" VPOS="2707" WIDTH="125" HEIGHT="65" CONTENT="siège" WC="0.99" CC="02600"/>
						<SP ID="P97_SP00256" HPOS="1825" VPOS="2778" WIDTH="19"/>
						<String ID="P97_ST00290" HPOS="1844" VPOS="2706" WIDTH="79" HEIGHT="47" CONTENT="des" WC="0.98" CC="600"/>
						<SP ID="P97_SP00257" HPOS="1923" VPOS="2778" WIDTH="25"/>
						<String ID="P97_ST00291" HPOS="1948" VPOS="2699" WIDTH="281" HEIGHT="66" CONTENT="principales" WC="1.00" CC="00000000310"/>
						<SP ID="P97_SP00258" HPOS="2229" VPOS="2778" WIDTH="17"/>
						<String ID="P97_ST00292" HPOS="2246" VPOS="2697" WIDTH="403" HEIGHT="48" CONTENT="administrations" WC="1.00" CC="900004040000050"/>
						<SP ID="P97_SP00259" HPOS="2649" VPOS="2778" WIDTH="20"/>
						<String ID="P97_ST00293" HPOS="2669" VPOS="2694" WIDTH="55" HEIGHT="46" CONTENT="de" WC="1.00" CC="00"/>
						<SP ID="P97_SP00260" HPOS="2724" VPOS="2778" WIDTH="29"/>
						<String ID="P97_ST00294" HPOS="2753" VPOS="2690" WIDTH="184" HEIGHT="50" CONTENT="l'lndo-" WC="0.78" CC="0332005"/>
					</TextLine>
					<TextLine ID="P97_TL00029" HPOS="368" VPOS="2765" WIDTH="2568" HEIGHT="89">
						<String ID="P97_ST00295" HPOS="368" VPOS="2792" WIDTH="177" HEIGHT="62" CONTENT="Chine," WC="0.76" CC="064003"/>
						<SP ID="P97_SP00261" HPOS="545" VPOS="2854" WIDTH="26"/>
						<String ID="P97_ST00296" HPOS="571" VPOS="2791" WIDTH="110" HEIGHT="48" CONTENT="s'est" WC="1.00" CC="04000"/>
						<SP ID="P97_SP00262" HPOS="681" VPOS="2854" WIDTH="25"/>
						<String ID="P97_ST00297" HPOS="706" VPOS="2788" WIDTH="140" HEIGHT="50" CONTENT="offert" WC="0.97" CC="077606"/>
						<SP ID="P97_SP00263" HPOS="846" VPOS="2854" WIDTH="26"/>
						<String ID="P97_ST00298" HPOS="872" VPOS="2806" WIDTH="60" HEIGHT="30" CONTENT="en" WC="1.00" CC="00"/>
						<SP ID="P97_SP00264" HPOS="932" VPOS="2854" WIDTH="36"/>
						<String ID="P97_ST00299" HPOS="968" VPOS="2803" WIDTH="125" HEIGHT="49" CONTENT="1901" WC="0.94" CC="0011"/>
						<SP ID="P97_SP00265" HPOS="1093" VPOS="2854" WIDTH="35"/>
						<String ID="P97_ST00300" HPOS="1128" VPOS="2787" WIDTH="43" HEIGHT="48" CONTENT="le" WC="0.89" CC="20"/>
						<SP ID="P97_SP00266" HPOS="1171" VPOS="2854" WIDTH="26"/>
						<String ID="P97_ST00301" HPOS="1197" VPOS="2786" WIDTH="112" HEIGHT="47" CONTENT="luxe" WC="0.99" CC="2000"/>
						<SP ID="P97_SP00267" HPOS="1309" VPOS="2854" WIDTH="28"/>
						<String ID="P97_ST00302" HPOS="1337" VPOS="2784" WIDTH="116" HEIGHT="47" CONTENT="d'un" WC="0.98" CC="0403"/>
						<SP ID="P97_SP00268" HPOS="1453" VPOS="2854" WIDTH="29"/>
						<String ID="P97_ST00303" HPOS="1482" VPOS="2782" WIDTH="183" HEIGHT="48" CONTENT="théâtre" WC="0.98" CC="5052450"/>
						<SP ID="P97_SP00269" HPOS="1665" VPOS="2854" WIDTH="25"/>
						<String ID="P97_ST00304" HPOS="1690" VPOS="2778" WIDTH="80" HEIGHT="65" CONTENT="qui" WC="1.00" CC="000"/>
						<SP ID="P97_SP00270" HPOS="1770" VPOS="2854" WIDTH="29"/>
						<String ID="P97_ST00305" HPOS="1799" VPOS="2796" WIDTH="61" HEIGHT="28" CONTENT="ne" WC="0.74" CC="50"/>
						<SP ID="P97_SP00271" HPOS="1860" VPOS="2854" WIDTH="28"/>
						<String ID="P97_ST00306" HPOS="1888" VPOS="2774" WIDTH="259" HEIGHT="65" CONTENT="déparerait" WC="1.00" CC="0700000043"/>
						<SP ID="P97_SP00272" HPOS="2147" VPOS="2854" WIDTH="27"/>
						<String ID="P97_ST00307" HPOS="2174" VPOS="2788" WIDTH="94" HEIGHT="46" CONTENT="pas," WC="0.99" CC="0004"/>
						<SP ID="P97_SP00273" HPOS="2268" VPOS="2854" WIDTH="39"/>
						<String ID="P97_ST00308" HPOS="2307" VPOS="2786" WIDTH="82" HEIGHT="45" CONTENT="par" WC="0.97" CC="080"/>
						<SP ID="P97_SP00274" HPOS="2389" VPOS="2854" WIDTH="25"/>
						<String ID="P97_ST00309" HPOS="2414" VPOS="2784" WIDTH="84" HEIGHT="31" CONTENT="son" WC="0.98" CC="004"/>
						<SP ID="P97_SP00275" HPOS="2498" VPOS="2854" WIDTH="27"/>
						<String ID="P97_ST00310" HPOS="2525" VPOS="2765" WIDTH="332" HEIGHT="59" CONTENT="architecture," WC="1.00" CC="0000000000204"/>
						<SP ID="P97_SP00276" HPOS="2857" VPOS="2854" WIDTH="31"/>
						<String ID="P97_ST00311" HPOS="2888" VPOS="2779" WIDTH="48" HEIGHT="29" CONTENT="sa" WC="1.00" CC="00"/>
					</TextLine>
					<TextLine ID="P97_TL00030" HPOS="367" VPOS="2835" WIDTH="2572" HEIGHT="94">
						<String ID="P97_ST00312" HPOS="367" VPOS="2866" WIDTH="275" HEIGHT="63" CONTENT="proportion" WC="1.00" CC="0000003510"/>
						<SP ID="P97_SP00277" HPOS="642" VPOS="2929" WIDTH="28"/>
						<String ID="P97_ST00313" HPOS="670" VPOS="2876" WIDTH="47" HEIGHT="34" CONTENT="et" WC="0.90" CC="02"/>
						<SP ID="P97_SP00278" HPOS="717" VPOS="2929" WIDTH="25"/>
						<String ID="P97_ST00314" HPOS="742" VPOS="2880" WIDTH="86" HEIGHT="30" CONTENT="son" WC="0.99" CC="020"/>
						<SP ID="P97_SP00279" HPOS="828" VPOS="2929" WIDTH="27"/>
						<String ID="P97_ST00315" HPOS="855" VPOS="2873" WIDTH="157" HEIGHT="51" CONTENT="aspect" WC="1.00" CC="000000"/>
						<SP ID="P97_SP00280" HPOS="1012" VPOS="2929" WIDTH="39"/>
						<String ID="P97_ST00316" HPOS="1051" VPOS="2859" WIDTH="65" HEIGHT="49" CONTENT="les" WC="0.99" CC="100"/>
						<SP ID="P97_SP00281" HPOS="1116" VPOS="2929" WIDTH="26"/>
						<String ID="P97_ST00317" HPOS="1142" VPOS="2858" WIDTH="221" HEIGHT="64" CONTENT="capitales" WC="0.99" CC="050040600"/>
						<SP ID="P97_SP00282" HPOS="1363" VPOS="2929" WIDTH="26"/>
						<String ID="P97_ST00318" HPOS="1389" VPOS="2857" WIDTH="57" HEIGHT="45" CONTENT="de" WC="0.94" CC="01"/>
						<SP ID="P97_SP00283" HPOS="1446" VPOS="2929" WIDTH="26"/>
						<String ID="P97_ST00319" HPOS="1472" VPOS="2853" WIDTH="245" HEIGHT="62" CONTENT="l'Europe." WC="0.99" CC="624010003"/>
						<SP ID="P97_SP00284" HPOS="1717" VPOS="2929" WIDTH="43"/>
						<String ID="P97_ST00320" HPOS="1760" VPOS="2849" WIDTH="133" HEIGHT="50" CONTENT="C'est" WC="0.99" CC="02005"/>
						<SP ID="P97_SP00285" HPOS="1893" VPOS="2929" WIDTH="26"/>
						<String ID="P97_ST00321" HPOS="1919" VPOS="2864" WIDTH="53" HEIGHT="31" CONTENT="ce" WC="1.00" CC="00"/>
						<SP ID="P97_SP00286" HPOS="1972" VPOS="2929" WIDTH="27"/>
						<String ID="P97_ST00322" HPOS="1999" VPOS="2863" WIDTH="63" HEIGHT="46" CONTENT="qu" WC="1.00" CC="00"/>
						<SP ID="P97_SP00287" HPOS="2062" VPOS="2929" WIDTH="21"/>
						<String ID="P97_ST00323" HPOS="2083" VPOS="2862" WIDTH="62" HEIGHT="30" CONTENT="on" WC="0.79" CC="04"/>
						<SP ID="P97_SP00288" HPOS="2145" VPOS="2929" WIDTH="29"/>
						<String ID="P97_ST00324" HPOS="2174" VPOS="2844" WIDTH="64" HEIGHT="46" CONTENT="lui" WC="0.98" CC="230"/>
						<SP ID="P97_SP00289" HPOS="2238" VPOS="2929" WIDTH="30"/>
						<String ID="P97_ST00325" HPOS="2268" VPOS="2840" WIDTH="227" HEIGHT="64" CONTENT="reproche" WC="1.00" CC="00000000"/>
						<SP ID="P97_SP00290" HPOS="2495" VPOS="2929" WIDTH="30"/>
						<String ID="P97_ST00326" HPOS="2525" VPOS="2839" WIDTH="75" HEIGHT="58" CONTENT="ici," WC="0.99" CC="0004"/>
						<SP ID="P97_SP00291" HPOS="2600" VPOS="2929" WIDTH="27"/>
						<String ID="P97_ST00327" HPOS="2627" VPOS="2853" WIDTH="77" HEIGHT="30" CONTENT="car" WC="0.99" CC="300"/>
						<SP ID="P97_SP00292" HPOS="2704" VPOS="2929" WIDTH="26"/>
						<String ID="P97_ST00328" HPOS="2730" VPOS="2835" WIDTH="44" HEIGHT="46" CONTENT="la" WC="1.00" CC="00"/>
						<SP ID="P97_SP00293" HPOS="2774" VPOS="2929" WIDTH="25"/>
						<String ID="P97_ST00329" HPOS="2799" VPOS="2850" WIDTH="112" HEIGHT="46" CONTENT="ques" SUBS_TYPE="HypPart1" SUBS_CONTENT="question" WC="0.99" CC="0000"/>
						<HYP HPOS="2911" VPOS="2850" WIDTH="28" CONTENT="-"/>
					</TextLine>
					<TextLine ID="P97_TL00031" HPOS="366" VPOS="2906" WIDTH="2568" HEIGHT="88">
						<String ID="P97_ST00330" HPOS="366" VPOS="2938" WIDTH="102" HEIGHT="47" CONTENT="tion" SUBS_TYPE="HypPart2" SUBS_CONTENT="question" WC="0.98" CC="1600"/>
						<SP ID="P97_SP00294" HPOS="468" VPOS="2985" WIDTH="28"/>
						<String ID="P97_ST00331" HPOS="496" VPOS="2937" WIDTH="65" HEIGHT="47" CONTENT="du" WC="1.00" CC="00"/>
						<SP ID="P97_SP00295" HPOS="561" VPOS="2985" WIDTH="26"/>
						<String ID="P97_ST00332" HPOS="587" VPOS="2934" WIDTH="181" HEIGHT="48" CONTENT="théâtre" WC="0.99" CC="0033100"/>
						<SP ID="P97_SP00296" HPOS="768" VPOS="2985" WIDTH="27"/>
						<String ID="P97_ST00333" HPOS="795" VPOS="2946" WIDTH="68" HEIGHT="35" CONTENT="est" WC="0.98" CC="006"/>
						<SP ID="P97_SP00297" HPOS="863" VPOS="2985" WIDTH="27"/>
						<String ID="P97_ST00334" HPOS="890" VPOS="2933" WIDTH="43" HEIGHT="47" CONTENT="le" WC="0.69" CC="60"/>
						<SP ID="P97_SP00298" HPOS="933" VPOS="2985" WIDTH="28"/>
						<String ID="P97_ST00335" HPOS="961" VPOS="2932" WIDTH="228" HEIGHT="62" CONTENT="tremplin" WC="0.99" CC="00000147"/>
						<SP ID="P97_SP00299" HPOS="1189" VPOS="2994" WIDTH="27"/>
						<String ID="P97_ST00336" HPOS="1216" VPOS="2930" WIDTH="117" HEIGHT="47" CONTENT="delà" WC="1.00" CC="0020"/>
						<SP ID="P97_SP00300" HPOS="1333" VPOS="2994" WIDTH="28"/>
						<String ID="P97_ST00337" HPOS="1361" VPOS="2927" WIDTH="226" HEIGHT="64" CONTENT="politique" WC="1.00" CC="002620010"/>
						<SP ID="P97_SP00301" HPOS="1587" VPOS="2994" WIDTH="23"/>
						<String ID="P97_ST00338" HPOS="1610" VPOS="2922" WIDTH="163" HEIGHT="50" CONTENT="locale." WC="0.99" CC="5000401"/>
						<SP ID="P97_SP00302" HPOS="1773" VPOS="2994" WIDTH="29"/>
						<String ID="P97_ST00339" HPOS="1802" VPOS="2920" WIDTH="79" HEIGHT="48" CONTENT="En" WC="0.75" CC="40"/>
						<SP ID="P97_SP00303" HPOS="1881" VPOS="2994" WIDTH="28"/>
						<String ID="P97_ST00340" HPOS="1909" VPOS="2916" WIDTH="127" HEIGHT="63" CONTENT="effet," WC="1.00" CC="000004"/>
						<SP ID="P97_SP00304" HPOS="2036" VPOS="2994" WIDTH="23"/>
						<String ID="P97_ST00341" HPOS="2059" VPOS="2916" WIDTH="44" HEIGHT="47" CONTENT="la" WC="0.96" CC="00"/>
						<SP ID="P97_SP00305" HPOS="2103" VPOS="2994" WIDTH="14"/>
						<String ID="P97_ST00342" HPOS="2117" VPOS="2913" WIDTH="273" HEIGHT="66" CONTENT="population" WC="0.99" CC="0001282004"/>
						<SP ID="P97_SP00306" HPOS="2390" VPOS="2994" WIDTH="20"/>
						<String ID="P97_ST00343" HPOS="2410" VPOS="2925" WIDTH="266" HEIGHT="46" CONTENT="europeene" WC="0.90" CC="010006001"/>
						<SP ID="P97_SP00307" HPOS="2676" VPOS="2994" WIDTH="28"/>
						<String ID="P97_ST00344" HPOS="2704" VPOS="2908" WIDTH="28" HEIGHT="47" CONTENT="d" WC="1.00" CC="0"/>
						<SP ID="P97_SP00308" HPOS="2732" VPOS="2994" WIDTH="24"/>
						<String ID="P97_ST00345" HPOS="2756" VPOS="2906" WIDTH="178" HEIGHT="60" CONTENT="Hanoï," WC="0.98" CC="505604"/>
					</TextLine>
					<TextLine ID="P97_TL00032" HPOS="368" VPOS="2979" WIDTH="2569" HEIGHT="92">
						<String ID="P97_ST00346" HPOS="368" VPOS="3010" WIDTH="108" HEIGHT="47" CONTENT="bien" WC="0.99" CC="0300"/>
						<SP ID="P97_SP00309" HPOS="476" VPOS="3057" WIDTH="28"/>
						<String ID="P97_ST00347" HPOS="504" VPOS="3007" WIDTH="373" HEIGHT="64" CONTENT="qu'importante" WC="1.00" CC="0000003000400"/>
						<SP ID="P97_SP00310" HPOS="877" VPOS="3071" WIDTH="39"/>
						<String ID="P97_ST00348" HPOS="916" VPOS="3015" WIDTH="45" HEIGHT="36" CONTENT="et" WC="1.00" CC="00"/>
						<SP ID="P97_SP00311" HPOS="961" VPOS="3071" WIDTH="28"/>
						<String ID="P97_ST00349" HPOS="989" VPOS="3022" WIDTH="59" HEIGHT="29" CONTENT="en" WC="1.00" CC="00"/>
						<SP ID="P97_SP00312" HPOS="1048" VPOS="3071" WIDTH="28"/>
						<String ID="P97_ST00350" HPOS="1076" VPOS="3003" WIDTH="104" HEIGHT="47" CONTENT="voie" WC="0.99" CC="0030"/>
						<SP ID="P97_SP00313" HPOS="1180" VPOS="3071" WIDTH="39"/>
						<String ID="P97_ST00351" HPOS="1219" VPOS="3000" WIDTH="414" HEIGHT="49" CONTENT="d'accroissement" WC="1.00" CC="020000220000000"/>
						<SP ID="P97_SP00314" HPOS="1633" VPOS="3071" WIDTH="27"/>
						<String ID="P97_ST00352" HPOS="1660" VPOS="2991" WIDTH="264" HEIGHT="61" CONTENT="continuel," WC="0.99" CC="0030253052"/>
						<SP ID="P97_SP00315" HPOS="1924" VPOS="3071" WIDTH="39"/>
						<String ID="P97_ST00353" HPOS="1963" VPOS="2988" WIDTH="121" HEIGHT="49" CONTENT="n'est" WC="0.99" CC="53000"/>
						<SP ID="P97_SP00316" HPOS="2084" VPOS="3071" WIDTH="27"/>
						<String ID="P97_ST00354" HPOS="2111" VPOS="3004" WIDTH="78" HEIGHT="46" CONTENT="pas" WC="0.97" CC="053"/>
						<SP ID="P97_SP00317" HPOS="2189" VPOS="3071" WIDTH="24"/>
						<String ID="P97_ST00355" HPOS="2213" VPOS="3002" WIDTH="172" HEIGHT="30" CONTENT="encore" WC="1.00" CC="000000"/>
						<SP ID="P97_SP00318" HPOS="2385" VPOS="3071" WIDTH="39"/>
						<String ID="P97_ST00356" HPOS="2424" VPOS="2998" WIDTH="127" HEIGHT="30" CONTENT="assez" WC="0.98" CC="60006"/>
						<SP ID="P97_SP00319" HPOS="2551" VPOS="3071" WIDTH="27"/>
						<String ID="P97_ST00357" HPOS="2578" VPOS="2979" WIDTH="202" HEIGHT="48" CONTENT="étendue" WC="0.99" CC="5332020"/>
						<SP ID="P97_SP00320" HPOS="2780" VPOS="3071" WIDTH="39"/>
						<String ID="P97_ST00358" HPOS="2819" VPOS="2993" WIDTH="118" HEIGHT="47" CONTENT="pour" WC="0.98" CC="0091"/>
					</TextLine>
					<TextLine ID="P97_TL00033" HPOS="367" VPOS="3060" WIDTH="2568" HEIGHT="85">
						<String ID="P97_ST00359" HPOS="367" VPOS="3079" WIDTH="195" HEIGHT="66" CONTENT="peupler" WC="1.00" CC="0000500"/>
						<SP ID="P97_SP00321" HPOS="562" VPOS="3145" WIDTH="28"/>
						<String ID="P97_ST00360" HPOS="590" VPOS="3095" WIDTH="54" HEIGHT="31" CONTENT="ce" WC="1.00" CC="00"/>
						<SP ID="P97_SP00322" HPOS="644" VPOS="3145" WIDTH="39"/>
						<String ID="P97_ST00361" HPOS="683" VPOS="3089" WIDTH="127" HEIGHT="36" CONTENT="vaste" WC="1.00" CC="00000"/>
						<SP ID="P97_SP00323" HPOS="810" VPOS="3145" WIDTH="41"/>
						<String ID="P97_ST00362" HPOS="851" VPOS="3087" WIDTH="306" HEIGHT="36" CONTENT="monument-" WC="0.99" CC="800300434"/>
						<SP ID="P97_SP00324" HPOS="1157" VPOS="3145" WIDTH="42"/>
						<String ID="P97_ST00363" HPOS="1199" VPOS="3073" WIDTH="94" HEIGHT="49" CONTENT="Cet" WC="0.98" CC="005"/>
						<SP ID="P97_SP00325" HPOS="1293" VPOS="3145" WIDTH="25"/>
						<String ID="P97_ST00364" HPOS="1318" VPOS="3070" WIDTH="166" HEIGHT="50" CONTENT="édifice" WC="0.99" CC="5010020"/>
						<SP ID="P97_SP00326" HPOS="1484" VPOS="3145" WIDTH="40"/>
						<String ID="P97_ST00365" HPOS="1524" VPOS="3070" WIDTH="80" HEIGHT="62" CONTENT="qui" WC="0.99" CC="001"/>
						<SP ID="P97_SP00327" HPOS="1604" VPOS="3145" WIDTH="28"/>
						<String ID="P97_ST00366" HPOS="1632" VPOS="3085" WIDTH="26" HEIGHT="30" CONTENT="a" WC="1.00" CC="0"/>
						<SP ID="P97_SP00328" HPOS="1658" VPOS="3145" WIDTH="26"/>
						<String ID="P97_ST00367" HPOS="1684" VPOS="3064" WIDTH="141" HEIGHT="51" CONTENT="coûté" WC="0.98" CC="00446"/>
						<SP ID="P97_SP00329" HPOS="1825" VPOS="3145" WIDTH="38"/>
						<String ID="P97_ST00368" HPOS="1863" VPOS="3064" WIDTH="80" HEIGHT="47" CONTENT="des" WC="1.00" CC="000"/>
						<SP ID="P97_SP00330" HPOS="1943" VPOS="3145" WIDTH="25"/>
						<String ID="P97_ST00369" HPOS="1968" VPOS="3060" WIDTH="225" HEIGHT="60" CONTENT="millions," WC="0.99" CC="040460404"/>
						<SP ID="P97_SP00331" HPOS="2193" VPOS="3145" WIDTH="39"/>
						<String ID="P97_ST00370" HPOS="2232" VPOS="3075" WIDTH="31" HEIGHT="28" CONTENT="n" WC="0.38" CC="6"/>
						<SP ID="P97_SP00332" HPOS="2263" VPOS="3145" WIDTH="23"/>
						<String ID="P97_ST00371" HPOS="2286" VPOS="3068" WIDTH="67" HEIGHT="35" CONTENT="est" WC="0.98" CC="004"/>
						<SP ID="P97_SP00333" HPOS="2353" VPOS="3145" WIDTH="38"/>
						<String ID="P97_ST00372" HPOS="2391" VPOS="3070" WIDTH="79" HEIGHT="46" CONTENT="pas" WC="1.00" CC="000"/>
						<SP ID="P97_SP00334" HPOS="2470" VPOS="3145" WIDTH="34"/>
						<String ID="P97_ST00373" HPOS="2504" VPOS="3069" WIDTH="173" HEIGHT="30" CONTENT="encore" WC="1.00" CC="000000"/>
						<SP ID="P97_SP00335" HPOS="2677" VPOS="3145" WIDTH="37"/>
						<String ID="P97_ST00374" HPOS="2714" VPOS="3062" WIDTH="221" HEIGHT="46" CONTENT="termine," WC="0.99" CC="10007044"/>
					</TextLine>
					<TextLine ID="P97_TL00034" HPOS="367" VPOS="3121" WIDTH="2573" HEIGHT="93">
						<String ID="P97_ST00375" HPOS="367" VPOS="3154" WIDTH="181" HEIGHT="60" CONTENT="chaque" WC="1.00" CC="030000"/>
						<SP ID="P97_SP00336" HPOS="548" VPOS="3214" WIDTH="21"/>
						<String ID="P97_ST00376" HPOS="569" VPOS="3146" WIDTH="152" HEIGHT="51" CONTENT="année" WC="0.98" CC="91060"/>
						<SP ID="P97_SP00337" HPOS="721" VPOS="3214" WIDTH="21"/>
						<String ID="P97_ST00377" HPOS="742" VPOS="3146" WIDTH="43" HEIGHT="49" CONTENT="le" WC="1.00" CC="00"/>
						<SP ID="P97_SP00338" HPOS="785" VPOS="3214" WIDTH="23"/>
						<String ID="P97_ST00378" HPOS="808" VPOS="3146" WIDTH="295" HEIGHT="50" CONTENT="Protectorat" WC="1.00" CC="00060010403"/>
						<SP ID="P97_SP00339" HPOS="1103" VPOS="3214" WIDTH="25"/>
						<String ID="P97_ST00379" HPOS="1128" VPOS="3145" WIDTH="200" HEIGHT="47" CONTENT="accorde" WC="1.00" CC="0000000"/>
						<SP ID="P97_SP00340" HPOS="1328" VPOS="3214" WIDTH="22"/>
						<String ID="P97_ST00380" HPOS="1350" VPOS="3140" WIDTH="330" HEIGHT="49" CONTENT="libéralement" WC="0.99" CC="426500403000"/>
						<SP ID="P97_SP00341" HPOS="1680" VPOS="3214" WIDTH="22"/>
						<String ID="P97_ST00381" HPOS="1702" VPOS="3137" WIDTH="25" HEIGHT="47" CONTENT="à" WC="0.36" CC="6"/>
						<SP ID="P97_SP00342" HPOS="1727" VPOS="3214" WIDTH="25"/>
						<String ID="P97_ST00382" HPOS="1752" VPOS="3137" WIDTH="45" HEIGHT="46" CONTENT="la" WC="0.81" CC="30"/>
						<SP ID="P97_SP00343" HPOS="1797" VPOS="3214" WIDTH="19"/>
						<String ID="P97_ST00383" HPOS="1816" VPOS="3131" WIDTH="329" HEIGHT="64" CONTENT="municipalité" WC="1.00" CC="001400000060"/>
						<SP ID="P97_SP00344" HPOS="2145" VPOS="3214" WIDTH="19"/>
						<String ID="P97_ST00384" HPOS="2164" VPOS="3146" WIDTH="94" HEIGHT="31" CONTENT="une" WC="0.98" CC="600"/>
						<SP ID="P97_SP00345" HPOS="2258" VPOS="3214" WIDTH="23"/>
						<String ID="P97_ST00385" HPOS="2281" VPOS="3125" WIDTH="330" HEIGHT="48" CONTENT="Intervention" WC="1.00" CC="006003060006"/>
						<SP ID="P97_SP00346" HPOS="2611" VPOS="3214" WIDTH="24"/>
						<String ID="P97_ST00386" HPOS="2635" VPOS="3121" WIDTH="57" HEIGHT="47" CONTENT="de" WC="0.64" CC="07"/>
						<SP ID="P97_SP00347" HPOS="2692" VPOS="3214" WIDTH="28"/>
						<String ID="P97_ST00387" HPOS="2720" VPOS="3135" WIDTH="65" HEIGHT="46" CONTENT="40" WC="0.66" CC="60"/>
						<SP ID="P97_SP00348" HPOS="2785" VPOS="3214" WIDTH="23"/>
						<String ID="P97_ST00388" HPOS="2808" VPOS="3137" WIDTH="62" HEIGHT="28" CONTENT="mi" WC="0.94" CC="01"/>
						<SP ID="P97_SP00349" HPOS="2870" VPOS="3214" WIDTH="42"/>
						<String ID="P97_ST00389" HPOS="2912" VPOS="3135" WIDTH="28" HEIGHT="30" CONTENT="e" WC="1.00" CC="0"/>
					</TextLine>
					<TextLine ID="P97_TL00035" HPOS="368" VPOS="3191" WIDTH="2566" HEIGHT="94">
						<String ID="P97_ST00390" HPOS="368" VPOS="3225" WIDTH="206" HEIGHT="60" CONTENT="piastres," WC="0.99" CC="060060002"/>
						<SP ID="P97_SP00350" HPOS="574" VPOS="3285" WIDTH="27"/>
						<String ID="P97_ST00391" HPOS="601" VPOS="3221" WIDTH="91" HEIGHT="47" CONTENT="soit" WC="0.99" CC="0004"/>
						<SP ID="P97_SP00351" HPOS="692" VPOS="3285" WIDTH="25"/>
						<String ID="P97_ST00392" HPOS="717" VPOS="3219" WIDTH="200" HEIGHT="48" CONTENT="environ" WC="0.99" CC="3004053"/>
						<SP ID="P97_SP00352" HPOS="917" VPOS="3285" WIDTH="34"/>
						<String ID="P97_ST00393" HPOS="951" VPOS="3231" WIDTH="220" HEIGHT="35" CONTENT="100.000" WC="0.73" CC="5104222"/>
						<SP ID="P97_SP00353" HPOS="1171" VPOS="3285" WIDTH="29"/>
						<String ID="P97_ST00394" HPOS="1200" VPOS="3216" WIDTH="76" HEIGHT="47" CONTENT="frs." WC="0.89" CC="0004"/>
						<SP ID="P97_SP00354" HPOS="1276" VPOS="3285" WIDTH="29"/>
						<String ID="P97_ST00395" HPOS="1305" VPOS="3231" WIDTH="119" HEIGHT="46" CONTENT="pour" WC="0.98" CC="0061"/>
						<SP ID="P97_SP00355" HPOS="1424" VPOS="3285" WIDTH="25"/>
						<String ID="P97_ST00396" HPOS="1449" VPOS="3212" WIDTH="46" HEIGHT="47" CONTENT="la" WC="0.76" CC="40"/>
						<SP ID="P97_SP00356" HPOS="1495" VPOS="3285" WIDTH="30"/>
						<String ID="P97_ST00397" HPOS="1525" VPOS="3210" WIDTH="335" HEIGHT="49" CONTENT="continuation" WC="0.99" CC="140556003007"/>
						<SP ID="P97_SP00357" HPOS="1860" VPOS="3285" WIDTH="27"/>
						<String ID="P97_ST00398" HPOS="1887" VPOS="3206" WIDTH="80" HEIGHT="47" CONTENT="des" WC="1.00" CC="000"/>
						<SP ID="P97_SP00358" HPOS="1967" VPOS="3285" WIDTH="25"/>
						<String ID="P97_ST00399" HPOS="1992" VPOS="3216" WIDTH="197" HEIGHT="34" CONTENT="travaux" WC="0.99" CC="0470000"/>
						<SP ID="P97_SP00359" HPOS="2189" VPOS="3285" WIDTH="28"/>
						<String ID="P97_ST00400" HPOS="2217" VPOS="3197" WIDTH="416" HEIGHT="62" CONTENT="d'aménagement" WC="0.99" CC="8300700080053"/>
						<SP ID="P97_SP00360" HPOS="2633" VPOS="3285" WIDTH="40"/>
						<String ID="P97_ST00401" HPOS="2673" VPOS="3191" WIDTH="261" HEIGHT="48" CONTENT="intérieurs." WC="0.99" CC="00450504004"/>
					</TextLine>
					<TextLine ID="P97_TL00036" HPOS="512" VPOS="3269" WIDTH="2424" HEIGHT="84">
						<String ID="P97_ST00402" HPOS="512" VPOS="3292" WIDTH="71" HEIGHT="50" CONTENT="La" WC="1.00" CC="00"/>
						<SP ID="P97_SP00361" HPOS="583" VPOS="3342" WIDTH="24"/>
						<String ID="P97_ST00403" HPOS="607" VPOS="3292" WIDTH="152" HEIGHT="47" CONTENT="saison" WC="1.00" CC="000012"/>
						<SP ID="P97_SP00362" HPOS="759" VPOS="3342" WIDTH="47"/>
						<String ID="P97_ST00404" HPOS="806" VPOS="3304" WIDTH="292" HEIGHT="49" CONTENT="1910-1911" WC="0.61" CC="654023434"/>
						<SP ID="P97_SP00363" HPOS="1098" VPOS="3353" WIDTH="47"/>
						<String ID="P97_ST00405" HPOS="1145" VPOS="3287" WIDTH="78" HEIGHT="47" CONTENT="n'a" WC="0.99" CC="210"/>
						<SP ID="P97_SP00364" HPOS="1223" VPOS="3353" WIDTH="37"/>
						<String ID="P97_ST00406" HPOS="1260" VPOS="3304" WIDTH="81" HEIGHT="44" CONTENT="pas" WC="0.99" CC="010"/>
						<SP ID="P97_SP00365" HPOS="1341" VPOS="3353" WIDTH="36"/>
						<String ID="P97_ST00407" HPOS="1377" VPOS="3283" WIDTH="214" HEIGHT="64" CONTENT="répondu" WC="1.00" CC="0600000"/>
						<SP ID="P97_SP00366" HPOS="1591" VPOS="3353" WIDTH="37"/>
						<String ID="P97_ST00408" HPOS="1628" VPOS="3282" WIDTH="27" HEIGHT="47" CONTENT="à" WC="0.71" CC="2"/>
						<SP ID="P97_SP00367" HPOS="1655" VPOS="3353" WIDTH="38"/>
						<String ID="P97_ST00409" HPOS="1693" VPOS="3280" WIDTH="217" HEIGHT="49" CONTENT="l'attente" WC="0.99" CC="415060060"/>
						<SP ID="P97_SP00368" HPOS="1910" VPOS="3353" WIDTH="39"/>
						<String ID="P97_ST00410" HPOS="1949" VPOS="3276" WIDTH="79" HEIGHT="47" CONTENT="des" WC="1.00" CC="000"/>
						<SP ID="P97_SP00369" HPOS="2028" VPOS="3353" WIDTH="38"/>
						<String ID="P97_ST00411" HPOS="2066" VPOS="3271" WIDTH="252" HEIGHT="49" CONTENT="dillettanti" WC="0.65" CC="54000259405"/>
						<SP ID="P97_SP00370" HPOS="2318" VPOS="3353" WIDTH="39"/>
						<String ID="P97_ST00412" HPOS="2357" VPOS="3269" WIDTH="244" HEIGHT="58" CONTENT="hanoneïs," WC="0.77" CC="140030334"/>
						<SP ID="P97_SP00371" HPOS="2601" VPOS="3353" WIDTH="29"/>
						<String ID="P97_ST00413" HPOS="2630" VPOS="3281" WIDTH="79" HEIGHT="46" CONTENT="par" WC="0.97" CC="070"/>
						<SP ID="P97_SP00372" HPOS="2709" VPOS="3353" WIDTH="24"/>
						<String ID="P97_ST00414" HPOS="2733" VPOS="3275" WIDTH="119" HEIGHT="35" CONTENT="suite" WC="0.99" CC="04000"/>
						<SP ID="P97_SP00373" HPOS="2852" VPOS="3353" WIDTH="60"/>
						<String ID="P97_ST00415" HPOS="2912" VPOS="3278" WIDTH="24" HEIGHT="30" CONTENT="e" WC="1.00" CC="0"/>
					</TextLine>
					<TextLine ID="P97_TL00037" HPOS="369" VPOS="3341" WIDTH="2567" HEIGHT="77">
						<String ID="P97_ST00416" HPOS="369" VPOS="3363" WIDTH="251" HEIGHT="51" CONTENT="difficultés" WC="0.99" CC="00677001460"/>
						<SP ID="P97_SP00374" HPOS="620" VPOS="3414" WIDTH="26"/>
						<String ID="P97_ST00417" HPOS="646" VPOS="3361" WIDTH="283" HEIGHT="49" CONTENT="matérielles" WC="1.00" CC="00440000600"/>
						<SP ID="P97_SP00375" HPOS="929" VPOS="3414" WIDTH="27"/>
						<String ID="P97_ST00418" HPOS="956" VPOS="3372" WIDTH="46" HEIGHT="36" CONTENT="et" WC="0.77" CC="04"/>
						<SP ID="P97_SP00376" HPOS="1002" VPOS="3414" WIDTH="28"/>
						<String ID="P97_ST00419" HPOS="1030" VPOS="3358" WIDTH="184" HEIGHT="49" CONTENT="d'ordre" WC="0.99" CC="6401000"/>
						<SP ID="P97_SP00377" HPOS="1214" VPOS="3414" WIDTH="39"/>
						<String ID="P97_ST00420" HPOS="1253" VPOS="3357" WIDTH="247" HEIGHT="61" CONTENT="financier," WC="1.00" CC="2200000004"/>
						<SP ID="P97_SP00378" HPOS="1500" VPOS="3418" WIDTH="28"/>
						<String ID="P97_ST00421" HPOS="1528" VPOS="3355" WIDTH="44" HEIGHT="48" CONTENT="la" WC="0.70" CC="50"/>
						<SP ID="P97_SP00379" HPOS="1572" VPOS="3418" WIDTH="24"/>
						<String ID="P97_ST00422" HPOS="1596" VPOS="3366" WIDTH="168" HEIGHT="48" CONTENT="troupe" WC="1.00" CC="500000"/>
						<SP ID="P97_SP00380" HPOS="1764" VPOS="3418" WIDTH="39"/>
						<String ID="P97_ST00423" HPOS="1803" VPOS="3366" WIDTH="154" HEIGHT="32" CONTENT="venue" WC="1.00" CC="20000"/>
						<SP ID="P97_SP00381" HPOS="1957" VPOS="3418" WIDTH="29"/>
						<String ID="P97_ST00424" HPOS="1986" VPOS="3348" WIDTH="56" HEIGHT="46" CONTENT="de" WC="0.81" CC="30"/>
						<SP ID="P97_SP00382" HPOS="2042" VPOS="3418" WIDTH="29"/>
						<String ID="P97_ST00425" HPOS="2071" VPOS="3346" WIDTH="198" HEIGHT="58" CONTENT="France," WC="0.99" CC="0090004"/>
						<SP ID="P97_SP00383" HPOS="2269" VPOS="3418" WIDTH="18"/>
						<String ID="P97_ST00426" HPOS="2287" VPOS="3360" WIDTH="27" HEIGHT="28" CONTENT="a" WC="1.00" CC="0"/>
						<SP ID="P97_SP00384" HPOS="2314" VPOS="3418" WIDTH="26"/>
						<String ID="P97_ST00427" HPOS="2340" VPOS="3341" WIDTH="63" HEIGHT="47" CONTENT="du" WC="1.00" CC="00"/>
						<SP ID="P97_SP00385" HPOS="2403" VPOS="3418" WIDTH="25"/>
						<String ID="P97_ST00428" HPOS="2428" VPOS="3356" WIDTH="22" HEIGHT="29" CONTENT="s" WC="0.50" CC="4"/>
						<SP ID="P97_SP00386" HPOS="2450" VPOS="3418" WIDTH="19"/>
						<String ID="P97_ST00429" HPOS="2469" VPOS="3356" WIDTH="58" HEIGHT="28" CONTENT="en" WC="0.77" CC="04"/>
						<SP ID="P97_SP00387" HPOS="2527" VPOS="3418" WIDTH="29"/>
						<String ID="P97_ST00430" HPOS="2556" VPOS="3348" WIDTH="259" HEIGHT="46" CONTENT="retourner," WC="1.00" CC="0050004005"/>
						<SP ID="P97_SP00388" HPOS="2815" VPOS="3418" WIDTH="30"/>
						<String ID="P97_ST00431" HPOS="2845" VPOS="3349" WIDTH="91" HEIGHT="30" CONTENT="aux" WC="1.00" CC="000"/>
					</TextLine>
					<TextLine ID="P97_TL00038" HPOS="367" VPOS="3427" WIDTH="2391" HEIGHT="67">
						<String ID="P97_ST00432" HPOS="367" VPOS="3440" WIDTH="108" HEIGHT="47" CONTENT="frais" WC="0.99" CC="70000"/>
						<SP ID="P97_SP00389" HPOS="475" VPOS="3487" WIDTH="28"/>
						<String ID="P97_ST00433" HPOS="503" VPOS="3437" WIDTH="57" HEIGHT="47" CONTENT="de" WC="1.00" CC="00"/>
						<SP ID="P97_SP00390" HPOS="560" VPOS="3487" WIDTH="28"/>
						<String ID="P97_ST00434" HPOS="588" VPOS="3436" WIDTH="43" HEIGHT="48" CONTENT="la" WC="0.73" CC="50"/>
						<SP ID="P97_SP00391" HPOS="631" VPOS="3487" WIDTH="28"/>
						<String ID="P97_ST00435" HPOS="659" VPOS="3433" WIDTH="221" HEIGHT="61" CONTENT="Colonie," WC="1.00" CC="00000004"/>
						<SP ID="P97_SP00392" HPOS="880" VPOS="3494" WIDTH="28"/>
						<String ID="P97_ST00436" HPOS="908" VPOS="3449" WIDTH="105" HEIGHT="31" CONTENT="sans" WC="1.00" CC="0001"/>
						<SP ID="P97_SP00393" HPOS="1013" VPOS="3494" WIDTH="27"/>
						<String ID="P97_ST00437" HPOS="1040" VPOS="3432" WIDTH="183" HEIGHT="46" CONTENT="donner" WC="1.00" CC="000000"/>
						<SP ID="P97_SP00394" HPOS="1223" VPOS="3494" WIDTH="27"/>
						<String ID="P97_ST00438" HPOS="1250" VPOS="3431" WIDTH="57" HEIGHT="47" CONTENT="de" WC="1.00" CC="00"/>
						<SP ID="P97_SP00395" HPOS="1307" VPOS="3494" WIDTH="26"/>
						<String ID="P97_ST00439" HPOS="1333" VPOS="3427" WIDTH="414" HEIGHT="65" CONTENT="représentations." WC="1.00" CC="0000520000440004"/>
						<SP ID="P97_SP00396" HPOS="1747" VPOS="3494" WIDTH="999"/>
						<String ID="P97_ST00440" HPOS="2746" VPOS="3475" WIDTH="12" HEIGHT="19" CONTENT="F" STYLE="subscript" WC="0.56" CC="4"/>
					</TextLine>
					<TextLine ID="P97_TL00039" HPOS="513" VPOS="3479" WIDTH="2427" HEIGHT="88">
						<String ID="P97_ST00441" HPOS="513" VPOS="3507" WIDTH="72" HEIGHT="51" CONTENT="La" WC="0.82" CC="30"/>
						<SP ID="P97_SP00397" HPOS="585" VPOS="3558" WIDTH="38"/>
						<String ID="P97_ST00442" HPOS="623" VPOS="3503" WIDTH="331" HEIGHT="64" CONTENT="municipalité" WC="1.00" CC="000600000346"/>
						<SP ID="P97_SP00398" HPOS="954" VPOS="3567" WIDTH="44"/>
						<String ID="P97_ST00443" HPOS="998" VPOS="3502" WIDTH="213" HEIGHT="48" CONTENT="d'Hanoï" WC="0.99" CC="6060000"/>
						<SP ID="P97_SP00399" HPOS="1211" VPOS="3567" WIDTH="39"/>
						<String ID="P97_ST00444" HPOS="1250" VPOS="3512" WIDTH="47" HEIGHT="36" CONTENT="et" WC="0.78" CC="04"/>
						<SP ID="P97_SP00400" HPOS="1297" VPOS="3567" WIDTH="40"/>
						<String ID="P97_ST00445" HPOS="1337" VPOS="3499" WIDTH="314" HEIGHT="61" CONTENT="d'Haiphong" WC="0.84" CC="9050000000"/>
						<SP ID="P97_SP00401" HPOS="1651" VPOS="3567" WIDTH="37"/>
						<String ID="P97_ST00446" HPOS="1688" VPOS="3493" WIDTH="213" HEIGHT="50" CONTENT="utilisent" WC="0.99" CC="540053046"/>
						<SP ID="P97_SP00402" HPOS="1901" VPOS="3567" WIDTH="25"/>
						<String ID="P97_ST00447" HPOS="1926" VPOS="3490" WIDTH="45" HEIGHT="47" CONTENT="la" WC="1.00" CC="00"/>
						<SP ID="P97_SP00403" HPOS="1971" VPOS="3567" WIDTH="38"/>
						<String ID="P97_ST00448" HPOS="2009" VPOS="3489" WIDTH="157" HEIGHT="48" CONTENT="même" WC="1.00" CC="0000"/>
						<SP ID="P97_SP00404" HPOS="2166" VPOS="3567" WIDTH="42"/>
						<String ID="P97_ST00449" HPOS="2208" VPOS="3497" WIDTH="165" HEIGHT="48" CONTENT="troupe" WC="1.00" CC="100000"/>
						<SP ID="P97_SP00405" HPOS="2373" VPOS="3567" WIDTH="45"/>
						<String ID="P97_ST00450" HPOS="2418" VPOS="3483" WIDTH="180" HEIGHT="60" CONTENT="chaque" WC="1.00" CC="000020"/>
						<SP ID="P97_SP00406" HPOS="2598" VPOS="3567" WIDTH="40"/>
						<String ID="P97_ST00451" HPOS="2638" VPOS="3494" WIDTH="167" HEIGHT="31" CONTENT="annee." WC="0.81" CC="001214"/>
						<SP ID="P97_SP00407" HPOS="2805" VPOS="3567" WIDTH="42"/>
						<String ID="P97_ST00452" HPOS="2847" VPOS="3479" WIDTH="93" HEIGHT="43" CONTENT="Les" WC="0.95" CC="940"/>
					</TextLine>
					<TextLine ID="P97_TL00040" HPOS="366" VPOS="3548" WIDTH="2578" HEIGHT="96">
						<String ID="P97_ST00453" HPOS="366" VPOS="3583" WIDTH="185" HEIGHT="47" CONTENT="artistes" WC="1.00" CC="50000000"/>
						<SP ID="P97_SP00408" HPOS="551" VPOS="3630" WIDTH="20"/>
						<String ID="P97_ST00454" HPOS="571" VPOS="3579" WIDTH="172" HEIGHT="65" CONTENT="jouent" WC="1.00" CC="000040"/>
						<SP ID="P97_SP00409" HPOS="743" VPOS="3644" WIDTH="26"/>
						<String ID="P97_ST00455" HPOS="769" VPOS="3595" WIDTH="66" HEIGHT="30" CONTENT="un" WC="1.00" CC="00"/>
						<SP ID="P97_SP00410" HPOS="835" VPOS="3644" WIDTH="41"/>
						<String ID="P97_ST00456" HPOS="876" VPOS="3577" WIDTH="121" HEIGHT="47" CONTENT="mois" WC="0.99" CC="0004"/>
						<SP ID="P97_SP00411" HPOS="997" VPOS="3644" WIDTH="25"/>
						<String ID="P97_ST00457" HPOS="1022" VPOS="3574" WIDTH="27" HEIGHT="47" CONTENT="à" WC="0.86" CC="1"/>
						<SP ID="P97_SP00412" HPOS="1049" VPOS="3644" WIDTH="28"/>
						<String ID="P97_ST00458" HPOS="1077" VPOS="3574" WIDTH="178" HEIGHT="60" CONTENT="Hanoï," WC="1.00" CC="200003"/>
						<SP ID="P97_SP00413" HPOS="1255" VPOS="3644" WIDTH="26"/>
						<String ID="P97_ST00459" HPOS="1281" VPOS="3590" WIDTH="68" HEIGHT="30" CONTENT="un" WC="0.71" CC="50"/>
						<SP ID="P97_SP00414" HPOS="1349" VPOS="3644" WIDTH="39"/>
						<String ID="P97_ST00460" HPOS="1388" VPOS="3582" WIDTH="133" HEIGHT="35" CONTENT="autre" WC="0.98" CC="07400"/>
						<SP ID="P97_SP00415" HPOS="1521" VPOS="3644" WIDTH="41"/>
						<String ID="P97_ST00461" HPOS="1562" VPOS="3569" WIDTH="121" HEIGHT="47" CONTENT="mois" WC="0.99" CC="3000"/>
						<SP ID="P97_SP00416" HPOS="1683" VPOS="3644" WIDTH="26"/>
						<String ID="P97_ST00462" HPOS="1709" VPOS="3567" WIDTH="26" HEIGHT="48" CONTENT="à" WC="0.26" CC="7"/>
						<SP ID="P97_SP00417" HPOS="1735" VPOS="3644" WIDTH="28"/>
						<String ID="P97_ST00463" HPOS="1763" VPOS="3565" WIDTH="275" HEIGHT="63" CONTENT="Haiphong." WC="0.90" CC="300000004"/>
						<SP ID="P97_SP00418" HPOS="2038" VPOS="3644" WIDTH="42"/>
						<String ID="P97_ST00464" HPOS="2080" VPOS="3559" WIDTH="71" HEIGHT="48" CONTENT="Le" WC="0.65" CC="60"/>
						<SP ID="P97_SP00419" HPOS="2151" VPOS="3644" WIDTH="27"/>
						<String ID="P97_ST00465" HPOS="2178" VPOS="3557" WIDTH="192" HEIGHT="48" CONTENT="chemin" WC="1.00" CC="010020"/>
						<SP ID="P97_SP00420" HPOS="2370" VPOS="3644" WIDTH="42"/>
						<String ID="P97_ST00466" HPOS="2412" VPOS="3554" WIDTH="54" HEIGHT="46" CONTENT="de" WC="0.72" CC="50"/>
						<SP ID="P97_SP00421" HPOS="2466" VPOS="3644" WIDTH="29"/>
						<String ID="P97_ST00467" HPOS="2495" VPOS="3553" WIDTH="68" HEIGHT="45" CONTENT="fer" WC="1.00" CC="000"/>
						<SP ID="P97_SP00422" HPOS="2563" VPOS="3644" WIDTH="28"/>
						<String ID="P97_ST00468" HPOS="2591" VPOS="3550" WIDTH="56" HEIGHT="47" CONTENT="de" WC="1.00" CC="00"/>
						<SP ID="P97_SP00423" HPOS="2647" VPOS="3644" WIDTH="48"/>
						<String ID="P97_ST00469" HPOS="2695" VPOS="3562" WIDTH="95" HEIGHT="34" CONTENT="100" WC="0.47" CC="645"/>
						<SP ID="P97_SP00424" HPOS="2790" VPOS="3644" WIDTH="27"/>
						<String ID="P97_ST00470" HPOS="2817" VPOS="3548" WIDTH="102" HEIGHT="47" CONTENT="kilo" SUBS_TYPE="HypPart1" SUBS_CONTENT="kilomètres" WC="0.99" CC="0040"/>
						<HYP HPOS="2919" VPOS="3548" WIDTH="25" CONTENT="-"/>
					</TextLine>
					<TextLine ID="P97_TL00041" HPOS="369" VPOS="3620" WIDTH="2571" HEIGHT="94">
						<String ID="P97_ST00471" HPOS="369" VPOS="3652" WIDTH="176" HEIGHT="49" CONTENT="mètres" SUBS_TYPE="HypPart2" SUBS_CONTENT="kilomètres" WC="0.98" CC="026700"/>
						<SP ID="P97_SP00425" HPOS="545" VPOS="3701" WIDTH="43"/>
						<String ID="P97_ST00472" HPOS="588" VPOS="3650" WIDTH="81" HEIGHT="64" CONTENT="qui" WC="0.98" CC="004"/>
						<SP ID="P97_SP00426" HPOS="669" VPOS="3714" WIDTH="41"/>
						<String ID="P97_ST00473" HPOS="710" VPOS="3661" WIDTH="92" HEIGHT="35" CONTENT="sert" WC="0.99" CC="0003"/>
						<SP ID="P97_SP00427" HPOS="802" VPOS="3714" WIDTH="46"/>
						<String ID="P97_ST00474" HPOS="848" VPOS="3648" WIDTH="56" HEIGHT="47" CONTENT="de" WC="1.00" CC="00"/>
						<SP ID="P97_SP00428" HPOS="904" VPOS="3714" WIDTH="28"/>
						<String ID="P97_ST00475" HPOS="932" VPOS="3647" WIDTH="108" HEIGHT="47" CONTENT="trait" WC="1.00" CC="00000"/>
						<SP ID="P97_SP00429" HPOS="1040" VPOS="3714" WIDTH="42"/>
						<String ID="P97_ST00476" HPOS="1082" VPOS="3643" WIDTH="201" HEIGHT="48" CONTENT="d'union" WC="1.00" CC="0200010"/>
						<SP ID="P97_SP00430" HPOS="1283" VPOS="3714" WIDTH="41"/>
						<String ID="P97_ST00477" HPOS="1324" VPOS="3654" WIDTH="135" HEIGHT="36" CONTENT="entre" WC="0.98" CC="06500"/>
						<SP ID="P97_SP00431" HPOS="1459" VPOS="3714" WIDTH="28"/>
						<String ID="P97_ST00478" HPOS="1487" VPOS="3640" WIDTH="65" HEIGHT="47" CONTENT="les" WC="0.98" CC="600"/>
						<SP ID="P97_SP00432" HPOS="1552" VPOS="3714" WIDTH="43"/>
						<String ID="P97_ST00479" HPOS="1595" VPOS="3640" WIDTH="124" HEIGHT="46" CONTENT="deux" WC="0.99" CC="0030"/>
						<SP ID="P97_SP00433" HPOS="1719" VPOS="3714" WIDTH="42"/>
						<String ID="P97_ST00480" HPOS="1761" VPOS="3637" WIDTH="150" HEIGHT="59" CONTENT="villes," WC="0.99" CC="5335002"/>
						<SP ID="P97_SP00434" HPOS="1911" VPOS="3714" WIDTH="28"/>
						<String ID="P97_ST00481" HPOS="1939" VPOS="3643" WIDTH="183" HEIGHT="53" CONTENT="permet" WC="1.00" CC="000004"/>
						<SP ID="P97_SP00435" HPOS="2122" VPOS="3714" WIDTH="27"/>
						<String ID="P97_ST00482" HPOS="2149" VPOS="3628" WIDTH="274" HEIGHT="49" CONTENT="facilement" WC="1.00" CC="0005200032"/>
						<SP ID="P97_SP00436" HPOS="2423" VPOS="3714" WIDTH="42"/>
						<String ID="P97_ST00483" HPOS="2465" VPOS="3634" WIDTH="123" HEIGHT="37" CONTENT="cette" WC="0.99" CC="00600"/>
						<SP ID="P97_SP00437" HPOS="2588" VPOS="3714" WIDTH="28"/>
						<String ID="P97_ST00484" HPOS="2616" VPOS="3630" WIDTH="210" HEIGHT="38" CONTENT="entente." WC="0.99" CC="00400413"/>
						<SP ID="P97_SP00438" HPOS="2826" VPOS="3714" WIDTH="41"/>
						<String ID="P97_ST00485" HPOS="2867" VPOS="3620" WIDTH="73" HEIGHT="44" CONTENT="Le" WC="0.90" CC="01"/>
					</TextLine>
				</TextBlock>
			</PrintSpace>
		</Page>
	</Layout>
</alto>
