2994 4061
800 229 340 71 LULLY
1204 229 799 71 GENTILHOMME

2587 252 29 46 I
2649 252 32 46 9

121 392 58 43 et
213 377 170 60 laisse
430 376 376 61 l'exécution
855 376 33 61 à
921 400 87 38 ses
1041 379 385 60 lieutenants.
1467 378 51 60 Il
1570 400 76 38 ne
1693 377 151 82 perd
1891 397 104 62 pas
2045 397 108 40 son
2203 390 200 68 temps
2437 375 33 60 à
2517 376 170 61 rêver

121 466 220 61 devant
376 468 82 59 les
510 467 262 81 portées,
808 470 153 58 mais
1008 471 56 57 le
1102 470 145 80 jour
1299 468 81 60 du
1431 468 269 74 combat,
1751 468 43 59 il
1843 470 137 80 paie
2024 467 75 60 de
2147 489 61 38 sa
2257 487 320 61 personne,
2626 482 60 45 et

121 555 207 61 enlève
362 559 54 57 la
452 559 281 58 victoire.
772 559 103 59 On
910 580 32 37 a
978 560 188 58 voulu
1200 580 321 60 comparer
1566 580 108 38 son
1707 557 250 61 activité
2009 559 320 80 artistique
2363 556 32 60 à
2432 557 149 59 celle
2615 557 73 60 de

119 647 268 82 quelque
424 661 217 68 patron
676 647 146 59 d'un
858 647 454 61 établissement
1349 649 72 58 de
1455 650 287 81 musique
1778 670 321 61 anonyme.
2140 649 87 59 La
2262 649 425 80 comparaison

117 758 77 38 ne
248 752 175 66 porte
475 736 206 83 guère.
740 739 233 58 Mieux
1004 739 280 58 vaudrait
1337 740 197 81 parler
1582 739 75 60 de
1708 740 55 59 la

127 828 180 81 Lully
354 828 234 59 illustre
637 826 33 61 à
705 826 138 61 côté
880 829 74 58 de
988 830 152 59 celle
1175 829 101 60 des
1328 830 263 80 princes,
1627 830 235 59 maison
1896 829 74 60 de
2027 842 250 70 rapport
2311 848 131 39 sans
2476 828 209 72 doute,

117 919 152 59 mais
305 920 108 80 qui
449 941 32 37 a
514 918 346 82 cependant
891 920 56 59 le
982 941 151 61 rang
1167 919 145 60 d'un
1345 918 296 62 véritable
1676 919 315 61 ministère
2027 920 225 60 d'Etat.
2283 920 98 59 En
2427 918 187 74 1680,
2643 919 43 60 il

117 1009 103 82 n'y
254 1031 33 37 a
321 1009 75 59 de
446 1012 287 80 musique
783 1031 77 38 en
896 1011 233 59 France
1184 1008 139 84 qu'à
1369 1011 362 59 l'imitation
1784 1011 75 59 de
1907 1012 150 58 celle
2102 1011 82 59 du
2235 1011 340 71 Florentin,
2625 1023 61 46 et

117 1098 240 61 chacun
414 1101 279 58 s'incline
743 1100 223 59 devant
1023 1122 69 37 ce
1140 1100 305 82 privilège
1496 1122 289 40 reconnu.
1841 1102 183 83 Lully
2081 1101 276 82 pourrait
2409 1100 150 73 dire,
2611 1121 74 39 en

115 1190 322 82 parodiant
471 1213 107 38 son
613 1190 221 59 maître
860 1211 12 40 :
910 1194 96 58 La
1030 1190 251 84 musique
1313 1205 135 46 cest
1473 1191 122 61 moi.

297 1281 173 60 Tous
503 1301 98 40 ces
635 1282 170 58 traits
841 1279 351 61 accumulés
1244 1281 144 59 dans
1422 1303 83 37 un
1540 1282 350 80 vigoureux
1938 1281 307 60 ensemble
2278 1303 76 37 ne
2410 1280 275 61 donnent

114 1371 73 60 ils
239 1393 104 61 pas
400 1371 74 60 de
524 1373 58 58 la
616 1370 477 62 vraisemblance
1128 1371 31 60 à
1192 1373 58 58 la
1281 1369 197 85 figure
1512 1373 74 59 de
1622 1374 186 81 Lully
1844 1371 491 83 gentilhomme?
2373 1373 63 59 Si
2469 1373 56 58 le
2560 1373 125 58 rôle

115 1461 84 60 du
222 1460 296 61 véritable
546 1461 453 83 gentilhomme
1027 1475 87 47 est
1140 1461 141 60 bien
1312 1463 73 58 de
1412 1460 377 84 représenter
1813 1463 84 58 les
1930 1461 325 60 tendances
2282 1460 74 61 de
2381 1463 56 57 la
2471 1475 215 46 nature

115 1550 428 75 sélectionnée,
582 1553 73 58 de
706 1554 56 59 la
1498 1575 140 58 gens
992 1553 476 72 traditionnelle,
1521 1567 60 44 et
1631 1552 73 59 de
1752 1549 355 64 s'identifier
2154 1553 49 60 si
2252 1549 433 85 parfaitement

114 1665 150 39 avec
329 1646 160 71 elles,
555 1644 154 83 qu'il
758 1641 199 63 finisse
1021 1666 110 61 par
1195 1644 194 60 n'être
1453 1644 137 83 plus
1657 1644 189 82 qu'un
1915 1644 376 82 exemplaire
2362 1642 74 60 de
2495 1642 191 62 choix

114 1733 147 61 dans
295 1733 365 62 l'humanité
691 1736 19 59 ?
766 1736 91 58 Ici
893 1737 54 57 le
983 1735 316 82 triomphe
1333 1733 75 61 de
1440 1736 57 58 la
1529 1732 411 85 personnalité
1985 1748 88 46 est
2108 1733 72 60 de
2216 1732 375 84 disparaître,
2625 1748 61 46 et

115 1825 74 59 de
223 1823 210 63 réunir
466 1848 76 38 en
595 1827 88 59 soi
719 1826 150 60 celle
918 1826 75 60 de
1029 1840 135 47 tout
1213 1827 56 59 le
1303 1825 248 61 monde.
1587 1825 187 84 Lully
1807 1823 98 61 fut
1957 1846 84 38 un
2075 1825 127 59 être
2252 1823 73 60 de
2358 1845 70 38 ce
2478 1846 205 60 genre,

115 1938 84 38 un
235 1931 206 46 centre
476 1916 74 61 de
584 1931 161 46 cette
780 1931 232 46 nature.
1051 1917 98 60 En
1184 1917 110 73 lui,
1331 1938 58 39 se
1435 1915 206 61 reflète
1672 1916 56 60 le
1773 1915 198 61 destin
2020 1915 247 61 brillant
2300 1914 145 59 d'un
2494 1916 192 81 grand

115 2005 200 65 siècle.

1887 2098 57 81 J.
1998 2098 503 61 Ecorcheville.

302 2189 33 84 (
336 2188 36 61 à
420 2188 250 86 suivrej.
