2994 4061
719 101 436 92 L'OPÉRA
1220 127 139 68 EN
1422 129 706 74 ANGLETERRE

2594 161 92 70 5i

144 263 248 80 Goring
426 264 300 75 Thomas,
1419 269 260 61 Colomba
1081 287 59 45 et
1189 274 53 58 le
2453 274 254 61 Troubad
1683 280 73 58 de
1792 282 93 57 Sir
1918 283 348 59 Alexander
2302 286 393 76 Mackenzie,

139 353 54 57 le
352 352 316 82 Thorgrim,
1062 354 169 83 Signa
795 374 59 43 et
1660 362 242 59 Harold
1159 363 71 59 de
1279 365 130 59 Mr.
1451 368 329 60 Frederick
1818 372 254 73 Cowen,

139 442 105 59 ado
279 441 171 61 about
473 445 226 82 nothing
703 495 14 23 ,
747 448 54 59 le
835 450 197 59 Veiled
1058 454 256 81 Prophet
1336 471 58 42 et
1415 457 235 60 Shamus
1683 461 253 60 O'Brien
1959 462 71 59 de
2060 464 92 58 Sir
2182 464 249 59 Charles
2457 468 242 60 Villiers

141 532 305 74 Stanfoid,
750 535 69 61 Nordtsa
820 540 81 57 de
902 541 134 60 Mr.
1037 542 293 61 Frederick
1350 548 251 73 Corder,
1620 551 53 57 la
2177 554 71 60 de
2275 556 128 60 Mr.
2426 558 271 61 Flerbert

141 625 318 80 Bunning,
483 625 37 58 Y
525 629 263 79 Angélus
815 629 72 59 de
917 631 60 59 D
982 645 17 21 r
1033 634 259 80 Naylor,
1315 638 129 57 Der
1474 639 170 58 Weld
1670 655 58 42 et
1772 641 109 59 The
1907 644 292 58 Wreckers
2224 645 74 59 de
2327 647 159 58 Miss
2514 647 185 61 Ethel

141 714 252 82 Smyth,
743 716 49 83 Greystiel
793 733 71 44 et
865 722 89 57 le
955 722 134 59 Duke
2107 746 63 35 or
2279 725 66 57 D
1413 727 72 58 de
1516 728 128 61 Mr.
1677 730 298 61 Nicholas
2012 734 213 83 Gatty,
2253 737 54 57 le
2347 737 230 59 Pierrot

157 805 280 60 Pierrette
441 822 59 44 et
925 809 203 81 Dylan
748 810 74 59 de
842 813 129 57 Mr.
992 812 178 80 Josef
1192 815 388 75 Hoîbrooke,
1606 821 54 58 la
2149 827 73 58 de
2247 828 127 59 Mr.
2397 829 298 74 Clutsam,

138 911 170 44 entre
361 913 220 57 autres,
642 915 134 44 sont
850 902 100 60 des
1008 925 238 39 œuvres
1305 909 399 79 respectables
1762 927 57 43 et
1879 913 255 61 sincères
2200 916 498 84 (quelques-unes

138 987 205 58 même
390 987 186 61 d'une
629 991 229 78 grande
903 993 209 59 valeur
1159 996 369 82 artistique).
1563 1001 167 58 Mais
1785 1024 233 38 aucune
2065 1005 199 61 d'elles
2321 1029 73 37 ne
2452 1011 245 58 connaît

138 1100 221 38 encore
394 1080 56 58 la
483 1082 165 57 vraie
685 1082 347 81 popularité
1069 1109 13 47 ;
1121 1100 80 57 et,
1231 1101 220 60 toutes,
1480 1091 140 58 elles
1653 1113 58 36 se
1737 1092 217 79 jouent
1989 1095 452 81 généralement
2478 1100 219 60 devant

138 1169 101 59 des
272 1170 169 60 salles
475 1170 390 75 demi-vides,
903 1194 130 39 sans
1069 1175 186 60 doute
1289 1199 180 60 parce
1505 1180 247 81 qu'elles
1787 1183 169 59 n'ont
1993 1186 60 56 ni
2090 1186 78 59 les
2205 1188 277 80 qualités,
2520 1191 60 56 ni
2618 1194 80 57 les

138 1259 236 62 défauts
408 1260 360 63 nécessaires
802 1263 29 59 à
868 1287 77 36 un
986 1265 207 61 succès
1227 1270 319 80 populaire
1702 1294 69 37 ce
1806 1275 107 79 qui
1950 1278 234 57 revient
2220 1276 31 60 à
2285 1278 127 59 dire
2449 1282 249 78 qu'elles

138 1374 73 37 ne
246 1350 134 61 font
416 1374 104 60 pas
555 1353 294 82 d'argent.
869 1357 338 81 J'imagine
1244 1360 155 80 qu'il
1433 1362 130 58 leur
1597 1384 286 60 manque,
1912 1367 115 57 soit
2057 1368 52 57 la
2133 1368 301 79 grandeur
2462 1369 236 81 géniale

139 1442 100 61 des
275 1443 236 60 drames
545 1445 270 80 lyriques
868 1447 428 81 Wagnériens,
1350 1453 116 56 soit
1510 1453 281 58 l'intense
1844 1456 328 59 sensibilité
2210 1458 99 59 des
2359 1481 232 38 œuvres
2627 1463 72 59 de

143 1533 299 84 Debussy,
480 1537 115 57 soit
632 1537 53 57 le
712 1539 517 59 sensationalisme
1265 1541 101 58 des
1395 1541 401 62 mélodrames
1832 1546 71 57 de
1928 1547 248 71 Strauss,
2205 1550 114 57 soit
2346 1550 55 57 la
2426 1571 178 38 verve
2626 1552 72 59 de

143 1628 246 57 Carmen
395 1674 14 24 ,
445 1628 117 57 soit
596 1627 301 60 l'affreuse
934 1631 479 60 sentimentalité
1450 1632 72 59 de
1556 1633 241 79 Mignon
1832 1657 79 36 ou
1945 1637 82 57 les
2054 1637 366 61 séduisantes
2454 1640 210 81 préten-

138 1718 161 61 tions
324 1717 101 60 des
450 1718 234 60 Bohème
718 1735 57 42 et
806 1721 100 58 des
931 1721 282 58 Madame
1241 1724 309 82 Butterfly;
1575 1725 74 58 de
1676 1743 157 41 sorte
1857 1748 118 59 que
1998 1729 53 57 le
2079 1750 138 60 gros
2237 1730 212 81 public
2472 1734 227 80 anglais

139 1809 148 58 n'est
312 1810 62 57 ni
397 1807 166 61 forcé
594 1809 345 76 d'admirer,
977 1812 62 58 ni
1076 1811 306 75 intéressé,
1406 1816 60 57 ni
1494 1814 218 73 séduit,
1742 1818 62 57 ni
1828 1816 265 83 choqué,
2118 1821 59 56 ni
2214 1819 178 59 ahuri
2427 1848 13 46 ;
2477 1823 43 57 il
2548 1838 150 44 reste

138 1901 395 80 simplement
562 1899 354 62 indifférent
944 1917 136 59 tput
1104 1924 245 38 comme
1383 1906 82 59 les
1500 1905 176 60 snobs
1711 1908 73 57 de
1815 1908 56 58 la
1908 1910 281 80 musique
2223 1911 107 81 qui
2365 1933 74 37 ne
2473 1933 57 38 se
2566 1934 99 60 pas-

135 1992 286 58 sionnent
475 2012 120 60 que
646 2013 156 60 pour
855 2014 118 37 une
1020 2017 80 35 ou
1160 1994 161 60 deux
1373 1995 212 60 choses
1643 1998 154 80 qu'il
1848 2012 87 44 est
2002 1999 72 59 de
2121 2002 181 57 mode
2354 2000 343 75 d'admirer,

134 2083 289 58 vocalises
458 2082 72 59 de
567 2084 269 59 virtuose
872 2107 80 36 ou
987 2085 384 61 dissonances
1409 2087 76 59 de
1516 2089 231 59 Salomé.
1787 2089 116 59 Les
1937 2112 254 59 pauvres
2227 2091 208 82 opéras
2468 2096 230 78 anglais

136 2173 107 80 qui
267 2173 408 81 n'atteignent
704 2176 62 57 ni
794 2173 32 60 à
849 2174 221 61 l'excès
1098 2176 368 75 d'honneur,
1491 2179 64 58 ni
1579 2178 31 60 à
1632 2178 348 81 l'indignité
2004 2196 224 43 restent
2264 2182 157 60 donc
2444 2185 217 80 applau-

136 2263 89 59 dis
247 2266 339 57 seulement
607 2286 110 60 par
738 2266 83 58 les
844 2267 297 81 quelques
1164 2270 307 58 centaines
1494 2268 363 60 d'amateurs
1880 2271 71 57 de
1975 2272 304 80 musique,
2304 2272 390 83 sincères,qui

136 2376 74 38 ne
238 2371 235 43 servent
491 2356 337 81 justement
864 2356 32 61 à
929 2360 129 57 rien
1095 2384 14 47 ;
1146 2361 132 57 leur
1314 2362 323 59 mutuelles
1673 2375 204 46 vertus
1912 2378 134 44 sont
2085 2384 129 38 sans
2248 2362 449 83 conséquences

134 2444 325 62 heureuses
492 2446 198 60 tandis
726 2470 139 60 que,
902 2450 344 60 meilleures
1283 2473 78 37 ou
1396 2453 178 81 pires,
1612 2473 97 38 ces
1743 2473 236 39 œuvres
2016 2454 278 58 auraient
2330 2477 73 35 eu
2439 2456 136 80 plus
2624 2455 73 58 de

135 2536 232 60 chance
403 2538 72 59 de
502 2536 219 63 réussir
755 2539 510 84 complètement.

320 2629 89 58 Ce
442 2627 267 62 fâcheux
745 2629 123 61 état
903 2633 74 58 de
1013 2632 212 61 choses
1276 2634 107 81 qui
1419 2633 151 60 dure
1606 2634 216 81 depuis
1856 2654 104 63 pas
2011 2635 120 59 mal
2167 2633 281 62 d'années
2482 2635 215 60 durera

136 2740 130 38 sans
319 2719 186 60 doute
554 2722 351 82 longtemps
957 2745 219 38 encore
1209 2746 12 37 :
1278 2726 84 58 les
1414 2726 358 59 Directeurs
1829 2726 73 58 de
1951 2726 238 58 Covent
2241 2724 247 61 Garden
2524 2727 171 60 n'ont

126 2808 220 81 jamais
380 2809 201 60 donné
616 2812 54 58 le
717 2813 282 60 moindre
1034 2830 521 67 encouragement
1590 2837 122 38 aux
1745 2817 329 58 musiciens
2131 2816 229 81 anglais
2408 2831 60 44 et
2518 2832 177 45 avant

135 2900 250 61 l'entrée
420 2924 73 37 en
529 2902 176 60 scène
742 2903 73 60 de
851 2906 131 60 Mr.
1018 2905 279 61 Thomas
1323 2906 327 74 Beecham,
1687 2906 204 61 c'était
1927 2908 335 59 seulement
2297 2930 72 36 en
2405 2910 293 78 province

136 3011 120 61 que
305 2991 122 60 l'on
463 2995 252 79 pouvait
765 2996 171 57 avoir
971 2996 331 60 l'occasion
1458 3013 59 44 et
1564 2996 118 61 très
1731 3013 304 44 rarement
2191 2997 353 60 d'entendre
2580 3020 118 37 une

136 3103 210 38 œuvre
393 3085 291 58 musicale
718 3086 267 80 anglaise
1019 3108 110 61 par
1161 3089 84 58 les
1295 3089 160 58 soins
1490 3089 100 58 des
1625 3104 249 67 troupes
1909 3089 145 59 Cari
2107 3090 162 58 Rosa
2305 3110 79 37 ou
2422 3089 276 82 Moody-

139 3173 319 62 Manners.

320 3265 169 60 Mais
522 3267 44 57 il
600 3288 37 61 y
672 3288 32 38 a
738 3288 83 37 un
856 3282 173 46 autre
1074 3269 317 81 problème
1427 3269 31 61 à
1494 3268 305 75 résoudre,
1836 3286 58 44 et
1928 3270 319 82 beaucoup
2284 3272 133 80 plus
2450 3292 182 60 grave
2665 3269 30 60 à

138 3375 146 36 mon
342 3355 146 72 avis,
548 3377 119 60 que
724 3358 159 58 celui
935 3358 73 58 de
1136 3361 282 58 l'Avenir
1452 3362 74 58 de
1574 3359 255 84 l'Opéra
1877 3383 74 36 en
1989 3362 363 80 Angleterre
2485 3362 160 57 C'est
2681 3383 12 36 :

202 3447 140 63 Que
390 3461 146 44 veut
571 3449 53 56 le
662 3448 221 60 Public
916 3451 19 58 ?
1033 3451 81 58 Et
1142 3451 108 80 j'ai
1288 3451 193 81 grand
1516 3474 152 59 peur
1704 3474 119 61 que
1857 3453 54 57 le
1949 3452 219 58 Public
2203 3451 325 59 lui-même
2562 3452 133 57 n'en

136 3535 178 59 sache
350 3537 148 60 rien.
539 3537 128 74 Oh,
708 3560 153 38 nous
897 3562 75 37 ne
1006 3543 389 60 connaissons
1430 3565 121 60 que
1585 3559 139 67 trop
1759 3565 108 38 son
1918 3542 153 83 goût
2105 3564 73 38 en
2228 3540 201 83 pièces
2463 3541 235 60 drama-
