2994 4061
763 209 338 69 LULLY
1165 209 797 75 GENTILHOMME

2606 238 37 73 5

85 367 95 45 cet
215 352 344 60 adolescent
593 353 236 73 éveillé,
865 354 320 83 passionné
1221 357 73 59 de
1340 360 306 80 musique,
1682 376 365 67 promenant
2099 360 70 83 çà
2221 377 60 46 et
2332 362 76 72 là,
2459 378 60 45 et
2568 386 85 38 un

84 464 121 61 peu
257 464 76 37 au
385 442 216 61 hasard
655 466 87 38 ses
794 447 282 59 instincts
1110 445 363 77 désœuvrés,
1510 466 136 44 tout
1697 451 136 82 près
1885 452 72 61 de
2012 467 249 46 tourner
2309 454 124 60 mal
2484 468 60 46 et
2578 453 74 61 de

84 533 250 60 devenir
367 555 84 38 un
480 534 117 80 joli
647 537 331 71 monsieur,
1030 558 247 39 comme
1311 538 43 59 il
1387 561 39 60 y
1461 562 73 37 en
1570 555 104 45 eut
1708 542 146 61 dans
1889 557 136 46 tous
2058 545 82 59 les
2176 558 199 68 temps
2414 558 59 46 et
2507 545 145 60 dans

83 637 200 46 toutes
334 625 84 59 les
470 627 227 58 classes.
739 626 170 59 Mais
958 627 56 58 la
1063 628 286 82 musique
1387 631 55 57 le
1476 651 199 41 sauve.
1715 632 103 61 On
1852 635 272 58 l'entend
2159 660 14 47 ;
2211 656 79 38 on
2324 633 276 61 s'étonne
2634 660 15 48 ;

83 735 80 38 on
196 715 87 58 lui
320 713 201 60 donne
555 715 102 59 des
690 715 265 62 maîtres.
1012 717 52 59 Il
1113 731 87 46 est
1250 718 192 63 lancé.
1496 721 55 58 Il
1585 721 130 61 doit
1764 726 172 57 avoir
1969 724 269 83 dix-sept
2273 746 105 40 ans
2426 724 33 61 à
2492 740 161 46 cette

81 802 265 84 époque,
389 805 354 80 (lui-même
793 828 152 38 nous
992 807 57 59 le
1099 824 316 44 racontera
1464 811 139 81 plus
1654 814 132 58 tard
1807 810 14 29 1
1826 814 19 80 )
1904 835 68 38 ce
2031 816 107 80 qui
2191 837 154 38 nous
2394 830 130 45 met
2577 837 75 39 en

93 894 185 81 1647.
339 895 90 60 La
484 894 246 61 fortune
786 898 242 58 s'ouvre
1086 896 222 61 devant
1367 900 108 61 lui.
1529 903 88 58 Le
1664 904 188 80 jeune
1901 904 243 61 attaché
2195 906 273 60 incolore
2516 906 135 61 s'est

80 985 192 60 rendu
300 985 448 84 indispensable
781 1009 122 38 aux
937 988 234 81 plaisirs
1205 988 74 61 de
1312 990 57 60 la
1402 993 323 80 princesse,
1762 995 43 58 il
1839 1017 33 38 a
1905 1016 67 39 su
2008 995 329 83 conquérir
2362 1018 60 40 sa
2455 998 192 81 place.

80 1075 173 60 Tout
288 1077 127 58 cela
448 1078 230 60 n'est-il
730 1099 102 60 pas
882 1074 351 65 infiniment
1283 1082 137 80 plus
1454 1083 377 60 raisonnable
1866 1099 59 45 et
1978 1087 135 80 plus
2162 1084 320 62 conforme
2516 1086 33 60 à
2582 1108 70 40 ce

81 1188 121 61 que
236 1188 153 40 nous
422 1190 213 39 savons
668 1168 102 61 des
803 1167 141 62 faits
977 1185 61 44 et
1071 1169 100 61 des
1219 1192 427 62 personnages,
1683 1196 119 60 que
1845 1176 56 58 le
1936 1197 214 40 roman
2185 1177 82 61 du
2301 1178 350 82 gâte-sauce

81 1256 350 61 mélomane
465 1257 33 61 à
531 1260 227 81 l'usage
793 1260 101 60 des
927 1261 179 58 livres
1142 1260 72 60 de
1249 1260 400 63 distribution
1683 1263 75 60 de
1791 1266 141 80 prix
1965 1267 19 60 ?

264 1350 318 82 Quelques
638 1350 219 61 années
909 1373 60 38 se
1026 1366 259 68 passent.
1346 1353 116 60 Les
1520 1369 201 67 temps
1769 1370 135 46 sont
1961 1355 285 84 changés.
2300 1357 229 63 L'astre
2577 1359 75 59 de

83 1440 190 60 Louis
306 1440 160 60 XIV
502 1463 59 38 se
595 1439 153 62 lève.
786 1442 188 83 Lully
1009 1444 201 80 quitte
1247 1442 474 63 Mademoiselle
1754 1467 159 60 pour
1945 1446 55 60 le
2031 1446 142 61 Roi.
2212 1447 162 60 Rien
2408 1449 74 58 de
2515 1449 136 81 plus

81 1531 258 61 naturel.
395 1531 184 83 Lully
614 1547 88 45 est
751 1531 213 61 ardent
998 1547 60 45 et
1091 1533 368 74 ambitieux,
1496 1535 42 60 il
1572 1549 87 46 est
1693 1536 329 73 courtisan,
2075 1538 44 58 il
2171 1559 166 60 passe
2381 1539 83 58 du
2512 1536 139 63 côté

83 1621 82 60 du
201 1621 282 63 manche.
522 1624 189 72 Mais,
735 1624 82 60 ici
843 1646 243 52 encore,
1122 1647 80 38 on
1236 1647 32 37 a
1301 1627 191 58 voulu
1525 1627 55 58 le
1614 1625 306 75 rabaisser,
1957 1649 247 39 comme
2239 1649 95 40 ces
2369 1627 175 63 héros
2580 1629 73 61 de

83 1710 377 63 mélodrame
517 1713 151 61 dont
724 1714 56 60 la
832 1712 248 62 fortune
1132 1715 275 83 apparaît
1462 1715 274 61 d'autant
1793 1718 135 81 plus
1983 1714 311 87 mirifique
2348 1741 120 60 que
2522 1721 131 58 leur

83 1804 240 82 origine
358 1820 87 44 est
479 1807 135 81 plus
663 1804 320 63 humiliée.
1021 1807 186 82 Lully
1241 1808 197 60 aurait
1470 1806 96 61 été
1617 1807 298 82 congédié
1951 1830 159 61 pour
2140 1811 233 58 certain
2406 1811 247 81 couplet

81 1895 314 82 satirique,
431 1895 151 60 dont
633 1897 55 58 la
738 1897 304 81 princesse
1092 1919 61 38 se
1205 1898 178 60 serait
1433 1897 287 62 offensée.
1774 1898 103 61 On
1929 1920 33 38 a
2014 1898 205 61 même
2268 1897 97 62 été
2407 1898 246 84 jusqu'à

83 1987 198 80 parler
315 1986 498 62 d'indélicatesse.
851 1988 90 61 La
974 1990 220 81 simple
1230 1988 208 61 réalité
1490 2004 86 45 est
1630 2004 135 45 tout
1810 2004 190 47 autre.
2040 1991 178 60 Nous
2265 1992 55 59 la
2361 2005 293 46 trouvons

84 2096 130 41 sans
248 2079 180 82 peine
455 2077 146 61 dans
633 2080 82 60 les
744 2077 347 63 Mémoires
1118 2080 73 60 de
1221 2080 473 61 Mademoiselle
1720 2081 372 73 elle-même,
2121 2079 80 62 où
2235 2082 45 59 il
2313 2096 87 45 est
2433 2080 153 61 écrit
2606 2080 18 28 2
2637 2104 14 38 :

304 2192 179 72 Après
511 2193 153 53 avoir
692 2193 85 55 été
807 2193 268 75 quelques
1104 2193 199 55 années
1332 2192 30 56 à
1391 2194 131 69 moi,
1542 2193 58 76 je
1632 2190 88 58 fus
1753 2193 170 56 exilée
1950 2216 15 47 ;
2009 2194 37 55 il
2091 2213 68 36 ne
2188 2193 202 56 voulut
2431 2213 93 54 pas
2566 2213 88 36 me

85 2268 184 56 suivre
297 2269 30 55 à
354 2269 51 55 la
432 2289 297 56 campagne
761 2295 13 45 ;
817 2272 37 53 il
896 2292 88 34 me
1014 2272 271 54 demanda
1313 2291 99 35 son
1442 2272 174 75 congé
1647 2295 14 47 ;
1696 2272 58 76 je
1795 2272 52 54 le
1884 2273 77 53 lui
1990 2272 222 70 donnai,
2242 2283 54 43 et
2324 2272 195 73 depuis
2562 2272 35 54 il
2627 2291 29 35 a

83 2342 96 58 fait
207 2343 241 73 fortune,
479 2368 85 35 car
592 2349 132 55 c'est
753 2368 76 35 un
857 2349 173 75 grand
1061 2348 235 56 baladin.

269 2455 162 59 Rien
466 2453 33 61 à
532 2456 235 81 ajouter
800 2456 33 60 à
866 2479 69 37 ce
986 2458 157 80 petit
1181 2456 262 74 tableau,
1478 2457 178 60 sinon
1702 2457 57 59 le
1807 2457 446 60 commentaire
2286 2456 100 60 des
2433 2453 185 63 événe-

84 2560 220 46 ments.
358 2547 97 59 En
501 2547 186 82 1652,
725 2547 171 83 après
946 2547 308 83 l'équipée
1289 2546 344 75 d'Orléans,
1687 2550 56 58 la
1792 2549 155 59 belle
1983 2547 348 61 Frondeuse
2364 2549 130 58 voit
2545 2568 108 39 son

84 2632 185 63 étoile
320 2637 172 82 pâlir.
532 2639 90 58 Le
655 2640 93 58 roi
798 2653 169 45 entre
1003 2637 32 61 à
1071 2640 167 58 Paris
1269 2663 14 48 ;
1335 2640 112 58 elle
1481 2636 245 62 s'enfuit
1760 2663 16 48 ;
1823 2639 114 59 elle
1981 2660 129 37 erre
2143 2659 144 38 avec
2322 2659 86 39 ses
2441 2659 147 60 gens
2621 2635 33 61 à

87 2725 581 78 Bois-le-Vicomte,
716 2730 136 81 puis
887 2728 31 61 à
954 2730 84 60 St.
1077 2731 299 80 Fargeau,
1425 2729 219 61 bâtisse
1693 2728 300 75 délabrée,
2044 2728 280 72 humide,
2375 2728 245 81 inhospi-

87 2817 228 74 talière,
367 2836 60 43 et
476 2836 240 44 surtout
770 2820 288 61 demeure
1116 2822 150 59 d'un
1312 2823 126 58 être
1492 2843 75 38 en
1616 2820 292 84 disgrâce.
1966 2822 186 81 Lully
2205 2822 109 81 qui
2369 2820 166 59 vient
2581 2818 73 59 de

87 2909 199 59 suivre
319 2931 107 38 son
462 2926 124 44 sort
619 2912 270 81 pendant
948 2911 156 60 neuf
1161 2935 122 52 ans,
1345 2913 186 83 Lully
1584 2914 109 80 qui
1750 2935 33 36 a
1815 2913 180 81 vingt
2047 2932 124 52 ans,
2216 2911 102 59 des
2371 2911 283 58 relations

87 2997 311 77 étendues,
446 3024 84 36 un
564 3003 189 59 talent
788 3004 283 70 naissant,
1109 3026 74 37 ne
1235 3004 223 59 saurait
1492 3017 416 46 aucunement
1948 3024 59 39 se
2042 3003 214 59 retirer
2290 3001 81 59 du
2406 2998 246 73 monde,

88 3104 58 43 et
200 3092 143 57 aller
400 3090 32 61 à
483 3093 56 58 la
588 3114 343 61 campagne
998 3095 384 81 contempler
1433 3093 232 60 l'herbe
1717 3093 187 60 haute
1960 3093 109 83 qui
2127 3112 216 63 pousse
2400 3091 145 58 dans
2599 3091 55 57 la

88 3201 150 38 cour
291 3182 149 60 d'un
492 3182 260 61 château
805 3185 333 61 maussade.
1196 3186 53 59 Il
1298 3185 300 61 demande
1656 3200 60 45 et
1781 3185 238 60 obtient
2075 3205 60 38 sa
2182 3181 239 74 liberté,
2478 3195 61 46 et
2593 3201 61 40 sa

87 3275 370 76 protectrice
507 3275 54 60 le
614 3289 283 67 regrette.
1025 3274 229 61 C'était
1304 3298 83 37 un
1438 3275 192 81 grand
1679 3274 266 73 baladin,
2060 3271 415 62 s'écrie-t-elle
2508 3270 146 60 dans

89 3382 105 39 son
248 3365 260 81 langage
565 3364 229 62 désuet.
857 3366 87 59 Le
1003 3380 133 45 mot
1189 3382 86 45 est
1335 3388 169 38 amer
1538 3391 14 48 ;
1608 3388 80 38 on
1740 3388 39 61 y
1830 3379 132 46 sent
2013 3385 84 39 un
2162 3385 119 60 peu
2331 3363 240 59 d'envie
2623 3359 31 60 à

88 3452 230 83 l'égard
352 3457 182 58 d'une
569 3478 149 38 cour
757 3457 185 80 jeune
978 3472 58 44 et
1072 3458 203 60 rivale.
1332 3459 160 59 Rien
1546 3471 292 68 pourtant
1889 3478 73 37 ne
2007 3457 170 58 laisse
2210 3473 291 62 supposer
2535 3472 119 61 que

207 3582 10 23 1
250 3585 101 39 Voir
372 3587 71 38 Du
465 3587 250 48 TRALLAGE,
739 3587 176 39 Arsenal.
941 3587 85 39 Ms.
1053 3590 37 45 6,
1116 3601 94 38 541.

206 3640 13 22 2
253 3645 193 39 EDITION
480 3646 221 48 CHERUEL,
728 3647 80 46 111,
833 3659 38 40 p.
899 3650 93 45 348.
