2994 4061
1431 174 76 67 S.
1575 172 66 69 I.
1711 172 84 68 M

364 202 38 51 2

353 347 210 40 œuvre
597 346 156 60 pour
787 343 228 40 assurer
1048 321 32 59 à
1113 341 86 39 ses
1234 318 236 61 enfants
1504 319 74 59 de
1617 318 309 61 brillantes
1974 319 297 59 alliances.
2312 319 185 59 Deux
2545 315 206 63 siècles
2801 332 106 43 ont

353 414 167 84 passé
555 413 218 83 depuis
804 413 120 59 lors
959 435 14 48 ;
1007 412 84 58 les
1127 408 383 83 généalogies
1536 430 58 38 se
1627 423 135 45 sont
1797 407 304 81 allongées
2135 432 14 47 ;
2201 422 60 45 et
2311 407 31 60 à
2391 408 180 81 peine
2615 408 294 80 quelques

353 507 280 70 curieux,
667 501 281 62 habitués
983 502 82 59 du
1169 500 260 59 Cabinet
1463 498 74 60 de
1570 501 226 72 Titres,
1891 500 312 58 savent-ils
2236 497 388 81 aujourd'hui
2658 519 119 61 que
2826 497 83 60 les

352 594 396 62 descendants
781 592 78 60 du
898 590 421 61 surintendant
1355 588 73 60 de
1475 591 56 57 la
1580 590 285 81 musique
1913 588 74 60 de
2037 588 58 59 la
2145 587 293 60 chambre
2486 587 80 60 du
2627 588 162 82 Roy,
2846 608 59 38 se

353 698 326 48 nomment
713 684 89 58 La
837 679 512 62 Rochefoucauld
1382 679 347 73 d'Estissac,
1754 677 347 74 Greffulhe,
2129 677 99 61 des
2256 680 166 71 Cars,
2451 676 244 81 Vogué,
2726 679 148 57 Cara-

353 798 144 37 man
533 795 80 39 ou
649 773 341 80 Kergorlay
1024 769 79 61 !...
1134 770 53 59 Il
1213 770 290 59 convient
1529 769 159 60 donc
1724 769 72 58 de
1832 770 175 57 relier
2039 783 160 44 cette
2233 769 300 81 glorieuse
2565 765 257 61 filiation
2852 780 58 45 et

353 865 136 60 d'en
519 862 313 62 connaître
859 863 55 57 le
941 862 176 80 point
1145 859 72 58 de
1253 858 232 81 départ,
1514 858 374 59 c'est-à-dire
1921 859 184 83 Lully
2137 859 345 58 lui-même.
2515 859 88 57 La
2625 859 285 79 musique

352 958 113 58 sait
501 971 247 43 trouver
781 973 107 40 son
924 964 251 69 compte
1209 949 32 60 à
1275 950 101 59 des
1410 949 357 60 recherches
1800 949 74 60 de
1908 963 159 46 cette
2101 963 231 45 nature.

538 1267 103 71 Et,
677 1278 137 46 tout
848 1262 269 72 d'abord,
1154 1262 73 59 de
1262 1262 200 81 quelle
1496 1259 287 60 naissance
1813 1258 149 61 était
1994 1260 57 57 le
2076 1259 184 79 jeune
2297 1258 272 81 Baptiste
2603 1259 18 57 ?
2660 1256 253 60 L'Italie

357 1357 99 59 n'a
493 1353 184 84 guère
712 1354 117 60 mis
862 1353 537 81 d'empressement
1434 1349 31 60 à
1500 1371 151 38 nous
1684 1350 54 59 le
1773 1348 246 61 révéler.
2052 1349 52 59 Il
2126 1369 32 37 a
2183 1345 146 61 fallu
2357 1361 170 45 toute
2553 1347 361 58 l'insistance

357 1447 75 60 de
468 1447 162 58 deux
664 1443 232 61 érudits
928 1442 280 81 français,
1247 1442 211 58 M.M.
1495 1439 73 60 de
1604 1441 89 58 La
1726 1439 340 59 Laurencie
2099 1452 60 46 et
2197 1436 338 73 Prunières,
2573 1458 154 60 pour
2763 1456 151 39 nous

357 1536 343 84 apprendre
763 1556 122 60 que
947 1535 56 58 le
1068 1546 263 46 maestro
1396 1531 161 58 avait
1619 1552 84 36 vu
1764 1531 56 57 le
1873 1529 144 80 jour
2081 1527 31 60 à
2189 1528 295 59 Florence
2558 1528 55 57 le
2688 1524 228 61 samedi

367 1649 77 58 29
505 1625 336 62 novembre
908 1625 188 78 1632,
1131 1622 32 60 à
1216 1643 35 59 9
1308 1621 218 60 heures
1575 1635 58 44 et
1667 1620 202 58 demie
1904 1618 82 60 du
2020 1620 212 58 matin.
2272 1620 122 58 Son
2426 1616 143 82 père
2602 1616 314 81 s'appelait

363 1720 306 70 Lorenzo,
705 1736 59 40 sa
799 1714 169 59 mère
1006 1712 334 60 Catharina
1373 1710 96 61 del
1505 1712 156 58 Sera.
1700 1709 182 59 Voilà
1918 1723 154 45 tout.

545 1809 233 57 Trente
811 1827 105 38 ans
950 1805 134 81 plus
1117 1801 154 74 tard,
1305 1801 33 60 à
1374 1803 188 69 Paris,
1595 1801 84 59 les
1714 1800 400 58 malveillants
2146 1796 201 61 feront
2382 1797 204 59 courir
2631 1818 82 37 un
2749 1795 165 60 bruit

362 1899 443 80 désobligeant.
922 1895 261 60 Chacun
1227 1894 132 71 sait,
1401 1891 392 72 écriront-ils,
1845 1890 74 59 de
1970 1890 198 81 quelle
2213 1903 238 66 trempe
2494 1902 60 44 et
2600 1886 73 60 de
2718 1886 200 82 quelle

364 1989 196 61 farine
593 2003 86 45 est
706 1989 152 79 Jean
895 1987 290 81 Baptiste.
1216 1984 91 59 Le
1341 1983 239 58 moulin
1614 1982 100 58 des
1737 1982 282 57 environs
2046 1979 73 60 de
2149 1979 294 58 Florence
2470 1978 149 58 dont
2645 1998 106 38 son
2777 1974 143 83 père

366 2079 151 61 était
550 2078 302 71 meunier,
888 2091 59 44 et
980 2077 56 57 le
1069 2074 248 60 bluteau
1351 2073 74 58 de
1459 2093 69 38 ce
1563 2072 238 58 moulin
1836 2072 108 79 qui
1978 2091 32 37 a
2043 2068 96 60 été
2184 2090 108 38 son
2343 2068 264 81 premier
2638 2065 279 72 berceau,

366 2184 330 67 marquent
730 2189 220 38 encore
983 2163 395 83 aujourd'hui
1410 2164 55 58 la
1500 2163 254 59 bassesse
1788 2159 72 60 de
1896 2181 105 39 son
2038 2159 238 80 origine
2400 2156 227 68 Quand
2660 2177 79 37 on
2774 2177 112 37 con-

369 2264 129 58 nait
529 2262 58 59 le
618 2279 399 63 personnage,
1053 2257 109 81 qui
1199 2256 117 58 mit
1349 2255 55 58 la
1437 2255 167 57 main
1639 2251 32 60 à
1711 2272 96 39 ces
1854 2248 283 73 factums,
2172 2251 54 57 le
2276 2246 250 61 nommé
2578 2246 342 72 Guichard,

368 2374 83 38 on
485 2365 86 46 est
604 2347 141 63 fixé.
783 2350 89 58 Le
907 2347 240 60 moulin
1181 2360 88 45 est
1303 2365 118 38 une
1457 2342 405 60 diffamation.
1904 2341 167 58 Mais
2104 2336 210 62 faut-il
2357 2335 287 62 accorder
2677 2336 135 81 plus
2845 2335 73 59 de

371 2441 197 63 crédit
603 2463 75 37 au
715 2440 296 81 gazettier
1046 2435 350 71 Renaudot,
1434 2435 128 80 qui,
1599 2454 73 38 en
1718 2431 187 73 1661,
1940 2452 153 38 nous
2126 2450 274 38 annonce
2433 2429 56 58 la
2532 2427 390 59 nomination

373 2533 83 59 du
493 2533 175 59 Sieur
693 2532 57 78 J.
791 2532 67 58 B.
896 2528 207 81 Lully,
1143 2524 476 63 Gentilhomme
1651 2521 284 60 florentin
1967 2521 19 60 ?
2015 2518 17 29 1
2083 2520 81 59 Et
2197 2516 207 61 faut-il
2440 2515 248 61 écouter
2738 2516 184 82 Lully

372 2622 329 61 lui-même
733 2619 279 81 lorsqu'il
1045 2639 58 39 se
1138 2617 203 59 donne
1374 2614 143 60 dans
1551 2634 107 38 son
1693 2625 239 46 contrat
1967 2610 72 60 de
2074 2610 268 79 mariage
2354 2606 18 28 2
2405 2629 159 60 pour
2667 2608 254 78 Baptiste

395 2714 68 59 de
472 2713 200 83 Lully,
1062 2733 222 60 escuyer
1529 2709 114 82 fils
1840 2708 69 60 de
2041 2711 258 57 Lorenzo
2621 2706 66 58 de
2818 2704 107 61 Lul
2542 2699 21 57 ?
2694 2698 229 79 Soyons

374 2803 285 84 prudent.
717 2802 211 60 L'acte
990 2801 56 58 le
1102 2799 135 82 plus
1302 2798 339 81 important
1694 2815 156 61 pour
1898 2791 350 61 l'état-civil
2304 2788 81 60 du
2445 2787 335 71 Florentin,
2840 2806 85 39 ses

404 2896 223 58 Lettres
916 2892 67 60 de
1111 2890 191 72 Naturalité,
1303 2885 170 63 accordées
1492 2907 107 60 par
1641 2885 56 58 le
1749 2883 143 71 Roi,
1934 2902 145 38 avec
2125 2881 100 58 des
2273 2877 475 61 considérations
2791 2873 106 60 flat-

374 2998 196 45 teuses
618 3004 158 61 pour
823 2982 56 59 le
924 2981 322 70 musicien,
1283 3000 73 37 ne
1392 2979 279 57 tiennent
1705 2995 102 61 pas
1841 2986 249 69 compte
2125 2970 78 61 du
2240 2967 451 83 gentilhomme
2721 2990 14 48 ;
2772 2966 151 58 mais

376 3076 141 59 elles
569 3085 359 48 conservent
983 3073 57 57 la
1096 3069 319 82 particule,
1451 3089 69 38 ce
1572 3066 109 81 qui
1737 3078 87 45 est
1877 3085 82 37 un
2015 3061 221 60 indice.
2276 3056 184 62 Enfin
2508 3059 84 57 les
2635 3069 288 68 enquetes

374 3161 244 63 menées
654 3184 76 37 au
763 3175 281 46 moment
1079 3158 80 61 où
1194 3159 181 81 Lully
1422 3156 271 82 briguait
1736 3156 56 58 la
1840 3153 224 80 charge
2116 3151 71 59 de
2239 3147 314 61 conseiller
2608 3146 314 59 secrétaire

374 3254 83 60 du
491 3255 113 70 roi,
641 3274 75 39 en
762 3250 115 61 168
898 3272 51 51 1,
984 3264 59 46 et
1069 3252 56 57 la
1156 3250 179 59 lettre
1368 3248 75 59 de
1476 3247 363 59 soumission
1876 3243 149 82 qu'il
2060 3243 109 58 dut
2216 3239 192 60 écrire
2447 3236 74 60 de
2569 3258 60 37 sa
2678 3235 164 59 main
2893 3255 32 37 a

374 3360 161 45 cette
570 3344 304 71 occasion,
903 3363 73 37 ne
1009 3339 286 62 soufflent
1330 3352 132 46 mot
1497 3338 73 58 de
1605 3338 142 58 titre
1783 3335 405 82 quelconque.
2220 3330 199 60 Seules
2442 3328 99 58 des
2568 3324 355 61 recherches

372 3434 363 82 entreprises
769 3454 101 38 sur
902 3433 81 59 les
1023 3431 168 59 Lulli
1241 3429 72 60 de
1366 3429 294 59 Florence
1716 3426 353 82 pourraient
2128 3442 83 38 un
2254 3419 141 80 jour
2451 3417 248 58 eclairer
2751 3429 172 44 notre

432 3546 10 22 1
466 3552 202 39 GAZETTE
690 3549 55 37 du
774 3564 47 36 19
846 3547 82 39 mai
956 3550 120 44 1661,
1100 3560 102 40 page
1226 3549 96 45 480.

429 3606 14 21 2
466 3610 211 38 MINUTES
700 3619 52 26 DE
776 3608 67 37 M.
867 3608 141 44 ADER,
1033 3605 154 38 notaire
1209 3605 22 38 à
1256 3603 109 39 Paris
