2994 4061
637 536 229 89 LES
955 536 325 87 AMIS
1371 536 171 87 DE
1633 536 173 87 LA
1897 536 595 97 MUSIQUE

425 776 71 49 La
532 774 184 51 Société
755 774 228 60 française
1021 774 79 49 des
1136 774 141 49 Amis
1316 776 55 47 de
1411 773 43 48 la
1492 776 213 61 musique
1744 792 25 29 a
1807 774 135 47 réuni
1977 792 69 31 ses
2084 776 236 47 membres
2357 793 96 30 une
2492 778 237 49 troisième
2766 780 89 48 fois

283 848 161 62 depuis
470 847 124 47 deux
622 847 135 58 mois,
785 862 119 46 pour
928 862 98 29 une
1053 846 287 62 promenade
1368 844 223 49 musicale
1615 846 28 47 à
1670 857 175 36 travers
1869 844 43 49 le
1940 844 126 49 Paris
2093 847 263 61 artistique.

423 917 71 49 Ce
522 917 72 47 fut
621 917 25 47 à
672 928 125 36 cette
827 915 280 64 Exposition
1135 917 79 45 des
1242 914 279 50 Pastellistes
1547 915 214 64 Anglais,
1791 915 241 65 organisée
2060 934 59 30 au
2144 914 142 65 profit
2307 917 235 49 d'œuvres
2561 920 295 63 charitables,

281 1002 47 35 et
353 990 80 63 qui
461 1006 179 47 groupa
667 1006 118 45 pour
810 988 229 63 quelques
1063 989 232 46 semaines
1323 989 151 61 parmi
1506 1004 118 31 nous
1648 1004 66 31 un
1742 989 141 46 choix
1905 988 56 47 de
1984 988 217 47 tableaux
2229 1006 137 43 rares,
2391 989 186 64 ignorés
2596 990 63 47 du
2681 992 174 62 public.

282 1059 157 51 Grâce
467 1059 26 47 à
518 1058 235 48 l'aimable
780 1059 139 61 appui
949 1059 78 47 des
1064 1056 268 50 secrétaires
1369 1058 57 47 de
1465 1056 336 65 l'Exposition,
1830 1058 145 48 MM.
2005 1058 184 48 Robert
2220 1058 114 48 Dell
2373 1070 49 36 et
2461 1060 304 65 Meyer-See,
2794 1061 63 50 les

282 1131 139 47 Amis
458 1141 173 53 purent
670 1130 113 47 faire
823 1129 246 61 entendre,
1098 1129 115 47 dans
1250 1147 52 29 ce
1342 1129 136 47 cadre
1516 1129 243 65 singulier,
1788 1140 132 37 toute
1958 1147 95 30 une
2093 1129 115 48 série
2249 1131 56 46 de
2346 1131 153 61 pièces
2536 1131 226 64 anglaises
2800 1134 57 47 de

282 1202 170 49 clavier
479 1202 80 47 des
584 1200 130 49 XVI
717 1208 17 20 e
759 1213 49 35 et
836 1200 154 49 XVII
993 1209 16 20 e
1036 1199 154 49 siècle.

425 1272 60 49 M
490 1277 52 22 me
570 1272 196 49 Wanda
794 1271 318 61 Landowska,
1142 1289 94 30 une
1265 1270 299 49 claveciniste
1590 1289 90 46 que
1708 1271 43 48 le
1778 1272 109 47 dieu
1914 1272 57 47 de
1998 1271 43 47 la
2069 1274 216 62 musique
2311 1290 27 29 a
2365 1272 163 65 égarée
2567 1274 115 48 dans
2720 1286 136 38 notre

281 1343 153 61 siècle,
458 1361 120 46 pour
604 1343 44 49 la
673 1342 104 64 plus
802 1343 177 64 grande
1001 1342 95 64 joie
1123 1342 57 47 de
1208 1354 106 35 tous
1338 1341 65 48 les
2697 1342 160 62 rétrosp
1857 1343 124 46 avait
2023 1343 105 47 bien
2168 1343 145 47 voulu
2352 1343 230 63 répondre
2620 1345 28 47 à
2686 1343 169 65 l'appel

281 1416 80 47 des
397 1416 154 47 Amis.
582 1413 220 50 Pendant
829 1431 95 31 une
951 1415 146 47 heure
1123 1425 48 34 et
1197 1413 172 61 demie,
1397 1412 89 48 elle
1525 1430 119 30 nous
1671 1415 121 45 tient
1816 1431 108 31 sous
1951 1413 43 47 le
2031 1415 191 45 charme
2262 1415 56 47 de
2356 1431 84 32 son

282 1487 160 65 (Lyon
481 1486 131 62 fecit)
651 1497 47 36 et
735 1502 107 31 sous
876 1483 194 48 l'attrait
1109 1483 115 48 d'un
1263 1501 299 47 programme
1590 1486 117 45 dont
1733 1483 65 50 les
1822 1486 113 45 trois
1961 1497 133 36 cents
2119 1484 280 65 privilégiés,
2427 1486 190 48 conviés
2644 1487 57 48 de
2729 1498 127 38 cette

281 1558 182 61 séance,
493 1568 336 38 conserveront
855 1573 67 31 un
950 1555 291 49 mémorable
1266 1557 235 47 souvenir.

424 1630 159 61 Voici,
613 1646 117 45 pour
759 1628 64 48 les
851 1627 346 64 musicologues
1223 1627 57 47 de
1308 1625 212 64 l'avenir,
1549 1627 41 48 le
1619 1639 128 37 texte
1773 1628 56 47 de
1857 1644 53 31 ce
1939 1644 299 47 programme
2264 1646 10 30 :

537 1737 103 45 The
665 1738 127 44 Earle
816 1738 53 44 of
886 1736 188 54 Oxford,
1093 1737 1072 43 marche.......
2300 1737 72 43 W.
2401 1736 130 60 Byrd.

538 1803 120 59 Why
683 1803 93 43 aske
796 1818 90 42 you
2304 1802 249 58 Anonyme.

537 1868 103 44 The
667 1868 110 43 Bells
2304 1867 71 43 W.
2404 1865 129 60 Byrd.

542 1933 173 43 Robine
847 1966 8 9 .
992 1966 9 9 .
1139 1964 8 9 .
1284 1964 9 9 .
1577 1966 9 9 .
1725 1964 7 9 .
1869 1966 9 7 .
2015 1966 9 7 .
2161 1966 8 7 .
2305 1929 38 60 J.
2370 1930 221 60 Munday.

538 1996 132 45 Volta
698 2029 1467 12 ...........
2300 1994 60 45 T.
2386 1995 192 60 Morley.

536 2061 103 43 The
665 2061 154 57 King's
842 2061 155 44 Hunt.
1134 2094 1031 10 ........
2299 2060 39 58 J.
2368 2060 111 44 Bull.

536 2127 101 42 The
664 2126 319 57 Nighthingale
1130 2159 1031 10 ........
2297 2126 249 57 Anonyme.

536 2190 103 44 The
665 2190 177 45 Buffons
987 2224 1179 10 .........
2300 2188 39 58 J.
2368 2188 111 44 Bull.

536 2257 263 53 Ouverture,
824 2255 206 54 Gavotte,
1056 2255 177 54 Rondo,
1258 2254 207 56 Ground,
1490 2254 222 58 Trumpet
1737 2253 85 45 and
1849 2254 237 58 Hornpipe
2156 2288 9 9 .
2302 2254 63 43 H.
2394 2254 181 44 Purcell.

420 2347 127 49 Pour
583 2348 43 47 la
654 2348 227 62 première
921 2348 86 47 fois
1032 2364 60 30 en
1133 2347 183 48 France
1354 2345 106 49 l'art
1500 2344 194 50 musical
1735 2345 77 47 des
1850 2347 385 61 contemporains
2262 2345 56 47 de
2346 2344 330 64 Shakespeare,
2697 2357 49 35 et
2770 2345 87 47 des

278 2420 348 64 prédécesseurs
665 2419 55 47 de
763 2419 219 47 Haendel
1023 2419 112 47 était
1175 2418 215 63 présenté
1427 2417 371 48 officiellement.
1827 2417 65 48 Et
1930 2434 54 31 ce
2023 2418 74 47 fut
2126 2434 94 31 une
2245 2417 275 48 révélation.
2550 2415 194 51 L'école
2776 2417 81 47 des

281 2490 308 65 virginalistes
615 2489 176 65 anglais
818 2490 56 47 de
902 2489 43 48 la
971 2488 65 49 fin
1065 2490 64 47 du
1156 2488 129 49 XVI
1288 2495 16 22 e
1328 2489 140 48 siècle
1497 2500 113 51 peut
1636 2489 216 47 marcher
1878 2488 59 47 de
1976 2489 98 61 pair
2100 2504 113 31 avec
2240 2486 65 50 les
2343 2486 104 65 plus
2484 2488 170 63 grands
2691 2486 165 65 génies

279 2565 56 46 de
374 2564 44 47 la
458 2564 229 62 musique.
716 2560 281 65 L'imprévu
1036 2561 57 49 de
1130 2578 85 32 son
1253 2560 137 66 style,
1418 2561 44 47 la
1500 2560 197 48 couleur
1736 2560 56 47 de
1829 2577 85 30 son
1953 2561 403 60 ornementation,
2384 2558 44 49 la
2465 2560 201 47 richesse
2696 2560 58 47 de
2781 2575 76 32 ses

279 2634 431 63 développements,
739 2632 156 49 l'éclat
933 2646 47 35 et
1018 2632 44 49 la
1100 2646 143 35 tenue
1283 2632 57 47 de
1365 2650 71 31 ses
1460 2632 201 64 grandes
1688 2631 169 64 pièces,
1886 2643 106 35 tout
2018 2648 119 30 nous
2163 2644 190 34 montre
2379 2630 115 63 qu'il
2522 2648 60 29 ne
2608 2630 136 63 s'agit
2774 2646 78 46 pas

281 2707 55 46 ici
385 2705 56 47 de
479 2704 224 64 quelques
742 2705 299 47 charmantes
1078 2704 210 48 naïvetés
1326 2704 56 47 de
1422 2702 219 64 primitifs
1680 2701 245 62 inhabiles,
1972 2702 131 60 mais,
2149 2719 61 30 au
2253 2702 250 60 contraire,
2544 2701 56 47 de
2643 2698 209 67 l'apogée

281 2777 142 47 d'une
452 2775 185 48 culture
662 2775 241 48 musicale.
933 2773 78 50 De
1040 2786 155 37 toutes
1220 2773 65 49 les
1310 2775 199 62 qualités
1535 2775 56 47 de
1618 2787 76 33 cet
1721 2785 71 37 art
1817 2772 116 48 c'est
1957 2790 107 30 sans
2094 2773 236 47 contredit
2370 2771 40 48 le
2450 2772 299 48 raffinement
2774 2772 77 62 qui

277 2848 161 63 frappe
467 2848 257 63 davantage
752 2859 47 34 et
837 2864 90 45 que
956 2846 60 47 M
1021 2851 51 21 me
1100 2845 303 49 Landowska
1427 2845 110 48 s'est
1562 2843 249 65 appliquée
1838 2846 25 46 à
1890 2845 182 59 rendre,
2104 2862 60 28 au
2203 2845 103 60 prix
2344 2841 116 49 d'un
2499 2842 353 48 entraînement

281 2919 116 47 dont
425 2936 57 29 ne
513 2930 206 50 peuvent
743 2935 46 29 se
818 2918 167 47 douter
1012 2935 121 30 ceux
1161 2919 80 61 qui
1269 2918 265 47 assistèrent
1561 2917 25 47 à
1611 2917 223 48 l'aisance
1860 2917 58 47 de
1944 2933 84 30 son
2057 2916 271 47 exécution.

423 2989 171 57 Quant
620 2989 25 47 à
673 2988 203 62 Purcell,
905 2988 44 48 la
975 2988 130 50 Suite
1128 2988 138 66 jouée
1294 3006 80 46 par
1402 2988 61 48 M
1467 2994 52 22 me
1548 2988 304 48 Landowska
1878 3005 120 30 nous
2023 2988 198 47 donnait
2246 2986 305 63 simplement
2589 3003 66 29 un
2688 2994 136 40 avant-

282 3062 114 63 goût
424 3062 56 47 de
507 3078 53 31 ce
588 3060 184 47 Milton
800 3060 56 46 de
885 3059 43 47 la
954 3063 216 61 musique
1196 3060 222 64 anglaise,
1448 3062 195 47 homme
1670 3062 56 47 de
1755 3071 105 38 tout
1888 3060 202 61 premier
2118 3058 126 63 plan,
2271 3069 48 36 et
2352 3058 79 62 qui
2471 3058 143 47 devra
2653 3055 198 64 prendre

281 3149 48 30 sa
357 3132 128 62 place
513 3130 25 47 à
564 3130 105 47 côté
697 3130 56 47 de
783 3130 146 60 Bach,
959 3130 152 49 fut-ce
1138 3132 157 47 même
1322 3149 61 31 au
1410 3130 257 50 détriment
1693 3130 57 49 de
1777 3130 351 49 l'encombrant
2156 3128 234 48 Haendel.

423 3203 44 49 S.
498 3201 57 50 E.
584 3201 384 49 l'Ambassadeur
994 3201 355 65 d'Angleterre,
1377 3215 47 36 et
1450 3203 137 66 Lady
1617 3204 157 47 Bertie
1802 3204 187 46 avaient
2015 3201 83 47 fait
2126 3200 254 48 l'honneur
2405 3199 27 47 à
2466 3199 43 48 la
2547 3196 185 51 Société
2770 3198 81 47 des

281 3274 140 48 Amis
460 3274 54 47 de
552 3290 46 30 se
640 3273 166 47 rendre
847 3273 25 47 à
909 3271 285 50 l'invitation
1232 3275 80 61 qui
1350 3274 100 48 leur
1488 3276 125 46 avait
1651 3274 75 47 été
1763 3273 222 48 adressée.
2029 3273 116 48 Sous
2186 3271 101 47 leur
2329 3271 142 46 haute
2511 3267 287 64 présidence,
2826 3267 25 47 à

278 3344 197 63 laquelle
501 3342 155 50 s'était
682 3344 171 47 associé
881 3342 78 50 M.
982 3344 49 49 P.
1055 3345 56 47 de
1140 3345 205 60 Nolhac,
1365 3345 239 63 président
1631 3346 57 46 de
1716 3344 315 63 l'Exposition
2059 3344 78 47 des
2165 3341 295 62 Pastellistes,
2481 3353 47 35 et
2550 3358 93 30 une
2671 3337 177 66 grande

275 3417 146 63 partie
461 3416 54 47 de
556 3415 192 48 Conseil
789 3415 424 48 d'administration
1253 3416 79 48 des
1370 3417 156 61 Amis,
1554 3417 45 47 la
1634 3416 168 48 séance
1835 3416 56 48 de
1920 3416 215 62 musique
2160 3412 207 66 anglaise
2393 3415 232 44 ancienne
2653 3411 93 62 prit
2771 3426 66 31 un

274 3486 231 48 caractère
535 3486 266 47 d'officieux
829 3486 116 63 gala.
