2524 4034
1182 389 111 56 477

286 517 210 63 apporté
545 529 95 34 aux
680 515 235 47 hommes
961 526 100 36 une
1103 512 117 51 idée
1267 524 68 34 ou
1384 511 86 61 qui
1516 512 88 45 ont
1638 507 133 51 servi
1796 508 26 46 à
1849 521 61 34 en
1942 516 252 52 propager

279 590 235 47 d'autres.

352 660 142 53 Cette
538 656 286 62 digression
857 670 67 33 un
970 670 99 45 peu
1110 656 207 58 longue,
1340 653 105 48 loin
1476 654 62 47 de
1576 651 303 59 m'éloigner
1911 652 62 46 de
2015 648 151 50 Ferdi-

299 731 136 48 nand
490 729 208 56 Herold,
721 727 99 61 m'y
865 727 222 48 ramène.
1119 727 61 48 Je
1222 741 62 34 ne
1315 727 131 47 crois
1479 741 90 47 pas
1619 724 149 63 qu'en
1820 723 254 60 évoquant
2118 721 78 48 les

288 803 169 47 reines
504 803 48 46 et
600 799 75 49 les
710 801 209 58 saintes,
946 801 75 47 les
1054 813 156 48 pages
1235 802 51 44 et
1308 799 74 47 les
1420 798 181 48 nobles
1627 798 196 57 dames,
1851 793 195 49 Herold
2075 792 118 48 n'ait

288 874 155 47 voulu
500 887 98 47 que
649 887 132 32 nous
838 872 246 48 satisfaire
1130 884 89 49 par
1276 872 48 47 la
1382 870 264 60 souplesse
1681 873 51 43 et
1775 869 48 47 la
1867 867 184 48 variété
2102 868 91 47 des

286 947 245 61 rythmes,
573 945 48 47 la
647 944 228 48 richesse
910 945 91 47 des
1040 945 213 59 images.
1286 944 71 47 Le
1382 943 181 62 poème
1591 944 85 60 qui
1705 954 158 34 ouvre
1891 940 49 47 le
1978 939 121 47 livre
2131 950 65 36 ne

292 1033 133 33 nous
460 1016 48 46 le
540 1016 138 47 dit-il
706 1029 90 47 pas
829 1015 332 47 clairement?
1186 1014 96 48 Les
1321 1032 25 26 «
1376 1015 134 46 doux
1534 1014 194 60 prêtres
1760 1029 44 42 »,
1836 1011 74 47 les
1943 1030 27 23 «
2000 1010 198 60 vierges

302 1090 183 47 claires
514 1107 45 38 »,
590 1088 74 45 les
714 1105 25 26 «
767 1086 129 47 bons
924 1085 278 50 chevaliers
1234 1104 26 27 »
1290 1099 64 34 ne
1403 1086 217 49 vont-ils
1648 1100 90 46 pas
1778 1098 113 34 vers
1920 1084 47 47 le
2014 1081 184 61 tèmple

297 1160 194 57 d'idéal,
517 1159 47 48 le
592 1159 185 59 temple
800 1159 103 62 qui,

669 1319 53 11 ...
754 1282 141 48 Haut
926 1283 179 46 dressé
1126 1296 112 33 vers
1267 1281 47 48 le
1341 1282 94 47 ciel
1460 1282 275 58 triomphal

664 1354 149 59 Erige
843 1353 91 48 l'or
955 1356 51 44 et
1032 1354 74 46 les
1133 1367 228 46 gemmes
1395 1354 63 46 de
1489 1367 82 33 ses
1594 1353 263 57 colonnes,

672 1424 63 46 Et
762 1424 48 46 la
839 1424 118 46 frise
989 1425 48 45 et
1075 1423 49 47 la
1153 1423 242 47 corniche
1425 1423 251 47 semblent

665 1494 115 46 Une
805 1494 331 61 mystérieuse
1162 1495 48 46 et
1232 1494 304 47 immortelle
1571 1508 261 34 couronne

669 1564 163 57 Qu'un
858 1565 257 60 archange
1145 1564 174 61 forgea
1352 1566 61 46 de
1440 1565 147 47 soleil
1618 1564 221 48 auroral.

364 1702 140 48 Cette
551 1700 208 48 marche
797 1714 112 33 vers
957 1700 275 59 l'inconnu,
1282 1715 113 33 vers
1439 1700 162 59 l'idée,
1632 1700 122 48 c'est
1802 1701 47 46 le
1896 1700 171 48 thème
2118 1700 92 47 des

308 1772 320 48 Chevaleries
674 1770 418 59 sentimentales',
1119 1771 35 46 il
1195 1771 221 47 soutient
1460 1773 112 45 tout
1610 1771 46 47 le
1703 1771 141 57 livre,
1879 1770 146 49 d'une
2062 1771 150 60 façon

313 1846 196 47 occulte
538 1844 126 46 mais
687 1843 170 56 réelle,
890 1843 122 47 c'est
1036 1843 72 46 lui
1140 1844 84 60 qui
1257 1843 196 47 revient
1476 1844 469 60 perpétuellement,
1981 1844 126 46 dans
2137 1843 78 47 les

319 1914 420 63 préoccupations
771 1913 64 47 du
871 1912 147 59 poète
1063 1916 49 43 et
1154 1914 125 46 dans
1313 1913 122 47 celle
1467 1914 91 46 des
1587 1927 366 46 personnages.
1982 1912 233 48 N'est-ce

321 2001 90 45 pas
443 1988 25 43 à
496 1984 243 47 l'essence
773 1997 65 33 un
867 1983 121 61 jour
1017 1987 258 53 entrevue,
1303 1985 48 45 et
1389 1983 122 61 qu'il
1542 1985 165 46 désire
1736 1984 348 61 reconquérir,
2118 1997 99 48 que

316 2071 159 45 songe
505 2057 134 48 celui
669 2057 84 59 qui
788 2069 75 43 va,
901 2054 155 60 armé,
1086 2068 87 46 par
1199 2054 48 48 la
1276 2054 164 48 forêt?

620 2178 58 47 Je
710 2180 104 45 vais
842 2191 115 33 sans
990 2191 116 33 oser
1135 2177 193 47 cueillir
1354 2177 58 62 [la
1440 2178 253 49 fraîcheur
1722 2178 187 51 blonde

620 2250 81 47 Du
727 2250 117 45 fruit
871 2250 225 45 inconnu
1115 2250 85 59 qui
1227 2247 184 48 flambe
1441 2262 94 33 aux
1562 2250 175 47 arbres
1764 2251 145 47 clairs

625 2321 82 57 Et,
741 2322 126 44 dans
894 2332 120 33 mon
1046 2319 207 60 dégoût,
1280 2319 55 59 je
1364 2322 181 44 trouve
1576 2322 114 58 trop
1717 2336 162 33 amers

627 2391 98 47 Les
750 2391 174 45 lourds
955 2391 145 45 fruits
1133 2389 172 59 glanés
1329 2402 91 48 par
1449 2391 47 47 le
1528 2391 170 47 désert
1728 2393 66 46 du
1827 2396 207 45 monde.

378 2528 101 47 Les
508 2525 105 48 fées
646 2525 123 47 dont
800 2538 65 33 on
903 2524 188 47 entend
1134 2524 75 47 les
1255 2524 246 58 sanglots,
1550 2525 74 47 les
1674 2526 108 47 fées
1822 2529 85 60 qui
1954 2528 277 59 régnèrent

320 2598 258 57 autrefois,
611 2609 63 33 ne
705 2595 261 47 sont-elles
989 2608 90 47 pas
1111 2593 75 48 les
1216 2594 181 47 vérités
1430 2594 292 49 obscurcies
1752 2610 96 46 que
1883 2598 73 48 les
1991 2600 238 48 hommes

322 2670 201 47 veulent
552 2667 292 49 retrouver?
874 2666 77 47 Ne
978 2665 365 61 passent-elles
1368 2680 109 46 pas,
1502 2667 192 47 voilées
1726 2670 61 47 de
1808 2669 200 61 brume,
2036 2673 125 45 dans
2185 2673 50 47 la

325 2742 230 46 tristesse
585 2740 62 44 de
686 2737 292 59 l'automne,
1008 2736 240 61 jusqu'au
1276 2736 122 61 jour
1427 2737 66 46 où
1519 2739 48 45 la
1595 2737 215 51 lumière
1848 2741 73 47 les
1954 2744 276 47 ranimera.

330 2812 72 47 Le
429 2812 149 60 poète
609 2810 75 47 les
720 2810 194 57 évoque
945 2810 167 45 toutes
1154 2808 74 47 les
1270 2808 174 49 dames
1487 2810 61 47 de
1585 2811 120 47 rêve
1733 2829 8 28 :
1778 2812 244 61 Luciane,
2066 2816 165 58 Aude,

333 2882 359 56 Bradamante,
724 2878 283 49 Richardès
1037 2882 50 45 et
1115 2878 214 49 Bibiana
1355 2895 13 43 ;
1394 2880 121 47 elles
1542 2881 167 48 vivent
1743 2885 126 47 dans
1906 2890 62 43 de
1997 2886 239 48 lointains

329 2954 49 47 et
406 2953 304 60 mystérieux
750 2965 122 45 pays
904 2965 13 31 :

669 3075 199 60 Là-bas,
895 3076 119 47 elles
1048 3076 223 47 sourient
1300 3076 242 61 d'amour,
1576 3079 73 48 les
1676 3081 219 61 douces;

670 3147 84 59 Et,
782 3147 163 59 parmi
974 3147 47 46 le
1051 3147 184 47 baume
1270 3149 90 47 des
1389 3164 145 33 roses
1562 3153 86 59 qui
1669 3153 293 59 parsèment

672 3219 73 47 La
769 3219 167 59 plaine
961 3234 95 33 aux
1086 3220 247 61 nuptiales
1357 3235 229 46 sources,

673 3290 134 48 Elles
835 3291 244 58 égrènent
1114 3292 90 47 des
1237 3294 199 47 colliers
1469 3294 61 47 de
1562 3294 181 48 claires
1774 3310 250 45 gemmes.

400 3436 63 47 Et
485 3435 131 48 celui
635 3436 84 59 qui
740 3435 266 47 ramènera
1025 3436 165 61 parmi
1211 3436 74 48 les
1315 3437 257 58 hommes,
1586 3437 74 48 les
1684 3438 166 47 tristes
1874 3438 203 60 exilées,
2103 3454 58 34 ce
2182 3455 63 33 ne

339 3521 113 33 sera
480 3521 89 46 pas
599 3506 320 47 l'aventurier
955 3507 165 48 brutal
1155 3509 84 60 qui
1279 3507 136 49 brise
1459 3511 50 45 et
1534 3511 86 45 tue
1661 3509 74 47 les
1760 3508 151 48 fleurs
1956 3511 61 45 de
2066 3526 179 46 songe,

340 3591 160 33 sœurs
529 3577 61 45 de
623 3577 124 47 celle
778 3578 85 60 qui
891 3578 151 48 veille
1069 3578 164 61 parmi
1262 3578 73 48 les
1366 3578 75 61 lys
1456 3595 13 43 ;
1503 3593 58 35 ce
1592 3593 112 35 sera
1733 3579 46 47 le
1820 3579 200 60 Prince,
2057 3581 46 47 le
2133 3596 113 46 pur,
