2524 4034
1189 254 117 57 468

357 409 50 57 Il
439 423 165 42 nous
640 404 320 72 semblait,
979 409 37 54 à
1045 421 187 55 nous,
1256 423 120 59 que
1397 405 214 60 c'était
1633 404 432 78 précisément
2085 402 65 60 là
2169 400 60 63 le

279 496 136 61 seul
437 494 270 61 résultat
727 494 114 77 qui
871 493 98 61 fût
993 493 152 59 cher
1168 513 125 41 aux
1314 494 289 77 Anglais.
1622 493 191 59 Est-il
1839 494 387 70 nécessaire,

279 585 356 69 d'ailleurs,
659 583 76 59 de
769 583 299 79 rappeler
1096 583 92 61 les
1222 601 359 44 massacres
1619 583 108 59 des
1759 583 209 70 Indes,
1986 583 136 59 lors
2150 580 77 61 de

292 674 66 61 la
407 673 240 62 révolte
705 673 109 60 des
871 673 309 77 Gipayes?
1235 673 538 79 L'ignominieuse
1851 691 229 59 guerre
2152 670 79 61 de

284 764 294 79 l'opium,
641 769 84 53 où
776 761 453 80 l'Angleterre,
1296 763 314 79 précédée
1684 762 75 60 de
1834 762 259 61 boulets
2151 761 78 61 de

288 871 267 52 canons,
588 851 353 62 s'avançait
973 871 77 42 en
1079 853 200 61 Chine
1328 872 123 41 une
1484 852 179 61 Bible
1696 852 159 60 dans
1895 871 124 42 une
2052 851 178 61 main

286 946 60 58 et
371 943 85 59 du
485 942 232 78 poison
752 942 157 60 dans
947 941 230 61 l'autre
1197 941 26 60 ?
1279 946 85 57 La
1415 942 397 60 destruction
1869 941 200 60 totale
2119 941 111 60 des

286 1050 180 43 races
495 1030 517 61 australiennes?
1040 1032 60 60 le
1149 1032 398 60 banditisme
1586 1031 240 61 effréné
1864 1031 109 60 des
2008 1030 192 60 flibus-

286 1124 156 59 tiers
465 1121 252 78 anglais
747 1139 119 60 par
896 1125 177 58 toute
1102 1121 353 82 l'Afrique?
1486 1124 76 58 Et
1596 1121 301 61 combien
1947 1120 282 61 d'autres

284 1213 309 59 atrocités
626 1210 342 62 commises
993 1230 151 42 sous
1176 1213 58 59 le
1271 1218 263 56 couvert
1569 1211 75 60 de
1669 1211 63 61 la
1766 1211 275 73 morale,
2064 1228 166 62 pour

287 1302 259 61 écouler
573 1302 107 58 des
707 1303 394 60 cotonnades
1121 1304 10 57 1

367 1394 49 57 A
446 1392 245 59 l'heure
748 1393 322 75 présente,
1100 1390 422 81 l'Angleterre
1566 1396 152 55 veut
1750 1392 349 77 s'emparer
2149 1390 77 59 de

291 1482 66 60 la
386 1481 211 61 vallée
626 1479 86 60 du
741 1481 277 77 Mékong
1048 1501 78 41 au
1155 1501 148 41 nom
1341 1482 109 60 des
1474 1481 297 73 Siamois,
1799 1500 165 59 pour
1987 1497 242 61 couper

288 1576 187 56 notre
542 1570 250 59 colonie
852 1571 452 60 indochinoise
1365 1572 76 57 de
1526 1571 159 60 celle
1771 1571 87 58 du
1940 1570 284 74 Tonkin;

289 1658 421 79 l'Angleterre
744 1676 37 41 a
811 1660 126 57 mis
969 1660 62 58 la
1064 1661 178 57 main
1272 1678 108 40 sur
1406 1660 58 59 le
1486 1660 213 59 sultan
1721 1660 85 58 du
1827 1660 211 58 Maroc
2061 1678 168 58 pour

286 1751 58 59 le
376 1766 327 61 poussera
735 1749 351 76 s'emparer
1110 1750 85 58 du
1225 1751 206 57 Touat
1454 1749 76 59 de
1558 1749 290 59 manière
1878 1755 36 53 à
1933 1750 296 57 soulever

289 1844 221 56 contre
562 1854 167 42 nous
776 1838 91 58 les
929 1839 350 77 Touaregs,
1322 1844 62 54 et
1436 1838 347 77 empêcher
1812 1839 65 58 la
1934 1838 296 77 jonction

291 1928 76 61 de
401 1945 117 41 nos
551 1926 286 60 colonies
881 1926 327 79 d'Algérie
1241 1945 151 42 avec
1425 1928 191 59 celles
1657 1928 85 58 du
1770 1928 273 78 Sénégal
2077 1948 14 48 ;
2132 1943 99 43 ses

292 2018 369 61 émissaires
707 2017 212 59 visent
950 2018 91 60 les
1074 2017 278 72 Maistre,
1388 2018 94 60 les
1538 2018 230 74 Mizon,
1806 2018 94 61 les
1944 2017 285 73 Monteil,

287 2113 178 56 toute
496 2108 61 60 la
587 2107 210 59 bande
825 2107 75 59 de
936 2126 115 40 nos
1075 2108 445 76 explorateurs
1543 2128 13 38 :
1576 2108 132 61 lors
1730 2108 74 60 de
1836 2108 65 58 la
1934 2107 297 61 dernière

294 2196 374 78 expédition
712 2196 76 58 de
837 2196 226 75 Mizon,
1101 2196 47 59 il
1199 2197 296 77 échappa
1543 2203 38 54 à
1632 2197 424 79 grand'peine
2105 2215 129 40 aux

291 2286 204 61 balles
532 2302 121 61 que
689 2285 108 59 des
832 2285 195 59 fusils
1059 2290 231 73 nègres
1315 2286 93 60 lui
1442 2287 381 78 envoyaient
1867 2287 75 59 de
1972 2286 65 61 la
2084 2288 150 75 part

292 2377 76 59 de
397 2376 64 58 la
490 2372 207 80 Royal
719 2373 204 80 Niger
1624 2372 319 81 Company
1279 2380 87 66 ,et
1390 2377 59 57 le
1482 2376 287 58 membre
1801 2376 76 58 de
1902 2394 116 40 son
2044 2377 151 75 expé-

293 2465 207 60 dition
551 2464 277 58 actuelle
863 2465 110 75 qui
1004 2464 132 59 s'en
1172 2466 91 56 est
1318 2467 224 75 séparé
1575 2483 163 59 pour
1775 2465 183 58 venir
2011 2465 223 60 lancer

294 2558 221 56 contre
556 2553 113 71 lui,
694 2551 158 59 dans
895 2570 86 41 un
1046 2553 263 76 journal
1370 2551 273 80 anglais,
1694 2550 535 84 l'lntransigeant,

294 2643 110 58 des
433 2641 408 59 accusations
874 2640 441 62 odieusement
1366 2643 333 75 ridicules,
1736 2649 184 74 porte
1948 2663 88 41 un
2083 2662 155 43 nom

301 2730 272 79 anglais.

385 2824 85 56 La
500 2821 299 77 question
846 2822 383 77 égyptienne
1285 2824 93 57 est
1427 2841 278 43 revenue
1764 2842 114 42 sur
1924 2823 192 64 l'eau.
2151 2827 87 58 Le

298 2911 295 61 discours
620 2909 74 60 de
721 2909 76 59 M.
820 2909 347 61 Gladstone
1191 2916 37 54 à
1261 2928 70 44 ce
1360 2930 241 61 propos
1634 2914 93 58 est
1757 2931 124 43 une
1903 2913 335 62 merveille

297 3002 79 60 de
434 3000 94 59 foi
579 2998 308 80 punique.
924 3000 50 58 Il
1008 3003 93 56 est
1139 3007 34 54 à
1215 3019 382 61 remarquer
1648 3021 146 60 que,
1860 3005 244 77 Whigs
2155 3021 84 42 ou

298 3090 249 71 Tories,
583 3088 153 60 c'est
767 3090 296 77 toujours
1084 3090 60 61 le
1177 3090 168 77 parti
1368 3091 109 77 qui
1510 3092 161 57 n'est
1705 3109 116 59 pas
1858 3110 81 41 au
1964 3095 276 75 pouvoir

301 3180 109 77 qui
453 3179 179 77 parle
674 3179 337 59 d'évacuer
1050 3180 290 77 l'Egypte
1370 3196 13 40 :
1442 3181 155 59 sitôt
1651 3181 155 76 qu'il
1839 3200 37 59 y
1924 3182 231 72 arrive,
2193 3182 48 61 il

298 3268 220 61 oublie
548 3287 70 43 ce
672 3268 155 80 qu'il
857 3288 37 41 a
924 3269 94 60 dit
1053 3269 548 79 précédemment.

381 3359 463 80 L'occupation
879 3363 59 57 et
976 3360 425 78 l'absorption
1448 3359 334 76 graduelle
1827 3362 76 59 de
1954 3363 290 80 l'Egypte

303 3467 163 43 nous
500 3449 399 61 fournissent
926 3468 85 42 un
1044 3450 254 61 modèle
1332 3449 86 61 du
1445 3468 197 61 genre
1685 3452 108 59 des
1818 3453 317 77 procédés
2168 3456 78 59 de
