2524 4034
1236 393 116 57 436

1066 633 94 54 Le
1192 633 320 58 Sonneur.

404 776 308 78 L'image,
756 778 38 60 à
834 777 214 77 peine,
1081 795 109 43 car
1255 778 160 60 dans
1466 796 117 42 nos
1640 797 211 41 cœurs
1907 779 205 60 lassés
2180 779 76 60 de

328 866 199 72 vivre,
563 885 163 42 nous
757 872 384 56 retrouvons
1170 868 358 60 seulement
1560 868 273 61 l'ombre
1857 870 76 59 de
1984 870 65 59 la
2102 886 116 61 pre-

323 955 197 61 mière
552 956 113 61 foi.

1033 1143 94 53 Le
1169 1140 325 60 Veilleur.

400 1307 199 57 Leurs
633 1304 178 60 âmes
850 1308 324 70 émanent,
1213 1304 66 60 la
1325 1305 163 61 nuit.
1518 1308 72 58 Je
1629 1307 140 59 vois
1819 1324 251 43 comme
2124 1328 124 43 une

308 1393 191 60 lueur
531 1392 310 80 fluidique
873 1397 58 57 et
955 1394 207 79 légère
1195 1394 112 78 qui
1335 1394 224 61 s'effile
1589 1395 75 61 de
1705 1395 172 61 leurs
1896 1397 331 77 jardins...

1051 1621 92 54 Le
1171 1619 336 57 Pénitent.

388 1774 75 58 Et
491 1771 214 78 quand
734 1771 66 59 la
832 1771 192 60 corde
1053 1771 162 59 siffle
1250 1775 232 56 autour
1514 1771 76 59 de
1622 1789 107 41 ma
1762 1770 203 74 chair,
2001 1771 47 59 il
2126 1793 38 57 y
2211 1793 37 41 a

308 1863 467 62 certainement
827 1860 75 59 de
955 1859 174 61 leurs
1175 1860 210 59 lèvres
1435 1877 110 42 sur
1594 1859 247 77 chaque
1903 1859 170 77 plaie
2134 1864 112 75 qui

306 1956 275 69 s'ouvre,
618 1952 48 57 il
696 1971 40 58 y
780 1969 37 40 a
865 1949 64 60 la
967 1949 330 60 fraîcheur
1347 1949 109 60 des
1519 1950 207 59 lèvres
1777 1949 335 76 pieuses...
2153 1954 93 61 Ne

306 2043 595 64 cultiverons-nous
954 2057 114 60 pas
1113 2056 176 43 assez
1343 2038 63 61 la
1458 2038 281 61 douleur
1782 2056 167 58 pour
2010 2042 237 76 qu'elle

312 2133 292 61 fleurisse
668 2129 261 78 jusqu'à
980 2146 162 42 nous
1194 2127 210 62 valoir
1456 2147 87 41 un
1611 2127 239 60 second
1904 2146 208 60 corps
2167 2132 76 60 de

306 2223 266 79 pureté?
625 2221 250 60 Pétales
927 2220 77 59 de
1056 2236 164 59 sang
1277 2223 62 55 et
1392 2217 77 60 de
1519 2218 262 69 larmes,
1820 2220 291 59 corolles
2166 2222 76 60 de

300 2311 358 78 désespoir,
704 2310 194 58 fleurs
953 2309 76 58 de
1077 2309 311 63 tristesse,
1448 2324 79 40 ne
1598 2324 158 42 vous
1814 2309 390 72 épanouirez-

296 2418 159 43 vous
487 2418 114 59 pas
637 2399 52 58 si
718 2399 358 76 largement
1108 2415 120 57 que
1275 2413 162 42 nous
1480 2395 336 60 revêtions
1879 2414 86 42 un
2021 2405 221 72 aspect

294 2489 407 61 nouveau!...
748 2486 127 59 Oh!
916 2488 150 58 bien
1123 2486 108 59 des
1275 2485 225 60 choses
1551 2493 356 71 manquent
1965 2491 38 58 à
2054 2495 182 56 notre

306 2580 206 57 trésor
543 2577 75 59 de
651 2575 414 79 perfections.

999 2792 94 53 Le
1133 2792 405 69 Fossoyeur.

365 2950 118 57 Les
516 2963 227 52 sœurs,
779 2944 65 77 je
897 2942 93 60 les
1027 2945 268 58 entends
1324 2945 230 61 frémir
1579 2951 38 55 à
1668 2946 246 60 l'heure
1964 2954 79 51 où
2096 2965 133 41 mes

284 3039 212 60 mains
555 3032 461 64 ensevelissent
1067 3034 93 59 les
1207 3052 192 59 corps
1456 3036 109 59 des
1626 3053 300 61 pauvres,
1983 3041 82 52 où
2121 3054 107 41 ma

273 3129 206 61 bêche
511 3142 194 44 ouvre
729 3123 59 61 le
814 3123 164 59 flanc
1009 3123 76 58 de
1118 3123 62 59 la
1204 3128 169 56 terre
1406 3143 164 58 pour
1597 3144 37 59 y
1659 3125 239 59 confier
1921 3124 57 58 le
2006 3142 219 59 germe

280 3217 390 63 fermentant
698 3214 109 61 des
837 3213 383 61 cadavres...
1255 3213 64 77 je
1354 3214 92 60 les
1488 3214 271 60 entends
1785 3213 228 59 frémir
2048 3214 175 60 aussi

279 3309 130 61 fort
441 3325 121 61 que
593 3304 93 61 les
713 3307 288 57 amantes
1033 3303 418 70 embrassées,
1498 3321 118 59 par
1669 3303 92 60 les
1813 3306 310 74 époux...,
2161 3306 59 57 et

281 3406 138 61 cela
449 3405 175 61 vient
652 3406 37 56 à
713 3406 246 54 travers
987 3401 92 58 les
1108 3399 179 60 vides
1319 3399 75 60 de
1420 3399 229 60 l'éther
1682 3398 260 78 jusqu'à
1980 3401 237 73 moi...,

272 3497 141 61 leur
445 3511 254 62 spasme
733 3488 479 80 s'étirejusqu'à
1236 3488 130 61 moi
1392 3495 37 54 à
1461 3488 248 63 l'heure
1738 3496 84 53 où
1852 3488 62 79 je
1946 3490 272 59 féconde

281 3586 64 61 la
370 3591 170 56 terre
573 3601 150 45 avec
748 3582 93 63 les
870 3585 226 58 morts.
