2616 4259
661 530 233 42 NOTICE
924 532 120 40 SUR
1078 534 75 40 LA
1181 534 460 43 CONTRE-BASSE

1971 556 50 43 19

281 675 130 44 sourd
432 685 40 32 et
494 677 202 40 incolore.
725 679 60 38 La
808 681 298 39 contre-basse
1131 694 50 27 ne
1199 681 146 41 devint
1367 683 234 41 nécessaire
1621 685 100 53 qu'à
1744 699 170 27 mesure
1935 701 88 39 que

282 748 239 43 l'orchestre
553 764 40 26 se
630 750 216 40 constitua
869 761 39 31 et
931 766 40 25 se
995 753 289 53 perfectionna
1298 771 10 31 ;
1334 757 112 40 alors
1469 758 241 41 seulement
1733 759 37 40 le
1794 760 146 39 besoin
1973 760 51 40 de

283 831 107 31 cette
414 825 117 38 basse
555 822 122 40 virile
694 837 42 25 se
759 823 47 40 fit
820 825 133 39 sentir
968 840 7 25 :
999 825 240 56 jusque-là,
1258 842 112 27 nous
1389 830 37 40 le
1449 832 211 53 répétons,
1682 842 63 30 cet
1759 832 265 42 instrument

283 895 190 41 n'aurait
494 909 52 26 eu
571 908 144 28 aucun
741 897 101 51 but;
869 898 114 40 aussi
1006 898 72 55 n'y
1098 908 142 33 a-t-on
1262 915 74 41 pas
1359 905 145 52 songé.

337 968 221 54 Quelques
581 977 176 32 auteurs
787 977 76 33 ont
895 971 107 41 émis
1023 973 212 55 l'opinion
1257 990 85 40 que
1362 976 37 40 le
1421 985 91 33 mot
1536 986 151 34 contre
1708 995 21 25 a
1752 981 64 39 été
1837 980 142 55 ajouté
2000 987 23 35 à

282 1041 37 40 la
348 1041 134 53 basse,
506 1055 53 26 en
590 1042 248 54 opposition
862 1058 54 26 au
938 1045 148 41 violon
1101 1060 9 39 ;
1149 1048 38 39 le
1207 1049 61 39 mi
1287 1049 58 40 du
1378 1049 149 42 violon
1547 1054 116 39 étant
1686 1055 242 53 représenté
1948 1070 77 39 par

284 1127 60 26 un
369 1114 69 40 sol
462 1128 72 26 sur
554 1114 40 40 la
618 1117 294 40 contre-basse
939 1127 40 31 et
1000 1119 12 39 1
1017 1122 101 37 QSOI
1139 1121 57 39 du
1215 1122 146 40 violon
1383 1124 117 40 étant
1525 1128 239 51 représenté
1786 1142 76 40 par
1884 1143 61 26 un
1967 1129 60 40 mi

281 1201 72 27 sur
372 1189 41 39 la
436 1189 314 52 contre-basse,
774 1191 100 40 c'est
895 1191 201 41 chercher
1120 1193 100 41 bien
1245 1195 91 40 loin
1359 1210 87 27 une
1467 1198 125 41 chose
1613 1200 81 40 fort
1715 1201 167 55 simple.

337 1260 96 50 Que
454 1261 39 40 la
515 1263 291 40 contre-basse
825 1263 82 40 soit
926 1277 60 27 un
1011 1265 148 41 enfant
1179 1266 60 41 du
1271 1267 167 54 violon,
1464 1284 60 26 un
1545 1271 145 42 enfant
1717 1275 78 51 qui
1823 1289 24 26 a
1868 1276 87 53 pris
1975 1277 50 40 de

278 1333 334 55 l'embonpoint,
646 1336 87 40 cela
757 1336 109 41 n'est
886 1351 74 39 pas
983 1337 208 44 douteux.

336 1407 120 41 Cette
489 1408 130 40 vérité
660 1409 78 42 fait
770 1409 91 41 dire
887 1413 23 36 à
943 1410 141 41 l'abbé
1107 1411 139 42 Sibire
1278 1413 106 42 dans
1413 1430 45 26 sa
1494 1416 279 43 Chêlonomie
1797 1419 60 55 (1)
1875 1435 10 27 :
1926 1422 97 40 «Le

280 1479 146 41 violon
450 1490 61 33 est
534 1481 38 40 la
595 1482 143 40 racine
767 1483 72 40 des
861 1483 287 43 instruments
1176 1491 23 35 à
1231 1500 100 28 sons
1353 1488 107 54 filés,
1485 1490 75 53 qui
1583 1490 98 41 n'en
1710 1501 98 32 sont
1834 1507 84 40 que
1951 1495 73 40 des

279 1553 183 53 dérivés,
481 1554 255 41 c'est-à-dire
758 1556 72 40 des
852 1556 173 41 violons
1044 1559 99 53 plus
1162 1573 57 26 ou
1246 1561 140 40 moins
1407 1563 175 52 grands,
1605 1564 152 54 depuis
1772 1566 38 40 la
1827 1568 197 52 pochette

279 1626 59 41 du
368 1630 152 38 maître
553 1633 23 35 à
611 1629 154 40 danser
798 1629 169 55 jusqu'à
999 1631 39 40 la
1073 1634 301 40 contre-basse.
1416 1636 301 43 L'archi-luth
1750 1653 54 26 ne
1837 1640 80 41 dut
1938 1643 86 38 être

278 1698 107 54 jadis
413 1700 138 53 qu'un
574 1700 94 42 luth
692 1702 98 54 plus
805 1716 98 39 gros
933 1712 41 32 et
1002 1704 97 53 plus
1122 1705 184 54 allongé.
1332 1705 42 42 Si
1395 1707 151 54 jamais
1567 1710 30 40 il
1618 1712 134 52 prend
1781 1712 198 42 fantaisie
2000 1719 23 35 à

281 1785 61 26 un
363 1773 212 41 musicien
604 1774 50 41 de
678 1777 296 53 commander,
1005 1792 56 26 ou
1085 1783 22 35 à
1131 1792 61 27 un
1216 1780 164 41 luthier
1409 1782 50 40 de
1486 1785 243 40 construire
1757 1799 86 27 une
1877 1787 120 40 archi-

280 1846 303 54 contre-basse,
619 1848 269 41 c'est-à-dire
922 1864 61 26 un
1019 1850 267 43 instrument
1331 1853 296 57 gigantesque,
1663 1857 263 43 l'inventeur
1964 1861 58 39 du

280 1917 148 41 violon
451 1931 55 28 ou
524 1933 42 26 sa
591 1920 166 53 cendre,
783 1920 32 40 si
835 1920 78 43 elle
932 1935 40 28 se
993 1923 184 54 ranime,
1200 1938 105 28 aura
1331 1926 114 41 droit
1467 1928 95 40 d'en
1581 1930 289 54 revendiquer
1890 1931 41 40 la
1950 1931 48 41 dé-

279 2001 198 31 couverte
502 2008 17 20 »
548 1990 79 56 (2).

334 2064 21 40 J
362 2078 78 27 ean
467 2065 226 42 Rousseau
715 2065 110 44 n'est
842 2080 75 43 pas
939 2076 95 34 tout
1052 2076 21 35 à
1094 2069 77 42 fait
1185 2071 50 40 de
1256 2071 120 41 lavis
1392 2073 49 41 de
1461 2073 67 43 M.
1553 2073 154 56 Sibire,
1724 2090 70 27 car
1812 2077 29 41 il
1863 2078 63 40 dit
1939 2091 84 41 que

282 2135 40 42 la
344 2138 112 40 viole
478 2138 62 54 (3)
562 2147 61 33 est
645 2140 38 39 le
715 2141 97 52 plus
835 2143 156 53 parfait
1012 2144 50 39 de
1086 2152 100 33 tous
1214 2145 59 40 les
1305 2145 303 54 instruments,
1632 2157 42 33 et
1693 2163 84 40 que
1805 2151 34 40 si
1861 2152 159 53 Adam,

278 2210 37 40 le
337 2211 181 53 premier
539 2212 193 51 homme,
761 2214 116 41 avait
897 2217 135 39 voulu
1058 2217 102 40 faire
1187 2231 60 26 un
1270 2217 284 55 instrument,
1590 2221 31 40 il
1649 2223 142 40 aurait
1826 2223 76 41 fait
1936 2237 86 27 une

279 2281 131 44 viole.

334 2358 134 52 Après
486 2358 119 41 avoir
626 2359 82 41 cité
725 2373 65 27 ces
812 2362 261 53 apologistes
1094 2363 317 44 enthousiastes
1437 2366 59 40 du
1519 2367 148 41 violon
1689 2375 40 33 et
1749 2368 50 40 de
1828 2370 40 40 la
1888 2370 132 54 viole,

281 2442 110 27 nous
421 2443 110 26 nous
553 2432 238 40 écarterons
814 2448 61 25 un
898 2448 81 40 peu
999 2436 50 38 de
1070 2435 121 41 l'avis
1225 2437 49 40 de
1295 2438 93 40 l'un
1424 2447 40 32 et
1491 2439 50 40 de
1562 2439 167 53 l'autre,
1754 2455 52 26 en
1827 2443 196 42 donnant

279 2502 40 39 la
343 2501 114 41 viola
480 2504 56 38 da
556 2505 162 51 gamba
738 2518 165 28 comme
920 2507 165 53 origine
1103 2509 57 38 du
1174 2509 268 53 violoncelle,
1455 2519 40 32 et
1510 2526 76 39 par
1609 2516 112 38 suite
1736 2514 49 40 de
1800 2514 39 40 la
1861 2524 147 32 contre

284 2575 132 40 basse.

334 2647 122 41 Cette
478 2648 119 41 viola
628 2650 59 40 da
717 2650 165 54 gamba
920 2653 277 53 représentait
1233 2657 22 36 à
1287 2669 84 40 peu
1402 2660 95 51 près
1527 2659 38 39 le
1594 2658 252 42 violoncelle
1872 2660 51 41 de
1945 2675 78 27 nos

278 2718 136 55 jours;
440 2734 56 27 on
518 2723 39 39 le
581 2723 136 41 tenait
748 2733 119 33 entre
892 2739 63 26 ses
978 2725 179 54 jambes,
1195 2740 169 29 comme
1394 2744 78 26 son
1508 2745 105 27 nom
1642 2733 228 54 l'indique,
1900 2743 40 32 et
1969 2734 54 41 tel

279 2807 58 39 qu
356 2807 56 26 on
433 2794 37 40 le
502 2796 90 40 voit
621 2796 106 41 dans
748 2798 38 40 le
812 2799 169 40 tableau
1005 2800 70 40 des
1098 2800 146 41 Noces
1279 2803 53 38 de
1369 2803 125 40 Cana
1503 2836 9 21 ,
1552 2819 73 40 par
1658 2806 108 40 Paul
1794 2807 227 53 Véronèse,

278 2867 165 53 peintre
466 2869 75 52 qui
565 2883 23 27 a
611 2871 106 39 vécu
740 2871 50 40 de
819 2873 26 40 i
845 2873 81 40 532
949 2876 22 37 à
1002 2874 125 40 1588.

337 2939 35 41 Il
393 2953 27 41 y
442 2941 115 41 avait
576 2942 107 40 dans
703 2944 40 40 la
765 2943 160 43 famille
948 2946 71 40 des
1040 2946 133 40 violes
1191 2948 358 43 non-seulement
1563 2951 39 41 la
1623 2953 122 41 viola
1761 2953 59 40 da
1835 2953 183 54 gamba,

279 3012 107 41 mais
407 3027 58 27 un
488 3017 306 41 contra-basso
818 3018 55 40 da
891 3019 166 53 gamba
1061 3053 11 15 f
1097 3020 147 54 appelé
1268 3022 114 40 aussi
1406 3022 189 43 violone.

320 3199 52 45 (1)
397 3200 53 33 La
471 3198 230 39 Chêlonomie
720 3214 44 23 ou
787 3202 31 36 te
832 3205 147 44 parfait
1003 3206 154 34 Luthier
1161 3232 8 18 ,
1192 3217 64 33 par
1281 3207 116 36 l'abbé
1425 3208 129 46 Sibire,
1579 3212 125 33 ancien
1729 3213 84 33 curé
1834 3212 43 35 de
1900 3215 123 33 Saint-

277 3255 359 45 François-d'Assise,
660 3259 18 33 à
700 3259 116 35 Paris.
844 3261 104 33 1806.

320 3311 50 41 (2)
396 3312 47 30 Ce
462 3323 8 19 1
480 3313 61 31 êve
562 3323 19 21 a
602 3314 54 31 été
678 3314 138 42 réalisé,
840 3326 45 21 en
913 3316 104 38 1855,
1038 3326 63 34 par
1122 3318 47 32 M.
1195 3318 221 45 Vuillaume,
1443 3321 63 44 qui
1531 3332 134 34 exposa
1688 3335 73 21 une
1781 3326 243 34 contre-basse

278 3372 165 26 monstre
463 3367 85 41 (alto
571 3367 134 43 basse);
728 3380 49 21 un
800 3370 132 33 clavier
953 3378 33 25 et
1004 3382 49 21 un
1075 3372 160 43 pédalier
1254 3373 184 35 abaissent
1458 3386 64 22 sur
1540 3380 52 30 les
1613 3379 124 33 cordes
1754 3380 62 32 des
1837 3381 120 42 doigts
1982 3382 43 32 de

278 3420 74 41 fer;
376 3421 31 31 la
434 3421 98 31 main
555 3422 116 32 droite
693 3424 90 31 tient
805 3424 159 34 l'archet.

324 3480 48 40 (3)
407 3481 128 32 Traité
556 3481 42 34 de
626 3482 35 33 la
689 3483 101 33 Viole
793 3509 7 17 ,
825 3495 64 32 par
908 3485 84 35 Jean
1016 3487 202 43 Rousseau,
1244 3488 127 35 maître
1393 3490 42 33 de
1458 3492 172 44 musique
1656 3501 34 26 et
1712 3494 42 33 de
1778 3494 106 35 viole.
1908 3496 115 45 Pari?,

280 3534 157 43 Ballard,
466 3535 104 44 1687,
593 3537 89 42 petit
708 3537 108 35 in-B°.
