2616 4259
601 418 56 84 32

1046 461 73 38 LA
1149 454 377 50 CHRONIQUE
1558 450 310 42 MUSICALE

599 604 92 40 tion
714 617 83 40 que
820 613 102 31 cette
945 601 253 56 perforation
1228 600 57 38 du
1324 607 178 43 tympan,
1531 595 132 40 influe
1699 606 72 27 sur
1793 593 39 39 la
1854 590 233 55 perfection
2111 589 48 39 de
2182 591 12 37 1
2211 593 99 35 ouïe

600 690 51 26 ne
684 690 144 40 repose
861 690 72 26 sur
970 687 165 28 aucune
1173 683 157 42 preuve
1361 669 199 40 sérieuse.
1599 668 19 38 J
1641 675 141 45 ajoute
1803 677 57 40 qu
1879 664 77 39 elle
1987 661 212 41 constitue
2229 673 82 26 une

597 749 217 53 opération
853 749 311 51 fréquemment
1206 743 146 52 usitée,
1395 749 39 32 et
1466 754 98 27 avec
1607 741 157 45 succès,
1799 737 104 40 dans
1940 734 182 41 certains
2161 746 68 26 cas
2263 732 49 39 de

599 822 174 40 surdité.

649 894 78 40 J'ai
750 892 62 40 dit
834 890 106 55 qu'il
967 890 103 40 n'est
1092 902 72 42 pas
1187 888 162 54 prouvé
1369 886 138 53 qu'un
1529 893 96 32 trou
1648 883 107 41 dans
1778 883 37 40 la
1839 883 244 39 membrane
2101 880 58 40 du
2187 887 88 46 tym-

599 981 82 40 pan
698 965 134 40 influe
853 978 71 25 sur
945 963 38 39 la
1006 962 230 54 perfection
1260 961 48 39 de
1329 960 141 40 l'ouïe.
1491 958 65 40 En
1571 956 110 54 effet,
1702 956 29 40 il
1749 956 105 40 n'est
1870 969 72 40 pas
1961 967 91 28 rare
2070 953 50 39 de
2143 963 149 29 rencon-

597 1050 80 29 trer
709 1038 69 39 des
814 1049 226 41 personnes
1076 1035 105 39 dont
1222 1033 186 53 l'organe
1448 1031 249 40 fonctionne
1733 1028 355 41 admirablement
2110 1033 41 31 et
2174 1024 74 52 qui
2271 1035 42 28 se

597 1111 92 40 font
710 1124 60 26 un
800 1109 67 53 jeu
889 1109 26 39 d
933 1108 193 53 expulser
1157 1120 75 40 par
1253 1105 57 39 les
1332 1104 166 40 oreilles
1593 1101 206 55 perforées
1823 1114 74 40 par
1920 1100 263 51 conséquent
2277 1096 39 38 la

595 1183 139 39 fumée
756 1182 49 39 de
827 1181 91 39 leur
940 1179 136 54 cigare
1106 1191 56 27 ou
1183 1177 51 40 de
1268 1177 91 39 leur
1380 1176 197 52 cigarette
1604 1190 7 25 :
1639 1174 59 40 La
1730 1172 140 40 fumée
1898 1170 183 53 inspirée
2112 1166 201 56 jusqu'au

597 1254 101 40 fond
719 1256 50 38 de
788 1254 38 40 la
849 1254 135 39 cavité
1017 1252 171 40 buccale
1222 1250 194 52 s'engage
1451 1248 106 39 dans
1594 1248 38 39 la
1669 1254 167 44 trompe
1870 1243 26 39 d
1917 1240 229 52 Eustache,
2177 1238 76 54 qui
2277 1238 39 39 la

594 1328 179 40 conduit
792 1328 106 39 dans
922 1327 37 39 la
981 1325 129 40 caisse
1133 1325 56 38 du
1213 1332 194 45 tympan,
1432 1322 98 38 d'où
1556 1320 75 40 elle
1655 1318 218 53 s'échappe
1908 1329 74 41 par
2015 1315 35 39 le
2081 1323 97 30 trou
2206 1312 49 39 de
2277 1312 39 38 la

594 1402 246 38 membrane
863 1412 94 27 sans
979 1397 217 41 difficulté.
1223 1396 113 40 C'est
1357 1394 214 40 d'ailleurs
1595 1405 86 27 une
1700 1390 259 54 fumigation
1977 1384 337 51 recommandée,

593 1487 164 26 comme
780 1485 154 40 moyen
955 1470 241 54 empirique
1219 1468 30 40 il
1278 1475 60 32 est
1358 1466 107 51 vrai,
1489 1466 107 39 dans
1619 1474 95 30 tous
1736 1464 58 39 les
1815 1463 145 39 traités
1981 1461 48 38 de
2050 1457 242 54 thérapeuti-

592 1558 84 42 que
773 1551 270 34 notamment
1064 1556 48 26 en
1136 1555 66 26 cas
1221 1541 49 39 de
1284 1539 266 53 paracousie
1556 1573 10 17 ,
1591 1551 56 26 ou
1676 1536 230 41 tintement
1927 1532 223 40 d'oreilles.

648 1690 120 41 Cette
800 1689 155 40 faculté
990 1685 237 55 d'expulser
1266 1685 39 40 la
1345 1684 139 40 fumée
1523 1683 58 39 du
1622 1682 135 49 tabac,
1782 1693 54 27 ou
1860 1686 96 32 tout
1989 1685 137 44 autre,
2158 1688 73 40 par
2256 1673 57 41 les

593 1762 161 41 oreilles
769 1770 60 32 est
848 1763 36 38 le
903 1768 171 46 partage
1094 1759 104 39 d'un
1219 1757 94 54 plus
1329 1754 133 55 grand
1479 1755 176 38 nombre
1672 1753 49 38 de
1738 1765 103 40 gens
1859 1765 58 39 qu
1935 1764 56 26 on
2008 1763 50 26 ne
2079 1750 12 38 1
2109 1746 201 53 imagine.

597 1837 35 40 Il
660 1849 50 26 en
731 1842 61 33 est
823 1839 22 35 à
872 1847 82 41 peu
978 1833 91 54 près
1098 1830 111 41 ainsi
1244 1830 50 39 de
1316 1837 137 31 toutes
1489 1828 57 39 les
1580 1825 174 41 facultés
1792 1825 106 39 dont
1934 1820 310 53 s'enorgueillit
2278 1819 37 38 le

594 1910 104 53 petit
721 1908 193 40 nombre.
939 1906 47 40 Je
1009 1918 66 26 me
1096 1903 183 54 rappelle
1300 1914 151 27 encore
1472 1912 98 27 avec
1589 1898 140 54 quelle
1746 1896 276 51 admiration,
2038 1894 92 40 naïf
2144 1892 168 49 écolier,

592 1981 36 53 je
649 1980 66 40 fus
736 1993 108 40 pour
865 1978 37 40 la
925 1976 205 55 première
1152 1975 75 39 fois
1249 1972 164 43 témoin
1437 1972 49 39 de
1508 1985 44 26 ce
1575 1971 266 54 phénomène
1862 1967 240 40 exorbitant
2121 1971 6 34 !
2154 1965 87 47 Qui
2262 1977 52 26 ne

592 2065 41 26 se
656 2051 198 40 souvient
875 2050 50 39 de
947 2063 62 25 ses
1028 2047 224 55 premières
1273 2046 219 52 cigarettes
1519 2043 162 39 fumées
1702 2055 52 26 en
1783 2039 291 41 contrebande
2109 2039 105 38 dans
2243 2036 69 39 des

592 2126 118 40 coins
733 2122 347 53 inimaginables,
1103 2133 98 28 avec
1223 2120 39 39 la
1282 2118 188 53 volupté,
1495 2117 160 52 malgré
1676 2115 57 40 les
1757 2115 175 39 nausées
1954 2112 133 54 qu'on
2122 2112 187 52 éprouve

591 2202 23 37 à
637 2199 172 39 dévorer
830 2209 52 27 en
905 2195 185 40 cachette
1110 2193 37 40 le
1169 2192 105 40 fruit
1295 2190 206 41 défendu!

649 2271 34 39 Il
705 2285 27 39 y
752 2270 115 40 avait
888 2282 60 27 un
969 2281 97 39 gros
1088 2279 175 44 garçon,
1296 2266 39 39 le
1369 2261 345 42 boute-en-train
1749 2261 50 38 de
1841 2266 120 33 notre
1995 2256 105 55 petit
2133 2268 175 40 groupe,

592 2343 73 54 qui
705 2342 167 40 mettait
907 2349 118 31 toute
1062 2353 43 25 sa
1145 2338 132 53 gloire
1312 2341 22 35 à
1368 2349 50 26 en
1454 2335 102 39 faire
1596 2347 85 27 une
1716 2330 346 43 consommation
2096 2328 213 50 insensée,

590 2425 40 32 et
670 2414 162 54 croyait
867 2427 27 39 y
935 2412 161 53 ajouter
1133 2423 153 27 encore
1324 2422 53 26 en
1416 2407 153 40 faisant
1603 2406 179 54 prendre
1820 2409 21 34 à
1876 2403 38 39 la
1946 2402 141 38 fumée
2124 2399 185 54 inspirée

590 2497 139 32 toutes
751 2487 57 39 les
829 2486 116 40 voies
978 2485 50 39 de
1065 2493 140 30 retour
1242 2482 57 40 les
1333 2482 98 53 plus
1454 2479 204 40 insolites.
1693 2477 59 40 Ce
1779 2476 64 39 fut
1873 2474 110 41 ainsi
2011 2473 105 53 qu'il
2149 2472 131 39 décou-

588 2560 85 40 vrit
708 2559 107 53 qu'il
847 2557 177 54 pouvait
1058 2555 148 40 rendre
1241 2560 104 34 cette
1390 2553 142 39 famée
1571 2564 75 40 par
1685 2550 57 39 les
1775 2547 175 41 oreilles.
1991 2545 121 40 Cette
2151 2543 131 40 décou-

588 2640 113 32 verte
725 2632 36 38 le
779 2629 166 53 grandit
966 2628 50 39 de
1038 2635 94 32 cent
1154 2625 179 40 coudées
1353 2628 22 35 à
1398 2637 76 26 nos
1495 2635 126 40 yeux,
1639 2628 40 32 et
1701 2620 192 52 l'orgueil
1916 2617 106 54 qu'il
2044 2630 51 26 en
2111 2615 198 41 ressentit

590 2717 53 27 ne
681 2701 161 42 saurait
881 2715 41 25 se
962 2700 188 54 peindre.
1195 2697 35 39 Il
1265 2696 166 54 prenait
1467 2707 98 27 avec
1607 2706 108 27 nous
1754 2692 70 39 des
1863 2690 82 40 airs
1982 2689 50 39 de
2069 2688 238 54 protection

588 2774 362 56 insupportables,
988 2785 42 27 sa
1064 2770 225 41 sulfisance
1326 2768 134 40 frisait
1495 2768 11 37 1
1526 2766 158 40 insulte
1704 2778 8 27 i
1745 2764 86 39 cela
1864 2776 51 26 ne
1944 2762 180 54 pouvait
2162 2760 141 39 duier*

588 2849 99 41 Cela
711 2861 51 27 ne
782 2849 108 38 dura
914 2859 69 40 pas
1006 2844 94 55 plus
1121 2844 49 39 de
1192 2841 204 55 quelques
1416 2839 133 54 jours,
1573 2851 50 26 en
1644 2837 108 40 effet.
1772 2835 103 40 Bref
1884 2840 23 34 à
1924 2834 112 40 force
2060 2832 248 41 d'exercices

587 2929 41 34 et
648 2921 186 41 d'efforts
854 2920 81 39 très
952 2917 186 54 pénibles
1168 2928 97 26 sans
1286 2914 142 50 doute,
1455 2911 104 40 trois
1576 2924 56 26 ou
1654 2917 150 46 quatre
1825 2907 186 52 gamins,
2028 2903 279 55 aujourd'hui

588 3008 101 41 gens
728 2995 178 48 sérieux,
952 2990 99 40 bien
1090 3001 119 41 poses
1249 2994 40 32 et
1328 2985 170 40 fumant
1536 2995 98 29 avec
1684 2994 84 27 une
1815 2980 163 52 dignité
2019 2991 141 26 sevcie
2200 2975 108 41 mais

588 3067 221 40 oublieuse
846 3064 58 40 du
947 3061 133 55 passé,
1115 3059 158 41 étaient
1310 3056 156 40 arrivés
1485 3058 22 36 à
1529 3063 107 30 cette
1656 3053 251 40 découverte
1942 3050 212 53 glorieuse
2180 3047 127 54 qu'ils

589 3139 156 41 étaient
766 3135 113 42 aussi
895 3134 160 41 habiles
1075 3145 55 28 ou
1152 3130 117 41 aussi
1290 3131 328 38 heureusement
1637 3124 133 40 doués
1793 3135 83 41 que
1896 3129 122 33 notre
2038 3119 267 54 orgueilleux

588 3209 222 42 camarade
869 3215 75 33 -et
964 3214 144 41 certes,
1133 3204 145 54 quand
1314 3202 50 40 ils
1396 3199 193 42 raisaient
1616 3198 39 40 la
1676 3197 158 40 sourde
1856 3209 38 26 oi
1912 3195 103 40 cille
2021 3230 10 17 ,
2055 3208 20 24 c
2094 3202 61 31 est
2179 3206 58 39 qu
2257 3192 50 38 ils

589 3283 38 41 le
653 3282 222 42 voulaient
904 3280 114 41 bien.

647 3428 35 44 Il
703 3441 50 29 en
776 3438 59 33 est
858 3429 50 41 de
926 3427 151 52 même,
1100 3436 328 43 croyons-nous,
1449 3421 51 41 de
1528 3419 247 43 l'influence
1803 3417 233 55 prétendue
2056 3416 57 40 du
2138 3415 170 40 volume
