2616 4259
1046 464 76 40 LA
1153 464 376 51 CHRONIQUE
1561 465 310 43 MUSICALE

605 474 102 70 14

604 615 133 45 ment,
773 621 55 27 on
868 616 60 32 est
962 609 225 40 abasourdi
1223 609 51 39 de
1309 609 92 39 voir
1437 609 101 40 trois
1578 622 123 40 pages
1742 609 179 40 entières
1958 610 358 54 d'appréciations

603 681 266 39 constituant
891 680 60 40 six
982 680 278 54 paragraphes
1299 679 190 54 intimes,
1527 682 184 53 recopiés
1734 691 90 32 mot
1844 696 108 39 pour
1980 690 106 43 mot,
2109 696 99 26 avec
2231 697 84 26 une

603 753 112 38 aussi
737 752 158 52 grande
914 752 165 52 liberté,
1102 765 56 26 ou
1179 766 58 25 un
1257 752 114 40 aussi
1392 753 178 40 humble
1592 762 158 46 respect
1771 768 82 39 que
1872 754 85 40 s'ils
1976 754 157 40 étaient
2150 768 139 27 accom-

601 826 156 51 pagnés
787 825 70 39 des
889 825 237 52 guillemets
1163 825 129 40 d'une
1321 825 193 42 citation.
1537 826 42 39 Si
1610 826 291 41 Castil-Blaze
1919 828 160 40 n'avait
2102 828 110 41 écrit
2232 841 84 41 que

601 909 46 26 ce
679 895 179 53 livre-là,
893 909 112 26 assez
1038 896 224 49 médiocre,
1302 897 157 52 malgré
1491 898 58 38 les
1571 898 294 54 vingt-quatre
1888 900 197 53 planches
2107 900 51 40 de
2178 907 134 44 notes,

598 968 199 38 tableaux
833 981 56 26 ou
938 967 198 40 citations
1172 969 82 39 très
1291 968 277 40 intéressants
1599 970 75 52 qui
1709 970 379 54 l'accompagnent,
2118 979 94 33 tout
2239 985 73 26 son

600 1041 155 50 bagage
775 1038 201 40 littéraire
998 1053 51 25 ne
1071 1039 126 41 serait
1216 1041 164 51 qu'une
1394 1041 230 54 défroque,
1645 1051 40 31 et
1707 1056 108 27 nous
1837 1058 51 25 ne
1907 1044 252 54 prendrions
2181 1058 72 39 pas
2276 1044 39 41 la

597 1109 123 52 peine
749 1109 50 39 de
834 1121 106 26 nous
975 1121 179 40 occuper
1187 1110 49 39 de
1266 1110 63 39 lui
1352 1109 275 54 aujourd'hui
1644 1126 8 34 ;
1678 1113 107 39 mais
1805 1127 109 26 nous
1934 1128 158 26 aurons
2111 1120 22 34 à
2154 1114 37 40 le
2212 1114 102 40 citer

599 1180 163 38 bientôt
782 1180 104 38 dans
906 1179 70 40 des
998 1193 205 41 ouvrages
1225 1182 129 39 d'une
1375 1183 158 51 grande
1556 1185 140 51 portée
1714 1184 224 53 artistique
1959 1194 40 31 et
2032 1185 203 40 littéraire
2255 1191 57 36 où

596 1264 109 27 nous
724 1264 143 27 serons
888 1251 128 40 forcés
1049 1252 49 40 de
1130 1256 264 39 reconnaître
1415 1262 40 32 et
1476 1255 255 53 d'apprécier
1752 1256 234 42 l'excellent
2007 1257 183 53 critique
2211 1270 68 27 mu-

596 1323 148 43 sicien.

654 1396 35 39 Il
708 1396 115 51 était,
849 1396 26 40 il
900 1396 90 39 faut
1011 1396 96 39 bien
1129 1409 52 26 en
1210 1397 217 53 convenir,
1451 1399 106 38 ainsi
1582 1412 81 39 que
1684 1413 111 26 nous
1815 1399 162 41 Pavons
2008 1401 90 52 déjà
2121 1401 78 51 dit,
2224 1401 68 40 fan-

595 1476 146 45 tasque
762 1477 39 32 et
821 1468 251 48 fantaisiste;
1098 1468 28 39 il
1149 1481 40 26 se
1209 1468 197 41 délectait
1426 1470 103 40 dans
1549 1471 37 39 le
1608 1472 221 52 paradoxe,
1858 1486 54 26 au
1933 1472 124 54 point
2077 1472 129 41 d'être
2227 1474 83 39 dur

594 1547 39 33 et
654 1538 292 54 impitoyable,
971 1539 106 39 dans
1098 1552 62 26 ses
1190 1540 159 51 paroles
1370 1551 38 29 et
1428 1540 105 40 dans
1555 1555 60 26 ses
1636 1543 139 53 écrits,
1799 1556 146 26 envers
1966 1544 58 39 les
2044 1544 194 40 hommes
2258 1544 53 40 de

592 1611 121 52 génie
732 1611 50 39 de
803 1610 38 40 la
860 1611 95 52 plus
979 1610 122 40 réelle
1122 1610 158 40 valeur.
1307 1611 95 48 Que
1423 1613 51 39 de
1495 1613 201 52 critiques
1717 1615 216 52 exagérées
1954 1615 167 40 n'a-t-il
2142 1629 74 40 pas
2236 1616 50 39 dé-

595 1683 131 39 bitées
759 1689 144 32 contre
944 1683 183 52 Halévy,
1162 1683 233 53 Donizetti,
1426 1685 320 52 Meyerbeer!...
1771 1699 43 27 ce
1834 1686 167 40 dernier
2022 1695 169 33 surtout
2212 1688 101 40 était

594 1768 76 26 son
691 1753 120 55 point
832 1754 48 39 de
898 1754 107 39 mire
1023 1754 320 40 d'éreintement
1357 1770 9 25 :
1389 1756 30 38 il
1434 1755 247 41 déblatérait
1702 1766 143 32 contre
1863 1758 61 40 lui
1942 1772 97 26 sans
2057 1759 37 39 le
2114 1759 197 40 moindre

594 1826 200 53 scrupule
814 1825 172 53 jusques
1007 1825 104 40 dans
1127 1840 62 25 ses
1203 1827 274 52 Huguenots
1483 1858 8 21 ,
1511 1837 54 43 et,
1583 1841 164 28 comme
1764 1829 30 40 il
1811 1830 134 40 savait
1963 1844 74 40 par
2053 1845 117 26 cœur
2191 1839 120 32 toute

593 1897 40 40 la
649 1898 199 52 musique
865 1898 50 39 de
931 1897 159 52 Gluck,
1112 1898 50 39 de
1182 1898 161 40 Mozart
1359 1906 40 32 et
1411 1900 50 38 de
1477 1899 174 53 Weber,
1673 1902 30 38 il
1724 1901 61 40 lui
1807 1902 133 50 citait,
1962 1905 22 36 à
2005 1916 151 40 propos
2177 1904 50 39 de
2248 1916 63 27 ses

594 1969 241 40 meilleures
858 1969 242 53 partitions,
1125 1970 70 39 des
1218 1970 171 53 phrases
1419 1972 177 40 entières
1618 1986 83 39 que
1721 1973 38 39 le
1789 1974 289 53 compositeur
2098 1988 53 26 en
2171 1988 140 39 vogue

592 2041 129 51 avait,
759 2045 82 36 très
875 2043 322 51 probablement
1226 2056 95 26 sans
1350 2043 37 40 le
1423 2044 153 50 savoir,
1598 2045 264 52 reproduites
1883 2046 159 54 d'après
2062 2060 61 26 ses
2148 2046 135 40 devan-

592 2112 118 41 ciers.
733 2113 203 40 L'auteur
957 2114 24 38 d
986 2127 20 25 e,
1020 2114 164 40 Robert
1202 2114 102 40 était
1321 2129 42 26 sa
1385 2116 92 39 bête
1496 2116 118 40 noire
1630 2130 9 27 :
1659 2116 29 40 il
1709 2118 168 50 voulut,
1902 2118 77 51 lui,
2003 2132 50 26 en
2076 2118 174 40 devenir
2273 2119 38 40 le

592 2185 362 53 croque-mitaine
975 2194 40 31 et
1035 2186 29 39 il
1086 2200 27 39 y
1135 2187 184 52 parvint.
1347 2187 217 40 L'illustre
1582 2191 148 37 maître
1752 2202 51 26 en
1825 2191 114 38 avait
1970 2203 84 27 une
2085 2191 96 40 telle
2205 2204 106 39 peur

592 2269 99 40 que,
729 2266 138 31 toutes
896 2257 57 39 les
989 2257 78 40 fois
1098 2258 107 53 qu'il
1239 2259 260 40 rencontrait
1531 2273 77 26 son
1640 2261 263 52 antagoniste
1935 2262 106 39 dans
2062 2262 57 39 les
2142 2276 95 26 rues
2260 2263 50 39 de

592 2326 134 53 Paris,
766 2328 29 40 il
828 2342 50 26 en
905 2330 165 52 prenait
1087 2329 36 39 le
1145 2330 157 52 vertige
1321 2339 39 31 et
1383 2344 40 26 se
1444 2331 162 53 glissait
1626 2332 277 41 furtivement
1924 2333 104 40 dans
2049 2335 39 38 la
2104 2334 206 53 première

587 2399 169 41 maison
780 2413 151 30 venue,

641 2468 53 43 Et
717 2472 284 53 cependant...
1027 2473 198 40 accordez
1246 2473 110 41 donc
1378 2476 108 38 cela!
1520 2475 281 41 Castil-Blaze
1824 2476 143 41 n'était
1990 2490 72 40 pas
2086 2478 223 53 méchant;

589 2543 31 40 il
649 2544 103 38 était
783 2544 138 39 même
957 2546 143 51 plutôt
1121 2545 149 41 affable
1299 2554 40 32 et
1374 2547 114 39 doux
1503 2560 10 40 ;
1536 2556 41 32 et
1607 2548 30 39 il
1660 2549 245 51 permettait
1935 2549 132 53 qu'on
2088 2549 63 40 lui
2173 2551 138 52 parlât

588 2628 99 26 avec
711 2613 222 44 franchise.

641 2686 103 41 Vers
783 2687 75 40 185
870 2688 40 52 5,
935 2687 106 40 alors
1060 2688 106 52 qu'il
1187 2688 144 40 venait
1352 2689 218 41 d'achever
1592 2704 75 26 son
1688 2691 134 53 grand
1844 2692 157 40 recueil
2034 2693 183 41 musical
2252 2694 52 40 de

587 2756 136 56 pièces
746 2772 112 26 rares
880 2772 8 28 :
926 2775 18 22 «
967 2758 205 54 Ménagez
1196 2761 123 51 donc,
1340 2771 56 30 au
1420 2763 155 52 moins,
1604 2763 65 41 lui
1692 2764 143 52 dis-je,
1865 2778 44 26 ce
1938 2765 85 39 bon
2044 2765 171 54 Halévy
2235 2766 76 53 qui

590 2829 84 42 m'a
694 2829 211 42 demandé
943 2831 33 39 si
1016 2832 339 53 gracieusement
1392 2847 60 26 un
1481 2836 256 51 exemplaire
1758 2836 50 39 de
1829 2843 116 33 votre
1965 2836 135 52 grand
2123 2851 188 39 ouvrage

588 2914 109 42 pour
719 2902 112 40 m'en
853 2916 127 42 payer
1012 2904 37 39 le
1070 2904 109 52 prix,
1203 2904 97 40 bien
1322 2919 82 40 que
1420 2919 107 27 vous
1547 2920 28 39 y
1596 2907 173 40 mettiez
1791 2913 22 35 à
1834 2921 60 27 nu
1916 2917 141 32 toutes
2086 2923 61 26 ses
2177 2909 106 40 rémi-

593 2975 235 40 niscences!
857 2975 97 40 Une
974 2976 322 49 réminiscence,
1320 2977 98 40 c'est
1439 2979 211 52 peut-être
1667 2993 84 26 une
1766 2979 131 54 faute,
1918 2981 107 40 mais
2047 2995 44 26 ce
2113 2981 107 40 n'est
2236 2995 75 39 pas

592 3060 59 27 un
676 3047 131 40 crime
828 3048 377 53 impardonnable;
1224 3062 44 27 ce
1289 3051 107 38 n'est
1415 3052 139 38 même
1575 3050 122 54 point
1719 3065 83 27 une
1822 3053 124 39 chose
1969 3056 23 36 à
2013 3054 223 52 reprocher
2258 3066 54 28 en

593 3118 215 53 musique,
834 3133 66 26 car
933 3120 111 40 deux
1072 3122 156 51 grands
1260 3121 141 53 génies
1436 3130 199 45 peuvent,
1662 3128 22 34 à
1706 3125 39 38 la
1767 3123 195 54 rigueur,
1985 3139 40 25 se
2051 3134 258 41 rencontrer,

595 3203 70 27 sur
686 3204 44 26 ce
751 3192 157 39 terrain
931 3193 176 51 glissant
1126 3202 38 31 et
1184 3194 107 39 ardu
1312 3207 82 40 que
1415 3194 85 40 l'on
1522 3195 159 53 appelle
1698 3196 211 51 création;
1928 3198 141 39 tandis
2085 3211 85 40 que
2187 3208 123 37 vous,

595 3276 108 26 vous
733 3265 81 39 êtes
846 3265 348 42 non-seulement
1233 3280 60 26 un
1329 3266 235 54 exploiteur
1597 3268 72 39 des
1703 3269 241 40 meilleures
1976 3270 110 40 idées
2106 3269 203 51 d'autrui>

598 3337 107 38 mais
738 3350 61 26 un
835 3337 202 40 véritable
1075 3338 161 50 voleur,
1279 3353 59 26 un
1375 3339 149 40 voleur
1564 3339 188 55 cynique
1791 3341 75 53 qui
1897 3342 121 53 pillez
2058 3351 40 31 et
2138 3342 175 40 dérobez

598 3407 249 43 sciemment
868 3415 23 35 à
913 3419 81 33 tort
1013 3420 39 33 et
1074 3415 21 36 à
1116 3419 155 33 travers
1289 3426 9 27 ;
1322 3412 37 54 je
1379 3412 97 54 puis
1497 3426 106 28 vous
1623 3412 37 42 le
1682 3426 182 41 prouver
1885 3413 136 55 pièces
2042 3428 72 28 sur
2135 3414 131 42 table,
2293 3430 18 23 »
