2616 4259
1093 506 193 43 VARIA

2018 525 55 40 41

386 660 54 36 Le
474 660 204 49 jugement
711 658 273 50 préparatoire
1019 670 95 25 aura
1136 657 82 39 lieu
1240 657 188 38 vendredi
1451 655 207 52 prochain,
1683 669 19 26 2
1727 655 144 50 juillet,
1895 668 50 25 au
1964 657 86 38 Con-

336 722 231 38 servatoire.

384 783 54 37 Le
454 782 206 47 jugement
681 778 178 39 définitif
876 790 40 27 se
938 778 83 38 fera
1042 778 36 39 le
1101 779 247 49 lendemain,
1368 783 22 35 à
1411 780 213 50 l'lnstitut,
1642 782 114 49 après
1776 778 214 39 l'audition
2012 779 68 38 des

332 844 59 38 six
418 849 191 33 cantates.

455 962 74 37 Les
560 973 216 26 morceaux
807 961 150 37 choisis
988 974 103 36 pour
1112 962 57 37 les
1190 974 198 26 concours
1411 962 157 49 publics
1588 962 47 37 de
1658 961 142 50 juillet,
1826 973 50 26 au
1900 961 156 37 Conser-

330 1023 166 46 vatoire,
518 1031 94 29 sont
634 1023 55 37 les
709 1023 181 37 suivants
908 1034 6 25 :
935 1036 103 35 pour
1054 1024 57 37 les
1129 1023 148 37 classes
1299 1023 160 37 d'étude
1479 1023 47 37 de
1543 1023 147 37 clavier
1707 1026 61 44 (41
1795 1030 284 38 concurrents,

330 1086 99 35 dont
454 1084 21 36 6
498 1084 185 37 hommes
709 1092 39 29 et
769 1084 43 37 35
837 1083 199 50 femmes),
1074 1086 35 36 le
1145 1085 206 36 troisième
1377 1093 191 30 concerto
1602 1086 47 36 de
1687 1085 93 37 Ries
1816 1086 64 45 (en
1910 1092 41 29 ni
1972 1084 111 51 diè\e

332 1146 194 48 mineur);
551 1158 103 36 pour
673 1146 58 36 les
751 1145 146 37 classes
917 1145 47 37 de
980 1145 123 48 piano
1124 1147 69 35 des
1216 1145 186 37 hommes
1425 1147 65 47 (14
1512 1146 294 48 concurrents),
1826 1146 35 36 la
1877 1145 201 49 première

331 1206 155 38 ballade
508 1207 47 36 de
577 1206 176 48 Chopin,
778 1213 39 29 et
848 1217 104 36 pour
987 1206 98 37 celle
1106 1206 68 37 des
1197 1207 167 36 femmes
1387 1206 60 49 (33
1473 1208 294 47 concurrents),
1803 1207 36 37 le
1872 1207 212 37 deuxième

331 1274 189 29 concerto
543 1267 48 36 de
615 1267 162 49 Chopin
798 1267 68 47 (en
886 1267 53 49 fa
963 1266 171 45 mineur)
1152 1283 8 30 ;
1185 1278 102 36 pour
1322 1267 57 36 les
1402 1266 146 37 classes
1583 1267 47 36 de
1660 1268 138 35 violon
1825 1272 62 42 (20
1910 1280 150 25 concur-

331 1328 136 49 rents),
484 1327 36 37 le
541 1328 303 36 dix-neuvième
863 1335 193 29 concerto
1080 1327 47 37 de
1153 1328 195 36 Kreutzer
1372 1328 64 47 (en
1453 1327 47 37 ré
1517 1326 176 47 mineur)
1708 1342 7 31 ;
1737 1340 105 36 pour
1863 1329 57 35 les
1936 1328 143 37 classes

332 1389 47 36 de
399 1388 239 37 violoncelle
660 1389 35 48 (8
719 1389 295 47 concurrents),
1039 1387 36 37 le
1099 1387 166 37 sixième
1284 1395 192 29 concerto
1499 1387 220 46 (militaire)
1745 1387 339 49 de'Romberg.—

334 1450 107 35 Dans
475 1448 57 38 les
565 1450 145 36 classes
740 1450 48 36 de
824 1449 136 48 chant,
987 1462 44 34 14
1049 1448 127 38 élèves
1211 1448 188 37 hommes
1421 1456 38 29 et
1482 1460 49 24 20
1552 1448 128 36 élèves
1717 1447 170 38 femmes
1922 1456 72 29 ont
2024 1449 62 37 été

331 1511 129 36 admis
492 1523 50 24 au
577 1521 225 36 concours;
839 1511 99 36 dans
976 1511 99 36 celle
1110 1511 174 48 d'opéra,
1307 1523 25 34 4
1354 1510 185 37 hommes
1574 1517 38 29 et
1648 1510 16 36 5
1695 1511 191 45 femmes;
1924 1511 163 48 d'opéra

334 1571 200 49 comique,
559 1585 21 36 7
603 1572 188 37 hommes
812 1579 38 29 et
874 1585 21 35 9
918 1571 194 47 femmes;
1150 1571 47 37 de
1226 1571 272 37 déclamation
1532 1570 267 49 dramatique,
1831 1571 43 37 18
1898 1571 189 38 hommes

335 1642 38 30 et
394 1634 22 37 8
440 1634 183 40 femmes.

382 1695 61 37 La
468 1696 227 49 Chronique
715 1695 188 38 musicale
933 1694 180 50 publiera
1134 1707 158 25 comme
1315 1695 57 36 les
1393 1695 149 37 années
1564 1695 262 49 précédentes
1845 1706 56 25 un
1923 1701 161 42 compte

337 1756 131 40 rendu
487 1758 48 36 de
558 1768 63 26 ces
642 1768 214 33 concours,
879 1756 102 38 ainsi
1002 1768 78 37 que
1102 1756 36 37 le
1159 1758 229 36 Palmarès.

464 1890 56 36 Le
543 1890 184 37 ministre
761 1890 69 37 des
851 1898 167 28 travaux
1039 1890 157 48 publics
1219 1902 20 24 a
1259 1890 186 48 présenté
1468 1892 19 34 à
1510 1888 36 38 la
1569 1889 202 39 Chambre
1793 1902 55 24 un
1871 1890 131 50 projet
2032 1890 48 36 de

345 1951 53 37 loi
420 1952 170 35 tendant
610 1954 21 33 à
652 1952 158 36 allouer
835 1964 56 24 un
920 1951 127 37 crédit
1080 1951 342 49 supplémentaire
1442 1952 47 35 de
1515 1951 17 36 3
1555 1951 181 37 millions
1769 1963 104 37 pour
1893 1949 175 40 l'achève-

345 2020 112 28 ment
477 2012 54 36 du
553 2012 149 38 nouvel
725 2013 145 49 Opéra.

391 2073 116 36 Cette
529 2085 155 24 somme
706 2085 41 25 se
770 2074 166 47 répartit
953 2072 104 37 ainsi
1078 2084 7 25 :

388 2133 224 38 Exécution
635 2134 47 37 de
705 2142 166 29 travaux
891 2146 78 36 que
990 2134 80 36 l'on
1092 2133 106 37 avait
1220 2144 49 26 eu
1292 2133 166 37 d'abord
1486 2134 36 36 la
1543 2133 145 49 pensée
1709 2133 63 37 d'a-

341 2196 164 51 journer
1903 2195 183 47 450.000

388 2248 314 46 Établissement
729 2259 68 36 des
823 2257 199 49 appareils
1052 2265 139 28 contre
1216 2256 214 37 l'incendie
1901 2256 183 47 450.000

389 2318 243 48 Réparation
665 2319 69 37 des
765 2319 138 49 dégâts
939 2320 137 35 causés
1097 2319 180 49 pendant
1309 2319 37 35 le
1371 2318 105 49 siège
1499 2326 39 29 et
1557 2319 177 48 pendant
1757 2318 36 36 la

341 2379 229 36 Commune
1906 2379 185 38 600.000

390 2440 226 36 Exécution
644 2453 83 23 non
749 2442 149 46 prévue
926 2441 119 35 d'une
1077 2440 127 48 partie
1232 2440 53 36 du
1308 2439 182 37 matériel
1513 2439 274 48 scénique....
1909 2439 183 37 500.000

388 2500 255 37 Installation
667 2502 47 35 de
742 2500 36 37 la
802 2501 187 36 machine
1011 2501 48 36 de
1082 2501 36 35 la
1141 2504 117 33 scène
1283 2509 37 27 et
1341 2500 263 37 canalisation
1626 2500 53 36 du
1698 2512 88 36 gaz.
1866 2512 33 23 1.
1910 2511 182 27 000.000

392 2561 55 38 Le
482 2561 132 49 projet
649 2563 48 35 de
727 2561 56 37 loi
811 2570 184 28 constate
1023 2573 77 37 que
1125 2561 55 37 les
1214 2562 198 48 dépenses
1434 2563 48 35 de
1505 2561 283 37 construction

339 2622 53 36 du
412 2622 149 37 nouvel
584 2622 132 49 Opéra
737 2623 246 47 s'élevaient,
1007 2635 51 24 au
1080 2634 33 24 ie
1118 2629 11 14 r
1151 2622 151 48 janvier
1327 2622 108 49 1874,
1459 2622 73 37 àla
1556 2634 156 25 somme
1741 2622 47 37 de
1835 2622 258 38 28.000.000

390 2684 55 36 La
468 2683 204 38 Chambre
693 2696 20 24 a
733 2685 169 36 accordé
929 2697 49 24 en
1007 2684 97 48 1874
1123 2697 55 23 un
1202 2685 125 35 crédit
1345 2685 48 35 de
1867 2696 10 24 1
1894 2695 199 26 .000.000

341 2755 38 29 et
409 2760 49 24 en
489 2748 130 36 même
643 2755 129 39 temps
794 2758 21 23 a
837 2745 179 37 autorisé
1039 2757 57 24 un
1120 2753 192 40 emprunt
1332 2745 47 37 de
1863 2744 230 39 3.500.000

389 2809 63 36 On
476 2808 194 37 demande
694 2806 272 49 aujourd'hui,
988 2819 104 34 pour
1112 2807 134 36 solder
1268 2806 57 37 les
1345 2806 194 49 dépenses
1561 2805 114 37 faites
1858 2805 38 38 3.
1907 2816 182 26 000.000

393 2900 53 35 La
468 2899 172 48 dépense
664 2898 125 36 totale
809 2910 87 24 sera
918 2897 105 37 donc
1045 2897 100 37 ainsi
1168 2897 130 49 réglée
1318 2900 18 33 à
1839 2897 255 37 35.500.000

392 2960 41 36 Si
455 2963 20 33 à
498 2967 102 28 cette
628 2960 172 47 dépense
823 2958 47 36 de
894 2957 282 38 construction
1198 2970 51 24 on
1272 2956 135 50 ajoute
1426 2968 8 26 :

398 3027 34 29 i°
459 3020 110 37 Celle
598 3020 70 36 des
699 3020 141 35 décors
862 3019 98 48 qu'il
979 3032 21 23 a
1020 3019 97 37 fallu
1148 3018 159 37 fournir
1334 3031 49 23 en
1414 3017 319 50 remplacement
1754 3017 48 37 de

347 3094 101 24 ceux
468 3081 68 49 qui
560 3089 71 28 ont
656 3081 61 36 été
753 3080 133 37 brûlés
916 3089 38 28 et
981 3094 103 35 pour
1118 3080 174 48 lesquels
1322 3092 53 24 on
1398 3092 20 24 a
1439 3079 194 46 autorisé,
1666 3092 70 36 par
1766 3078 38 37 la

343 3142 57 37 loi
422 3142 53 36 du
512 3143 48 36 28
593 3155 106 23 mars
730 3142 107 49 1874,
861 3155 56 23 un
946 3150 191 41 emprunt
1162 3142 47 36 de
1866 3139 230 39 2.500.000

394 3216 19 23 2
419 3210 14 16 0
461 3203 113 37 Celle
593 3203 54 36 du
671 3203 166 48 terrain,
861 3203 125 49 qu'on
1009 3215 20 24 a
1051 3203 163 37 évaluée
1237 3205 19 33 à
1847 3201 25 39 i
1872 3201 225 39 0.500.000

395 3306 63 38 On
482 3314 161 42 compte
666 3318 78 38 que
772 3308 37 36 le
837 3306 151 40 nouvel
1012 3308 133 49 Opéra
1166 3307 62 37 n'a
1256 3318 70 39 pas
1349 3306 119 38 coûté
1494 3305 134 38 moins
1648 3306 141 40 de....
1834 3306 260 47 48.500.000

393 3455 54 35 La
468 3452 386 39 sous-commission
875 3454 52 36 du
948 3454 151 49 budget
1121 3455 67 36 des
1216 3455 250 47 beaux-arts,
1488 3453 21 37 à
1534 3452 261 38 l'Assemblée
1830 3452 223 49 nationale,
2075 3464 22 26 a

342 3516 204 48 approuvé
568 3516 36 36 le
623 3523 164 41 rapport
808 3516 187 47 présenté
1018 3528 70 36 par
1117 3516 54 37 M.
1195 3516 206 48 d'Osmoy,
1428 3514 70 49 qui
1520 3514 218 38 maintient
1755 3515 56 37 les
1827 3515 268 38 subventions
