2616 4259
1084 507 193 42 VARIA

2003 516 57 52 43

319 648 85 38 tion
426 650 68 36 des
515 650 203 38 dernières
741 651 145 48 parties
908 652 46 36 de
976 653 168 37 l'édifice
1166 655 234 36 demeurées
1422 658 20 33 à
1462 667 76 36 peu
1560 657 90 46 près
1672 654 170 37 intactes
1861 663 37 28 et
1917 656 148 37 situées

320 713 21 33 à
376 711 144 48 l'angle
555 713 47 35 de
637 712 34 36 la
706 724 71 23 rue
813 713 159 35 Drouot
999 722 37 27 et
1059 715 47 35 de
1126 714 35 36 la
1184 728 70 23 rue
1280 715 174 39 Rossini.
1484 717 55 35 Le
1567 729 42 35 19
1630 714 101 50 juin,
1754 728 48 24 en
1819 715 35 37 la
1877 716 95 36 salle
1994 717 69 36 des

318 771 124 37 criées
464 772 47 36 de
534 771 33 37 la
590 771 224 48 préfecture
844 773 47 35 de
910 773 37 35 la
971 774 134 48 Seine,
1130 787 53 23 on
1202 787 21 23 a
1247 776 73 35 mis
1361 787 78 24 aux
1474 777 193 37 enchères
1699 776 56 37 les
1788 776 223 38 matériaux
2045 780 20 33 à

319 831 192 49 provenir
532 832 48 35 de
602 832 36 36 la
660 830 241 38 démolition
924 833 48 36 de
992 846 63 24 ces
1076 835 181 37 derniers
1279 836 146 37 débris.
1451 837 75 37 Les
1549 839 217 36 bâtiments
1786 837 173 37 existant
1994 849 46 23 en-

319 904 91 24 core
433 900 91 28 sont
547 903 99 25 ceux
668 891 69 49 qui
757 893 150 36 étaient
927 895 160 36 affectés
1110 898 21 34 à
1152 896 371 49 l'administration,
1543 910 49 24 au
1609 900 154 35 bureau
1785 899 47 36 de
1865 898 36 37 la
1935 896 130 50 copie,

319 956 21 33 à
358 953 35 35 la
415 954 135 44 caisse,
574 961 92 40 etc.,
689 961 74 30 etc.
792 954 74 36 Les
890 963 123 29 restes
1034 957 47 35 de
1112 957 36 36 la
1170 959 149 47 grande
1341 959 145 48 galerie
1522 960 48 36 de
1602 961 139 35 l'hôtel
1776 961 47 35 de
1855 959 211 47 Choiseul,

317 1013 71 47 qui
410 1014 95 35 était
525 1014 180 36 devenue
728 1014 34 36 le
786 1014 112 50 foyer
920 1016 46 36 de
987 1016 35 37 la
1045 1018 137 45 danse,
1208 1027 38 28 et
1261 1020 101 35 dont
1380 1032 53 24 on
1450 1020 180 51 aperçoit
1647 1033 145 24 encore
1807 1019 259 52 aujourd'hui

318 1074 203 48 plusieurs
545 1076 175 47 arcades,
743 1085 99 27 vont
861 1077 236 48 disparaître
1117 1080 240 48 également.
1384 1081 135 44 Enfin,
1541 1084 98 35 dans
1661 1084 105 35 deux
1785 1095 118 33 mois,
1939 1091 127 27 terme

318 1136 176 35 extrême
517 1135 157 48 assigné
696 1138 21 33 à
735 1136 284 38 l'enlèvement
1037 1139 69 36 des
1129 1140 137 36 ruines
1281 1142 69 47 qui
1366 1150 97 28 vont
1484 1143 82 36 être
1581 1143 204 49 adjugées,
1803 1143 27 36 il
1850 1154 50 25 ne
1916 1151 150 28 restera

318 1195 91 49 plus
431 1208 79 24 une
530 1196 128 49 pierre
682 1197 47 37 de
751 1209 42 25 ce
816 1197 85 49 qui,
921 1199 180 48 pendant
1122 1212 57 24 un
1201 1201 264 49 demi-siècle,
1494 1203 59 36 fut
1573 1203 174 50 l'Opéra.

438 1361 63 35 On
524 1373 185 25 annonce
732 1375 77 36 que
833 1364 84 36 l'un
939 1364 48 37 de
1007 1377 75 25 nos
1106 1365 137 52 jeunes
1265 1367 309 50 compositeurs,
1614 1370 60 36 M.
1712 1369 192 36 Edouard
1940 1370 99 36 Caza-

320 1431 143 38 neuve,
488 1423 110 35 vient
621 1423 47 35 de
691 1423 195 38 terminer
905 1425 38 36 la
963 1427 187 47 musique
1172 1427 96 36 d'un
1291 1429 122 47 opéra
1433 1441 49 24 en
1505 1429 100 36 trois
1629 1437 107 29 actes
1767 1430 101 36 dont
1891 1429 36 38 le
1947 1429 117 40 livret

321 1489 58 28 est
402 1482 46 35 de
473 1483 54 36 M.
551 1483 198 38 Cormon.
774 1485 23 35 l
812 1484 77 37 itre
912 1497 6 24 :
942 1486 34 36 le
1001 1487 197 37 Carrosse
1219 1489 50 35 du
1291 1489 275 38 Gouverneur.

442 1649 108 36 Pour
570 1649 115 50 juger
704 1651 51 36 du
776 1664 76 36 peu
875 1653 47 37 de
941 1653 138 37 valeur
1098 1655 68 36 des
1188 1655 141 37 décors
1352 1655 75 38 mis
1451 1668 48 25 en
1522 1657 287 50 adjudication,
1847 1660 69 36 dès
1946 1661 119 48 qu'ils

323 1710 114 35 n'ont
458 1710 117 48 point
597 1723 79 25 une
698 1712 246 38 destination
965 1715 181 47 absolue,
1170 1716 247 49 immédiate,
1438 1717 28 37 il
1488 1718 136 36 suffira
1656 1719 48 37 de
1736 1718 101 50 jeter
1868 1720 58 37 les
1959 1734 106 36 yeux

321 1782 70 24 sur
426 1770 56 36 les
514 1771 159 38 chiffres
707 1773 194 49 suivants,
934 1777 199 36 résultant
1167 1777 48 36 de
1248 1778 37 35 la
1303 1787 120 28 vente
1444 1791 79 24 aux
1542 1778 194 39 enchères
1759 1781 216 48 publiques
1994 1784 69 36 des

323 1831 142 36 décors
501 1841 121 40 ayant
794 1833 22 38 à
845 1836 293 49 l'exploitation
1171 1838 224 48 provisoire
1424 1840 47 37 de
1501 1849 117 29 notre
1642 1842 298 49 Grand-Opéra,
1964 1844 99 37 salle

319 1892 249 37 Ventadour.
594 1894 107 36 C'est
722 1898 21 33 à
764 1896 69 48 n'y
855 1909 67 35 pas
952 1897 128 37 croire
1105 1909 7 25 :

367 1953 54 35 Le
449 1966 10 22 i
470 1961 29 17 er
518 1952 72 48 lot,
615 1953 148 38 châssis
784 1957 47 35 de
855 1956 37 36 la
911 1958 151 36 Source
1084 1967 37 28 et
1154 1959 48 36 de
1235 1959 230 37 Guillaume
1498 1961 88 37 Tell
1590 1992 9 16 ,
1628 1973 20 25 a
1671 1962 61 36 été
1762 1962 142 50 adjugé
1937 1976 52 35 40
2011 1965 47 39 fr.

369 2013 54 36 Le
447 2025 19 25 2
474 2019 13 15 e
506 2022 38 28 et
565 2014 36 36 le
624 2015 17 36 3
648 2020 13 16 e
680 2016 71 45 lot,
781 2029 70 24 120
866 2023 146 42 francs,
1037 2022 22 33 à
1082 2020 57 38 M.
1160 2018 128 39 Vizet.

370 2074 56 36 Le
444 2087 25 34 4
471 2084 13 16 e
491 2105 7 17 ,
523 2076 228 36 Guillaume
774 2078 90 36 Tell
869 2107 8 19 ,
901 2078 117 38 toiles
1040 2088 40 28 et
1101 2080 160 46 châssis,
1281 2082 71 36 2i5
1374 2081 146 50 francs,
1550 2083 103 37 àM.
1677 2085 139 37 Faure.

368 2135 53 36 Le
443 2135 16 37 se,5
466 2144 13 16 e
485 2166 8 15 ,
518 2136 54 37 les
592 2138 243 50 Huguenots
840 2168 8 17 ,
879 2139 69 37 iso
964 2139 146 46 francs,
1134 2143 101 38 àM.
1261 2143 205 37 Pelletier.

363 2195 54 37 Le
437 2196 22 36 6
464 2205 13 16 e
482 2225 9 19 ,
513 2198 162 47 Robert,
699 2210 77 35 400
800 2198 146 48 francs,
970 2204 22 33 à
1019 2202 55 35 M.
1099 2202 130 38 Vizet.

366 2256 54 36 Le
439 2271 22 34 7
466 2262 14 17 e
484 2289 8 15 ,
518 2258 169 37 Hamlet
694 2287 7 18 ,
720 2271 21 24 a
760 2260 61 36 été
842 2262 146 47 poussé
1009 2274 71 37 par
1101 2264 55 35 M.
1185 2264 48 38 E.
1260 2264 152 51 Dejean
1431 2266 157 48 jusqu'à
1611 2267 66 37 165
1708 2267 135 39 francs
1865 2276 37 30 et
1921 2271 144 50 adjugé

322 2328 69 37 170
413 2317 147 49 francs,
580 2322 21 32 à
621 2320 57 37 M.
706 2321 204 40 Pelletier.

369 2379 55 35 Le
444 2379 21 35 Be,8
471 2388 13 15 e
489 2407 9 19 ,
529 2379 212 49 l'Esclave,
765 2382 43 36 16
828 2382 117 37 toiles
973 2392 39 28 et
1039 2384 57 37 les
1115 2382 169 51 châssis,
1307 2387 64 37 n'a
1388 2399 70 36 pas
1481 2389 62 36 été
1565 2391 148 46 vendu,
1739 2391 63 36 On
1825 2404 50 25 en
1897 2393 139 36 deman-

316 2438 84 36 dait
437 2439 96 36 1500
567 2439 153 49 francs;
754 2454 202 36 personne
990 2457 50 24 ne
1075 2446 94 35 s'est
1204 2448 203 47 présenté,
1432 2449 58 36 dit
1507 2449 34 36 le
1553 2450 179 38 Gaulois.
1759 2453 55 37 M.
1837 2453 42 35 F.
1906 2453 160 37 Oswald

316 2499 136 50 ajoute
473 2512 78 35 que
569 2509 92 28 tous
680 2514 64 24 ces
764 2504 140 36 décors
923 2505 150 37 étaient
1093 2506 245 50 incomplets
1359 2516 38 29 et
1418 2521 78 35 que
1516 2510 36 36 le
1574 2511 207 37 ministère
1804 2513 104 36 avait
1929 2514 136 37 donné

314 2561 69 34 des
406 2572 36 24 01
455 2561 88 36 dres
562 2573 102 37 pour
686 2563 183 37 racheter
885 2566 173 36 certains
1076 2566 48 37 de
1138 2579 62 24 ces
1222 2568 142 37 décors
1384 2581 49 24 en
1453 2570 203 47 prévision
1672 2572 48 36 de
1742 2572 38 37 la
1800 2574 264 38 réouverture

315 2620 54 36 du
393 2621 392 50 Théâtre-Lyrique.
809 2625 31 35 Il
862 2625 66 36 eût
950 2626 94 36 bien
1067 2627 137 37 mieux
1221 2629 94 37 valu
1338 2631 93 35 n'en
1453 2631 116 49 point
1591 2631 159 50 risquer
1770 2633 37 36 la
1831 2642 133 31 vente.

366 2683 65 35 Un
461 2683 212 37 neuvième
696 2685 74 47 lot,
794 2688 193 47 composé
1007 2688 70 35 des
1098 2688 141 37 décors
1259 2690 48 36 de
1329 2692 130 36 Faust
1464 2721 8 15 ,
1491 2692 61 36 n'a
1574 2704 84 38 pas,
1682 2706 84 24 non
1797 2694 104 50 plus,
1920 2697 144 37 trouvé

312 2743 237 47 acquéreur,
574 2756 67 24 sur
663 2744 37 37 la
723 2745 99 37 mise
845 2746 21 36 à
884 2747 90 47 prix
992 2747 48 37 de
1070 2761 112 33 1,000
1200 2750 146 37 francs.
1375 2752 32 35 Il
1430 2753 93 35 n'en
1543 2765 22 24 a
1586 2765 69 37 pas
1678 2755 62 36 été
1760 2755 47 36 de
1845 2756 131 37 même
2013 2758 48 36 de

310 2802 40 36 la
369 2812 119 28 vente
511 2805 206 48 effectuée,
741 2807 191 37 vendredi
953 2808 177 49 dernier,
1155 2810 68 37 des
1249 2819 204 29 costumes
1475 2814 195 38 réformés
1689 2815 48 37 de
1760 2828 64 24 ces
1860 2817 105 37 deux
1988 2830 52 24 ou-

312 2876 151 36 vrages,
484 2865 101 37 ainsi
605 2878 78 36 que
705 2867 48 36 de
775 2879 102 25 ceux
910 2869 49 36 de
992 2869 91 37 Don
1113 2870 120 48 Juan,
1269 2872 228 39 Guillaume
1524 2874 105 49 Tell,
1665 2876 55 37 les
1747 2878 244 49 Huguenots
2025 2886 40 28 et

313 2925 153 36 Robert
487 2925 36 36 le
536 2926 160 37 Diable.

433 3067 117 37 Voici
581 3068 57 36 les
670 3068 244 50 principales
946 3071 156 38 clauses
1123 3073 48 36 de
1194 3073 36 36 la
1252 3074 192 38 nouvelle
1465 3075 56 38 loi
1544 3076 193 39 italienne
1760 3091 67 24 sur
1849 3079 57 37 les
1928 3081 113 49 repré-

312 3128 226 37 sentations
558 3128 218 39 théâtrales
801 3144 8 23 :

358 3189 153 37 Article
536 3203 10 22 i
557 3197 29 18 er
591 3222 8 7 .
687 3192 189 37 L'auteur
910 3195 121 37 d'une
1066 3207 140 27 oeuvre
1242 3206 183 39 pouvant
1461 3211 41 25 se
1534 3201 254 47 représenter
1823 3214 50 26 en
1908 3205 153 48 public,

313 3255 129 37 éditée
462 3269 54 24 ou
537 3269 97 36 non,
658 3271 21 23 a
701 3271 69 24 sur
791 3268 104 29 cette
917 3272 139 27 œuvre
1079 3264 36 36 le
1137 3264 107 37 droit
1262 3265 173 37 exclusif
1451 3267 47 35 de
1522 3268 324 48 représentation
1868 3278 40 29 et
1934 3272 108 36 d'exé-

314 3324 140 36 cution
475 3325 107 46 (sous
602 3325 155 38 réserve
776 3327 47 36 de
839 3327 408 51 l'accomplissement
1275 3332 69 37 des
1366 3334 233 36 conditions
1626 3334 221 39 formulées
1884 3349 50 25 au
1967 3340 70 36 cha-

313 3384 104 47 pitre
443 3386 55 35 111
524 3385 47 36 de
595 3385 35 36 la
651 3385 55 37 loi
729 3387 54 36 du
805 3388 46 37 25
875 3388 88 50 juin
990 3391 111 47 1865,
1124 3403 42 25 n°
1188 3392 129 50 2337).

362 3449 87 32 Art.
477 3458 33 24 2.
604 3447 205 38 Personne
829 3461 48 24 ne
894 3462 148 37 pourra
1063 3454 188 36 exécuter
1277 3466 52 24 ou
1350 3455 251 47 représenter
1625 3469 53 24 un
1699 3469 176 39 ouvrage
1899 3471 92 26 sans
2025 3461 36 37 le

316 3515 310 29 consentement
648 3509 48 35 de
722 3509 174 38 l'auteur
916 3523 53 26 ou
989 3512 48 37 de
1056 3525 61 25 ses
1139 3523 140 39 ayants
1302 3516 125 39 droit.
