2616 4259
568 505 29 45 6

1014 510 75 40 LA
1120 509 374 50 CHRONIQUE
1525 510 313 41 MUSICALE

567 649 237 54 préférence
824 655 23 35 à
868 664 103 27 ceux
1000 665 82 40 que
1103 651 83 39 Ton
1207 665 23 25 a
1251 664 165 27 connus
1434 659 39 32 et
1495 650 132 40 suivis
1647 650 50 40 de
1719 650 95 54 plus
1832 652 106 52 près,
1961 650 85 40 afin
2077 650 49 39 de
2156 652 93 38 n'ex-

566 734 121 40 poser
706 735 82 27 aux
808 736 110 40 yeux
938 723 57 39 du
1020 723 144 53 public
1185 723 157 53 qu'une
1363 723 134 54 copie,
1522 723 352 40 non-seulement
1894 722 136 48 fidèle,
2055 721 107 40 mais
2185 722 67 39 iné-

567 792 85 39 dite
673 793 49 39 de
743 807 73 25 son
838 794 197 53 original.
1058 794 113 41 C'est
1192 795 211 53 pourquoi
1432 809 108 26 nous
1560 795 134 39 allons
1724 808 162 40 essayer
1919 807 85 27 une
2039 794 126 40 étude
2201 806 73 27 sur

568 876 60 27 un
651 864 69 39 des
740 864 95 53 plus
856 866 169 38 fameux
1045 866 201 52 critiques
1273 866 233 39 musiciens
1534 866 51 40 de
1615 873 118 33 notre
1755 868 178 52 époque,
1966 865 306 52 Castil-Blaze,

569 948 85 39 que
676 948 204 40 personne
901 937 68 39 n'a
990 937 151 40 abordé
1162 937 156 39 d'aussi
1338 940 90 50 près
1453 951 81 39 que
1556 951 123 26 nous.

624 1007 552 54 François-Henri-Joseph
1197 1009 139 50 Blaze,
1360 1009 63 40 dit
1447 1009 145 40 Castil
1597 1042 10 19 ,
1631 1011 154 52 naquit
1814 1014 22 36 à
1856 1009 242 50 Cavaillon,
2118 1018 156 34 canton

566 1079 58 39 du
647 1080 290 52 département
958 1081 49 39 de
1028 1081 226 47 Vaucluse,
1278 1082 110 38 situé
1408 1086 22 34 à
1458 1082 207 54 quelques
1688 1083 242 40 kilomètres
1952 1084 261 52 d'Avignon,
2238 1083 36 39 le

565 1151 204 39 mercredi
796 1165 13 25 i
819 1157 28 17 er
866 1151 218 40 décembre
1113 1153 123 53 1784,
1259 1153 49 39 de
1332 1153 381 40 Henri-Sébastien
1744 1155 138 51 Blaze,
1905 1154 203 41 excellent
2138 1154 109 39 musi-

565 1220 93 41 cien
681 1221 74 53 qui
779 1222 111 39 avait
913 1225 169 50 partagé
1103 1238 42 25 sa
1165 1224 178 40 carrière
1366 1233 114 31 entre
1500 1225 38 39 la
1557 1226 129 52 fugue
1707 1235 40 31 et
1766 1227 38 39 le
1830 1226 200 40 notariat.
2056 1226 82 40 Dès
2167 1226 107 52 l'âge

566 1295 39 39 le
624 1296 97 51 plus
743 1296 160 51 tendre,
927 1296 123 40 Blaze
1071 1297 37 40 le
1130 1296 80 51 fils,
1237 1311 96 25 sous
1348 1298 58 38 les
1428 1298 277 53 inspirations
1722 1299 48 39 de
1787 1312 75 26 son
1882 1301 109 50 père,
2008 1299 113 39 avait
2138 1299 109 39 mani-

563 1365 103 40 festé
684 1367 57 38 les
763 1366 93 53 plus
877 1368 224 39 heureuses
1122 1368 277 53 dispositions
1426 1383 108 39 pour
1563 1369 36 40 le
1636 1371 65 38 bel
1732 1378 63 32 art
1825 1371 69 38 des
1929 1371 168 39 Mozart
2128 1379 40 31 et
2201 1370 71 39 des

567 1437 213 40 Paisiello.
811 1438 34 39 Il
877 1452 40 26 se
936 1439 138 41 rendit
1094 1452 106 40 pour
1219 1440 39 38 la
1279 1440 201 53 première
1506 1441 79 39 fois
1606 1444 22 36 à
1653 1442 118 38 Paris
1788 1455 92 26 vers
1911 1442 85 39 l'an
2027 1456 122 40 1799,
2174 1455 99 27 sous

564 1508 38 40 le
623 1510 185 52 prétexte
830 1511 68 51 d'y
919 1511 161 39 étudier
1100 1511 36 39 le
1157 1511 129 51 droit,
1310 1512 104 38 mais
1432 1525 52 25 en
1505 1512 143 39 réalité
1668 1511 86 40 afin
1774 1514 49 38 de
1844 1513 143 40 suivre
2002 1513 58 40 les
2075 1527 123 26 cours
2213 1513 59 40 du

564 1579 338 53 Conservatoire,
925 1586 55 36 où
1002 1583 31 38 il
1052 1590 119 47 reçut
1190 1582 50 40 de
1259 1583 133 40 Perne
1413 1583 69 40 des
1502 1584 141 56 leçons
1663 1584 282 41 d'harmonie.
1973 1585 34 40 Il
2028 1585 65 40 fut
2114 1598 138 27 succes-

564 1650 206 41 sivement
786 1660 161 44 avocat,
971 1653 250 53 sous-préfet
1245 1656 23 36 à
1286 1653 252 54 Carpentras
1559 1663 40 31 et
1620 1655 241 53 inspecteur
1882 1656 50 39 de
1965 1655 39 40 la
2032 1656 188 40 librairie
2249 1660 23 36 à

563 1723 218 52 Avignon,
806 1732 109 32 sorte
935 1725 50 39 de
1005 1725 194 40 sinécure
1218 1726 108 48 qu'il
1347 1740 158 40 occupa
1524 1727 167 53 jusqu'à
1712 1728 40 39 la
1777 1727 61 41 fin
1870 1728 57 40 du
1962 1727 181 54 premier
2174 1742 63 26 em-

563 1795 103 53 pire,
688 1808 91 27 vers
807 1797 108 52 1814
934 1804 40 31 et
1006 1797 123 50 1815,
1165 1804 42 34 et
1236 1798 106 39 dont
1374 1797 32 40 il
1439 1798 64 40 fut
1535 1799 37 40 le
1600 1799 90 40 seul
1712 1800 206 52 titulaire,
1941 1813 56 27 vu
2022 1800 152 53 qu'elle
2207 1800 65 42 fut

562 1866 242 53 supprimée
823 1870 22 36 à
866 1866 39 40 la
925 1867 282 40 restauration
1227 1868 69 40 des
1320 1869 239 41 Bourbons.

619 1938 59 40 Le
697 1938 123 52 jeune
843 1938 123 40 Blaze
985 1939 134 40 s'était
1137 1941 141 51 essayé
1294 1940 106 39 dans
1419 1940 40 41 la
1480 1942 284 53 composition
1785 1942 217 53 musicale,
2020 1950 64 33 art
2097 1942 176 41 difficile

564 2022 108 40 pour
704 2018 112 41 tous,
850 2010 108 39 mais
983 2009 95 54 plus
1111 2011 171 40 malaisé
1303 2025 150 26 encore
1475 2026 108 39 pour
1602 2013 58 39 les
1680 2014 312 52 organisations
2014 2027 85 40 que
2131 2014 39 40 le
2202 2014 69 40 feu

563 2081 58 39 du
643 2081 123 51 génie
783 2082 188 38 créateur
992 2082 66 39 n'a
1080 2082 121 52 point
1219 2083 247 41 embrasées.
1493 2084 35 39 Il
1549 2098 199 39 composa
1780 2086 255 40 néanmoins
2068 2086 182 40 successi-

562 2161 172 31 vement
755 2153 69 39 des
847 2167 235 34 romances,
1105 2154 108 40 delà
1240 2155 199 52 musique
1466 2157 51 38 de
1552 2157 215 51 chambre,
1791 2158 51 39 de
1872 2159 40 39 la
1947 2159 198 52 musique
2174 2159 75 40 d'E-

562 2223 124 53 glise;
720 2224 29 39 il
767 2226 177 51 s'essaya
974 2239 61 25 un
1057 2239 81 39 peu
1160 2227 105 38 dans
1283 2235 96 32 tous
1416 2228 57 38 les
1507 2240 166 39 genres;
1715 2229 106 39 mais
1857 2230 39 39 la
1927 2237 150 32 nature
2112 2230 63 39 lui
2208 2231 65 41 fut

562 2294 385 41 continuellement
964 2296 151 40 rebelle
1135 2300 23 36 à
1179 2305 63 31 cet
1257 2298 181 39 endroit.
1456 2299 236 51 Toutefois,
1714 2301 29 39 il
1766 2300 207 53 possédait
1992 2314 52 26 en
2066 2301 206 40 revanche

564 2378 85 26 une
682 2366 192 51 aptitude
907 2367 241 53 supérieure
1170 2373 23 34 à
1213 2369 210 40 discerner
1442 2370 38 39 le
1500 2371 106 38 beau
1636 2372 142 39 d'avec
1798 2372 37 38 le
1854 2373 227 39 médiocre.
2105 2373 57 40 Ce
2184 2382 83 31 tact

561 2435 227 41 lumineux
823 2437 357 53 d'appréciation,
1217 2440 65 39 s'il
1320 2454 52 27 ne
1415 2441 100 40 l'eût
1559 2455 73 39 pas
1667 2442 135 40 rendu
1837 2443 158 53 parfois
2031 2445 240 52 passionné,

562 2507 155 53 partial
737 2521 56 26 ou
816 2510 138 38 même
981 2510 179 40 exclusif
1175 2524 52 26 en
1248 2512 148 40 faveur
1422 2514 50 38 de
1494 2527 62 26 ses
1581 2514 239 52 primitives
1848 2515 297 53 admirations,
2171 2517 103 40 l'eût

563 2579 119 51 placé
703 2592 53 25 au
784 2579 96 52 plus
907 2580 105 40 haut
1031 2594 105 39 rang
1155 2581 71 39 des
1246 2583 198 52 critiques
1467 2585 245 40 musiciens.

620 2649 35 40 Il
677 2649 198 40 admirait
897 2652 178 51 Mozart,
1101 2653 171 40 Rossini
1294 2663 38 30 et
1355 2654 174 52 Weber,
1551 2656 140 39 moins
1714 2670 121 39 parce
1862 2658 130 52 qu'ils
2023 2659 157 41 étaient
2212 2660 60 40 les

562 2722 96 53 plus
684 2722 171 51 grands,
877 2736 84 39 que
993 2736 122 40 parce
1137 2724 106 52 qu'il
1265 2725 111 39 avait
1397 2726 182 53 exploité
1607 2727 93 39 leur
1729 2728 121 52 génie
1882 2741 53 27 en
1970 2729 245 43 s'associant
2248 2736 23 35 à

562 2792 114 40 leurs
707 2799 178 33 travaux
916 2806 74 39 par
1025 2794 40 39 la
1096 2795 258 40 traduction.
1376 2797 238 52 Toutefois,
1638 2799 288 53 n'anticipons
1959 2801 122 52 point
2119 2815 74 26 sur
2232 2802 39 40 la

562 2863 170 39 marche
751 2863 59 39 du
832 2870 135 47 temps
991 2879 9 26 :
1025 2879 109 26 nous
1153 2867 300 53 expliquerons
1472 2869 93 53 plus
1586 2871 92 39 tard
1710 2879 216 32 comment
1958 2872 30 40 il
2025 2871 45 41 fit
2102 2872 169 42 fortune

560 2945 100 27 avec
679 2933 58 40 les
758 2934 333 42 chefs-d'œuvre
1110 2937 49 39 de
1179 2951 64 26 ces
1263 2939 104 39 trois
1388 2941 309 51 compositeurs
1717 2942 104 41 dont
1850 2943 31 39 il
1914 2943 94 40 vint
2028 2943 37 42 le
2088 2945 182 53 premier

560 3002 205 54 importer
784 3005 58 39 les
865 3007 151 38 trésors
1040 3008 188 52 lyriques
1251 3022 72 25 sur
1356 3009 58 39 les
1446 3010 109 39 rives
1575 3010 48 39 de
1643 3010 39 39 la
1717 3010 137 53 Seine,
1879 3022 38 30 et
1950 3013 120 52 quels
2093 3028 177 39 moyens

567 3075 31 40 il
622 3075 195 53 employa
839 3089 107 39 pour
967 3077 99 40 faire
1099 3078 206 41 fructifier
1325 3084 22 35 à
1371 3081 118 39 Paris
1519 3081 58 39 les
1604 3095 231 27 nouveaux
1871 3084 198 52 procédés
2101 3086 105 40 dont
2238 3088 30 40 il

560 3147 101 41 était
675 3147 36 39 le
734 3149 184 51 premier
939 3148 308 42 introducteur.

615 3218 225 40 Revenons
859 3225 22 35 à
907 3234 43 26 sa
971 3221 99 40 ville
1091 3222 135 40 natale
1247 3236 56 26 ou
1323 3223 142 53 plutôt
1484 3228 22 35 à
1537 3237 76 26 son
1645 3238 102 41 pays
1769 3226 174 53 adoptif,
1967 3228 219 53 Avignon,
2209 3236 57 35 où

558 3289 33 40 il
612 3291 197 39 semblait
828 3291 117 40 vivre
971 3293 382 52 bourgeoisement,
1381 3296 141 39 tandis
1549 3299 137 50 qu'au
1713 3298 100 39 fond
1848 3298 50 40 de
1929 3313 77 26 son
2035 3301 179 53 cabinet,
2237 3303 31 40 il

558 3361 178 40 étudiait
768 3376 95 26 sans
904 3363 162 40 relâche
1096 3364 177 40 l'œuvre
1306 3366 174 40 féconde
1517 3368 70 38 des
1620 3377 175 33 auteurs
1841 3383 82 39 que
1957 3385 108 26 nous
2104 3386 161 28 venons

557 3432 50 38 de
633 3432 117 41 citer.
790 3434 99 40 Don
925 3434 132 52 Juan,
1098 3437 59 39 les
1198 3437 143 40 Noces
1378 3438 53 39 de
1463 3439 192 53 Figaro,
1693 3441 42 39 la
1765 3441 130 41 Flûte
1927 3443 232 41 enchantée
2162 3475 12 18 ,
2215 3446 50 40 de
