2441 3751
129 91 35 51 8

131 228 208 44 brilliant
361 228 58 45 U.
444 228 47 45 S.
519 228 334 45 Government
875 228 211 45 secured
1110 228 73 44 his
1203 226 184 46 release
1411 225 230 44 likewise.
1669 224 370 45 Circumstance
2064 222 95 45 and
2185 221 108 45 envi-

134 311 223 38 ronment
389 319 130 30 were
560 305 251 44 therefore
851 304 263 56 abnormal,
1155 304 203 56 bizarre,
1399 302 149 59 filthy,
1589 301 273 59 degrading
1902 301 95 43 and
2036 299 280 58 wounding.

134 379 205 59 Against
370 381 131 45 them
526 381 283 57 Cummings
835 380 269 44 countered
1128 380 114 44 with
1267 380 287 58 everything
1576 380 60 44 he
1660 379 108 56 had,
1794 379 94 44 and
1910 379 103 43 that
2036 391 99 30 was
2175 375 144 44 much

134 473 137 30 more
294 459 111 44 than
440 460 82 44 the
555 459 155 58 single
745 459 130 43 blind
912 471 117 46 rage
1063 457 55 44 of
1147 457 102 45 Dos
1284 457 190 45 Passos.
1510 457 98 45 For
1641 457 197 45 besides
1875 470 131 45 rage,
2034 454 287 57 Cummings

135 536 93 43 had
262 550 159 42 scorn,
455 537 152 58 irony,
648 549 230 40 sarcasm,
920 548 231 45 courage,
1187 535 92 43 and
1315 549 26 29 a
1377 535 109 46 love
1528 535 74 44 for
1642 535 173 56 simple
1857 548 126 29 men.
2023 531 296 57 Especially,

136 612 60 45 he
237 612 94 45 had
365 628 25 29 a
426 612 315 57 dramatizing
781 624 160 43 sense,
976 625 28 29 a
1038 610 226 44 childlike
1301 611 180 58 faculty
1517 611 75 45 for
1626 610 396 58 personification
2056 610 96 43 and
2187 607 108 59 play-

135 690 232 61 building.
403 691 140 43 More
578 689 276 58 especially,
891 689 61 43 he
987 687 93 45 had
1123 701 60 31 an
1240 689 343 44 undefeatable
1639 702 144 31 sense
1841 689 54 43 of
1946 687 185 45 humor.
2189 685 133 44 Most

134 769 277 58 especially,
446 769 60 43 he
540 781 98 31 was
673 766 152 44 tuned
861 780 65 42 up
963 771 51 38 to
1051 766 176 44 record
1264 766 46 43 in
1347 766 146 44 detail
1528 767 83 45 the
1646 767 225 59 slightest
1905 765 172 56 quiver
2101 763 193 45 contain-

138 846 60 43 ed
234 846 44 43 in
313 845 81 44 the
428 843 224 59 slightest
686 842 328 57 split-second
1051 841 54 44 of
1134 841 83 44 the
1254 842 227 60 slightest
1512 843 73 58 jar
1618 856 132 43 upon
1786 843 72 44 his
1893 842 176 59 being:
2106 840 103 44 that
2266 840 55 54 is,

136 923 59 44 he
229 936 96 31 was
360 921 237 57 intensely
630 921 94 43 and
760 934 150 43 every
944 920 179 43 instant
1157 918 141 46 alive.
1336 920 148 44 What
1527 935 136 29 came
1712 926 50 38 to
1806 920 94 43 him
1954 934 137 30 came
2142 917 179 59 vividly

136 998 95 45 and
273 997 242 59 indelibly.
558 997 89 43 His
689 996 213 57 triumph
947 1023 59 5 —
1042 996 81 43 the
1166 996 214 57 triumph
1414 996 54 44 of
1509 997 139 43 artist
1688 1011 120 29 over
1848 996 214 58 hostility
2096 1021 19 5 -
2149 995 40 44 is
2230 993 94 45 The

138 1077 266 45 Enormous
436 1075 163 44 Room.

265 1152 77 45 On
376 1166 127 44 page
540 1161 92 46 249
665 1151 55 44 of
748 1151 93 44 this
877 1151 208 44 brilliant
1119 1152 150 55 work,
1305 1151 61 44 its
1401 1152 130 43 basis
1565 1152 39 43 is
1640 1152 174 45 stated.
1848 1170 18 20 «
1896 1151 74 44 for
1993 1165 60 29 an
2077 1148 245 46 educated

139 1236 118 53 gent
290 1244 55 29 or
379 1230 123 57 lady,
539 1233 49 40 to
626 1233 166 40 create
827 1227 38 44 is
900 1227 106 44 first
1039 1227 55 44 of
1122 1228 59 43 all
1216 1233 49 38 to
1302 1230 199 57 destroy
1535 1255 60 6 —
1631 1230 103 43 that
1755 1230 139 43 there
1929 1228 40 45 is
2003 1228 94 45 and
2133 1241 90 30 can
2258 1226 61 44 be

139 1321 62 30 no
237 1307 120 44 such
392 1307 137 57 thing
552 1320 50 29 as
626 1304 248 45 authentic
901 1311 73 38 art
997 1311 74 37 art
1094 1306 118 43 until
1236 1306 83 44 the
1343 1306 114 44 bons
1477 1312 131 38 trues
1641 1304 250 63 (whereby
1924 1320 74 30 we
2032 1318 82 31 are
2149 1303 173 60 taught

139 1391 51 38 to
224 1397 82 31 see
341 1383 95 43 and
470 1382 182 43 imitate
686 1396 64 29 on
784 1395 203 31 canvass
1011 1383 94 43 and
1141 1382 63 58 by
1237 1384 162 44 words
1423 1383 92 45 this
1541 1384 237 45 so-called
1813 1382 172 60 world)
2008 1396 83 30 are
2115 1381 206 57 entirely

139 1461 94 44 and
273 1459 291 59 thoroughly
606 1459 94 44 and
742 1458 240 57 perfectly
1023 1459 294 45 annihilated
1358 1461 63 58 by
1455 1462 104 43 that
1598 1468 107 38 vast
1748 1461 95 44 and
1889 1459 180 58 painful
2115 1472 207 43 process

139 1538 54 45 of
221 1538 301 57 Unthinking
557 1537 156 44 which
747 1551 109 43 may
889 1537 153 43 result
1076 1537 46 43 in
1156 1552 27 29 a
1217 1538 182 45 minute
1434 1538 70 45 bit
1538 1538 56 45 of
1622 1538 172 59 purely
1828 1537 225 57 personal
2101 1536 218 58 Feeling.

140 1614 177 45 Which
356 1614 183 44 minute
573 1613 70 45 bit
677 1613 38 43 is
751 1612 91 44 Art
868 1631 40 25 ».

266 1694 38 44 It
339 1694 119 44 took
493 1708 26 28 a
554 1693 114 59 high
703 1698 166 38 amout
902 1692 55 43 of
987 1692 301 58 Unthinking
1322 1698 50 38 to
1415 1693 221 56 produce
1682 1692 119 44 such
1844 1692 280 44 accuracies
2158 1706 52 29 as
2247 1691 74 43 for

141 1772 233 54 instance,
409 1771 139 43 these
569 1785 8 29 :
618 1790 19 19 «
676 1785 28 29 a
738 1783 140 29 room
913 1769 152 43 about
1099 1769 193 45 sixteen
1326 1769 99 45 feet
1460 1771 137 43 short
1630 1769 94 45 and
1759 1769 110 43 four
1903 1769 99 45 feet
2036 1783 191 29 narrow
2267 1787 17 20 »
2310 1783 13 41 ;

146 1867 18 19 <
205 1863 26 29 a
266 1849 129 45 hunk
431 1848 54 43 of
513 1847 152 44 bread
699 1847 94 44 and
827 1861 27 29 a
888 1847 140 56 piece
1063 1847 55 43 of
1145 1853 166 38 water.
1335 1866 19 20 »
1392 1848 93 43 But
1518 1848 83 43 the
1635 1848 204 43 unusual
1875 1848 181 56 quality
2090 1847 54 43 of
2175 1845 111 45 Cum-

143 1927 171 57 mings'
350 1926 180 58 feeling
566 1924 203 56 resides,
803 1924 48 43 in
886 1929 96 40 two
1018 1923 160 58 things
1199 1939 9 28 :
1244 1924 72 45 his
1352 1924 232 56 painter's
1620 1938 89 43 eye
1743 1924 95 43 and
1872 1926 71 41 his
1979 1924 206 43 writer's
2225 1937 101 29 ear.

144 2003 126 43 That
313 2016 89 44 eye
447 2002 40 44 is
531 2000 127 45 keen
703 2000 48 44 in
797 2000 170 59 noting
1011 1999 183 57 planes,
1240 2000 183 60 angles,
1470 2006 239 49 textures,
1757 2002 175 54 colors,
1973 2000 81 45 the
2096 1999 230 46 essential

143 2079 326 59 determining
505 2078 210 44 features
738 2093 9 29 :
781 2077 105 44 that
919 2091 83 30 ear
1035 2078 39 42 is
1110 2084 179 50 expert
1322 2078 45 43 in
1405 2079 237 59 reducing
1677 2079 80 43 the
1790 2079 150 43 visual
1975 2079 151 57 booty
2161 2084 49 38 to
2247 2093 52 31 ca-

141 2159 200 43 dences.
376 2157 135 44 Take
546 2157 139 44 these
719 2169 52 30 as
807 2155 246 45 instances
1087 2155 56 44 of
1171 2155 126 44 their
1336 2157 333 54 cooperation.

331 2289 66 59 (1)
436 2308 19 19 «
484 2290 17 43 I
536 2289 93 44 had
665 2289 144 44 taken
845 2287 358 59 automatically
1237 2303 135 30 some
1408 2289 77 43 six
1518 2303 56 29 or
1608 2289 132 59 eight
1775 2295 134 50 steps
1956 2290 47 43 in
2050 2290 189 56 pursuit
2275 2290 57 43 of

148 2387 17 20 «
205 2367 84 44 the
322 2367 179 59 fleeing
535 2373 196 50 spectre
766 2366 156 55 when,
958 2366 128 59 right
1120 2380 119 31 over
1272 2379 78 44 my
1385 2366 138 55 head,
1548 2366 79 45 the
1654 2381 119 44 grey
1813 2375 139 36 stone
1973 2369 202 43 curdled
2210 2367 116 45 with

148 2463 19 20 «
206 2459 28 29 a
273 2444 172 44 female
485 2445 266 55 darkness;
800 2444 82 43 the
934 2444 117 43 hard
1103 2444 94 44 and
1246 2444 82 43 the
1377 2444 202 57 angular
1613 2445 247 58 softening
1895 2445 45 43 in
1976 2460 26 28 a
2039 2453 285 49 putrescent

148 2540 19 19 «
207 2521 258 57 explosion
499 2521 55 43 of
583 2521 131 45 thick
748 2521 257 59 wriggling
1028 2521 239 59 laughter.
1291 2521 16 43 I
1331 2524 202 53 started,
1557 2522 179 44 looked
1761 2538 81 40 up,
1869 2524 91 42 and
1987 2525 336 43 encountered

150 2619 18 19 «
209 2614 25 29 a
267 2600 208 43 window
510 2599 179 44 stuffed
724 2599 115 43 with
872 2599 109 43 four
1015 2613 178 44 savage
1217 2597 267 60 fragments
1519 2599 55 43 of
1603 2600 253 58 crowding
1879 2600 129 44 Face
2030 2616 7 28 :
2064 2601 109 43 four
2197 2601 131 56 livid,.

150 2696 18 19 «
209 2677 185 59 shaggy
427 2676 133 45 disks
597 2676 250 57 focussing
893 2675 220 58 hungrily
1133 2690 9 41 ;
1180 2676 108 43 four
1321 2676 106 56 pair
1449 2676 55 45 of
1523 2677 215 44 uncouth
1773 2691 117 43 eyes
1926 2679 186 57 rapidly
2145 2680 151 42 smoul-

151 2773 17 19 «
209 2755 200 57 dering;
435 2754 132 58 eight
591 2754 91 55 lips
708 2752 204 59 shaking
938 2754 45 41 in
1009 2768 26 27 a
1058 2752 239 45 toothless
1331 2754 94 43 and
1458 2754 196 44 viscous
1688 2755 150 43 titter.
1879 2755 249 58 Suddenly
2167 2757 161 44 above

150 2850 18 19 «
210 2831 93 43 and
338 2830 179 44 behind
543 2830 137 43 these
705 2835 184 38 terrors
915 2842 110 31 rose
1051 2844 25 29 a
1100 2830 155 58 single
1289 2830 172 44 horror
1482 2858 61 5 —
1569 2846 26 29 a
1625 2832 129 56 crisp
1790 2832 112 45 vital
1936 2832 141 56 head,
2101 2848 27 29 a
2161 2849 165 44 young

150 2929 19 19 «
210 2910 136 57 ivory
364 2908 156 45 actual
541 2908 121 54 face,
682 2922 27 30 a
729 2908 136 58 night
888 2907 56 43 of
962 2907 122 55 firm,
1107 2907 137 57 alive,
1269 2908 78 59 icy
1368 2907 116 54 hair,
1509 2924 26 29 a
1557 2910 145 43 white
1728 2910 133 58 large
1885 2910 215 59 frightful
2124 2912 137 43 smile
2286 2931 41 24 ».

337 3027 66 61 (2)
446 3047 17 20 «
494 3028 127 44 Card
657 3028 128 43 table
808 3043 8 29 :
854 3038 29 42 4
916 3033 156 38 stares
1108 3028 109 57 play
1251 3028 195 56 banque
1480 3029 114 43 with
1628 3041 25 30 2
1692 3029 264 59 cigarettes

447 3124 16 18 «
505 3105 39 59 (1
587 3105 142 59 dead)
766 3105 41 44 &
842 3104 42 43 A
920 3105 112 56 pipe
1066 3105 82 44 the
1184 3105 217 59 clashing
1435 3107 133 43 faces
1602 3107 190 57 yanked
1828 3108 62 57 by
1926 3122 25 29 a

447 3202 17 18 «
505 3182 221 44 leanness
761 3182 55 44 of
844 3197 94 29 one
973 3182 173 44 candle
1181 3182 322 45 bottle-stuck
1541 3183 151 54 (Birth
1725 3184 55 43 of
1809 3184 63 58 X)

446 3278 18 19 «
503 3259 163 44 where
701 3259 87 44 sits
823 3259 106 44 The
964 3258 178 45 Clever
1175 3259 113 44 Man
1321 3260 108 45 who
1466 3262 260 57 pyramids,
1762 3263 132 58 sings

445 3356 18 19 «
503 3335 283 61 (mornings)
825 3336 147 45 'Meet
1006 3336 137 51 Ms?...
1173 3356 17 19 »

151 3490 18 20 «
209 3471 156 45 which
399 3471 249 57 specimen
689 3472 53 44 of
776 3472 300 59 telegraphic
1112 3472 261 58 technique
1408 3474 146 59 being
1590 3475 317 57 interpreted,
1943 3491 195 32 means:
2163 3479 168 57 Judas,

150 3566 19 19 «
211 3546 258 57 Garibaldi,
505 3549 92 43 and
632 3547 105 45 The
771 3547 210 45 Holland
1007 3547 213 59 Skipper
1253 3550 176 58 (whom
1453 3551 80 43 the
1559 3552 174 45 reader
1755 3552 92 45 will
1872 3560 131 38 meet
2026 3554 57 44 de
2103 3555 139 60 suite)
2269 3584 58 5 —
