2959 4028
2098 3073 67 35 227

543 536 173 37 August
1032 539 73 44 Sir,
1147 542 19 34 I
1194 553 111 24 came
1345 543 59 36 for
1431 544 69 35 the
1526 548 239 42 apartment.

543 596 91 39 The
662 599 199 43 Painter,
888 600 205 48 surprised.
1148 605 91 33 You
1263 603 143 37 should
1430 605 101 35 have
1555 607 87 35 said
1666 607 91 35 that
1781 607 40 35 in
1846 607 68 35 the
1938 607 86 38 first
2048 608 122 46 place.

746 670 58 34 He
831 673 114 45 opens
972 672 56 36 the
1054 673 89 35 door
1169 675 77 35 and
1270 685 99 35 gives
1394 687 22 23 a
1436 675 86 47 long
1543 676 153 37 whistle.
1734 678 115 35 Enter
1871 678 100 37 Mrs.
1995 679 227 37 Parchemin

647 730 175 47 carrying
841 731 64 36 her
925 732 95 37 dead
1041 745 67 24 son
1131 734 41 35 in
1194 734 64 36 her
1285 747 112 24 arms.

543 802 104 35 Mrs.
677 802 264 45 Parchemin,
1232 805 92 38 The
1343 808 202 42 Painter,
1564 809 167 46 together.
1787 810 116 36 Phew
1956 823 191 24 —ew—
2166 824 56 24 ew

442 881 50 4 —
519 872 56 24 ew
595 889 7 8 .
623 890 7 6 .
651 890 6 7 .

747 924 102 48 They
879 925 53 35 all
960 937 45 35 go
1036 926 51 46 off
1117 928 210 48 separately
1357 930 76 35 and
1464 930 50 35 sit
1543 930 42 36 in
1616 931 56 36 the
1698 932 95 36 three
1813 944 146 25 corners
1983 934 37 45 of
2041 934 56 36 the
2122 946 100 24 room

644 984 151 48 looking
822 990 38 31 at
886 986 89 36 each
1003 987 99 36 other
1129 988 162 48 silently.

541 1047 103 35 Mrs.
675 1047 265 38 Parchemin.
995 1051 69 41 My
1101 1061 72 24 son
1210 1050 33 35 is
1281 1051 112 36 dead.
1453 1052 70 46 (To
1561 1053 55 36 the
1655 1053 171 48 Painter)
1883 1057 40 33 It
1960 1055 32 37 is
2029 1068 80 32 you
2135 1056 87 36 who

442 1104 119 37 killed
587 1106 94 36 him.

541 1166 93 39 The
661 1169 199 38 Painter.
916 1171 121 36 What
1066 1172 68 36 did
1159 1184 82 33 you
1266 1184 72 34 say
1355 1174 14 35 ?

541 1230 105 35 Mrs.
675 1231 265 37 Parchemin.
993 1231 124 40 little
1141 1234 175 36 Maurice
1356 1235 233 37 Parchemin
1629 1237 31 36 is
1700 1238 112 37 dead.
1865 1240 91 34 You
1983 1239 118 37 killed
2127 1240 93 36 him.

440 1289 213 36 Murderer.
708 1292 211 35 Murderer.
973 1294 211 35 Murderer.

745 1352 77 36 7he
846 1352 158 37 Painter
1027 1355 128 46 plants
1173 1355 151 47 himself
1348 1357 117 46 before
1489 1358 58 36 the
1570 1359 147 44 mirror,
1743 1360 129 47 paints
1896 1361 59 36 his
1978 1362 80 45 face
2070 1363 63 35 red
2146 1363 76 35 and

643 1423 83 36 goes
755 1416 63 33 out
844 1414 177 48 weeping.

541 1473 174 37 August
741 1474 233 41 Flaneixe.
1028 1477 138 43 Alone,
1196 1481 43 33 at
1265 1479 88 36 last.

540 1536 103 35 Mrs.
673 1537 264 42 Parchemin,
981 1541 35 32 to
1059 1539 180 37 Flanelle.
1293 1540 73 43 Sir,
1402 1541 79 36 will
1516 1554 80 33 you
1633 1543 129 46 please
1797 1545 68 34 tell
1902 1557 62 24 me
1998 1546 108 35 what
2143 1557 79 33 you

442 1606 116 24 mean
585 1595 53 45 by
665 1596 102 36 that.

541 1656 174 38 August
741 1658 233 41 Fi,aneixe.
1028 1661 185 37 Anatalie
1230 1691 35 8 ..
1286 1692 6 7 .

540 1720 104 34 Mrs.
674 1721 263 37 Parchemin.
993 1722 102 36 How
1122 1724 95 36 dare
1242 1736 93 33 you,
1363 1725 158 46 August
1547 1726 174 37 Flanelle
1742 1757 34 7 ..
1797 1757 6 7 .

541 1779 235 40 Feaneixe.
831 1783 19 33 I
878 1783 88 35 love
994 1795 92 33 you.

538 1842 105 35 Mrs.
673 1843 263 36 Parchemin.
991 1843 60 37 Go
1078 1856 124 35 away,
1239 1846 64 36 sir.

742 1924 168 36 Flanelle
931 1926 126 46 plants
1076 1926 149 47 himself
1247 1927 44 36 in
1315 1927 101 46 front
1449 1929 38 46 of
1517 1930 56 37 the
1601 1931 134 36 mirror
1762 1933 77 35 and.
1862 1933 126 36 makes
2021 1933 131 36 believe
2178 1934 29 35 he-

641 1985 34 35 is
703 1985 111 48 going
844 1989 34 32 to
907 1987 111 46 paint
1046 1987 59 36 his
1138 1988 80 45 face
1246 1989 75 36 red.
1376 1990 58 35 He
1464 1992 85 35 does
1577 1993 157 47 nothing
1763 1993 38 46 of
1829 1994 56 36 the
1915 1998 84 32 sort.
2055 1994 167 45 Instead,

642 2046 42 36 he
705 2046 130 47 paints
856 2047 56 37 the
932 2047 145 47 picture
1097 2049 37 45 of
1155 2050 98 36 Mrs.
1278 2050 227 37 Parchemin
1526 2064 47 23 on
1594 2053 56 36 the
1671 2054 147 36 mirror.
1874 2056 98 35 Mrs.
1996 2056 226 36 Parchemin

639 2119 105 24 rises.
786 2108 109 36 Little
917 2110 177 37 Maurice
1114 2110 228 37 Parchemin
1359 2114 90 34 rolls
1469 2125 47 23 on
1538 2114 56 36 the
1614 2115 107 45 floor,
1744 2116 138 36 revives
1904 2118 76 34 and
2000 2129 93 24 runs
2116 2129 106 36 aivay

640 2181 42 23 as
709 2169 76 45 fast
811 2182 42 24 as
875 2170 43 36 he
940 2183 82 23 can.
1078 2171 182 47 She-fails
1283 2173 79 36 into
1385 2174 56 36 the
1464 2187 101 24 arms
1589 2176 37 46 of
1647 2176 150 47 August
1820 2178 179 36 Flanelle.

541 2251 104 36 Mrs.
675 2253 264 36 Parchemin.
994 2254 101 35 How
1122 2266 81 33 you
1230 2254 87 37 love
1345 2268 61 23 me
1425 2258 5 35 !

541 2312 234 40 Fi,aneeee.
830 2315 91 35 Yes.

741 2374 61 36 He
828 2374 117 37 kisses
974 2376 73 36 her.

536 2436 103 35 Mrs.
670 2437 263 37 Parchemin.
987 2437 83 36 The
1097 2438 107 46 palm
1235 2442 112 35 trees.

537 2495 232 40 Feaneeee.
825 2500 90 35 Yes.

739 2558 59 36 He
826 2557 118 38 kisses
970 2560 75 37 her.

536 2620 103 35 Mrs.
695 2622 263 36 Parchemin.
1013 2622 85 36 The
1132 2623 237 45 strawberry
1395 2625 217 37 ice-cream.

536 2679 234 42 Feaneeee.
825 2684 90 34 Yes.

739 2743 59 36 He
825 2743 118 37 kisses
970 2744 74 36 her.

535 2805 104 36 Mrs.
670 2806 263 36 Parchemin.
988 2808 92 34 Mrs.
1109 2806 135 38 Tiroir.
1299 2808 84 36 The
1410 2809 94 46 ugly
1531 2822 125 34 gown.

538 2864 236 42 Feaneeee.
829 2869 91 34 Yes.

739 2928 61 36 He
826 2928 119 36 kisses
970 2928 75 37 her.
