2959 4028
2108 3068 67 28 201

458 506 187 44 Mitchell,
676 509 79 36 and
782 510 104 36 their
914 510 180 48 dialogue
1120 525 81 25 was
1229 514 77 36 due
1334 513 120 47 solely
1484 518 44 34 to
1555 516 70 36 the
1653 517 146 36 chance
1825 518 129 37 which
1982 520 124 36 threw
2133 520 110 37 them

458 569 193 45 together,
680 571 103 36 after
809 572 70 36 the
904 574 142 45 Opera,
1076 586 51 24 on
1154 575 69 36 the
1249 576 102 36 back
1378 576 190 47 platform
1594 578 41 36 of
1662 591 52 24 an
1741 580 181 38 autobus.

557 630 112 47 They
696 632 137 38 talked
859 633 110 48 shop.
1067 638 94 44 Just
1193 649 88 25 now
1314 638 69 36 the
1417 639 93 46 only
1544 640 151 46 quality
1733 641 126 36 which
1891 642 185 39 interests
2109 657 63 24 me
2204 644 39 37 in

458 704 22 23 a
692 694 87 37 said
807 695 163 44 Walter,
1044 697 32 37 is
1105 698 52 37 its
1187 699 252 46 geometrical
1468 702 272 36 construction
1757 714 6 24 :
1797 703 178 37 whether
2003 705 33 36 it
2065 705 31 38 is
2126 706 117 47 plane

457 766 43 23 or
524 753 113 44 solid,
665 755 165 37 circular
854 769 43 24 or
920 759 176 45 conical;
1122 760 177 37 whether
1324 772 44 25 or
1392 765 71 32 not
1487 762 52 37 its
1564 762 164 38 balance
1752 764 33 37 is
1809 765 175 47 perfect;
2011 767 177 37 whether
2211 768 32 36 it

456 816 96 36 ends
579 819 44 33 at
650 830 23 23 a
699 818 117 46 given
842 819 114 47 point
977 832 43 24 or
1040 822 201 45 proceeds,
1263 821 78 38 like
1362 823 158 46 parallel
1544 823 109 45 lines,
1675 825 87 36 into
1782 826 170 46 infinity.
2007 828 109 38 Take
2135 829 108 40 Eliot

455 876 61 36 for
543 879 191 47 example.
788 880 58 37 To
872 893 62 25 me
957 882 70 37 the
1053 883 135 36 charm
1213 884 40 35 of
1277 884 61 37 his
1364 889 142 42 poetry
1530 886 32 37 is
1587 886 70 37 the
1681 887 83 36 fact
1788 888 93 36 that
1903 889 34 36 it
1961 889 32 37 is
2018 891 158 36 written
2202 892 41 36 in

456 941 80 33 two
563 940 135 46 planes
717 953 5 25 :
754 955 74 24 one
849 943 70 37 the
942 943 116 47 plane
1082 945 40 35 of
1145 946 209 46 quotidian
1377 946 67 37 life
1467 947 79 36 and
1569 948 69 37 the
1672 949 113 36 other
1825 962 23 24 a
1886 951 134 46 region
2059 952 40 36 of
2137 957 106 33 utter

654 1005 105 44 Very
786 1004 120 47 softly
938 1005 49 37 he
1013 1006 128 47 began
1167 1010 45 32 to
1240 1012 142 41 quote:

656 1096 172 45 Phlebas,
858 1099 31 35 le
917 1098 221 45 Phenicien,
1167 1101 169 46 pendant
1361 1102 133 48 qitinze
1522 1103 105 47 jours
1655 1116 92 36 noye

656 1158 170 37 Oubliait
852 1160 51 36 les
931 1160 71 37 oris
1031 1162 61 35 des
1122 1166 174 33 mouetles
1324 1167 33 33 et
1382 1164 38 36 la
1448 1165 107 37 houle
1581 1166 44 36 de
1655 1166 252 46 Cornouaille,

597 1252 18 33 I
644 1250 116 36 think
787 1252 227 37 sometimes
1045 1254 92 35 that
1170 1254 153 37 artistic
1355 1256 150 45 beauty
1536 1257 33 37 is
1602 1258 136 45 nearly
1766 1259 150 37 related
1947 1264 43 32 to
2023 1262 192 37 mathema-

451 1309 86 37 tics.
676 1312 56 36 At
756 1312 81 38 this
861 1314 114 45 point
1000 1315 49 36 he
1073 1316 171 46 stopped
1269 1317 208 45 suddenly,
1501 1318 179 37 Mitchell
1703 1320 99 44 said,
1829 1333 43 24 as
1896 1321 30 36 if
1950 1322 50 37 he
2023 1322 82 38 had
2130 1324 90 37 unin-

452 1372 238 46 tentionally
716 1373 236 38 introduced
980 1376 69 36 the
1077 1377 157 46 subject
1261 1378 40 36 of
1329 1379 168 46 sodomy
1524 1383 44 33 to
1597 1393 23 23 a
1647 1381 235 48 Cambridge
1909 1387 215 43 tea-party.
2223 1389 19 34 I

452 1436 64 42 try
545 1437 43 33 to
614 1435 100 47 keep
743 1448 113 34 away
882 1437 103 36 from
1022 1439 223 38 aesthetics.
1300 1440 84 37 The
1418 1441 92 37 field
1545 1442 132 38 would
1712 1443 49 37 be
1797 1444 239 49 fascinating
2071 1446 62 36 for
2168 1460 74 31 me,

452 1495 73 36 but
555 1496 30 36 if
603 1526 6 6 .
632 1526 5 6 .
660 1527 6 6 .
698 1510 91 24 ever
813 1500 19 34 I
858 1500 162 36 entered
1044 1500 43 43 it,
1115 1503 18 33 I
1159 1501 142 37 should
1325 1503 49 36 be
1399 1503 102 37 dead
1525 1516 43 24 as
1587 1517 22 23 a.
1627 1509 119 42 poet.
1768 1535 6 6 .
1796 1536 6 6 .
1836 1507 93 36 And
1947 1508 169 45 anyhow
2132 1509 111 37 there

452 1569 65 25 are
534 1569 52 25 no
603 1559 157 45 general
778 1561 209 47 principles
1006 1574 7 32 ;
1034 1565 19 34 I
1071 1566 67 42 try
1155 1566 44 33 to
1216 1568 106 33 treat
1341 1565 96 36 each
1455 1577 86 25 new
1557 1568 110 34 work
1686 1579 42 25 as
1747 1580 23 24 a
1788 1580 85 24 new
1891 1569 189 47 problem.
2136 1573 107 35 Once

449 1630 81 34 you
547 1620 116 47 begin
675 1624 44 34 to
736 1621 280 49 philosophize,
1034 1637 81 32 you
1133 1637 111 25 cease
1260 1629 44 32 to
1328 1627 50 36 be
1395 1639 52 24 an
1717 1630 106 45 Why
1841 1630 14 37 ?
1920 1632 122 36 asked
2052 1632 188 38 Mitchell.

552 1682 151 37 Walter
727 1683 146 38 waited
899 1696 108 26 some
1033 1686 98 36 time
1158 1687 133 37 before
1318 1689 189 47 replying.
1562 1692 86 35 One
1675 1691 117 37 could
1827 1693 132 36 watch
1995 1694 152 37 several
2175 1707 44 24 an-

449 1754 117 27 swers
595 1745 138 46 quiver
759 1745 41 36 in
827 1749 95 34 turn
950 1760 51 23 on
1028 1747 60 38 his
1115 1748 87 47 lips,
1230 1750 178 37 Mitchell
1434 1750 87 38 told
1548 1764 63 24 me
1628 1764 7 32 ;
1666 1752 138 47 replies
1827 1754 130 37 which
1975 1755 131 37 would
2133 1757 108 37 show

449 1805 69 37 the
545 1807 151 35 eternal
722 1812 270 42 separateness
1020 1809 40 37 of
1086 1811 70 36 the
1183 1811 151 37 critical
1352 1813 79 36 and
1448 1813 69 36 the
1535 1815 172 36 creative
1724 1815 185 38 instincts
1926 1829 8 31 ;
1963 1829 130 34 vague
2120 1830 90 25 mem-

449 1866 99 38 ories
573 1867 40 36 of
637 1868 221 39 Whistler's
884 1870 85 37 Ten
995 1871 183 44 O'Clock,
1204 1874 71 35 the
1300 1875 277 37 conversation
1613 1875 40 37 of
1686 1876 61 37 his
1782 1889 88 25 own
1904 1890 139 35 group,
2069 1880 80 36 and
2173 1881 69 36 the

448 1929 117 36 Dada
590 1930 225 38 Manifesto.
870 1935 87 34 One
980 1945 94 24 man
1096 1935 114 36 knew
1234 1935 113 36 them
1368 1936 85 47 just
1477 1949 43 26 as
1542 1936 88 37 well
1653 1950 43 25 as
1719 1939 70 37 the
1813 1940 124 43 other,
1964 1941 79 36 and
2065 1941 178 38 Mitchell

447 2002 82 26 was
560 1992 171 45 grateful
764 1994 92 36 that
887 1994 51 36 he
976 1995 68 36 did
1082 1999 72 33 not
1191 2001 136 42 repeat
1364 1998 124 37 them.
1517 2000 176 43 Instead,
1731 2001 151 37 Walter
1919 2002 157 37 seemed
2112 2006 44 33 to
2194 2004 49 37 be

447 2051 188 49 thinking
663 2058 71 33 out
757 2055 69 37 the
851 2056 177 47 problem
1052 2057 62 36 for
1136 2058 167 44 himself,
1330 2060 81 36 and
1434 2060 33 36 it
1489 2073 80 25 was
1594 2074 24 23 a
1641 2062 92 48 long
1749 2062 97 38 time
1870 2063 134 38 before
2020 2064 50 38 he
2086 2066 157 37 arrived

447 2121 42 31 at
515 2127 80 34 any
621 2116 186 38 solution.
863 2118 168 46 Finally,
1103 2121 184 36 Damned
1314 2121 31 36 if
1371 2124 19 34 I
1681 2124 97 37 said.

546 2178 190 44 Mitchell,
766 2179 135 37 unlike
926 2180 62 37 his
1014 2185 167 40 custom,
1209 2183 160 47 pressed
1394 2184 70 36 the
1489 2189 221 43 argument.
1809 2189 91 34 You
1926 2199 106 26 seem
2057 2192 43 33 to
2125 2189 118 38 think

446 2238 93 38 that
565 2251 24 25 a
614 2239 91 38 wall
732 2241 122 38 exists
875 2242 179 38 between
1076 2243 190 39 criticism
1287 2246 81 36 and
1388 2247 189 44 creation,
1601 2248 80 36 and
1701 2248 94 38 that
1814 2261 82 34 you
1917 2254 108 34 must
2046 2251 50 37 be
2117 2251 126 38 either

446 2312 52 25 on
525 2313 74 25 one
625 2302 84 38 side
727 2315 44 24 or
786 2303 71 37 the
873 2305 115 37 other
1006 2317 8 32 ;
1035 2317 42 26 as
1094 2306 31 37 if
1141 2318 82 34 you
1239 2319 101 26 were
1355 2308 42 36 in
1414 2308 155 39 Belfast
1586 2310 79 37 and
1682 2311 221 46 somebody
1929 2316 75 43 put
2022 2324 23 25 a
2062 2315 179 36 revolver

446 2366 44 33 to
515 2375 101 33 your
642 2364 103 37 head
773 2366 80 37 and
880 2367 122 36 asked
1022 2368 178 36 whether
1221 2381 81 33 you
1322 2382 101 25 were
1444 2373 234 36 Protestant
1700 2385 43 24 or
1762 2373 193 37 Catholic.
2012 2375 228 47 Personally

446 2427 19 33 I
494 2437 73 24 can
594 2437 64 26 see
686 2439 52 24 no
763 2427 98 38 such
889 2429 162 39 definite
1077 2430 245 45 distinction,
1349 2444 72 25 nor
1446 2433 116 37 could
1588 2436 19 34 I
1634 2446 91 25 ever
1750 2435 136 37 decide
1909 2436 129 36 where
2063 2437 176 37 creation

445 2487 127 36 ended
600 2488 79 36 and
706 2489 188 38 criticism
920 2491 128 46 began
1068 2521 63 8 ...
1185 2492 84 37 The
1294 2505 110 26 same
1428 2495 100 36 with
1554 2499 62 32 art
1644 2497 79 36 and
1750 2497 223 45 aesthetics;
2007 2498 104 37 their
2150 2499 66 37 bor-

444 2549 88 36 ders
560 2561 65 24 are
654 2550 215 38 indefinite.
924 2553 129 36 When
1080 2553 225 39 Gourmont
1332 2568 43 24 or
1400 2556 206 38 Mallarme
1632 2558 221 46 originated
1878 2571 51 24 an
1954 2561 194 36 aesthetic
2176 2561 63 48 (he

445 2611 116 37 chose
587 2623 137 26 names
750 2613 130 37 which
900 2614 149 37 Walter
1066 2615 132 38 would
1216 2618 167 48 respect)
1405 2618 98 46 they
1522 2619 68 37 did
1609 2622 72 33 not
1700 2632 111 26 cease
1829 2620 103 37 from
1949 2622 94 36 that
2061 2628 178 32 moment

444 2676 43 33 to
515 2672 49 37 be
591 2674 136 38 artists
745 2687 7 32 ;
782 2675 40 36 in
850 2676 84 36 fact
960 2677 104 36 their
1091 2681 63 33 art
1172 2678 32 37 is
1225 2679 226 46 dependent
1470 2692 51 24 on
1541 2682 225 37 aesthetics.
1820 2682 53 39 So
1891 2683 33 37 is
1943 2683 53 36 all
2015 2684 114 37 other
2147 2690 87 40 art;

444 2746 108 25 some
578 2740 114 42 poets
727 2749 44 24 or
796 2738 177 46 painters
999 2738 118 37 think
1145 2744 71 33 out
1241 2753 23 24 a
1286 2745 153 42 system
1465 2742 60 36 for
1549 2743 252 45 themselves,
1821 2745 81 37 and
1924 2757 111 25 some
2059 2758 66 26 are
2148 2760 68 24 con-

443 2800 89 34 tent
561 2801 43 32 to
634 2798 153 37 borrow
806 2829 63 7 ...
1033 2813 81 25 was
1134 2801 212 39 Mitchell's
1366 2804 152 37 station
1535 2805 80 36 and
1634 2805 50 38 he
1712 2806 165 47 jumped
1907 2807 127 37 down.
2089 2809 152 38 Walter

444 2859 68 37 did
538 2862 73 34 not
638 2872 100 25 even
764 2873 64 25 see
853 2862 85 36 him
971 2874 49 36 go
1037 2874 9 33 ;
1091 2863 61 38 his
1189 2877 92 34 eyes
1317 2865 81 37 had
1435 2865 148 39 drifted
1619 2867 87 37 into
1738 2869 70 36 the
1844 2881 180 35 vacancy
2060 2871 41 36 of
2136 2872 105 37 their

442 2921 115 38 usual
588 2925 118 35 stare.
