2959 4028
798 3052 69 25 210

746 515 118 42 back
892 513 117 43 their
1038 514 184 42 breaths
1251 513 47 41 in
1326 513 228 56 profound
1582 512 277 50 veneration,
1892 513 112 42 each
2033 513 190 42 anxious
2253 518 49 37 to
2331 518 172 39 contem-

746 586 124 55 plate
901 585 69 42 his
1000 585 219 55 speaking
1249 585 193 42 likeness
1473 585 70 41 for
1573 585 80 41 the
1684 585 98 41 first
1813 584 125 43 time.
1999 585 63 42 At
2095 585 123 54 eight
2248 585 138 52 yards
2417 585 118 43 from

746 658 110 41 each
901 657 142 46 other,
1088 656 89 43 like
1225 662 92 37 two
1361 657 147 42 lovers
1551 657 112 52 they
1706 656 77 42 fall
1830 656 225 54 suddenly
2101 657 208 54 together
2340 656 194 43 without

746 744 91 37 any
865 729 134 42 effort
1028 729 91 41 and
1147 729 207 43 embrace
1397 728 112 43 with
1552 727 179 55 dignity
1769 729 91 41 and
1897 728 244 54 gratitude,
2182 728 47 42 in
2269 743 26 28 a
2333 729 122 55 clasp
2486 743 48 28 as

745 801 160 43 tender
932 814 49 28 as
1007 800 105 42 that
1149 800 48 42 of
1237 815 27 27 a
1289 800 186 44 brother
1504 801 90 41 and
1620 815 27 27 a
1672 799 143 44 sister.
1879 800 163 43 Carnal
2068 800 168 44 desires
2263 800 165 53 closely
2454 800 60 42 fol-

745 873 82 42 low
852 872 93 43 this
967 872 221 43 amicable
1211 872 190 55 display.
1463 872 108 43 Two
1593 872 171 54 sinewy
1787 872 153 55 thighs
1963 872 89 44 like
2074 877 90 38 two
2187 872 172 43 leeches
2383 872 149 44 fasten

744 945 166 52 closely
937 950 51 37 to
1030 945 79 42 the
1153 945 239 42 monster's
1435 944 180 43 viscous
1652 943 101 43 skin
1793 945 91 43 and
1921 945 137 42 twine
2101 944 112 43 with
2250 944 102 43 love
2391 945 144 44 about

744 1018 78 42 the
853 1017 124 52 body
1007 1016 49 42 of
1085 1016 79 44 the
1196 1016 133 44 loved
1361 1017 165 53 object,
1559 1016 131 44 while
1721 1016 118 44 their
1870 1018 178 42 throats
2081 1017 90 42 and
2217 1017 176 42 breasts
2424 1030 111 30 soon

744 1089 117 42 form
893 1089 85 42 but
1014 1102 25 27 a
1072 1088 214 54 glaucous
1320 1101 120 30 mass
1472 1087 90 44 like
1594 1089 80 42 the
1707 1089 284 42 exhalations
2024 1089 48 42 of
2103 1089 202 42 seaweed
2325 1101 10 38 ;
2376 1089 46 42 in
2455 1090 80 42 the

744 1161 138 43 midst
912 1160 47 42 of
986 1162 79 41 the
1093 1165 144 37 storm
1265 1160 145 42 which
1438 1159 93 44 still
1559 1173 127 41 rages
1707 1174 9 37 ;
1746 1161 64 52 by
1837 1161 80 42 the
1945 1161 115 43 flash
2088 1161 48 42 of
2163 1160 261 56 lightnings,
2455 1162 80 42 the

745 1247 165 41 spumy
935 1247 129 28 wave
1091 1232 70 42 for
1187 1232 117 43 their
1330 1232 241 53 hymeneal
1598 1232 101 50 bed,
1720 1233 112 53 they
1860 1247 75 28 are
1961 1238 144 51 swept
2133 1234 134 54 along
2287 1234 64 52 by
2373 1247 59 28 an
2453 1247 56 28 un-

743 1306 261 41 dercurrent
1031 1318 49 29 as
1105 1304 176 54 though
1306 1305 48 42 in
1379 1319 27 28 a
1433 1303 149 44 cradle
1608 1305 92 42 and
1726 1304 160 55 rolling
1912 1319 107 29 over
2045 1305 111 43 each
2182 1306 131 42 other
2338 1306 197 42 towards

742 1378 79 42 the
849 1378 166 55 depths
1042 1376 48 43 of
1118 1377 80 41 the
1227 1377 174 53 abysm,
1458 1376 118 54 cling
1603 1378 209 53 together
1840 1378 133 54 again
1999 1378 48 42 in
2076 1392 26 28 a
2130 1378 104 54 long
2262 1379 156 41 chaste
2446 1378 90 42 and

743 1449 188 43 hideous
964 1449 263 56 copulation
1249 1449 56 42 !...
1368 1449 63 42 At
1464 1449 89 44 last
1587 1452 23 39 I
1644 1450 92 42 had
1770 1449 143 43 found
1945 1463 212 29 someone
2190 1451 100 41 who
2323 1463 92 28 was
2447 1449 90 43 like

744 1536 71 28 me
836 1522 7 41 !
906 1521 138 42 From
1070 1521 105 43 that
1204 1526 204 37 moment
1436 1523 24 39 I
1488 1535 92 29 was
1608 1536 59 27 no
1696 1521 153 54 longer
1877 1522 131 42 alone
2035 1522 47 41 in
2110 1522 79 42 the
2216 1522 141 42 world
2377 1522 7 41 !
2447 1521 89 45 She

742 1594 93 41 had
865 1594 80 41 the
975 1607 125 28 same
1132 1592 124 42 ideas
1288 1606 50 28 as
1370 1592 207 53 myself...
1641 1595 23 39 I
1696 1594 134 41 stood
1862 1593 154 42 before
2048 1607 79 39 my
2157 1594 98 42 first
2286 1593 103 43 love
2409 1594 8 41 !

859 1739 39 42 O
925 1742 178 37 austere
1130 1736 331 51 mathematics,
1493 1739 22 40 I
1542 1738 119 43 have
1687 1742 82 38 not
1796 1738 230 54 forgotten
2052 1753 93 39 you
2170 1739 121 43 since
2317 1739 79 42 the
2423 1738 112 44 time

741 1823 115 40 your
885 1809 183 43 learned
1098 1808 181 52 lessons,
1312 1814 187 38 sweeter
1528 1809 115 44 than
1672 1810 163 52 honey,
1867 1810 262 56 percolated
2157 1811 99 42 into
2297 1825 79 38 my
2404 1811 132 42 heart

740 1882 90 42 like
862 1896 27 28 a
920 1881 247 54 refreshing
1198 1881 133 43 flood.
1395 1882 334 53 Instinctively,
1765 1882 119 42 from
1914 1883 80 42 the
2025 1882 162 51 cradle,
2219 1885 23 39 I
2276 1882 178 56 aspired
2485 1888 50 37 to

741 1954 134 42 drink
902 1952 114 43 from
1046 1967 116 39 your
1188 1953 166 55 spring,
1387 1968 123 28 more
1549 1954 196 50 ancient,
1788 1955 115 42 than
1940 1956 80 41 the
2058 1969 98 36 sun,
2199 1956 91 41 and
2328 1954 93 43 still
2457 1955 80 42 the

741 2030 120 40 most
886 2026 197 42 devoted
1107 2025 48 43 of
1178 2039 115 39 your
1310 2025 202 44 initiates
1529 2029 24 39 I
1571 2027 217 42 continue
1812 2032 49 37 to
1885 2027 131 42 tread
2033 2027 79 42 the
2129 2027 157 42 sacred
2310 2027 227 55 precincts

740 2098 48 43 of
817 2112 116 39 your
962 2097 174 43 solemn
1166 2096 182 58 temple.
1411 2097 144 44 There
1586 2098 38 43 is
1656 2113 27 28 a
1715 2099 108 43 void
1854 2099 48 42 in
1934 2114 79 38 my
2043 2098 144 56 spirit,
2222 2114 26 27 a
2279 2098 258 54 something

738 2170 129 43 thick
894 2183 49 29 as
971 2170 169 50 smoke,
1169 2170 85 43 but
1282 2173 24 39 I
1333 2170 137 43 know
1496 2171 102 42 how
1625 2176 49 37 to
1701 2185 107 42 pass
1836 2170 258 55 religiously
2121 2171 80 42 the
2227 2176 125 49 steps
2389 2170 148 43 which

738 2243 102 43 lead
865 2248 48 36 to
940 2256 116 39 your
1081 2242 118 42 altar
1225 2244 91 41 and
1340 2257 93 39 you
1458 2244 118 42 have
1601 2243 166 43 chased
1793 2258 132 38 away
1949 2244 80 42 the
2054 2244 189 42 obscure
2268 2243 89 43 veil
2384 2257 49 28 as
2458 2243 79 42 the

738 2316 122 41 wind
899 2320 157 50 upsets
1098 2330 27 27 a
1166 2316 355 54 draughtboard.
1584 2319 57 39 In
1680 2316 60 43 its
1780 2316 130 56 place
1949 2330 94 40 you
2081 2321 86 50 put
2208 2331 60 27 an
2308 2316 229 43 excessive

739 2387 219 49 coldness,
1009 2402 27 27 a
1082 2392 315 38 consummate
1441 2389 229 54 prudence
1717 2389 92 41 and
1855 2403 61 27 an
1961 2387 271 56 implacable
2270 2387 128 55 logic.
2465 2390 72 51 By

738 2461 79 41 the
847 2460 76 42 aid
952 2460 48 42 of
1027 2473 116 39 your
1172 2460 238 54 fortifying
1440 2460 124 51 milk,
1597 2475 80 39 my
1714 2460 284 55 intelligence
2037 2462 82 41 has
2160 2460 180 56 rapidly
2385 2460 127 44 devel-

736 2533 130 54 oped,
900 2533 91 41 and
1019 2533 83 42 has
1130 2533 140 42 taken
1299 2547 60 28 on
1387 2547 240 29 enormous
1655 2533 303 55 proportions,
1989 2533 48 42 in
2065 2533 79 42 the
2173 2538 153 39 centre
2370 2533 48 43 of
2444 2533 93 43 this

736 2603 231 55 ravishing
993 2604 115 54 light
1134 2604 148 43 which
1308 2619 94 39 you
1428 2610 184 50 present
1637 2604 258 57 prodigally
1920 2611 49 37 to
2013 2606 132 42 those
2186 2606 102 42 who
2314 2605 104 43 love
2444 2620 93 38 you

734 2677 112 42 with
886 2692 26 27 a
950 2676 170 44 sincere
1157 2678 115 43 love.
1335 2677 296 44 Arithmetic!
1686 2678 204 55 algebra!
1943 2679 258 53 geometry!
2244 2678 291 54 magnificent

734 2749 175 53 trinity,
934 2749 228 43 luminous
1183 2750 205 55 triangle.
1451 2753 73 39 He
1545 2751 101 42 who
1669 2752 83 42 has
1773 2756 82 37 not
1876 2751 167 42 known
2063 2765 94 39 you
2178 2751 37 43 is
2237 2766 27 27 a
2277 2751 108 42 mad
2397 2765 108 27 man
2526 2751 7 40 !

734 2823 72 41 He
844 2822 207 42 deserves
1089 2822 80 42 the
1206 2827 199 49 greatest
1442 2827 239 46 torments,
1722 2823 69 42 for
1828 2824 129 41 there
1985 2823 38 42 is
2060 2823 211 54 ignorant
2319 2836 132 29 scorn
2489 2821 46 42 in

734 2893 68 43 his
833 2893 162 43 foolish
1025 2893 292 44 carelessness
1337 2908 10 37 ;
1380 2895 85 42 but
1496 2895 56 42 he
1581 2895 101 42 who
1713 2895 158 42 knows
1902 2895 92 42 and
2023 2894 282 56 appreciates
2335 2909 94 38 you
2459 2894 76 42 de-
