2959 4028
838 3067 69 35 206

775 537 62 42 sel
868 536 101 42 fires
999 535 61 42 its
1089 534 185 43 distress
1303 549 92 39 gun
1426 535 130 53 again
1589 536 90 40 and
1709 535 176 53 again...
1935 535 85 41 but
2050 534 123 43 sinks
2200 534 167 51 slowly,
2403 534 133 53 majes-

776 608 201 52 tically...
1004 609 72 40 He
1100 608 106 41 does
1245 613 82 36 not
1351 609 133 40 know
1506 608 103 41 that
1629 607 83 44 .the
1734 607 100 54 ship
1857 607 47 40 in
1928 606 178 54 sinking
2142 620 155 27 causes
2331 620 25 26 a
2391 606 177 53 mighty

775 680 228 53 billowing
1040 679 47 42 of
1124 680 78 41 the
1240 693 150 29 waves
1427 680 142 41 about
1607 679 270 43 themselves
1898 691 9 38 ;
1947 679 104 41 that
2089 679 79 41 the
2204 678 134 51 slimy
2375 691 109 28 ooze
2531 678 37 42 is

777 753 151 41 mixed
959 751 111 42 with
1100 752 80 41 the
1209 751 209 42 troubled
1451 757 164 36 waters
1646 751 90 41 and
1767 750 103 42 that
1903 765 26 26 a
1960 750 120 41 force
2111 749 118 42 from
2258 749 155 49 below,
2448 763 96 27 reac-

775 825 98 41 tion
901 824 47 41 of
974 824 79 41 the
1079 828 197 49 tempest
1304 823 147 41 which
1477 823 146 42 works
1649 822 60 42 its
1736 835 188 40 ravages
1961 822 158 48 above,
2167 821 154 41 makes
2363 821 79 42 the
2484 820 63 42 ele-

777 901 126 37 ment
930 895 111 42 shift
1068 895 225 52 suddenly
1321 896 90 40 and
1439 894 253 52 nervously.
1759 893 136 49 Thus,
1917 893 174 55 despite
2109 893 79 41 the
2205 893 130 41 stock
2363 893 47 41 of
2437 906 105 40 sang-

776 968 117 42 froid
922 968 56 41 he
1006 967 160 55 plucks
1195 980 61 40 up
1286 966 47 41 in
1364 966 214 49 advance,
1611 966 79 41 the
1719 965 141 41 about
1878 969 49 37 to
1948 965 56 41 be
2022 964 212 42 drowned
2264 978 107 27 man
2401 964 162 42 should

775 1055 60 27 on
861 1041 153 52 longer
1042 1039 229 42 reflection
1298 1038 205 41 consider
1529 1037 179 42 himself
1734 1037 156 54 happy
1916 1037 47 49 if,
1992 1037 47 40 in
2065 1037 79 40 the
2161 1035 233 56 whirlpool
2411 1035 51 42 of
2488 1035 79 42 the

777 1114 173 52 abysm,
986 1112 56 41 he
1072 1111 212 54 prolongs
1315 1110 69 41 his
1415 1109 76 42 life
1524 1124 84 26 one
1640 1108 95 42 half
1766 1108 47 42 of
1846 1123 54 27 an
1921 1108 214 52 ordinary
2151 1108 162 41 breath
2351 1109 63 52 (to
2437 1107 127 42 leave

776 1200 26 27 a
840 1185 117 53 good
995 1183 206 54 margin).
1265 1181 239 42 Therefore
1542 1181 37 42 it
1616 1181 90 42 will
1742 1181 57 42 be
1836 1180 259 55 impossible
2133 1179 69 42 for
2239 1178 96 42 him
2371 1185 49 35 to
2460 1178 107 53 defy

776 1256 150 49 death,
969 1255 68 42 his
1077 1269 207 40 supreme
1324 1254 154 42 desire.
1542 1253 94 42 The
1674 1252 249 56 imperilled
1962 1251 141 44 vessel
2143 1252 102 41 fires
2283 1251 59 42 its
2382 1250 185 43 distress

775 1342 114 41 guns
933 1328 132 54 again
1108 1328 90 41 and
1241 1326 177 54 again...
1463 1327 85 41 but
1590 1326 124 42 sinks
1756 1324 200 52 slowly...
2003 1323 311 54 majestically.
2378 1323 84 41 It's
2510 1337 57 27 an

776 1415 132 28 error.
971 1403 47 39 It
1054 1414 59 27 no
1150 1400 153 53 longer
1338 1399 103 42 fires
1476 1397 59 43 its
1573 1397 183 42 distress
1792 1411 127 40 guns,
1959 1397 36 41 it
2032 1397 106 41 does
2175 1401 80 36 not
2292 1395 113 42 sink.
2472 1395 96 41 The

776 1472 198 43 nutshell
1018 1472 38 42 is
1100 1470 271 56 completely
1415 1470 224 53 engulfed.
1703 1471 39 41 O
1787 1470 196 40 heavens
2004 1469 7 40 !
2075 1469 101 40 how
2220 1482 84 26 can
2348 1481 85 28 one
2478 1466 88 42 live

777 1546 117 41 after
924 1544 170 53 having
1125 1543 293 54 experienced
1449 1543 110 40 such
1591 1542 175 40 intense
1797 1540 205 55 pleasure
2023 1541 6 39 !
2094 1542 46 38 It
2171 1540 82 40 has
2284 1539 115 41 been
2431 1538 132 53 given

776 1632 70 27 me
877 1622 49 36 to
955 1615 182 42 witness
1167 1616 78 40 the
1276 1615 139 41 death
1444 1627 143 41 pangs
1617 1613 48 41 of
1695 1627 139 37 many
1863 1611 47 42 of
1940 1626 78 37 my
2048 1610 181 42 fellows.
2292 1611 175 41 Minute
2498 1611 63 51 by

775 1691 174 40 minute
985 1689 23 39 I
1046 1686 206 43 followed
1288 1686 78 42 the
1404 1684 282 44 vicissitudes
1721 1684 48 42 of
1804 1683 117 42 their
1959 1682 192 54 agonies.
2215 1683 115 41 Now
2355 1683 79 40 the
2471 1681 72 42 bel-

773 1761 165 52 lowing
969 1759 47 42 of
1048 1773 124 28 some
1204 1759 75 41 old
1310 1772 192 35 woman,
1538 1757 107 41 mad
1677 1756 113 42 with
1822 1756 152 53 fright,
2010 1754 73 42 led
2115 1754 78 42 the
2217 1754 190 41 market.
2453 1754 114 41 Now

774 1834 79 42 the
880 1831 183 56 yelping
1091 1831 47 43 of
1167 1846 26 26 a
1221 1831 124 52 baby
1375 1835 48 37 at
1451 1830 80 42 the
1558 1830 153 42 breast
1739 1827 250 57 prevented
2016 1841 86 28 one
2131 1826 118 41 from
2276 1825 186 53 hearing
2490 1825 78 41 the

774 1904 223 57 captain's
1027 1905 164 40 orders.
1258 1902 94 43 The
1381 1902 100 55 ship
1510 1916 93 27 was
1631 1907 78 36 too
1739 1900 69 43 far
1836 1900 63 42 off
1928 1899 69 42 for
2036 1914 71 27 me
2147 1903 49 37 to
2234 1897 206 55 perceive
2479 1896 66 42 dis-

774 1977 167 53 tinctly
970 1977 79 41 the
1079 1989 158 28 moans
1277 1973 146 42 which
1452 1974 79 41 the
1560 1978 145 37 storm
1734 1973 197 53 brought
1963 1985 83 36 me,
2079 1971 85 42 but
2210 1972 23 39 I
2279 1968 289 56 approached

773 2050 113 42 with
915 2064 79 37 my
1020 2047 90 43 will
1139 2047 90 42 and
1256 2046 80 42 the
1364 2044 169 56 optical
1561 2044 180 42 illusion
1768 2057 93 29 was
1889 2042 236 56 complete.

891 2121 153 52 Every
1071 2124 184 50 quarter
1281 2119 126 48 hour,
1437 2117 131 42 when
1595 2131 124 28 some
1745 2121 207 49 stronger
1978 2116 122 41 blast
2118 2114 46 42 of
2180 2114 122 42 wind
2318 2112 250 56 producing

774 2193 60 44 its
867 2192 229 43 mournful
1127 2196 129 37 notes
1288 2191 146 42 above
1464 2191 78 41 the
1573 2203 80 39 cry
1682 2189 48 42 of
1759 2188 197 43 terrified
1987 2186 179 57 petrels,
2212 2185 248 43 dislocated
2490 2185 78 40 the

774 2265 144 44 vessel
943 2265 47 42 in
1016 2262 303 56 longitudinal
1345 2264 168 48 cracks,
1544 2263 90 41 and
1660 2260 231 43 increased
1916 2260 80 42 the
2022 2259 147 55 plaint
2196 2258 47 42 of
2269 2258 130 41 those
2427 2257 141 41 about

774 2344 49 36 to
852 2338 56 42 be
937 2337 169 41 offered
1136 2349 49 29 as
1214 2336 236 41 holocaust
1479 2340 50 37 to
1559 2334 151 50 death,
1743 2336 23 39 I
1797 2333 91 53 dug
1916 2333 79 41 the
2023 2330 255 55 sharpened
2305 2329 131 55 point
2467 2328 46 42 of
2543 2343 25 27 a

773 2411 124 56 piece
927 2409 47 42 of
1004 2408 98 42 iron
1132 2408 98 42 into
1261 2422 79 38 my
1369 2407 141 43 cheek
1541 2407 91 41 and
1662 2406 196 53 thought
1888 2403 193 52 secretly
2103 2417 6 28 :
2192 2401 190 53 They're
2412 2400 134 43 suffer-

774 2483 76 54 ing
870 2497 101 27 now
994 2483 6 40 !
1112 2479 122 43 Thus
1256 2485 49 36 at
1325 2479 115 42 least
1461 2481 23 39 I
1505 2479 91 41 had
1616 2492 125 28 some
1772 2476 187 43 method
1990 2475 47 43 of
2067 2474 297 56 comparison.
2430 2474 137 41 From

774 2556 79 42 the
884 2556 144 47 shore,
1066 2556 22 38 I
1122 2552 346 56 apostrophised
1500 2552 139 48 them,
1676 2550 176 53 casting
1884 2548 321 55 imprecations
2239 2547 85 41 and
2362 2558 206 30 menaces

773 2643 124 40 upon
937 2627 140 42 them.
1140 2627 24 40 I
1202 2625 198 53 thought
1439 2625 111 51 they
1589 2628 123 37 must
1750 2623 108 41 hear
1896 2636 85 27 me.
2045 2623 46 39 It
2129 2620 179 42 seemed
2347 2619 104 41 that
2491 2632 77 37 my

774 2700 176 50 hatred,
976 2714 78 38 my
1081 2698 174 54 speech,
1284 2697 179 55 leaping
1484 2697 79 41 the
1589 2695 218 49 distance,
1835 2693 279 42 annihilated
2137 2693 78 40 the
2237 2691 206 55 physical
2462 2691 106 41 laws

774 2773 47 42 of
849 2772 147 43 sound
1027 2772 90 41 and
1147 2771 179 42 arrived
1356 2770 187 42 distinct
1573 2773 50 38 to
1653 2768 117 42 their
1804 2780 97 29 ears
1924 2765 223 43 deafened
2168 2765 64 52 by
2253 2765 80 41 the
2356 2763 212 52 moaning

774 2845 47 43 of
854 2846 80 41 the
970 2859 142 38 angry
1148 2857 87 29 sea.
1299 2845 23 39 I
1357 2843 200 52 thought
1592 2841 111 52 they
1722 2845 122 37 must
1862 2839 135 42 think
2015 2838 46 42 of
2079 2852 71 27 me
2169 2837 90 41 and
2276 2836 189 43 breathe
2487 2838 81 38 out

775 2918 118 42 their
927 2931 255 39 vengeance
1217 2916 47 41 in
1300 2915 226 55 impotent
1564 2928 116 38 rage.
1743 2913 138 41 From
1916 2911 111 42 time
2048 2916 50 35 to
2121 2910 111 41 time
2255 2911 22 38 I
2301 2913 96 37 cast
2422 2922 26 27 a
2465 2907 103 40 look
