2959 4028
2103 3078 64 39 195

1183 807 302 45 EPITAPHS

841 935 88 37 For
957 944 83 30 the
1067 935 191 39 Friends
1284 945 52 27 of
1381 938 199 38 Philippe
1607 936 221 41 Soupault

540 1091 19 33 I
583 1088 104 38 have
710 1089 99 37 been
832 1090 87 36 told
941 1090 93 37 that
1055 1091 113 36 there
1192 1102 66 25 are
1281 1091 110 37 cities
1414 1092 41 36 in
1477 1091 82 37 this
1580 1091 125 37 world
1728 1091 208 40 inhabited
1959 1093 56 45 by
2036 1104 92 25 men
2144 1093 88 36 who

439 1150 51 36 do
517 1154 73 31 not
616 1152 117 36 know
760 1152 112 36 these
899 1164 148 25 names.
1102 1152 78 37 Old
1206 1152 89 44 airs,
1323 1152 66 36 old
1413 1153 165 37 refrains
1604 1153 80 36 and
1707 1153 141 47 jingles
1874 1165 66 25 are
1965 1154 68 36 the
2058 1155 90 36 best
2174 1166 38 26 re-

439 1211 282 38 membrances.
778 1213 174 47 Perhaps
970 1214 32 35 it
1019 1214 133 36 would
1169 1214 49 36 be
1235 1214 133 37 wisest
1385 1215 61 35 for
1463 1227 46 24 us
1527 1218 44 33 to
1588 1215 113 47 place
1717 1215 70 36 the
1805 1216 137 35 reader
1960 1228 52 23 on
2029 1215 61 38 his
2107 1218 125 44 guard

438 1274 156 46 against
622 1286 81 34 any
725 1275 199 46 tendency
946 1275 50 37 he
1020 1275 129 47 might
1171 1275 103 37 have
1297 1279 45 32 to
1366 1276 139 46 regard
1528 1276 70 36 the
1622 1276 198 37 ensemble
1844 1277 41 35 of
1907 1277 113 37 these
2043 1289 120 35 pages
2189 1291 42 24 as

437 1335 155 37 funeral
620 1337 175 36 orations
822 1336 121 37 fallen
969 1337 104 36 from
1099 1337 70 36 the
1195 1349 78 34 pen
1300 1337 40 36 of
1367 1349 23 24 a
1417 1341 105 43 poet.

538 1400 71 43 My
632 1398 148 37 friends
804 1410 66 24 are
895 1398 122 47 quite,
1044 1399 110 47 quite
1178 1398 114 38 alive.
1347 1401 20 34 I
1391 1399 104 37 have
1518 1399 147 47 simply
1689 1400 164 36 amused
1877 1400 143 46 myself
2047 1401 185 47 (singular

437 1460 183 45 pastime,
646 1460 70 36 the
741 1460 138 36 reader
901 1460 79 36 will
1005 1460 182 49 exclaim)
1215 1461 42 36 in
1281 1460 196 47 believing
1502 1462 112 35 them
1639 1461 113 37 dead.
1808 1464 19 34 I
1854 1465 108 33 must
1988 1462 127 36 admit
2139 1463 92 36 that

437 1523 19 33 I
478 1521 213 37 nourished
712 1535 23 23 a
755 1525 126 34 secret
902 1523 113 46 hope.
1072 1525 83 34 But
1175 1535 69 33 my
1263 1534 132 25 verses
1415 1535 101 24 were
1535 1524 210 45 impotent.
1801 1526 49 34 In
1872 1523 153 46 reality,
2050 1524 52 36 all
2121 1524 111 37 these

436 1594 163 34 persons
616 1583 162 47 bearing
795 1584 97 36 such
910 1584 288 46 distinguished
1219 1596 136 25 names
1374 1596 65 24 are
1457 1596 102 25 none
1581 1585 114 36 other
1705 1585 101 37 than
1824 1585 181 47 Philippe
2022 1585 207 47 Soupault.

437 1646 19 33 I
486 1648 108 33 must
615 1646 99 35 then
735 1646 129 35 thank
887 1658 68 33 my
977 1646 160 44 friends,
1162 1647 41 36 in
1226 1647 171 46 passing,
1422 1646 62 37 for
1504 1646 151 47 having
1676 1646 172 37 suffered
1858 1648 239 36 themselves
2109 1651 44 33 to
2166 1661 43 25 ex-

435 1705 54 37 ist
507 1706 61 37 for
580 1719 23 24 a
615 1707 100 36 brief
735 1711 179 32 moment
933 1719 42 25 as
993 1708 70 36 the
1080 1709 223 36 reflections
1322 1708 41 35 of
1382 1709 201 36 another's
1600 1709 256 46 personality.
1910 1709 112 45 They
2039 1710 104 36 have
2161 1721 48 24 un-

437 1768 187 37 derstood
651 1781 101 25 even
778 1770 132 36 better
930 1770 101 36 than
1053 1772 20 33 I
1095 1770 93 36 that
1208 1770 70 36 the
1299 1770 84 36 fact
1404 1770 93 36 that
1517 1772 20 34 I
1559 1770 108 37 lived
1688 1782 95 24 near
1803 1771 70 35 the
1893 1773 165 45 Morgue
2078 1783 82 25 was
2182 1783 50 24 no

436 1841 140 26 reason
610 1830 62 36 for
705 1831 141 45 taking
882 1843 63 24 me
971 1830 62 37 for
1068 1843 51 24 an
1154 1832 252 36 undertaker.

2016 1894 44 37 P.
2088 1894 39 38 S.

1060 2104 265 44 ARTHUR
1362 2104 246 44 CRAVAN

436 2258 95 43 The
561 2260 195 42 vendors
786 2259 48 42 of
864 2260 101 42 four
995 2273 184 29 seasons
1209 2260 118 42 have
1358 2260 61 42 all
1449 2260 249 54 emigrated
1730 2265 48 37 to
1810 2260 173 42 Mexico

437 2320 88 43 Old
555 2322 141 42 boxer
725 2335 93 38 you
849 2336 75 28 are
955 2322 118 42 dead
1103 2326 82 38 out
1215 2323 128 42 there

437 2384 105 40 You
573 2384 129 41 don't
733 2398 114 27 even
877 2384 135 41 know
1041 2384 118 52 why.

437 2446 104 40 You
571 2444 122 43 cried
722 2450 82 38 out
835 2445 158 43 louder
1023 2447 115 41 than
1166 2459 67 29 we
1263 2446 47 41 in
1341 2447 79 41 the
1448 2446 181 55 palaces
1658 2446 49 42 of
1736 2446 208 42 America

437 2507 91 42 and
557 2505 47 42 in
637 2506 59 43 all
726 2507 80 42 the
835 2507 121 43 cafes
987 2507 48 42 of
1065 2507 127 43 Paris

436 2570 104 40 You
571 2569 118 42 have
719 2583 137 28 never
887 2568 241 46 examined
1157 2568 200 54 yourself
1387 2570 47 41 in
1465 2584 27 28 a
1521 2570 118 54 glass

436 2632 105 40 You
573 2645 75 27 are
677 2630 289 55 hibernating
997 2631 47 41 in
1074 2631 80 42 the
1183 2631 199 55 hospital

434 2692 139 43 What
605 2706 75 28 are
708 2707 95 38 you
832 2692 134 55 going
997 2698 49 37 to
1078 2697 55 38 do
1163 2692 47 43 in
1241 2695 192 41 Heaven
1463 2693 77 42 old
1570 2707 107 28 man

435 2756 23 39 I
489 2754 119 43 have
639 2754 192 54 nothing
862 2769 123 28 more
1016 2759 49 38 to
1096 2754 107 43 hide
1234 2754 118 44 from
1380 2770 93 38 you

435 2815 97 44 The
562 2815 132 46 Seine
725 2817 124 42 flows
879 2817 153 42 before
1063 2831 79 38 my
1172 2817 192 42 window

436 2880 128 41 Your
594 2878 171 43 friends
796 2893 75 28 are
902 2893 113 39 very
1044 2878 96 43 rich

435 2942 23 40 I
489 2941 120 42 have
641 2956 26 27 a
698 2942 108 41 mad
838 2940 144 43 desire
1011 2947 50 36 to
1092 2942 171 41 smoke.
