3248 4371
86 4289 104 56 630

207 94 187 33 vermittelst
430 91 246 43 komplizierter
713 89 70 34 und
820 89 130 33 intimer
988 89 38 33 Be-

70 148 339 43 wegungsvorgänge
414 172 5 5 .

160 202 67 32 Der
257 198 210 35 Handschuh
498 207 94 24 muss
622 196 173 43 gewendet
825 195 147 34 werden.

160 254 97 35 Auch
285 254 72 33 hier
386 253 173 41 begegnen
588 252 63 33 wir
680 250 58 33 der
767 249 162 33 Tatsache
957 249 89 32 einer

68 318 143 35 grossen
245 308 149 34 Gesamt-
430 306 69 34 und
534 304 282 44 Hauptrichtung,
852 303 53 33 die
938 302 108 34 durch

69 363 52 34 die
157 361 239 35 zahlreichsten
433 359 71 34 und
541 358 372 40 verschiedenartigsten
951 354 75 34 Rich-

67 416 321 43 tungsvariationen,
421 414 211 33 Differenzen
662 410 71 35 und
766 409 279 41 Abweichungen

66 473 46 31 im
144 470 180 41 einzelnen,
359 469 93 32 ihren
484 462 473 48 Hauptrichtungscharakter,
974 461 71 33 ihre

72 524 108 34 Keim-
221 523 71 33 und
332 519 397 43 Entwicklungstendenz
769 517 90 33 nicht
900 515 140 41 verliert,

66 577 150 35 sondern
247 576 210 34 unerbittlich
489 572 165 35 beibehält
685 572 70 33 und
787 572 94 32 einen
912 577 132 35 ganzen

68 630 370 43 Bewegungskomplex
466 628 88 32 ihrer
583 624 265 43 Wirkungslinie
877 623 85 34 nach
992 623 36 32 be-

66 687 134 31 stimmt.
254 684 82 33 Eine
372 681 72 43 jede
481 680 114 33 solche
632 676 414 44 Grundgesamtrichtung

68 738 132 33 können
233 737 65 32 wir
330 744 74 32 uns,
439 735 58 32 mit
530 732 176 35 Rücksicht
738 731 56 34 auf
826 732 94 32 einen
953 730 90 34 noch

65 794 190 41 grösseren,
297 800 63 23 uns
399 788 160 34 vielleicht
597 797 66 23 nur
701 786 242 40 verborgenen,
985 784 39 33 Be-

61 844 466 44 wegungszusammenhang,
569 842 183 32 wiederum
790 840 167 32 ihrerseits
994 838 48 33 als

69 899 276 40 Einzelrichtung
396 898 70 32 und
519 895 284 34 Einzelvariation
865 892 178 35 innerhalb

65 956 83 31 einer
184 952 156 41 anderen,
371 950 88 34 noch
489 952 191 40 grösseren,
710 948 90 33 tiefer
830 948 71 33 und
931 948 113 32 weiter

66 1008 200 33 wirksamen
297 1004 135 36 Grund-
463 1004 71 34 und
564 1002 273 44 Hauptrichtung
867 1000 177 35 vorstellen

65 1080 42 5 —
136 1060 69 34 und
235 1070 41 23 so
303 1059 66 34 fort
398 1059 34 33 in
461 1058 162 41 majorem
653 1059 29 31 et
710 1058 35 32 in
773 1057 166 32 minorem
969 1065 55 32 par-

65 1119 64 31 tem
155 1124 137 24 unserer
317 1124 130 32 ganzen
474 1111 387 41 Wahrnehmungsweit.
901 1110 38 40 Je
964 1111 58 40 grö-

66 1178 89 24 ssere
196 1166 523 44 Bewegungszusammenhänge
759 1165 64 33 wir
863 1174 43 23 zu
947 1163 76 33 über-

66 1223 146 35 schauen
241 1224 71 32 und
339 1232 44 23 zu
411 1221 254 33 durchschauen
694 1221 192 40 vermögen,
917 1228 57 23 um
1003 1226 41 24 so

66 1279 157 40 grössere
263 1276 71 34 und
374 1275 290 42 mannigfaltigere
712 1272 328 41 Richtungsformen,

65 1329 417 44 Richtungsbeziehungen
514 1327 71 35 und
600 1324 443 45 Richtungsmöglichkeiten

65 1383 135 35 werden
229 1384 65 33 wir
321 1384 173 32 erkennen.
539 1381 81 42 Jede
649 1381 233 42 Erscheinung
912 1379 58 33 der
985 1379 39 33 Be-

65 1438 245 42 wegungswelt
349 1437 88 33 wird
477 1446 64 24 uns
581 1435 140 33 deshalb
761 1444 56 24 um
857 1443 40 23 so
936 1432 108 34 klarer

65 1492 71 34 und
163 1491 259 34 verständlicher
449 1489 146 42 werden,
625 1491 29 41 je
682 1489 94 33 mehr
803 1489 65 33 wir
896 1487 61 33 alle
972 1487 71 33 ihre

65 1546 293 34 innewohnenden
384 1545 70 33 und
480 1545 34 34 in
539 1544 53 33 ihr
616 1543 202 33 wirksamen
844 1541 179 41 Richtungs-

63 1600 180 45 qualitäten
280 1599 71 34 und
388 1599 352 41 Richtungspotenzen
775 1595 203 42 erforschen,
1015 1595 29 43 je

63 1654 85 35 tiefei
186 1654 64 34 wir
282 1655 35 32 in
350 1653 53 34 die
435 1652 231 42 verborgenen
699 1649 241 44 Untergründe
973 1649 71 33 und

64 1709 232 35 Geheimnisse
325 1708 91 33 ihrer
783 1703 209 42 eindringen.

152 1765 46 32 Es
232 1763 72 42 gibt
339 1762 108 33 sicher
482 1761 89 34 noch
606 1761 72 32 eine
716 1759 93 34 Fülle
843 1769 68 23 von
948 1757 76 35 Rich-

65 1817 273 43 tungstatsachen
379 1816 70 33 und
491 1813 455 43 Richtungsmöglichkeiten,
988 1812 54 33 die

63 1872 54 33 für
155 1880 118 25 unsere
309 1879 108 34 ganze
454 1868 119 33 Natur-
611 1867 71 34 und
724 1866 320 34 Lebenserkenntnis

65 1936 66 23 von
182 1925 230 42 allergrösster
463 1922 211 43 Wichtigkeit
724 1920 71 35 und
846 1920 198 42 Bedeutung

63 1980 89 42 sind,
189 1980 53 33 die
275 1980 66 33 wir
375 1978 80 34 aber
489 1977 89 34 noch
613 1976 90 34 nicht
736 1974 149 35 entdeckt
920 1973 122 41 haben,

63 2033 76 35 weil
174 2043 119 24 unsere
327 2034 147 41 gesamte
510 2032 96 33 Welt-
643 2031 70 33 und
750 2028 274 35 Wirklichkeitser-

64 2088 187 42 forschung
276 2087 70 33 sich
372 2086 114 34 bisher
512 2087 33 32 in
571 2084 59 34 der
654 2083 263 44 grundfalschen
944 2082 97 33 Bahn

63 2142 59 34 der
154 2141 161 35 Einheits-
348 2141 71 33 und
451 2138 378 42 Substanzvorstellung
861 2136 182 43 vollzogen

64 2197 70 42 hat;
164 2196 53 32 die
243 2196 64 32 wir
332 2195 80 33 aber
439 2194 34 33 in
499 2194 147 33 Zukunft
672 2192 114 33 finden
813 2190 71 35 und
908 2190 55 33 für
988 2189 54 34 die

63 2251 200 33 Erkenntnis
299 2249 145 33 nutzbar
480 2248 139 33 machen
656 2246 146 42 werden,
841 2254 100 25 wenn
978 2254 65 24 uns

63 2306 53 33 die
149 2304 272 41 Ueberzeugung
454 2303 34 33 in
524 2301 129 33 Fleisch
687 2300 72 34 und
793 2299 77 34 Blut
904 2298 119 42 überge-

62 2368 135 34 gangen
234 2359 52 40 ist,
325 2357 79 33 dass
441 2356 62 34 das
541 2355 99 35 Reich
678 2354 60 34 der

61 2423 66 25 nur
157 2415 45 31 im
233 2412 118 34 Reiche
381 2411 59 33 der
736 2407 139 44 gesucht
905 2406 136 35 werden

62 2476 104 25 muss.

152 2521 69 33 Der
261 2519 179 44 Bildungs-
481 2518 71 34 und
592 2516 350 42 Entwicklungsgang
983 2514 58 34 des

61 2573 245 36 menschlichen
339 2573 160 42 Gehirns,
535 2573 71 33 rein
640 2571 257 44 physiologisch
931 2569 93 43 aufge-

61 2631 91 42 fasst,
184 2630 88 42 zeigt
302 2638 76 32 uns,
409 2629 65 33 wie
505 2627 107 34 durch
644 2636 83 24 neue
759 2625 261 42 Richtungsmög-

62 2683 170 34 lichkeiten
262 2683 54 34 für
345 2693 121 23 unsere
495 2680 281 44 Wahrnehmung
807 2689 83 24 neue
922 2679 96 34 Raum-

61 2738 256 43 möglichkeiten
346 2737 167 34 entstehen
543 2736 146 33 können.
733 2734 64 33 Die
827 2733 142 35 Genesis
984 2742 39 23 un-

61 2803 88 23 seres
184 2791 289 43 Gehirnorganes,
510 2789 54 34 die
599 2785 445 46 Entwicklungsgeschichte

61 2849 109 32 seiner
188 2847 187 33 stofflichen
390 2845 105 33 Natur
508 2845 84 32 lehrt
611 2853 74 33 uns,
698 2844 64 32 wie
782 2843 164 42 beliebige
959 2841 63 35 Ver-

61 2902 167 43 mehrung
263 2911 68 24 von
367 2900 167 34 Substanz
570 2898 71 35 und
654 2896 262 36 substanziellen
952 2896 68 40 Qua-

61 2956 111 34 litäten
205 2955 90 35 ohne
327 2954 232 42 Vermehrung
592 2963 68 24 von
692 2952 168 34 Volumen
892 2951 150 42 möglich

63 3009 51 33 ist.
176 3010 53 33 Sie
275 3009 81 34 lässt
404 3018 65 25 uns
517 3007 107 34 durch
673 3006 251 44 spiralförmige
971 3004 72 34 und

59 3064 124 33 andere
236 3063 187 34 kunstvolle
472 3062 496 42 Einschachtelungsvorgänge
1011 3061 31 32 et

59 3121 108 31 cetera
193 3119 115 32 immer
332 3118 206 32 wachsende
564 3116 124 36 Raum-
714 3117 69 32 und
809 3114 211 35 Substanzzu-

61 3174 120 32 nahme
190 3173 249 40 wahrnehmen,
454 3173 52 32 die
522 3181 61 23 nur
597 3180 61 24 aus
673 3170 366 43 Richtungszunahme,

64 3229 62 31 das
167 3227 105 33 heisst
311 3236 61 24 aus
410 3236 109 23 neuen
559 3225 382 44 Richtungsbildungen,
978 3233 63 24 aus

61 3282 391 42 Bewegungstatsachen
477 3281 122 33 heraus
623 3281 224 32 verständlich
865 3280 95 41 wird,
987 3279 53 33 die

58 3337 61 32 wir
157 3337 56 32 mit
238 3335 84 33 Hilfe
360 3344 137 24 unserer
534 3336 190 42 bisherigen
760 3337 128 31 starren
914 3334 125 36 Raum-

60 3392 69 32 und
154 3390 375 42 Substanzvorstellung
563 3390 80 32 aber
680 3398 64 24 uns
783 3390 88 32 nicht
923 3398 41 24 zu
1001 3397 18 25 e-

63 3446 112 33 klären
200 3448 191 40 vermögen.

153 3499 113 45 „Neue
517 3497 118 34 schafft
666 3497 71 35 und
769 3500 135 40 erzeugt
935 3507 108 24 neuen

154 3608 105 42 Kurz,
285 3608 119 33 wohin
429 3608 64 33 wir
519 3607 85 34 auch
628 3606 129 34 blicken
781 3610 136 39 mögen,
944 3606 77 34 über-

65 3662 43 33 all
148 3665 129 31 stossen
317 3663 64 32 wir
421 3662 56 33 auf
516 3661 53 34 die
609 3660 334 34 Elementartatsache
983 3658 59 35 der

307 3716 71 35 und
413 3716 53 33 die

155 3770 37 34 In
228 3770 74 33 dem
343 3770 123 42 Masse,
505 3771 33 32 in
576 3770 74 33 dem
687 3770 52 33 die
774 3780 121 32 grosse
931 3771 88 33 Bewe-

63 3824 304 43 gungserkenntnis
395 3824 228 42 fortschreitet,
653 3825 35 34 in
717 3824 75 34 dem
825 3825 115 33 Masse
954 3825 88 34 wird

65 3877 70 33 sich
174 3877 53 34 die
265 3888 120 32 grosse
424 3879 418 35 Elementarwissenschaft
882 3879 58 34 der
978 3880 43 33 Zu-

65 3932 102 41 kunft,
206 3932 53 33 die
652 3933 176 35 ausbilden
867 3933 70 34 und
975 3944 51 22 ver-

66 3984 106 34 tiefen.

513 4033 80 33 VIII

157 4084 62 33 Die
243 4085 114 33 zweite
381 4096 68 23 von
475 4097 64 22 uns
563 4087 319 42 wahrgenommene
907 4087 113 34 Grund-

67 4133 200 42 eigenschaft
297 4134 58 33 der
386 4135 194 43 Bewegung
611 4137 41 32 ist
682 4136 52 33 die
766 4135 255 44 „Geschwindig-

1223 88 63 32 Die
1323 85 161 34 moderne
1522 83 342 33 Naturwissenschaft
1902 82 57 34 hat
1996 82 119 33 bereits

1133 141 204 42 wenigstens
1371 141 52 31 bis
1457 148 43 24 zu
1514 139 107 32 einem
1634 138 168 41 gewissen
1816 135 117 35 Grade
1965 136 149 41 erkannt,

1134 195 124 33 welche
1312 193 198 40 Bedeutung
1560 189 431 42 Geschwindigkeitswerte
2041 186 72 34 und

1133 245 438 44 Geschwindigkeitsmasse
1618 244 55 33 für
1719 243 53 33 die
1813 242 191 42 Erklärung
2055 240 59 34 der

1134 301 375 40 Naturerscheinungen
1550 299 157 33 besitzen.
1761 297 47 33 So
1847 296 56 33 hat
1943 305 78 24 man
2062 295 35 32 be-

1134 354 168 34 kanntlich
1328 353 200 43 festgestellt,
1555 353 81 32 dass
1662 352 63 33 den
1752 350 276 41 Erscheinungen
2055 348 58 34 des

1136 409 129 33 Lichtes
1300 408 71 34 und
1406 407 59 33 des
1499 406 147 34 Schalles
1679 405 143 42 gewisse
1857 402 237 43 Geschwindig-

1133 464 224 41 keitsgrössen
1395 461 70 35 und
1503 457 530 43 Geschwindigkeitsdifferenzen
2072 468 43 24 zu

1134 517 141 36 Grunde
1307 517 116 41 liegen.

1221 571 107 32 Dabei
1367 570 56 33 hat
1460 579 78 23 man
1577 566 207 41 beobachtet,
1823 565 79 33 dass
1940 566 72 31 eine
2050 564 43 33 Zu-

1132 625 122 34 nahme
1303 624 60 33 der
1411 621 311 42 Geschwindigkeit
1786 619 112 42 (unter
1947 617 167 42 gewissen

1134 673 631 47 Grundrichtungsvoraussetzungen)
1808 673 89 33 einer
1938 671 176 33 Zunahme

1129 736 198 41 derjenigen
1353 729 479 43 Wahrnehmungserfahrung
1851 727 191 42 entspricht,
2062 727 52 32 die

1127 790 62 32 wir
1216 788 200 40 „Intensität'
1421 791 6 13 4
1455 795 144 24 nennen.

1220 843 74 34 Wir
1328 842 137 40 wissen,
1503 839 80 33 dass
1618 838 63 32 alle
1720 836 105 34 Licht-
1861 835 70 35 und
1971 835 123 33 Farben-

1132 897 190 42 qualitäten,
1358 895 107 34 sowie
1498 892 62 34 alle
1593 892 172 33 Tonarten
1799 890 71 34 und
1904 889 210 35 Tonformen

1131 953 35 32 in
1208 953 100 31 erster
1362 949 93 33 Linie
1505 947 56 33 auf
1602 942 512 44 Geschwindigkeitsqualitäten

1132 1004 70 34 und
1228 1000 460 45 Geschwindigkeitsformen
1714 998 294 34 zurückzuführen
2022 996 90 34 sind.

1133 1059 69 34 Auf
1237 1059 112 33 diesen
1384 1055 272 43 Sinnesgebieten
1691 1054 42 33 ist
1767 1052 53 34 die
1853 1062 110 33 ganze
1996 1050 95 34 Wahr-

1131 1111 351 44 nehmungsfähigkeit
1514 1110 192 42 überhaupt
1738 1110 66 31 erst
1837 1106 107 35 durch
1977 1107 73 32 eine
2063 1115 36 33 ge-

1132 1169 101 33 wisse
1265 1163 600 45 Minimalgeschwindigkeitsgrösse
1893 1160 151 42 bedingt.

1222 1222 71 32 Das
1318 1218 489 42 Geschwindigkeitsmoment,
1832 1217 35 33 in
1892 1214 225 42 Verbindung

1131 1277 59 33 mit
1227 1275 59 34 der
1321 1275 114 33 früher
1470 1272 195 34 erwähnten
1702 1280 144 33 grossen
1883 1269 214 33 konzentrato-

1133 1330 132 33 rischen
1280 1326 383 43 Urrichtungstendenz,
1706 1324 53 33 die
1774 1334 43 23 zu
1833 1322 64 34 den
1913 1322 181 33 Elementar-

1133 1385 318 34 erkenntniswerten
1609 1379 72 35 und
1698 1379 98 35 Kraft
1809 1378 120 40 führte,
1945 1378 43 32 ist
2002 1376 88 34 wahr-

1133 1438 182 34 scheinlich
1328 1434 320 44 ausschlaggebend
1658 1433 59 33 <für
1731 1433 55 33 die
1798 1431 290 40 Wahrnehmungs-

1131 1495 100 40 form,
1267 1493 54 33 die
1354 1492 64 34 wir
1453 1491 81 33 kurz
1569 1489 71 34 und
1674 1488 89 43 grob
1778 1487 122 33 einmal
1935 1486 49 33 als
2000 1485 97 43 „Prin-

1133 1550 55 42 zip
1217 1547 58 34 der
1304 1545 187 43 Dichtigkei
1553 1542 203 34 bezeichnen
1783 1541 137 33 wollen.
1949 1538 168 35 Vollzieht

1132 1603 72 32 sich
1244 1601 59 33 der
1818 1594 58 33 der
1917 1594 199 40 Bewegung

1134 1655 178 36 innerhalb
1352 1655 90 32 eines
1482 1651 262 43 geschlossenen
1786 1647 330 42 Richtungssystems

1134 1711 34 33 in
1210 1710 60 33 der
1311 1706 352 41 Elementarrichtung
1703 1705 59 33 der
1804 1700 292 45 „Einheitsvorstel-

1269 1764 51 33 als
1352 1762 143 42 solcher,
1530 1761 59 33 der
1622 1758 217 42 Vorstellung
1874 1757 59 33 des

1132 1820 59 33 der
1228 1816 253 45 (scheinbaren)
1902 1811 57 34 auf
1993 1809 125 35 Grund

1134 1874 162 43 gewisser
1348 1869 497 43 Geschwindigkeitspotenzen
1896 1865 72 33 und
2029 1863 86 34 nach

1138 1927 184 43 Massgabe
1369 1926 108 33 dieser
1517 1922 509 43 Gesehwindigkeitspotenzen,
2076 1928 42 23 SO'

1133 1978 140 35 entsteht
1324 1974 195 36 vermutlich
1571 1974 54 32 die
1667 1967 449 44 Wahrnehmungstatsache

1134 2032 59 34 des
1409 2030 59 33 der
1793 2025 58 33 der
1880 2022 218 45 „Körperlich-

1251 2084 217 36 schlechthin.
1530 2080 166 37 Vollzieht
1734 2081 71 33 sich
1843 2079 59 35 der
1941 2077 157 45 „Verdich-

1428 2138 60 35 der
1521 2139 196 41 Bewegung
1750 2134 178 35 innerhalb
1960 2134 90 33 eines
2064 2142 36 32 ge-

1131 2196 218 34 schlossenen
1392 2192 329 43 Richtungssystems
1768 2188 154 43 dagegen
1973 2188 35 32 in
2058 2185 60 34 der

1134 2248 347 40 Elementarrichtung
1533 2246 60 32 der
1645 2245 131 42 „reinen
1821 2243 271 40 Bewegungsvor-

1352 2301 60 34 der
1451 2300 218 41 Vorstellung
1710 2297 61 34 des:
2051 2294 63 34 das

1129 2359 104 33 heisst
1258 2357 59 33 der
1345 2354 217 43 Vorstellung
1588 2354 59 33 der
1672 2353 198 41 Bewegung
1894 2350 50 33 als
1969 2349 143 41 solcher,

1129 2414 120 34 soweit
1286 2412 66 34 wir
1389 2412 48 32 sie
1474 2408 215 35 unmittelbar
1726 2406 71 34 und
1836 2405 50 34 als
1923 2404 192 43 Gegensatz

1129 2477 61 24 zur
1242 2463 254 45 (scheinbaren)
1936 2457 156 35 wahrneh-

1130 2532 87 31 men,
1259 2520 56 34 auf
1355 2517 125 37 Grund
1520 2517 162 43 gewisser
1723 2512 371 43 Geschwindigkeitspo-

1130 2579 116 32 tenzen
1278 2574 71 35 und
1380 2573 85 34 nach
1501 2571 185 43 Massgabe
1717 2569 108 33 dieser
1856 2565 239 44 Geschwindig-

1129 2630 259 42 keitspotenzen,
1425 2637 42 24 so
1502 2625 139 35 entsteht
1676 2622 194 36 vermutlich
1907 2622 54 34 die
1996 2620 96 35 Wahr-

1131 2681 339 45 nehmungstatsache
1511 2681 58 33 der
1803 2676 100 34 deren
1945 2674 152 45 „Dichtig-

1368 2737 50 33 als
1736 2733 194 42 figurieren.

1219 2794 45 33 Es
1301 2792 117 33 würde
1456 2791 166 33 demnach
1662 2790 58 32 der
1758 2787 92 35 Grad
1890 2786 59 32 der
1988 2784 107 41 „Dich-

1303 2846 59 34 der
1626 2843 105 33 direkt
1770 2841 107 34 durch
1916 2839 64 35 den
2020 2837 98 37 Grad

1132 2904 58 33 der
1620 2897 59 34 der
1718 2897 208 41 Bewegung,
1966 2893 54 35 die
2059 2892 59 34 der

1134 2957 140 34 Materie
1308 2967 44 22 zu
1387 2953 145 36 Grunde
1566 2954 89 41 liegt,
1691 2951 140 42 bedingt
1865 2950 83 32 sein.

1221 3011 74 34 Wir
1334 3010 135 34 können
1509 3017 65 25 uns
1616 3006 53 35 die
1710 3005 86 34 Welt
1836 3004 59 33 der

1131 3065 176 35 vorstellen
1339 3066 49 32 als
1884 3068 68 23 von
1984 3065 41 25 so
2057 3056 40 32 im-

1129 3129 138 25 mensen
1313 3114 458 45 Geschwindigkeitsgraden
1816 3111 178 36 innerhalb
2027 3111 90 33 eines

1131 3167 419 45 Bewegungskomplexes,
1590 3166 79 33 dass
1706 3166 47 31 sie
1790 3163 81 41 sich,
1911 3182 42 3 —
1990 3161 105 42 wenig-

1129 3227 89 32 stens
1250 3224 52 33 bis
1333 3224 75 41 jetzt
1440 3242 42 4 —
1513 3229 139 26 unserer
1682 3218 282 40 Wahrnehmung
1996 3215 102 34 entzie-

1129 3279 77 40 hen,
1238 3277 204 42 wenigstens
1473 3274 169 42 vorläufig
1673 3283 68 23 von
1771 3281 66 24 uns
1867 3270 91 34 nicht
1989 3278 105 35 gemes-

1129 3343 58 23 sen
1222 3331 137 34 werden
1393 3331 145 33 können.

1221 3388 63 32 Die
1309 3385 277 41 Erscheinungen
1613 3382 59 34 der
1968 3378 71 34 und
2054 3378 63 34 des

1455 3435 107 43 geben
1596 3442 65 25 uns
1693 3432 96 33 einen
1822 3429 293 35 überraschenden

1132 3491 101 35 Wink
1259 3491 115 42 dahin,
1402 3490 79 33 dass
1508 3488 71 33 sich
1605 3486 124 44 gerade
1755 3486 34 33 in
1816 3484 60 34 der

1133 3542 150 42 Materie,
1324 3542 34 33 in
1397 3539 59 34 der
1494 3538 179 33 scheinbar
1712 3533 382 47 „bewegungsfeindlich-

1500 3593 53 32 die
1586 3591 267 43 ungeheuersten
1888 3589 205 42 Bewegungs-

1129 3651 176 42 vorgänge
1336 3648 182 43 abspielen,
1552 3646 53 34 die
1636 3645 250 34 fabelhaftesten
1919 3642 175 35 Geschwin-

1131 3699 248 45 digkeitsgrade
1409 3698 161 34 wirksam
1602 3695 87 35 sind.

1220 3752 289 36 Wahrscheinlich
1536 3753 42 32 ist
1604 3751 84 33 auch
1716 3752 34 31 in
1778 3750 59 33 der
1863 3748 86 34 Welt
1976 3746 58 33 der
2049 3746 43 34 Ge-

1133 3808 255 42 schwindigkeit
1423 3807 90 34 noch
1549 3807 73 32 eine
1657 3805 191 42 ungeahnte
1886 3802 93 34 Fülle
2014 3810 103 25 neuer

1131 3864 70 35 und
1225 3864 227 41 verborgener
1478 3860 158 42 Formen,
1663 3858 237 42 Beziehungen
1924 3855 72 35 und
2015 3855 75 42 Mög-

1131 3917 170 34 lichkeiten
1340 3927 41 22 zu
1420 3915 186 34 entdecken.

1224 3972 36 33 In
1297 3972 75 32 dem
1413 3970 124 40 Masse,
1575 3970 34 33 in
1646 3967 75 34 dem
1759 3966 52 33 die
1847 3973 120 34 grosse
2004 3963 88 32 Bewe-

1128 4026 307 43 gungserkenntnis
1460 4024 230 38 fortschreitet,
1723 4022 32 31 in
1783 4022 75 31 dem
1885 4019 117 33 Masse
2028 4017 84 32 wird

1131 4081 70 34 sich
1233 4081 53 33 die
1316 4079 121 35 andere
1468 4087 121 32 grosse
1620 4071 421 40 Elementarwissenschaft
2056 4070 58 34 der

1132 4135 147 33 Zukunft
1329 4133 53 34 die
1934 4125 183 35 ausbilden

1131 4184 70 33 und
1232 4184 163 33 vertiefen.

2674 80 41 32 IX

2292 135 72 33 Wie
2391 144 78 23 man
2495 134 52 33 bei
2737 133 71 33 und
3024 132 53 33 die
3102 141 75 26 man

2202 189 50 32 als
2283 188 143 43 gewisse
2457 186 368 43 Uebergangsformen,
2859 187 50 32 als
2944 186 238 34 Mittelformen

2203 242 169 34 zwischen
2686 240 70 34 und
3041 239 124 43 (schein-

2204 297 79 32 bare
2314 294 308 43 Nichtbewegung)
2655 294 188 33 betrachten
2874 294 99 41 kann,
3005 293 54 33 die
3088 295 96 31 unter

2204 351 75 33 dem
2304 349 261 34 substanziellen
2591 348 95 33 Bilde
2709 347 232 43 verborgenen
2955 346 204 42 Bewegungs-

2201 403 169 35 tatsachen
2398 403 204 42 wenigstens
2630 402 53 33 bis
2711 412 43 23 zu
2781 402 107 32 einem
2916 402 166 41 gewissen
3097 400 64 33 Gra-

2203 469 41 32 ge
2271 458 255 43 nachgewiesen
2553 457 67 40 hat,
2648 466 42 23 so
2716 454 89 35 wird
2830 464 35 23 es
2879 454 127 42 künftig
3022 453 160 34 vielleicht

2205 512 122 33 einmal
2368 511 167 42 gelingen,
2577 510 62 33 alle
2690 508 259 35 substanziellen
2991 508 191 39 Qualitäten

2203 564 201 45 überhaupt,
2432 565 62 33 alle
2519 563 188 35 stofflichen
2735 562 255 43 Eigenschaften
3015 562 71 33 und
3113 562 45 33 Un-

2204 620 192 41 terschiede,
2427 619 62 33 alle
2516 617 470 42 Wahrnehmungstatsachen
3016 617 58 33 der
3090 617 72 42 „Ma-

2336 673 56 35 auf
2429 673 109 42 „reine
2850 671 56 33 auf
2952 671 90 33 reine
3090 671 76 34 Rich-

2201 732 114 39 tungs-
2351 727 71 35 und
2457 725 510 44 Geschwindigkeitsqualitäten
3003 725 163 34 zurückzu-

2204 784 120 32 führen
2366 781 70 35 und
2487 781 63 33 alle
2976 779 34 33 in
3053 779 109 42 „Bewe-

2495 846 44 24 zu
2573 835 206 34 übersetzen.

2295 892 71 33 Das
2396 892 41 32 ist
2468 890 53 34 die
2551 899 120 33 grosse
2704 888 156 44 Aufgabe
2874 888 59 33 der
2947 884 241 37 Wissenschaft

2201 948 59 31 der
2284 946 157 40 Zukunft,
2467 946 62 32 alle
2572 943 193 41 „Substanz
2770 948 5 10 1
2781 947 7 12 '
2826 943 120 33 restlos
2972 943 31 31 in
3064 941 96 33 Bewe-

2360 1000 198 33 aufzulösen
2596 999 54 32 für
2686 1007 120 24 unsere
2842 997 201 33 Erkenntnis
3077 997 109 32 hinter

2204 1054 96 33 allem
2338 1052 120 35 Schein
2650 1052 52 34 die
2738 1051 226 35 Wirklichkeit

2205 1119 43 24 zu
2277 1108 177 34 entdecken
2483 1107 70 34 und
2582 1118 43 23 zu
2653 1117 143 23 messen.

2294 1163 63 32 Die
2394 1162 242 33 Wissenschaft
2674 1161 87 34 wird
2801 1161 119 33 soweit
2959 1160 34 33 in
3033 1160 58 33 der
3130 1160 39 32 Er-

2203 1218 188 41 forschung
2425 1216 71 34 und
2530 1216 200 33 Erkenntnis
2763 1215 59 34 der
2855 1214 226 35 Wirklichkeit
3114 1224 56 24 vor-

2204 1273 104 33 wärts
2342 1271 174 41 schreiten,
2552 1272 51 31 als
2636 1280 34 23 es
2704 1270 54 33 ihr
2791 1270 122 43 glückt,

2204 1325 234 35 festzustellen.
2483 1325 99 34 Dazu
2610 1334 97 24 muss
2734 1325 47 33 sie
2810 1323 127 34 freilich
2967 1334 67 23 von
3064 1322 125 35 Grund

2204 1381 57 33 auf
2292 1380 184 41 umlernen,
2509 1381 47 31 sie
2586 1389 95 23 muss
2712 1379 124 42 lernen,
2869 1379 35 33 in
2935 1378 235 33 diametral-ent-

2205 1436 271 42 gegengesetzter
2504 1433 167 42 Richtung
2699 1443 43 23 zu
2770 1433 157 33 forschen
2955 1432 71 33 und
3055 1442 42 23 zu
3113 1433 57 41 prü-

2204 1489 53 33 fen
2288 1489 65 33 wie
2384 1487 125 43 bisher,
2542 1489 47 32 sie
2619 1498 95 23 muss
2745 1496 89 33 ganz
2865 1487 122 33 andere
3018 1496 83 25 neue
3120 1486 46 34 Me-

2205 1543 126 34 thoden
2369 1543 59 33 der
2464 1541 469 44 Wirklichkeitserforschung
2970 1541 113 34 finden
3121 1541 70 34 und

2206 1598 162 34 erfinden.

2295 1653 69 33 Um
2403 1652 64 34 den
2507 1661 143 33 grossen
2690 1652 192 41 Gegensatz
2923 1651 168 33 zwischen
3133 1651 59 33 der

2206 1708 157 42 heutigen
2397 1706 242 34 Wissenschaft
2672 1705 71 35 und
2778 1705 58 34 der
2870 1715 67 24 von
2970 1706 66 32 mir
3067 1705 104 42 geahn-

2206 1766 53 29 ten
2288 1761 241 34 Wissenschaft
2557 1760 58 34 der
2643 1760 148 34 Zukunft
2818 1771 43 23 an
2889 1760 107 33 einem
3024 1760 147 33 bestimm-

2208 1819 51 30 ten
2288 1815 163 43 Beispiele
2480 1815 178 41 darzutun,
2688 1815 71 33 will
2789 1814 52 34 ich
2871 1814 63 34 den
2966 1813 72 34 Fall
3067 1822 122 33 setzen,

2206 1879 78 23 man
2319 1869 97 43 früge
2448 1870 96 33 einen
2577 1869 177 34 Chemiker
2788 1870 59 33 der
2880 1870 207 42 Gegenwart
3121 1870 72 34 und

2207 1925 93 32 einen
2330 1924 272 42 Naturforscher,
2631 1926 64 31 wie
2723 1924 52 33 ich
2803 1923 58 34 ihn
2888 1925 65 32 mir
2980 1925 35 32 in
3043 1924 148 33 Zukunft

2208 1979 164 42 vorstelle,
2415 1979 86 34 nach
2542 1980 107 33 einem
2690 1980 167 41 gewissen
3106 1980 88 31 etwa

2206 2034 85 34 nach
2520 2034 69 33 Der
2625 2033 177 34 Chemiker
2837 2044 68 23 von
2940 2034 98 33 heute
3073 2034 118 33 würde

2206 2089 65 32 mir
2308 2089 56 33 auf
2402 2087 88 35 diese
2530 2087 108 44 Frage
2674 2087 72 34 eine
2786 2087 134 34 Formel
2956 2097 144 32 nennen,
3139 2086 54 35 die

2206 2153 111 33 genau
2359 2143 128 44 angibt,
2540 2153 63 23 aus
2652 2143 149 33 welchen
2843 2143 350 33 Substanzelementen

2372 2197 137 43 besteht,
2549 2197 54 35 die
2638 2198 65 32 mir
2740 2197 52 33 die
2829 2196 188 34 stofflichen
3054 2195 120 35 Verbin-

2204 2253 334 42 dungsverhältnisse
2566 2254 60 31 des
2645 2252 121 34 Glases
2793 2253 170 41 qualitativ
2988 2253 69 31 und
3082 2260 88 33 quan-

2201 2308 254 42 titativanzeigt,
2469 2327 43 4 —
2522 2308 86 32 mein
2618 2307 256 33 Naturforscher
2890 2308 59 32 der
2955 2306 147 34 Zukunft
3110 2307 84 33 aber

2201 2364 118 31 würde
2335 2364 166 31 imstande
2511 2364 82 37 sein,
2610 2363 59 32 mir
2678 2364 48 31 als
2735 2362 151 33 Antwort
2895 2362 55 32 auf
2959 2362 107 32 meine

2206 2418 71 33 eine
2305 2416 135 35 Formel
2465 2428 44 22 zu
2533 2417 207 41 entwickeln,
2768 2417 53 33 die
2846 2417 65 33 den
2937 2416 252 42 Eingeweihten

2206 2474 35 31 in
2281 2472 127 34 Zahlen
2448 2471 71 34 und
2559 2471 143 34 Zeichen
2741 2472 53 33 bis
2832 2470 76 35 aufs
2947 2470 135 34 kleinste
3121 2470 71 34 und

2205 2527 116 34 feinste
2351 2536 111 33 genau
2493 2526 192 42 verkündet,
2717 2536 63 23 aus
2809 2525 149 35 welchen
2988 2526 114 33 reinen
3133 2524 40 33 Be-

2206 2582 350 44 wegungstatsachen,
2595 2591 62 24 aus
2695 2581 150 34 welchen
2884 2579 197 43 Richtungs-
3121 2578 71 35 und

2208 2637 591 43 Geschwindigkeitsformenwerten
2862 2635 72 34 und
2987 2633 186 34 Verhältnis-

2209 2703 60 25 sen
2311 2693 52 33 die
2404 2691 318 36 Substanztatsache
2775 2690 75 34 sich
2899 2689 292 40 zusammensetzt,

2208 2748 63 34 das
2311 2747 165 35 stoffliche
2516 2744 374 44 Wahrnehmungsbild
2932 2743 149 41 entsteht,
3130 2743 63 33 das

2206 2804 65 32 wir
2462 2811 143 25 nennen.

2297 2860 167 35 Vielleicht
2493 2860 128 43 gelingt
2650 2870 36 23 es
2715 2869 106 33 sogar
2851 2858 89 35 noch
2970 2857 134 43 einmal,
3137 2856 56 34 auf

2205 2915 326 44 mikroskopischem
2571 2916 105 41 Wege
2714 2914 53 34 die
2806 2914 65 35 den
2909 2914 113 41 festen,
3062 2916 130 31 starren

2206 2970 305 37 Substanzbildern
2535 2980 43 23 zu
2593 2968 143 36 Grunde
2761 2969 175 42 liegenden
2962 2968 206 42 Bewegungs-

2204 3025 109 34 bilder
2348 3025 149 34 sichtbar
2532 3036 43 22 zu
2610 3025 151 33 machen.
2812 3023 69 34 Um
2918 3023 62 34 das
3015 3033 44 24 zu
3095 3022 80 34 errei-

2205 3081 95 42 chen,
2328 3080 73 34 darf
2426 3090 79 24 man
2530 3079 86 34 auch
2643 3090 42 23 an
2711 3079 65 33 den
2802 3078 159 33 kleinsten
2976 3076 72 35 und
3062 3076 108 34 schein-

2205 3137 62 34 bar
2307 3134 308 36 unbedeutendsten
2657 3133 532 44 Bewegungswahrnehmungen

2205 3191 90 34 nicht
2335 3190 96 34 mehr
2471 3190 128 34 achtlos
2639 3189 270 42 vorübergehen;
2965 3198 79 24 man
3096 3196 97 24 muss

2204 3246 85 35 auch
2323 3246 53 33 die
2407 3246 178 41 winzigste
2616 3244 70 34 und
2718 3243 339 34 verschwommenste
3092 3241 78 35 Flim-

2203 3300 295 43 mererscheinung
2532 3297 307 36 ausserordentlich
2874 3297 138 43 wichtig
3046 3297 144 34 nehmen

2203 3356 72 35 und
2307 3356 47 33 sie
2385 3356 54 33 für
2470 3354 94 43 fähig
2596 3354 122 42 halten,
2751 3351 255 35 entscheidende
3022 3351 149 34 Realitäts-

2203 3410 209 35 aufschlüsse
2441 3420 43 24 zu
2512 3410 120 42 geben,
2662 3409 78 34 weil
2768 3417 80 24 man
2876 3407 83 34 eben
2987 3406 92 34 nicht
3093 3405 95 33 mehr

2204 3467 85 33 nach
2562 3464 136 41 forscht,
2731 3462 150 35 sondern
2911 3472 66 23 nur
3007 3460 86 35 nach
3111 3460 57 44 „Be-

2293 3578 158 34 Welchen
2479 3576 292 35 überraschenden
2799 3575 72 35 und
2899 3585 107 24 neuen
3034 3573 153 35 Einblick

2203 3634 181 42 gewinnen
2422 3633 66 34 wir
2526 3632 106 33 durch
2673 3631 53 33 die
2765 3639 120 37 grosse
2925 3630 241 42 Bewegungser-

2203 3688 165 42 kenntnis,
2401 3687 108 34 durch
2541 3687 53 34 die
2625 3686 90 33 reine
2747 3683 306 44 Bewegungslehre
3085 3684 35 33 in
3135 3682 52 34 die

2203 3741 113 35 Tiefen
2349 3742 58 33 des
2438 3751 132 33 ganzen
2603 3738 327 45 Naturgeschehens,
2963 3739 35 33 in
3028 3738 63 34 alle
3122 3738 48 33 bis-

2203 3796 61 33 her
2290 3796 100 33 kaum
2417 3795 81 33 halb
2513 3794 227 43 aufgeklärten
2755 3794 290 42 Erscheinungen,
3076 3792 111 42 Dinge

2204 3856 70 28 und
2304 3850 184 42 Vorgänge
2518 3849 60 34 der
2608 3849 85 34 Welt
2724 3848 70 34 und
2825 3848 58 33 des
2918 3847 141 34 Lebens!
3095 3848 89 31 —in

2203 3905 160 35 welchem
2396 3914 107 25 neuen
2539 3904 121 41 Lichte,
2695 3905 35 33 in
2763 3903 143 34 welcher
2939 3901 247 36 wunderbaren

2205 3959 151 36 Klarheit
2384 3958 71 34 und
2484 3957 298 35 Verständlichkeit
2810 3957 193 34 erscheinen
3033 3965 64 24 uns
3112 3956 73 42 jetzt

2204 4014 179 34 Probleme
2418 4014 65 32 wie
2518 4013 53 33 die
2606 4013 59 33 der
3013 4010 58 33 der
3108 4009 57 44 „Er-

2198 4069 139 42 haltung
2368 4069 59 31 der
2614 4069 58 31 der
2926 4066 61 32 des
3020 4065 139 42 „Magne-

2375 4122 71 35 und
2479 4123 59 32 der
2862 4119 71 35 und
2966 4119 217 34 andererseits

2202 4179 126 34 wieder
2366 4177 59 33 der
2725 4176 59 34 der
3109 4175 59 32 etce-
