4912 6761
69 6659 54 44 26

56 81 152 54 möge
245 80 168 52 seiner
449 81 159 54 rohen
644 85 170 62 Sinne,
851 89 167 51 seiner
1055 91 180 51 trüben
1273 90 248 54 Wahrneh-

56 162 169 46 mung,
251 153 170 49 seines
448 155 239 57 dumpfen
714 158 417 53 Gedächtnisses.
1173 162 94 50 Die
1293 164 263 49 Mehrzahl

57 218 89 48 der
179 219 286 54 Menschen
499 225 133 50 sieht
665 241 94 35 nur
792 230 484 52 verschwommene
1310 233 246 58 Umrisse,

56 291 365 60 verwechselt,
454 294 116 50 hört
601 297 244 58 schlecht,
879 300 366 50 insbesondere
1278 302 167 49 fehlen
1480 305 78 47 die

57 355 280 59 Qualitäts-
373 364 101 48 und
510 362 581 60 Quantitätsmaßstäbe.
1143 370 71 49 Zu
1250 372 172 57 sehen,
1460 373 95 48 daß

55 425 285 54 Menschen
389 434 136 48 nicht
571 434 159 50 sehen
777 436 217 59 können,
1043 440 246 49 erbittert.
1358 441 170 48 Gleich-

57 498 137 49 wohl
232 501 65 49 ist
333 502 108 49 dies
478 504 81 48 die
593 505 365 51 verbreitetste
995 509 343 48 menschliche
1376 509 150 58 Eigen-

57 567 183 50 schaft.
301 569 107 52 Das
455 572 424 61 Generalisieren,
941 577 92 49 das
1095 578 323 49 überstürzte
1461 578 64 49 Ur-

57 638 167 57 teilen,
258 639 523 54 blind-mechanische
816 645 285 56 Reagieren
1137 647 85 48 auf
1256 648 95 48 alle
1386 648 169 57 Reize,

57 707 80 47 die
168 706 417 61 hemmungslose
616 711 222 60 Torheit,
869 744 63 5 —
964 716 91 48 das
1088 717 111 48 sind
1233 717 78 48 die
1346 716 208 50 Geißeln

60 777 91 48 des
182 779 378 53 menschlichen
590 781 274 51 Verkehrs.

184 866 105 51 Der
324 871 202 49 triviale
558 870 217 51 Mensch
812 872 154 49 denkt
1002 877 125 45 statt
1161 876 48 47 in
1243 875 312 59 Elementen,

57 937 48 46 in
134 937 196 56 groben
360 939 330 56 Komplexen.
737 939 193 51 Wundt
959 942 272 50 behandelt
1263 947 181 47 einmal
1477 947 79 47 die

56 1004 180 60 Frage,
279 1008 66 49 ob
387 1009 79 48 die
507 1008 149 50 Tiere
697 1010 213 58 denken,
953 1013 100 47 und
1095 1012 197 51 kommt
1333 1029 63 34 zu
1440 1016 115 48 dem

59 1075 251 59 Resultat,
359 1077 96 48 daß
505 1077 138 50 nicht
693 1080 183 48 einmal
928 1081 79 49 die
1056 1080 284 51 Menschen
1390 1086 137 54 regel-

57 1144 170 57 mäßig
261 1146 212 50 denken.
521 1147 279 50 Belauscht
832 1163 117 34 man
983 1151 79 47 die
1097 1151 298 56 Gespräche
1428 1154 128 48 alter

56 1213 437 61 Betschwestern,
521 1229 58 36 so
607 1218 130 48 wird
764 1231 117 35 man
908 1219 230 59 gewahr,
1166 1221 95 48 daß
1291 1224 75 46 sie
1393 1236 162 43 ganze

58 1282 157 50 Sätze
248 1297 175 45 sagen,
459 1285 79 49 die
573 1300 119 34 man
726 1288 161 48 schon
924 1290 276 49 anderswo
1233 1291 185 56 gehört
1454 1292 101 58 hat,

57 1351 95 49 daß
191 1355 75 47 sie
305 1352 298 58 Gespräche
639 1369 94 36 aus
770 1356 217 58 fertigen
1026 1358 191 50 Sätzen
1254 1361 182 58 bilden,
1476 1362 79 48 die

58 1422 539 56 Sprachbestandteile
664 1428 282 55 geworden
999 1429 126 48 sind.
1196 1428 86 50 Sie
1334 1430 190 49 konver-

57 1494 166 46 sieren
265 1505 290 45 sozusagen
598 1497 48 47 in
687 1496 165 49 lauter
895 1496 427 57 Sprichwörtern.
1381 1499 67 50 Es
1492 1502 63 47 ist

57 1561 321 57 unzerlegtes
423 1562 229 51 Denken.
712 1565 113 49 Ihre
888 1566 221 50 Gehirne
1167 1568 231 56 gleichen
1459 1570 96 47 den

56 1630 491 60 Kinderbaukasten,
605 1635 80 47 die
727 1634 183 58 fertige
952 1636 231 58 Fenster,
1227 1637 167 49 Türen
1457 1640 98 47 und

56 1699 134 49 Tore
238 1700 272 60 enthalten,
571 1717 210 36 woraus
829 1705 90 49 das
966 1705 128 55 Kind
1140 1721 93 34 nur
1295 1709 110 46 eine
1467 1708 58 47 be-

55 1770 277 49 schränkte
367 1771 194 50 Anzahl
599 1787 104 34 von
741 1774 423 54 Kombinationen
1200 1776 167 48 bilden
1406 1776 148 49 kann.

179 1838 123 49 Eine
333 1839 196 51 falsche
561 1841 347 59 Psychologie
940 1845 105 48 hält
1079 1845 92 49 das
1202 1843 242 51 Einfache
1476 1846 79 48 für

55 1909 91 48 das
190 1909 221 58 Aeltere,
455 1912 92 49 das
590 1911 546 58 Zusammengesetzte
1178 1914 79 50 für
1301 1915 91 49 das
1437 1918 88 53 spä-

54 1980 125 55 tere,
242 1978 124 50 baut
428 1980 182 50 darauf
656 1980 356 61 Sprachlehre,
1076 1983 479 56 Sprachunterricht

57 2047 99 48 und
215 2047 234 51 ähnliche
507 2049 325 58 Disziplinen.
892 2052 144 50 Noch
1097 2068 186 34 unsere
1342 2053 186 50 Urteils-

53 2116 142 49 lehre
233 2116 217 52 krankte
488 2119 77 50 bis
603 2135 97 34 vor
738 2121 211 49 kurzem
988 2123 256 48 darunter.
1300 2123 135 49 Jetzt
1477 2137 52 34 er-

54 2185 158 51 kennt
249 2201 118 35 man
407 2190 180 48 immer
627 2190 294 59 deutlicher,
963 2191 95 49 daß
1101 2191 226 49 Urteilen
1367 2193 161 57 gleich-

53 2256 291 50 bedeutend
383 2260 66 47 ist
488 2261 91 47 mit
617 2259 263 59 Zerlegen,
920 2261 352 50 Herausholen
1315 2263 88 47 der
1443 2261 84 49 Ele-

56 2329 173 46 mente
262 2341 93 35 aus
392 2328 116 49 dem
544 2328 161 50 Inhalt
741 2331 89 48 des
866 2329 594 59 Zusammengesetzten.

181 2394 95 50 Die
316 2395 288 52 Trivialität
643 2399 226 49 entsteht
910 2415 99 34 nun
1052 2401 241 58 dadurch,
1336 2402 95 48 daß
1478 2404 77 46 die

56 2466 181 48 trüben
267 2466 280 59 Intellekte,
576 2481 60 35 so
666 2470 101 47 wie
795 2471 74 46 sie
898 2472 48 46 in
975 2471 90 47 der
1094 2472 343 55 Anschauung
1467 2475 89 45 mit

53 2548 200 43 ganzen
281 2534 266 53 Umrissen
576 2540 282 56 operieren,
889 2537 130 51 auch
1046 2539 284 58 begrifflich
1360 2542 100 47 und
1489 2544 66 45 im

54 2603 518 59 Empfindungsleben
614 2607 409 59 zurückbleiben,
1066 2611 47 46 in
1163 2623 197 43 ganzen
1402 2610 115 55 Kom-

56 2675 183 54 plexen
266 2678 126 46 statt
420 2677 48 47 in
495 2675 297 51 Elementen
821 2678 214 48 denken.
1084 2678 227 49 Insofern
1341 2680 106 48 dies
1478 2682 77 45 ein

56 2742 402 51 Zurückbleiben
491 2748 47 45 in
572 2747 91 47 der
695 2745 456 60 Differenzierung,
1185 2749 89 48 der
1308 2748 246 50 höchsten

57 2813 261 50 ethischen
360 2813 183 51 Pflicht
587 2817 79 56 ist,
713 2816 286 56 empfinden
1043 2820 95 46 wir
1182 2819 184 47 trivale
1409 2818 109 48 Men-

57 2883 158 48 schen
251 2884 74 49 als
360 2885 276 58 widerlich,
671 2885 286 51 abstoßend
991 2888 99 47 und
1126 2887 273 50 schädlich.

182 2952 68 50 Es
285 2955 65 47 ist
384 2953 244 59 offenbar,
665 2954 96 48 daß
799 2957 80 47 die
914 2955 287 51 Trivialität
1238 2958 157 48 durch
1432 2960 123 47 alles

55 3022 294 57 begünstigt
394 3024 145 57 wird,
600 3024 249 50 wodurch
907 3024 221 58 größere
1189 3029 367 55 unzerlegbare

57 3090 423 58 Denkkomplexe
514 3093 162 49 bereit
709 3095 206 56 gestellt
951 3096 225 48 werden.

182 3161 107 50 Das
328 3166 76 46 tut
442 3162 123 50 aber
604 3163 79 49 die
721 3163 281 50 kulturlose
1041 3165 215 57 Bildung
1297 3180 130 42 ganz
1469 3168 65 47 all-

55 3233 217 54 gemein.
325 3230 104 50 Der
466 3233 257 56 gebildete
759 3233 217 50 Mensch
1016 3234 251 49 offenbart
1306 3239 140 45 seine
1484 3239 48 45 in-

55 3314 123 35 nere
221 3300 287 50 Trivialität
550 3303 100 47 viel
695 3303 392 56 aufdringlicher
1131 3305 75 48 als
1251 3306 90 46 der
1386 3305 136 56 Unge-

56 3370 201 57 bildete,
311 3370 492 59 beziehungsweise,
841 3372 216 56 Bildung
1112 3372 133 49 kann
1297 3375 258 55 geradezu

51 3434 160 49 trivial
241 3437 235 57 machen,
511 3436 175 49 indem
716 3440 74 46 sie
819 3449 163 51 ganze
1013 3437 287 63 Komplexe
1331 3452 100 34 von
1454 3439 70 48 An-

56 3509 344 58 schauungen,
440 3510 355 59 Kenntnissen,
834 3510 495 61 Parteimeinungen,
1372 3527 62 34 an
1477 3515 78 47 die

55 3578 147 48 Hand
236 3579 121 57 gibt,
378 3581 79 47 die
495 3580 277 49 unberührt
808 3582 74 48 ins
919 3582 334 49 Bewußtsein
1294 3583 260 55 eingehen.

60 3647 104 49 Der
215 3648 266 50 Gebildete
530 3649 207 57 verfügt
785 3649 278 50 außerdem
1114 3652 131 48 noch
1298 3653 123 47 über
1474 3654 77 46 ein

56 3719 303 54 gerütteltes
384 3718 122 48 Maß
532 3719 488 57 Begriffstrivialität
1047 3722 99 47 und
1174 3722 129 47 wird
1332 3721 225 48 dadurch

57 3802 63 33 zu
167 3789 163 47 einem
377 3787 293 50 Schrecken
716 3790 89 48 der
852 3790 308 57 Schrecken,
1208 3805 115 34 zum
1386 3791 171 48 enfant

58 3857 206 48 terrible
295 3858 89 48 der
415 3857 230 58 Bildung.

183 3925 106 52 Das
321 3926 308 58 Bürgertum
660 3929 204 49 züchtet
897 3930 140 49 diese
1069 3929 287 50 Trivialität
1389 3932 46 46 in
1469 3931 88 47 der

60 3996 201 49 Schule.
308 3995 67 50 Es
406 3996 215 50 braucht
649 4000 88 55 sie,
769 3999 117 48 weil
918 4013 56 35 es
1006 4000 95 48 den
1134 3999 423 56 Bildungsschein

60 4066 74 48 als
169 4067 191 48 soziale
392 4066 604 59 Versicherungsprämie
1030 4069 149 48 zahlt.

184 4134 107 50 Das
335 4135 251 50 offenbart
627 4137 110 48 sich
779 4137 283 51 besonders
1107 4138 226 49 eklatant
1377 4140 47 46 in
1469 4139 90 47 der

60 4209 352 52 sogenannten
446 4205 422 58 Frauenbildung.
919 4206 199 50 Frauen
1154 4209 211 47 werden
1402 4207 156 48 durch

56 4281 222 39 unseren
309 4270 389 65 Bildungstrieb
724 4272 291 49 besonders
1044 4287 124 49 gern
1197 4274 82 47 ins
1313 4273 216 51 Rationa-

60 4344 445 49 listisch-Triviale
582 4345 337 50 verschoben.
1002 4347 104 49 Soll
1173 4361 116 34 man
1372 4348 186 47 daraus

61 4414 272 57 schließen,
373 4414 96 48 daß
512 4415 80 49 die
630 4414 199 51 Frauen
869 4418 46 46 in
956 4416 160 49 ihrem
1156 4415 193 50 Wesen
1391 4417 168 48 trivial

61 4482 149 49 sind?
275 4482 106 49 Ehe
444 4486 95 46 wir
587 4485 174 48 diesen
825 4487 386 48 verzweifelten
1278 4487 280 48 Gedanken

61 4553 189 56 fassen,
275 4553 186 49 wollen
487 4555 95 47 wir
608 4554 156 49 lieber
790 4556 300 58 annehmen,
1113 4556 97 48 daß
1239 4558 77 46 die
1343 4556 216 57 Bildung

63 4621 76 48 ihr
187 4622 206 49 wahres
442 4621 193 51 Wesen
683 4625 336 50 verschleiert
1069 4627 101 48 und
1233 4626 148 49 ihnen
1450 4628 110 47 eine

63 4690 185 50 Maske
280 4691 299 57 aufzwingt;
618 4694 124 47 oder
775 4694 137 58 aber,
945 4695 95 48 daß
1077 4696 107 48 sich
1250 4696 147 48 echte
1462 4697 99 46 und

63 4760 232 49 wirklich
339 4761 121 49 tiefe
503 4761 380 52 Frauenwesen
929 4778 164 43 gegen
1156 4766 256 55 derartige
1459 4764 75 49 Bil-

65 4831 135 55 dung
240 4830 263 50 instinktiv
542 4831 210 50 wehren
793 4834 99 47 und
933 4834 156 48 lieber
1129 4848 93 36 aus
1265 4835 160 48 ihrem
1465 4834 64 48 Fa-

64 4900 333 58 milienleben,
434 4900 263 59 Geschäft,
733 4901 507 57 Schauspielerberuf
1294 4904 100 48 und
1448 4905 84 47 der-

63 4969 232 56 gleichen
340 4984 63 34 zu
449 4970 134 49 ihrer
629 4970 216 58 Bildung
891 4973 265 57 gelangen,
1206 4974 78 48 die
1331 4974 230 55 zugleich

65 5038 354 58 zweckmäßig
485 5041 100 47 und
648 5040 274 50 kulturvoll
974 5044 78 46 ist.
1134 5042 105 49 Das
1306 5043 254 49 Vorurteil

64 5121 166 43 gegen
267 5109 229 56 gelehrte
535 5109 199 49 Frauen
774 5112 65 48 ist
880 5111 305 57 wahrhaftig
1226 5113 136 48 nicht
1403 5111 131 50 Eifer-

65 5177 148 49 sucht
251 5178 88 48 der
374 5177 233 60 Männer,
643 5180 221 48 sondern
900 5182 191 55 gerade
1129 5182 80 48 die
1245 5182 181 48 besten
1463 5183 98 47 und

65 5260 103 34 von
235 5246 336 51 Frauenwert
640 5248 506 57 durchdrungensten
1216 5251 168 48 fühlen
1454 5250 110 49 sich

67 5316 158 49 durch
260 5316 79 49 die
372 5316 369 59 Beobachtung
776 5318 220 58 betrübt,
1032 5319 95 48 daß
1165 5321 79 47 die
1279 5320 199 48 Frauen
1516 5323 46 45 in

68 5386 89 47 der
190 5385 216 57 Bildung
438 5386 296 50 verflachen
768 5388 123 48 oder
924 5388 106 49 ihre
1064 5391 289 46 inmanente
1385 5389 148 48 Flach-

68 5454 102 49 heit
198 5453 310 51 offenbaren.

192 5525 109 48 Alle
345 5524 296 51 zwecklose
685 5526 101 49 und
830 5526 280 50 kulturlose
1157 5527 215 58 Bildung
1420 5529 145 47 rächt

68 5594 108 48 sich
223 5595 75 48 als
345 5593 303 59 Trivialität,
695 5597 299 55 untergräbt
1041 5597 79 48 die
1169 5598 363 58 Anschauungs-

68 5663 149 58 kraft,
260 5663 255 50 zerbricht
556 5665 93 48 das
692 5664 262 58 Rückgrat
996 5667 88 46 der
1126 5664 438 59 Willensenergie.

67 5731 172 50 Daher
272 5733 303 57 umgekehrt
607 5734 319 49 bedeutende
958 5735 282 49 Menschen
1273 5735 74 49 oft
1379 5736 155 48 wider-

69 5802 242 49 strebend
343 5804 100 47 und
473 5802 235 50 mühsam
738 5804 189 58 lernen,
957 5806 116 48 weil
1106 5807 74 47 sie
1212 5806 106 48 ihre
1349 5807 216 55 Bildung

69 5872 271 54 organisch
376 5873 204 49 erleben
617 5873 201 50 wollen.
918 5873 93 49 Die
1047 5874 340 49 schmerzvoll
1427 5890 104 41 emp-

69 5939 220 50 fundene
333 5940 395 60 Unwissenheit,
792 5945 99 47 wie
938 5945 94 47 wir
1095 5946 74 48 sie
1233 5950 138 44 etwa
1432 5947 132 48 beim

70 6007 308 51 Proletariat
431 6011 184 59 finden,
686 6012 86 49 hat
841 6012 235 50 kulturell
1132 6014 74 49 als
1277 6016 288 48 treibender

68 6077 190 50 Faktor
287 6081 144 46 einen
456 6080 224 50 höheren
705 6081 148 50 Wert
880 6083 74 49 als
982 6083 78 49 die
1085 6083 242 50 blasierte
1347 6084 219 50 Sattheit

70 6149 91 47 des
198 6148 196 55 planlos
431 6149 369 51 überfütterten
835 6150 281 51 Philisters.

195 6217 507 55 Klassenherrschaft
739 6222 100 48 und
876 6221 131 49 hohe
1046 6221 266 51 kulturelle
1349 6224 218 58 Bildung

72 6289 143 45 wäre
243 6288 66 47 im
333 6286 202 57 Prinzip
564 6288 137 49 nicht
729 6292 354 49 unvereinbar.
1129 6292 136 50 Aber
1294 6293 127 49 eben
1452 6296 86 48 des-

71 6370 199 44 wegen,
301 6358 117 48 weil
449 6371 56 35 es
536 6358 311 51 theoretisch
878 6362 220 55 möglich
1128 6364 79 55 ist,
1238 6363 218 49 beweist
1488 6365 79 48 die

72 6425 295 50 Schulkrise
419 6427 130 48 auch
602 6429 111 46 eine
764 6430 294 49 ständische
1111 6431 287 50 Schwäche
1468 6435 99 47 und

70 6495 316 57 Zersetzung
445 6497 90 48 der
576 6496 586 54 Herrschaftsinstinkte.
1222 6500 199 51 Unsere
1478 6517 60 42 ge-

69 6566 221 49 bildeten
335 6565 215 56 Klassen
593 6580 185 45 wagen
824 6581 55 38 es
923 6582 93 43 gar
1059 6570 151 57 nicht,
1256 6572 78 48 die
1382 6571 185 51 Schule

1725 99 141 44 ernst
1896 108 63 35 zu
1991 92 234 61 nehmen,
2257 92 119 51 weil
2409 92 74 51 sie
2515 92 91 50 mit
2639 88 134 54 ihrer
2806 89 264 62 sonstigen
3104 100 87 42 ver-

1714 163 189 50 fehlten
1940 163 320 50 Oekonomie
2294 165 48 47 in
2376 164 222 55 Konflikt
2630 165 245 55 gerieten.
2927 163 106 49 Das
3070 164 116 54 Klas-

1716 235 309 56 senprivileg
2062 233 118 50 muß
2217 234 405 56 beispielsweise
2660 234 85 48 auf
2783 234 116 47 dem
2934 232 250 57 Prüfungs-

1708 305 192 46 wissen
1918 299 264 62 bestehen,
2201 303 117 49 weil
2343 304 80 47 die
2446 302 293 57 Prüfungen
2764 304 79 47 die
2862 302 320 49 Assekuranz-

1715 374 229 53 prämien
1981 373 126 57 sind,
2146 373 159 49 durch
2343 373 79 48 die
2459 373 294 48 bestimmte
2790 372 296 56 Stellungen
3124 385 60 43 ga-

1714 444 213 46 rantiert
1964 443 226 48 werden.
2245 441 115 49 Wie
2399 442 224 48 könnten
2663 442 109 49 sich
2808 441 405 56 beispielsweise

1712 511 491 56 Militärprivilegien
2250 511 171 49 halten
2470 512 187 56 lassen,
2707 513 99 46 wie
2855 509 190 50 könnte
3094 524 116 34 man

1712 583 110 45 eine
1858 580 295 49 Hierarchie
2191 582 89 46 der
2299 581 283 48 Vorrechte
2619 581 267 56 aufbauen,
2907 594 151 34 wenn
3094 594 116 33 man

1710 650 345 49 andererseits
2098 650 457 56 Individualitäten,
2598 649 471 50 Persönlichkeiten
3133 664 52 33 er-

1711 720 177 47 ziehen
1919 718 214 51 wollte?

1832 830 95 49 Die
1960 832 113 47 hart
2122 831 383 56 angegriffenen
2542 829 668 57 Gymnasial-Professoren

1709 900 130 48 üben
1874 900 272 57 allerdings
2183 899 508 49 Gamaschendienst.
2741 899 136 49 Aber
2911 900 91 47 das
3039 901 63 46 ist
3136 898 74 48 ihr

1708 968 205 58 Zweck,
1958 970 91 49 das
2092 970 309 55 Bürgertum
2445 969 134 48 kann
2625 971 144 46 einen
2813 967 217 57 Dippold
3074 969 136 47 nicht

1711 1038 294 58 entbehren,
2040 1053 58 35 so
2134 1041 170 54 wenig
2338 1041 100 45 wie
2473 1040 141 46 seine
2651 1038 382 56 Gendarmerie,
3068 1039 141 47 seine

1706 1107 207 58 Polizei,
1945 1109 79 48 die
2056 1108 101 49 ihm
2189 1108 271 55 allerdings
2492 1108 273 55 zeitweilig
2798 1108 151 55 lästig
2982 1108 226 56 werden,

1707 1178 79 47 die
1841 1191 55 35 es
1948 1177 338 58 gelegentlich
2321 1178 303 56 bewitzelt,,,
2638 1178 122 46 aber
2830 1179 66 45 im
2966 1177 211 48 Bedarfs-

1706 1246 117 49 falle
1857 1247 130 48 doch
2022 1250 179 46 immer
2234 1247 194 49 wieder
2461 1246 115 49 ruft.
2628 1246 106 50 Das
2771 1246 337 55 Gymnasium
3144 1248 64 47 ist

1707 1318 79 46 die
1846 1316 401 55 systematische
2307 1315 525 57 Selbstschwächung
2895 1317 89 46 der
3045 1315 129 49 Bour-

1704 1388 209 55 geoisie,
1935 1387 78 47 die
2046 1385 310 49 unbewußte
2376 1385 188 57 Rache,
2598 1386 79 47 die
2708 1388 74 46 sie
2813 1400 64 34 an
2908 1386 108 48 sich
3048 1387 160 47 selbst

1708 1456 100 55 übt,
1841 1457 294 55 geängstigt
2165 1469 104 35 von
2303 1456 90 47 der
2425 1455 368 56 Doppelfurcht
2826 1469 96 34 vor
2956 1457 115 46 dem
3108 1456 66 48 Ge-

1707 1524 228 49 schlecht
1970 1526 99 47 und
2103 1526 116 47 dem
2255 1525 173 49 Genie.

1831 1621 94 50 Die
1986 1623 191 48 soziale
2236 1621 246 58 Ordnung
2542 1626 173 45 zittert
2774 1638 96 34 vor
2930 1625 115 46 dem
3108 1625 66 47 Ge-

1705 1692 229 48 schlecht
1968 1693 74 47 als
2076 1694 141 51 jener
2239 1692 219 57 Gewalt,
2479 1693 79 46 die
2592 1694 80 46 die
2706 1696 235 52 gesatzte
2963 1693 244 55 Ordnung

1705 1775 83 33 am
1815 1760 517 50 rücksichtslosesten
2362 1763 340 47 durchbricht.
2746 1761 194 49 Darum
2968 1762 116 48 muß
3116 1764 91 47 das

1709 1830 488 50 Geschlechtsleben
2229 1831 159 49 schon
2421 1833 48 47 in
2503 1832 89 48 der
2625 1831 187 49 Schule
2844 1833 74 48 als
2954 1831 255 50 unsittlich

1703 1899 402 57 gebrandmarkt
2164 1902 100 47 und
2322 1902 296 55 verdumpft
2676 1903 226 47 werden.
2965 1901 121 48 Eine
3144 1916 61 33 zu

1706 1971 164 47 reiner
1912 1970 517 49 Geschlechtlichkeit
2470 1985 254 42 erzogene
2763 1971 199 56 Jugend
3004 1971 203 48 möchte

1707 2040 95 47 alle
1852 2039 330 49 Hierarchien
2233 2054 254 43 sprengen
2538 2041 99 48 und
2689 2041 79 48 die
2817 2039 362 51 Prostitutions-

1705 2109 231 57 ordnung
1973 2109 371 58 hinwegfegen.
2396 2110 143 48 Noch
2574 2111 143 47 mehr
2754 2111 129 47 wird
2919 2111 91 47 das
3050 2110 157 48 Genie

1704 2179 303 57 gefürchtet,
2042 2180 89 48 der
2165 2179 249 49 Todfeind
2447 2181 123 48 aller
2603 2180 380 55 privilegierten
3017 2179 163 49 Mittel-

1705 2247 293 59 mäßigkeit,
2030 2250 90 47 der
2152 2250 261 56 geborene
2444 2249 301 57 Bedränger
2778 2251 89 47 der
2901 2250 306 56 Korruption

1707 2318 100 47 und
1837 2316 273 51 Pfründen.
2159 2317 94 50 Die
2285 2319 274 48 Genialität
2591 2334 62 33 zu
2685 2320 238 57 brechen,
2954 2322 64 46 ist
3051 2319 156 48 daher

1708 2388 88 47 der
1827 2389 218 47 leitende
2078 2389 247 48 Gedanke
2356 2389 90 49 des
2481 2389 381 57 Gymnasiums,
2896 2392 140 47 seine
3068 2394 112 45 stän-

1707 2457 114 55 dige
1857 2455 401 51 Wachsamkeit.
2310 2459 109 48 Alle
2454 2459 267 48 Anstalten
2758 2460 111 47 sind
2907 2460 179 47 darauf
3119 2474 58 42 ge-

1706 2526 198 57 richtet,
1948 2540 55 36 es
2046 2527 297 57 rechtzeitig
2388 2543 61 39 zu
2496 2527 272 59 erkennen,
2812 2543 83 34 um
2941 2543 54 34 es
3041 2530 138 47 recht-

1707 2597 150 55 zeitig
1891 2610 63 34 zu
1988 2597 318 49 zermürben.

1833 2706 103 49 Der
1975 2707 229 57 Spießer,
2242 2709 89 47 der
2370 2709 91 48 das
2500 2709 160 48 Genie
2696 2711 66 46 im
2801 2709 172 49 Leben
3011 2711 168 47 nieder-

1708 2779 107 46 tritt
1849 2778 99 47 und
1984 2791 54 35 es
2073 2777 330 59 aushungert,
2437 2792 199 34 warum
2673 2780 149 47 sollte
2857 2792 55 34 er
2947 2792 54 35 es
3039 2781 45 45 in
3120 2780 89 47 der

1705 2845 285 57 Erziehung
2038 2846 300 56 freigeben?
2405 2846 115 49 Wie
2583 2848 94 48 soll
2742 2849 92 48 das
2883 2847 325 58 Bürgertum,

1707 2916 91 49 das
1839 2916 109 48 sich
1990 2930 83 34 am
2131 2917 240 48 liberalen
2414 2916 295 49 Leitartikel
2769 2919 291 55 berauscht,
3117 2920 60 45 im-

1708 2987 181 47 stande
1924 2988 124 55 sein,
2086 2988 111 47 eine
2233 2986 186 49 Schule
2456 3002 61 33 zu
2555 2986 246 57 schaffen,
2840 2988 78 47 die
2954 3002 90 33 zur
3081 2986 95 49 Pro-

1708 3055 274 49 duktivität
2013 3054 230 50 erzieht?

1832 3157 103 49 Der
1965 3160 229 55 gesunde
2222 3161 99 46 und
2351 3157 176 51 starke
2556 3159 324 56 Standpunkt
2911 3162 138 45 eines
3080 3159 96 48 Bür-

1706 3240 229 44 gertums
1974 3233 144 44 wäre
2159 3230 103 56 der,
2303 3229 96 48 daß
2442 3243 54 35 es
2537 3229 108 49 sich
2683 3233 250 53 zutraute,
2975 3230 92 47 das
3110 3228 66 49 Ge-

1706 3298 406 47 schlechtsleben
2139 3300 99 45 und
2266 3300 78 46 die
2366 3298 274 48 Genialität
2666 3301 46 44 in
2733 3299 107 47 sich
2861 3299 347 54 aufzusaugen

1708 3368 100 47 und
1871 3367 174 48 diesen
2090 3366 245 49 Mächten
2399 3369 175 47 seinen
2621 3365 146 50 Platz
2832 3369 375 45 einzuräumen.

1705 3436 146 48 Dann
1885 3439 144 46 wäre
2050 3450 54 35 es
2126 3437 272 56 allerdings
2432 3436 387 57 gerechtfertigt
2840 3437 99 47 und
2972 3440 236 51 gerettet.

1707 3504 108 50 Wir
1850 3506 157 48 sehen
2043 3507 137 57 aber,
2217 3506 95 48 daß
2350 3521 55 34 es
2441 3508 140 46 diese
2647 3505 177 55 Kräfte
2891 3506 318 55 verleugnet,

1707 3575 221 50 fürchtet
1973 3577 100 47 und
2117 3578 89 47 mit
2252 3577 130 48 allen
2426 3576 202 49 Mitteln
2691 3590 61 34 zu
2801 3575 141 47 Tode
3006 3576 202 54 peinigt.

1708 3643 126 51 Was
1900 3659 55 35 es
2021 3646 147 48 dabei
2233 3647 300 56 eintauscht,
2614 3648 66 47 ist
2744 3648 79 46 die
2886 3646 324 55 Korruption.

1708 3714 192 50 Wären
1931 3716 79 48 die
2038 3716 380 56 privilegierten
2448 3716 217 54 Klassen
2697 3718 266 57 imstande,
2994 3717 216 56 Bildung

1708 3786 47 46 in
1797 3785 177 54 Kultur
2034 3789 368 54 umzuwerten,
2460 3789 144 46 wäre
2662 3788 74 47 sie
2796 3788 266 55 imstande,
3122 3790 89 45 mit

1709 3855 115 47 dem
1887 3854 160 49 Genie
2107 3853 215 50 Frieden
2384 3870 62 34 zu
2508 3856 215 48 machen
2785 3857 100 47 und
2948 3857 114 47 dem
3111 3856 66 48 Ge-

1709 3924 408 49 schlechtsleben
2162 3924 132 49 ohne
2338 3924 141 57 Lüge
2526 3926 99 48 und
2672 3925 303 49 Tartufferie
3021 3939 158 43 gegen-

1709 3994 124 47 über
1879 4008 62 33 zu
1987 3997 181 54 treten,
2215 3995 133 47 dann
2395 3995 200 49 dürften
2640 3997 74 48 sie
2761 3996 273 55 allerdings
3081 3996 128 49 auch

1708 4066 115 51 jene
1859 4062 374 58 Rekrutierung
2271 4064 89 48 der
2395 4063 192 50 Lehrer
2625 4066 99 47 und
2761 4065 212 49 Schüler
3011 4079 200 43 wagen,

1712 4134 78 47 die
1821 4147 90 34 zur
1944 4133 311 56 Gesundung
2289 4134 89 49 der
2410 4134 186 49 Schule
2630 4135 328 49 erforderlich
2991 4139 78 47 ist.
3119 4137 94 49 Die

1712 4203 178 47 wahre
1924 4202 211 55 Reform
2170 4204 89 48 der
2294 4203 220 49 Schulen
2548 4204 172 49 müßte
2755 4206 157 48 damit
2946 4206 266 58 beginnen,

1712 4272 94 48 daß
1841 4274 96 47 wir
1972 4273 79 48 die
2086 4273 218 49 törichte
2337 4272 189 50 Furcht
2575 4288 96 34 vor
2723 4275 95 47 den
2872 4276 340 49 erhabensten

1711 4341 421 58 Naturgewalten
2172 4342 124 49 über
2335 4342 140 49 Bord
2515 4344 196 48 werfen
2753 4345 99 47 und
2893 4345 319 57 gleichzeitig

1712 4412 79 48 die
1821 4411 307 56 Korruption
2161 4425 213 36 unseres
2404 4426 198 43 ganzen
2634 4415 225 47 sozialen
2890 4414 202 50 Lebens
3124 4418 89 46 mit

1712 4480 163 49 Feuer
1908 4482 100 48 und
2040 4481 238 49 Schwert
2308 4482 291 55 bekriegen.

1709 4824 188 110 Stil

1708 4991 127 54 Von
1876 4991 135 54 Karl
2053 4991 185 54 Kraus

1836 5111 125 49 Man
1995 5111 133 49 kann
2161 5111 137 50 nicht
2330 5113 334 58 leugnen,daß
2700 5115 115 47 dem
2848 5113 366 51 Schriftsteller

1713 5180 216 58 Bildung
1963 5185 259 45 zustatten
2258 5182 210 49 kommt.
2519 5182 115 49 Wie
2669 5183 192 49 schöne
2897 5184 317 50 Gleichnisse

1713 5250 170 49 lassen
1918 5251 108 49 sich
2060 5252 137 48 nicht
2229 5253 271 56 gestalten,
2536 5267 151 33 wenn
2724 5267 116 33 man
2878 5255 78 46 die
2993 5254 222 48 Termini

1714 5321 88 47 der
1857 5321 406 49 verschiedenen
2320 5320 413 57 Wissengebiete
2785 5322 82 49 bei
2923 5324 89 47 der
3069 5323 146 48 Hand

1714 5389 106 49 hat!
1869 5388 67 51 Es
1965 5389 198 50 kommt
2189 5391 109 48 also
2328 5391 180 48 darauf
2535 5405 79 43 an,
2642 5392 109 48 sich
2780 5393 169 48 dieses
2977 5393 238 49 Material

1714 5474 61 32 zu
1808 5460 312 49 beschaffen.
2218 5459 275 59 Wahrlich,
2529 5475 117 34 man
2680 5462 216 48 braucht
2930 5476 54 35 es
3020 5463 102 48 fast
3157 5477 58 34 so

1714 5531 297 55 notwendig
2041 5532 101 47 wie
2173 5529 187 57 Papier
2393 5531 100 48 und
2526 5531 160 49 Tinte.
2751 5531 137 49 Aber
2920 5531 164 49 haben
3116 5531 66 49 Pa-

1714 5600 106 53 pier
1880 5601 99 47 und
2024 5599 148 50 Tinte
2233 5602 146 46 einen
2441 5600 417 56 schöpferischen
2905 5603 165 48 Anteil
3133 5617 82 33 am

1705 5661 198 52 Werk?
1979 5663 97 50 Bin
2109 5665 83 49 ich
2230 5665 119 48 kein
2380 5665 383 56 Schriftsteller,
2808 5680 154 36 wenn
3009 5670 80 44 ich
3136 5668 82 47 die

1714 5738 490 56 Vergleichswelten
2240 5740 137 48 nicht
2396 5740 162 48 selbst
2591 5741 190 49 bereist
2801 5740 168 49 habe?
3007 5741 94 48 Bin
3138 5741 79 49 ich

1714 5808 137 49 nicht
1880 5810 267 57 imstande,
2178 5810 97 48 den
2306 5808 280 50 Gedanken
2619 5811 159 47 durch
2807 5810 294 57 Beziehung
3133 5810 84 48 auf

1717 5879 145 46 einen
1910 5878 326 50 chemischen
2283 5879 243 57 Vorgang
2575 5894 63 34 zu
2687 5879 237 58 erhellen,
2972 5881 117 47 weil
3138 5880 78 48 ich

1716 5946 140 49 diese
1895 5947 294 58 Beziehung
2228 5948 116 49 bloß
2386 5949 130 48 ahne
2556 5949 99 48 und
2696 5950 94 46 mir
2831 5950 89 48 der
2959 5949 225 49 Fachaus-

1717 6017 158 48 druck
1913 6017 161 49 fehlt?
2149 6018 84 49 Ich
2272 6018 144 57 frage
2471 6021 145 45 einen
2658 6018 276 48 Gelehrten
2975 6020 124 46 oder
3139 6021 79 46 ich

1716 6086 144 57 frage
1894 6088 78 46 ein
2002 6087 159 49 Buch.
2211 6088 136 49 Aber
2378 6090 48 47 in
2457 6088 229 49 solchem
2716 6088 138 49 Falle
2886 6088 170 50 leistet
3088 6089 129 48 auch

1718 6156 91 48 das
1849 6155 520 51 Fremdwörterbuch
2409 6158 95 48 alle
2544 6157 226 49 Dienste.
2828 6157 123 48 Eine
2991 6158 194 54 Kenner-

1717 6225 181 58 schaft,
1929 6227 78 47 die
2037 6227 80 48 ich
2178 6228 94 48 mir
2334 6241 92 35 aus
2491 6229 164 47 einem
2716 6227 287 49 Fachwerk
3067 6230 151 57 holte,

1717 6295 179 48 würde
1929 6296 78 48 die
2038 6296 372 49 künstlerische
2440 6296 212 58 Fügung
2684 6311 255 43 sprengen
2972 6300 98 47 und
3103 6299 114 49 dem

1718 6365 184 49 Schein
1932 6365 89 49 der
2050 6364 260 50 Erudition
2340 6367 97 47 den
2466 6367 235 56 Vorrang
2730 6368 186 48 lassen.
2977 6367 67 49 Es
3075 6372 143 45 wäre

1716 6431 81 52 die
1842 6434 471 57 höchstaplerische
2356 6434 397 58 Erschleichung
2816 6439 138 47 eines
3000 6437 218 50 Makels.

1718 6503 93 49 Die
1841 6503 243 58 Nahrung
2116 6504 89 49 des
2227 6504 196 51 Witzes
2455 6506 65 48 ist
2554 6508 110 46 eine
2696 6507 307 56 landläufige
3035 6506 183 56 Ration

1717 6588 105 36 von
1860 6573 356 55 Kenntnissen;
2271 6573 67 56 Es
2380 6575 112 50 darf
2531 6575 101 49 ihm
2671 6575 137 51 nicht
2848 6577 144 49 mehr
3032 6591 155 42 vorge-

3370 91 135 52 setzt
3535 88 226 66 werden,
3789 88 75 59 als
3895 112 55 35 er
3976 91 264 59 verdauen
4267 90 151 69 kann,
4444 92 101 60 und
4576 97 290 71 unmäßiges

3363 161 205 52 Wissen
3590 164 105 49 läßt
3717 167 80 47 die
3816 165 163 57 Kunst
4000 180 105 37 von
4123 168 213 56 Kräften
4359 170 254 53 kommen.
4638 175 84 48 Sie
4740 183 127 47 setzt

3366 232 115 50 Fett
3530 249 78 35 an.
3672 235 113 50 Nun
3830 237 109 57 gibt
3989 252 55 36 es
4093 238 277 60 Literaten,
4421 241 163 50 denen
4635 258 54 36 es
4740 249 122 51 eben

3365 304 178 48 darum
3578 319 63 34 zu
3675 309 88 45 tun
3800 308 79 48 ist.
3949 307 154 50 Ihnen
4170 312 65 46 ist
4303 312 79 47 die
4448 311 216 58 Bildung
4732 319 130 50 nicht

3363 372 252 60 Material,
3666 377 222 48 sondern
3939 378 372 50 Selbstzweck.
4378 380 86 49 Sie
4529 383 185 48 wollen
4778 388 56 49 be-

3367 445 208 55 weisen,
3619 445 96 47 daß
3762 448 74 47 sie
3879 447 132 49 auch
4055 446 276 52 Chemiker
4376 451 127 57 sind,
4549 456 312 52 wenngleich

3362 514 75 46 sie
3479 527 54 34 es
3591 515 137 48 nicht
3785 517 132 55 sind;
3979 518 131 48 denn
4168 518 367 50 Schriftsteller
4609 523 110 47 sind
4790 529 71 46 sie

3362 582 262 50 bestimmt
3664 583 151 50 nicht.
3920 585 107 50 Das
4066 587 238 49 Material
4362 589 134 48 kann
4569 604 116 34 man
4757 596 103 48 sich

3362 650 297 50 beschaffen
3720 655 102 47 wie
3881 669 118 34 man
4061 657 118 57 will,
4242 658 131 48 ohne
4451 659 90 47 der
4615 662 244 57 geistigen

3362 719 309 52 Ehrlichkeit
3713 727 167 45 etwas
3922 739 63 34 zu
4028 727 285 55 vergeben;
4361 727 80 49 die
4482 727 377 57 schöpferische

3361 790 176 50 Arbeit
3575 792 204 50 besteht
3816 795 47 46 in
3901 796 169 47 seiner
4105 794 381 60 Verwendung,
4524 799 47 46 in
4613 799 88 47 der
4738 799 90 52 Ver-

3363 859 260 59 knüpfung
3658 863 90 47 der
3784 861 249 59 Sphären,
4069 866 47 46 in
4151 865 90 48 der
4274 865 217 57 Ahnung
4528 867 90 48 des
4654 866 170 54 Zusam-

3362 930 329 57 menhanges.
3747 931 125 50 Wer
3911 932 240 59 schreibt,
4191 948 83 34 um
4314 934 218 58 Bildung
4570 950 63 34 zu
4671 940 188 59 zeigen,

3361 999 118 48 muß
3519 1000 312 51 Gedächtnis
3869 1003 187 57 haben;
4098 1003 133 49 dann
4267 1006 65 47 ist
4371 1018 54 35 er
4462 1004 116 49 bloß
4618 1008 78 46 ein
4732 1007 126 52 Esel.

3360 1068 165 49 Wenn
3575 1085 55 34 er
3677 1072 79 47 die
3803 1071 507 51 Fachwissenschaft
4359 1075 124 47 oder
4533 1076 96 47 den
4677 1075 155 52 Zettel-

3361 1138 181 49 kasten
3588 1141 224 58 benützt,
3860 1144 65 47 ist
3973 1157 54 34 er
4075 1143 130 48 auch
4253 1145 78 46 ein
4380 1143 334 50 Schwindler.
4779 1147 80 50 Ich

3360 1207 165 50 kenne
3571 1212 144 46 einen
3762 1208 329 62 Publizisten,
4138 1213 88 47 der
4273 1213 109 48 sich
4428 1213 157 48 lieber
4634 1215 78 47 die
4758 1216 102 50 fünf

3362 1277 411 58 Schreibefinger
3807 1280 265 49 abhacken
4104 1281 144 58 ließe,
4281 1282 94 48 ehe
4409 1296 55 34 er
4497 1285 46 45 in
4579 1285 162 47 einem
4773 1299 58 41 po-

3359 1347 232 49 litischen
3631 1348 311 60 Leitartikel,
3985 1351 90 49 der
4112 1353 116 53 jene
4270 1352 203 49 dürrste
4513 1351 317 52 Tatsächlich-

3361 1416 103 49 keit
3495 1418 89 47 der
3613 1417 138 50 Welt
3779 1419 288 59 behandelt,
4099 1422 79 47 die
4211 1422 90 48 der
4329 1420 139 49 Welt
4497 1422 158 47 leider
4687 1428 144 45 unent-

3359 1486 225 51 behrlich
3619 1489 80 56 ist,
3735 1489 91 49 das
3862 1488 150 51 Wort
4047 1490 436 57 „Balkanwirren'
4489 1491 10 18 4
4534 1492 324 55 gebrauchte.

3360 1554 66 49 Er
3463 1556 117 49 muß
4154 1573 176 43 sagen.
4383 1559 115 49 Und
4534 1561 174 48 solche
4746 1561 84 49 Gei-

3360 1626 451 50 stesschweinerei
3874 1627 157 50 findet
4094 1631 67 47 im
4226 1630 238 56 heutigen
4515 1629 345 52 Deutschland

3361 1695 252 58 Anklang!
3666 1696 123 50 Eine
3820 1699 237 55 typische
4087 1699 153 57 Figur
4270 1702 89 47 der
4392 1700 375 52 Lokalchronik
4798 1706 62 48 ist

3359 1767 140 51 jener
3891 1770 89 47 der
4050 1784 98 35 vor
4188 1770 223 49 Schulen
4484 1771 96 49 den
4653 1772 176 52 heraus-

3360 1837 331 47 strömenden
3719 1837 259 49 Mädchen
4006 1838 165 58 Dinge
4201 1842 149 55 zeigt,
4378 1842 80 47 die
4488 1843 74 47 sie
4593 1843 47 46 in
4670 1842 189 50 diesem

3359 1905 141 48 Alter
3533 1906 131 48 noch
3696 1907 138 49 nicht
3867 1908 159 48 sehen
4060 1909 176 49 sollen.
4304 1909 126 49 Was
4464 1910 243 50 bedeutet
4740 1912 119 49 aber

3360 1976 141 47 seine
3537 1975 380 50 Schädlichkeit
3967 1979 296 55 gegenüber
4301 1980 163 47 einem
4502 1978 233 60 Treiben,
4774 1985 86 45 mit

3359 2045 116 47 dem
3519 2046 80 47 die
3643 2045 395 51 Schulweisheit
4079 2061 97 35 vor
4220 2049 115 47 dem
4379 2048 173 49 Leben
4599 2050 234 50 exhibitio-

3360 2113 167 50 niert?
3586 2113 95 50 Die
3722 2116 275 49 unerhörte
4038 2116 303 59 Zumutung,
4384 2132 94 36 uns
4519 2119 82 48 bei
4640 2118 188 58 Bespre-

3359 2183 166 57 chung
3564 2185 88 48 der
3688 2190 422 46 verworrensten
4147 2187 380 57 Balkanfragen
4567 2189 130 48 auch
4734 2190 126 49 noch

3359 2255 45 46 in
3440 2254 79 47 die
3552 2254 284 50 klassische
3872 2256 324 57 Geographie
4228 2257 319 49 verwickeln
4580 2273 63 33 zu
4677 2259 182 58 lassen,

3360 2323 286 55 empfinden
3677 2323 152 50 heute
3861 2326 79 48 die
3971 2328 288 55 wenigsten
4290 2328 75 48 als
4394 2326 175 58 Plage.
4617 2327 157 51 Wäre
4806 2344 54 35 es

3359 2393 160 48 selbst
3562 2393 114 49 kein
3719 2393 203 59 Defekt,
3963 2397 91 47 mit
4098 2396 116 48 dem
4272 2396 108 49 hier
4436 2401 239 52 geprotzt
4718 2400 142 56 wird,

3359 2465 144 45 wäre
3536 2464 89 48 der
3656 2465 214 49 Anblick
3903 2466 91 49 der
4022 2466 375 57 Elephantiasis
4431 2471 141 48 eines
4607 2470 221 50 Gedächt-

3359 2533 165 48 nisses
3553 2532 136 50 nicht
3715 2534 497 60 abscheuerregend,
4239 2551 59 35 so
4326 2538 166 49 bliebe
4521 2539 91 48 der
4639 2538 221 51 Zustand

3359 2601 131 48 noch
3532 2604 180 48 immer
3772 2605 75 48 als
3906 2608 116 51 jene
4082 2607 428 49 ästhetisierende
4555 2608 161 50 Sucht
4775 2610 57 48 be-

3359 2671 365 59 klagenswert,
3755 2674 79 48 die
3866 2675 89 48 der
3985 2674 158 50 Fluch
4173 2690 213 35 unserer
4417 2676 142 59 Tage
4591 2680 78 46 ist.
4718 2678 141 49 Denn

3360 2742 79 45 die
3475 2740 314 59 Erörterung
3823 2758 105 34 von
3966 2743 390 50 Balkanwirren
4393 2748 66 47 ist
4497 2748 111 47 eine
4645 2748 183 56 Angele-

3356 2810 207 54 genheit
3616 2813 90 48 des
3762 2814 255 55 täglichen
4055 2814 400 50 Hausbrauches
4510 2819 100 45 und
4648 2817 86 48 hat
4773 2820 87 46 mit

3359 2880 90 47 der
3474 2880 178 58 Kunst,
3679 2882 107 48 also
3812 2883 131 48 auch
3968 2885 91 47 mit
4085 2885 89 46 der
4200 2884 257 50 Literatur
4483 2887 74 48 als
4585 2886 89 48 der
4701 2886 159 55 Kunst

3359 2950 89 48 des
3486 2948 226 60 Wortes,
3747 2952 138 49 nicht
3921 2953 92 49 das
4048 2955 263 55 geringste
4347 2969 62 34 zu
4446 2955 242 49 schaffen.
4759 2955 101 50 Der

3357 3018 441 60 Verschweinung
3837 3023 90 48 des
3966 3024 327 54 praktischen
4331 3024 201 50 Lebens
4574 3026 158 48 durch
4770 3027 90 48 das

3356 3083 305 64 Ornament,
3754 3086 97 49 wie
3941 3090 76 46 sie
4098 3087 157 50 Adolf
4329 3089 138 50 Loos
4558 3093 298 56 nachweist,

3362 3160 279 55 entspricht
3707 3162 114 52 jene
3872 3160 393 59 Durchsetzung
4332 3165 90 47 des
4487 3164 371 50 Journalismus

3354 3232 88 46 mit
3470 3230 448 59 Geistelementen,
3939 3233 80 47 die
4044 3247 62 33 zu
4133 3234 138 47 einer
4297 3234 419 55 katastrophalen
4736 3235 94 48 Ver-

3357 3301 227 54 wirrung
3619 3300 203 55 geführt
3859 3300 100 49 hat.
4013 3300 94 50 Die
4125 3300 199 50 Phrase
4363 3305 64 46 ist
4464 3304 92 48 das
4580 3303 281 50 Ornament

3359 3368 89 48 des
3478 3367 219 50 Geistes.
3754 3370 207 48 Anstatt
3987 3384 100 34 nun
4115 3372 79 47 die
4220 3370 191 50 Presse
4436 3374 184 54 geistig
4648 3373 211 48 trocken

3357 3452 62 33 zu
3453 3438 147 55 legen
3633 3438 99 48 und
3779 3439 80 48 die
3891 3438 145 50 Säfte
4069 3441 194 47 wieder
4298 3442 88 47 der
4417 3440 257 50 Literatur
4708 3457 120 34 zuzu-

3354 3501 199 59 führen,
3597 3515 94 37 aus
3734 3504 93 48 der
3866 3504 75 48 sie
4358 3506 90 48 der
4495 3506 74 48 sie
4627 3511 231 58 erpresst

3358 3577 228 57 wurden,
3650 3582 195 45 steuert
3878 3580 79 46 die
4020 3578 414 51 demokratische
4465 3579 138 51 Welt
4635 3582 84 49 auf
4751 3584 108 47 eine

3357 3646 364 58 Renovierung
3747 3648 91 50 des
3862 3650 252 55 geistigen
4139 3648 225 51 Zierrats
4391 3650 97 49 hin.
4546 3650 94 49 Die
4664 3650 195 50 Phrase

3359 3717 129 47 wird
3527 3717 136 49 nicht
3735 3718 333 58 abgeschafft,
4137 3720 222 48 sondern
4431 3722 46 47 in
4518 3721 96 48 den
4654 3720 206 49 Wiener

3358 3785 356 50 Werkstätten
3753 3788 91 48 des
3882 3787 204 50 Geistes
4123 3790 374 48 modernisiert.
4567 3790 293 58 Feuilleton,

3359 3854 532 61 Stimmungsbericht,
3928 3857 400 50 Schmucknotiz
4393 3889 63 6 —
4521 3861 116 47 dem
4704 3859 157 49 Pöbel

3359 3926 167 55 bringt
3558 3927 79 47 die
3670 3926 193 50 Devise
3928 3926 320 59 „Schmücke
4314 3929 113 49 dein
4492 3929 163 49 Heim'
4661 3930 9 18 4
4736 3930 127 49 auch

3361 3996 78 47 die
3474 3996 298 55 poetischen
3838 3996 283 50 Schnörkel
4171 4000 75 47 ins
4311 3998 156 49 Haus.
4565 3999 90 48 Ein
4690 4000 172 48 halbes

3363 4064 343 50 Jahrhundert
3778 4067 168 48 lebten
3988 4068 74 48 sie
4135 4081 104 35 von
4281 4068 177 57 Heine,
4533 4070 123 47 aber
4698 4070 164 48 dieser

3360 4134 274 58 Zauberer,
3665 4136 89 47 der
3786 4136 90 47 der
3906 4135 353 59 Unbegabung
4290 4152 117 34 zum
4438 4138 182 51 Talent
4650 4140 211 57 verhalf,

3362 4204 136 49 steht
3530 4205 137 48 nicht
3716 4219 62 34 zu
3812 4206 132 49 hoch
3992 4206 125 49 über
4149 4207 91 48 der
4272 4206 374 60 Entwicklung,
4697 4211 78 47 die
4812 4224 51 34 er

3361 4273 330 50 verschuldet
3722 4274 100 49 hat.
3884 4275 138 49 Jetzt
4052 4280 217 45 münzen
4299 4278 74 47 sie
4402 4276 155 51 Peter
4587 4279 275 56 Altenberg

3363 4346 46 45 in
3445 4343 395 50 Zeilenhonorar
3878 4359 83 34 um
4044 4338 155 61 (ohne
4234 4345 96 50 daß
4370 4360 53 35 er
4492 4352 165 45 etwas
4695 4349 166 49 davon

3361 4407 123 62 hat).

3486 4483 89 49 Ein
3597 4484 396 50 Ornamentiker
4027 4487 87 49 auf
4150 4489 177 55 eigene
4347 4487 158 50 Faust
4541 4490 105 48 lebt
4682 4504 99 34 nun
4818 4491 45 47 in

3361 4554 193 56 Berlin;
3589 4569 151 34 wenn
3773 4570 55 34 er
3859 4558 175 46 seinen
4064 4556 196 49 Namen
4290 4571 199 36 nennen
4520 4559 111 57 soll,
4664 4564 115 51 sagt
4812 4573 51 35 er

3362 4625 235 49 schlicht:
3621 4624 134 58 „Der
3786 4628 67 45 im
4278 4626 239 50 Geboren
4549 4631 65 45 ist
4646 4643 55 33 er
4731 4629 135 48 nicht

3359 4688 67 48 im
3466 4687 125 61 Mai,
3623 4689 233 50 sondern
3885 4694 203 46 unterm
4116 4690 370 52 Weidemond.
4530 4690 122 53 Sein
4682 4692 185 64 Kampf

3361 4758 93 65 gilt
3476 4758 143 50 nicht
3639 4759 118 48 dem
3771 4758 196 63 Kaiser,
3980 4759 230 50 sondern
4234 4762 169 49 einem

3358 4833 102 48 Der
3483 4834 136 48 nicht
3643 4836 48 47 in
3714 4834 158 55 Korfu
3896 4835 287 50 manchmal
4210 4838 154 57 weilt,
4385 4839 222 48 sondern
4635 4841 47 46 in
4701 4838 131 56 Kory-

3361 4905 114 54 pho.
3511 4906 88 48 Als
3633 4904 245 51 Politiker
3913 4908 66 48 ist
4015 4922 153 35 unser
4204 4908 158 49 Mann
4400 4910 114 48 kein
4536 4909 329 58 Chamäleon,

3362 4975 221 48 sondern
3610 4990 54 33 er
3687 4976 189 56 gleicht
3900 4978 116 48 dem
4041 4977 148 59 „Tier
4213 4981 91 47 mit
4328 4980 97 48 den
4448 4982 134 46 zwei
4606 4979 225 58 Pigment-

3362 5044 262 50 schichten
3657 5050 146 45 unter
3834 5047 89 48 der
3953 5045 365 60 Chagrinhaut.
4324 5050 26 17 44
4395 5048 66 50 Er
4493 5049 211 50 enthüllt
4731 5050 134 48 nicht

3364 5116 90 46 das
3487 5115 385 50 homosexuelle
3903 5117 256 49 Vorleben
4191 5120 168 46 seiner
4392 5118 221 59 Gegner,
4645 5120 219 48 sondern

3361 5199 86 42 „er
3467 5187 213 53 spreitet
3701 5186 79 48 die
3800 5185 593 58 Spinatgartenschande
4413 5202 93 36 aus
4511 5188 26 19 44
4548 5203 11 42 ;
4584 5189 123 49 aber
4727 5190 137 48 seine

3364 5254 205 57 Gegner
3610 5255 165 49 haben
3818 5270 56 35 es
3917 5256 110 48 sich
4067 5257 162 48 selbst
4271 5258 421 58 zuzuschreiben,
4736 5260 128 47 denn

3364 5326 73 47 sie
3471 5324 165 49 haben
3670 5338 144 35 zwar
3848 5326 137 48 nicht
4020 5326 96 48 den
4151 5326 260 50 Verdacht
4444 5327 420 56 päderastischen

3362 5393 262 57 Umgangs
3690 5398 186 54 erregt,
3924 5395 124 48 aber
4079 5396 121 57 „der
4265 5395 144 55 Ruch
4473 5398 90 48 der
4624 5398 206 48 Männer-

3363 5466 168 46 minne
3564 5464 161 48 haftet
3760 5478 63 34 an
3857 5464 148 49 ihnen
4011 5465 26 18 44
4043 5502 10 12 .
4121 5465 119 49 Sein
4307 5465 405 60 Rechtsanwalt,
4778 5468 86 47 der

3361 5533 213 48 schlicht
3619 5533 272 49 Bernstein
3937 5533 151 59 heißt,
4134 5535 148 50 kehrt
4328 5536 132 49 nach
4506 5538 116 48 dem
4666 5536 196 49 Prozeß

3362 5603 136 48 nicht
3534 5603 131 48 nach
3699 5603 258 49 München
3993 5604 207 59 zurück,
4237 5606 223 49 sondern
4497 5608 122 55 „der
4654 5608 210 47 Antaios

3362 5674 133 54 ringt
3521 5673 195 48 wieder
3743 5673 86 49 auf
3853 5674 332 50 heimischem
4211 5675 195 49 Boden.
4412 5676 26 19 44
4497 5675 159 50 Sonst
4682 5678 65 47 ist
4773 5688 91 36 aus

3363 5742 116 48 dem
3510 5741 173 49 Leben
3746 5757 215 36 unseres
3992 5743 267 56 Künstlers
4324 5746 132 49 noch
4486 5760 62 35 zu
4614 5745 251 56 erzählen,

3363 5811 96 48 daß
3531 5826 54 33 er
3622 5811 278 55 Karlsruhe
3968 5813 138 49 nicht
4176 5814 171 59 kennt,
4416 5815 137 48 wohl
4625 5816 123 48 aber
4787 5814 77 48 die

3364 5880 581 57 „Fächerstraßenstadt
3950 5884 25 17 44
3986 5898 11 41 ;
4052 5884 91 49 das
4195 5884 301 56 Schauspiel
4547 5884 289 58 „Frühlings-

3365 5950 273 50 erwachen
3644 5951 25 19 44
3699 5952 132 48 noch
3858 5953 138 50 nicht
4023 5955 210 56 gelesen
4263 5955 101 56 hat,
4396 5954 123 49 aber
4551 5956 95 47 den
4675 5954 158 58 „Lenz-

3658 6022 187 49 dessen
3878 6022 162 50 Inhalt
4074 6024 122 57 „das
4230 6023 253 49 Männern
4519 6025 88 47 der
4641 6024 224 54 Knaben,

3363 6091 90 47 das
3497 6090 227 49 BÖckeln
3766 6093 90 48 der
4229 6095 86 54 ist;
4363 6094 250 49 Sherlock
4657 6094 207 49 Holmes

3364 6160 137 50 nicht
3536 6160 84 50 auf
3655 6161 90 49 der
3779 6160 178 51 Bühne
3991 6163 226 56 gesehen
4254 6163 102 58 hat,
4391 6164 123 48 aber
4550 6166 96 47 den
4682 6164 146 58 „Ram-

3702 6229 177 59 kennt;
3934 6231 506 58 Hurenwohnungen
4490 6235 203 56 meidet,
4744 6233 121 49 aber

3365 6301 77 46 ein
3517 6299 169 57 „Tarif
3926 6300 281 57 empfiehlt;
4286 6316 105 35 von
4463 6304 89 47 der
4627 6302 239 50 Existenz

3365 6368 388 57 Shakespeares
3790 6370 166 50 nichts
3993 6370 150 58 weiß,
4182 6371 123 49 aber
4342 6372 98 48 den
4478 6372 227 58 „braven

3363 6441 188 53 zitiert;
3582 6439 79 49 die
3685 6438 132 50 Sitte
3842 6440 91 49 des
3960 6439 305 51 Interviews
4292 6441 279 58 mißbilligt,
4598 6442 122 49 aber
4747 6442 120 57 „der

3688 6509 91 49 das
3820 6508 150 50 Wort
3994 6509 207 57 spricht.
4226 6508 111 51 Wir
4361 6510 158 50 hören
4545 6514 174 46 seinen
4740 6512 96 47 Aus-

3365 6579 79 49 ruf
3479 6577 184 58 „Freut
3698 6580 129 50 euch
3862 6580 101 50 und
3998 6580 183 51 strählt
4215 6581 80 49 die
4657 6580 210 51 Welche
