2286 3782
2054 227 72 47 387

982 233 324 28 INFORMATIONS

205 334 19 25 «
246 321 195 41 Passons
464 325 274 38 maintenant
762 338 52 26 au
830 324 243 49 règlement
1093 325 251 50 particulier
1369 336 7 29 :
1416 326 166 40 chacun
1606 326 76 39 des
1707 326 172 39 articles
1915 338 45 26 se
1981 329 147 36 résout

156 391 85 37 soit
277 404 77 37 par
376 388 214 43 l'amende
624 392 140 39 suivie
801 391 54 40 de
896 392 261 47 résiliation,
1206 394 84 38 soit
1321 406 81 38 par
1435 393 38 39 la
1514 394 242 40 résiliation
1771 397 157 35 même.
1946 391 55 41 Et
2023 393 28 39 il
2085 406 45 26 se

152 460 177 36 résume
351 458 111 40 dans
482 458 62 40 les
565 458 110 40 deux
699 460 223 50 principes
956 461 199 38 suivants
1181 472 7 26 :

212 538 18 21 «
249 524 93 40 Art.
374 528 61 37 16.
540 526 115 40 Tout
686 536 297 40 engagement
1006 540 95 27 sera
1128 528 220 40 résiliable
1371 533 21 35 à
1413 529 39 39 la
1471 527 59 41 fin
1553 529 53 40 de
1627 529 39 39 la
1687 529 217 51 première
1929 533 155 42 année,
2106 532 20 35 à

155 591 40 40 la
214 592 179 40 volonté
408 592 54 40 de
484 592 40 41 la
547 593 213 41 direction
783 602 40 32 et
844 607 103 27 sans
972 595 269 51 réciprocité,
1267 595 147 52 quand
1451 595 103 40 bien
1576 599 142 36 même
1741 594 180 41 l'artiste
1944 596 186 40 n'aurait

155 672 77 38 pas
254 659 174 41 débuté.

210 740 20 24 <(
254 727 92 41 Art.
375 742 65 37 17.
572 728 115 41 Tout
711 738 297 41 engagement
1044 729 209 51 stipulera
1277 743 85 26 une
1392 743 169 27 somme
1584 735 22 34 à
1641 732 96 39 titre
1758 731 53 39 de
1848 731 118 40 dédit
1991 745 8 33 ;
2019 739 111 31 cette

155 808 169 28 somme
345 809 161 38 pourra
522 800 89 37 être
631 797 150 50 exigée
800 797 53 40 de
870 797 180 40 l'artiste
1072 801 20 36 à
1118 797 189 52 quelque
1331 802 171 48 époque
1529 799 53 39 de
1617 796 325 52 l'engagement
1965 811 83 39 que
2083 812 46 27 ce

154 865 83 38 soit
256 872 40 31 et
319 863 99 51 quel
454 877 84 39 que
571 866 85 39 soit
679 865 38 40 le
740 873 142 44 temps
907 867 74 50 qui
1004 878 52 27 en
1079 873 111 32 reste
1214 869 20 35 à
1253 867 158 38 courir.

210 944 18 24 «
248 931 120 40 Donc
385 931 37 41 le
442 932 231 48 directeur,
689 946 54 27 en
757 942 123 31 vertu
897 933 53 39 de
972 945 46 27 ce
1039 941 183 38 contrat,
1239 941 102 42 peut
1354 933 167 39 résilier
1536 937 21 35 à
1574 931 231 53 n'importe
1820 933 99 52 quel
1935 942 193 32 moment

154 999 52 39 de
223 997 168 42 l'année
409 1008 40 31 et
472 1004 142 35 même
628 1000 192 51 pendant
844 1008 119 33 toute
986 1013 46 27 sa
1049 1001 132 39 durée
1201 1015 8 32 ;
1235 1000 29 39 il
1284 1014 21 25 a
1330 1000 39 39 là
1394 1008 93 32 tout
1509 1015 60 26 un
1593 1001 170 40 arsenal
1785 1002 73 50 qui
1879 1001 59 39 lui
1959 1010 168 42 permet

152 1067 54 40 de
223 1067 168 40 résilier
413 1080 104 27 sans
541 1069 256 50 réciprocité
818 1067 148 52 quand
990 1076 40 31 et
1052 1080 169 27 comme
1244 1067 29 40 il
1294 1067 60 40 lui
1375 1070 218 39 convient.

210 1148 20 24 «
249 1134 31 39 Il
305 1148 21 25 a
356 1136 88 50 pris
465 1135 109 40 dans
597 1135 38 40 le
658 1149 70 26 cas
750 1137 75 50 qui
849 1148 111 27 nous
991 1148 163 38 occupe
1176 1135 39 40 le
1238 1135 114 40 droit
1373 1135 53 40 de
1447 1135 168 40 résilier
1629 1135 243 40 seulement
1890 1139 20 35 à
1937 1136 38 39 la
1997 1134 59 41 fin
2077 1137 51 38 de

155 1202 37 40 la
218 1203 214 50 première
452 1206 153 37 année.
627 1201 116 42 Mais
766 1203 143 51 quelle
929 1215 84 39 que
1037 1204 83 39 soit
1158 1202 39 40 la
1221 1202 100 40 date
1340 1203 52 40 de
1411 1203 38 38 la
1474 1203 241 39 résiliation
1735 1203 105 40 dont
1860 1203 28 38 il
1905 1204 157 38 entend
2084 1217 45 25 se

153 1271 152 46 servir,
330 1269 29 40 il
382 1278 64 32 est
468 1270 40 40 le
528 1273 155 38 maître
707 1284 55 26 au
797 1271 97 50 jour
925 1270 38 39 le
1004 1270 111 50 jour,
1150 1271 113 39 mois
1297 1283 79 38 par
1406 1272 129 44 mois,
1571 1274 139 36 année
1732 1283 79 38 par
1832 1274 154 42 année,
2009 1271 51 38 de
2085 1271 39 39 la

155 1337 133 40 durée
310 1337 58 40 du
391 1346 183 32 contrat.
602 1350 19 25 »

210 1404 120 40 Dans
353 1418 85 27 une
461 1413 121 33 autre
602 1406 139 51 partie
762 1405 52 40 de
831 1419 45 26 sa
901 1404 247 53 plaidoirie,
1173 1402 183 43 l'avocat
1375 1403 77 41 fait
1475 1404 190 40 allusion
1689 1406 20 37 à
1733 1403 77 40 des
1832 1404 298 49 irrégularités

155 1485 172 36 graves.
351 1471 124 42 Nous
494 1486 193 39 pensons
708 1472 102 42 bien
846 1472 105 52 qu'il
974 1472 60 40 lui
1067 1486 96 26 sera
1197 1472 215 52 répondu.
1439 1470 115 42 Sans
1574 1479 145 32 entrer
1758 1471 110 40 dans
1891 1484 46 27 ce
1956 1470 174 53 pénible

155 1538 146 50 débat,
323 1552 112 29 nous
458 1553 113 28 nous
596 1549 262 33 contentons
881 1540 52 40 de
953 1540 201 52 rappeler
1175 1538 105 54 qu'il
1298 1554 28 37 y
1347 1554 22 25 a
1390 1553 59 27 un
1478 1539 302 40 commissaire
1803 1538 57 40 du
1882 1552 221 36 gouverne-

155 1617 120 30 ment
298 1613 98 46 près
419 1608 62 40 les
505 1608 191 40 théâtres
717 1607 362 49 subventionnés,
1101 1607 61 40 M.
1194 1606 164 42 Adrien
1378 1606 254 49 Bernheim,
1658 1614 40 32 et
1721 1619 83 38 que
1844 1619 47 27 ce
1922 1608 179 38 commis-

155 1676 129 45 saire,
307 1690 54 26 au
402 1676 85 40 lieu
526 1674 256 42 d'absorber
804 1689 80 27 son
917 1677 214 39 attention
1165 1675 110 40 dans
1310 1675 76 40 des
1409 1687 173 28 œuvres
1618 1678 21 34 à
1679 1676 111 43 côté,
1824 1674 166 40 devrait
2029 1673 101 40 bien

156 1743 179 51 remplir
356 1744 316 39 sérieusement
696 1756 45 27 sa
759 1742 210 42 fonction.
993 1742 31 41 Il
1046 1751 65 33 est
1141 1742 162 51 chargé
1325 1743 53 39 de
1397 1742 228 42 surveiller
1655 1749 41 31 et
1728 1740 54 40 de
1813 1742 218 39 contrôler
2069 1742 61 38 les

156 1810 189 40 théâtres
368 1810 193 50 officiels,
585 1820 40 31 et
641 1810 29 40 il
691 1824 129 38 passe
856 1823 80 28 son
960 1819 141 44 temps
1122 1814 21 36 à
1168 1811 94 40 leur
1284 1810 239 41 demander
1545 1809 77 39 des
1645 1809 186 39 services
1857 1810 8 38 1

284 1924 85 41 Les
392 1927 238 39 musiciens
651 1934 41 32 et
715 1924 62 41 les
799 1931 151 46 poètes
969 1935 76 31 ont
1067 1930 67 36 été
1153 1926 157 50 admis,
1333 1939 82 39 peu
1438 1930 21 35 à
1482 1939 100 38 peu,
1614 1930 21 35 à
1656 1925 106 40 faire
1801 1926 94 39 leur
1916 1939 20 24 «
1956 1927 150 50 exposi-

156 1995 91 37 tion
266 2005 20 25 »
313 1993 202 40 annuelle
555 2007 54 26 au
647 1991 152 42 Grand
823 1993 165 48 Palais,
1008 1998 21 35 à
1069 1996 94 38 côté
1194 1993 53 40 de
1284 2006 105 27 ceux
1427 1996 72 49 qui
1540 1998 300 47 représentent
1863 1992 63 41 les
1961 2002 88 31 arts
2072 1993 57 39 du

155 2060 165 40 dessin.
355 2059 64 41 La
459 2060 140 40 Revue
622 2060 197 40 musicale
850 2061 269 51 revendique
1157 2061 244 39 l'initiative
1441 2061 52 39 de
1524 2074 47 26 ce
1601 2066 198 46 progrès,
1826 2073 102 27 avec
1961 2062 165 45 raison,

156 2141 171 27 comme
346 2128 29 40 il
409 2130 131 38 serait
560 2127 126 41 facile
708 2128 53 40 de
799 2128 38 40 le
872 2141 188 39 prouver
1081 2142 78 37 par
1181 2128 75 40 des
1296 2128 258 40 documents
1587 2128 158 39 divers.
1770 2126 124 42 Nous
1937 2140 193 27 sommes

156 2195 192 41 heureux
367 2196 53 40 de
441 2198 95 38 voir
559 2208 85 38 que
665 2204 109 32 cette
795 2196 236 40 excellente
1053 2196 95 39 idée
1171 2195 134 51 prend
1344 2195 170 51 chaque
1535 2200 137 35 année
1694 2210 58 25 un
1777 2208 81 38 peu
1883 2194 97 52 plus
2003 2194 100 40 d'im-

157 2271 219 43 portance.
415 2262 68 41 Au
505 2262 174 42 dernier
700 2263 197 52 banquet
917 2264 53 40 de
1000 2264 37 39 la
1063 2261 173 42 Société
1260 2263 75 39 des
1358 2262 186 40 Artistes
1583 2261 205 51 français,
1815 2261 59 40 M.
1900 2262 230 51 Dujardin-

157 2330 250 49 Beaumetz,
431 2336 86 36 très
553 2329 227 42 favorable
803 2335 22 35 à
857 2331 39 39 la
933 2332 205 50 musique
1176 2339 40 31 et
1240 2344 81 26 aux
1364 2339 88 31 arts
1484 2330 58 39 du
1567 2328 186 52 rythme,
1777 2343 21 25 a
1840 2342 53 26 eu
1917 2329 213 51 quelques

157 2407 113 31 mots
287 2398 229 51 aimables,
540 2399 107 39 dans
683 2412 80 27 son
787 2399 214 44 discours,
1027 2411 112 39 pour
1173 2398 61 39 les
1259 2410 19 25 «
1303 2403 149 46 poètes
1471 2410 36 26 ».
1531 2396 30 40 Il
1583 2411 27 37 y
1627 2411 21 25 a
1672 2398 107 38 trois
1816 2410 93 36 ans,
1931 2396 109 40 c'eût
2063 2400 67 36 été

155 2466 344 39 extraordinaire
519 2467 7 37 !
552 2464 61 41 Ce
636 2462 105 55 qu'il
761 2464 93 41 faut
874 2465 238 46 souhaiter,
1138 2463 101 41 c'est
1263 2476 86 38 que
1371 2464 62 39 les
1454 2464 235 39 musiciens
1708 2464 189 38 arrivent
1916 2461 168 41 bientôt
2108 2467 20 33 à

159 2530 233 43 bénéficier
409 2532 130 41 d'une
561 2542 96 42 part
680 2533 76 39 des
794 2537 204 35 énormes
1039 2536 307 47 récompenses
1371 2530 237 41 attribuées
1630 2545 82 25 aux
1750 2531 208 50 peintres,
1985 2530 121 50 sculp-

157 2608 135 39 teurs,
317 2600 273 48 architectes,
614 2609 99 39 etc.,
738 2608 94 42 trop
855 2600 354 40 exclusivement.

716 2848 234 42 CHEMIN
981 2848 78 40 DE
1091 2847 115 43 FER
1237 2838 336 52 D'ORLÉANS

609 3027 357 42 Excursions
997 3039 116 30 aux
1146 3027 213 54 Gorges
1394 3027 75 42 du
1506 3029 166 41 Tarn.

216 3147 29 40 Il
277 3157 64 32 est
374 3147 164 41 délivré
574 3146 198 53 pendant
805 3154 119 33 toute
946 3144 167 41 l'année
1145 3145 75 41 des
1247 3145 145 42 billets
1414 3146 53 40 de
1494 3159 170 39 voyage
1693 3147 225 40 circulaire
1941 3145 53 41 de
2022 3160 11 25 i
2043 3151 31 17 re
2092 3155 41 31 et

157 3216 52 40 de
232 3230 20 25 2
258 3221 15 17 e
295 3216 156 48 classe,
504 3223 265 44 permettant
797 3213 53 41 de
880 3215 151 38 visiter
1053 3214 62 39 les
1158 3212 173 51 Gorges
1369 3214 57 39 du
1467 3213 117 40 Tarn
1608 3222 40 31 et
1670 3222 286 44 comprenant
1988 3214 145 39 divers

158 3286 262 46 itinéraires,
445 3283 107 40 dont
574 3285 191 49 ci-après
789 3296 59 26 un
868 3281 198 51 exemple
1087 3292 9 27 :

212 3351 143 47 Paris,
386 3351 204 47 Vierzon,
626 3349 228 51 Limoges,
904 3349 144 47 Brive,
1082 3348 175 50 Figeac,
1310 3348 164 48 Rodez,
1519 3362 55 27 ou
1631 3348 502 51 Bourges-Montluçon-

158 3418 310 51 Neussargues
489 3419 12 49 (
510 3419 67 40 via
599 3417 196 42 Aurillac
818 3431 55 26 ou
895 3415 541 51 Riom-ès-Montagnes),
1463 3415 200 49 Garabit,
1684 3415 178 49 Mende,
1887 3429 55 28 ou
1965 3416 168 41 Banas-

160 3486 437 50 sac-la-Canourgue
618 3485 381 53 (interruptiondu
1021 3497 171 39 voyage
1209 3497 79 38 par
1307 3483 95 50 fer),
1419 3483 227 51 Aguessac
1667 3497 55 28 ou
1743 3483 171 50 Millau,
1940 3485 193 50 Béziers,
