2286 3782
153 217 75 47 382

677 230 216 27 SCHILLER
928 216 277 53 (1759-1805)
1237 233 51 24 ET
1321 233 51 25 LA
1403 231 196 32 MUSIQUE

150 331 41 32 et
214 326 21 37 à
260 336 86 28 une
369 324 99 52 plus
491 324 111 41 libre
621 325 233 39 excitation
883 324 314 40 harmonieuse
1219 324 54 40 de
1302 324 39 40 la
1366 323 261 41 sensibilité.
1653 334 19 25 »
1699 322 149 49 Aussi,
1871 321 158 41 s'est-il
2048 324 71 51 plu-

151 393 140 39 sieurs
314 391 83 42 fois
420 397 154 47 essayé
595 396 21 35 à
637 392 54 40 de
711 390 237 42 véritables
967 400 135 32 textes
1119 392 218 52 d'opéras.
1366 391 67 41 En
1475 394 119 48 1782,
1635 391 28 39 il
1687 390 150 52 publie
1876 391 110 39 dans
2023 390 97 40 l'An-

151 460 196 51 thologie
367 474 86 27 une
482 460 162 40 Semele
685 459 105 52 qu'il
832 460 173 39 intitule
1041 463 181 48 opérette
1258 458 179 56 lyrique.
1478 460 121 40 Dans
1640 460 39 38 la
1721 460 215 50 première
1967 461 175 37 version

152 529 58 40 du
235 534 171 47 poème,
424 529 29 39 il
468 528 146 40 donne
634 527 76 40 des
733 527 266 40 indications
1014 529 193 50 précises
1229 531 21 35 à
1266 526 267 48 l'orchestre,
1567 528 123 39 telles
1715 540 84 38 que
1825 539 5 26 :
1860 527 282 51 symphonie,

151 597 39 39 la
212 598 205 50 musique
437 608 299 40 accompagne
771 593 283 55 l'apparition
1093 596 53 39 de
1188 594 285 41 l'arc-en-ciel
1508 604 40 31 et
1587 596 215 40 certaines
1844 597 164 50 parties
2046 604 98 31 sont

148 665 220 40 destinées
392 678 55 27 au
482 664 131 40 chant
635 662 155 54 (Arie).
824 663 230 52 Pourquoi
1097 663 39 40 la
1175 662 163 41 Semele
1362 663 167 40 a-t-elle
1552 664 139 51 perdu
1727 663 139 49 parla
1912 664 113 39 suite
2061 676 81 27 son

150 733 227 40 sous-titre
409 730 240 54 d'opérette
664 731 170 53 lyrique
861 730 14 40 ?
901 730 135 42 Parce
1057 744 84 40 que
1162 728 190 44 Schiller
1386 730 67 42 n'a
1477 744 79 39 pas
1577 735 154 37 trouvé
1750 732 53 39 de
1827 732 315 51 compositeur.

148 798 68 44 En
242 802 117 49 1787,
387 799 175 42 Korner
593 797 103 43 s'est
727 801 210 40 entremis
971 813 111 39 pour
1101 808 155 32 mettre
1288 813 53 26 en
1366 799 210 41 relations
1600 798 192 42 Schiller
1823 808 40 31 et
1884 797 256 43 Naumann.

150 867 62 41 La
233 870 279 39 nomination
532 869 53 40 de
600 867 190 42 Schiller
811 872 21 36 à
856 869 38 39 la
920 868 147 41 chaire
1087 868 229 40 d'histoire
1339 867 144 42 d'léna
1509 876 41 32 et
1573 869 38 38 le
1631 869 154 51 départ
1808 868 52 40 de
1898 866 241 42 Naumann

148 949 113 39 pour
280 935 148 42 Berlin
452 945 75 32 ont
550 938 269 51 compromis
842 936 63 41 les
938 938 322 49 négociations.
1303 935 68 41 En
1395 937 168 52 janvier
1591 939 120 48 1804,
1742 935 212 41 Anselme
1976 935 167 41 Weber

147 1004 218 41 demande
385 1019 54 27 au
464 1010 127 47 poète
609 1020 57 26 un
691 1006 126 40 livret
838 1004 72 53 (cf.
937 1005 37 39 la
1007 1005 126 41 lettre
1155 1006 58 39 du
1254 1018 51 27 20
1338 1003 153 55 mars).
1515 1004 63 41 Le
1616 1019 42 37 17
1685 1006 88 38 mai
1801 1008 117 48 1786,
1955 1003 187 41 Schiller

146 1075 105 39 écrit
274 1074 53 40 de
349 1073 168 41 Dresde
545 1078 20 36 à
592 1073 154 41 Huber
769 1090 7 25 :
806 1087 20 25 «
851 1072 286 52 Imagine-toi
1171 1087 85 38 que
1279 1074 70 52 j'ai
1369 1073 77 41 fait
1480 1074 96 40 hier
1596 1074 112 40 deux
1746 1073 223 41 chansons
2005 1082 40 31 et
2081 1087 58 25 un

148 1143 82 39 trio
245 1155 113 39 pour
377 1156 86 26 une
482 1147 195 47 opérette
699 1151 41 32 et
761 1156 84 38 que
868 1142 38 40 le
930 1150 112 33 texte
1064 1150 65 32 est
1149 1142 95 52 déjà
1270 1150 122 32 entre
1420 1142 62 40 les
1507 1143 145 39 mains
1680 1142 58 40 du
1774 1143 232 39 musicien.
2034 1154 18 24 »
2075 1140 67 40 En

152 1213 118 48 1787,
295 1210 29 40 il
348 1211 102 40 cède
474 1225 82 25 aux
581 1211 189 40 conseils
801 1211 53 40 de
875 1210 211 42 Wieland
1106 1219 42 32 et
1178 1223 140 37 songe
1352 1215 21 35 à
1408 1212 104 39 tirer
1547 1225 59 26 un
1641 1211 126 40 livret
1803 1210 25 40 d
1835 1208 183 42 'Oberon
2079 1209 62 40 Le

148 1280 299 50 compositeur
470 1279 160 52 auquel
654 1279 28 39 il
708 1279 38 40 le
778 1279 171 40 destine
967 1288 65 31 est
1066 1277 145 42 Kranz
1235 1277 144 54 (lettre
1402 1283 22 34 à
1468 1278 176 40 Korner
1684 1279 57 39 du
1785 1292 45 36 19
1872 1276 266 52 décembre).

147 1344 134 43 Enfin
301 1359 54 28 en
380 1349 121 43 1800,
528 1360 79 27 son
631 1347 234 41 camarade
884 1347 258 50 Zumsteeg,
1165 1348 74 51 qui
1259 1361 21 25 a
1303 1349 84 38 mis
1407 1347 223 52 plusieurs
1670 1346 52 39 de
1767 1359 69 27 ses
1872 1347 173 50 poésies
2087 1359 53 26 en

147 1416 222 50 musique,
387 1416 155 39 insiste
567 1420 160 47 auprès
743 1415 52 41 de
819 1416 60 40 lui
902 1429 112 38 pour
1033 1415 175 41 obtenir
1227 1429 59 26 un
1317 1422 114 33 texte
1453 1414 194 53 d'opéra.
1674 1413 116 40 Mais
1827 1412 193 42 Schiller
2054 1413 68 40 n'a-

148 1481 142 42 boutit
310 1496 94 38 pas.
430 1482 31 41 Il
485 1496 45 27 se
550 1483 107 40 rend
675 1491 174 44 compte
882 1484 52 40 de
958 1497 81 27 son
1080 1483 263 52 inaptitude,
1388 1496 172 27 comme
1594 1483 38 40 le
1666 1495 165 39 prouve
1868 1483 39 39 la
1951 1482 125 40 lettre
2119 1485 21 35 à

148 1549 150 42 Iffland
318 1551 58 40 du
400 1564 46 37 14
470 1552 108 39 avril
608 1555 104 47 1804
737 1564 8 27 :
783 1564 19 25 «
823 1551 66 41 M.
925 1551 126 41 Pauli
1072 1552 84 40 m'a
1186 1551 123 52 parlé
1338 1549 102 43 d'un
1460 1551 142 51 grand
1627 1556 131 47 opéra
1783 1561 7 37 ;
1829 1551 156 51 depuis
2013 1551 102 48 long-

146 1626 142 45 temps
306 1618 178 53 j'aurais
522 1620 143 40 désiré
687 1620 315 52 entreprendre
1025 1634 60 26 un
1108 1620 155 40 travail
1293 1620 53 40 de
1369 1634 46 26 ce
1447 1633 166 37 genre;
1658 1620 112 39 mais
1809 1618 177 53 j'aurais
2026 1618 112 40 beau

146 1700 70 27 me
235 1701 151 27 casser
408 1688 37 40 la
469 1691 85 38 tête
575 1703 110 37 pour
708 1688 207 52 produire
946 1688 192 52 quelque
1160 1688 133 40 chose
1317 1689 54 39 de
1412 1688 105 50 bon,
1559 1688 28 40 il
1630 1687 191 41 faudrait
1868 1700 85 39 que
1981 1688 159 51 j'eusse

145 1769 158 27 encore
323 1757 40 39 la
385 1758 213 39 certitude
616 1770 85 38 que
722 1757 40 39 le
780 1758 300 51 compositeur
1099 1756 91 41 fera
1215 1758 53 39 de
1285 1756 148 41 bonne
1456 1756 212 50 besogne.
1695 1756 97 41 Une
1816 1756 197 50 tragédie
2038 1765 103 43 peut

146 1825 124 39 avoir
289 1825 193 52 quelque
503 1825 153 40 valeur
672 1839 79 37 par
772 1825 271 47 elle-même,
1062 1825 424 51 indépendamment
1509 1825 58 40 du
1591 1825 136 40 talent
1744 1824 77 40 des
1846 1832 170 32 acteurs
2039 1839 8 33 ;
2081 1838 58 26 un

146 1897 131 48 opéra
311 1893 111 41 n'est
444 1895 107 48 rien,
581 1902 92 33 tant
698 1893 132 52 qu'on
851 1907 55 27 ne
927 1893 40 40 le
986 1895 100 51 joue
1105 1902 40 31 et
1168 1907 54 26 ne
1237 1893 38 40 le
1293 1894 172 40 chante.
1494 1905 19 25 »
1536 1893 62 40 Ce
1639 1892 111 41 n'est
1769 1906 80 38 pas
1869 1897 22 35 à
1928 1893 93 40 dire
2055 1906 85 38 que

145 1959 126 42 l'idée
293 1962 53 40 de
377 1959 163 55 l'opéra
561 1959 103 43 n'ait
681 1975 80 38 pas
783 1961 218 41 influencé
1023 1962 39 40 le
1086 1962 180 51 lyrisme
1302 1963 53 39 de
1379 1960 203 42 Schiller.
1619 1959 94 43 Son
1750 1966 156 47 poème
1943 1961 57 39 les
2035 1959 78 40 Pré-

144 2035 146 34 tresses
319 2030 56 39 du
396 2029 124 40 soleil
524 2060 11 19 ,
579 2034 209 48 composé
826 2043 54 27 en
909 2032 100 47 1788
1044 2043 111 39 pour
1178 2029 334 42 l'anniversaire
1537 2030 53 40 de
1632 2030 40 39 la
1710 2029 426 50 grande-duchesse,

144 2106 40 32 et
205 2097 38 41 le
265 2097 223 51 fragment
519 2098 54 41 de
604 2099 38 39 la
677 2097 177 41 ballade
889 2099 52 40 de
971 2097 99 40 Don
1101 2097 114 41 Juan
1254 2112 45 27 se
1336 2106 245 33 ressentent
1597 2098 53 40 de
1686 2111 70 27 ses
1794 2098 231 39 réflexions
2064 2111 76 27 sur

144 2164 178 55 l'opéra.
363 2166 180 42 D'autre
571 2175 111 44 part,
719 2165 191 42 Schiller
947 2167 169 50 dirigea
1155 2168 62 39 les
1258 2169 257 50 répétitions
1557 2165 103 41 d'un
1692 2171 132 48 opéra
1867 2166 196 52 pendant
2101 2166 37 40 le

142 2247 171 39 voyage
330 2234 54 42 de
407 2233 162 43 Goethe
589 2239 20 35 à
633 2234 118 49 léna,
778 2249 54 26 au
855 2244 380 32 commencement
1254 2236 52 39 de
1326 2234 234 42 décembre
1587 2238 120 37 1800.
1734 2234 30 40 Il
1792 2248 45 27 se
1860 2235 141 51 plaint
2024 2235 52 39 de
2098 2234 38 40 la

144 2302 256 41 médiocrité
432 2304 76 50 qui
541 2308 134 45 règne
698 2316 53 26 en
772 2303 180 50 général
988 2303 111 40 dans
1141 2304 61 39 les
1242 2307 173 48 opéras,
1461 2311 189 42 regrette
1674 2303 133 51 qu'on
1835 2317 28 37 y
1904 2302 234 40 recherche

144 2379 173 32 surtout
330 2370 38 40 la
389 2384 162 38 pompe
573 2380 41 31 et
637 2371 62 39 les
719 2370 154 41 décors
896 2379 40 32 et
964 2384 46 26 se
1042 2371 172 40 déclare
1240 2379 173 32 surtout
1440 2370 155 52 frappé
1617 2384 79 38 par
1717 2370 37 40 le
1789 2376 219 35 caractère
2032 2370 86 40 anti-

144 2438 165 40 naturel
324 2438 58 41 du
402 2452 150 37 genre.
576 2438 31 40 Il
627 2443 156 48 espère
804 2452 86 27 une
910 2438 192 41 réforme
1124 2439 58 41 du
1199 2439 153 40 drame
1364 2453 80 37 par
1463 2437 164 53 l'opéra
1652 2450 8 26 :
1679 2453 78 37 par
1771 2438 38 40 là
1823 2452 45 26 se
1888 2447 153 32 trouve
2056 2439 83 51 jeté

144 2520 59 26 un
221 2515 106 43 pont
349 2515 122 32 entre
491 2505 190 42 Schiller
699 2515 41 32 et
758 2506 194 42 Richard
969 2506 217 51 Wagner.

198 2574 65 41 De
283 2574 246 42 nombreux
545 2575 208 51 critiques
791 2584 75 31 ont
903 2580 118 35 serré
1044 2575 40 40 la
1106 2577 206 50 question
1341 2575 53 40 de
1417 2580 115 46 près.
1576 2574 86 41 Les
1701 2589 100 33 uns,
1842 2588 171 27 comme
2036 2574 101 41 Max

144 2641 139 52 Koch,
309 2642 249 51 Wolfgang
581 2641 204 49 Golther,
805 2641 61 41 H.
894 2641 485 49 Saint-Chamberlain,
1408 2641 53 42 G.
1477 2643 274 42 Witkowski
1768 2643 261 52 prétendent
2053 2657 85 38 que

146 2709 191 42 Schiller
358 2713 115 39 avait
511 2725 54 27 eu
602 2711 38 40 le
674 2712 344 51 pressentiment
1042 2711 52 40 de
1118 2711 183 41 l'œuvre
1319 2713 259 48 wagnérien
1604 2726 9 34 ;
1658 2724 113 39 pour
1804 2711 210 49 d'autres,
2055 2712 81 40 tels

143 2778 234 52 Weltrich,
396 2777 54 44 G.
475 2779 337 41 Zimmermann
844 2788 41 31 et
908 2778 211 53 Rudolph
1142 2777 166 53 Genée,
1328 2778 190 42 Schiller
1541 2780 163 41 n'avait
1738 2784 140 46 songé
1901 2778 101 53 qu'à
2037 2793 74 27 sou-

145 2848 111 40 tenir
280 2848 40 40 le
339 2848 152 40 drame
515 2862 55 27 au
596 2861 161 39 moyen
778 2848 54 40 de
854 2848 40 39 la
915 2850 223 51 musique.
1163 2847 226 54 Toujours
1418 2848 123 40 est-il
1566 2861 85 39 que
1667 2847 205 51 Wagner
1905 2848 230 40 lui-même

146 2916 108 40 rend
276 2915 241 52 hommage
539 2920 21 36 à
583 2915 189 42 Schiller
796 2917 233 40 musicien.
1068 2916 185 48 Faut-il,
1294 2929 171 28 comme
1489 2915 63 41 M.
1593 2916 52 40 H.
1672 2915 367 51 Lichtenberger,
2082 2930 53 26 ne

143 2985 96 39 voir
261 2984 111 41 dans
416 2998 46 27 ce
493 2985 229 52 jugement
764 2982 161 55 qu'une
965 2986 185 50 opinion
1171 2986 244 39 intéressée
1434 2989 16 35 ?
1489 2982 173 43 «Cette
1698 2984 221 52 apologie,
1962 2984 173 45 écrit-il,

144 3051 111 41 n'est
278 3065 79 39 pas
380 3054 293 50 uniquement
696 3050 273 52 l'hommage
989 3057 217 47 spontané
1228 3054 59 40 du
1309 3055 131 48 génie
1460 3067 54 26 au
1536 3054 144 49 génie.
1703 3052 96 41 Elle
1817 3061 65 33 est
1918 3055 119 38 aussi
2079 3067 59 25 un

146 3119 228 53 plaidoyer
388 3128 80 46 pro
488 3121 141 39 domo.
659 3132 20 25 »
696 3119 61 43 M.
776 3119 217 43 Knudsen
1005 3129 154 33 trouve
1173 3121 172 40 naturel
1370 3134 85 39 que
1473 3119 187 42 Schiller
1674 3123 59 38 ait
1755 3134 111 38 paru
1890 3124 22 36 à
1933 3120 203 49 Wagner

145 3188 99 51 plus
265 3189 145 39 voisin
435 3188 52 40 de
510 3188 61 41 lui
595 3201 85 39 que
703 3186 178 50 Goethe,
906 3194 127 46 poète
1073 3189 99 51 plus
1198 3189 236 52 plastique.
1461 3187 191 42 Schiller
1694 3191 141 38 aurait
1874 3201 103 27 sans
2001 3188 134 40 doute

144 3260 226 48 approuvé
392 3257 39 40 la
449 3258 262 51 conception
735 3257 53 40 de
804 3255 219 52 Wagner,
1054 3271 73 26 car
1148 3257 29 40 il
1197 3256 236 53 professait
1460 3270 87 28 une
1585 3259 97 38 vive
1720 3257 267 40 admiration
2023 3269 113 39 pour

146 3322 161 50 Gluck,
332 3325 38 41 le
393 3330 276 47 précurseur.

200 3391 48 41 Si
270 3391 189 43 Schiller
482 3391 85 52 n'a,
589 3394 53 40 de
665 3402 120 33 toute
798 3393 146 51 façon,
966 3407 79 39 pas
1068 3395 200 49 imaginé
1287 3395 39 40 le
1345 3395 152 40 drame
1520 3407 46 27 se
1582 3393 234 40 déroulant
1833 3406 53 27 en
1909 3396 222 50 musique,

144 3460 30 39 il
195 3474 21 26 a
266 3471 187 31 souvent
490 3461 78 42 fait
609 3464 240 39 intervenir
889 3463 39 40 la
953 3464 207 51 musique
1183 3463 112 40 dans
1316 3476 81 27 son
1437 3463 181 40 théâtre.
1657 3460 122 41 Dans
1820 3461 57 40 les
1910 3461 226 55 Brigands

143 3527 222 52 plusieurs
388 3535 152 35 scènes
565 3538 99 32 sont
682 3536 353 45 accompagnées
1052 3544 80 37 par
1152 3530 255 41 l'orchestre
1430 3543 56 27 ou
1510 3537 246 44 supposent
1780 3529 38 41 le
1841 3530 148 42 chant.
2015 3530 120 40 Dans
