3354 4572
741 546 260 74 Douglas
1631 542 286 75 Goldring
1370 588 11 13 .

2539 539 113 59 247

538 747 202 61 durfte.
807 745 86 57 Ihr
933 740 226 59 Einfluß
1201 741 98 57 auf
1338 741 289 74 Margaret
1667 742 73 56 ist
1780 748 145 50 stets
1967 738 104 57 der
2112 737 545 78 allerungünstigste

538 842 281 58 gewesen.
900 818 85 57 Ich
1027 816 231 76 glaube,
1300 816 247 58 Eleanor
1583 821 153 70 trägt
1775 815 248 58 wirklich
2057 813 95 59 die
2177 813 482 78 Verantwortung

537 902 85 57 für
674 897 154 57 alles.
909 893 188 60 Wenn
1139 893 288 75 Margaret
1474 892 151 58 nicht
1674 896 100 53 mit
1815 891 241 58 Michael
2105 891 327 75 gebrochen
2483 893 174 70 hätte,

538 980 150 54 hätte
731 995 60 35 er
830 975 93 54 nie
1081 971 71 57 eh
1309 971 73 57 eh
1539 969 314 59 dermaßen
1895 969 113 58 den
2051 967 160 76 Kopf
2249 969 279 59 verloren.

537 1052 307 74 (Margaret
891 1049 118 55 tritt
1058 1048 85 56 ins
1192 1044 262 60 Zimmer.
1544 1046 100 58 Sie
1693 1049 73 56 ist
1818 1046 132 58 sehr
2000 1043 154 74 blaß,
2206 1046 98 57 hat
2348 1048 310 56 verweinte

534 1117 225 84 Äugen,
802 1123 148 59 sieht
989 1122 132 57 sehr
1162 1122 178 57 krank
1388 1143 121 37 aus.
1590 1122 120 58 Ihre
1754 1122 231 58 Nerven
2036 1123 128 59 sind
2212 1121 234 61 äußerst
2491 1123 135 57 über-

533 1207 151 65 reizt,
726 1204 83 56 sie
851 1199 175 59 blickt
1067 1199 322 59 erschreckt
1429 1222 93 36 um
1564 1199 162 75 sich.)

462 1297 161 59 Frau
653 1291 370 75 Slaughter
1064 1291 124 73 (eilt
1229 1292 85 58 ihr
1343 1302 310 65 entgegen,
1696 1302 243 48 umarmt
1980 1296 82 56 sie
2093 1292 367 75 mütterlich):
2503 1292 155 58 Mein

536 1391 180 38 armer
754 1366 288 75 Liebling!

533 1447 307 72 (Margaret
900 1443 148 59 fährt
1106 1447 107 55 wie
1271 1466 114 37 von
1446 1447 184 56 einem
1693 1443 209 76 Schlag
1962 1444 287 77 getroffen
2310 1467 348 46 zusammen,

533 1522 172 60 blickt
743 1521 232 58 flehend
1017 1522 97 56 auf
1154 1522 121 57 ihre
1317 1521 256 75 Mutter.)

461 1616 364 72 Margaret:
866 1612 273 59 Wolltest
1181 1612 94 59 Du
1317 1624 195 59 etwas,
1556 1612 259 60 Mutter?

461 1709 157 57 Frau
649 1704 365 74 Slaughter
1055 1704 140 73 (sich
1223 1706 460 74 vordrängend);
1723 1707 85 74 Ja,
1851 1706 280 75 Liebling,
2173 1710 98 56 wir
2300 1706 189 58 haben
2518 1718 139 62 gute

532 1781 367 58 Nachrichten
942 1781 89 58 für
1054 1778 99 61 Sie
1185 1827 57 14 ..
1275 1829 11 12 .
1355 1784 151 68 Nun,
1549 1805 114 36 nun
1695 1828 56 14 ..
1784 1829 13 13 .
1867 1784 110 58 Die
2006 1784 195 74 Dinge
2243 1784 129 58 sind
2414 1784 150 58 nicht
2591 1806 67 37 so

532 1880 115 52 arg,
689 1860 105 54 wie
837 1860 84 54 sie
964 1858 303 59 aussehen.

458 1935 337 73 Margaret
844 1933 162 72 (kalt,
1055 1935 258 57 mühsam
1365 1935 94 58 die
1487 1935 203 59 Worte
1732 1935 513 75 hervorstoßend);
2296 1935 86 59 Ich
2420 1936 237 71 fürchte,

531 2011 81 57 ich
653 2011 265 57 verstehe
947 2011 98 58 Sie
1087 2012 168 70 nicht,
1299 2011 143 58 Frau
1472 2011 325 76 Slaughter.
1864 2013 85 58 Ich
1994 2024 236 48 erwarte
2271 2013 168 59 keine
2480 2024 177 64 guten

532 2086 390 59 Nachrichten.

457 2163 160 57 Frau
660 2161 370 77 Slaughter
1070 2163 130 74 (der
1228 2163 300 76 Warnung
1568 2170 56 52 in
1652 2165 320 74 Margarets
2003 2163 125 61 Ton
2171 2166 150 58 nicht
2362 2166 295 75 achtend);

529 2239 248 70 Liebste,
819 2241 121 57 Ihre
965 2241 211 58 Mutter
1216 2241 97 58 hat
1346 2264 113 35 von
1489 2242 239 58 Michael
1760 2246 166 54 einen
1957 2242 226 75 langen,
2226 2243 202 59 höchst
2456 2243 168 59 ehren-

533 2314 191 59 haften
769 2317 154 57 Brief
964 2318 273 57 erhalten.

456 2393 339 73 Margaret
835 2393 94 73 (zu
960 2394 145 59 Frau
1135 2396 316 73 Lambert):
1495 2394 237 59 Mutter!
1806 2396 132 58 Wie
1981 2397 270 58 konntest
2278 2397 94 57 Du
2404 2441 56 14 ..
2494 2444 13 11 .
2549 2399 109 56 wie

528 2468 266 60 konntest
823 2471 90 58 Du
956 2495 67 35 so
1065 2493 266 53 grausam
1374 2471 146 59 sein!
1590 2472 124 74 (Sie
1757 2473 152 59 sinkt
1949 2473 374 59 schluchzend
2363 2473 98 59 auf
2490 2477 168 56 einen

527 2544 181 71 Stuhl,
752 2547 250 58 bedeckt
1042 2551 106 56 das
1192 2547 237 60 Gesicht
1470 2552 99 55 mit
1611 2549 214 59 beiden
1869 2549 294 75 Händen.)

454 2629 164 58 Frau
669 2629 311 60 Lambert
1030 2631 128 73 (tief
1205 2632 250 74 bewegt,
1512 2633 268 69 rührend,
1835 2633 147 57 doch
2033 2643 175 50 etwas
2257 2634 293 59 lächerlich
2602 2638 55 55 in

527 2706 171 58 ihrem
743 2706 325 76 Kummer):
1120 2708 305 75 Margaret,
1474 2709 259 59 Liebste!
1813 2711 144 58 Was
1999 2711 169 59 sollte
2211 2712 84 58 ich
2339 2712 149 60 tun?
2569 2712 88 60 Ich

527 2782 193 59 mußte
758 2786 235 72 jemand
1035 2808 94 35 um
1159 2784 112 60 Rat
1312 2784 217 77 fragen.
1599 2786 165 59 Alles
1804 2808 116 37 war
1948 2810 66 35 so
2044 2788 237 59 schwer.
2348 2788 86 59 Ich
2464 2789 194 59 wollte

526 2859 104 59 das
672 2861 199 69 Beste;
914 2862 214 75 glaube
1171 2867 119 65 mir,
1333 2863 309 75 Margaret.

453 2943 338 75 Margaret
820 2944 272 77 (zornig);
1121 2947 142 58 Was
1300 2947 88 57 für
1416 2951 91 54 ein
1526 2947 186 58 Recht
1740 2947 214 60 hattest
1977 2948 112 70 Du,
2119 2949 106 59 das
2246 2949 411 75 Vorgefallene

526 3021 148 57 ohne
705 3024 188 55 meine
924 3022 303 59 Erlaubnis
1256 3026 100 54 mit
1385 3023 205 74 irgend
1614 3024 231 74 jemand
1873 3047 70 34 zu
1972 3026 405 72 besprechen?
2443 3027 85 58 Ich
2559 3027 98 58 bin

527 3095 129 59 kein
700 3097 172 58 Kind.

451 3178 75 58 Fr
533 3203 76 35 au
639 3181 398 76 Slaughter:
1082 3183 307 74 Margaret,
1434 3183 99 60 Sie
1566 3195 298 49 versetzen
1895 3186 141 58 mich
2067 3189 54 56 in
2151 3187 338 62 Erstaunen.
2556 3188 99 61 Sie

524 3257 228 59 können
801 3261 146 57 doch
990 3259 247 60 wirklich
1279 3283 67 35 zu
1389 3262 111 57 den
1545 3263 151 57 alten
1740 3263 304 59 Freunden
2086 3264 150 59 Ihrer
2277 3267 192 58 Eltern
2511 3267 108 60 Ver-

523 3343 194 50 trauen
760 3335 211 73 hegen.
1039 3337 120 57 Ihre
1202 3339 207 71 eigene
1437 3337 308 76 Taufpatin
1779 3382 60 16 ..
1870 3384 14 14 .
1954 3339 121 59 Der
2103 3341 277 73 Dechant,
2423 3344 104 59 der
2554 3344 100 59 Sie

524 3413 54 55 in
639 3412 94 58 die
786 3413 204 60 Kirche
1051 3414 446 75 aufgenommen
1559 3417 115 58 hat.
1757 3417 124 57 Ihre
1923 3417 147 59 Ehre
2119 3422 73 56 ist
2240 3443 206 36 unsere
2488 3421 166 71 Ehre,

523 3487 278 77 Liebling.

449 3568 365 79 Margaret:
857 3573 169 60 Nein.
1093 3574 148 74 Jede
1277 3574 143 59 Frau
1464 3579 72 56 ist
1578 3578 94 56 die
1723 3577 245 59 Hüterin
2011 3579 149 59 ihrer
2201 3584 244 72 eigenen
2488 3582 164 60 Ehre.

520 3648 187 61 Wenn
750 3652 83 57 ich
865 3652 155 58 Hilfe
1061 3652 248 58 brauche
1340 3697 102 14 ...
1486 3654 85 57 ich
1614 3654 98 59 bin
1754 3656 149 57 nicht
1945 3666 226 62 stumm,
2215 3659 149 57 kann
2406 3663 85 55 sie
2527 3683 95 36 ver-

522 3723 225 79 langen.

448 3798 160 61 Frau
651 3803 372 76 Slaughter
1064 3804 91 75 (zu
1200 3804 142 59 Frau
1384 3805 319 77 Lambert):
1747 3808 84 57 Ich
1877 3808 232 72 fürchte,
2152 3810 106 59 das
2300 3835 153 35 arme
2495 3812 155 58 Kind

523 3878 259 61 befindet
811 3882 115 57 sich
957 3884 54 55 in
1042 3887 187 53 einem
1258 3883 201 58 höchst
1488 3883 358 60 überreizten
1874 3884 271 61 Zustand.
2188 3887 108 72 (Zu
2319 3888 334 76 Margaret.)

523 3954 196 62 Hören
766 3958 97 59 Sie
926 3960 141 57 mich
1120 3983 91 47 an,
1268 3959 308 76 Margaret.
1656 3963 85 57 Ich
1792 3963 261 72 begreife
2100 3964 388 61 vollkommen
2530 3967 123 58 Ihre
