3327 4572
722 495 260 74 Douglas
1330 495 45 78 Goldring
1376 533 239 12 •
2162 500 123 57 Der

2532 518 111 59 251

525 692 272 60 Weshalb
827 692 106 58 soll
955 693 243 60 Michael
1227 696 361 70 Henderson,
1618 724 166 35 wenn
1813 725 61 35 er
1902 705 105 59 das
2036 706 226 74 gleiche
2274 710 371 64 Verbrechen

525 771 303 71 begangen
870 768 113 70 hat,
1024 771 158 57 nicht
1222 772 145 57 auch
1411 774 106 58 des
1559 774 278 63 Gärtners
1880 778 113 60 Los
2032 783 221 59 teilen?

450 846 130 57 Der
618 844 324 57 Dechant:
994 844 355 78 (gewichtig)
1401 849 92 58 Ich
1542 853 192 57 werde
1784 858 100 55 mit
1932 856 172 61 Ihnen
2154 861 155 58 nicht
2356 865 146 58 über
2551 867 94 59 die

521 919 184 59 Sacne
755 921 194 68 reden,
1000 922 260 59 Eleanoi.
1349 926 187 58 Wenn
1587 928 94 60 die
1731 929 206 77 Opfer,
1989 934 93 59 die
2132 936 246 62 Michael
2427 946 215 56 seinem

519 995 309 59 Vaterland
869 998 282 72 gebracht
1190 1001 115 71 hat,
1347 1003 171 57 Ihnen
1561 1007 186 57 nichts
1787 1009 294 60 bedeuten
2125 1055 8 9 .
2182 1059 13 13 .
2241 1059 10 10 .

445 1072 306 58 Fräulein
793 1073 334 60 Lambert:
1169 1075 159 61 Aha!
1391 1078 219 61 Darauf
1649 1083 150 60 habe
1841 1087 91 57 ich
1974 1101 277 60 gewartet
2406 1095 105 59 das
2540 1097 70 58 be-

515 1148 218 57 rühmte
776 1150 533 73 „ungeschriebene
1693 1159 121 60 Das
1858 1163 233 70 Gesetz,
2135 1167 369 68 demzufolge
2544 1173 99 59 die

512 1224 216 57 Frauen
774 1225 93 57 die
908 1225 348 63 Sklavinnen
1298 1232 149 57 ihrer
1486 1233 369 77 Verteidiger
1895 1242 146 68 sind,
2085 1244 228 60 straflos
2355 1248 252 73 geschän-

511 1302 114 67 det,
656 1303 118 56 ihre
797 1302 325 60 Liebhaber
1150 1307 227 59 straflos
1413 1312 289 59 ermordet
1728 1315 231 60 werden
1988 1319 220 60 dürfen.
2255 1322 103 58 Ein
2387 1327 253 60 schönes

511 1376 211 59 Gesetz
751 1423 13 13 .
794 1423 12 13 .
839 1423 12 13 .
884 1379 102 58 Mit
1014 1383 245 58 welcher
1289 1385 422 79 Begeisterung
1733 1390 98 59 Sie
1860 1393 165 60 dafür
2054 1401 295 68 eintreten,
2379 1401 258 62 Samuel!

507 1451 97 59 Sie
651 1455 357 74 verteidigen
1058 1481 63 35 es
1171 1460 220 60 ebenso
1442 1463 223 72 beredt,
1714 1470 106 55 wie
1870 1470 95 58 die
2010 1470 205 79 „Daily
2256 1476 171 58 Mail“
2472 1478 130 60 Fern-

506 1528 202 59 berton
751 1530 235 76 Billings
1032 1533 513 70 „Schwarzbuch“.

434 1603 127 57 Der
601 1605 328 62 Dechant:
975 1625 137 59 (von
1155 1614 150 57 oben
1352 1615 204 75 herab)
1599 1618 122 59 Ihre
1762 1619 446 79 Schmähungen
2250 1628 190 60 lassen
2483 1634 148 57 mich

503 1680 125 58 kalt.
689 1681 258 62 Eleanor.
1030 1688 92 58 Ich
1171 1691 192 59 werde
1411 1695 282 57 trotzdem
1751 1698 383 63 unbehindert
2189 1709 186 55 meine
2424 1707 208 61 Pflicht

501 1757 251 60 erfüllen.

427 1831 300 61 Fräulein
769 1836 340 62 Lambert:
1154 1841 119 60 Das
1316 1844 175 73 heißt,
1535 1846 97 59 Sie
1673 1850 231 59 werden
1945 1857 335 69 versuchen,
2326 1860 105 59 das
2473 1862 154 58 Kind

497 1931 67 36 zu
605 1916 276 71 zwingen,
925 1920 165 58 einen
1121 1919 171 58 Mann
1331 1944 69 36 zu
1443 1924 274 71 heiraten,
1762 1928 118 71 der,
1924 1930 125 59 falls
2092 1957 61 34 er
2181 1935 155 59 nicht
2365 1940 90 55 ein
2485 1938 106 59 Ver-

497 1985 258 73 brecher,
806 2014 66 34 so
915 1992 152 59 doch
1112 1995 292 61 bestimmt
1446 2003 90 54 ein
1579 2001 343 61 Verrückter
1964 2009 71 57 ist
2078 2052 9 10 .
2137 2055 10 12 .
2194 2055 12 14 .
2250 2011 95 59 ihn
2386 2036 69 35 zu
2506 2015 89 59 hei-

494 2072 174 61 raten,
712 2066 139 58 bloß
893 2070 126 57 weil
1063 2094 61 34 er
1165 2076 127 55 eine
1334 2075 258 61 Uniform
1634 2080 175 75 trägt!

418 2137 362 76 Margaret:
822 2144 93 58 Ich
955 2146 112 57 will
1110 2149 181 58 lieber
1333 2154 251 71 sterben,
1629 2156 82 57 als
1754 2157 94 58 ihn
1891 2157 276 63 heiraten.

417 2212 310 64 Fräulein
776 2220 337 62 Lambert:
1164 2225 185 59 Wenn
1401 2227 94 60 Du
1554 2235 223 56 meinen
1829 2235 111 58 Rat
1994 2236 272 78 befolgst,
2325 2248 153 54 wirst
2526 2245 94 59 Du

489 2292 197 61 keines
727 2319 113 35 von
883 2298 212 60 beiden
1136 2312 117 49 tun.

413 2365 131 60 Der
585 2368 326 64 Dechant:
957 2376 259 72 (bebend
1255 2403 104 35 vor
1400 2381 173 75 Zorn)
1616 2385 194 58 Hüten
1852 2386 98 61 Sie
1999 2391 141 70 sich,
2184 2392 260 73 Eleanor,
2495 2399 123 58 sich

484 2448 281 59 zwischen
808 2451 288 75 Margaret
1143 2456 119 57 und
1310 2457 120 60 ihre
1475 2458 474 79 Christenpflicht
1996 2489 68 36 zu
2115 2470 220 60 stellen.
2420 2474 197 61 Hüten

483 2522 98 58 Sie
623 2526 150 58 sich!

408 2596 310 62 Fräulein
766 2602 338 63 Lambert:
1157 2608 500 78 Christenpflicht!
1748 2615 277 63 Dummes
2076 2620 185 76 Zeug!
2342 2626 150 73 (sich
2543 2652 70 35 an

481 2674 142 60 Frau
646 2678 268 61 Lambert
933 2685 310 74 wendend)
1273 2687 178 76 Mary,
1481 2691 92 57 ich
1603 2691 177 72 hoffe,
1811 2693 94 60 Du
1935 2696 129 61 hast
2086 2700 200 58 diesen
2311 2705 301 74 niedrigen

406 2826 16 22 T
422 2827 22 14 „
477 2754 327 75 Vorschlag
853 2762 101 53 mit
1002 2761 105 57 der
1170 2763 417 74 gebührenden
1636 2768 375 80 Verachtung
2065 2779 547 74 zurückgewiesen?

404 2846 162 39 rrau
602 2829 338 64 Lambert:
971 2834 368 77 (weinerlich,
1362 2843 231 74 trotzig)
1624 2845 91 58 Ich
1739 2847 132 57 muß
1898 2871 70 36 an
1992 2851 105 58 des
2119 2852 222 61 Kindes
2363 2855 250 63 Zukunft

475 2907 244 68 denken,
771 2912 117 56 und
930 2913 93 57 ich
1065 2914 227 73 glaube,
1336 2918 103 57 der
1479 2919 266 60 Dechant
1787 2923 97 59 hat
1924 2927 180 59 recht.

400 2978 162 61 F-u
604 2982 396 77 Slaughter;
1042 2989 99 59 Sie
1183 2992 228 60 können
1455 2997 158 57 nicht
1662 3011 293 61 erwarten,
2007 3003 114 59 daß
2171 3007 123 57 sich
2337 3007 269 64 Christen

472 3059 158 59 Ihren
672 3062 374 62 heidnischen
1090 3068 371 75 Standpunkt
1500 3095 69 35 zu
1612 3078 169 69 eigen
1832 3078 259 73 machen,
2143 3082 259 62 Eleanor.
2485 3088 124 60 Wir

469 3139 207 55 wissen
727 3161 104 35 nur
877 3162 68 36 zu
996 3153 120 62 gut,
1176 3144 115 57 daß
1340 3147 172 58 Ihnen
1555 3151 279 75 jeglicher
1883 3154 392 64 Patriotismus
2332 3166 272 71 mangelt,

395 3217 312 54 rraulein
750 3217 336 61 Lambert:
1145 3220 186 60 Wenn
1373 3224 87 57 Ihr
1500 3224 397 66 Patriotismus
1937 3232 99 58 Sie
2079 3234 145 60 dazu
2265 3241 203 68 triebe,
2513 3246 90 54 ein

467 3289 364 64 öffentliches
882 3295 161 59 Haus
1096 3298 83 58 als
1231 3299 480 76 Nebengebäude
1759 3330 69 37 zu
1883 3309 179 60 Ihrem
2112 3312 488 81 Offiziers-Spital

465 3386 66 36 zu
576 3369 301 72 errichten,
926 3394 68 36 so
1033 3374 196 59 würde
1272 3378 91 57 ich
1394 3378 301 76 Margaret
1725 3384 293 61 bestimmt
2059 3391 156 58 nicht
2252 3393 344 74 auffordern,

464 3444 122 56 sich
629 3445 165 59 dafür
835 3447 283 78 freiwillig
1157 3473 70 37 zu
1270 3454 246 59 melden.

388 3514 165 62 Frau
583 3519 394 79 Slaughter:
1009 3525 87 59 Ihr
1117 3528 175 58 Hohn
1321 3530 120 59 läßt
1462 3534 149 57 mich
1636 3537 330 72 unberührt,
1998 3539 259 62 Eleanor.
2309 3544 291 79 Margaret

460 3595 134 59 muß
637 3601 54 55 in
736 3605 157 55 einer
931 3601 158 61 Welt
1131 3605 189 73 leben,
1363 3609 95 57 die
1502 3613 82 56 sie
1627 3613 214 61 bereits
1881 3619 304 59 vorfindet.
2252 3622 112 59 Die
2405 3626 185 72 große

459 3673 192 59 Masse
680 3676 105 58 der
813 3678 262 59 Unseren
1099 3683 124 57 ehrt
1245 3684 117 57 und
1391 3685 194 61 achtet
1616 3712 206 37 unsere
1853 3694 263 74 tapferen
2137 3698 246 74 Jungen,
2413 3702 183 60 selbst

456 3770 164 37 wenn
662 3751 116 60 Sie
820 3756 127 59 dies
990 3758 156 58 nicht
1185 3769 118 50 tun.
1386 3762 248 60 Michael
1677 3765 98 61 hat
1829 3792 93 36 um
1974 3775 189 55 seines
2213 3774 381 65 Vaterlandes

455 3826 183 59 willen
681 3831 395 61 schreckliche
1118 3835 218 61 Leiden
1389 3840 292 71 erduldet;
1740 3845 131 59 kein
1931 3852 372 73 anständiger
2352 3853 241 62 Mensch

455 3902 174 60 Mann
679 3908 144 57 oder
865 3909 162 71 Frau,
1077 3914 140 56 wird
1268 3914 95 58 ihn
1415 3919 344 60 verurteilen
1809 3923 145 59 oder
2001 3925 127 60 hart
2167 3929 337 62 beurteilen.
