3322 4572
538 515 139 60 Max
699 513 263 58 Hodann
993 545 12 15 •
1031 512 113 57 Die
1171 512 194 57 Partei
1389 512 102 57 der
1510 512 280 74 Vernunft
1901 513 145 58 Eine
2071 513 381 77 Erwiderung

2514 517 116 56 265

438 1288 138 73 DIE
602 1288 318 70 PARTEI
948 1287 179 71 DER
1162 1287 495 72 VERNUNFT
1679 1329 69 10 -
1787 1289 199 70 EINE
2013 1289 615 73 ERWIDERUNG

1250 1107 169 68 Max
1461 1105 305 71 Hodann

506 1473 73 56 Im
622 1470 372 60 Februarheft
1036 1472 190 58 dieser
1267 1472 319 58 Zeitschrift
1628 1473 98 58 hat
1765 1472 174 58 Anna
1972 1473 263 58 Siemsen
2278 1478 166 55 einen
2485 1475 107 58 Auf-

435 1559 115 49 satz
593 1547 142 58 über
796 1549 148 69 „Die
986 1549 187 57 Partei
1215 1549 104 57 der
1359 1549 314 59 Vernunft“
1719 1550 438 70 veröffentlicht,
2220 1552 102 57 der
2371 1552 123 58 sich
2536 1553 94 57 auf

431 1624 285 74 Angaben
758 1633 190 61 stützt,
1005 1627 96 55 die
1150 1628 101 56 mit
1291 1627 132 57 dem
1466 1625 223 60 Namen
1738 1628 106 57 des
1887 1625 311 77 Göttinger
2236 1628 391 76 Philosophen

433 1702 212 58 Nelson
684 1704 55 56 in
769 1703 332 75 Beziehung
1143 1703 274 75 gebracht
1456 1705 249 57 werden.
1787 1704 127 58 Aus
1955 1704 220 58 diesem
2206 1704 241 60 Grunde
2489 1705 138 60 sehe

433 1778 80 57 ich
556 1778 140 57 mich
737 1779 270 57 zunächst
1045 1801 68 35 zu
1159 1782 156 55 einer
1343 1780 181 57 Reihe
1563 1780 394 59 tatsächlicher
1983 1780 479 76 Berichtigungen
2503 1806 93 35 ver-

433 1853 205 69 anlaßt,
692 1854 188 60 denen
922 1855 85 57 ich
1050 1858 192 72 einige
1284 1856 456 74 grundsätzliche
1781 1856 440 75 Bemerkungen
2264 1859 363 58 anschließen

431 1931 234 58 möchte.

504 2008 108 57 Die
656 2008 349 73 Bewegung,
1049 2009 94 57 die
1183 2030 115 36 von
1341 2008 321 75 Göttingen
1705 2010 263 74 ausgeht,
2016 2011 98 58 hat
2157 2011 149 58 nicht
2348 2011 94 58 die
2482 2010 111 60 Auf-

433 2085 164 74 gabe,
660 2085 95 58 die
796 2085 449 58 verknöcherten
1296 2086 311 59 deutschen
1651 2088 426 58 Universitäten
2126 2110 68 36 zu
2236 2088 390 59 reformieren.

431 2159 117 59 Das
589 2166 150 52 wäre
782 2164 91 54 ein
901 2161 253 57 ziemlich
1185 2161 471 75 hoffnungsloses
1685 2163 315 74 Beginnen.
2070 2164 178 58 Diese
2277 2164 349 76 Bewegung,

433 2237 91 58 die
572 2236 281 60 durchaus
904 2237 151 59 nicht
1115 2241 119 55 rein
1282 2239 364 58 akademisch
1706 2241 92 68 ist,
1859 2240 99 58 hat
2001 2240 277 58 vielmehr
2338 2243 104 55 das
2490 2241 137 71 Ziel,

430 2315 334 74 gegenüber
800 2315 132 58 dem
962 2315 403 58 Relativismus
1406 2317 120 58 und
1553 2315 435 76 Skeptizismus,
2030 2319 96 57 die
2168 2340 205 36 unsere
2402 2319 225 70 Politik,

431 2413 200 35 unsere
671 2390 418 60 Wissenschaft
1136 2392 118 56 und
1303 2414 204 37 unsere
1558 2392 361 74 persönliche
1959 2392 565 78 Lebensgestaltung
2573 2399 54 56 in

430 2470 154 54 einer
642 2469 287 72 geradezu
991 2469 435 57 verheerenden
1474 2469 199 58 Weise
1734 2470 400 68 beherrschen,
2197 2471 95 57 die
2343 2472 286 59 Vernunft

430 2545 212 57 wieder
702 2547 56 55 in
817 2546 122 57 ihre
988 2545 213 58 Rechte
1249 2549 365 57 einzusetzen
1675 2547 117 57 und
1840 2547 178 57 damit
2079 2549 113 57 den
2242 2547 270 60 Glauben
2559 2573 68 35 zu

429 2644 201 34 neuem
673 2621 195 58 Leben
909 2644 70 34 zu
1009 2621 314 70 erwecken,
1366 2621 113 58 daß
1522 2622 115 59 sich
1682 2626 127 55 eine
1840 2624 333 74 eindeutige
2202 2625 428 75 Entscheidung

428 2697 247 57 darüber
722 2698 405 58 herbeiführen
1176 2697 137 70 läßt,
1360 2721 118 37 was
1524 2700 155 58 wahr
1727 2701 117 57 und
1892 2700 150 58 nicht
2089 2702 171 69 wahr,
2310 2701 155 58 recht
2512 2702 117 57 und

429 2775 230 57 unrecht
718 2778 89 55 ist.
909 2775 156 58 Nach
1129 2776 289 57 außenhin
1479 2777 191 57 haben
1731 2777 115 59 sich
1910 2777 94 59 die
2066 2781 56 55 in
2184 2778 218 59 diesem
2451 2777 176 61 Sinne

428 2847 240 78 Tätigen
710 2851 139 58 nach
892 2851 103 58 der
1036 2851 361 74 Aufhebung
1437 2852 106 57 des
1586 2852 707 75 Belagerungszustandes
2336 2858 75 55 im
2455 2856 143 57 Inter-

430 2928 320 57 nationalen
762 2928 393 74 Jugendbund
1181 2928 172 75 (nicht
1374 2928 509 75 Studentenbund)
1903 2931 723 76 zusammengeschlossen.

428 3003 108 59 Die
566 3006 420 73 Berechtigung
1027 3006 192 58 dieser
1244 3006 442 75 Neugründung
1727 3006 118 58 läßt
1886 3008 114 57 sich
2044 3031 101 36 aus
2174 3010 103 57 der
2306 3008 324 77 Erwägung

428 3081 266 70 ableiten,
737 3082 115 57 daß
895 3086 127 53 eine
1064 3083 312 57 wahrhafte
1414 3082 393 60 Reformation
1849 3083 106 60 des
2000 3085 366 59 öffentlichen
2400 3087 229 59 Lebens

429 3180 100 35 nur
569 3158 172 59 durch
784 3158 422 75 grundsätzlich
1251 3181 146 37 neue
1440 3158 300 75 politische
1769 3159 317 61 Methoden
2131 3163 237 59 erreicht
2395 3163 232 59 werden

428 3233 172 70 kann;
665 3233 114 60 daß
842 3236 383 58 andererseits
1287 3237 215 74 gerade
1564 3237 96 57 die
1720 3239 56 55 in
1839 3237 104 58 der
2004 3237 350 77 Gegenwart
2409 3241 218 72 geübte

428 3309 203 60 Politik
659 3313 289 57 bewiesen
979 3314 117 68 hat,
1138 3316 107 54 wie
1275 3316 190 72 wenig
1494 3313 94 57 die
1630 3314 173 58 heute
1845 3314 400 60 bestehenden
2288 3317 339 74 politischen

428 3386 448 62 Machtfaktoren
919 3389 202 57 darauf
1162 3391 247 57 bedacht
1450 3391 149 68 sind,
1649 3393 99 55 mit
1797 3413 186 36 neuen
2025 3393 338 75 politischen
2405 3393 222 59 Mitteln

425 3486 67 34 zu
536 3466 275 68 arbeiten,
872 3469 108 55 wie
1030 3468 134 57 sehr
1206 3469 84 55 sie
1329 3466 276 58 vielmehr
1660 3469 100 56 mit
1800 3468 158 59 Hilfe
1999 3471 104 56 der
2150 3469 151 59 alten
2344 3469 185 60 Mittel
2571 3473 55 55 in

426 3539 103 59 das
557 3542 113 59 alte
692 3543 362 58 Fahrwasser
1082 3543 104 58 des
1215 3543 561 58 vorrevolutionären
1800 3544 566 60 Parlamentarismus
2395 3547 199 58 zurück-

426 3626 225 50 steuern
693 3620 117 58 und
840 3619 179 59 damit
1047 3619 93 57 die
1171 3618 553 76 Errungenschaften
1753 3622 105 57 der
1884 3622 346 59 Revolution
2259 3623 104 58 der
2395 3623 195 75 Gegen-

424 3694 316 60 revolution
782 3699 57 55 in
881 3695 366 74 irgendeiner
1287 3695 165 59 Form
1497 3697 324 58 ausliefern.

503 3770 195 60 Damit
737 3775 75 56 ist
853 3773 272 57 natürlich
1168 3773 150 57 nicht
1357 3784 228 64 gesagt,
1648 3773 116 58 daß
1806 3775 95 58 die
1943 3774 330 75 Mitglieder
2312 3775 107 60 des
2460 3777 141 57 Inter-

429 3849 321 59 nationalen
792 3850 462 74 Jugendbundes
1298 3850 121 58 ihre
1461 3850 200 59 Kräfte
1705 3852 103 57 der
1849 3852 339 75 politischen
2220 3853 370 74 Gegenwarts-

428 3923 180 59 arbeit
655 3927 301 58 entziehen
1003 3925 206 60 wollen
1258 3927 145 57 oder
1450 3949 104 52 gar
1601 3927 225 59 sollten.
1916 3928 589 75 Gegenwartspolitik
2554 3933 73 55 ist
