3576 4572
1375 472 269 75 Douglas
1689 470 291 73 Goldring
2018 514 12 12 .
2074 466 124 60 Der
2236 463 234 77 Kampf
2504 486 97 36 um
2644 463 94 57 die
2777 461 253 59 Freiheit

1083 474 120 60 256

1161 674 205 61 Grund
1416 674 89 59 für
1559 675 130 56 eine
1738 670 124 60 Ehe
1911 674 102 53 mit
2053 667 262 60 Michael.
2398 664 99 61 Sie
2547 664 198 61 würde
2796 664 97 58 die
2935 663 233 62 Familie
3207 691 96 38 vor

1161 753 105 58 der
1307 750 374 77 Möglichkeit
1723 752 159 56 eines
1924 745 293 61 Skandals
2258 743 331 59 bewahren.

1083 829 169 61 Frau
1294 828 319 60 Lambert
1653 828 165 71 (starr
1858 847 106 37 vor
2005 821 361 75 Entsetzen):
2410 818 316 78 Margaret!
2795 816 135 61 Wie
2972 818 205 59 kannst
3214 819 88 62 Du

1161 931 68 37 so
1272 917 178 49 etwas
1492 903 227 77 sagen?

1084 984 315 60 Fräulein
1441 981 341 61 Lambert:
1825 979 114 60 Die
1980 975 330 62 Wahrheit!
2392 973 266 61 Endlich!

1084 1078 137 60 Der
1263 1078 346 60 Dechant:
1652 1070 250 65 Unsinn!

1086 1171 167 58 Frau
1294 1169 402 74 Slaughter:
1740 1164 100 61 Sie
1896 1167 263 74 zwingen
2217 1163 142 59 mich
2418 1183 70 36 zu
2538 1161 106 58 der
2683 1157 328 71 Annahme,
3060 1155 115 60 daß
3217 1158 89 61 Sie

1163 1247 235 60 äußerst
1439 1249 190 72 wenig
1670 1242 410 77 Schamgefühl
2123 1241 211 59 haben.
2404 1239 93 57 Da
2532 1237 100 59 Sie
2662 1260 63 36 es
2756 1234 183 61 selbst
2966 1257 115 36 nun
3110 1238 194 58 einmal

1163 1324 406 77 aussprachen,
1614 1324 151 58 kann
1808 1322 84 58 ich
1923 1321 175 58 Ihnen
2126 1318 152 60 wohl
2307 1340 202 52 sagen,
2549 1313 116 61 daß
2697 1314 95 59 die
2823 1314 226 74 einzige
3077 1310 230 64 Chance

1164 1404 89 58 für
1294 1403 118 71 Sie,
1456 1406 58 54 in
1554 1402 153 58 Ihrer
1749 1403 246 73 eigenen
2024 1397 208 58 Klasse
2262 1417 69 36 zu
2361 1396 278 67 heiraten,
2672 1392 96 58 die
2799 1389 122 60 Ehe
2950 1392 102 56 mit
3080 1389 227 61 Michael

1166 1481 353 58 Henderson
1561 1481 91 57 ist.

1087 1573 315 59 Fräulein
1444 1572 340 58 Lambert:
1826 1567 206 60 Welch
2075 1568 128 56 eine
2246 1561 235 62 Klasse!
2565 1561 203 61 Welch
2813 1563 93 56 ein
2949 1557 141 61 Los!

1088 1665 169 58 Frau
1315 1665 318 58 Lambert
1681 1657 515 79 (tränenerstickt):
2255 1656 254 71 Liebste,
2568 1653 85 60 ich
2711 1652 136 58 muß
2906 1652 115 57 den
3077 1650 232 59 Worten

1166 1743 106 59 des
1329 1742 340 59 Dechanten
1726 1740 118 57 und
1898 1737 218 59 Deiner
2171 1733 310 77 Taufpatin
2538 1733 369 57 beistimmen
2939 1774 102 15 ...
3100 1728 85 75 Ja,
3233 1730 76 58 ich

1168 1820 150 58 muß
1379 1844 81 46 es,
1515 1818 263 59 Eleanor.
1882 1815 94 58 Du
2034 1813 271 59 brauchst
2354 1811 143 58 mich
2549 1810 152 58 nicht
2749 1831 70 36 so
2869 1807 236 58 wütend
3153 1829 128 35 anzu-

1168 1896 277 61 schauen!
1479 1940 149 16 ....
1710 1895 87 58 Ich
1850 1893 100 59 bin
2001 1895 129 56 eine
2170 1901 160 48 treue
2372 1888 248 59 Tochter
2669 1888 217 56 meiner
2927 1883 234 69 Kirche;
3208 1906 113 36 war

1169 1999 64 35 es
1286 1978 220 68 immer,
1566 1971 177 71 hoffe,
1797 1994 63 37 es
1911 1973 201 58 immer
2157 1991 70 34 zu
2278 1968 141 59 sein.
2511 1964 86 59 Ich
2640 1964 152 59 habe
2842 1962 145 58 Dich
3039 1961 84 59 als
3171 1959 147 60 Kind

1169 2062 145 51 stets
1364 2056 54 55 in
1469 2074 210 37 unsere
1728 2048 210 59 Kirche
1990 2046 249 76 geführt,
2290 2044 311 74 Margaret.
2685 2041 76 59 Es
2812 2044 73 55 ist
2933 2041 163 57 nicht
3137 2041 179 56 meine

1168 2128 241 71 Schuld,
1440 2128 117 59 daß
1586 2128 94 57 Du
1710 2149 65 35 es
1802 2126 308 66 vorziehst,
2142 2126 88 54 ins
2260 2119 365 60 katholische
2649 2118 337 59 Oratorium
3015 2138 70 36 zu
3115 2116 201 75 gehen,

1168 2230 94 35 um
1307 2206 94 59 die
1444 2205 192 58 Musik
1675 2226 70 36 zu
1774 2203 207 68 hören;
2013 2201 174 58 dabei
2217 2202 74 56 ist
2319 2198 95 59 die
2445 2196 193 59 Musik
2667 2198 57 56 in
2754 2194 85 60 St.
2871 2194 163 75 Mary
3062 2191 254 60 Abbotts

1168 2307 193 55 genau
1404 2307 68 37 so
1515 2292 121 66 gut.

1092 2380 348 75 Margaret
1489 2375 126 76 (mit
1665 2371 520 62 melancholischer
2235 2367 378 75 Heiterkeit):
2667 2366 95 58 Ich
2804 2365 242 69 fürchte,
3088 2363 200 59 Mütter-

1171 2456 167 69 chen,
1382 2452 114 60 daß
1540 2453 93 59 ich
1676 2451 229 58 Deinen
1947 2448 401 75 Argumenten
2391 2443 160 60 nicht
2591 2466 69 36 zu
2705 2442 199 75 folgen
2945 2464 255 50 vermag.

1094 2550 168 58 Frau
1304 2547 344 59 Lambert:
1693 2544 77 71 O,
1813 2544 242 58 liebstes
2077 2540 174 70 Kind,
2297 2539 94 59 Du
2433 2539 211 57 kennst
2686 2536 159 58 nicht
2885 2535 95 58 die
3012 2532 306 70 Gefahren,

1171 2626 95 59 die
1309 2624 98 58 auf
1435 2622 152 60 Dich
1628 2622 215 70 lauern,
1872 2643 166 35 wenn
2069 2619 94 57 Du
2193 2617 152 59 Dich
2376 2619 291 71 weigerst,
2696 2612 251 60 Michael
2977 2611 344 58 Henderson

1169 2726 70 36 zu
1282 2699 287 62 heiraten!

1094 2798 369 73 Margaret:
1509 2793 171 59 Doch
1723 2791 189 59 kenne
1956 2790 91 58 ich
2090 2789 97 57 die
2224 2786 443 76 Erniedrigung,
2712 2784 96 58 die
2851 2785 220 56 meiner
3107 2790 214 60 wartet,

1171 2897 190 35 wenn
1413 2873 94 58 ich
1556 2871 96 57 ihn
1703 2870 237 58 heirate.
2034 2866 233 70 Mutter,
2320 2864 91 58 ich
2464 2874 227 63 ertrage
2735 2861 127 59 dies
2907 2860 160 58 nicht
3109 2859 208 73 länger.

1172 2951 96 59 Du
1310 2949 164 59 mußt
1516 2949 151 58 mich
1710 2946 190 76 gehen
1943 2945 193 57 lassen
2168 2987 104 15 ...
2335 2941 93 59 Ich
2457 2941 99 59 bin
2587 2940 132 58 kein
2749 2937 270 75 Feigling
3048 2980 9 11 .
3092 2980 10 12 .
3138 2980 10 11 .
3194 2933 124 61 Und

1173 3029 93 58 ich
1317 3027 165 60 stehe
1533 3026 134 59 dem
1717 3025 198 58 Leben
1967 3022 157 59 nicht
2177 3043 67 37 so
2296 3019 331 59 unwissend
2678 3016 361 76 gegenüber,
3087 3017 109 56 wie
3245 3012 78 59 ihr

1173 3105 220 79 glaubt.
1477 3104 75 58 Es
1596 3106 74 56 ist
1707 3106 56 71 ja
1804 3104 152 56 mein
1997 3099 294 68 Kummer,
2334 3097 159 57 nicht
2535 3096 105 57 der
2683 3092 207 60 Euere.

1097 3200 169 59 Frau
1309 3196 398 77 Slaughter:
1752 3194 140 71 Gut,
1935 3193 309 73 Margaret.
2329 3189 76 58 Es
2446 3187 142 60 wird
2632 3190 188 71 einzig
2864 3185 119 58 und
3012 3184 168 59 allein
3209 3182 113 58 Ihre

1175 3275 222 62 Schuld
1455 3278 142 67 sein,
1656 3295 165 36 wenn
1881 3270 99 60 Sie
2038 3273 92 54 ein
2182 3266 266 76 Unglück
2497 3265 160 61 trifft.
2747 3264 236 59 Suchen
3038 3261 99 61 Sie
3179 3260 143 58 dann

1176 3355 157 59 nicht
1375 3354 95 58 bei
1514 3375 105 35 uns
1661 3350 157 60 Hilfe
1860 3349 120 59 und
2020 3346 338 60 Teilnahme
2389 3391 14 14 .
2434 3389 13 14 .
2480 3389 13 14 .

1100 3448 312 60 Fräulein
1470 3444 342 60 Lambert:
1873 3440 150 60 Falls
2085 3443 85 56 sie
2231 3439 193 57 dieser
2476 3434 225 61 bedarf.
2799 3433 254 61 Braucht
3110 3434 81 56 sie
3247 3430 78 57 sie

1176 3528 143 58 aber
1368 3524 177 70 nicht,
1599 3546 66 36 so
1713 3521 235 59 werden
2000 3521 85 58 sie
2135 3518 86 58 ihr
2271 3515 402 76 aufgedrängt.
2758 3511 134 61 Wie
2945 3511 136 59 echt
3130 3509 168 59 christ-

1177 3604 132 71 lich,
1351 3603 202 75 Janey.

1100 3697 137 58 Der
1277 3694 342 60 Dechant:
1662 3690 178 77 Mary,
1893 3690 107 59 das
2051 3692 75 56 ist
2173 3711 70 35 zu
2293 3683 181 63 stark!
2556 3683 96 59 Ich
2701 3683 131 58 kam
2883 3682 96 58 auf
3019 3682 121 57 Ihre
3182 3676 145 59 Bitte

1180 3775 119 70 her,
1350 3797 94 34 um
1496 3772 300 72 Margaret
1848 3768 406 67 beizustehen;
2314 3763 175 71 nicht,
2540 3784 94 36 um
2678 3764 102 56 mit
2822 3760 247 60 Eleanor
3109 3758 181 57 herum-

1178 3854 327 57 zustreiten.
1589 3848 143 61 Was
1790 3845 164 60 diese
2011 3842 475 78 Angelegenheit
2542 3839 250 71 betrifft,
2852 3862 67 37 so
2968 3835 230 61 wasche
3240 3828 87 61 ich

1181 3933 188 55 meine
1412 3927 212 59 Hände
1666 3929 57 55 in
1766 3923 320 62 Unschuld.
