3307 4572
812 497 210 75 Alfred
1306 494 188 74 Wolfenstein
1495 528 173 12 ♦
1822 517 179 55 gegen

2529 505 115 58 273

552 684 136 69 Das
735 680 230 68 Pulver
1012 678 301 87 dagegen
1459 678 161 68 wird
1678 679 344 88 allgemein
2071 682 102 69 für
2220 698 201 56 etwas
2469 713 169 63 ganz

465 772 289 77 anderes,
805 768 417 70 himmelweit
1253 767 219 68 davon
1505 768 501 71 verschiedenes
2041 776 396 86 angesehen,
2475 777 165 68 nach

462 870 116 63 wie
646 887 135 42 vor.
880 859 210 69 Unter
1147 859 391 69 Duellanten
1600 861 139 86 galt
1793 861 108 70 die
1966 862 415 74 Schußwaffe
2445 896 198 61 sogar

461 956 95 67 für
618 952 107 67 die
796 948 503 82 ehrenhafteste,
1374 948 302 71 obschon
1747 953 249 88 gerade
2069 961 105 64 ein
2249 957 201 71 Mann
2525 961 116 69 der

460 1038 383 75 ritterlichen
893 1040 235 67 Klasse
1176 1045 95 62 sie
1319 1038 181 70 hätte
1549 1041 329 71 ablehnen
1928 1052 284 74 müssen,
2263 1050 144 67 weil
2457 1050 183 70 diese

457 1132 229 78 Waffe,
753 1136 85 63 im
890 1129 440 71 Unterschied
1399 1158 78 42 zu
1528 1134 190 86 jeder
1784 1135 315 83 anderen,
2168 1139 108 70 die
2333 1140 308 89 Eigenart

457 1225 126 78 hat,
664 1220 132 70 daß
874 1221 139 69 hier
1091 1221 122 69 das
1293 1221 188 70 beste
1559 1225 285 70 Können
1925 1228 175 71 doch
2188 1230 192 71 keine
2466 1235 174 69 volle

455 1312 252 71 Waffen
711 1313 290 87 Wirkung
1032 1317 116 64 mit
1195 1313 137 70 sich
1366 1314 246 90 bringt;
1648 1317 176 69 denn
1873 1318 254 72 schießt
2174 1326 264 83 jemand
2473 1327 163 68 auch

453 1402 165 71 noch
644 1428 76 42 so
752 1414 136 77 gut,
923 1428 70 42 es
1027 1402 252 71 schützt
1309 1404 177 71 nicht
1524 1433 215 63 gegen
1783 1408 121 70 das
1946 1409 690 78 Erschossenwerden.

453 1496 132 67 Das
604 1492 246 70 bildete
875 1493 173 69 wohl
1065 1496 247 86 gerade
1340 1497 106 67 die
1465 1497 478 72 Vornehmheit
1968 1502 118 69 der
2103 1503 438 74 Schußwaffe.
2574 1563 13 14 .
2621 1563 13 14 .

540 1583 109 69 Sie
696 1583 124 69 soll
870 1586 352 87 erniedrigt
1269 1588 292 70 werden!
1637 1590 103 70 Ihr
1789 1592 277 90 Privileg
2132 1596 123 69 soll
2304 1596 151 83 fort,
2522 1605 118 65 mit

451 1673 146 69 dem
655 1673 136 70 sich
848 1673 244 72 bereits
1156 1679 105 67 die
1317 1707 208 60 ganze
1582 1681 413 72 Menschheit
2052 1687 395 89 privilegiert
2502 1690 133 70 hat.

452 1764 286 70 Erkennt
787 1765 108 70 die
941 1770 499 85 gespenstische
1473 1770 300 91 Feigheit
1820 1775 119 69 des
1975 1775 382 85 Schießens,
2502 1783 134 68 und

449 1855 215 70 macht
711 1884 117 42 aus
877 1858 100 68 ihr
1010 1865 190 64 einen
1250 1875 200 75 guten
1485 1863 331 71 schnellen
1850 1867 221 71 Hebel
2123 1870 117 69 der
2273 1872 365 91 Erziehung

446 1947 132 68 und
629 1947 118 68 der
791 1947 257 88 großen
1100 1954 442 88 Propaganda
1589 1982 214 62 gegen
1852 1958 121 69 sie!
2042 1959 126 70 Die
2217 1961 419 74 Schußwaffe

444 2038 272 70 enthebt
773 2041 131 68 den
956 2041 358 72 Menschen
1370 2048 460 86 gespenstisch
1890 2049 118 70 der
2055 2052 576 94 Verantwortung;

444 2129 116 69 der
592 2128 222 71 Schuß
850 2132 323 71 erscheint
1204 2141 122 63 wie
1360 2137 137 69 ihre
1533 2143 231 84 eigene
1813 2169 328 62 anonyme
2174 2145 144 71 Tat.
2385 2148 248 70 Darum

442 2221 287 68 konnten
806 2222 107 70 die
977 2222 472 92 Zeitgenossen
1523 2228 174 70 beim
1754 2231 352 74 Ausbruch
2179 2237 121 69 des
2356 2239 277 90 Krieges

441 2310 166 70 noch
658 2314 236 68 einmal
941 2340 145 43 zum
1123 2317 279 70 Morden
1450 2319 319 90 gebracht
1802 2324 287 84 werden,
2142 2354 78 42 so
2269 2329 196 71 leicht
2497 2333 134 67 und

439 2429 75 42 so
541 2402 345 89 allgemein
904 2411 121 65 wie
1050 2409 272 68 niemals
1340 2437 214 43 zuvor.
1608 2411 113 71 Sie
1746 2414 292 71 konnten
2066 2418 137 70 ihre
2224 2419 409 90 bürgerliche

439 2493 538 72 Bedenklichkeit
1010 2498 356 85 betäuben,
1510 2502 175 71 denn
1736 2504 118 70 der
1888 2507 418 73 Schießende
2356 2513 278 71 braucht

437 2584 174 71 nicht
656 2615 79 40 zu
781 2593 258 77 wissen,
1090 2618 133 42 was
1274 2620 68 42 er
1389 2607 117 56 tut.
1582 2596 137 68 Der
1768 2599 219 70 antike
2036 2601 322 88 Kämpfer
2407 2604 226 72 mußte

438 2676 150 69 dem
653 2682 97 65 ins
803 2679 276 71 Gesicht
1135 2684 225 80 sehen,
1413 2686 131 68 den
1610 2714 69 42 er
1742 2689 383 92 erschlagen
2188 2696 239 81 wollte,
2494 2697 135 70 und

437 2766 128 70 den
615 2771 505 70 unmittelbaren
1167 2773 288 71 Anblick
1504 2782 214 65 seiner
1751 2778 127 73 Tat
1925 2796 322 74 ertragen.
2316 2786 84 69 Er
2448 2787 182 71 hatte

434 2884 69 43 es
560 2861 110 67 auf
717 2861 136 70 sich
910 2890 77 43 zu
1036 2865 302 82 nehmen,
1407 2872 103 65 ein
1562 2870 270 70 Mörder
1892 2900 78 41 zu
2033 2880 168 77 sein;
2271 2877 174 70 doch
2512 2908 119 42 nur

434 2949 195 76 dann,
679 2979 190 43 wenn
918 2982 71 40 er
1036 2982 71 41 es
1140 2956 282 70 wirklich
1471 2987 149 42 war.
1685 2961 172 87 Jetzt
1890 2964 301 90 dagegen
2241 2968 155 69 muß
2442 2970 192 88 jeder

433 3040 118 70 der
599 3043 338 71 Millionen
997 3046 267 88 Bürger,
1340 3049 108 70 die
1520 3079 83 41 an
1676 3054 131 69 den
1864 3055 394 74 Schlachten
2332 3060 297 92 beteiligt

429 3159 236 56 waren,
717 3134 317 84 fürchten,
1095 3144 104 62 ein
1252 3139 269 71 Mörder
1582 3170 78 41 zu
1716 3150 138 64 sein
1883 3175 116 44 —;
2051 3149 241 71 darum
2334 3149 296 87 fürchtet

429 3251 67 40 es
568 3224 246 71 keiner.
914 3227 155 70 Fast
1149 3231 225 69 keiner
1443 3233 167 70 weiß
1685 3262 92 43 es.
1874 3237 338 72 Zwischen
2286 3243 340 73 Millionen

430 3313 329 72 Schüssen
795 3317 114 71 hat
955 3347 152 42 man
1157 3322 164 70 über
1368 3323 109 70 die
1525 3326 205 71 Leere
1780 3328 120 70 des
1948 3330 523 74 Schlachtfeldes
2513 3336 111 71 hin

427 3406 426 87 geschossen,
1013 3412 96 69 als
1187 3415 174 86 gehe
1434 3443 71 42 es
1586 3417 375 93 überhaupt
2032 3424 178 69 nicht
2290 3427 109 68 auf
2494 3429 130 68 den

428 3497 359 71 Menschen
814 3540 108 31 —.
1024 3504 156 69 Man
1244 3505 131 70 ließ
1440 3507 121 70 das
1620 3510 233 71 Pulver
1915 3514 517 86 hinausknallen,
2508 3525 117 64 mit

429 3589 117 69 der
561 3590 320 91 Wirkung
905 3594 182 71 hatte
1115 3623 149 43 man
1299 3598 208 71 nichts
1535 3601 184 70 mehr
1750 3631 77 41 zu
1859 3617 137 58 tun.
2050 3606 111 70 Sie
2188 3636 132 42 war
2343 3610 141 69 fern
2512 3653 108 41 —,

427 3684 94 66 sie
546 3681 150 70 kam
723 3684 110 68 auf
881 3685 108 70 die
1024 3690 502 87 unpersönliche
1552 3695 674 73 ununterscheidbare
2259 3700 367 93 Rechnung

425 3775 178 66 einer
650 3774 422 72 Riesenfront
1116 3806 131 43 von
1281 3780 372 84 Tötenden,
1707 3787 152 68 Tod
1893 3788 549 75 Fabrizierenden
2485 3794 135 69 und

424 3863 469 72 Befehlenden.
994 3871 253 69 Hinaus
1274 3873 237 70 sandte
1561 3876 129 70 den
1740 3878 151 69 Tod
1951 3879 118 70 der
2116 3881 274 72 Donner
2443 3891 185 63 einer
