3586 4572
1153 467 148 58 Max
1327 466 263 58 Hodann
1618 497 14 16 •
1661 466 112 59 Die
1799 466 204 58 Partei
2028 467 103 57 der
2153 466 283 73 Vernunft
2553 462 145 61 Eine
2723 463 389 77 Erwiderung

973 467 114 59 266

974 690 106 36 nur
1120 669 176 60 durch
1326 670 294 59 Mitarbeit
1660 671 57 55 in
1759 668 116 58 den
1907 665 651 77 Gegenwartsparteien
2603 665 271 76 möglich:
2958 665 93 60 Da
3093 668 114 58 sich

974 748 271 55 niemand
1275 746 105 59 der
1413 745 444 76 Verpflichtung
1886 744 303 58 entziehen
2232 744 127 70 soll,
2402 742 90 59 für
2521 742 96 59 die
2646 742 331 75 Besserung
3019 746 191 56 seiner

974 821 249 60 Umwelt
1264 826 147 73 tätig
1451 847 69 34 zu
1565 826 142 66 sein,
1752 844 66 37 so
1862 820 191 76 ergibt
2096 821 115 60 sich
2256 821 209 59 daraus
2509 820 571 58 selbstverständlich
3111 821 97 59 die

974 899 498 77 Notwendigkeit,
1536 901 95 57 die
1681 897 337 60 Teilnahme
2081 922 72 35 an
2216 899 106 58 der
2380 897 404 75 Parteipolitik
2837 920 116 36 von
3018 897 189 75 jedem

972 999 70 34 zu
1085 979 254 58 fordern.
1440 977 58 59 In
1541 979 104 58 der
1684 975 176 61 Wahl
1908 976 284 59 zwischen
2242 976 185 59 rechts
2472 976 119 57 und
2641 975 149 57 links
2834 975 232 58 dürften
3108 979 104 56 wir

974 1056 101 57 mit
1122 1055 176 58 Anna
1340 1055 267 60 Siemsen
1658 1054 283 59 durchaus
1990 1056 160 56 einer
2192 1054 278 75 Meinung
2519 1055 142 56 sein.
2764 1051 166 60 Aber
2981 1076 104 35 nur
3133 1076 72 35 an

973 1132 97 59 die
1114 1132 354 77 Gegenwart
1507 1155 71 36 zu
1621 1132 231 59 denken
1893 1136 152 55 wäre
2089 1132 362 75 kurzsichtig.
2556 1130 110 58 Für
2708 1130 96 58 die
2845 1130 215 58 Politik
3104 1131 108 59 der

973 1207 250 61 Zukunft
1264 1210 133 60 sind
1439 1233 149 37 neue
1631 1210 321 60 Methoden
1993 1233 69 35 zu
2106 1210 257 68 fordern;
2407 1209 141 58 aber
2590 1207 424 75 grundsätzlich
3056 1231 150 35 neue

973 1286 304 75 politische
1308 1287 322 60 Methoden
1659 1287 143 59 wird
1833 1289 104 55 der
1965 1287 151 59 nicht
2144 1285 367 75 lebensfähig
2548 1285 256 68 machen,
2849 1285 104 57 der
2984 1285 221 75 glaubt,

974 1366 102 56 mit
1124 1364 156 59 Hilfe
1331 1365 305 76 möglichst
1686 1364 287 59 radikaler
2023 1366 145 58 oder
2218 1362 376 76 geistreicher
2642 1361 283 60 Literatur
3098 1365 108 56 wie

974 1441 214 60 Millers
1232 1441 396 72 Zielbüchern,
1681 1446 102 56 mit
1825 1444 193 57 denen
2062 1442 105 59 der
2209 1440 441 58 Internationale
2691 1440 403 75 Jugendbund
3137 1463 68 36 so

972 1521 192 72 wenig
1212 1524 234 69 gemein
1512 1520 97 58 hat
1668 1524 109 55 wie
1824 1522 102 56 mit
1987 1518 105 60 der
2142 1517 605 76 nationalmystischen
2798 1516 277 58 Tendenz
3137 1539 68 38 so

971 1596 181 58 vieler
1184 1597 497 70 „Tat“-Aufsätze
1815 1597 95 59 die
1941 1597 496 74 Verwirklichung
2478 1598 161 55 eines
2672 1593 143 60 noch
2846 1616 68 37 so
2952 1595 251 58 schönen

973 1675 346 73 politischen
1368 1675 367 75 Programms
1785 1673 370 60 veranlassen
2204 1698 68 34 zu
2324 1673 251 59 können.
2676 1671 136 60 Alle
2874 1673 331 74 derartigen

973 1751 666 77 Literatenerzeugnisse
1708 1752 120 59 und
1898 1751 139 58 auch
2107 1752 766 73 Literatenorganisationen
2954 1753 249 72 zeitigen

973 1828 182 60 nichts
1216 1833 217 65 weiter,
1496 1830 84 58 als
1645 1830 96 58 die
1790 1830 409 73 Verbrämung
2261 1828 105 59 der
2415 1827 331 75 Ereignisse
2797 1831 100 54 mit
2952 1827 253 60 schönen

973 1906 266 71 Worten,
1278 1911 56 72 je
1377 1907 141 60 nach
1548 1906 449 76 Temperament
2039 1910 56 54 in
2138 1906 284 76 lyrischer,
2486 1905 270 74 epischer
2797 1905 145 59 oder
2982 1905 186 58 drama-

972 1985 218 58 tischer
1231 1985 187 59 Form.
1520 1986 56 57 In
1631 1985 259 74 gleicher
1929 1982 204 60 Weise
2173 1983 144 57 wird
2368 1983 95 59 die
2507 1982 383 75 Fortsetzung
2938 1982 108 60 des
3088 1983 89 59 bis-

972 2062 241 74 herigen
1275 2062 450 60 Parteitreibens
1797 2059 239 61 niemals
2098 2061 145 57 über
2305 2063 129 55 eine
2497 2059 536 75 opportunistische
3097 2059 71 59 Be-

974 2138 334 76 friedigung
1350 2141 107 57 der
1499 2138 350 60 aktuellsten
1900 2137 344 75 politischen
2288 2137 374 58 Bedürfnisse
2705 2137 500 70 hinauskommen,

973 2217 239 58 niemals
1263 2217 142 58 wird
1467 2217 98 58 auf
1627 2217 221 57 diesem
1890 2216 193 73 Wege
2145 2214 96 59 die
2291 2214 162 59 Bahn
2502 2216 103 57 frei
2653 2214 234 59 werden
2938 2216 89 57 für
3075 2218 131 56 eine

973 2294 94 59 die
1090 2294 535 75 Interessenpolitik
1650 2293 309 75 endgültig
1982 2293 455 59 überwindende
2460 2292 212 58 Politik
2695 2292 139 58 nach
2859 2293 343 75 Prinzipien,

973 2372 117 58 und
1142 2395 151 35 zwar
1344 2372 89 58 für
1484 2376 128 54 eine
1664 2371 211 59 Politik
1938 2371 146 58 nach
2145 2371 408 73 vernünftigen
2615 2369 344 77 Prinzipien.
3060 2369 142 60 Eine

977 2449 194 60 solche
1213 2451 141 58 aber
1396 2453 74 56 ist
1512 2452 188 72 einzig
1741 2449 96 58 die
1880 2449 226 66 Politik,
2153 2449 95 58 die
2293 2448 83 59 als
2421 2447 119 60 Ziel
2585 2448 95 59 die
2724 2448 481 78 Herbeiführung

974 2528 298 75 gerechter
1313 2527 293 60 Zustände
1649 2531 54 54 in
1740 2527 104 58 der
1886 2526 388 59 Gesellschaft
2316 2524 447 78 gewährleistet.

1059 2604 122 59 Das
1225 2628 134 52 mag
1407 2603 234 60 äußerst
1689 2603 172 60 banal
1908 2604 236 74 klingen
2196 2603 89 57 für
2332 2603 111 58 alle
2492 2602 330 76 Skeptiker,
2883 2602 214 58 welche
3147 2606 55 54 in

977 2682 490 76 entsprechender
1532 2680 418 75 Abwandlung
2018 2682 106 57 der
2191 2680 384 75 Pilatusfrage
2643 2680 262 59 hämisch
2975 2679 227 74 fragen:

971 2759 143 59 Was
1156 2764 74 55 ist
1272 2758 492 76 Gerechtigkeit?
1834 2758 101 58 Bei
1979 2758 74 58 all
2096 2758 114 58 den
2253 2758 320 57 Menschen
2610 2757 229 75 jedoch,
2890 2758 114 69 die,
3050 2759 153 57 ihres

972 2837 468 59 Menschentums
1510 2835 348 77 eingedenk,
1929 2838 337 72 angesichts
2336 2835 108 58 des
2510 2834 249 75 Krieges
2827 2834 118 59 und
3014 2838 192 56 seiner

973 2914 220 76 Folgen
1236 2915 150 59 nicht
1428 2938 71 35 an
1542 2915 105 58 der
1670 2914 304 67 Vernunft,
2004 2913 154 60 wohl
2201 2913 141 58 aber
2371 2936 72 34 an
2474 2913 103 57 der
2597 2912 473 73 Vernünftigkeit
3102 2913 104 58 der

972 2993 424 60 herrschenden
1428 2992 692 75 Gesellschaftsordnung
2149 2994 109 56 irre
2280 2990 256 70 wurden,
2563 2990 191 59 dürfte
2784 2992 95 57 die
2910 2990 296 77 Berufung

973 3072 98 58 auf
1112 3072 94 57 die
1251 3070 455 75 Gerechtigkeit,
1771 3069 193 60 dürfte
2007 3073 93 55 ein
2140 3068 223 75 Appell
2426 3092 70 34 an
2548 3069 107 59 das
2697 3068 506 60 Selbstvertrauen

976 3149 152 57 ihrer
1153 3149 294 59 Vernunft
1472 3148 389 60 Verständnis
1903 3147 218 58 finden.
2201 3138 145 67 Was
2389 3147 126 57 hier
2556 3157 168 47 unter
2750 3145 288 60 Vernunft
3078 3169 94 35 ver-

974 3227 247 58 standen
1263 3227 162 69 wird,
1468 3227 106 58 das
1617 3227 99 57 hat
1758 3225 182 59 nichts
1982 3248 67 34 zu
2092 3235 100 47 tun
2237 3227 101 55 mit
2380 3224 153 70 dem,
2570 3247 119 35 was
2721 3247 129 35 man
2882 3227 56 54 in
2968 3223 202 59 Kaffee-

972 3305 246 57 häusern
1265 3307 285 71 „geistig“
1597 3313 193 60 nennt,
1837 3326 61 35 es
1941 3303 99 58 hat
2081 3302 141 59 auch
2266 3302 182 58 nichts
2491 3304 100 56 mit
2633 3303 133 57 dem
2808 3324 70 35 zu
2920 3312 122 59 tun,
3084 3324 121 36 was

971 3382 278 59 deutsche
1292 3382 383 58 Professoren
1717 3403 122 47 vor,
1885 3384 55 55 in
1983 3380 118 59 und
2129 3379 153 60 wohl
2324 3379 140 58 auch
2510 3379 140 58 nach
2690 3380 134 57 dem
2855 3379 220 75 Kriege
3118 3379 85 60 als

969 3459 287 60 Vernunft
1305 3460 318 75 ausgaben.
1724 3459 288 58 Vernunft
2074 3462 70 54 ist
2200 3456 314 75 allerdings
2564 3458 106 58 der
2719 3456 277 75 Inbegriff
3037 3459 166 72 jenes

969 3536 470 77 schöpferischen
1482 3535 419 60 menschlichen
1943 3536 389 74 Vermögens,
2397 3534 106 58 das
2550 3536 401 73 „organisiert,
3000 3534 205 58 belebt

971 3615 118 59 und
1131 3615 294 69 aufbaut“,
1470 3615 105 57 das
1630 3613 274 70 „niemals
1948 3611 224 77 Objekt
2214 3613 105 57 der
2365 3610 419 78 Organisation
2829 3614 115 57 und
2986 3611 186 60 Partei-

971 3693 280 75 bildung“
1282 3693 236 58 werden
1548 3691 169 59 kann.
1801 3691 136 60 Und
1975 3691 286 59 trotzdem
2294 3694 127 55 eine
2455 3690 226 70 „Partei
2713 3690 105 59 der
2837 3689 365 61 Vernunft“?

1048 3770 113 59 Die
1189 3771 191 58 Partei
1423 3770 104 59 der
1555 3768 303 72 Vernunft,
1888 3771 107 56 wie
2039 3773 83 54 sie
2152 3768 174 58 Anna
2355 3766 265 60 Siemsen
2650 3792 68 34 zu
2749 3769 180 57 sehen
2959 3768 243 69 scheint,

972 3851 254 58 existiert
1268 3849 159 58 nicht
1467 3846 118 60 und
1630 3846 155 60 stellt
1827 3846 148 59 auch
2018 3846 291 59 durchaus
2352 3845 159 60 nicht
2553 3846 105 59 das
2697 3845 119 59 Ziel
2859 3846 104 59 der
2990 3844 212 61 Arbeit

971 3926 106 59 des
1119 3925 480 60 Internationalen
1640 3923 467 77 Jugendbundes
2150 3924 121 57 dar.
2373 3921 340 76 Allerdings
2764 3924 258 75 ergeben
3075 3921 123 61 sich
