3354 4572
657 462 261 72 Douglas
962 458 287 76 Goldring
1306 492 11 13 •
1377 459 124 58 Der
1538 460 234 77 Kampf
1804 487 99 36 um
1945 467 91 58 die
2074 467 246 62 Freiheit

2473 474 113 59 245

401 666 127 59 Der
564 659 333 58 Dechant:
940 655 120 58 Der
1083 655 189 75 Junge
1301 657 114 74 gab
1452 661 156 56 einer
1643 660 340 75 plötzlichen
2011 665 378 79 Versuchung
2425 673 159 69 nach,

470 739 169 72 Mary,
695 754 113 38 war
862 735 54 54 in
973 735 184 54 einem
1216 731 254 60 Zustand
1524 736 244 75 völliger
1827 745 273 55 nervöser
2166 731 416 91 Überreizung.

468 815 319 71 Vergessen
835 811 82 56 sie
967 808 165 69 nicht,
1182 807 116 59 daß
1348 831 62 36 er
1457 812 74 56 im
1580 811 506 79 Schützengraben
2128 817 127 78 Tag
2303 825 88 55 für
2439 822 142 78 Tag,

468 886 259 62 achtzehn
756 885 231 58 Monate
1022 885 151 75 lang,
1211 908 71 35 an
1317 886 290 75 Margaret
1641 892 248 73 gedacht
1923 894 113 59 hat.
2123 896 75 58 Er
2232 899 165 58 kehrt
2430 901 150 59 heim

467 965 111 59 und
618 961 205 60 erfährt
863 961 84 58 als
989 971 199 60 erstes,
1230 961 115 58 daß
1387 963 290 77 Margaret
1715 988 113 39 von
1870 974 135 67 ihm,
2046 972 290 61 herzloser
2364 976 216 74 Weise,

467 1040 168 58 nichts
675 1036 157 58 mehr
868 1040 207 54 wissen
1116 1037 127 57 will.
1324 1037 218 62 Stellen
1584 1046 84 55 sie
1710 1043 115 59 sich
1867 1047 146 60 doch
2057 1048 111 60 den
2220 1051 359 61 furchtbaren

464 1113 212 61 Schock
722 1111 126 59 vor!
935 1112 148 60 Kein
1138 1113 277 71 Wunder,
1469 1117 115 60 daß
1641 1142 61 36 er
1757 1127 123 55 sein
1937 1127 366 60 moralisches
2355 1130 193 59 Gleich-

463 1189 232 77 gewicht
738 1188 204 59 verlor.
1034 1187 165 60 Auch
1250 1189 290 78 Margaret
1594 1198 74 56 ist
1724 1200 54 57 in
1828 1200 104 58 der
1979 1201 183 61 Sache
2219 1205 361 77 keineswegs

463 1289 108 36 von
606 1264 162 75 jeder
807 1264 209 59 Schuld
1058 1266 478 77 freizusprechen.

392 1343 153 59 Frau
586 1341 340 58 Lambert:
976 1342 288 75 Margaret
1310 1369 117 35 war
1483 1352 90 53 ein
1630 1351 424 77 unschuldiges,
2105 1358 471 63 unverdorbenes

460 1418 164 58 Kind.

389 1496 155 58 Frau
604 1493 396 74 Slaugther;
1062 1497 131 58 ünd
1254 1499 150 59 kann
1466 1525 240 53 morgen
1765 1506 143 58 oder
1947 1508 403 75 übermorgen,
2410 1536 164 36 wenn

458 1574 78 55 sie
552 1569 277 59 Vernunft
855 1576 291 68 annimmt,
1175 1578 129 56 eine
1326 1578 276 74 glücklich
1624 1582 382 61 verheiratete
2027 1584 144 61 Frau
2201 1591 141 56 sein.
2400 1588 171 61 Seien

456 1647 96 58 Sie
592 1645 143 59 doch
776 1649 345 75 vernünftig,
1165 1650 177 78 Mary.

381 1720 149 59 Frau
571 1720 358 63 Lambert:
969 1725 100 59 Sie
1108 1728 142 57 wird
1291 1729 151 59 nicht
1484 1730 274 75 glücklich
1801 1738 141 57 sein.

378 1798 164 57 Frau
581 1797 395 76 Slaughter:
1018 1802 125 59 Wir
1179 1812 229 53 müssen
1436 1810 331 73 versuchen,
1798 1817 83 54 sie
1917 1814 276 74 glücklich
2220 1840 69 37 zu
2320 1819 252 73 machen,

448 1897 63 34 zu
553 1874 295 61 erheitern.
929 1878 89 57 Ihr
1057 1879 210 71 helfen,
1312 1885 179 58 damit
1532 1888 84 56 sie
1659 1888 146 58 allen
1836 1890 274 60 Kummer
2149 1896 56 55 in
2234 1894 115 60 den
2378 1897 157 57 Hoch-

448 1950 621 79 zeitsvorbereitungen
1098 1979 294 52 vergesse.
1475 1960 85 59 Ich
1588 1963 110 58 will
1729 1968 84 56 sie
1834 1967 187 58 selbst
2048 1969 312 75 begleiten,
2405 1995 165 36 wenn

446 2030 79 54 sie
568 2026 92 58 die
700 2026 388 80 Ausstattung
1137 2034 177 60 kauft.
1395 2038 84 57 Ich
1521 2039 148 58 weiß
1712 2045 91 55 ein
1846 2044 293 73 Geschäft,
2182 2048 104 60 das
2335 2051 235 73 speziell

445 2103 84 57 für
566 2103 534 81 Kriegstrauungen
1150 2114 372 72 eingerichtet
1570 2120 90 56 ist.
1751 2118 147 61 Dort
1946 2123 301 60 bekommt
2294 2129 84 55 sie
2427 2127 141 59 alles

445 2179 207 75 Nötige
693 2183 54 55 in
788 2183 466 80 achtundvierzig
1292 2189 282 74 Stunden,
1618 2194 119 58 und
1784 2199 85 56 sie
1909 2199 141 57 wird
2104 2223 67 36 so
2222 2202 348 77 beschäftigt

441 2258 134 67 sein,
635 2256 115 59 daß
811 2263 84 54 sie
956 2261 207 60 keinen
1223 2264 366 76 Augenblick
1649 2269 126 62 Zeit
1843 2273 195 61 finden
2097 2278 160 71 wird,
2327 2303 71 35 an
2459 2282 108 58 das

441 2330 249 60 erlittene
733 2332 250 63 Unrecht
1023 2360 67 36 zu
1133 2341 247 60 denken.

368 2406 153 59 Frau
564 2409 342 63 Lambert;
948 2412 99 61 Sie
1096 2418 270 59 scheinen
1415 2421 173 59 beide
1639 2424 148 60 nicht
1836 2429 367 71 einzusehen,
2255 2432 114 59 daß
2417 2434 146 58 Mar-

633 2490 98 55 mit
773 2489 237 59 Michael
1052 2495 325 72 gebrochen
1422 2499 114 70 hat,
1578 2500 127 59 weil
1747 2505 84 55 sie
1886 2508 167 56 einen
2104 2508 251 59 anderen
2405 2510 157 60 liebt.

437 2560 116 58 Das
594 2564 75 55 ist
707 2566 54 71 ja
803 2567 107 58 das
950 2566 411 65 Schreckliche.

366 2633 155 60 Frau
563 2635 390 80 Slaugther:
1000 2645 177 60 Wie?
1229 2647 99 60 Sie
1364 2652 225 58 meinen
1620 2652 145 60 doch
1796 2656 150 57 nicht
1974 2658 114 58 den
2118 2660 443 62 sozialistischen

434 2713 279 73 Agitator,
766 2719 113 58 den
930 2724 100 55 wir
1071 2724 268 76 unlängst
1381 2726 94 59 bei
1518 2727 247 63 Eleanor
1804 2731 269 64 Lambert
2112 2738 232 58 trafen?
2430 2739 131 60 Wie

437 2793 292 58 konnten
771 2793 99 61 Sie
915 2799 104 58 das
1060 2801 317 72 gestatten!

364 2861 127 61 Der
517 2865 308 64 Dechant
844 2896 12 35 ;
888 2873 101 60 Ein
1020 2879 436 58 sozialistischer
1476 2879 273 77 Agitator
1778 2931 12 12 .
1824 2932 10 11 .
1869 2931 11 14 .
1912 2890 93 55 ein
2026 2886 259 62 Atheist!
2328 2891 230 61 Wollen

432 2943 94 56 Sie
580 2947 322 60 tatsächlich
959 2952 178 59 damit
1189 2976 201 52 sagen,
1439 2957 115 57 daß
1603 2962 84 55 sie
1734 2984 203 53 wegen
1997 2967 160 58 eines
2214 2966 344 62 Sozialisten

434 3022 94 55 mit
568 3025 182 55 einem
794 3026 173 58 Mann
1010 3053 103 35 aus
1155 3031 150 58 ihrer
1345 3036 244 71 eigenen
1630 3036 206 61 Klasse
1878 3041 327 74 gebrochen
2248 3045 143 58 hat?
2471 3047 86 59 Ich

431 3097 145 56 kann
618 3100 147 58 nicht
806 3102 269 75 glauben,
1107 3106 115 60 daß
1264 3110 107 58 das
1413 3111 86 57 ihr
1527 3111 169 60 Ernst
1737 3115 121 59 ist?
1912 3117 75 59 Ist
2027 3141 64 37 es
2128 3120 139 60 aber
2295 3122 261 61 dennoch

431 3174 164 69 wahr,
643 3197 66 37 so
757 3178 295 62 betrachte
1095 3185 84 57 ich
1231 3185 106 58 das
1387 3186 411 75 Vorgefallene
1847 3194 85 58 als
1982 3199 128 55 eine
2159 3197 246 77 Fügung
2454 3201 103 59 der

431 3249 354 80 Vorsehung.
853 3257 306 76 Wahrlich,
1189 3263 145 58 Gott
1373 3268 154 72 zeigt
1555 3267 116 59 sich
1701 3270 97 57 auf
1837 3272 472 74 geheimnisvolle
2337 3277 215 61 Weise,

431 3329 71 52 Ls
554 3337 73 48 ist
676 3352 126 37 eine
853 3333 273 78 Rettung,
1175 3341 92 54 ein
1317 3338 197 76 Segen
1564 3342 87 59 für
1700 3346 305 76 Margaret.
2096 3351 131 58 Nun
2279 3356 72 56 ist
2391 3355 165 73 jeder

430 3407 222 56 Zwedel
693 3431 71 34 an
806 3409 95 60 die
943 3412 471 79 Notwendigkeit
1462 3422 158 56 einer
1660 3421 120 61 Ehe
1831 3428 100 55 mit
1972 3426 240 61 Michael
2262 3431 290 61 behoben.

430 3530 105 55 Jo
599 3505 36 75 f.
636 3505 25 35 s
707 3487 73 98 jf*
820 3510 115 35 von
978 3491 193 72 jedem
1222 3492 371 76 Standpunkt
1639 3521 104 36 aus
1792 3502 324 76 unbedingt
2167 3506 385 74 erforderlich,

428 3561 111 52 daß
582 3561 92 57 die
705 3561 338 64 Zeremonie
1086 3568 187 60 sofort
1312 3573 317 60 stattfinde.

360 3627 143 61 Frau
543 3632 401 80 Slaugther:
1006 3643 253 72 Samuel,
1326 3648 399 75 telephoniere
1787 3653 240 61 Michael
2088 3681 97 46 an;
2248 3682 64 36 er
2378 3666 173 71 möge

426 3713 174 65 gleich
635 3713 389 66 herkommen.
1105 3722 125 58 Wir
1255 3724 206 60 wollen
1491 3727 96 58 die
1615 3727 184 61 Sache
1834 3733 185 59 sofort
2054 3736 213 72 regeln,
2312 3761 63 36 es
2411 3742 141 71 geht

431 3787 171 58 nichts
624 3790 142 59 über
793 3794 277 62 schnelles
1094 3799 286 61 Handeln.
1436 3802 149 68 Geh,
1608 3803 250 74 Samuel,
1888 3809 161 60 bitte.
2106 3811 121 62 Das
2248 3813 301 76 Telephon

427 3868 250 57 befindet
718 3870 114 58 sich
876 3875 54 56 in
973 3874 106 60 der
1119 3877 187 72 Halle,
1352 3879 150 60 nicht
1542 3883 170 69 wahr,
1757 3886 204 74 Mary?
