<?xml version="1.0" encoding="UTF-8"?>
<alto xmlns:xsi="http://www.w3.org/2001/XMLSchema-instance" xmlns="http://www.loc.gov/standards/alto/ns-v2#" xsi:schemaLocation="http://www.loc.gov/standards/alto/ns-v2# http://www.loc.gov/standards/alto/alto-v2.0.xsd" xmlns:xlink="http://www.w3.org/1999/xlink">
	<Description>
		<MeasurementUnit>mm10</MeasurementUnit>
		<sourceImageInformation>
			<fileName>//fileserver7/IN2/Princeton/Batch3/bmtnabh/1905/08/15_01/00000325.tif</fileName>
		</sourceImageInformation>
		<OCRProcessing ID="OCRPROCESSING_1">
			<preProcessingStep>
				<processingSoftware>
					<softwareCreator>CCS Content Conversion Specialists GmbH, Germany</softwareCreator>
					<softwareName>CCS docWORKS</softwareName>
					<softwareVersion>6.6-1.18</softwareVersion>
				</processingSoftware>
			</preProcessingStep>
			<ocrProcessingStep>
				<processingSoftware>
					<softwareCreator>ABBYY (BIT Software), Russia</softwareCreator>
					<softwareName>FineReader</softwareName>
					<softwareVersion>10.0</softwareVersion>
				</processingSoftware>
			</ocrProcessingStep>
		</OCRProcessing>
	</Description>
	<Styles>
		<TextStyle ID="TXT_0" FONTSIZE="30" FONTFAMILY="Times New Roman"/>
		<TextStyle ID="TXT_1" FONTSIZE="17" FONTFAMILY="Times New Roman" FONTSTYLE="italics"/>
		<TextStyle ID="TXT_2" FONTSIZE="19" FONTFAMILY="Times New Roman"/>
		<TextStyle ID="TXT_3" FONTSIZE="19" FONTFAMILY="Times New Roman" FONTSTYLE="italics"/>
		<ParagraphStyle ID="PAR_CENTER" ALIGN="Center"/>
		<ParagraphStyle ID="PAR_RIGHT" ALIGN="Right"/>
		<ParagraphStyle ID="PAR_BLOCK" ALIGN="Block"/>
	</Styles>
	<Layout>
		<Page ID="P29" PHYSICAL_IMG_NR="29" HEIGHT="4104" WIDTH="2408" PC="0.952">
			<TopMargin ID="P29_TM00001" HPOS="0" VPOS="0" WIDTH="2408" HEIGHT="187"/>
			<LeftMargin ID="P29_LM00001" HPOS="0" VPOS="187" WIDTH="102" HEIGHT="3648"/>
			<RightMargin ID="P29_RM00001" HPOS="2078" VPOS="187" WIDTH="330" HEIGHT="3648"/>
			<BottomMargin ID="P29_BM00001" HPOS="0" VPOS="3835" WIDTH="2408" HEIGHT="269"/>
			<PrintSpace ID="P29_PS00001" HPOS="102" VPOS="187" WIDTH="1976" HEIGHT="3648">
				<TextBlock ID="P29_TB00001" HPOS="422" VPOS="723" WIDTH="1316" HEIGHT="99" STYLEREFS="TXT_0 PAR_CENTER">
					<TextLine ID="P29_TL00001" HPOS="422" VPOS="723" WIDTH="1316" HEIGHT="99">
						<String ID="P29_ST00001" HPOS="422" VPOS="723" WIDTH="465" HEIGHT="81" CONTENT="MIETTES" WC="0.99" CC="0015130"/>
						<SP ID="P29_SP00001" HPOS="887" VPOS="804" WIDTH="69"/>
						<String ID="P29_ST00002" HPOS="956" VPOS="723" WIDTH="782" HEIGHT="99" CONTENT="HISTORIQUES" WC="1.00" CC="00500100232"/>
					</TextLine>
				</TextBlock>
				<TextBlock ID="P29_TB00002" HPOS="1245" VPOS="1166" WIDTH="663" HEIGHT="146" STYLEREFS="TXT_1 PAR_RIGHT">
					<TextLine ID="P29_TL00002" HPOS="1247" VPOS="1212" WIDTH="660" HEIGHT="57">
						<String ID="P29_ST00003" HPOS="1247" VPOS="1222" WIDTH="292" HEIGHT="43" CONTENT="ECLIPSE" WC="1.00" CC="0000300"/>
						<SP ID="P29_SP00002" HPOS="1539" VPOS="1265" WIDTH="34"/>
						<String ID="P29_ST00004" HPOS="1573" VPOS="1212" WIDTH="334" HEIGHT="57" CONTENT="D'ÉTOILE." WC="0.99" CC="140060503"/>
					</TextLine>
				</TextBlock>
				<TextBlock ID="P29_TB00003" HPOS="102" VPOS="1405" WIDTH="1976" HEIGHT="2430" STYLEREFS="TXT_2 PAR_BLOCK">
					<TextLine ID="P29_TL00003" HPOS="158" VPOS="1406" WIDTH="1914" HEIGHT="71">
						<String ID="P29_ST00005" HPOS="158" VPOS="1406" WIDTH="279" HEIGHT="66" CONTENT="Toujours" WC="0.98" CC="20274650"/>
						<SP ID="P29_SP00003" HPOS="437" VPOS="1472" WIDTH="33"/>
						<String ID="P29_ST00006" HPOS="470" VPOS="1409" WIDTH="31" HEIGHT="48" CONTENT="à" WC="1.00" CC="0"/>
						<SP ID="P29_SP00004" HPOS="501" VPOS="1472" WIDTH="33"/>
						<String ID="P29_ST00007" HPOS="534" VPOS="1406" WIDTH="50" HEIGHT="52" CONTENT="la" WC="0.77" CC="40"/>
						<SP ID="P29_SP00005" HPOS="584" VPOS="1472" WIDTH="27"/>
						<String ID="P29_ST00008" HPOS="611" VPOS="1407" WIDTH="299" HEIGHT="51" CONTENT="recherche" WC="0.99" CC="000405250"/>
						<SP ID="P29_SP00006" HPOS="910" VPOS="1472" WIDTH="34"/>
						<String ID="P29_ST00009" HPOS="944" VPOS="1409" WIDTH="98" HEIGHT="51" CONTENT="des" WC="1.00" CC="000"/>
						<SP ID="P29_SP00007" HPOS="1042" VPOS="1472" WIDTH="29"/>
						<String ID="P29_ST00010" HPOS="1071" VPOS="1410" WIDTH="273" HEIGHT="67" CONTENT="pourquoi" WC="0.99" CC="64040020" STYLEREFS="TXT_3"/>
						<SP ID="P29_SP00008" HPOS="1344" VPOS="1477" WIDTH="34"/>
						<String ID="P29_ST00011" HPOS="1378" VPOS="1423" WIDTH="52" HEIGHT="38" CONTENT="et" WC="1.00" CC="00"/>
						<SP ID="P29_SP00009" HPOS="1430" VPOS="1477" WIDTH="51"/>
						<String ID="P29_ST00012" HPOS="1481" VPOS="1411" WIDTH="97" HEIGHT="50" CONTENT="des" WC="0.98" CC="400"/>
						<SP ID="P29_SP00010" HPOS="1578" VPOS="1477" WIDTH="42"/>
						<String ID="P29_ST00013" HPOS="1620" VPOS="1418" WIDTH="262" HEIGHT="44" CONTENT="comment" WC="0.99" CC="5010000" STYLEREFS="TXT_3"/>
						<String ID="P29_ST00014" HPOS="1889" VPOS="1451" WIDTH="12" HEIGHT="25" CONTENT="," WC="1.00" CC="0"/>
						<SP ID="P29_SP00011" HPOS="1901" VPOS="1477" WIDTH="41"/>
						<String ID="P29_ST00015" HPOS="1942" VPOS="1429" WIDTH="98" HEIGHT="34" CONTENT="sou" SUBS_TYPE="HypPart1" SUBS_CONTENT="soucieux" WC="0.97" CC="540"/>
						<HYP HPOS="2040" VPOS="1429" WIDTH="32" CONTENT="-"/>
					</TextLine>
					<TextLine ID="P29_TL00004" HPOS="102" VPOS="1481" WIDTH="1973" HEIGHT="74">
						<String ID="P29_ST00016" HPOS="102" VPOS="1484" WIDTH="141" HEIGHT="50" CONTENT="cieux" SUBS_TYPE="HypPart2" SUBS_CONTENT="soucieux" WC="0.99" CC="40030"/>
						<SP ID="P29_SP00012" HPOS="243" VPOS="1534" WIDTH="30"/>
						<String ID="P29_ST00017" HPOS="273" VPOS="1482" WIDTH="64" HEIGHT="51" CONTENT="de" WC="1.00" CC="00"/>
						<SP ID="P29_SP00013" HPOS="337" VPOS="1534" WIDTH="25"/>
						<String ID="P29_ST00018" HPOS="362" VPOS="1482" WIDTH="191" HEIGHT="63" CONTENT="vérité," WC="0.99" CC="4000003"/>
						<SP ID="P29_SP00014" HPOS="553" VPOS="1545" WIDTH="24"/>
						<String ID="P29_ST00019" HPOS="577" VPOS="1481" WIDTH="151" HEIGHT="71" CONTENT="plein" WC="0.98" CC="05006"/>
						<SP ID="P29_SP00015" HPOS="728" VPOS="1552" WIDTH="28"/>
						<String ID="P29_ST00020" HPOS="756" VPOS="1484" WIDTH="63" HEIGHT="50" CONTENT="de" WC="1.00" CC="00"/>
						<SP ID="P29_SP00016" HPOS="819" VPOS="1552" WIDTH="22"/>
						<String ID="P29_ST00021" HPOS="841" VPOS="1484" WIDTH="50" HEIGHT="50" CONTENT="la" WC="1.00" CC="00"/>
						<SP ID="P29_SP00017" HPOS="891" VPOS="1552" WIDTH="25"/>
						<String ID="P29_ST00022" HPOS="916" VPOS="1484" WIDTH="227" HEIGHT="68" CONTENT="passion" WC="1.00" CC="3000030"/>
						<SP ID="P29_SP00018" HPOS="1143" VPOS="1552" WIDTH="27"/>
						<String ID="P29_ST00023" HPOS="1170" VPOS="1485" WIDTH="67" HEIGHT="51" CONTENT="de" WC="1.00" CC="00"/>
						<SP ID="P29_SP00019" HPOS="1237" VPOS="1552" WIDTH="24"/>
						<String ID="P29_ST00024" HPOS="1261" VPOS="1485" WIDTH="237" HEIGHT="66" CONTENT="l'inédit," WC="1.00" CC="020000006"/>
						<SP ID="P29_SP00020" HPOS="1498" VPOS="1552" WIDTH="29"/>
						<String ID="P29_ST00025" HPOS="1527" VPOS="1486" WIDTH="136" HEIGHT="67" CONTENT="qu'il" WC="0.98" CC="06402"/>
						<SP ID="P29_SP00021" HPOS="1663" VPOS="1553" WIDTH="25"/>
						<String ID="P29_ST00026" HPOS="1688" VPOS="1485" WIDTH="225" HEIGHT="70" CONTENT="s'agisse" WC="1.00" CC="00250000"/>
						<SP ID="P29_SP00022" HPOS="1913" VPOS="1555" WIDTH="28"/>
						<String ID="P29_ST00027" HPOS="1941" VPOS="1487" WIDTH="134" HEIGHT="53" CONTENT="d'un" WC="0.96" CC="0467"/>
					</TextLine>
					<TextLine ID="P29_TL00005" HPOS="102" VPOS="1557" WIDTH="1972" HEIGHT="75">
						<String ID="P29_ST00028" HPOS="102" VPOS="1576" WIDTH="123" HEIGHT="36" CONTENT="aveu" WC="0.98" CC="0304"/>
						<SP ID="P29_SP00023" HPOS="225" VPOS="1612" WIDTH="32"/>
						<String ID="P29_ST00029" HPOS="257" VPOS="1557" WIDTH="244" HEIGHT="70" CONTENT="échappé" WC="0.99" CC="0040090"/>
						<SP ID="P29_SP00024" HPOS="501" VPOS="1627" WIDTH="37"/>
						<String ID="P29_ST00030" HPOS="538" VPOS="1562" WIDTH="27" HEIGHT="47" CONTENT="à" WC="0.47" CC="5"/>
						<SP ID="P29_SP00025" HPOS="565" VPOS="1627" WIDTH="27"/>
						<String ID="P29_ST00031" HPOS="592" VPOS="1560" WIDTH="95" HEIGHT="49" CONTENT="des" WC="1.00" CC="000"/>
						<SP ID="P29_SP00026" HPOS="687" VPOS="1627" WIDTH="44"/>
						<String ID="P29_ST00032" HPOS="731" VPOS="1560" WIDTH="176" HEIGHT="51" CONTENT="lèvres" WC="0.99" CC="500400"/>
						<SP ID="P29_SP00027" HPOS="907" VPOS="1627" WIDTH="34"/>
						<String ID="P29_ST00033" HPOS="941" VPOS="1573" WIDTH="211" HEIGHT="38" CONTENT="mortes" WC="1.00" CC="004100"/>
						<SP ID="P29_SP00028" HPOS="1152" VPOS="1627" WIDTH="37"/>
						<String ID="P29_ST00034" HPOS="1189" VPOS="1560" WIDTH="377" HEIGHT="67" CONTENT="aujourd'hui," WC="1.00" CC="055003030000"/>
						<SP ID="P29_SP00029" HPOS="1566" VPOS="1627" WIDTH="36"/>
						<String ID="P29_ST00035" HPOS="1602" VPOS="1564" WIDTH="96" HEIGHT="49" CONTENT="des" WC="1.00" CC="000"/>
						<SP ID="P29_SP00030" HPOS="1698" VPOS="1627" WIDTH="46"/>
						<String ID="P29_ST00036" HPOS="1744" VPOS="1562" WIDTH="330" HEIGHT="70" CONTENT="hommages" WC="1.00" CC="04003200"/>
					</TextLine>
					<TextLine ID="P29_TL00006" HPOS="102" VPOS="1635" WIDTH="1973" HEIGHT="72">
						<String ID="P29_ST00037" HPOS="102" VPOS="1635" WIDTH="248" HEIGHT="53" CONTENT="lointains" WC="0.99" CC="500501300"/>
						<SP ID="P29_SP00031" HPOS="350" VPOS="1688" WIDTH="54"/>
						<String ID="P29_ST00038" HPOS="404" VPOS="1636" WIDTH="208" HEIGHT="51" CONTENT="rendus" WC="0.99" CC="525000"/>
						<SP ID="P29_SP00032" HPOS="612" VPOS="1688" WIDTH="33"/>
						<String ID="P29_ST00039" HPOS="645" VPOS="1654" WIDTH="68" HEIGHT="33" CONTENT="au" WC="0.54" CC="36"/>
						<SP ID="P29_SP00033" HPOS="713" VPOS="1688" WIDTH="49"/>
						<String ID="P29_ST00040" HPOS="762" VPOS="1636" WIDTH="181" HEIGHT="69" CONTENT="génie," WC="0.99" CC="040200"/>
						<SP ID="P29_SP00034" HPOS="943" VPOS="1705" WIDTH="36"/>
						<String ID="P29_ST00041" HPOS="979" VPOS="1637" WIDTH="130" HEIGHT="51" CONTENT="d'un" WC="0.99" CC="0400"/>
						<SP ID="P29_SP00035" HPOS="1109" VPOS="1705" WIDTH="51"/>
						<String ID="P29_ST00042" HPOS="1160" VPOS="1655" WIDTH="108" HEIGHT="51" CONTENT="peu" WC="0.98" CC="005"/>
						<SP ID="P29_SP00036" HPOS="1268" VPOS="1706" WIDTH="53"/>
						<String ID="P29_ST00043" HPOS="1321" VPOS="1639" WIDTH="66" HEIGHT="50" CONTENT="de" WC="1.00" CC="00"/>
						<SP ID="P29_SP00037" HPOS="1387" VPOS="1706" WIDTH="55"/>
						<String ID="P29_ST00044" HPOS="1442" VPOS="1637" WIDTH="193" HEIGHT="70" CONTENT="gloire," WC="0.99" CC="7202204"/>
						<SP ID="P29_SP00038" HPOS="1635" VPOS="1707" WIDTH="48"/>
						<String ID="P29_ST00045" HPOS="1683" VPOS="1656" WIDTH="99" HEIGHT="51" CONTENT="par" WC="0.98" CC="500"/>
						<SP ID="P29_SP00039" HPOS="1782" VPOS="1707" WIDTH="43"/>
						<String ID="P29_ST00046" HPOS="1825" VPOS="1640" WIDTH="250" HEIGHT="52" CONTENT="endroits" WC="0.99" CC="16050000"/>
					</TextLine>
					<TextLine ID="P29_TL00007" HPOS="103" VPOS="1710" WIDTH="1972" HEIGHT="72">
						<String ID="P29_ST00047" HPOS="103" VPOS="1711" WIDTH="161" HEIGHT="52" CONTENT="voilée" WC="0.99" CC="350040"/>
						<SP ID="P29_SP00040" HPOS="264" VPOS="1763" WIDTH="25"/>
						<String ID="P29_ST00048" HPOS="289" VPOS="1711" WIDTH="271" HEIGHT="65" CONTENT="d'ombre," WC="1.00" CC="03000000"/>
						<SP ID="P29_SP00041" HPOS="560" VPOS="1776" WIDTH="31"/>
						<String ID="P29_ST00049" HPOS="591" VPOS="1710" WIDTH="46" HEIGHT="67" CONTENT="je" WC="0.81" CC="30"/>
						<SP ID="P29_SP00042" HPOS="637" VPOS="1777" WIDTH="34"/>
						<String ID="P29_ST00050" HPOS="671" VPOS="1712" WIDTH="160" HEIGHT="68" CONTENT="glane" WC="1.00" CC="00000"/>
						<SP ID="P29_SP00043" HPOS="831" VPOS="1780" WIDTH="34"/>
						<String ID="P29_ST00051" HPOS="865" VPOS="1712" WIDTH="66" HEIGHT="51" CONTENT="de" WC="1.00" CC="00"/>
						<SP ID="P29_SP00044" HPOS="931" VPOS="1780" WIDTH="34"/>
						<String ID="P29_ST00052" HPOS="965" VPOS="1729" WIDTH="200" HEIGHT="35" CONTENT="menus" WC="0.98" CC="00660"/>
						<SP ID="P29_SP00045" HPOS="1165" VPOS="1780" WIDTH="23"/>
						<String ID="P29_ST00053" HPOS="1188" VPOS="1712" WIDTH="148" HEIGHT="64" CONTENT="faits," WC="0.99" CC="400003"/>
						<SP ID="P29_SP00046" HPOS="1336" VPOS="1780" WIDTH="31"/>
						<String ID="P29_ST00054" HPOS="1367" VPOS="1714" WIDTH="96" HEIGHT="50" CONTENT="des" WC="1.00" CC="000"/>
						<SP ID="P29_SP00047" HPOS="1463" VPOS="1780" WIDTH="41"/>
						<String ID="P29_ST00055" HPOS="1504" VPOS="1731" WIDTH="237" HEIGHT="51" CONTENT="preuves" WC="0.99" CC="0506000"/>
						<SP ID="P29_SP00048" HPOS="1741" VPOS="1782" WIDTH="35"/>
						<String ID="P29_ST00056" HPOS="1776" VPOS="1715" WIDTH="299" HEIGHT="51" CONTENT="délaissées" WC="1.00" CC="0000100000"/>
					</TextLine>
					<TextLine ID="P29_TL00008" HPOS="102" VPOS="1787" WIDTH="1970" HEIGHT="73">
						<String ID="P29_ST00057" HPOS="102" VPOS="1804" WIDTH="88" HEIGHT="52" CONTENT="par" WC="0.96" CC="504"/>
						<SP ID="P29_SP00049" HPOS="190" VPOS="1856" WIDTH="22"/>
						<String ID="P29_ST00058" HPOS="212" VPOS="1787" WIDTH="242" HEIGHT="52" CONTENT="d'autres" WC="0.99" CC="10063200"/>
						<SP ID="P29_SP00050" HPOS="454" VPOS="1856" WIDTH="33"/>
						<String ID="P29_ST00059" HPOS="487" VPOS="1787" WIDTH="97" HEIGHT="69" CONTENT="qui" WC="0.97" CC="160"/>
						<SP ID="P29_SP00051" HPOS="584" VPOS="1856" WIDTH="35"/>
						<String ID="P29_ST00060" HPOS="619" VPOS="1787" WIDTH="76" HEIGHT="51" CONTENT="les" WC="0.98" CC="500"/>
						<SP ID="P29_SP00052" HPOS="695" VPOS="1856" WIDTH="27"/>
						<String ID="P29_ST00061" HPOS="722" VPOS="1787" WIDTH="210" HEIGHT="52" CONTENT="tinrent" WC="0.99" CC="0046000"/>
						<SP ID="P29_SP00053" HPOS="932" VPOS="1856" WIDTH="27"/>
						<String ID="P29_ST00062" HPOS="959" VPOS="1805" WIDTH="127" HEIGHT="34" CONTENT="sans" WC="1.00" CC="0000"/>
						<SP ID="P29_SP00054" HPOS="1086" VPOS="1856" WIDTH="28"/>
						<String ID="P29_ST00063" HPOS="1114" VPOS="1790" WIDTH="169" HEIGHT="51" CONTENT="doute" WC="0.99" CC="00600"/>
						<SP ID="P29_SP00055" HPOS="1283" VPOS="1856" WIDTH="18"/>
						<String ID="P29_ST00064" HPOS="1301" VPOS="1807" WIDTH="145" HEIGHT="50" CONTENT="pour" WC="0.98" CC="0206"/>
						<SP ID="P29_SP00056" HPOS="1446" VPOS="1857" WIDTH="25"/>
						<String ID="P29_ST00065" HPOS="1471" VPOS="1790" WIDTH="406" HEIGHT="70" CONTENT="négligeables;" WC="1.00" CC="0003070003108"/>
						<SP ID="P29_SP00057" HPOS="1877" VPOS="1860" WIDTH="27"/>
						<String ID="P29_ST00066" HPOS="1904" VPOS="1792" WIDTH="168" HEIGHT="62" CONTENT="enfin," WC="0.99" CC="032210"/>
					</TextLine>
					<TextLine ID="P29_TL00009" HPOS="103" VPOS="1862" WIDTH="1974" HEIGHT="75">
						<String ID="P29_ST00067" HPOS="103" VPOS="1863" WIDTH="40" HEIGHT="66" CONTENT="je" WC="0.94" CC="10"/>
						<SP ID="P29_SP00058" HPOS="143" VPOS="1929" WIDTH="22"/>
						<String ID="P29_ST00068" HPOS="165" VPOS="1862" WIDTH="361" HEIGHT="53" CONTENT="collectionne" WC="1.00" CC="200500000600"/>
						<SP ID="P29_SP00059" HPOS="526" VPOS="1929" WIDTH="28"/>
						<String ID="P29_ST00069" HPOS="554" VPOS="1865" WIDTH="97" HEIGHT="50" CONTENT="des" WC="1.00" CC="000"/>
						<SP ID="P29_SP00060" HPOS="651" VPOS="1929" WIDTH="26"/>
						<String ID="P29_ST00070" HPOS="677" VPOS="1877" WIDTH="222" HEIGHT="38" CONTENT="tenants" WC="1.00" CC="0050000"/>
						<SP ID="P29_SP00061" HPOS="899" VPOS="1929" WIDTH="25"/>
						<String ID="P29_ST00071" HPOS="924" VPOS="1880" WIDTH="50" HEIGHT="35" CONTENT="et" WC="0.75" CC="04"/>
						<SP ID="P29_SP00062" HPOS="974" VPOS="1929" WIDTH="27"/>
						<String ID="P29_ST00072" HPOS="1001" VPOS="1866" WIDTH="97" HEIGHT="51" CONTENT="des" WC="1.00" CC="000"/>
						<SP ID="P29_SP00063" HPOS="1098" VPOS="1929" WIDTH="24"/>
						<String ID="P29_ST00073" HPOS="1122" VPOS="1866" WIDTH="382" HEIGHT="52" CONTENT="aboutissants" WC="1.00" CC="305650000000"/>
						<SP ID="P29_SP00064" HPOS="1504" VPOS="1929" WIDTH="28"/>
						<String ID="P29_ST00074" HPOS="1532" VPOS="1867" WIDTH="96" HEIGHT="70" CONTENT="qui" WC="0.94" CC="950"/>
						<SP ID="P29_SP00065" HPOS="1628" VPOS="1937" WIDTH="21"/>
						<String ID="P29_ST00075" HPOS="1649" VPOS="1880" WIDTH="192" HEIGHT="38" CONTENT="seront" WC="1.00" CC="004000"/>
						<SP ID="P29_SP00066" HPOS="1841" VPOS="1937" WIDTH="21"/>
						<String ID="P29_ST00076" HPOS="1862" VPOS="1870" WIDTH="66" HEIGHT="49" CONTENT="de" WC="0.78" CC="04"/>
						<SP ID="P29_SP00067" HPOS="1928" VPOS="1937" WIDTH="28"/>
						<String ID="P29_ST00077" HPOS="1956" VPOS="1886" WIDTH="81" HEIGHT="33" CONTENT="mo" SUBS_TYPE="HypPart1" SUBS_CONTENT="modestes" WC="0.99" CC="00"/>
						<HYP HPOS="2037" VPOS="1886" WIDTH="40" CONTENT="-"/>
					</TextLine>
					<TextLine ID="P29_TL00010" HPOS="102" VPOS="1940" WIDTH="1971" HEIGHT="72">
						<String ID="P29_ST00078" HPOS="102" VPOS="1942" WIDTH="166" HEIGHT="50" CONTENT="destes" SUBS_TYPE="HypPart2" SUBS_CONTENT="modestes" WC="1.00" CC="000000"/>
						<SP ID="P29_SP00068" HPOS="268" VPOS="1992" WIDTH="26"/>
						<String ID="P29_ST00079" HPOS="294" VPOS="1940" WIDTH="412" HEIGHT="50" CONTENT="contributions" WC="1.00" CC="4360440500010"/>
						<SP ID="P29_SP00069" HPOS="706" VPOS="1992" WIDTH="42"/>
						<String ID="P29_ST00080" HPOS="748" VPOS="1946" WIDTH="296" HEIGHT="63" CONTENT="apportées" WC="1.00" CC="000050000"/>
						<SP ID="P29_SP00070" HPOS="1044" VPOS="2009" WIDTH="41"/>
						<String ID="P29_ST00081" HPOS="1085" VPOS="1946" WIDTH="28" HEIGHT="46" CONTENT="à" WC="0.80" CC="1"/>
						<SP ID="P29_SP00071" HPOS="1113" VPOS="2009" WIDTH="33"/>
						<String ID="P29_ST00082" HPOS="1146" VPOS="1941" WIDTH="270" HEIGHT="52" CONTENT="l'histoire" WC="1.00" CC="5000003050"/>
						<SP ID="P29_SP00072" HPOS="1416" VPOS="2009" WIDTH="33"/>
						<String ID="P29_ST00083" HPOS="1449" VPOS="1943" WIDTH="96" HEIGHT="51" CONTENT="des" WC="1.00" CC="000"/>
						<SP ID="P29_SP00073" HPOS="1545" VPOS="2009" WIDTH="36"/>
						<String ID="P29_ST00084" HPOS="1581" VPOS="1943" WIDTH="207" HEIGHT="69" CONTENT="grands" WC="0.99" CC="060600"/>
						<SP ID="P29_SP00074" HPOS="1788" VPOS="2012" WIDTH="41"/>
						<String ID="P29_ST00085" HPOS="1829" VPOS="1945" WIDTH="244" HEIGHT="62" CONTENT="artistes," WC="1.00" CC="050200003"/>
					</TextLine>
					<TextLine ID="P29_TL00011" HPOS="103" VPOS="2014" WIDTH="1971" HEIGHT="70">
						<String ID="P29_ST00086" HPOS="103" VPOS="2017" WIDTH="83" HEIGHT="50" CONTENT="des" WC="1.00" CC="000"/>
						<SP ID="P29_SP00075" HPOS="186" VPOS="2067" WIDTH="23"/>
						<String ID="P29_ST00087" HPOS="209" VPOS="2014" WIDTH="406" HEIGHT="69" CONTENT="personnalités" WC="1.00" CC="2040540000000"/>
						<SP ID="P29_SP00076" HPOS="615" VPOS="2083" WIDTH="25"/>
						<String ID="P29_ST00088" HPOS="640" VPOS="2017" WIDTH="353" HEIGHT="51" CONTENT="secondaires" WC="1.00" CC="00001003200"/>
						<SP ID="P29_SP00077" HPOS="993" VPOS="2083" WIDTH="19"/>
						<String ID="P29_ST00089" HPOS="1012" VPOS="2017" WIDTH="111" HEIGHT="51" CONTENT="mal" WC="0.99" CC="002"/>
						<SP ID="P29_SP00078" HPOS="1123" VPOS="2083" WIDTH="34"/>
						<String ID="P29_ST00090" HPOS="1157" VPOS="2034" WIDTH="250" HEIGHT="35" CONTENT="connues" WC="1.00" CC="0501000"/>
						<SP ID="P29_SP00079" HPOS="1407" VPOS="2083" WIDTH="23"/>
						<String ID="P29_ST00091" HPOS="1430" VPOS="2020" WIDTH="66" HEIGHT="49" CONTENT="de" WC="1.00" CC="00"/>
						<SP ID="P29_SP00080" HPOS="1496" VPOS="2083" WIDTH="28"/>
						<String ID="P29_ST00092" HPOS="1524" VPOS="2035" WIDTH="102" HEIGHT="34" CONTENT="nos" WC="0.99" CC="200"/>
						<SP ID="P29_SP00081" HPOS="1626" VPOS="2083" WIDTH="28"/>
						<String ID="P29_ST00093" HPOS="1654" VPOS="2018" WIDTH="174" HEIGHT="66" CONTENT="jours," WC="0.98" CC="606004"/>
						<SP ID="P29_SP00082" HPOS="1828" VPOS="2084" WIDTH="30"/>
						<String ID="P29_ST00094" HPOS="1858" VPOS="2020" WIDTH="66" HEIGHT="50" CONTENT="de" WC="0.91" CC="01"/>
						<SP ID="P29_SP00083" HPOS="1924" VPOS="2084" WIDTH="22"/>
						<String ID="P29_ST00095" HPOS="1946" VPOS="2032" WIDTH="128" HEIGHT="38" CONTENT="tous" WC="0.99" CC="0050"/>
					</TextLine>
					<TextLine ID="P29_TL00012" HPOS="104" VPOS="2091" WIDTH="1970" HEIGHT="71">
						<String ID="P29_ST00096" HPOS="104" VPOS="2092" WIDTH="66" HEIGHT="49" CONTENT="les" WC="1.00" CC="000"/>
						<SP ID="P29_SP00084" HPOS="170" VPOS="2141" WIDTH="31"/>
						<String ID="P29_ST00097" HPOS="201" VPOS="2091" WIDTH="235" HEIGHT="52" CONTENT="artisans" WC="1.00" CC="44000000"/>
						<SP ID="P29_SP00085" HPOS="436" VPOS="2143" WIDTH="27"/>
						<String ID="P29_ST00098" HPOS="463" VPOS="2092" WIDTH="72" HEIGHT="52" CONTENT="du" WC="0.70" CC="05"/>
						<SP ID="P29_SP00086" HPOS="535" VPOS="2144" WIDTH="29"/>
						<String ID="P29_ST00099" HPOS="564" VPOS="2096" WIDTH="182" HEIGHT="65" CONTENT="passé." WC="0.99" CC="010014"/>
						<SP ID="P29_SP00087" HPOS="746" VPOS="2161" WIDTH="30"/>
						<String ID="P29_ST00100" HPOS="776" VPOS="2092" WIDTH="76" HEIGHT="53" CONTENT="Ce" WC="0.79" CC="40"/>
						<SP ID="P29_SP00088" HPOS="852" VPOS="2161" WIDTH="35"/>
						<String ID="P29_ST00101" HPOS="887" VPOS="2092" WIDTH="223" HEIGHT="66" CONTENT="faisant," WC="1.00" CC="00000003"/>
						<SP ID="P29_SP00089" HPOS="1110" VPOS="2161" WIDTH="31"/>
						<String ID="P29_ST00102" HPOS="1141" VPOS="2092" WIDTH="47" HEIGHT="66" CONTENT="je" WC="0.92" CC="10"/>
						<SP ID="P29_SP00090" HPOS="1188" VPOS="2161" WIDTH="48"/>
						<String ID="P29_ST00103" HPOS="1236" VPOS="2093" WIDTH="251" HEIGHT="69" CONTENT="n'ignore" WC="1.00" CC="00100000"/>
						<SP ID="P29_SP00091" HPOS="1487" VPOS="2162" WIDTH="42"/>
						<String ID="P29_ST00104" HPOS="1529" VPOS="2093" WIDTH="160" HEIGHT="69" CONTENT="point" WC="1.00" CC="00000"/>
						<SP ID="P29_SP00092" HPOS="1689" VPOS="2162" WIDTH="27"/>
						<String ID="P29_ST00105" HPOS="1716" VPOS="2112" WIDTH="107" HEIGHT="50" CONTENT="que" WC="0.98" CC="060"/>
						<SP ID="P29_SP00093" HPOS="1823" VPOS="2162" WIDTH="35"/>
						<String ID="P29_ST00106" HPOS="1858" VPOS="2095" WIDTH="47" HEIGHT="66" CONTENT="je" WC="0.66" CC="60"/>
						<SP ID="P29_SP00094" HPOS="1905" VPOS="2162" WIDTH="27"/>
						<String ID="P29_ST00107" HPOS="1932" VPOS="2096" WIDTH="142" HEIGHT="51" CONTENT="serai" WC="0.99" CC="00220"/>
					</TextLine>
					<TextLine ID="P29_TL00013" HPOS="106" VPOS="2169" WIDTH="1971" HEIGHT="70">
						<String ID="P29_ST00108" HPOS="106" VPOS="2169" WIDTH="213" HEIGHT="68" CONTENT="regardé" WC="1.00" CC="1040100"/>
						<SP ID="P29_SP00095" HPOS="319" VPOS="2237" WIDTH="27"/>
						<String ID="P29_ST00109" HPOS="346" VPOS="2185" WIDTH="219" HEIGHT="34" CONTENT="comme" WC="1.00" CC="03000"/>
						<SP ID="P29_SP00096" HPOS="565" VPOS="2237" WIDTH="32"/>
						<String ID="P29_ST00110" HPOS="597" VPOS="2186" WIDTH="79" HEIGHT="34" CONTENT="un" WC="1.00" CC="00"/>
						<SP ID="P29_SP00097" HPOS="676" VPOS="2237" WIDTH="33"/>
						<String ID="P29_ST00111" HPOS="709" VPOS="2183" WIDTH="255" HEIGHT="39" CONTENT="amateur" WC="1.00" CC="0040001"/>
						<SP ID="P29_SP00098" HPOS="964" VPOS="2237" WIDTH="31"/>
						<String ID="P29_ST00112" HPOS="995" VPOS="2171" WIDTH="67" HEIGHT="51" CONTENT="de" WC="1.00" CC="00"/>
						<SP ID="P29_SP00099" HPOS="1062" VPOS="2237" WIDTH="32"/>
						<String ID="P29_ST00113" HPOS="1094" VPOS="2169" WIDTH="225" HEIGHT="70" CONTENT="fragiles" WC="1.00" CC="04000500"/>
						<SP ID="P29_SP00100" HPOS="1319" VPOS="2239" WIDTH="41"/>
						<String ID="P29_ST00114" HPOS="1360" VPOS="2169" WIDTH="220" HEIGHT="66" CONTENT="détails," WC="1.00" CC="00220001"/>
						<SP ID="P29_SP00101" HPOS="1580" VPOS="2239" WIDTH="60"/>
						<String ID="P29_ST00115" HPOS="1640" VPOS="2188" WIDTH="76" HEIGHT="35" CONTENT="un" WC="0.70" CC="50"/>
						<SP ID="P29_SP00102" HPOS="1716" VPOS="2239" WIDTH="51"/>
						<String ID="P29_ST00116" HPOS="1767" VPOS="2187" WIDTH="310" HEIGHT="37" CONTENT="amoureux" WC="0.99" CC="00365050"/>
					</TextLine>
					<TextLine ID="P29_TL00014" HPOS="106" VPOS="2243" WIDTH="1968" HEIGHT="71">
						<String ID="P29_ST00117" HPOS="106" VPOS="2243" WIDTH="387" HEIGHT="69" CONTENT="dépoussiérés" WC="1.00" CC="003340000000"/>
						<SP ID="P29_SP00103" HPOS="493" VPOS="2312" WIDTH="28"/>
						<String ID="P29_ST00118" HPOS="521" VPOS="2244" WIDTH="248" HEIGHT="51" CONTENT="inutiles." WC="0.99" CC="006031004"/>
						<SP ID="P29_SP00104" HPOS="769" VPOS="2312" WIDTH="30"/>
						<String ID="P29_ST00119" HPOS="799" VPOS="2244" WIDTH="74" HEIGHT="51" CONTENT="Et" WC="1.00" CC="00"/>
						<SP ID="P29_SP00105" HPOS="873" VPOS="2312" WIDTH="23"/>
						<String ID="P29_ST00120" HPOS="896" VPOS="2258" WIDTH="266" HEIGHT="56" CONTENT="pourtant" WC="0.99" CC="01610350"/>
						<SP ID="P29_SP00106" HPOS="1162" VPOS="2314" WIDTH="27"/>
						<String ID="P29_ST00121" HPOS="1189" VPOS="2246" WIDTH="86" HEIGHT="64" CONTENT="j'ai" WC="0.99" CC="3000"/>
						<SP ID="P29_SP00107" HPOS="1275" VPOS="2314" WIDTH="25"/>
						<String ID="P29_ST00122" HPOS="1300" VPOS="2246" WIDTH="323" HEIGHT="52" CONTENT="conscience" WC="1.00" CC="5000000100"/>
						<SP ID="P29_SP00108" HPOS="1623" VPOS="2314" WIDTH="24"/>
						<String ID="P29_ST00123" HPOS="1647" VPOS="2247" WIDTH="218" HEIGHT="51" CONTENT="défaire" WC="1.00" CC="0000030"/>
						<SP ID="P29_SP00109" HPOS="1865" VPOS="2314" WIDTH="24"/>
						<String ID="P29_ST00124" HPOS="1889" VPOS="2248" WIDTH="185" HEIGHT="50" CONTENT="bonne" WC="0.99" CC="35000"/>
					</TextLine>
					<TextLine ID="P29_TL00015" HPOS="106" VPOS="2319" WIDTH="1967" HEIGHT="73">
						<String ID="P29_ST00125" HPOS="106" VPOS="2319" WIDTH="247" HEIGHT="69" CONTENT="besogne," WC="0.99" CC="00049000"/>
						<SP ID="P29_SP00110" HPOS="353" VPOS="2388" WIDTH="28"/>
						<String ID="P29_ST00126" HPOS="381" VPOS="2337" WIDTH="92" HEIGHT="34" CONTENT="car" WC="0.99" CC="002"/>
						<SP ID="P29_SP00111" HPOS="473" VPOS="2388" WIDTH="25"/>
						<String ID="P29_ST00127" HPOS="498" VPOS="2321" WIDTH="120" HEIGHT="50" CONTENT="rien" WC="1.00" CC="0000"/>
						<SP ID="P29_SP00112" HPOS="618" VPOS="2388" WIDTH="33"/>
						<String ID="P29_ST00128" HPOS="651" VPOS="2337" WIDTH="68" HEIGHT="36" CONTENT="ne" WC="1.00" CC="00"/>
						<SP ID="P29_SP00113" HPOS="719" VPOS="2388" WIDTH="27"/>
						<String ID="P29_ST00129" HPOS="746" VPOS="2321" WIDTH="118" HEIGHT="52" CONTENT="doit" WC="1.00" CC="0000"/>
						<SP ID="P29_SP00114" HPOS="864" VPOS="2388" WIDTH="33"/>
						<String ID="P29_ST00130" HPOS="897" VPOS="2323" WIDTH="241" HEIGHT="67" CONTENT="paraître" WC="1.00" CC="00000040"/>
						<SP ID="P29_SP00115" HPOS="1138" VPOS="2390" WIDTH="50"/>
						<String ID="P29_ST00131" HPOS="1188" VPOS="2322" WIDTH="320" HEIGHT="52" CONTENT="indifférent" WC="1.00" CC="00007705000"/>
						<SP ID="P29_SP00116" HPOS="1508" VPOS="2390" WIDTH="33"/>
						<String ID="P29_ST00132" HPOS="1541" VPOS="2324" WIDTH="67" HEIGHT="50" CONTENT="de" WC="1.00" CC="00"/>
						<SP ID="P29_SP00117" HPOS="1608" VPOS="2390" WIDTH="34"/>
						<String ID="P29_ST00133" HPOS="1642" VPOS="2342" WIDTH="58" HEIGHT="33" CONTENT="ce" WC="1.00" CC="00"/>
						<SP ID="P29_SP00118" HPOS="1700" VPOS="2390" WIDTH="27"/>
						<String ID="P29_ST00134" HPOS="1727" VPOS="2324" WIDTH="97" HEIGHT="68" CONTENT="qui" WC="0.97" CC="060"/>
						<SP ID="P29_SP00119" HPOS="1824" VPOS="2392" WIDTH="47"/>
						<String ID="P29_ST00135" HPOS="1871" VPOS="2324" WIDTH="202" HEIGHT="51" CONTENT="touche" WC="1.00" CC="005000"/>
					</TextLine>
					<TextLine ID="P29_TL00016" HPOS="107" VPOS="2395" WIDTH="1970" HEIGHT="73">
						<String ID="P29_ST00136" HPOS="107" VPOS="2395" WIDTH="90" HEIGHT="51" CONTENT="àla" WC="0.92" CC="600"/>
						<SP ID="P29_SP00120" HPOS="197" VPOS="2446" WIDTH="26"/>
						<String ID="P29_ST00137" HPOS="223" VPOS="2395" WIDTH="265" HEIGHT="53" CONTENT="mémoire" WC="0.99" CC="0500150"/>
						<SP ID="P29_SP00121" HPOS="488" VPOS="2448" WIDTH="36"/>
						<String ID="P29_ST00138" HPOS="524" VPOS="2398" WIDTH="96" HEIGHT="50" CONTENT="des" WC="1.00" CC="000"/>
						<SP ID="P29_SP00122" HPOS="620" VPOS="2448" WIDTH="47"/>
						<String ID="P29_ST00139" HPOS="667" VPOS="2415" WIDTH="164" HEIGHT="34" CONTENT="noms" WC="1.00" CC="0000"/>
						<SP ID="P29_SP00123" HPOS="831" VPOS="2449" WIDTH="25"/>
						<String ID="P29_ST00140" HPOS="856" VPOS="2398" WIDTH="271" HEIGHT="69" CONTENT="glorieux." WC="0.99" CC="013200590"/>
						<SP ID="P29_SP00124" HPOS="1127" VPOS="2467" WIDTH="59"/>
						<String ID="P29_ST00141" HPOS="1186" VPOS="2398" WIDTH="133" HEIGHT="53" CONTENT="Gela" WC="0.98" CC="6010"/>
						<SP ID="P29_SP00125" HPOS="1319" VPOS="2467" WIDTH="24"/>
						<String ID="P29_ST00142" HPOS="1343" VPOS="2398" WIDTH="80" HEIGHT="52" CONTENT="dit" WC="1.00" CC="000"/>
						<SP ID="P29_SP00126" HPOS="1423" VPOS="2467" WIDTH="52"/>
						<String ID="P29_ST00143" HPOS="1475" VPOS="2417" WIDTH="145" HEIGHT="51" CONTENT="pour" WC="0.99" CC="0024"/>
						<SP ID="P29_SP00127" HPOS="1620" VPOS="2468" WIDTH="47"/>
						<String ID="P29_ST00144" HPOS="1667" VPOS="2402" WIDTH="278" HEIGHT="66" CONTENT="répondre" WC="0.99" CC="50060020"/>
						<SP ID="P29_SP00128" HPOS="1945" VPOS="2468" WIDTH="26"/>
						<String ID="P29_ST00145" HPOS="1971" VPOS="2418" WIDTH="106" HEIGHT="33" CONTENT="aux" WC="1.00" CC="000"/>
					</TextLine>
					<TextLine ID="P29_TL00017" HPOS="108" VPOS="2472" WIDTH="1969" HEIGHT="72">
						<String ID="P29_ST00146" HPOS="108" VPOS="2472" WIDTH="252" HEIGHT="68" CONTENT="quelques" WC="0.99" CC="06042600"/>
						<SP ID="P29_SP00129" HPOS="360" VPOS="2540" WIDTH="35"/>
						<String ID="P29_ST00147" HPOS="395" VPOS="2495" WIDTH="23" HEIGHT="24" CONTENT="«" WC="0.44" CC="5"/>
						<SP ID="P29_SP00130" HPOS="418" VPOS="2540" WIDTH="31"/>
						<String ID="P29_ST00148" HPOS="449" VPOS="2473" WIDTH="388" HEIGHT="52" CONTENT="observations" WC="1.00" CC="300000000000"/>
						<SP ID="P29_SP00131" HPOS="837" VPOS="2540" WIDTH="47"/>
						<String ID="P29_ST00149" HPOS="884" VPOS="2497" WIDTH="19" HEIGHT="24" CONTENT="»" WC="0.38" CC="6"/>
						<SP ID="P29_SP00132" HPOS="903" VPOS="2540" WIDTH="29"/>
						<String ID="P29_ST00150" HPOS="932" VPOS="2476" WIDTH="130" HEIGHT="50" CONTENT="d'un" WC="0.98" CC="0330"/>
						<SP ID="P29_SP00133" HPOS="1062" VPOS="2540" WIDTH="24"/>
						<String ID="P29_ST00151" HPOS="1086" VPOS="2476" WIDTH="206" HEIGHT="50" CONTENT="lecteur" WC="0.99" CC="7040004"/>
						<SP ID="P29_SP00134" HPOS="1292" VPOS="2540" WIDTH="23"/>
						<String ID="P29_ST00152" HPOS="1315" VPOS="2474" WIDTH="95" HEIGHT="70" CONTENT="qui" WC="0.98" CC="050"/>
						<SP ID="P29_SP00135" HPOS="1410" VPOS="2544" WIDTH="24"/>
						<String ID="P29_ST00153" HPOS="1434" VPOS="2493" WIDTH="170" HEIGHT="50" CONTENT="pense" WC="1.00" CC="00300"/>
						<SP ID="P29_SP00136" HPOS="1604" VPOS="2544" WIDTH="33"/>
						<String ID="P29_ST00154" HPOS="1637" VPOS="2493" WIDTH="108" HEIGHT="51" CONTENT="que" WC="1.00" CC="000"/>
						<SP ID="P29_SP00137" HPOS="1745" VPOS="2544" WIDTH="50"/>
						<String ID="P29_ST00155" HPOS="1795" VPOS="2495" WIDTH="26" HEIGHT="30" CONTENT="«" WC="1.00" CC="0"/>
						<SP ID="P29_SP00138" HPOS="1821" VPOS="2544" WIDTH="35"/>
						<String ID="P29_ST00156" HPOS="1856" VPOS="2477" WIDTH="221" HEIGHT="51" CONTENT="vouloir" WC="0.99" CC="0002305"/>
					</TextLine>
					<TextLine ID="P29_TL00018" HPOS="106" VPOS="2548" WIDTH="1968" HEIGHT="71">
						<String ID="P29_ST00157" HPOS="106" VPOS="2549" WIDTH="288" HEIGHT="67" CONTENT="compléter" WC="1.00" CC="100000005"/>
						<SP ID="P29_SP00139" HPOS="394" VPOS="2616" WIDTH="25"/>
						<String ID="P29_ST00158" HPOS="419" VPOS="2548" WIDTH="272" HEIGHT="53" CONTENT="certaines" WC="1.00" CC="003000000"/>
						<SP ID="P29_SP00140" HPOS="691" VPOS="2616" WIDTH="34"/>
						<String ID="P29_ST00159" HPOS="725" VPOS="2549" WIDTH="378" HEIGHT="70" CONTENT="biographies," WC="1.00" CC="000010020000"/>
						<SP ID="P29_SP00141" HPOS="1103" VPOS="2619" WIDTH="49"/>
						<String ID="P29_ST00160" HPOS="1152" VPOS="2552" WIDTH="126" HEIGHT="51" CONTENT="c'est" WC="0.99" CC="50001"/>
						<SP ID="P29_SP00142" HPOS="1278" VPOS="2619" WIDTH="41"/>
						<String ID="P29_ST00161" HPOS="1319" VPOS="2552" WIDTH="134" HEIGHT="51" CONTENT="faire" WC="0.98" CC="05060"/>
						<SP ID="P29_SP00143" HPOS="1453" VPOS="2619" WIDTH="40"/>
						<String ID="P29_ST00162" HPOS="1493" VPOS="2568" WIDTH="191" HEIGHT="36" CONTENT="oeuvre" WC="0.99" CC="800040"/>
						<SP ID="P29_SP00144" HPOS="1684" VPOS="2619" WIDTH="35"/>
						<String ID="P29_ST00163" HPOS="1719" VPOS="2552" WIDTH="355" HEIGHT="52" CONTENT="d'inventeur" WC="0.99" CC="04060030045"/>
					</TextLine>
					<TextLine ID="P29_TL00019" HPOS="107" VPOS="2622" WIDTH="1156" HEIGHT="73">
						<String ID="P29_ST00164" HPOS="107" VPOS="2622" WIDTH="56" HEIGHT="50" CONTENT="de" WC="0.56" CC="80"/>
						<SP ID="P29_SP00145" HPOS="163" VPOS="2672" WIDTH="38"/>
						<String ID="P29_ST00165" HPOS="201" VPOS="2624" WIDTH="309" HEIGHT="64" CONTENT="curiosités," WC="1.00" CC="00400610000"/>
						<SP ID="P29_SP00146" HPOS="510" VPOS="2688" WIDTH="38"/>
						<String ID="P29_ST00166" HPOS="548" VPOS="2643" WIDTH="129" HEIGHT="33" CONTENT="sans" WC="0.99" CC="0400"/>
						<SP ID="P29_SP00147" HPOS="677" VPOS="2688" WIDTH="27"/>
						<String ID="P29_ST00167" HPOS="704" VPOS="2627" WIDTH="197" HEIGHT="50" CONTENT="besoin" WC="1.00" CC="000100"/>
						<SP ID="P29_SP00148" HPOS="901" VPOS="2688" WIDTH="24"/>
						<String ID="P29_ST00168" HPOS="925" VPOS="2641" WIDTH="270" HEIGHT="54" CONTENT="apparent" WC="1.00" CC="00003020"/>
						<SP ID="P29_SP00149" HPOS="1195" VPOS="2695" WIDTH="21"/>
						<String ID="P29_ST00169" HPOS="1216" VPOS="2646" WIDTH="47" HEIGHT="31" CONTENT="»." WC="0.81" CC="03"/>
					</TextLine>
					<TextLine ID="P29_TL00020" HPOS="164" VPOS="2698" WIDTH="1906" HEIGHT="75">
						<String ID="P29_ST00170" HPOS="164" VPOS="2698" WIDTH="57" HEIGHT="51" CONTENT="Je" WC="1.00" CC="00"/>
						<SP ID="P29_SP00150" HPOS="221" VPOS="2749" WIDTH="45"/>
						<String ID="P29_ST00171" HPOS="266" VPOS="2700" WIDTH="346" HEIGHT="51" CONTENT="continuerai" WC="1.00" CC="00210250020"/>
						<SP ID="P29_SP00151" HPOS="612" VPOS="2751" WIDTH="47"/>
						<String ID="P29_ST00172" HPOS="659" VPOS="2702" WIDTH="144" HEIGHT="50" CONTENT="donc" WC="0.98" CC="0700"/>
						<SP ID="P29_SP00152" HPOS="803" VPOS="2752" WIDTH="25"/>
						<String ID="P29_ST00173" HPOS="828" VPOS="2718" WIDTH="135" HEIGHT="34" CONTENT="mon" WC="1.00" CC="010"/>
						<SP ID="P29_SP00153" HPOS="963" VPOS="2752" WIDTH="33"/>
						<String ID="P29_ST00174" HPOS="996" VPOS="2702" WIDTH="201" HEIGHT="52" CONTENT="métier" WC="1.00" CC="000003"/>
						<SP ID="P29_SP00154" HPOS="1197" VPOS="2754" WIDTH="29"/>
						<String ID="P29_ST00175" HPOS="1226" VPOS="2704" WIDTH="65" HEIGHT="50" CONTENT="de" WC="1.00" CC="00"/>
						<SP ID="P29_SP00155" HPOS="1291" VPOS="2754" WIDTH="34"/>
						<String ID="P29_ST00176" HPOS="1325" VPOS="2703" WIDTH="253" HEIGHT="68" CONTENT="glaneur," WC="1.00" CC="02300013"/>
						<SP ID="P29_SP00156" HPOS="1578" VPOS="2771" WIDTH="33"/>
						<String ID="P29_ST00177" HPOS="1611" VPOS="2722" WIDTH="108" HEIGHT="47" CONTENT="car," WC="0.99" CC="0050"/>
						<SP ID="P29_SP00157" HPOS="1719" VPOS="2771" WIDTH="30"/>
						<String ID="P29_ST00178" HPOS="1749" VPOS="2717" WIDTH="159" HEIGHT="38" CONTENT="outre" WC="0.99" CC="04060"/>
						<SP ID="P29_SP00158" HPOS="1908" VPOS="2771" WIDTH="28"/>
						<String ID="P29_ST00179" HPOS="1936" VPOS="2703" WIDTH="134" HEIGHT="70" CONTENT="qu'il" WC="0.98" CC="07060"/>
					</TextLine>
					<TextLine ID="P29_TL00021" HPOS="107" VPOS="2778" WIDTH="1968" HEIGHT="70">
						<String ID="P29_ST00180" HPOS="107" VPOS="2789" WIDTH="76" HEIGHT="36" CONTENT="me" WC="0.91" CC="10"/>
						<SP ID="P29_SP00159" HPOS="183" VPOS="2825" WIDTH="26"/>
						<String ID="P29_ST00181" HPOS="209" VPOS="2793" WIDTH="231" HEIGHT="51" CONTENT="procure" WC="0.99" CC="0400460"/>
						<SP ID="P29_SP00160" HPOS="440" VPOS="2844" WIDTH="26"/>
						<String ID="P29_ST00182" HPOS="466" VPOS="2778" WIDTH="68" HEIGHT="51" CONTENT="de" WC="1.00" CC="00"/>
						<SP ID="P29_SP00161" HPOS="534" VPOS="2844" WIDTH="47"/>
						<String ID="P29_ST00183" HPOS="581" VPOS="2794" WIDTH="150" HEIGHT="35" CONTENT="rares" WC="0.99" CC="50000"/>
						<SP ID="P29_SP00162" HPOS="731" VPOS="2844" WIDTH="25"/>
						<String ID="P29_ST00184" HPOS="756" VPOS="2778" WIDTH="244" HEIGHT="68" CONTENT="plaisirs," WC="0.99" CC="032042501"/>
						<SP ID="P29_SP00163" HPOS="1000" VPOS="2846" WIDTH="29"/>
						<String ID="P29_ST00185" HPOS="1029" VPOS="2779" WIDTH="47" HEIGHT="66" CONTENT="je" WC="0.78" CC="40"/>
						<SP ID="P29_SP00164" HPOS="1076" VPOS="2846" WIDTH="47"/>
						<String ID="P29_ST00186" HPOS="1123" VPOS="2779" WIDTH="47" HEIGHT="51" CONTENT="le" WC="0.72" CC="50"/>
						<SP ID="P29_SP00165" HPOS="1170" VPOS="2846" WIDTH="39"/>
						<String ID="P29_ST00187" HPOS="1209" VPOS="2779" WIDTH="144" HEIGHT="51" CONTENT="tiens" WC="0.99" CC="00008"/>
						<SP ID="P29_SP00166" HPOS="1353" VPOS="2846" WIDTH="35"/>
						<String ID="P29_ST00188" HPOS="1388" VPOS="2797" WIDTH="145" HEIGHT="51" CONTENT="pour" WC="0.98" CC="0304"/>
						<SP ID="P29_SP00167" HPOS="1533" VPOS="2848" WIDTH="32"/>
						<String ID="P29_ST00189" HPOS="1565" VPOS="2798" WIDTH="155" HEIGHT="33" CONTENT="assez" WC="1.00" CC="00000"/>
						<SP ID="P29_SP00168" HPOS="1720" VPOS="2848" WIDTH="39"/>
						<String ID="P29_ST00190" HPOS="1759" VPOS="2779" WIDTH="226" HEIGHT="52" CONTENT="difficile" WC="1.00" CC="000000050"/>
						<SP ID="P29_SP00169" HPOS="1985" VPOS="2848" WIDTH="37"/>
						<String ID="P29_ST00191" HPOS="2022" VPOS="2794" WIDTH="53" HEIGHT="37" CONTENT="et" WC="0.90" CC="01"/>
					</TextLine>
					<TextLine ID="P29_TL00022" HPOS="108" VPOS="2849" WIDTH="451" HEIGHT="68">
						<String ID="P29_ST00192" HPOS="108" VPOS="2849" WIDTH="148" HEIGHT="68" CONTENT="digne" WC="0.99" CC="03200"/>
						<SP ID="P29_SP00170" HPOS="256" VPOS="2917" WIDTH="24"/>
						<String ID="P29_ST00193" HPOS="280" VPOS="2853" WIDTH="279" HEIGHT="52" CONTENT="d'intérêt." WC="0.99" CC="0007005013"/>
					</TextLine>
					<TextLine ID="P29_TL00023" HPOS="167" VPOS="2926" WIDTH="1903" HEIGHT="74">
						<String ID="P29_ST00194" HPOS="167" VPOS="2926" WIDTH="438" HEIGHT="68" CONTENT="Dernièrement," WC="1.00" CC="7050005000000"/>
						<SP ID="P29_SP00171" HPOS="605" VPOS="2994" WIDTH="38"/>
						<String ID="P29_ST00195" HPOS="643" VPOS="2943" WIDTH="165" HEIGHT="54" CONTENT="ayant" WC="0.99" CC="05000"/>
						<SP ID="P29_SP00172" HPOS="808" VPOS="2997" WIDTH="33"/>
						<String ID="P29_ST00196" HPOS="841" VPOS="2948" WIDTH="67" HEIGHT="33" CONTENT="eu" WC="0.75" CC="04"/>
						<SP ID="P29_SP00173" HPOS="908" VPOS="2997" WIDTH="30"/>
						<String ID="P29_ST00197" HPOS="938" VPOS="2931" WIDTH="295" HEIGHT="51" CONTENT="l'occasion" WC="1.00" CC="3033000000"/>
						<SP ID="P29_SP00174" HPOS="1233" VPOS="2997" WIDTH="28"/>
						<String ID="P29_ST00198" HPOS="1261" VPOS="2933" WIDTH="65" HEIGHT="49" CONTENT="de" WC="1.00" CC="00"/>
						<SP ID="P29_SP00175" HPOS="1326" VPOS="2997" WIDTH="37"/>
						<String ID="P29_ST00199" HPOS="1363" VPOS="2931" WIDTH="163" HEIGHT="53" CONTENT="relire" WC="0.99" CC="400060"/>
						<SP ID="P29_SP00176" HPOS="1526" VPOS="2997" WIDTH="33"/>
						<String ID="P29_ST00200" HPOS="1559" VPOS="2933" WIDTH="274" HEIGHT="67" CONTENT="quelques" WC="1.00" CC="02000300"/>
						<SP ID="P29_SP00177" HPOS="1833" VPOS="3000" WIDTH="43"/>
						<String ID="P29_ST00201" HPOS="1876" VPOS="2934" WIDTH="194" HEIGHT="50" CONTENT="études" WC="1.00" CC="005000"/>
					</TextLine>
					<TextLine ID="P29_TL00024" HPOS="108" VPOS="3004" WIDTH="1969" HEIGHT="72">
						<String ID="P29_ST00202" HPOS="108" VPOS="3017" WIDTH="319" HEIGHT="39" CONTENT="concernant" WC="1.00" CC="0000010030"/>
						<SP ID="P29_SP00178" HPOS="427" VPOS="3056" WIDTH="28"/>
						<String ID="P29_ST00203" HPOS="455" VPOS="3006" WIDTH="295" HEIGHT="51" CONTENT="Henriette" WC="1.00" CC="501400000"/>
						<SP ID="P29_SP00179" HPOS="750" VPOS="3057" WIDTH="25"/>
						<String ID="P29_ST00204" HPOS="775" VPOS="3004" WIDTH="231" HEIGHT="71" CONTENT="Sontag," WC="0.98" CC="0100000"/>
						<SP ID="P29_SP00180" HPOS="1006" VPOS="3075" WIDTH="29"/>
						<String ID="P29_ST00205" HPOS="1035" VPOS="3005" WIDTH="47" HEIGHT="66" CONTENT="je" WC="0.80" CC="30"/>
						<SP ID="P29_SP00181" HPOS="1082" VPOS="3075" WIDTH="27"/>
						<String ID="P29_ST00206" HPOS="1109" VPOS="3006" WIDTH="88" HEIGHT="52" CONTENT="fus" WC="0.98" CC="050"/>
						<SP ID="P29_SP00182" HPOS="1197" VPOS="3075" WIDTH="20"/>
						<String ID="P29_ST00207" HPOS="1217" VPOS="3008" WIDTH="193" HEIGHT="68" CONTENT="frappé" WC="1.00" CC="040000"/>
						<SP ID="P29_SP00183" HPOS="1410" VPOS="3076" WIDTH="27"/>
						<String ID="P29_ST00208" HPOS="1437" VPOS="3025" WIDTH="97" HEIGHT="51" CONTENT="par" WC="0.99" CC="002"/>
						<SP ID="P29_SP00184" HPOS="1534" VPOS="3076" WIDTH="26"/>
						<String ID="P29_ST00209" HPOS="1560" VPOS="3009" WIDTH="274" HEIGHT="49" CONTENT="l'absence" WC="1.00" CC="300000200"/>
						<SP ID="P29_SP00185" HPOS="1834" VPOS="3076" WIDTH="28"/>
						<String ID="P29_ST00210" HPOS="1862" VPOS="3009" WIDTH="66" HEIGHT="51" CONTENT="de" WC="1.00" CC="00"/>
						<SP ID="P29_SP00186" HPOS="1928" VPOS="3076" WIDTH="26"/>
						<String ID="P29_ST00211" HPOS="1954" VPOS="3020" WIDTH="123" HEIGHT="40" CONTENT="tout" WC="0.98" CC="0142"/>
					</TextLine>
					<TextLine ID="P29_TL00025" HPOS="110" VPOS="3077" WIDTH="1967" HEIGHT="75">
						<String ID="P29_ST00212" HPOS="110" VPOS="3077" WIDTH="146" HEIGHT="53" CONTENT="détail" WC="1.00" CC="030001"/>
						<SP ID="P29_SP00187" HPOS="256" VPOS="3130" WIDTH="34"/>
						<String ID="P29_ST00213" HPOS="290" VPOS="3098" WIDTH="94" HEIGHT="35" CONTENT="sur" WC="0.96" CC="063"/>
						<SP ID="P29_SP00188" HPOS="384" VPOS="3133" WIDTH="21"/>
						<String ID="P29_ST00214" HPOS="405" VPOS="3083" WIDTH="49" HEIGHT="50" CONTENT="le" WC="1.00" CC="00"/>
						<SP ID="P29_SP00189" HPOS="454" VPOS="3133" WIDTH="23"/>
						<String ID="P29_ST00215" HPOS="477" VPOS="3095" WIDTH="191" HEIGHT="38" CONTENT="retour" WC="0.99" CC="400015"/>
						<SP ID="P29_SP00190" HPOS="668" VPOS="3133" WIDTH="14"/>
						<String ID="P29_ST00216" HPOS="682" VPOS="3084" WIDTH="267" HEIGHT="67" CONTENT="possible," WC="1.00" CC="000010500"/>
						<SP ID="P29_SP00191" HPOS="949" VPOS="3151" WIDTH="32"/>
						<String ID="P29_ST00217" HPOS="981" VPOS="3088" WIDTH="28" HEIGHT="45" CONTENT="à" WC="1.00" CC="0"/>
						<SP ID="P29_SP00192" HPOS="1009" VPOS="3151" WIDTH="31"/>
						<String ID="P29_ST00218" HPOS="1040" VPOS="3084" WIDTH="177" HEIGHT="61" CONTENT="Paris," WC="1.00" CC="001000"/>
						<SP ID="P29_SP00193" HPOS="1217" VPOS="3151" WIDTH="30"/>
						<String ID="P29_ST00219" HPOS="1247" VPOS="3085" WIDTH="66" HEIGHT="50" CONTENT="de" WC="1.00" CC="00"/>
						<SP ID="P29_SP00194" HPOS="1313" VPOS="3151" WIDTH="36"/>
						<String ID="P29_ST00220" HPOS="1349" VPOS="3084" WIDTH="48" HEIGHT="51" CONTENT="la" WC="0.98" CC="00"/>
						<SP ID="P29_SP00195" HPOS="1397" VPOS="3151" WIDTH="32"/>
						<String ID="P29_ST00221" HPOS="1429" VPOS="3085" WIDTH="208" HEIGHT="67" CONTENT="grande" WC="1.00" CC="000000"/>
						<SP ID="P29_SP00196" HPOS="1637" VPOS="3152" WIDTH="27"/>
						<String ID="P29_ST00222" HPOS="1664" VPOS="3085" WIDTH="317" HEIGHT="64" CONTENT="cantatrice," WC="1.00" CC="00020032400"/>
						<SP ID="P29_SP00197" HPOS="1981" VPOS="3152" WIDTH="27"/>
						<String ID="P29_ST00223" HPOS="2008" VPOS="3102" WIDTH="69" HEIGHT="33" CONTENT="en" WC="0.91" CC="01"/>
					</TextLine>
					<TextLine ID="P29_TL00026" HPOS="117" VPOS="3152" WIDTH="1961" HEIGHT="77">
						<String ID="P29_ST00224" HPOS="117" VPOS="3152" WIDTH="137" HEIGHT="54" CONTENT="iB3o." WC="0.61" CC="61650"/>
						<SP ID="P29_SP00198" HPOS="254" VPOS="3206" WIDTH="35"/>
						<String ID="P29_ST00225" HPOS="289" VPOS="3156" WIDTH="148" HEIGHT="68" CONTENT="Quoi" WC="0.99" CC="0400"/>
						<SP ID="P29_SP00199" HPOS="437" VPOS="3224" WIDTH="20"/>
						<String ID="P29_ST00226" HPOS="457" VPOS="3159" WIDTH="20" HEIGHT="49" CONTENT="?" WC="0.85" CC="1"/>
						<SP ID="P29_SP00200" HPOS="477" VPOS="3224" WIDTH="47"/>
						<String ID="P29_ST00227" HPOS="524" VPOS="3157" WIDTH="289" HEIGHT="69" CONTENT="pensai-je," WC="0.95" CC="0000000400"/>
						<SP ID="P29_SP00201" HPOS="813" VPOS="3226" WIDTH="48"/>
						<String ID="P29_ST00228" HPOS="861" VPOS="3175" WIDTH="66" HEIGHT="35" CONTENT="au" WC="0.50" CC="36"/>
						<SP ID="P29_SP00202" HPOS="927" VPOS="3226" WIDTH="30"/>
						<String ID="P29_ST00229" HPOS="957" VPOS="3159" WIDTH="322" HEIGHT="51" CONTENT="lendemain" WC="1.00" CC="400000050"/>
						<SP ID="P29_SP00203" HPOS="1279" VPOS="3226" WIDTH="33"/>
						<String ID="P29_ST00230" HPOS="1312" VPOS="3160" WIDTH="66" HEIGHT="50" CONTENT="de" WC="1.00" CC="00"/>
						<SP ID="P29_SP00204" HPOS="1378" VPOS="3226" WIDTH="36"/>
						<String ID="P29_ST00231" HPOS="1414" VPOS="3177" WIDTH="103" HEIGHT="33" CONTENT="son" WC="1.00" CC="000"/>
						<SP ID="P29_SP00205" HPOS="1517" VPOS="3226" WIDTH="31"/>
						<String ID="P29_ST00232" HPOS="1548" VPOS="3160" WIDTH="284" HEIGHT="69" CONTENT="triomphe" WC="1.00" CC="02000000"/>
						<SP ID="P29_SP00206" HPOS="1832" VPOS="3229" WIDTH="35"/>
						<String ID="P29_ST00233" HPOS="1867" VPOS="3165" WIDTH="28" HEIGHT="45" CONTENT="à" WC="0.81" CC="1"/>
						<SP ID="P29_SP00207" HPOS="1895" VPOS="3229" WIDTH="36"/>
						<String ID="P29_ST00234" HPOS="1931" VPOS="3161" WIDTH="111" HEIGHT="49" CONTENT="Lon" SUBS_TYPE="HypPart1" SUBS_CONTENT="Londres," WC="0.99" CC="050"/>
						<HYP HPOS="2042" VPOS="3161" WIDTH="36" CONTENT="-"/>
					</TextLine>
					<TextLine ID="P29_TL00027" HPOS="111" VPOS="3227" WIDTH="1964" HEIGHT="75">
						<String ID="P29_ST00235" HPOS="111" VPOS="3227" WIDTH="126" HEIGHT="64" CONTENT="dres," SUBS_TYPE="HypPart2" SUBS_CONTENT="Londres," WC="0.99" CC="04010"/>
						<SP ID="P29_SP00208" HPOS="237" VPOS="3291" WIDTH="29"/>
						<String ID="P29_ST00236" HPOS="266" VPOS="3235" WIDTH="26" HEIGHT="46" CONTENT="à" WC="0.43" CC="5"/>
						<SP ID="P29_SP00209" HPOS="292" VPOS="3291" WIDTH="26"/>
						<String ID="P29_ST00237" HPOS="318" VPOS="3234" WIDTH="48" HEIGHT="48" CONTENT="la" WC="1.00" CC="00"/>
						<SP ID="P29_SP00210" HPOS="366" VPOS="3291" WIDTH="33"/>
						<String ID="P29_ST00238" HPOS="399" VPOS="3234" WIDTH="142" HEIGHT="50" CONTENT="suite" WC="0.99" CC="05200"/>
						<SP ID="P29_SP00211" HPOS="541" VPOS="3291" WIDTH="35"/>
						<String ID="P29_ST00239" HPOS="576" VPOS="3235" WIDTH="67" HEIGHT="51" CONTENT="de" WC="1.00" CC="00"/>
						<SP ID="P29_SP00212" HPOS="643" VPOS="3291" WIDTH="28"/>
						<String ID="P29_ST00240" HPOS="671" VPOS="3251" WIDTH="85" HEIGHT="35" CONTENT="ses" WC="1.00" CC="000"/>
						<SP ID="P29_SP00213" HPOS="756" VPOS="3291" WIDTH="29"/>
						<String ID="P29_ST00241" HPOS="785" VPOS="3234" WIDTH="290" HEIGHT="52" CONTENT="brillantes" WC="1.00" CC="0030350000"/>
						<SP ID="P29_SP00214" HPOS="1075" VPOS="3291" WIDTH="42"/>
						<String ID="P29_ST00242" HPOS="1117" VPOS="3239" WIDTH="188" HEIGHT="63" CONTENT="étapes" WC="1.00" CC="000000"/>
						<SP ID="P29_SP00215" HPOS="1305" VPOS="3302" WIDTH="34"/>
						<String ID="P29_ST00243" HPOS="1339" VPOS="3251" WIDTH="107" HEIGHT="35" CONTENT="aux" WC="1.00" CC="000"/>
						<SP ID="P29_SP00216" HPOS="1446" VPOS="3302" WIDTH="33"/>
						<String ID="P29_ST00244" HPOS="1479" VPOS="3236" WIDTH="248" HEIGHT="60" CONTENT="Italiens," WC="1.00" CC="000300000"/>
						<SP ID="P29_SP00217" HPOS="1727" VPOS="3302" WIDTH="31"/>
						<String ID="P29_ST00245" HPOS="1758" VPOS="3253" WIDTH="69" HEIGHT="34" CONTENT="en" WC="1.00" CC="00"/>
						<SP ID="P29_SP00218" HPOS="1827" VPOS="3302" WIDTH="34"/>
						<String ID="P29_ST00246" HPOS="1861" VPOS="3235" WIDTH="136" HEIGHT="51" CONTENT="1826" WC="0.66" CC="0355"/>
						<SP ID="P29_SP00219" HPOS="1997" VPOS="3302" WIDTH="26"/>
						<String ID="P29_ST00247" HPOS="2023" VPOS="3248" WIDTH="52" HEIGHT="36" CONTENT="et" WC="0.78" CC="04"/>
					</TextLine>
					<TextLine ID="P29_TL00028" HPOS="117" VPOS="3302" WIDTH="1958" HEIGHT="78">
						<String ID="P29_ST00248" HPOS="117" VPOS="3302" WIDTH="139" HEIGHT="69" CONTENT="1828," WC="0.36" CC="76853"/>
						<SP ID="P29_SP00220" HPOS="256" VPOS="3371" WIDTH="28"/>
						<String ID="P29_ST00249" HPOS="284" VPOS="3309" WIDTH="48" HEIGHT="50" CONTENT="la" WC="1.00" CC="00"/>
						<SP ID="P29_SP00221" HPOS="332" VPOS="3371" WIDTH="34"/>
						<String ID="P29_ST00250" HPOS="366" VPOS="3309" WIDTH="212" HEIGHT="71" CONTENT="Sontag" WC="0.98" CC="000000"/>
						<SP ID="P29_SP00222" HPOS="578" VPOS="3380" WIDTH="41"/>
						<String ID="P29_ST00251" HPOS="619" VPOS="3311" WIDTH="241" HEIGHT="51" CONTENT="n'aurait" WC="0.99" CC="00264301"/>
						<SP ID="P29_SP00223" HPOS="860" VPOS="3380" WIDTH="33"/>
						<String ID="P29_ST00252" HPOS="893" VPOS="3329" WIDTH="98" HEIGHT="51" CONTENT="pas" WC="1.00" CC="000"/>
						<SP ID="P29_SP00224" HPOS="991" VPOS="3380" WIDTH="30"/>
						<String ID="P29_ST00253" HPOS="1021" VPOS="3315" WIDTH="84" HEIGHT="47" CONTENT="été" WC="1.00" CC="000"/>
						<SP ID="P29_SP00225" HPOS="1105" VPOS="3380" WIDTH="46"/>
						<String ID="P29_ST00254" HPOS="1151" VPOS="3311" WIDTH="268" HEIGHT="51" CONTENT="sollicitée" WC="1.00" CC="0000000020"/>
						<SP ID="P29_SP00226" HPOS="1419" VPOS="3380" WIDTH="44"/>
						<String ID="P29_ST00255" HPOS="1463" VPOS="3314" WIDTH="65" HEIGHT="48" CONTENT="de" WC="0.98" CC="00"/>
						<SP ID="P29_SP00227" HPOS="1528" VPOS="3380" WIDTH="39"/>
						<String ID="P29_ST00256" HPOS="1567" VPOS="3314" WIDTH="304" HEIGHT="66" CONTENT="reparaître" WC="0.99" CC="0007501030"/>
						<SP ID="P29_SP00228" HPOS="1871" VPOS="3380" WIDTH="36"/>
						<String ID="P29_ST00257" HPOS="1907" VPOS="3328" WIDTH="95" HEIGHT="34" CONTENT="sur" WC="0.97" CC="034"/>
						<SP ID="P29_SP00229" HPOS="2002" VPOS="3380" WIDTH="26"/>
						<String ID="P29_ST00258" HPOS="2028" VPOS="3311" WIDTH="47" HEIGHT="50" CONTENT="la" WC="0.69" CC="60"/>
					</TextLine>
					<TextLine ID="P29_TL00029" HPOS="112" VPOS="3384" WIDTH="1961" HEIGHT="71">
						<String ID="P29_ST00259" HPOS="112" VPOS="3384" WIDTH="141" HEIGHT="48" CONTENT="scène" WC="0.98" CC="70170"/>
						<SP ID="P29_SP00230" HPOS="253" VPOS="3432" WIDTH="39"/>
						<String ID="P29_ST00260" HPOS="292" VPOS="3385" WIDTH="96" HEIGHT="67" CONTENT="qui" WC="0.97" CC="250"/>
						<SP ID="P29_SP00231" HPOS="388" VPOS="3452" WIDTH="34"/>
						<String ID="P29_ST00261" HPOS="422" VPOS="3386" WIDTH="145" HEIGHT="51" CONTENT="avait" WC="1.00" CC="00000"/>
						<SP ID="P29_SP00232" HPOS="567" VPOS="3452" WIDTH="24"/>
						<String ID="P29_ST00262" HPOS="591" VPOS="3390" WIDTH="263" HEIGHT="47" CONTENT="consacré" WC="0.99" CC="10000154"/>
						<SP ID="P29_SP00233" HPOS="854" VPOS="3452" WIDTH="34"/>
						<String ID="P29_ST00263" HPOS="888" VPOS="3404" WIDTH="102" HEIGHT="33" CONTENT="son" WC="1.00" CC="000"/>
						<SP ID="P29_SP00234" HPOS="990" VPOS="3452" WIDTH="34"/>
						<String ID="P29_ST00264" HPOS="1024" VPOS="3385" WIDTH="363" HEIGHT="52" CONTENT="merveilleux" WC="1.00" CC="00600022008"/>
						<SP ID="P29_SP00235" HPOS="1387" VPOS="3452" WIDTH="32"/>
						<String ID="P29_ST00265" HPOS="1419" VPOS="3389" WIDTH="175" HEIGHT="48" CONTENT="talent" WC="0.99" CC="105000"/>
						<SP ID="P29_SP00236" HPOS="1594" VPOS="3452" WIDTH="26"/>
						<String ID="P29_ST00266" HPOS="1620" VPOS="3389" WIDTH="17" HEIGHT="48" CONTENT="?" WC="1.00" CC="0"/>
						<SP ID="P29_SP00237" HPOS="1637" VPOS="3452" WIDTH="44"/>
						<String ID="P29_ST00267" HPOS="1681" VPOS="3385" WIDTH="134" HEIGHT="53" CONTENT="Cela" WC="0.98" CC="5010"/>
						<SP ID="P29_SP00238" HPOS="1815" VPOS="3452" WIDTH="31"/>
						<String ID="P29_ST00268" HPOS="1846" VPOS="3404" WIDTH="90" HEIGHT="33" CONTENT="me" WC="1.00" CC="00"/>
						<SP ID="P29_SP00239" HPOS="1936" VPOS="3452" WIDTH="40"/>
						<String ID="P29_ST00269" HPOS="1976" VPOS="3404" WIDTH="65" HEIGHT="51" CONTENT="pa" SUBS_TYPE="HypPart1" SUBS_CONTENT="paraissait" WC="0.99" CC="00"/>
						<HYP HPOS="2041" VPOS="3404" WIDTH="32" CONTENT="-"/>
					</TextLine>
					<TextLine ID="P29_TL00030" HPOS="112" VPOS="3455" WIDTH="1369" HEIGHT="76">
						<String ID="P29_ST00270" HPOS="112" VPOS="3455" WIDTH="196" HEIGHT="56" CONTENT="raissait" SUBS_TYPE="HypPart2" SUBS_CONTENT="paraissait" WC="1.00" CC="70002000"/>
						<SP ID="P29_SP00240" HPOS="308" VPOS="3511" WIDTH="19"/>
						<String ID="P29_ST00271" HPOS="327" VPOS="3461" WIDTH="369" HEIGHT="70" CONTENT="improbable." WC="1.00" CC="05000000003"/>
						<SP ID="P29_SP00241" HPOS="696" VPOS="3531" WIDTH="29"/>
						<String ID="P29_ST00272" HPOS="725" VPOS="3464" WIDTH="63" HEIGHT="49" CONTENT="Je" WC="1.00" CC="00"/>
						<SP ID="P29_SP00242" HPOS="788" VPOS="3531" WIDTH="24"/>
						<String ID="P29_ST00273" HPOS="812" VPOS="3462" WIDTH="277" HEIGHT="52" CONTENT="cherchai." WC="0.99" CC="300133120"/>
						<SP ID="P29_SP00243" HPOS="1089" VPOS="3531" WIDTH="35"/>
						<String ID="P29_ST00274" HPOS="1124" VPOS="3462" WIDTH="102" HEIGHT="52" CONTENT="J'ai" WC="0.98" CC="0252"/>
						<SP ID="P29_SP00244" HPOS="1226" VPOS="3531" WIDTH="35"/>
						<String ID="P29_ST00275" HPOS="1261" VPOS="3467" WIDTH="220" HEIGHT="47" CONTENT="trouvé." WC="1.00" CC="0017000"/>
					</TextLine>
					<TextLine ID="P29_TL00031" HPOS="170" VPOS="3531" WIDTH="1903" HEIGHT="76">
						<String ID="P29_ST00276" HPOS="170" VPOS="3531" WIDTH="131" HEIGHT="56" CONTENT="Mais" WC="0.96" CC="9007"/>
						<SP ID="P29_SP00245" HPOS="301" VPOS="3587" WIDTH="24"/>
						<String ID="P29_ST00277" HPOS="325" VPOS="3555" WIDTH="143" HEIGHT="50" CONTENT="pour" WC="0.97" CC="0065"/>
						<SP ID="P29_SP00246" HPOS="468" VPOS="3605" WIDTH="23"/>
						<String ID="P29_ST00278" HPOS="491" VPOS="3542" WIDTH="289" HEIGHT="65" CONTENT="présenter" WC="1.00" CC="030000303"/>
						<SP ID="P29_SP00247" HPOS="780" VPOS="3607" WIDTH="34"/>
						<String ID="P29_ST00279" HPOS="814" VPOS="3555" WIDTH="92" HEIGHT="34" CONTENT="ma" WC="1.00" CC="00"/>
						<SP ID="P29_SP00248" HPOS="906" VPOS="3607" WIDTH="32"/>
						<String ID="P29_ST00280" HPOS="938" VPOS="3540" WIDTH="316" HEIGHT="63" CONTENT="trouvaille," WC="0.99" CC="35060030500"/>
						<SP ID="P29_SP00249" HPOS="1254" VPOS="3607" WIDTH="28"/>
						<String ID="P29_ST00281" HPOS="1282" VPOS="3538" WIDTH="34" HEIGHT="50" CONTENT="il" WC="0.79" CC="40"/>
						<SP ID="P29_SP00250" HPOS="1316" VPOS="3607" WIDTH="29"/>
						<String ID="P29_ST00282" HPOS="1345" VPOS="3555" WIDTH="88" HEIGHT="33" CONTENT="me" WC="1.00" CC="00"/>
						<SP ID="P29_SP00251" HPOS="1433" VPOS="3607" WIDTH="37"/>
						<String ID="P29_ST00283" HPOS="1470" VPOS="3537" WIDTH="118" HEIGHT="52" CONTENT="faut" WC="0.99" CC="2012"/>
						<SP ID="P29_SP00252" HPOS="1588" VPOS="3607" WIDTH="19"/>
						<String ID="P29_ST00284" HPOS="1607" VPOS="3540" WIDTH="136" HEIGHT="65" CONTENT="jeter" WC="0.99" CC="40003"/>
						<SP ID="P29_SP00253" HPOS="1743" VPOS="3607" WIDTH="25"/>
						<String ID="P29_ST00285" HPOS="1768" VPOS="3555" WIDTH="78" HEIGHT="34" CONTENT="un" WC="0.99" CC="00"/>
						<SP ID="P29_SP00254" HPOS="1846" VPOS="3607" WIDTH="38"/>
						<String ID="P29_ST00286" HPOS="1884" VPOS="3538" WIDTH="189" HEIGHT="69" CONTENT="rapide" WC="1.00" CC="000100"/>
					</TextLine>
					<TextLine ID="P29_TL00032" HPOS="115" VPOS="3612" WIDTH="1310" HEIGHT="62">
						<String ID="P29_ST00287" HPOS="115" VPOS="3612" WIDTH="170" HEIGHT="62" CONTENT="regard" WC="0.98" CC="712050"/>
						<SP ID="P29_SP00255" HPOS="285" VPOS="3674" WIDTH="28"/>
						<String ID="P29_ST00288" HPOS="313" VPOS="3631" WIDTH="92" HEIGHT="33" CONTENT="sur" WC="0.97" CC="062"/>
						<SP ID="P29_SP00256" HPOS="405" VPOS="3674" WIDTH="33"/>
						<String ID="P29_ST00289" HPOS="438" VPOS="3615" WIDTH="78" HEIGHT="50" CONTENT="les" WC="1.00" CC="000"/>
						<SP ID="P29_SP00257" HPOS="516" VPOS="3674" WIDTH="27"/>
						<String ID="P29_ST00290" HPOS="543" VPOS="3615" WIDTH="202" HEIGHT="52" CONTENT="débuts" WC="0.99" CC="010600"/>
						<SP ID="P29_SP00258" HPOS="745" VPOS="3674" WIDTH="34"/>
						<String ID="P29_ST00291" HPOS="779" VPOS="3616" WIDTH="65" HEIGHT="51" CONTENT="de" WC="1.00" CC="00"/>
						<SP ID="P29_SP00259" HPOS="844" VPOS="3674" WIDTH="24"/>
						<String ID="P29_ST00292" HPOS="868" VPOS="3616" WIDTH="51" HEIGHT="48" CONTENT="la" WC="0.77" CC="40"/>
						<SP ID="P29_SP00260" HPOS="919" VPOS="3674" WIDTH="25"/>
						<String ID="P29_ST00293" HPOS="944" VPOS="3615" WIDTH="215" HEIGHT="50" CONTENT="célèbre" WC="0.99" CC="0160020"/>
						<SP ID="P29_SP00261" HPOS="1159" VPOS="3674" WIDTH="36"/>
						<String ID="P29_ST00294" HPOS="1195" VPOS="3613" WIDTH="230" HEIGHT="51" CONTENT="Rosine." WC="1.00" CC="0300400"/>
					</TextLine>
					<TextLine ID="P29_TL00033" HPOS="169" VPOS="3681" WIDTH="1903" HEIGHT="78">
						<String ID="P29_ST00295" HPOS="169" VPOS="3681" WIDTH="140" HEIGHT="56" CONTENT="C'est" WC="0.99" CC="60000"/>
						<SP ID="P29_SP00262" HPOS="309" VPOS="3737" WIDTH="18"/>
						<String ID="P29_ST00296" HPOS="327" VPOS="3688" WIDTH="45" HEIGHT="51" CONTENT="le" WC="0.81" CC="30"/>
						<SP ID="P29_SP00263" HPOS="372" VPOS="3739" WIDTH="35"/>
						<String ID="P29_ST00297" HPOS="407" VPOS="3693" WIDTH="57" HEIGHT="49" CONTENT="15" WC="0.49" CC="46"/>
						<SP ID="P29_SP00264" HPOS="464" VPOS="3742" WIDTH="16"/>
						<String ID="P29_ST00298" HPOS="480" VPOS="3690" WIDTH="120" HEIGHT="67" CONTENT="juin" WC="0.99" CC="3100"/>
						<SP ID="P29_SP00265" HPOS="600" VPOS="3757" WIDTH="37"/>
						<String ID="P29_ST00299" HPOS="637" VPOS="3691" WIDTH="134" HEIGHT="51" CONTENT="1826" WC="0.62" CC="0355"/>
						<SP ID="P29_SP00266" HPOS="771" VPOS="3757" WIDTH="28"/>
						<String ID="P29_ST00300" HPOS="799" VPOS="3691" WIDTH="182" HEIGHT="68" CONTENT="queM" WC="0.84" CC="0600"/>
						<String ID="P29_ST00301" HPOS="988" VPOS="3690" WIDTH="44" HEIGHT="30" CONTENT="lle" STYLE="superscript" WC="0.91" CC="020"/>
						<SP ID="P29_SP00267" HPOS="1032" VPOS="3759" WIDTH="26"/>
						<String ID="P29_ST00302" HPOS="1058" VPOS="3690" WIDTH="233" HEIGHT="68" CONTENT="Sontag," WC="0.92" CC="0202000"/>
						<SP ID="P29_SP00268" HPOS="1291" VPOS="3759" WIDTH="25"/>
						<String ID="P29_ST00303" HPOS="1316" VPOS="3704" WIDTH="206" HEIGHT="36" CONTENT="venant" WC="1.00" CC="000000"/>
						<SP ID="P29_SP00269" HPOS="1522" VPOS="3759" WIDTH="23"/>
						<String ID="P29_ST00304" HPOS="1545" VPOS="3691" WIDTH="64" HEIGHT="49" CONTENT="de" WC="1.00" CC="00"/>
						<SP ID="P29_SP00270" HPOS="1609" VPOS="3759" WIDTH="28"/>
						<String ID="P29_ST00305" HPOS="1637" VPOS="3690" WIDTH="210" HEIGHT="66" CONTENT="Berlin," WC="0.99" CC="0044002"/>
						<SP ID="P29_SP00271" HPOS="1847" VPOS="3759" WIDTH="23"/>
						<String ID="P29_ST00306" HPOS="1870" VPOS="3693" WIDTH="71" HEIGHT="50" CONTENT="où" WC="0.81" CC="30"/>
						<SP ID="P29_SP00272" HPOS="1941" VPOS="3759" WIDTH="29"/>
						<String ID="P29_ST00307" HPOS="1970" VPOS="3692" WIDTH="102" HEIGHT="51" CONTENT="elle" WC="0.99" CC="0031"/>
					</TextLine>
					<TextLine ID="P29_TL00034" HPOS="113" VPOS="3758" WIDTH="1959" HEIGHT="77">
						<String ID="P29_ST00308" HPOS="113" VPOS="3758" WIDTH="126" HEIGHT="52" CONTENT="avait" WC="0.97" CC="75420"/>
						<SP ID="P29_SP00273" HPOS="239" VPOS="3810" WIDTH="29"/>
						<String ID="P29_ST00309" HPOS="268" VPOS="3766" WIDTH="80" HEIGHT="49" CONTENT="été" WC="1.00" CC="000"/>
						<SP ID="P29_SP00274" HPOS="348" VPOS="3815" WIDTH="36"/>
						<String ID="P29_ST00310" HPOS="384" VPOS="3766" WIDTH="298" HEIGHT="68" CONTENT="applaudie" WC="1.00" CC="000003000"/>
						<SP ID="P29_SP00275" HPOS="682" VPOS="3834" WIDTH="27"/>
						<String ID="P29_ST00311" HPOS="709" VPOS="3780" WIDTH="53" HEIGHT="37" CONTENT="et" WC="0.97" CC="00"/>
						<SP ID="P29_SP00276" HPOS="762" VPOS="3834" WIDTH="33"/>
						<String ID="P29_ST00312" HPOS="795" VPOS="3770" WIDTH="342" HEIGHT="61" CONTENT="couronnée," WC="0.99" CC="4076002000"/>
						<SP ID="P29_SP00277" HPOS="1137" VPOS="3834" WIDTH="34"/>
						<String ID="P29_ST00313" HPOS="1171" VPOS="3784" WIDTH="55" HEIGHT="33" CONTENT="se" WC="1.00" CC="00"/>
						<SP ID="P29_SP00278" HPOS="1226" VPOS="3834" WIDTH="38"/>
						<String ID="P29_ST00314" HPOS="1264" VPOS="3770" WIDTH="260" HEIGHT="64" CONTENT="présenta" WC="1.00" CC="05400000"/>
						<SP ID="P29_SP00279" HPOS="1524" VPOS="3834" WIDTH="35"/>
						<String ID="P29_ST00315" HPOS="1559" VPOS="3784" WIDTH="104" HEIGHT="34" CONTENT="aux" WC="0.98" CC="050"/>
						<SP ID="P29_SP00280" HPOS="1663" VPOS="3834" WIDTH="34"/>
						<String ID="P29_ST00316" HPOS="1697" VPOS="3766" WIDTH="268" HEIGHT="69" CONTENT="suffrages" WC="0.99" CC="006931303"/>
						<SP ID="P29_SP00281" HPOS="1965" VPOS="3835" WIDTH="33"/>
						<String ID="P29_ST00317" HPOS="1998" VPOS="3768" WIDTH="74" HEIGHT="51" CONTENT="du" WC="0.82" CC="03"/>
					</TextLine>
				</TextBlock>
			</PrintSpace>
		</Page>
	</Layout>
</alto>
