2867 4150
676 205 364 88 LULLY,
1108 205 204 69 FILS
1377 205 133 69 DE
1578 205 490 70 MEUNIER

2543 207 94 69 6i

93 352 230 60 lement
352 352 72 60 de
454 355 292 80 quelques
774 355 306 58 centaines
1106 354 73 58 de
1202 352 221 61 mètres
1451 355 99 58 des
1579 355 377 81 Ognissanti.
1987 355 316 58 Peut-être
2332 355 314 60 Gabriello

96 443 96 59 del
229 445 138 59 Sera
402 443 224 61 était-il
661 460 163 44 mort
861 445 144 61 dans
1039 448 360 58 l'intervalle
1433 462 58 44 et
1527 448 284 58 Lorenzo
1865 448 238 58 avait-il
2136 445 219 61 hérité.
2394 446 88 59 Ce
2538 449 105 79 qui

96 549 85 44 est
217 535 249 71 certain,
503 535 141 56 c'est
681 537 188 78 qu'on
905 538 151 70 voit,
1094 534 119 61 fort
1256 535 139 60 bien
1448 535 274 83 indiqué,
1758 558 100 38 sur
1905 538 82 58 les
2020 539 185 57 vieux
2249 538 171 81 plans
2469 537 74 59 de
2591 538 55 57 la

97 624 184 71 Ville,
332 624 494 80 l'emplacement
877 627 72 59 de
998 628 298 80 plusieurs
1345 629 267 59 moulins
1661 650 101 38 sur
1811 629 54 59 la
1918 628 183 81 berge
2154 629 73 59 de
2275 629 242 73 l'Arno,
2569 651 74 37 au

94 714 122 58 lieu
253 713 88 60 dit
699 714 63 59 II
884 716 174 57 Porto
694 713 30 60 à
758 717 374 60 mi-chemin
1169 732 167 45 entre
1369 720 82 57 les
1486 720 358 80 Ognissanti
1886 735 57 43 et
1997 721 178 57 Santa
2225 721 214 58 Lucia.
2478 720 166 58 C'est

96 820 463 67 apparemment
595 805 144 61 dans
775 829 81 35 un
893 807 72 59 de
1001 830 94 37 ces
1129 810 286 72 moulins,
1471 810 193 80 parmi
1716 811 55 57 le
1821 810 163 58 bruit
2042 810 82 59 du
2176 810 195 59 fleuve
2429 808 217 61 faisant

97 911 250 43 tourner
380 896 83 58 les
496 896 240 60 lourdes
770 919 174 38 roues
978 897 73 60 de
1086 899 147 73 bois,
1287 920 118 60 que
1449 897 258 61 s'écoula
1741 900 298 60 l'enfance
2086 900 72 60 de
2185 902 459 80 Jean-Baptiste

101 986 200 80 Lully.
327 982 16 28 1

1825 1094 636 60 Henry
2461 1094 1 60 PrunièRES.

259 2929 124 37 Faute
421 2927 47 39 de
504 2936 141 45 temps,
681 2929 38 49 je
757 2929 80 38 n'ai
874 2943 54 38 pu
962 2927 201 40 recueillir
1193 2929 174 38 d'autres
1399 2929 240 38 documents
1670 2928 252 50 significatifs
1953 2943 67 25 sur
2051 2927 35 42 le
2122 2932 91 51 père
2249 2931 47 38 de
2330 2928 133 54 Lully.
2500 2929 35 40 Il
2564 2929 86 40 faut

94 3000 148 25 avouer
266 3000 75 37 que
364 2988 93 37 c'est
479 2986 87 51 déjà
589 2985 201 40 merveille
813 2989 127 49 qu'un
965 2985 166 40 humble
1154 2987 183 38 meunier
1358 2987 55 38 ait
1434 2985 111 40 laissé
1567 2996 86 30 tant
1676 2987 48 39 de
1747 2997 125 29 traces
1893 2988 48 38 de
1963 3002 71 24 son
2064 2988 208 47 existence,
2296 2988 30 38 si
2358 2986 83 40 l'on
2474 3002 123 37 songe
2629 2992 21 36 à

95 3053 88 29 tout
207 3058 42 25 ce
273 3046 143 49 qu'ont
438 3044 149 39 détruit
609 3043 53 40 les
685 3045 204 38 incendies
910 3054 38 29 et
970 3043 53 40 les
1045 3045 272 39 inondations.
1341 3045 77 51 J'ai
1440 3048 141 36 trouvé
1603 3044 35 39 le
1661 3059 96 25 nom
1782 3046 48 38 de
1853 3047 169 37 Loren%o
2043 3046 110 38 Lulli
2175 3046 97 38 dans
2300 3044 53 40 les
2385 3056 178 43 comptes
2595 3048 54 37 du

95 3103 128 49 grand
246 3103 79 37 duc
347 3103 48 37 de
418 3103 186 38 Toscane
629 3103 270 53 (Depositeria
924 3117 77 37 397
1026 3102 31 39 1°
1094 3105 94 48 160)
1216 3105 20 36 à
1259 3102 36 39 la
1317 3104 90 37 date
1429 3103 55 38 du
1508 3103 101 39 mois
1631 3104 48 37 de
1701 3105 82 37 mai
1813 3107 118 47 1665.
1959 3102 35 39 Il
2016 3113 55 29 est
2092 3102 162 53 qualifié
2276 3119 66 24 sur
2365 3118 42 25 ce
2429 3105 221 38 document

283 3160 41 38 di
346 3161 192 38 credenxa
541 3191 9 16 ,
574 3170 104 29 sorte
700 3160 195 39 d'officier
916 3162 48 37 de
987 3160 171 47 bouche,
1182 3160 185 40 fonction
1390 3162 66 38 des
1477 3160 89 54 plus
1590 3162 206 38 modestes.
1823 3162 172 52 Presque
2016 3162 203 38 sûrement
2250 3160 28 40 il
2300 3176 49 24 ne
2371 3162 116 49 s'agit
2508 3177 68 39 pas
2598 3163 52 38 ici

94 3219 54 37 du
181 3221 92 51 père
303 3219 55 37 du
391 3219 209 47 musicien,
624 3220 101 37 mais
756 3217 134 55 plutôt
922 3220 98 38 d'un
1053 3218 100 40 frère
1185 3220 48 38 de
1266 3218 300 40 Giambattista.
1590 3221 42 36 A
1654 3220 133 38 moins
1809 3234 77 37 que
1908 3234 43 25 ce
1974 3235 49 23 ne
2045 3221 76 37 soit
2143 3234 55 24 un
2225 3220 150 38 certain
2397 3222 180 37 Lorenzo
2610 3221 40 37 di

95 3277 219 38 Benedetto
340 3275 104 39 Lulli
468 3287 106 28 mort
597 3291 47 24 en
673 3280 106 46 1684
807 3277 212 50 (Archives
1040 3278 49 38 de
1122 3280 76 37 San
1233 3278 215 49 Frediano)
1474 3278 69 51 qui
1576 3292 22 25 a
1630 3281 116 46 égaré
1778 3276 229 56 longtemps
2040 3292 81 25 mes
2153 3279 243 38 recherches.
2427 3279 104 38 C'est
2562 3292 88 25 sans

94 3334 123 38 doute
249 3334 47 38 de
329 3348 41 25 ce
403 3336 180 38 Lorenzo
614 3336 183 37 inconnu
832 3337 126 50 qu'est
990 3334 81 40 fille
1102 3334 37 40 la
1215 3336 220 39 Lessandra
1466 3336 40 38 di
1530 3338 181 36 Lorenzo
1734 3334 108 40 Lulli
1865 3336 149 54 sepolta
2046 3337 41 37 in
2112 3336 233 49 Ognissanti
2411 3334 33 40 le
2470 3352 51 33 24
2545 3350 105 24 mars

101 3395 119 47 1693.
247 3392 203 38 Peut-être
480 3403 157 29 sont-ce
668 3392 37 39 là
737 3394 65 37 des
835 3394 158 37 cousins
1015 3394 55 37 du
1092 3394 209 47 musicien,
1327 3393 98 39 mais
1452 3395 39 49 je
1524 3394 81 38 n'ai
1626 3408 56 39 pu
1705 3395 162 49 jusqu'à
1889 3398 156 49 présent
2068 3408 47 24 en
2139 3394 212 38 découvrir
2371 3392 37 39 la
2430 3407 158 39 preuve.
2615 3392 35 39 Il

95 3458 56 29 est
172 3463 49 24 en
245 3459 89 29 tous
356 3463 62 25 cas
440 3450 193 50 singulier
655 3451 48 38 de
726 3460 198 30 constater
957 3453 93 50 qu'à
1081 3451 37 40 la
1151 3453 131 38 même
1313 3455 168 50 époque,
1505 3466 51 24 au
1580 3452 133 38 moins
1734 3453 103 37 deux
1872 3453 183 38 hommes
2086 3449 220 55 s'appelant
2337 3453 180 36 Lorenzo
2541 3449 108 40 Lulli

96 3507 175 38 vivaient
304 3510 20 35 à
360 3507 204 40 Florence.
590 3510 55 38 Ce
677 3508 71 40 fait
779 3523 153 39 prouve
964 3512 21 36 à
1017 3508 92 53 quel
1141 3510 116 53 point
1289 3524 43 24 ce
1358 3524 98 24 nom
1488 3510 97 38 était
1617 3523 196 25 commun
1846 3524 48 25 en
1917 3511 186 37 Toscane
2126 3523 49 24 au
2199 3511 122 35 XVII
2326 3514 12 13 e
2359 3508 126 39 siècle.
2511 3511 64 36 On
2600 3523 49 25 ne

94 3565 148 38 saurait
265 3565 105 39 donc
393 3566 195 39 attribuer
610 3581 93 25 avec
726 3567 195 39 certitude
944 3581 50 24 au
1017 3570 90 50 père
1130 3569 54 37 du
1208 3568 195 39 musicien
1427 3582 77 38 que
1526 3566 54 40 les
1602 3577 103 29 actes
1729 3571 52 35 où
1814 3567 28 39 il
1874 3577 54 29 est
1961 3567 216 39 dénommé
2201 3585 8 21 :
2241 3567 180 47 Lorenzo,
2446 3566 40 38 di
2507 3567 143 38 Maldo

96 3623 121 38 Lulli.
