2867 4150
239 248 103 68 66

1327 246 61 67 S.
1457 246 53 67 I.
1581 246 110 67 M.

222 396 51 53 la
302 393 101 56 fois
435 414 66 34 en
548 392 178 55 vitrail
770 392 256 74 byzantin
1071 404 52 42 et
1170 411 64 33 en
1282 391 137 72 tapis
1464 391 274 67 d'Orient,
1785 401 139 42 cette
1969 388 131 55 toile
2142 387 197 55 flambe
2382 387 69 53 de
2492 397 182 43 toutes
2705 387 77 52 les

223 472 306 75 sanglantes
558 471 189 53 lueurs
778 471 69 52 de
888 490 100 33 son
1032 489 230 53 paysage
1305 467 156 56 irréel
1490 481 53 41 et
1586 468 184 75 stylisé
1807 467 132 52 mais
1969 486 56 34 se
2056 466 356 54 désintéresse
2443 463 339 55 résolument

224 571 59 33 ce
314 550 92 75 qui
438 569 53 33 se
521 567 154 53 passe
704 547 27 52 à
760 546 405 54 l'avant-scène.

380 626 196 67 Hélas,
596 625 50 53 le
665 625 162 53 décor
848 639 52 39 et
918 625 76 53 les
1018 644 366 53 personnages
1403 625 255 72 ignorent
1677 623 122 54 bien
1822 622 300 74 davantage
2147 640 192 35 encore
2363 640 57 34 ce
2439 621 94 73 qui
2553 640 56 33 se
2630 639 155 53 passe

227 726 73 33 un
325 725 106 52 peu
457 702 124 74 plus
604 702 131 67 loin,
754 702 218 55 au-delà
991 702 68 53 de
1081 701 50 54 la
1148 721 204 53 rampe,
1372 702 134 53 dans
1531 702 47 52 le
1602 701 216 53 sombre
1837 700 183 53 vallon
2043 700 68 53 de
2141 700 334 52 l'orchestre.
2498 697 88 53 En
2611 696 174 54 vérité

222 783 28 52 à
280 795 139 40 cette
449 778 108 56 fête
586 780 69 53 de
684 780 206 71 l'esprit
919 781 75 52 où
1022 791 127 42 tous
1178 778 77 54 les
1286 778 204 73 poètes,
1522 778 257 73 peintres,
1800 777 305 72 sculpteurs
2137 788 52 41 et
2219 777 202 71 potiers
2452 776 67 53 de
2548 787 127 42 tous
2706 773 77 54 les

223 872 178 59 temps
433 871 52 41 et
514 857 68 53 de
612 868 124 41 tous
767 856 77 54 les
873 876 131 55 pays
1035 868 96 41 ont
1162 856 82 53 été
1275 856 237 66 conviés,
1545 854 262 74 Nijinsky
1836 875 28 32 a
1906 853 352 73 simplement
2299 852 185 53 oublié
2527 851 256 53 d'inviter

224 937 262 71 Debussy
513 936 10 52 !
571 935 102 53 Cet
714 933 150 54 oubli
894 955 27 32 a
952 954 69 33 eu
1050 933 76 54 les
1158 932 123 72 plus
1309 952 193 54 graves
1543 932 419 72 conséquences.
1995 932 153 52 Dans
2179 943 181 41 toutes
2390 929 77 54 les
2496 928 287 74 synthèses

223 1013 311 74 artistiques
577 1011 35 53 il
656 1008 114 56 faut
815 1031 75 33 un
933 1008 132 56 chef
1097 1011 68 52 de
1206 1009 406 54 collaboration.
1645 1008 132 60 Que
1807 1027 58 35 ce
1894 1006 131 54 chef
2045 1008 105 52 soit
2178 1008 49 52 le
2258 1007 177 74 poète,
2466 1007 49 53 le
2547 1017 239 42 metteur

223 1112 66 32 en
322 1091 175 67 scène,
529 1089 240 68 l'acteur,
801 1088 49 54 le
881 1088 211 73 peintre
1121 1108 72 32 ou
1225 1087 50 53 le
1299 1087 280 67 musicien,
1611 1106 107 52 peu
1750 1087 251 70 importe.
2035 1086 74 52 Ici
2139 1084 49 54 le
2217 1083 132 57 chef
2368 1086 69 52 de
2465 1084 49 54 la
2548 1084 209 54 collabo-

226 1169 175 53 ration
429 1187 29 32 a
487 1167 85 53 été
603 1166 228 53 d'abord
862 1164 263 74 Nijinsky
1154 1164 121 71 puis
1309 1164 86 51 M.
1428 1163 210 53 Gaston
1671 1161 269 54 Calmette
1969 1162 113 72 qui,
2113 1162 186 53 assisté
2340 1162 67 52 de
2453 1162 86 52 M.
2571 1161 216 53 Arthur

228 1248 217 71 Meyer,
490 1244 58 54 fit
591 1243 134 53 dans
767 1242 119 53 l'art
928 1243 68 51 de
1038 1242 50 52 la
1131 1242 136 52 mise
1309 1261 66 33 en
1419 1241 158 53 scène
1620 1261 74 32 un
1737 1260 152 33 assez
1931 1237 229 56 fâcheux
2203 1239 188 68 début,
2424 1239 131 52 mais
2585 1258 93 52 pas
2710 1257 76 33 un

224 1324 201 52 instant
467 1342 71 32 on
584 1340 64 33 ne
692 1338 203 54 songea
937 1318 28 53 à
1007 1317 200 54 confier
1236 1337 59 33 ce
1337 1317 113 53 rôle
1492 1336 68 34 au
1605 1317 279 52 musicien.
1918 1317 82 52 Or
2042 1316 49 53 la
2133 1316 257 73 musique
2428 1316 68 53 de
2525 1314 262 75 Debussy

224 1403 141 51 n'est
394 1418 91 54 pas
515 1398 67 53 de
613 1398 157 52 celles
800 1397 94 72 qui
938 1407 188 42 savent
1169 1394 149 54 obéir
1349 1417 13 43 ;
1407 1393 101 53 elle
1550 1393 324 55 commande
1917 1413 122 33 sans
2073 1412 144 34 cesse
2249 1406 52 40 et
2330 1394 129 52 c'est
2490 1392 102 53 elle
2622 1392 93 73 qui
2758 1411 30 34 a

222 1498 200 52 rompu
453 1476 302 73 l'équilibre
784 1474 69 52 de
882 1473 48 52 la
958 1474 311 52 charmante
1299 1472 383 72 composition.
1716 1472 159 52 Cette
1904 1483 284 41 amusante
2218 1470 304 75 stylisation
2564 1469 222 54 linéaire

223 1558 95 53 des
347 1554 260 55 attitudes
637 1553 95 53 des
763 1553 269 72 nymphes
1064 1571 67 33 ne
1160 1562 134 61 peut
1324 1552 113 51 être
1465 1550 187 73 signée
1682 1549 277 74 Debussy.
1984 1549 45 54 Il
2059 1549 92 74 n'y
2179 1568 29 33 a
2237 1568 93 54 pas
2360 1548 240 75 d'angles
2630 1549 155 71 aigus

223 1634 133 54 dans
398 1632 50 53 la
490 1630 273 73 partition.
797 1627 124 56 Elle
963 1639 83 42 est
1088 1628 161 53 écrite
1292 1647 68 34 en
1403 1627 247 67 courbes,
1681 1647 67 33 en
1793 1627 167 71 spires
1992 1625 343 69 moelleuses,
2367 1646 66 33 en
2463 1625 322 73 arabesques

224 1712 135 54 d'un
389 1709 155 75 galbe
573 1707 577 56 extraordinairement
1181 1705 374 54 harmonieux.
1588 1705 75 54 Et
1692 1704 50 53 la
1771 1705 255 74 musique
2057 1723 56 34 se
2141 1723 177 55 venge
2348 1726 11 31 :
2398 1704 131 52 c'est
2559 1703 101 53 elle
2689 1703 96 74 qui

223 1790 246 54 dénonce
491 1787 77 53 les
591 1798 178 61 gestes
792 1785 69 54 de
886 1784 389 52 marionnettes
1299 1783 94 53 des
1428 1783 294 53 danseuses
1751 1802 105 33 aux
1884 1783 253 72 poignets
2169 1783 66 52 de
2270 1782 137 67 bois,
2438 1801 104 34 aux
2570 1780 119 52 bras
2719 1799 68 33 en

224 1884 238 54 compas,
486 1864 94 74 qui
604 1883 55 33 se
683 1862 283 72 déplacent
984 1860 258 54 laminées
1262 1879 105 33 aux
1385 1859 164 53 flancs
1569 1859 134 53 d'un
1725 1878 127 36 vase
1875 1858 269 70 invisible,
2175 1858 77 54 les
2273 1857 219 73 épaules
2513 1858 67 53 de
2600 1854 111 56 face
2732 1868 54 42 et

223 1945 79 54 les
323 1943 233 53 hanches
579 1940 67 54 de
670 1939 157 74 profil
857 1940 10 52 !
904 1939 147 53 C'est
1074 1958 150 52 parce
1262 1958 107 53 que
1408 1938 49 53 la
1487 1937 235 53 mélodie
1746 1937 179 53 s'étire
1954 1956 130 34 avec
2113 1957 108 33 une
2255 1935 372 74 voluptueuse
2658 1954 96 33 sou-

223 2022 177 72 plesse
429 2019 67 53 de
527 2019 176 52 chatte
732 2036 327 34 amoureuse
1088 2036 107 54 que
1226 2034 141 35 nous
1398 2013 274 56 souffrons
1701 2014 230 53 soudain
1963 2015 68 54 de
2062 2034 137 33 nous
2241 2014 312 72 apercevoir
2581 2032 108 54 que
2731 2010 52 55 le

223 2099 135 72 long
387 2099 77 52 du
492 2116 156 52 corps
688 2095 67 54 de
779 2094 127 53 telle
928 2094 200 66 artiste,
1153 2090 256 56 filiforme
1438 2112 215 34 comme
1682 2091 75 54 les
1788 2093 162 72 petits
1981 2111 364 54 personnages
2385 2091 398 73 schématiques

223 2177 96 53 des
344 2175 179 66 rébus,
554 2173 75 53 les
660 2174 119 52 bras
810 2183 52 42 et
891 2171 76 53 les
990 2171 212 73 jambes
1233 2170 282 54 s'ouvrent
1544 2189 214 33 comme
1788 2170 77 52 les
1894 2182 191 62 quatre
2115 2169 167 53 lames
2312 2169 135 53 d'un
2482 2165 155 56 canif.
2674 2169 74 51 Im-

226 2253 447 75 pitoyablement,
693 2250 49 54 la
772 2250 257 73 partition
1060 2268 140 33 nous
1230 2248 205 73 signale
1466 2260 182 41 toutes
1677 2246 76 54 les
1785 2260 137 40 tares
1948 2248 165 53 d'une
2136 2246 307 54 réalisation
2462 2246 94 74 qui
2583 2245 85 53 n'a
2691 2265 92 53 pas

224 2345 135 41 tenu
387 2342 218 59 compte
636 2328 67 53 de
734 2347 82 34 ses
847 2325 322 55 indications
1200 2339 50 39 et
1275 2326 92 73 qui
1389 2338 93 40 eut
1502 2337 259 61 pourtant
1784 2325 84 53 été
1892 2323 366 76 inattaquable
2282 2344 92 33 sur
2397 2344 109 34 une
2532 2323 254 73 musique

226 2422 210 40 neutre.
469 2406 233 55 Comme
731 2424 85 35 ces
847 2401 110 56 fées
986 2403 365 67 redoutables,
1382 2403 136 53 dont
1549 2423 70 33 on
1664 2403 303 53 déchaînait
2006 2401 52 54 la
2097 2401 177 55 colère
2316 2420 67 35 en
2426 2400 249 55 oubliant
2717 2401 69 52 de

226 2486 77 54 les
335 2485 198 52 inviter
561 2483 26 53 à
631 2503 75 32 un
750 2481 268 73 baptême,
1051 2480 47 53 la
1141 2480 253 74 musique
1436 2480 68 52 de
1549 2480 260 72 Debussy
1851 2479 253 72 poursuit
2146 2490 125 42 tous
2307 2498 85 33 ces
2423 2478 266 73 échappés
2717 2478 70 53 de

226 2564 198 55 vitrine
455 2563 66 52 de
553 2582 99 33 son
683 2559 308 53 instinctive
1022 2578 237 33 rancune
1289 2558 68 53 de
1385 2558 241 53 créature
1658 2558 123 52 bien
1823 2558 238 53 vivante.
2094 2556 146 54 C'est
2284 2577 66 33 en
2393 2556 126 55 vain
2562 2575 106 55 que
2711 2555 76 53 les

228 2641 269 73 nymphes
547 2649 247 42 savantes
844 2638 324 53 enchaînent
1216 2635 149 53 l'une
1414 2634 27 54 à
1490 2635 192 53 l'autre
1725 2635 94 53 des
1861 2635 262 53 attitudes
2171 2635 94 72 qui
2316 2645 126 42 sont
2481 2645 189 41 autant
2719 2632 69 54 de

226 2719 248 54 citations
506 2715 75 74 (la
610 2715 266 72 Surprise,
906 2714 50 53 la
986 2713 244 67 Pudeur,
1261 2713 49 53 la
1341 2713 275 67 Dérision,
1648 2711 48 54 la
1727 2713 257 72 Frayeur,
2015 2713 51 52 le
2095 2710 210 74 Défi...)
2331 2723 54 42 et
2412 2710 131 55 c'est
2572 2732 65 31 en
2663 2711 124 52 vain

226 2815 107 55 que
375 2794 51 54 le
468 2793 168 54 déclic
676 2791 69 54 de
787 2790 147 55 leurs
975 2801 180 63 gestes
1216 2808 112 34 secs
1371 2801 201 41 tourne
1602 2809 120 33 sans
1752 2808 144 34 cesse
1939 2809 141 52 pour
2109 2808 140 34 nous
2278 2789 76 53 les
2386 2785 239 56 feuillets
2654 2787 133 54 d'un

226 2874 186 53 album
443 2870 195 74 rempli
669 2869 363 73 d'artistiques
1055 2867 418 73 reproductions
1501 2888 10 33 :
1536 2866 269 55 l'obscure
1830 2867 172 54 ironie
2031 2867 93 74 qui
2156 2878 189 42 monte
2374 2866 69 54 de
2471 2866 316 54 l'orchestre

228 2950 241 74 pendant
499 2968 106 54 que
636 2968 56 33 se
722 2946 226 55 déroule
976 2946 254 54 l'érudite
1258 2945 385 75 gymnastique
1673 2958 51 40 et
1755 2964 108 55 que
1893 2964 55 34 se
1982 2944 291 54 succèdent
2316 2944 472 73 mécaniquement

228 3029 78 53 les
336 3047 160 54 poses
528 3025 316 53 numérotés
874 3024 150 53 suffit
1059 3022 28 54 à
1115 3043 222 52 rompre
1363 3021 50 53 le
1442 3022 216 54 charme
1689 3022 11 52 !

386 3104 78 53 La
493 3102 257 73 synthèse
781 3101 68 53 de
878 3105 284 60 Daphnis
1198 3106 68 48 et
1301 3102 191 52 Chloé
1523 3096 102 70 fut,
1657 3119 67 32 au
1753 3099 284 68 contraire,
2057 3099 107 53 très
2194 3097 287 73 complète.
2509 3097 279 71 L'œuvre,

227 3181 297 67 d'ailleurs,
575 3180 141 53 avait
764 3180 85 52 été
901 3179 515 73 méthodiquement
1470 3175 329 56 échafaudée
1849 3196 92 52 par
1997 3176 48 53 le
2096 3189 238 40 metteur
2391 3196 66 33 en
2513 3176 175 67 scène,
2739 3176 49 53 le

228 3261 319 53 décorateur
590 3270 53 41 et
685 3256 50 53 le
779 3256 281 53 musicien.
1101 3256 80 52 La
1224 3256 254 71 partition
1521 3255 68 53 de
1635 3255 250 52 Maurice
1930 3254 173 54 Ravel
2146 3266 77 41 est
2268 3274 108 33 une
2418 3254 259 72 partition
2721 3254 69 54 de

228 3337 164 54 ballet
421 3349 53 39 et
506 3355 107 33 non
646 3355 76 33 un
754 3335 195 72 poème
979 3334 403 73 symphonique
1414 3331 122 74 plus
1567 3353 73 31 ou
1685 3332 178 52 moins
1908 3332 424 52 heureusement
2376 3331 101 53 mis
2520 3351 69 33 en
2632 3331 158 55 scène

229 3429 54 39 et
325 3415 121 72 plus
490 3433 73 33 ou
608 3412 178 54 moins
830 3410 314 54 fidèlement
1187 3410 202 53 traduit
1432 3410 132 52 dans
1606 3408 50 55 le
1697 3408 228 75 langage
1969 3408 292 54 silencieux
2306 3408 94 54 des
2443 3408 119 54 bras
2607 3421 51 42 et
2693 3411 97 53 des

219 3492 231 74 jambes.
483 3491 80 52 Le
593 3488 369 73 compositeur
991 3487 94 75 qui
1116 3500 80 41 est
1226 3487 66 54 de
1323 3506 54 35 sa
1408 3499 189 42 nature
1628 3486 334 55 méticuleux
1992 3499 52 42 et
2064 3487 169 71 précis
2263 3487 142 52 avait
2429 3487 107 71 pris
2560 3506 53 33 sa
2637 3487 153 54 tâche

228 3568 497 75 particulièrement
773 3586 68 32 au
897 3566 212 53 sérieux
1156 3577 55 41 et
1259 3584 57 33 sa
1363 3565 254 72 musique
1667 3576 80 41 est
1797 3575 154 42 toute
2000 3565 231 52 hérissée
2278 3563 67 54 de
2388 3576 196 60 gestes.
2628 3565 162 53 Nous

229 3647 230 55 devions
491 3646 140 52 donc
660 3643 235 54 admirer
925 3662 108 35 une
1062 3642 307 55 réalisation
1400 3640 242 73 parfaite,
1675 3662 75 32 un
1780 3642 263 71 spectacle
2072 3640 243 55 définitif
2336 3655 52 40 et
2419 3661 109 34 non
2571 3661 107 34 une
2720 3642 70 53 de
