2867 4150
205 196 99 69 8o

1285 197 63 69 S.
1420 197 52 69 I.
1543 197 106 69 M.

194 348 56 44 de
278 358 134 34 notre
439 356 72 35 art
537 344 107 48 s'est
680 345 112 47 faite
832 344 297 47 récemment
1167 362 80 44 par
1273 344 44 47 la
1343 346 230 61 musique.
1605 344 185 62 Depuis
1817 344 42 47 le
1905 343 180 48 XVIII
2088 349 52 21 me
2164 344 153 61 siècle,
2342 362 90 44 peu
2458 344 157 61 d'arts,
2637 346 120 45 chez

195 434 135 43 nous,
351 429 107 34 sont
484 434 59 28 en
571 416 201 62 progrès.
796 415 43 48 Si
870 433 118 30 nous
1013 415 200 47 voulons
1239 414 114 48 d'un
1381 415 119 66 style
1527 416 234 47 décoratif
1781 433 235 43 nouveau,
2046 415 29 46 il
2103 415 101 47 faut
2223 433 172 29 encore
2416 431 119 31 nous
2554 416 203 47 adresser

193 489 26 47 à
240 487 338 62 l'Allemagne.
609 486 394 61 L'architecture,
1032 486 407 61 l'ameublement,
1461 486 44 48 la
1525 489 232 59 tapisserie
1779 487 196 46 doivent
1994 486 236 62 s'inspirer
2248 487 77 46 des
2340 487 193 46 anciens
2550 486 208 48 modèles

195 576 118 46 pour
346 576 59 28 ne
425 576 76 45 pas
528 558 98 46 être
654 556 232 48 ridicules.
917 558 69 47 La
1013 560 215 61 musique
1254 557 177 48 seule...
1461 560 80 44 Ah
1568 556 9 49 !
1609 557 236 65 Debussy,
1873 557 109 62 quel
2006 557 177 62 raffiné,
2203 557 184 62 Dukas,
2410 557 106 64 quel
2535 558 222 60 virtuose,

195 642 47 36 et
270 642 106 34 tous
392 646 75 29 ces
478 630 182 62 jeunes,
685 628 64 47 les
767 628 166 61 Ravel,
952 628 65 48 les
1035 628 219 61 Schmitt,
1284 646 188 29 comme
1491 630 54 46 ils
1567 630 245 60 possèdent
1840 628 460 47 merveilleusement
2326 647 54 29 ce
2403 628 170 47 délicat
2589 628 168 47 métier

194 701 325 48 d'évocateurs
556 701 80 61 qui
677 699 83 46 fait
797 717 90 45 que
927 701 44 45 la
997 701 214 62 musique
1239 712 67 34 est
1333 699 41 47 le
1403 701 102 61 plus
1541 699 209 63 complet
1778 701 77 47 des
1881 712 92 36 arts
1997 698 9 48 !
2038 699 262 63 Peut-être,
2328 712 303 50 pourra-t-on
2659 701 98 47 dire

193 791 92 46 que
312 790 76 29 ces
415 772 258 62 magiciens
699 782 86 35 ont
810 783 104 50 trop
955 770 190 49 délaissé
1182 772 65 47 les
1286 772 123 47 idées
1447 773 79 62 qui
1555 774 120 45 chez
1704 773 213 62 Wagner
1953 772 209 47 forment
2199 772 27 47 à
2263 772 199 47 l'œuvre
2502 790 94 29 une
2634 784 123 35 sorte

193 845 56 46 de
277 844 256 60 charpente
561 842 373 59 indestructible,
964 842 53 47 ils
1042 854 87 35 ont
1153 854 187 35 surtout
1365 842 197 63 suggéré
1590 861 94 28 une
1709 842 297 62 atmosphère
2029 843 240 60 musicale,
2292 861 94 29 une
2406 844 247 45 ambiance
2674 844 82 61 qui

193 932 238 45 provoque
459 913 65 47 les
550 913 124 47 idées
699 924 47 34 et
773 911 66 49 les
866 913 265 63 indiquent,
1160 914 166 46 mais...
1355 911 164 63 Enfin,
1548 930 53 30 ce
1628 925 108 35 sont
1762 913 55 45 de
1840 914 170 61 grands
2030 918 195 56 artistes,
2248 924 48 36 et
2317 915 45 64 je
2383 930 115 31 vous
2518 914 41 46 le
2583 913 171 62 répète,

191 986 54 49 ils
271 985 384 62 m'apparaissent
682 997 186 34 surtout
894 1002 189 29 comme
1111 984 66 47 les
1202 984 345 62 représentants
1586 984 143 47 d'une
1769 984 189 62 période
1995 985 56 46 de
2095 986 261 46 transition.
2387 985 210 47 Demain
2639 1003 119 29 nous

193 1057 180 47 réserve
402 1057 57 46 de
489 1055 141 47 belles
654 1056 235 60 surprises.

336 1126 79 48 M.
447 1126 151 47 Henri
627 1125 220 48 Deutsch
875 1125 57 47 de
959 1125 41 47 la
1028 1124 233 48 Meurthe
1298 1143 47 29 se
1381 1126 117 60 leva,
1539 1125 199 47 derrière
1766 1125 267 47 l'immense
2061 1127 175 46 bureau
2274 1126 173 47 luisant
2489 1144 77 29 sur
2604 1126 154 64 lequel

190 1198 263 49 s'étalaient
480 1197 78 46 des
584 1197 103 61 prix
715 1196 63 47 du
805 1196 95 47 Tir
925 1214 60 29 au
1013 1195 196 64 Pigeon,
1237 1196 78 47 des
1336 1197 236 46 cendriers
1597 1214 60 28 en
1684 1196 152 47 forme
1864 1197 56 46 de
1949 1214 136 30 roues
2114 1196 177 61 d'auto,
2312 1215 65 29 un
2406 1198 352 63 coupe-cigares

191 1270 209 64 figurant
439 1286 94 28 une
576 1267 168 61 hélice,
772 1278 47 36 et
845 1280 202 34 traversa
1087 1267 43 47 la
1172 1267 129 61 pièce
1346 1267 142 47 ornée
1527 1267 58 46 de
1625 1268 151 46 beaux
1814 1267 220 47 fauteuils
2060 1285 58 29 en
2159 1270 101 45 cuir
2302 1270 198 45 havane.
2528 1267 40 47 Il
2594 1268 164 63 appela

191 1358 86 32 son
302 1339 246 49 secrétaire
574 1356 10 29 :

430 1411 78 48 Eh
538 1408 9 50 !
579 1411 106 45 bien
712 1426 258 30 avez-vous
995 1419 168 36 retenu
1191 1426 77 29 ma
1295 1408 131 62 place
1454 1426 118 44 pour
1600 1426 52 29 ce
1679 1409 90 46 soir
1792 1407 14 47 ?

335 1482 66 49 Et
421 1484 46 64 je
496 1501 78 28 me
598 1482 192 47 souvins
814 1498 91 46 que
932 1498 52 29 ce
1007 1482 108 63 jour
1143 1480 40 47 là
1211 1480 217 47 devaient
1455 1482 264 44 combattre
1762 1479 169 48 Willie
1976 1480 175 63 Lewis,
2199 1483 177 46 boxeur
2414 1482 256 48 américain
2711 1493 47 36 et

193 1553 216 64 Georges
435 1554 299 61 Carpentier,
763 1564 136 36 notre
925 1553 256 61 champion
1209 1552 224 48 national.

2093 1660 518 50 Georges
2611 1660 1 50 Casella.
