2273 3769
902 237 201 36 MUSIQUE
1136 240 241 37 FRANÇAISE

2055 244 69 37 125

129 344 157 27 encore
312 345 104 27 avec
448 340 109 33 cette
576 332 185 41 histoire
793 331 77 40 des
894 338 176 34 coteaux
1091 336 200 52 tempérés
1311 336 75 50 qui
1405 335 173 50 agaçait
1602 335 33 38 si
1656 332 87 42 fort
1768 332 325 42 Sainte-Beuve
2113 338 15 36 ?

127 398 95 54 J'en
246 402 185 38 connais
453 401 78 41 des
554 410 182 32 coteaux
779 405 233 49 tempérés,
1038 401 211 52 placides,
1293 417 82 26 aux
1408 411 209 32 contours
1641 407 180 48 reposés
1853 411 40 31 et
1916 402 208 49 heureux,

128 475 41 32 et
196 468 74 40 nul
295 468 163 42 n'aime
480 470 101 53 plus
605 484 86 39 que
722 471 89 40 moi
835 470 38 40 le
909 470 210 40 Fresnois
1139 470 225 49 vallonné,
1399 471 160 40 envahi
1583 471 54 40 de
1665 470 99 42 bois
1792 472 73 52 qui
1898 470 206 41 débanali-

131 545 95 31 sent
249 550 45 27 sa
329 538 197 41 douceur
549 538 208 41 aimable.
783 538 106 40 Bois
912 536 231 54 profonds,
1169 537 104 41 d'un
1294 547 95 32 vert
1413 541 73 51 qui
1509 554 52 25 va
1598 540 205 52 jusqu'au
1827 539 103 41 bleu
1951 538 178 43 sombre

129 618 54 26 en
200 609 88 45 été;
312 605 136 42 forêts
473 608 208 46 d'hivers,
715 606 232 41 chevelues
970 606 54 39 de
1043 605 221 42 branches
1285 607 254 49 emmêlées,
1561 616 40 31 et
1621 609 74 50 qui
1720 617 294 32 moutonnent
2037 609 69 52 jus-

132 687 86 38 que
237 674 167 52 là-bas,
428 678 120 38 aussi
572 676 91 40 loin
684 675 135 52 qu'on
842 683 103 43 peut
966 676 149 39 voir...

183 741 117 41 Mais
324 745 35 38 si
383 744 38 39 le
445 744 211 39 Fresnois
679 751 65 32 est
767 742 100 52 plus
888 741 102 41 cher
1013 746 21 35 à
1056 755 93 27 mes
1172 755 112 40 yeux
1309 756 86 39 que
1418 752 93 31 tout
1540 752 124 32 autre
1688 745 97 38 coin
1806 744 54 40 de
1883 744 182 51 France,
2091 746 38 51 je

129 811 105 48 sais,
260 811 38 52 je
319 825 101 27 sens
440 826 86 38 que
549 819 109 32 cette
682 811 167 40 France
872 824 55 27 ne
950 824 46 27 se
1016 811 139 40 limite
1174 812 126 51 point
1320 815 22 36 à
1366 811 217 41 l'horizon
1600 811 209 52 fresnois,
1836 821 123 32 court
1981 821 41 32 et
2045 814 63 38 cir-

128 879 178 49 culaire,
330 880 38 52 je
388 882 89 38 sais
501 879 260 54 qu'ailleurs
783 879 78 40 des
884 888 214 32 sommets
1122 881 129 49 aigus
1274 889 179 43 percent
1479 880 162 41 l'ouate
1663 881 78 40 des
1761 880 196 52 brumes,
1980 881 38 52 je
2038 883 90 38 sais

129 961 85 38 que
231 948 77 39 des
332 948 165 40 fleuves
521 948 280 40 tumultueux
834 956 40 31 et
896 946 263 42 fécondants
1182 949 173 39 imitent
1378 957 40 31 et
1441 949 270 51 multiplient
1734 963 46 26 ce
1804 949 204 41 ruisselet
2031 963 73 27 sac-

129 1016 106 40 cadé
259 1018 75 50 qui
358 1016 81 40 luit
460 1018 71 47 ici,
557 1025 40 31 et
618 1016 100 53 plus
741 1016 92 40 loin
853 1030 47 26 se
922 1015 181 53 dérobe,
1129 1030 173 27 comme
1321 1032 60 25 un
1402 1016 67 41 vif
1483 1018 145 39 lézard
1653 1018 182 40 couleur
1852 1018 217 50 d'argent.

184 1084 64 40 De
271 1089 159 47 même,
468 1086 29 39 il
521 1094 65 32 est
624 1086 166 52 permis
828 1085 53 40 de
905 1089 172 36 révérer
1114 1084 184 52 Augier,
1336 1094 41 32 et
1403 1085 88 41 l'on
1516 1088 198 50 pourrait
1750 1088 119 39 aussi
1913 1087 157 40 laisser
2105 1090 21 37 à

126 1152 61 40 M.
213 1153 179 52 Pougin
415 1154 38 40 le
476 1153 111 40 libre
607 1155 190 39 exercice
818 1153 52 40 de
894 1167 81 27 son
992 1154 113 40 culte
1126 1155 311 51 superstitieux
1458 1169 114 38 pour
1600 1154 206 53 Adolphe
1825 1153 167 51 Adam;
2014 1157 112 38 mais

127 1235 58 26 on
205 1236 54 26 ne
281 1223 168 40 devrait
468 1224 126 51 point
616 1225 181 49 ignorer
815 1236 100 39 que,
933 1221 243 54 d''Agrippa
1196 1221 255 53 d'Aubigné
1473 1227 19 36 à
1512 1223 209 40 Verlaine
1741 1232 41 31 et
1804 1223 54 40 de
1876 1223 214 42 Rabelais
2105 1229 21 35 à

128 1289 198 42 Gustave
358 1291 226 49 Flaubert,
611 1300 40 31 et
686 1292 77 39 des
783 1296 180 35 maîtres
997 1293 241 38 musiciens
1261 1291 58 40 du
1357 1307 53 24 xv
1416 1300 13 17 e
1453 1292 129 41 siècle
1616 1296 21 35 à
1663 1291 218 52 Rameau,
1910 1296 21 36 à
1955 1291 170 49 Méhul,

127 1362 22 36 à
171 1358 189 48 Berlioz,
386 1364 21 35 à
432 1359 139 41 César
594 1360 188 47 Franck,
804 1360 38 39 la
877 1359 146 41 vieille
1059 1367 112 32 terre
1206 1359 76 40 des
1307 1358 167 43 Gaules
1498 1375 21 25 a
1545 1360 178 53 produit
1744 1369 125 32 autre
1891 1360 133 41 chose
2044 1375 85 38 que

127 1436 109 31 cette
255 1428 213 40 floraison
491 1428 53 40 de
576 1428 245 40 médiocres
861 1427 271 41 semblables
1156 1442 82 26 aux
1262 1427 114 41 bons
1412 1427 151 52 jeunes
1599 1440 111 37 gens
1735 1427 133 40 sifflés
1891 1440 80 39 par
1990 1427 138 40 Henri

127 1495 142 40 Heine
291 1510 7 25 :
322 1508 20 28 «
367 1495 206 41 D'autres
596 1501 152 47 poètes
785 1505 75 31 ont
882 1497 58 39 du
975 1496 170 51 souffle,
1183 1496 196 41 d'autres
1410 1496 54 39 de
1493 1496 38 39 la
1553 1494 222 49 fantaisie,
1798 1504 40 31 et
1858 1495 193 41 d'autres
2074 1496 54 40 de

126 1564 38 39 la
187 1566 201 50 passion,
482 1564 63 40 les
566 1570 153 46 poètes
740 1564 192 40 souabes
956 1573 75 32 ont
1051 1565 38 39 la
1115 1573 139 31 vertu.
1284 1580 17 19 »

181 1631 116 41 Mais
319 1633 133 47 voilà,
479 1646 56 26 on
554 1646 53 26 ne
631 1634 83 38 sait
733 1646 97 38 pas,
856 1641 40 31 et
921 1633 39 39 le
983 1641 92 31 mot
1097 1632 53 40 de
1173 1632 112 40 Paul
1310 1632 193 40 Hervieu
1524 1640 114 31 reste
1657 1633 93 38 vrai
1773 1641 7 25 :
1807 1644 19 26 «
1851 1630 64 42 Le
1938 1634 93 50 pire
2050 1632 77 40 des

125 1700 327 47 malentendus,
475 1700 103 40 c'est
594 1700 52 40 de
667 1700 219 50 s'ignorer
905 1700 61 40 les
983 1714 84 26 uns
1086 1700 61 40 les
1164 1708 147 32 autres
1331 1703 7 37 !
1364 1710 20 28 ))
1402 1698 225 51 L'Augier
1649 1713 53 25 en
1721 1701 206 50 question
1946 1698 124 53 (dont
2090 1702 38 51 je

123 1768 222 41 m'étonne
368 1768 54 40 de
443 1776 92 32 tant
558 1768 165 52 parler)
756 1782 114 27 nous
894 1778 189 39 montre,
1106 1769 111 40 dans
1241 1783 87 26 une
1350 1769 54 39 de
1427 1782 70 27 ses
1518 1770 146 39 moins
1691 1771 254 38 mauvaises
1964 1771 160 51 pièces,

124 1851 58 25 un
207 1836 261 52 journaliste
501 1841 162 36 véreux
771 1837 28 39 il
822 1853 27 36 y
874 1851 53 26 en
952 1839 115 38 avait
1090 1837 118 40 alors
1322 1851 53 26 en
1408 1838 113 39 train
1554 1837 321 51 d'encourager
1893 1838 77 39 des
2006 1852 92 26 com-

122 1906 237 51 positeurs,
387 1909 21 36 à
451 1905 176 40 dessein
656 1905 53 40 de
731 1919 254 39 provoquer
1005 1918 20 27 ((
1053 1906 36 39 la
1128 1907 195 39 création
1345 1905 132 40 d'une
1514 1906 119 39 école
1656 1905 222 52 française
1901 1907 54 39 de
1987 1909 113 38 musi-

123 1987 85 38 que
228 1985 36 28 )).
286 1973 63 40 De
369 1977 144 37 même
536 1974 63 41 les
619 1973 281 41 humanistes
924 1975 58 39 du
1006 1980 288 49 quattrocento
1316 1975 269 40 décrétaient
1606 1985 6 28 :
1640 1987 20 26 ((
1686 1973 169 54 Depuis
1878 1975 250 52 l'antiquité

124 2056 56 26 on
202 2042 68 40 n'a
294 2042 101 52 plus
413 2057 58 25 vu
496 2042 52 40 de
586 2041 113 41 bons
724 2042 249 53 sculpteurs
1018 2054 36 28 ».
1090 2042 55 40 Et
1168 2043 53 39 ils
1244 2041 288 42 formulaient
1571 2042 54 40 de
1661 2042 124 40 telles
1811 2044 188 47 âneries,
2024 2056 103 27 sans

124 2110 100 47 rire,
251 2123 70 26 ces
341 2112 360 51 contemporains
721 2110 54 40 de
797 2110 236 41 Donatello
1057 2112 6 37 !

178 2177 125 41 Vous
327 2192 70 26 me
434 2179 118 39 direz
574 2178 222 52 qu'Emile
818 2177 170 52 Augier
1025 2179 150 40 n'était
1197 2193 78 38 pas
1296 2180 230 40 musicien.
1557 2178 97 42 Soit
1677 2194 7 34 ;
1712 2181 113 39 mais
1848 2179 63 41 M.
1937 2179 191 41 Camille

124 2246 231 50 Bellaigue
379 2244 96 42 l'est
494 2246 467 49 incontestablement,
996 2246 211 53 puisqu'il
1229 2262 20 24 a
1275 2261 53 27 eu
1351 2262 58 25 un
1442 2248 94 51 prix
1559 2247 54 39 de
1635 2248 133 50 piano
1794 2262 55 26 au
1872 2247 227 41 Conserva-

124 2318 125 47 toire,
268 2328 172 42 voyons
457 2321 6 36 !
491 2331 48 26 or
553 2330 46 27 ce
622 2317 170 40 lauréat
815 2317 237 40 flavescent
1075 2317 227 40 découvrit
1325 2331 60 26 un
1402 2316 98 52 jour
1519 2330 85 38 que
1625 2330 45 26 ce
1694 2317 74 51 qui
1792 2315 77 41 fait
1892 2316 39 40 le
1947 2316 180 41 charme

123 2394 40 31 et
194 2385 40 40 la
254 2386 156 40 valeur
435 2385 281 52 particulière
754 2385 53 40 de
829 2384 375 55 Sniegourotchka
1211 2418 8 18 ,
1244 2384 103 40 c'est
1372 2397 84 39 que
1480 2383 102 41 c'est
1619 2399 57 24 un
1712 2389 132 47 opéra
1876 2385 248 52 populaire,

122 2467 86 26 une
228 2467 152 27 œuvre
400 2455 242 39 construite
663 2467 75 27 sur
760 2454 77 39 des
861 2454 170 40 thèmes
1064 2467 165 34 russes,
1252 2452 215 41 familiers
1493 2457 21 35 à
1540 2461 99 32 tous
1670 2453 62 40 les
1762 2453 242 51 auditeurs,
2032 2454 72 40 thè-

120 2536 94 26 mes
248 2523 282 50 légendaires
569 2536 172 27 comme
776 2523 171 40 thèmes
970 2524 246 39 musicaux.
1244 2533 20 28 ((
1289 2521 70 40 En
1384 2521 184 48 France,
1594 2521 185 52 ajoutait
1817 2521 40 40 le
1880 2523 116 38 saint
2017 2522 109 54 Jean

120 2589 146 41 Barbe
288 2590 96 40 d'or
406 2590 53 40 de
476 2590 39 40 la
532 2590 146 40 Revue
700 2590 71 39 des
793 2589 334 41 Deux-Mondes
1133 2623 8 18 ,
1168 2603 114 27 nous
1299 2589 187 41 n'avons
1503 2603 171 27 aucune
1697 2590 97 40 idée
1820 2590 133 40 d'une
1977 2604 151 26 œuvre

122 2658 248 40 semblable
394 2667 40 32 et
458 2674 144 24 aucun
626 2660 302 51 compositeur
950 2672 53 27 ne
1044 2660 198 51 pourrait
1267 2671 165 38 songer
1455 2662 21 36 à
1501 2671 54 27 en
1575 2658 182 40 réaliser
1779 2658 299 53 l'équivalent.
2105 2670 21 27 »

122 2725 176 42 Suivait
320 2740 86 27 une
429 2727 98 40 liste
550 2728 240 51 éclectique
809 2726 54 40 de
892 2728 323 50 compositions
1237 2726 238 40 musicales
1511 2730 269 48 présentées,
1816 2740 104 26 sans
1943 2727 161 39 distinc-

122 2795 93 38 tion
239 2791 219 55 d'époque
482 2808 56 26 ou
577 2794 182 51 d'école,
797 2807 174 27 comme
1013 2792 162 41 offrant
1211 2802 144 31 toutes
1394 2807 47 26 ce
1484 2799 219 35 caractère
1742 2808 210 26 commun
1992 2792 135 42 d'être

122 2874 190 38 conçues
335 2871 41 30 et
414 2865 228 36 exécutées
682 2874 105 27 sans
820 2862 161 38 liaison
1004 2862 155 38 intime
1189 2874 103 27 avec
1322 2861 77 40 des
1439 2863 277 46 sentiments,
1757 2862 77 40 des
1875 2862 135 51 idées,
2049 2859 76 43 des

121 2928 167 42 formes
307 2929 133 40 d'une
463 2942 181 27 essence
667 2929 315 52 spécialement
1005 2928 219 52 française
1246 2945 7 25 :
1291 2930 247 48 Dardanus,
1552 2929 176 55 Joseph,
1755 2930 41 40 la
1820 2930 142 50 Juive,
1982 2930 107 41 Ham-

121 2998 69 51 let,
214 2997 147 51 Faust,
391 2996 199 49 Carmen,
623 2996 169 55 Sigurd
797 3030 9 18 ,
837 2997 188 41 nombre
1047 2998 193 41 d'autres
1270 3000 75 52 qui
1371 2999 287 53 n'importent
1680 3001 125 51 point
1829 3014 54 26 au
1915 2999 149 49 débat,
2086 3009 41 32 et

123 3071 22 34 à
167 3067 39 39 la
225 3065 78 53 fin,
396 3067 86 40 ceci
508 3074 64 32 est
595 3079 87 27 une
703 3074 124 32 autre
848 3066 168 52 affaire,
1112 3067 200 41 Fervaal.

176 3133 118 42 Avec
317 3143 96 32 tout
433 3135 38 40 le
493 3143 169 44 respect
686 3148 85 39 que
792 3135 37 52 je
852 3135 60 40 lui
936 3135 112 48 dois,
1076 3150 106 27 mon
1204 3137 103 40 vieil
1325 3138 86 39 ami
1433 3137 247 51 Bellaigue,
1707 3138 39 39 le
1766 3138 98 52 jour
1886 3138 105 52 qu'il
2016 3139 88 39 écri-

120 3205 60 38 vit
201 3217 71 26 ces
296 3203 172 51 choses,
493 3217 46 26 se
560 3212 190 43 trompa.
788 3202 123 41 Pour
940 3206 282 51 empreindre
1256 3204 133 42 d'une
1411 3206 101 53 plus
1533 3206 124 51 large
1689 3206 231 40 humanité
1942 3206 62 40 les
2024 3220 75 39 per-

121 3285 225 36 sonnages
379 3272 53 39 de
460 3285 18 24 «
504 3272 183 40 l'œuvre
710 3272 40 39 la
781 3271 100 52 plus
904 3271 127 50 forte,
1067 3273 39 40 la
1131 3274 100 52 plus
1267 3274 149 49 noble,
1444 3274 39 40 la
1520 3275 100 52 plus
1643 3275 135 40 haute
1815 3276 74 51 qui
1910 3276 60 39 ait
2002 3276 122 49 surgi

120 3340 159 51 depuis
317 3339 201 55 Parsijal
522 3371 11 21 ,
582 3351 20 28 »
627 3340 203 47 l'auteur,
872 3345 196 37 écartant
1107 3343 62 39 les
1193 3346 317 48 contingences
1534 3352 96 44 trop
1655 3346 208 50 précises,
1908 3346 114 38 situe
2044 3357 81 27 son

120 3420 21 27 ((
162 3409 146 39 action
328 3409 215 39 musicale
566 3420 19 27 »
606 3410 114 39 dans
743 3422 87 27 une
853 3414 173 48 époque
1047 3417 86 35 très
1157 3413 172 40 reculée
1352 3421 41 32 et
1410 3411 163 42 définie
1596 3413 247 40 seulement
1866 3417 22 35 à
1912 3427 59 25 un
1996 3413 129 40 siècle

122 3488 54 26 ou
202 3475 112 40 deux
338 3481 116 47 près,
480 3486 41 31 et
545 3486 109 32 cette
677 3478 162 47 action,
867 3477 102 41 c'est
998 3479 375 40 essentiellement
1394 3479 38 40 la
1458 3479 195 40 solution
1676 3479 58 40 du
1770 3478 230 53 problème
2023 3479 82 39 reli-

120 3545 131 48 gieux
273 3544 38 40 le
335 3544 100 52 plus
458 3554 123 33 vaste
606 3548 73 51 qui
698 3560 46 27 se
768 3547 85 40 soit
872 3546 151 40 dressé
1046 3547 160 41 devant
1227 3549 212 40 l'homme
1458 3547 157 52 depuis
1636 3561 45 26 sa
1703 3546 209 41 fâcheuse
1935 3548 189 39 éviction
