3657 4470
1786 124 29 54 3

145 288 133 60 leihe,
309 287 82 51 auf
417 286 104 50 dass
554 282 122 52 diese
706 297 129 52 vage,
880 280 182 51 ziellose
1091 280 156 49 Kunst
1280 272 181 53 endlich
1492 270 134 51 einen
1655 273 56 48 In-

145 374 122 50 halt
299 372 261 56 bekomme,
593 368 88 50 den
713 367 63 51 sie
803 366 120 52 noch
951 366 73 50 nie
1049 362 187 71 gehabt.
1268 362 97 48 Hat
1392 358 81 49 der
1500 355 239 54 denkende

142 456 225 52 Künstler
398 472 95 32 nun
526 453 155 50 diesen
714 449 300 69 Gegenstand
1047 446 249 69 gefunden,
1343 449 122 44 etwa
1510 441 90 50 den
1630 442 81 48 Ein-

145 551 127 42 sturz
302 541 83 49 der
404 540 197 50 Mauern
631 557 88 32 von
749 537 201 56 Jericho,
983 534 114 51 oder
1120 532 101 49 eine
1240 531 194 56 Wüste,
1466 527 114 51 oder
1609 527 132 49 einen

145 625 264 52 römischen
456 622 236 60 Carncval,
744 621 115 51 oder
904 618 131 50 einen
1077 618 180 47 Romeo
1306 613 113 50 oder
1467 609 272 61 Columbus,

146 711 116 50 oder
292 710 131 49 einen
454 708 196 68 heiligen
682 706 125 58 Gral,
856 703 114 51 oder
1015 701 100 51 eine
1146 696 490 72 Alpen-Wirthschaft
1665 714 73 31 am

146 794 268 61 Giessbach,
461 795 115 51 oder
616 809 95 34 was
760 796 144 50 sonst,
958 805 51 33 so
1052 786 141 51 denkt
1238 802 50 32 er
1330 783 162 51 weiter
1537 781 202 52 darüber

142 881 135 60 nach,
310 880 86 51 wie
422 896 51 32 er
495 879 77 48 ihn
596 874 178 53 tonisch
803 871 286 71 symbolisire
1113 871 114 50 oder
1251 867 274 71 symbolisch
1551 867 185 50 betone.

144 965 251 52 Leitender
427 961 262 51 Grundsatz
723 957 132 51 dabei
888 957 57 50 ist
976 957 123 50 nicht
1130 956 72 51 die
1235 956 156 50 Kunst
1421 954 83 49 der
1534 954 168 49 Harmo-

142 1051 89 60 nie,
264 1050 82 50 der
374 1045 469 70 contrapunktischen
874 1042 385 69 Stimmführung,
1292 1041 81 50 der
1402 1037 336 51 thematischen

145 1134 166 52 Arbeit
342 1133 114 50 nach
482 1131 88 50 Art
602 1130 81 51 der
713 1129 274 52 bewährten
1016 1128 206 59 Meister,
1247 1125 202 51 sondern
1481 1124 79 49 das
1590 1122 146 59 Neue,

148 1220 80 52 das
245 1218 278 52 Unerhörte.
555 1215 200 54 Melodie
777 1215 58 51 ist
856 1233 56 32 zu
931 1213 238 67 subjectiv,
1193 1210 117 52 wird
1330 1210 95 50 also
1452 1208 284 59 verworfen;

149 1312 110 44 statt
290 1304 123 50 ihrer
443 1309 152 43 treten
628 1300 162 60 kleine,
823 1299 286 67 fingerlange
1138 1295 235 52 Motivlein
1404 1293 91 61 auf,
1537 1293 71 49 die
1638 1291 98 51 hier

148 1389 96 51 und
276 1389 56 50 da
363 1388 87 51 wie
474 1387 234 49 Irrlichter
737 1384 44 51 in
805 1384 125 50 einer
960 1382 191 50 wahren
1170 1380 307 66 Höllenangst
1509 1376 226 51 zwischen

148 1474 90 51 den
269 1472 324 52 unaufhörlich
624 1470 82 50 auf
729 1468 217 52 einander
991 1465 268 72 prallenden
1296 1465 188 51 Nonen-
1517 1462 92 50 und
1641 1462 63 50 Ln-

151 1558 478 52 decimen-Accorden
661 1554 293 59 aufflackern,
1000 1552 94 52 und
1137 1552 70 49 die
1250 1567 143 52 ganze
1424 1547 166 52 Arbeit
1619 1547 117 52 wird

146 1662 92 33 nur
268 1643 122 51 dann
422 1642 80 51 das
534 1642 133 49 echte
699 1641 214 67 Gepräge
957 1638 82 50 der
1081 1636 255 52 modernen
1367 1633 245 51 Tonkunst
1642 1639 70 42 tra-

148 1747 104 50 gen,
277 1745 138 34 wenn
447 1727 79 58 sie,
549 1724 362 51 unbekümmert
940 1741 79 32 um
1053 1722 70 49 die
1155 1718 290 53 Gränzlinien
1478 1718 80 50 des
1590 1717 116 49 Schö-

145 1831 107 42 nen,
282 1812 61 67 ja,
376 1810 123 52 diese
540 1850 18 19 „
573 1811 80 48 auf
676 1810 181 49 Kosten
889 1807 79 50 des
998 1806 317 66 Wohlklangs
1345 1803 224 50 mitunter
1599 1801 110 49 über-

503 1895 107 49 dem
640 1893 215 50 Zuhörer
885 1891 80 51 das
998 1887 461 69 Götter-Schauspiel
1492 1884 243 61 darbietet,

145 1984 89 49 wie
275 1982 114 60 „der
407 1980 172 51 Genius
610 1978 84 51 mit
724 1978 89 50 den
840 1976 302 67 beengenden
1165 1973 193 52 Fesseln
1387 1973 138 66 ringt,
1558 1971 176 51 welche

146 2067 80 51 das
257 2065 222 53 Endliche
522 2065 81 51 der
633 2062 324 66 Erscheinung
987 2060 104 51 dem
1124 2057 318 52 Unendlichen
1468 2056 60 49 im
1557 2057 148 48 Künst-

146 2154 68 49 ler
455 2149 35 70 *)
1100 2169 86 32 ecce
1313 2165 96 51 par
1555 2149 187 66 dignum

148 2241 193 64 fortuna
588 2236 300 66 compositus!
1256 2232 188 68 fSeneca
1459 2231 283 66 Philosophus

150 2321 32 51 2
248 2323 33 67 .J
342 2323 136 48 Kann
511 2320 119 50 dann
662 2318 117 49 auch
810 2316 100 51 eine
941 2315 155 51 solche
1128 2312 317 70 Composition
1486 2310 133 60 „eine
1651 2310 54 49 ab-

149 2406 151 51 solute
329 2404 215 52 Reinheit
574 2403 94 50 und
700 2400 257 52 Sicherheit
998 2399 80 51 des
1111 2400 228 65 Vortrags
1379 2396 74 50 bei
1485 2395 82 51 der
1600 2395 99 52 Wie-

150 2489 205 69 dergabe
386 2488 126 51 nicht
544 2486 156 51 erzielt
1028 2500 95 35 was
1153 2481 179 51 thut's?
1374 2479 252 61 „Dadurch
1659 2495 52 51 ge-

150 2574 175 52 schieht
377 2592 65 42 es,
489 2573 104 51 dass
640 2572 63 50 sie
744 2589 58 32 zu
847 2570 125 50 einer
1024 2568 108 51 weit
1176 2566 447 69 geistvolleren
1674 2564 65 49 als

148 2658 403 69 klangvollen
581 2655 118 52 wird
729 2655 95 51 und
852 2654 132 51 desto
1016 2653 132 51 mehr
1180 2649 433 52 Ueberraschendes
1644 2648 96 51 und

149 2743 339 70 Frappirendes

280 2828 43 51 0
370 2829 77 49 Ihr
490 2824 484 68 Ueberversländigen
1017 2823 94 51 und
1155 2818 373 55 unverständlich
1570 2820 142 49 Trans-

151 2912 347 53 scendentalen!
531 2911 154 52 Wollt
714 2909 79 50 Ihr
823 2908 184 60 wissen,
1043 2925 93 33 was
1169 2907 102 49 der
1302 2903 198 52 wahre
1529 2903 211 50 Inhalt

150 3000 84 49 der
262 2997 153 52 Musik
447 2996 93 51 ist?
589 2996 88 49 Die
706 2993 259 52 Melodie
996 2993 58 50 ist
1085 3008 63 44 es,
1190 2991 83 49 der
1302 2987 438 52 musicalische

151 3083 221 51 Gedanke
403 3082 57 51 ist
490 3099 65 42 es,
584 3080 150 52 nichts
765 3080 209 49 Anderes
1006 3078 81 50 auf
1113 3077 81 50 der
1223 3077 58 50 W
1282 3077 12 15 T
1298 3074 75 50 elt.
1425 3074 57 50 Je
1511 3073 134 50 mehr
1675 3072 65 51 sie

150 3167 81 51 auf
254 3167 80 50 das
366 3166 157 51 innere
555 3165 182 59 Gefühl,
770 3165 81 48 auf
875 3163 79 50 das
987 3161 192 68 geistige
1209 3158 172 51 Pathos
1415 3157 150 60 wirkt,
1605 3156 134 51 desto

149 3252 133 51 mehr
311 3251 59 50 ist
405 3251 63 50 sie
499 3250 80 49 das
612 3247 272 69 eigentliche
913 3246 206 51 Leben
1152 3246 81 49 der
1264 3243 269 58 Tonkunst;
1575 3241 47 67 je
1651 3241 66 49 rei-

149 3354 84 34 ner
262 3336 95 51 und
386 3335 328 66 vollständiger
761 3332 63 51 sie
865 3332 132 50 einen
1044 3331 43 50 in
1134 3328 94 53 sich
1271 3328 286 68 begränzten
1588 3326 151 49 Inhalt

149 3438 193 34 unseres
385 3417 364 60 Gefühlslebens,
796 3416 100 50 eine
934 3414 320 69 Empfindung
1297 3429 194 33 unseres
1538 3412 197 49 Inneren

153 3505 262 58 ausdrückt,
462 3504 47 66 je
562 3501 208 69 weniger
810 3501 65 50 sie
920 3518 104 33 vom
1071 3499 270 49 Aeusseren
1386 3496 143 51 bunte
1576 3495 165 51 Flitter

150 3591 156 68 borgt,
358 3608 79 33 um
484 3589 141 49 damit
668 3588 99 48 ihre
813 3585 217 51 ärmliche
1062 3585 162 50 Blosse
1266 3600 58 33 an
1359 3581 248 51 Wahrheit
1646 3580 96 51 und

150 3675 127 51 Tiefe
309 3694 56 31 zu
396 3673 277 67 verhängen,
705 3670 132 52 desto
868 3669 298 67 gelungener,
1199 3668 132 50 desto
1364 3665 378 67 kunstwürdiger

150 3759 58 51 ist
239 3760 77 51 sie.
370 3760 54 50 Je
455 3758 131 51 mehr
616 3756 76 50 Ihr
732 3755 70 51 die
832 3753 199 52 Melodie
1063 3759 139 43 unter
1233 3753 82 49 der
1345 3753 154 49 Masse
1532 3751 79 50 des
1642 3749 66 51 Ma-

151 3844 207 51 teriellen
388 3843 232 58 erdrückt,
673 3840 131 51 desto
845 3838 132 51 mehr
1016 3836 118 51 wird
1176 3836 71 50 die
1278 3836 153 51 Musik
1461 3836 191 56 Fratze;
1694 3833 46 66 je

151 3928 131 51 mehr
327 3929 77 48 Ihr
446 3947 58 30 an
546 3928 88 49 den
664 3923 233 54 Verstand
927 3922 338 66 Forderungen
1311 3922 138 61 stellt,
1505 3938 78 32 um
1613 3919 127 50 Eure

250 4070 32 52 *)
313 4070 141 52 Iloplit
483 4083 34 28 a.
548 4084 34 27 a.
612 4070 49 41 0.
691 4070 39 41 S.
760 4070 63 40 4L

225 4134 55 49 **)
310 4132 92 41 Dito
433 4132 40 41 S.
502 4135 63 38 40.

208 4196 74 52 ***)
315 4196 89 39 Dito
435 4196 39 41 S.
502 4197 66 40 40.

1837 270 294 51 Intentionen
2163 269 328 69 aufzuspüren,
2547 268 132 51 desto
2726 267 161 52 weiter
2930 265 206 51 entfernt
3179 261 83 53 Ihr
3303 260 136 52 Euch

1838 373 88 33 von
1957 355 83 51 der
2069 357 183 57 Kunst;
2284 362 113 43 statt
2428 354 83 50 der
2541 353 223 68 geistigen
2795 352 296 67 Schwingen,
3124 349 73 51 die
3229 348 85 53 der
3345 347 62 50 Ge-

1837 441 101 49 nius
1971 448 118 61 regt,
2122 441 211 50 zimmert
2362 441 79 49 Ihr
2473 441 131 50 Euch
2635 438 430 69 Flug-Maschinen,
3099 435 94 52 und
3220 434 48 69 je
3301 433 136 52 mehr

1838 542 48 32 es
1910 524 132 50 Euch
2074 526 144 49 durch
2248 524 260 51 rasselndes
2534 523 227 52 Arbeiten
2792 522 81 51 mit
2898 522 200 51 Händen
3132 519 94 52 und
3248 522 182 48 Füssen

1837 609 96 50 und
1978 609 273 68 gedungene
2291 611 292 66 Tagelöhner
2643 627 56 32 an
2761 609 89 50 den
2901 608 378 65 Flaschenzügen
3340 622 90 33 von

1837 711 166 33 aussen
2036 695 185 67 gelingt,
2266 695 132 49 Euch
2449 696 129 49 einen
2609 692 294 70 Augenblick
2935 711 56 32 zu
3024 689 219 61 erheben,
3295 691 134 49 desto

1835 778 112 50 eher
1990 778 179 50 werdet
2210 777 79 50 Ihr
2333 777 88 51 den
2465 780 342 67 Schwerpunkt
2848 778 153 50 Eurer
3049 776 195 67 eigenen
3288 775 136 49 Kraft

1834 863 239 61 verlieren,
2120 863 132 50 desto
2299 865 236 48 unsanfter
2574 863 177 51 werdet
2792 865 77 48 Ihr
2912 862 386 69 niederplumpen
3330 858 93 51 und

1834 949 238 68 begraben
2105 949 91 49 und
2230 965 247 50 vergessen
2506 956 138 42 unter
2675 949 87 49 den
2790 950 276 48 Trümmern
3091 949 152 48 Eures
3267 945 127 68 Appa-

1832 1041 123 43 rates
1986 1034 149 68 liegen
2167 1032 193 51 bleiben.

1957 1120 78 49 Du
2060 1117 126 59 aber,
2219 1136 27 32 o
2276 1119 136 49 Muse
2437 1116 82 51 der
2535 1116 260 59 Tonkunst,
2827 1115 299 53 verschleiere
3147 1115 120 51 Dich
3296 1112 127 52 nicht

1832 1205 72 48 für
1933 1204 149 51 Deine
2112 1203 189 52 wahren
2332 1204 180 66 Jünger
2555 1203 45 49 in
2632 1201 221 51 Schmerz
2900 1200 94 51 und
3027 1200 228 49 Verdruss
3296 1197 119 51 über

1832 1289 86 61 die,
1951 1307 51 33 so
2031 1289 118 51 Dich
2180 1288 265 52 verkennen
2488 1288 93 50 und
2611 1288 148 49 Deine
2799 1284 259 71 königliche
3090 1284 125 49 Stirn
3259 1283 46 50 in
3335 1283 89 49 den

1832 1374 147 51 Staub
2011 1374 186 52 ziehen!
2257 1374 232 52 Verachte
2525 1374 99 49 ihre
2653 1373 277 50 Deuteleien
2963 1370 97 51 und
3088 1366 337 63 Alfanzereien,

1832 1460 95 51 und
1956 1460 141 50 nimm
2131 1478 89 33 von
2251 1460 132 59 allen,
2426 1459 71 50 die
2527 1459 84 50 Dir
2642 1467 105 42 treu
2779 1457 198 58 bleiben,
3024 1455 119 50 auch
3174 1454 44 49 in
3251 1453 173 50 diesem

1832 1562 151 32 neuen
2013 1545 140 49 Jahre
2185 1544 96 50 und
2310 1544 118 50 allen
2473 1543 244 68 folgenden
2756 1542 71 52 die
2858 1540 275 68 Huldigung
3170 1539 89 58 auf,
3309 1537 85 50 wel-

1832 1629 83 50 che
1956 1648 81 32 aus
2082 1629 82 51 der
2207 1628 239 69 freudigen
2491 1628 254 49 Ehrfurcht
2794 1644 83 35 vor
2922 1627 105 52 dem
3070 1622 326 71 Unaussprech-

1832 1714 147 51 liehen
2008 1714 173 51 Deines
2213 1716 205 50 Wesens
2451 1713 280 69 entspringt!

2912 1798 53 47 L.
3008 1792 287 53 Bischoff.

2443 1979 102 59 Aus
2586 1977 235 61 Holland.

1941 2118 212 54 (Robert
2196 2116 103 40 und
2343 2116 155 39 Clara
2550 2112 299 40 Schumann
2962 2108 263 42 Concerte

2473 2184 259 41 Virtuose
2745 2196 38 28 n.

1957 2299 78 50 Sie
2063 2297 170 52 wissen
2263 2314 82 33 aus
2378 2296 185 67 eigener
2595 2296 333 66 Anschauung,
2976 2293 104 51 dass
3126 2292 44 51 in
3202 2309 220 33 unserem

1831 2382 201 51 Holland
2078 2382 72 50 ein
2191 2380 178 51 reiches
2392 2379 292 52 Musikleben
2723 2379 149 59 blüht,
2926 2377 201 52 welches
3168 2375 257 52 besonders

1833 2467 146 51 durch
2011 2466 71 51 die
2113 2465 392 66 weitverzweigte
2538 2464 302 49 Gesellschaft
2873 2480 81 32 zur
2987 2460 325 67 Beförderung
3342 2459 83 52 der

1834 2551 248 51 Tonkunst
2125 2550 94 50 und
2266 2549 146 51 durch
2444 2549 87 49 den
2561 2546 488 60 Associations-Geist,
3096 2545 79 51 das
3213 2544 211 50 Erbtheil

1835 2638 83 49 der
1950 2634 491 70 altrepubücanischen
2470 2633 323 60 Niederlande,
2825 2631 198 69 genährt
3052 2630 131 60 wird,
3227 2630 56 50 da
3329 2627 95 51 sich

1837 2723 82 49 der
1950 2723 193 49 letztere
2173 2719 116 52 auch
2322 2720 82 50 auf
2430 2719 70 49 die
2522 2718 154 50 Musik
2703 2718 228 50 erstreckt
2961 2715 94 51 und
3082 2715 44 50 in
3156 2715 87 50 fast
3265 2713 159 67 jedem

1837 2807 172 67 einiger
2036 2807 215 50 Maassen
2291 2804 263 50 namhaften
2587 2804 118 50 Orte
2752 2800 313 52 musicalische
3109 2798 198 52 Vereine
3353 2798 70 50 ins

1835 2892 162 50 Leben
2027 2890 192 69 gerufen
2249 2889 93 58 hat,
2375 2888 71 51 die
2477 2888 115 49 nach
2624 2888 94 49 und
2748 2885 116 52 nach
2893 2885 164 51 immer
3088 2883 130 49 mehr
3250 2888 150 44 erstar-

1835 2977 88 49 ken
1956 2975 93 50 und
2080 2975 89 50 den
2201 2974 111 50 Sinn
2341 2973 72 49 für
2444 2972 70 52 die
2538 2973 153 48 Kunst
2721 2970 132 51 wach
2882 2969 155 51 halten
3060 2968 96 51 und
3180 2965 245 69 kräftigen,

1835 3077 138 34 wenn
2003 3059 169 50 freilich
2202 3058 117 51 auch
2343 3057 112 58 hier,
2488 3055 117 53 doch
2637 3055 133 68 lange
2801 3053 125 51 nicht
2957 3053 45 49 in
3033 3071 52 33 so
3116 3050 280 51 tadelnswer-

1834 3146 126 49 them
1992 3144 179 51 Maasse
2202 3143 64 50 als
2299 3142 43 49 in
2373 3141 204 67 Belgien,
2630 3141 105 49 dem
2768 3137 290 52 Geschmack
3099 3137 84 51 der
3227 3152 197 52 grossen

1838 3231 170 66 Menge
2040 3228 96 50 hier
2167 3227 94 51 und
2293 3227 54 51 da
2380 3224 342 51 Concessionen
2754 3223 215 69 gemacht
3000 3221 192 52 werden
3223 3224 200 47 müssen.

1964 3315 170 49 Immer
2159 3312 168 67 jedoch
2354 3309 179 53 bleiben
2558 3309 70 51 die
2651 3309 94 51 vier
2768 3312 250 65 grösseren
3035 3307 178 58 Städte,
3245 3307 48 48 II

1835 3397 407 56 Amsterdam,
2291 3395 366 52 Rotterdam
2696 3393 99 51 und
2826 3392 272 60 Utrecht,
3131 3391 81 51 der
3240 3391 152 66 Haupt-

1837 3483 82 51 sitz
1952 3483 83 50 der
2064 3478 424 54 niederländischen
2517 3478 263 51 Tonkunst.

1961 3569 69 48 Im
2074 3569 191 64 Haag,
2313 3582 75 34 wo
2428 3565 83 51 der
2558 3562 350 70 Kapellmeister
2947 3562 59 48 11.
3038 3558 250 51 Lübeck
3340 3556 55 52 be-

1837 3651 229 52 kanntlich
2098 3669 56 32 an
2187 3650 83 51 der
2301 3650 157 68 Spitze
2503 3647 82 52 des
2616 3649 279 49 Orchesters
2940 3643 135 59 steht,
3124 3642 197 50 wurden
3353 3641 72 51 die

1837 3735 444 53 Winter-Concerte
2332 3734 84 50 mit
2474 3732 126 51 einer
2648 3731 296 65 Aufführung
2996 3727 79 51 des
3119 3727 167 50 Elias
3336 3745 91 32 von

1835 3819 437 53 Mendelssohn
2304 3819 212 51 eröffnet.
2561 3819 68 48 Zu
2661 3815 198 68 gleicher
2888 3812 101 50 Zeit
3018 3829 100 33 war
3150 3812 124 50 diese
3305 3811 90 50 Auf-

1835 3905 205 67 führung
2069 3905 102 50 eine
2201 3905 136 50 Feier
2367 3904 83 51 der
2479 3901 305 65 Einweihung
2813 3897 80 53 des
2924 3914 94 33 neu
3049 3896 228 51 erbauten
3302 3896 92 50 Con-

1839 3991 259 50 certsaales.
2129 3990 169 51 Leider
2329 3993 185 45 müssen
2545 3986 84 50 wir
2660 4002 156 49 sagen,
2849 3983 104 50 dass
2985 3983 101 49 eine
3118 3981 279 51 Trauer-Mu-

1839 4077 69 49 sik
1937 4077 74 48 für
2042 4074 122 51 diese
2195 4073 306 64 Einweihung
2533 4070 87 48 den
2651 4068 353 50 Verhältnissen
3035 4065 395 70 entsprechender

1840 4178 218 50 gewesen
2084 4163 151 56 wäre;
2267 4158 120 51 denn
2418 4155 82 54 der
2526 4154 104 50 Saal
2662 4153 175 52 könnte
2869 4151 94 54 sich
2995 4151 239 69 begraben
3264 4151 165 58 lassen,
