4051 3833
538 241 269 41 POESIA

611 381 421 114 Stèle
1126 386 885 121 Funéraire

668 617 99 45 Des
802 619 196 59 regards
1034 620 191 47 curieux
1261 631 84 37 ont
1380 624 197 59 profané
1614 643 77 29 ma
1728 629 149 58 peine,

531 706 100 46 Des
667 709 195 60 regards
898 710 237 48 curieux...
1178 713 83 45 Ma
1296 714 210 55 douleur,
1547 715 45 47 la
1627 718 123 47 voilà

528 796 97 59 Qui
660 798 93 45 crie
788 809 47 34 et
871 800 80 60 qui
988 802 228 61 sanglote,
1257 813 48 36 et
1341 805 79 60 qui
1458 804 226 50 n'écoute
1719 826 85 43 pas

528 887 67 44 Le
621 887 126 47 bruit
769 904 94 45 que
889 889 110 55 font,
1030 908 123 43 pour
1176 893 225 56 consoler,
1430 896 84 45 des
1538 897 194 59 phrases
1756 901 210 47 vaines...

661 1045 83 46 Ma
782 1047 226 56 Douleur,
1049 1049 244 56 calme-toi,
1336 1052 30 48 ó
1404 1054 159 61 vierge
1600 1056 319 49 inconsolable
1934 1059 8 47 !

522 1134 217 56 Tais-toi;
778 1153 60 30 ne
874 1137 113 47 livre
1022 1156 87 44 pas
1144 1151 47 35 ta
1227 1143 127 45 chair
1389 1160 92 30 nue
1516 1161 93 29 aux
1644 1160 232 47 passants.

523 1226 126 47 Leur
683 1223 125 64 pitié,
848 1245 183 32 comme
1068 1249 91 29 une
1194 1250 87 29 eau
1318 1233 158 63 légère
1511 1247 47 36 et
1592 1238 257 56 tarissable,

522 1315 244 57 S'enfuira,
805 1335 110 29 sans
952 1322 217 45 meurtrir
1203 1321 125 48 leurs
1361 1341 123 42 yeux
1521 1326 301 50 ìndifférents.

654 1475 165 54 Viens;
857 1477 257 48 cherchons
1150 1480 197 47 l'ombre
1383 1499 164 32 morne
1582 1485 61 47 où
1680 1485 71 63 glt
1785 1489 44 45 la
1871 1490 202 48 solitude

517 1565 186 62 Vierge,
744 1566 253 57 relève-toi,
1037 1571 120 46 voile
1191 1581 81 36 ton
1310 1574 98 45 sein
1439 1574 179 62 jaloux,

517 1656 62 45 Et
613 1673 118 43 pose
767 1658 28 44 à
830 1675 99 30 mes
966 1660 212 62 sanglots
1214 1661 43 47 le
1294 1680 136 30 sceau
1468 1666 58 45 de
1550 1675 49 37 ta
1623 1670 124 45 main
1785 1672 127 53 rude,

515 1746 94 46 Car
645 1746 29 46 il
712 1745 121 48 n'est
868 1765 86 44 pas
989 1752 168 45 d'amis
1194 1769 122 43 pour
1351 1755 186 47 soufifrir
1572 1773 113 31 avec
1722 1777 131 38 nous,

649 1906 123 45 Pour
806 1906 187 61 pleurer
1029 1926 26 27 a
1086 1910 170 60 jamais
1291 1928 183 32 comme
1510 1931 166 33 nous...
1717 1919 62 45 Et
1815 1919 231 57 farouche,

514 1994 84 46 Ma
625 1997 216 45 Douleur
866 2014 27 30 a
917 1998 151 61 crispé
1093 2016 75 29 ses
1192 2002 172 61 poings
1388 2004 112 46 durs
1525 2022 80 28 sur
1629 2023 76 30 ma
1731 2009 195 47 bouche.

1532 2121 182 49 Cécile
1744 2121 179 49 Périn.

2342 1629 179 104 La
2608 1632 315 109 Boîte
3001 1639 130 104 de
3212 1644 451 138 Psyché

2204 1860 141 46 Ainsi
2382 1878 62 44 qu
2483 1880 62 28 un
2576 1865 145 61 jeune
2758 1869 158 46 oiseau
2954 1872 79 59 qui
3071 1874 29 45 d
3122 1891 93 30 une
3250 1877 92 47 aile
3377 1880 246 50 enfantine

2208 1952 179 61 Essaye
2425 1964 47 35 et
2507 1955 106 60 puis
2648 1960 211 59 suspend
2896 1977 86 30 son
3019 1964 78 45 voi
3134 1966 281 61 effarouché,

2205 2043 111 47 Pale
2352 2061 144 30 encor
2530 2047 84 46 des
2651 2057 206 38 terreurs
2892 2052 60 46 de
2987 2052 205 58 l'Erèbe,
3234 2058 195 61 Psyché,

2204 2133 165 60 Quitte
2405 2147 48 34 et
2488 2140 153 57 prend
2675 2148 108 37 tour
2817 2143 28 44 à
2883 2151 106 37 tour
3024 2145 45 45 la
3106 2145 128 48 boìte
3274 2150 293 51 clandestine

2203 2225 78 45 Où
2319 2241 86 29 son
2443 2228 175 60 regard
2655 2227 166 50 rèveur
2857 2242 71 36 est
2965 2236 212 60 toujours
3212 2239 202 48 attaché.

2201 2385 300 47 Insouciante
2538 2387 176 61 enfant,
2755 2388 42 47 la
2836 2391 130 46 Mort
3000 2404 164 49 guette
3200 2411 50 31 sa
3287 2400 144 58 proie.

2201 2476 125 45 Pour
2360 2479 160 44 savoir
2556 2479 42 45 le
2634 2490 150 37 secret
2820 2482 57 46 de
2915 2482 179 59 Vénus,
3132 2488 74 44 dis
3255 2489 136 47 adieu

2198 2566 45 46 A
2281 2566 45 46 la
2365 2568 102 54 Vie,
2509 2585 58 30 au
2606 2570 160 60 Soleil,
2806 2589 93 29 aux
2934 2574 117 47 fètes
3087 2576 62 46 du
3192 2578 85 47 ciel
3314 2580 123 49 bleu.

2199 2656 76 46 Tu
2313 2673 59 30 ne
2408 2658 273 49 connaitras
2717 2662 105 60 plus
2858 2663 67 47 les
2962 2664 173 48 larmes
3172 2668 59 46 de
3267 2669 44 46 la
3343 2672 112 61 joie,

2198 2748 68 44 Le
2303 2747 142 48 réveil
2482 2752 212 45 souriant
2730 2768 110 31 sous
2876 2754 67 46 les
2980 2754 178 49 baisers
3201 2757 124 48 d'un
3366 2762 124 48 dieu.

2194 2905 195 58 Artiste,
2429 2917 48 37 ta
2515 2909 180 61 Psyché
2732 2908 114 49 c'est
2885 2913 231 57 Pandore,
3160 2913 114 50 c'est
3311 2905 113 68 Ève,

2196 2994 134 49 C'est
2364 2997 43 47 le
2444 2998 124 47 désir
2603 2999 205 58 humain,
2846 3018 53 30 ce
2934 3003 254 48 chercheur
3224 3010 269 47 tourmenté

2196 3087 95 60 Qui
2327 3090 118 45 croit
2479 3100 163 50 porter
2678 3109 57 29 en
2773 3093 63 45 lui
2873 3092 28 47 1'
2924 3093 225 50 éternelle
3193 3098 181 49 Beauté

2194 3178 77 55 Et,
2312 3189 105 50 trop
2454 3181 246 61 impatient
2737 3184 57 45 de
2831 3185 292 61 contempler
3159 3204 90 30 son
3287 3189 109 49 réve

2191 3269 188 45 Tombe
2416 3280 123 36 mort
2575 3272 28 45 à
2638 3271 197 61 l'aspect
2871 3274 59 47 de
2967 3275 45 46 la
3050 3276 198 51 Réalité.

2846 3390 341 52 Emmanuel
3227 3396 101 48 des
3363 3397 241 51 Essarts.

2007 3496 227 73 22
