4051 3833
475 210 269 41 POESIA

1640 327 908 124 DÉPART

605 552 44 46 O
686 551 187 63 Village
908 552 226 58 d'enfant,
1172 553 60 46 de
1268 570 130 29 roses
1434 562 48 36 et
1517 552 289 60 d'automne,

532 628 51 36 tu
620 621 70 44 vis
727 621 367 47 heureusement
1129 638 60 28 au
1227 638 142 30 creux
1405 622 62 44 du
1505 621 155 47 vallon
1698 622 116 46 d'or.

534 687 68 45 Le
639 687 131 47 soleil
807 689 63 45 du
907 689 113 45 midi
1057 701 47 34 te
1139 699 148 36 tresse
1322 689 85 46 des
1443 706 264 29 couronnes

531 757 61 45 de
626 755 46 47 la
708 757 231 60 première
974 774 169 31 aurore
1177 760 30 45 à
1242 758 184 45 l'heure
1462 774 61 29 ou
1560 768 51 35 tu
1647 758 224 47 t'endors.

592 892 52 61 Je
680 894 177 61 respire
892 905 49 36 ta
976 896 160 46 bonne
1171 896 149 46 odeur
1355 895 191 47 franche
1580 905 48 36 et
1664 910 211 47 sauvage

530 979 122 43 pour
687 961 173 62 qu'elle
896 980 77 29 me
1009 962 194 62 pénètre
1238 974 49 37 et
1321 980 76 29 me
1431 965 147 44 rende
1612 962 106 62 plus
1755 964 92 45 fort
1863 980 9 37 ;

521 1030 51 59 je
607 1031 176 60 prends
818 1031 84 46 des
939 1031 244 47 talismans
1218 1049 121 43 pour
1374 1032 217 60 conjurer
1626 1031 44 46 le
1706 1042 99 35 sort

529 1115 77 29 car
635 1098 51 62 je
722 1099 100 46 vais
857 1098 127 48 m'en
1021 1101 115 45 aller
1170 1102 198 52 bientòt,
1410 1101 30 47 ó
1478 1117 111 29 mon
1626 1099 203 63 Village.

588 1231 87 64 J'ai
710 1234 118 48 lutté
864 1237 109 45 bien
1009 1235 271 63 longtemps
1316 1247 161 35 contre
1514 1247 107 35 tous
1658 1253 99 29 mes
1793 1235 161 55 désirs,

527 1304 118 44 mais
680 1303 68 47 les
784 1305 174 52 arbres,
1000 1320 52 30 ce
1087 1305 107 52 soir,
1235 1322 75 28 me
1346 1305 101 45 font
1482 1305 84 46 des
1602 1301 284 64 prophéties.

521 1369 86 62 J'ai
643 1389 61 28 vu
742 1374 85 44 des
863 1372 101 46 vols
1000 1370 245 49 d'oiseaux
1280 1389 163 44 passer
1477 1390 81 28 sur
1593 1372 45 46 la
1673 1374 197 59 prairie;

527 1455 93 29 une
656 1438 125 47 force
818 1440 235 47 inconnue
1089 1456 75 31 me
1205 1458 174 44 pousse
1415 1442 28 43 à
1478 1440 207 47 l'avenir.
1721 1450 10 8 ~

593 1574 179 60 Quand
808 1574 46 47 la
890 1577 102 46 nuit
1026 1592 206 31 revenue
1266 1579 201 44 fermerà
1503 1587 134 36 notre
1673 1586 137 52 porte

525 1659 81 30 sur
640 1642 46 47 la
722 1654 139 36 route
896 1643 109 62 déjà
1034 1644 49 61 je
1120 1646 231 59 presserai
1388 1662 101 28 mes
1524 1661 112 45 pas;

517 1710 51 63 je
603 1713 102 60 prie
741 1728 122 45 pour
897 1729 94 44 que
1026 1729 78 30 ma
1139 1713 129 46 mère
1303 1712 151 48 aimée
1490 1729 60 30 ne
1586 1713 162 61 pleure
1785 1731 111 43 pas;

522 1790 50 36 et
606 1797 122 44 pour
762 1798 94 44 que
885 1781 51 61 je
972 1792 222 36 retourne
1218 1792 142 36 avant
1384 1780 173 62 qu'elle
1593 1783 91 45 soit
1720 1793 169 38 morte.

2303 555 52 59 Je
2380 553 127 48 m'en
2534 557 100 45 vais
2660 575 106 29 vers
2790 559 45 45 la
2858 560 107 46 ville
2991 578 58 28 au
3071 578 84 29 son
3182 562 59 45 de
3267 578 110 29 mon
3415 560 145 47 bàton
3577 578 9 37 ;

2239 639 111 29 mon
2388 622 100 48 étre
2525 624 156 47 résolu
2719 626 210 48 déborde
2964 631 59 44 de
3059 647 205 44 courage
3281 647 9 37 ;

2230 689 242 63 j'entends
2510 692 68 46 les
2616 696 160 45 arbres
2812 696 133 47 bleus
2982 699 154 59 parler
3171 700 28 44 à
3234 715 111 29 mon
3384 714 205 45 passage

2239 760 59 44 de
2335 757 129 57 fètes,
2506 762 59 45 de
2601 763 191 56 baisers,
2832 766 59 45 de
2927 783 116 37 vers,
3084 766 397 47 d'acclamations.

2303 897 70 45 La
2408 896 109 47 lune
2553 899 118 46 dans
2707 900 42 46 le
2785 900 85 48 ciel
2907 901 85 47 luit
3027 920 121 43 pour
3184 920 75 29 me
3295 902 227 63 protéger

2232 975 47 35 et
2315 981 110 30 mon
2462 967 164 46 ombre
2662 980 71 34 est
2768 968 159 62 légère
2963 973 26 43 à
3025 973 44 43 la
3105 972 242 60 poussière
3384 973 140 60 grise.

2234 1033 70 46 La
2340 1044 258 52 montagne
2634 1035 60 46 où
2731 1037 183 47 bientót
2949 1050 270 36 monteront
3255 1040 68 46 les
3359 1042 197 59 bergers

2234 1101 121 46 n'est
2390 1102 106 60 plus
2532 1105 203 45 derrière
2771 1107 95 44 moi
2902 1107 78 60 qu'
2996 1124 88 30 une
3121 1126 155 28 masse
3312 1107 261 62 imprécise.

2302 1238 184 60 Depuis
2522 1238 273 63 longtemps
2832 1241 106 61 déjà
2974 1260 76 28 ma
3086 1245 189 44 marche
3311 1243 234 48 cadencée

2231 1305 119 45 dans
2387 1307 43 44 le
2466 1306 173 47 silence
2676 1326 107 28 emù
2822 1308 188 47 réveille
3045 1312 67 45 les
3148 1311 156 46 échos.

2234 1374 123 45 Mais
2394 1374 45 46 la
2475 1374 107 46 ville
2618 1388 216 48 apparait
2870 1380 27 43 à
2933 1379 227 46 l'horizon
3200 1397 216 29 nouveau

2232 1458 183 30 comme
2451 1443 68 46 les
2556 1444 156 45 beaux
2747 1445 231 47 chàteaux
3013 1449 118 44 dans
3168 1448 67 46 les
3272 1460 162 35 contes
3471 1450 60 45 de
3567 1448 109 47 fées.

2300 1579 215 60 Lorsque
2544 1580 50 60 je
2631 1582 226 45 rentrerai
2894 1583 117 45 dans
3048 1580 156 48 l'aube
3240 1583 232 62 déployée

2223 1643 319 64 j'entonnerai
2579 1658 105 36 tout
2720 1649 114 46 haut
2870 1667 76 28 ma
2982 1651 105 60 plus
3124 1652 121 45 belle
3281 1654 210 44 chanson
3511 1670 9 28 :

2223 1715 50 60 je
2309 1732 121 29 veux
2467 1714 142 62 qu'en
2648 1714 323 50 m'entendant
3008 1736 61 28 on
3107 1736 144 30 ouvre
3288 1721 68 45 les
3392 1722 210 44 maisons

2229 1792 47 37 et
2311 1781 145 63 qu'on
2488 1785 119 60 jette
2643 1785 84 45 des
2763 1786 139 46 fleurs
2938 1804 80 28 sur
3053 1804 75 29 me
3165 1786 96 48 tète
3296 1788 145 47 levée.

3179 1892 199 60 Henry
3407 1892 172 60 Rigal.

1449 2038 172 104 IL
1748 2036 996 111 COFANETTO

762 2257 38 47 Il
835 2257 238 47 cofanetto
1108 2268 169 36 ornato

691 2325 47 45 di
773 2324 245 63 leggiadre
1054 2325 151 62 figure

691 2390 119 66 (esili
846 2394 252 46 miniature

687 2452 115 55 d'un
838 2462 165 46 artista
1037 2461 195 62 malato)

755 2597 129 47 esala
918 2608 142 37 tenue
1096 2600 148 45 odore

686 2666 48 45 di
771 2666 120 47 dolci
927 2683 109 30 cose
1072 2678 152 36 morte

684 2732 144 66 (forse
863 2734 47 46 di
946 2751 108 30 rose
1088 2746 179 35 smorte

684 2803 88 47 che
808 2819 93 31 non
938 2804 159 46 hanno
1134 2804 168 55 colore,

753 2939 86 47 che
875 2955 95 31 non
1006 2940 161 46 hanno
1202 2939 230 64 bellezza).

684 3006 231 57 L'anima,
954 3007 294 47 tristemente

682 3092 87 46 per
802 3086 49 37 te
886 3077 198 55 ricorda,
1124 3086 147 46 sente,

682 3160 151 45 pensa
867 3143 47 48 la
950 3144 308 63 Giovanezza,

748 3297 148 44 pensa
932 3279 30 47 il
998 3289 163 53 tempo
1196 3280 212 49 lontano.

681 3346 63 68 (O
781 3359 213 38 creature
1028 3350 194 61 sparite,

1720 2275 30 31 o
1785 2259 127 47 larve
1947 2260 87 47 che
2069 2261 234 62 inseguite

1721 2328 222 47 abbiamo
1979 2346 188 46 sempre
2203 2332 188 55 invano,

1786 2481 27 30 e
1847 2481 202 46 sempre,
2087 2466 185 55 invano,
2313 2478 177 50 amato,

1716 2533 128 46 nulla
1885 2544 126 36 resta
2046 2535 49 45 di
2130 2537 92 53 voi,

1720 2599 103 47 solo
1860 2600 29 46 il
1926 2601 183 47 ricordo
2147 2604 44 44 in
2229 2604 94 58 noi,

1710 2669 101 47 solo
1848 2668 29 46 il
1914 2669 136 47 dolor
2084 2670 228 66 passato).

1710 2806 206 57 Lettere,
1954 2807 86 46 che
2076 2808 190 46 canzoni

1703 2873 127 49 foste
1869 2875 201 62 d'ignoti
2106 2876 107 47 cieli

1711 2958 85 45 per
1832 2943 72 46 cui
1940 2943 181 47 fummo
2157 2944 176 46 crudeli

1710 3027 85 44 per
1829 3012 74 45 cui
1938 3012 182 47 fummo
2156 3013 80 61 più
2272 3014 149 46 buoni

1777 3148 102 47 Ora
1914 3148 75 47 nel
2026 3149 238 47 cofanetto

1702 3215 117 47 siete
1855 3225 129 38 carta
2018 3216 235 64 ingiallita

1706 3285 86 45 che
1828 3300 62 30 un
1927 3283 180 63 palpito
2142 3286 48 46 di
2225 3287 98 46 vita

1706 3369 95 30 non
1838 3370 53 30 sa
1926 3355 188 47 destare
2149 3355 47 47 in
2233 3365 151 52 petto.

2742 2264 262 47 Passarono
3038 2265 65 61 gli
3139 2266 124 52 anni,

2742 2349 27 29 e
2805 2350 88 28 con
2930 2332 43 46 le
3009 2350 108 29 cose
3153 2345 163 44 morte,

2735 2416 26 29 e
2796 2411 72 36 tra
2902 2400 45 47 le
2982 2416 106 31 rose
3123 2414 178 35 smorte

2740 2467 251 48 l'ebbrezze
3027 2485 26 30 e
3089 2469 13 45 i
3139 2471 283 62 disinganni.

2808 2607 41 44 E
2882 2605 203 46 travolse
3119 2605 162 49 l'oblio

2733 2673 45 47 le
2812 2674 177 46 bocche
3024 2674 85 46 che
3145 2675 282 56 baciammo,

2732 2741 65 61 gli
2834 2742 192 60 sguardi
3062 2742 87 46 che
3183 2744 355 56 scambiammo,

2736 2810 160 62 pallidi
2932 2811 48 44 di
3015 2811 196 47 desio....

2737 2947 70 46 La
2844 2947 173 46 nebbia
3052 2946 288 49 lentamente

2733 3015 173 46 scende
2939 3015 159 63 gelida
3132 3017 45 45 al
3213 3018 157 61 piano,

2731 3083 213 47 svanisce
2980 3083 75 47 nel
3090 3083 197 49 lontano

2731 3151 179 56 l'amor,
2949 3153 386 62 gelidamente....

3199 3292 166 61 Willy
3395 3292 149 61 Dias.

1970 3499 227 33 20
