3076 4450
255 204 72 39 852

1372 207 241 40 BRUNO'S
1688 208 251 41 WEEKLY

1257 305 198 61 What
1486 304 53 63 is
1568 307 480 61 AEstheticism?

1279 392 33 34 A
1336 392 124 42 Reply
1483 398 43 28 to
1551 390 163 37 Certain
1738 393 142 35 Critics

254 460 249 103 QUITE
538 480 23 25 a
594 465 164 42 harvest
790 465 44 42 of
868 466 141 44 letters
1042 468 70 42 has
1145 470 98 41 been
1277 470 161 42 elicited
1472 472 52 49 by
1557 471 69 41 the

406 533 138 31 recent
584 523 143 43 article
767 525 41 41 in
851 524 110 43 these
1001 526 198 50 columns,
1246 529 92 41 The
1382 528 158 43 Genius
1583 532 43 48 of

255 577 156 44 China.
463 580 97 42 The
583 583 237 41 contention
845 585 119 41 made
989 585 113 42 there
1127 585 90 42 that
1242 587 138 41 artists
1402 587 148 41 should
1577 587 47 41 be

253 639 286 50 preoccupied,
569 640 140 41 rather
733 640 104 42 with
865 642 148 52 beauty
1039 643 99 41 than
1165 644 104 41 with
1295 644 70 41 the
1394 646 228 48 expression

249 705 8 17 e
258 695 47 41 of
323 696 304 52 individuality,
647 698 72 42 has
738 700 144 41 roused
903 700 68 41 the
992 715 125 37 anger
1135 701 44 41 of
1199 717 220 27 numerous
1439 703 184 49 readers;

259 755 82 40 and
362 769 124 41 many
506 755 44 41 of
573 755 121 51 these,
719 757 41 40 in
783 757 68 42 the
872 773 141 26 course
1034 759 44 41 of
1101 759 305 52 expostulating
1427 759 104 43 with
1555 761 68 41 the

258 812 180 42 writer's
460 814 177 41 attitude
660 814 41 41 in
725 814 79 42 this
828 826 166 41 respect,
1019 816 102 44 have
1141 818 152 49 spoken
1317 818 307 51 reproachfully

248 869 50 42 of
317 870 85 42 him
421 886 42 26 as
482 871 120 52 being
618 872 115 43 what
752 872 95 53 they
864 873 80 42 call
964 890 51 25 an
1034 875 179 42 aesthete.
1263 875 113 42 Now
1394 873 80 45 this
1491 878 131 47 word,

256 927 130 53 folonjg
412 929 102 42 with
543 929 69 42 the
637 931 137 42 others
801 931 194 43 affiliated
1023 933 103 41 with
1154 933 45 50 it,
1228 934 32 41 is
1286 933 212 52 employed
1526 950 99 35 very

257 981 241 58 frequently
522 988 40 41 in
588 1004 51 26 an
665 989 266 50 approbrious
955 1006 123 33 sense,
1106 991 168 52 notably
1299 992 51 51 by
1376 993 94 41 Mr.
1498 993 102 41 Fred-

261 1043 83 44 eric
376 1046 207 42 Harrison
616 1047 42 41 in
692 1048 93 43 The
821 1048 151 45 Choice
1006 1052 44 48 of
1079 1050 151 46 Books,
1262 1049 52 52 by
1346 1050 93 42 Mr.
1472 1051 152 50 Joseph

262 1103 175 42 Pennell
468 1105 41 40 in
543 1104 60 42 his
634 1106 96 50 Life
764 1109 44 47 of
841 1107 217 48 Whistler,
1091 1107 188 52 together
1309 1108 104 42 with
1447 1124 23 25 a
1501 1109 123 41 much

259 1171 191 42 stronger
473 1162 150 42 author
646 1162 100 43 than
771 1164 130 42 either
922 1164 45 42 of
992 1165 110 42 these
1128 1175 96 39 two,
1251 1166 152 51 Major
1429 1166 196 42 Haldane

261 1219 187 43 Macfall
480 1221 42 41 in
554 1221 62 45 his
647 1222 286 42 monumental
962 1224 177 50 History
1175 1227 45 47 of
1250 1224 212 51 Painting.
1524 1225 100 42 And

261 1279 261 51 considering
551 1280 108 41 their
689 1280 85 42 free
804 1296 70 26 use
905 1282 42 40 in
978 1282 80 40 this
1088 1298 105 35 way,
1225 1282 32 40 is
1288 1282 32 42 it
1350 1293 73 31 not
1453 1282 97 42 well
1582 1293 42 31 to

260 1338 160 49 ponder
447 1353 42 25 as
518 1348 41 31 to
588 1338 115 42 what
733 1338 111 43 these
872 1349 124 32 terms
1026 1339 128 52 really
1182 1340 179 51 signify?
1422 1341 40 41 Is
1491 1341 32 41 it
1552 1352 73 30 not

259 1394 99 42 well
385 1405 42 31 to
453 1397 168 49 enquire
645 1396 187 43 whether
856 1397 259 42 aestheticism
1142 1399 146 41 indeed
1316 1398 157 51 implies
1498 1414 102 27 some-

261 1452 120 51 thing
407 1453 253 50 despicable?

260 1512 165 41 Ruskin,
456 1513 144 34 Morris
629 1514 79 35 and
738 1515 126 35 Wilde

317 1570 73 41 No
418 1585 73 37 age
519 1571 139 51 brings
686 1571 114 42 forth
829 1573 200 52 anything
1056 1574 156 52 wholly
1240 1590 105 26 new.
1404 1574 41 43 It
1472 1575 153 52 merely

255 1628 116 42 coins
400 1644 94 27 new
522 1645 138 26 names
689 1630 68 41 for
785 1630 69 42 old
884 1630 150 53 things,
1067 1632 68 42 the
1164 1634 101 40 need
1297 1633 67 41 for
1392 1634 111 41 these
1533 1650 93 26 new

254 1702 145 27 mames
433 1688 152 51 arising
618 1688 109 42 from
761 1690 164 40 various
958 1690 69 41 old
1063 1690 138 52 things
1234 1691 121 51 being
1389 1691 233 51 developed,

253 1746 88 41 and
373 1747 207 50 assuming
610 1763 22 24 a
661 1762 93 26 new
784 1748 368 49 conspicuousness.
1215 1749 82 41 For
1327 1750 196 50 example,
1557 1750 68 41 the

258 1805 294 50 steam-engine
574 1805 80 41 and
678 1804 69 42 the
769 1805 216 50 aeroplane
1008 1822 67 26 are
1097 1808 142 40 driven
1263 1808 51 50 by
1336 1807 131 43 forces
1488 1808 136 43 which

259 1877 70 27 are
359 1862 179 49 eternal;
569 1863 74 41 but
674 1863 67 41 the
771 1864 170 41 modern
973 1865 261 49 prominence
1263 1865 44 41 of
1339 1865 109 42 these
1479 1867 144 49 forces,

259 1919 72 45 the
362 1931 259 31 momentous
653 1937 69 26 use
757 1931 42 32 to
832 1921 136 42 which
1002 1923 95 51 they
1131 1923 102 41 have
1267 1924 98 40 been
1400 1934 86 40 put,
1522 1924 103 42 have

259 1978 224 52 inevitably
511 1978 178 43 resulted
717 1980 41 40 in
787 1996 50 25 an
866 1980 206 42 elaborate
1099 1981 309 42 nomenclature
1436 1984 190 50 growing

254 2052 61 35 dp
345 2037 160 41 around
536 2037 124 49 them,
694 2038 80 41 and
806 2038 68 41 the
905 2037 80 42 like
1015 2039 179 50 happens
1224 2039 233 52 constantly
1486 2041 139 41 where

251 2105 73 32 art
346 2095 32 42 is
399 2096 239 42 concerned.
689 2095 123 43 Thus
835 2095 69 43 the
925 2097 137 41 school
1084 2097 45 41 of
1153 2097 161 42 Claude
1338 2098 166 49 Monet,
1528 2099 96 41 who

257 2152 133 52 styled
427 2153 241 43 themselves
705 2154 332 50 Impressionists,
1075 2156 80 40 and
1192 2171 109 26 were
1338 2158 197 49 regarded
1574 2158 51 50 by

251 2222 115 31 most
390 2211 45 42 of
463 2211 106 42 their
595 2213 343 49 contemporaries
966 2229 42 25 as
1034 2229 22 26 a
1082 2213 200 51 complete
1309 2214 177 51 novelty,
1515 2231 110 26 were

256 2270 151 51 simply
438 2271 225 41 concerned
695 2271 104 42 with
832 2271 227 52 exploiting
1090 2273 154 40 certain
1279 2273 209 49 perennial
1523 2273 102 43 laws

253 2329 48 41 in
338 2329 384 51 colour-harmony;
761 2330 81 41 and
881 2330 222 50 analogous
1142 2330 226 52 exploiting
1404 2331 80 41 had
1524 2332 99 41 been

451 2387 99 52 long
580 2387 139 48 before
749 2388 32 41 it
810 2387 79 42 had
922 2389 181 40 received
1135 2389 67 40 the
1234 2389 165 42 definite
1431 2405 118 26 name
1578 2390 45 41 of

258 2446 339 50 Impressionism,
627 2461 51 26 an
705 2447 270 50 outstanding
1003 2447 246 50 anticipator
1275 2447 44 41 of
1349 2447 79 42 this
1456 2448 167 42 method

246 2503 57 42 of
336 2505 189 50 painting
557 2504 122 51 being
712 2504 236 41 Delacroix.
1013 2505 50 40 In
1098 2504 68 42 the
1198 2521 109 25 same
1339 2521 104 36 way,
1479 2507 41 40 in
1556 2505 68 43 the

255 2562 159 42 middle
442 2562 44 41 of
514 2562 68 41 the
610 2562 79 42 last
716 2572 183 41 century,
931 2563 160 42 Britain
1120 2579 85 26 was
1234 2563 175 52 signally
1436 2565 189 50 wanting

250 2621 50 41 in
321 2636 80 36 any
421 2631 103 31 taste
545 2620 67 42 for
633 2620 68 42 the
722 2620 160 51 applied
905 2631 106 39 arts;
1032 2622 79 40 and
1134 2621 204 52 presently
1361 2622 159 42 Ruskin
1543 2623 80 41 and

256 2679 197 42 William
491 2679 163 42 Morris
691 2678 128 52 began
858 2679 174 52 striving
1069 2678 235 53 eloquently
1341 2690 42 31 to
1422 2680 203 42 inculcate

250 2737 101 42 that
402 2747 117 40 taste,
573 2737 135 42 which
762 2737 226 50 thereupon
1041 2739 190 48 acquired
1286 2738 68 41 the
1407 2754 119 26 name
1579 2739 45 41 of

531 2811 10 27 :
569 2812 23 25 a
617 2796 118 42 word
762 2795 232 52 previously
1021 2796 108 42 little
1157 2797 40 40 in
1224 2812 144 35 vogue,
1399 2797 79 41 this
1505 2796 120 52 thing

247 2864 54 32 to
320 2854 136 42 which
477 2855 32 40 it
529 2853 183 44 referred
732 2854 121 52 being
870 2869 99 37 very
988 2854 69 42 old
1077 2853 158 43 withal.
1288 2855 94 50 For,
1404 2855 45 41 of
1469 2870 153 34 course,

257 2913 156 51 during
431 2913 209 41 hundreds
658 2913 45 41 of
722 2928 115 35 years
856 2913 112 50 prior
989 2923 41 31 to
1051 2913 68 41 the
1140 2913 151 41 advent
1310 2913 44 41 of
1375 2913 248 52 machinery,

259 2987 23 25 a
315 2971 93 41 love
440 2971 45 41 of
519 2970 69 42 the
623 2971 160 50 applied
819 2981 84 32 arts
936 2987 85 25 was
1054 2971 151 51 widely
1239 2972 40 40 in
1316 2972 202 48 evidence,
1556 2971 68 42 the

258 3029 214 52 Georgian
502 3044 69 27 era
601 3029 120 52 being
749 3045 77 26 one
854 3029 182 42 wherein
1068 3030 32 40 it
1128 3045 85 26 was
1242 3029 192 52 specially
1462 3028 161 51 salient,

255 3104 81 26 nor
357 3089 95 41 does
475 3088 33 41 it
529 3104 149 35 appear
700 3103 94 27 ever
816 3098 43 31 to
882 3087 102 42 have
1007 3088 98 40 been
1130 3087 177 52 thought
1329 3087 93 52 silly
1446 3088 41 40 in
1511 3087 114 42 those

250 3147 117 51 days.
421 3147 84 41 But
527 3162 96 26 now
644 3147 32 40 it
696 3162 85 26 was
801 3146 167 42 sneered
992 3156 42 31 at
1055 3146 67 41 far
1144 3147 80 40 and
1248 3161 110 34 near,
1383 3147 40 40 in
1446 3147 157 49 particu-

251 3205 71 42 lar
357 3205 52 51 by
445 3204 166 52 George
647 3205 56 41 du
974 3205 40 40 in
1051 3205 163 47 Punch,
1252 3204 171 41 ridicule
1460 3204 165 51 quickly

252 3265 196 50 growing
470 3280 113 25 more
606 3278 146 36 savage
775 3263 121 42 when
923 3263 68 41 the
1016 3262 143 42 efforts
1183 3262 43 42 of
1253 3262 67 42 the
1346 3273 83 31 two
1454 3273 170 31 masters

256 3322 205 42 aforesaid
491 3338 111 25 came
631 3332 42 31 to
702 3322 47 42 be
777 3322 199 41 seconded
1006 3320 349 52 enthusiastically
1384 3321 52 51 by
1463 3320 159 50 Wilde,

257 3396 53 26 an
341 3381 170 41 avowed
542 3391 146 41 votary
717 3380 44 42 of
794 3381 172 48 Ruskin,
1000 3390 41 31 to
1072 3379 139 42 whose
1240 3379 184 52 glowing
1453 3379 172 51 writing

256 3439 63 41 his
356 3455 109 33 own,
507 3438 204 42 beautiful
750 3438 104 52 style
892 3454 85 27 was
1017 3438 198 51 probably
1253 3438 123 42 much
1417 3437 205 42 indebted.

257 3498 162 41 Ruskin
450 3498 80 41 and
563 3497 163 42 Morris
755 3497 80 42 had
866 3497 98 41 been
996 3506 167 32 content
1194 3506 41 31 to
1266 3497 69 40 ask
1366 3495 68 42 for
1462 3506 163 41 greater

256 3556 150 52 beauty
438 3557 41 40 in
513 3555 283 49 architecture,
832 3556 41 40 in
907 3555 382 50 book-production,
1324 3555 40 40 in
1400 3555 222 48 furniture,

255 3614 184 42 whereas
471 3614 147 43 Wilde
648 3624 113 32 went
794 3613 177 50 further,
1007 3613 143 51 asking
1183 3613 66 41 for
1282 3623 162 41 greater
1477 3612 148 51 beauty

256 3674 42 41 in
322 3674 134 49 dress;
479 3673 80 42 and
584 3673 79 42 this
687 3682 161 41 request
871 3672 180 51 brought
1074 3671 69 42 the
1166 3687 116 26 scorn
1307 3671 43 41 of
1376 3671 68 42 the
1469 3671 155 41 British

253 3732 85 42 and
362 3732 223 41 American
610 3747 109 26 races
743 3742 42 30 to
811 3747 23 25 a
857 3730 161 49 climax,
1046 3729 106 42 their
1176 3729 126 41 mirth
1330 3739 42 31 at
1396 3729 68 41 the
1489 3728 136 43 whole

252 3791 96 41 idea
381 3791 122 51 being
534 3789 244 52 crystalized
812 3788 158 52 shortly
1004 3789 41 40 in
1081 3788 67 41 the
1182 3803 123 35 opera
1337 3787 45 42 of
1415 3789 208 40 Patience.

254 3849 46 42 It
322 3850 32 40 is
378 3859 164 41 strange
566 3849 91 41 that
681 3848 68 41 the
773 3858 92 40 part
889 3847 44 42 of
959 3847 68 42 the
1049 3846 150 51 vulgar
1223 3846 101 42 herd
1349 3845 147 42 should
1523 3845 102 42 have

250 3908 107 42 been
388 3908 122 41 taken
541 3908 51 49 by
620 3906 98 43 such
749 3906 132 51 gifted
911 3921 93 26 men
1037 3922 40 24 as
1108 3905 169 42 Gilbert
1308 3905 80 44 and
1422 3903 201 46 Sullivan.

1691 461 111 49 And,
1834 462 207 50 assuming
2069 461 67 42 for
2165 478 21 25 a
2214 473 184 32 moment
2425 462 91 43 that
2544 463 259 42 aestheticism
2833 479 137 26 means
3000 480 47 26 no

1691 534 113 26 more
1832 518 98 42 than
1959 519 80 41 this
2066 520 297 42 time-honored
2394 531 103 31 taste
2523 520 136 42 which
2688 522 171 47 Ruskin,
2890 522 158 43 Morris

1693 578 79 40 and
1808 577 146 41 Wilde
1989 579 105 40 tried
2131 588 42 31 to
2208 578 121 52 bring
2364 579 112 49 back,
2514 580 32 40 it
2580 580 31 40 is
2648 579 228 50 impossible
2912 590 42 31 to
2989 595 59 27 see

1690 635 95 50 why
1810 635 68 41 the
1901 637 117 40 word
2043 635 146 42 should
2215 637 47 40 be
2286 637 235 41 considered
2547 652 51 26 an
2624 637 206 41 infamous
2853 652 89 26 one.

1692 693 83 34 The
1798 693 243 43 Philosophy
2065 694 42 35 of
2128 694 68 35 the
2220 695 94 35 Fine
2338 695 96 35 Arts

1750 752 84 42 But
1865 751 68 41 the
1963 753 229 50 dictionary
2222 752 174 42 informs
2427 753 252 51 confidently
2710 753 102 49 that,
2846 753 65 41 far
2943 753 104 44 from

1691 809 172 51 holding
1891 825 78 36 any
1998 810 201 42 exclusive
2230 811 206 41 reference
2465 821 41 31 to
2537 827 22 25 a
2587 811 92 41 love
2708 811 67 41 for
2803 811 153 52 having
2985 811 62 43 the

1692 867 137 51 things
1864 868 45 40 of
1947 868 109 51 daily
2093 884 68 25 use
2199 868 216 49 beautiful,
2453 868 202 42 aesthetics
2692 868 128 52 really
2857 870 190 41 indicates

1806 926 240 51 philosophy
2064 926 43 41 of
2128 926 68 41 the
2215 926 81 42 fine
2486 927 99 41 And
2605 926 114 43 what
2737 926 157 43 endless
2913 927 141 51 people

1691 983 113 42 there
1827 1000 66 25 are
1914 984 106 48 who,
2044 985 211 50 accepting
2276 985 79 40 this
2377 985 78 41 last
2477 1000 41 26 as
2540 985 68 41 the
2628 984 170 44 world's
2819 995 92 31 true
2931 985 123 50 signK

1691 1042 164 49 ficance,
1893 1042 272 42 nevertheless
2201 1042 155 42 seldom
2394 1044 183 40 mention
2614 1044 32 40 it
2681 1058 94 28 save
2809 1042 238 52 scornfully.

1693 1101 137 50 Many
1861 1100 90 42 will
1982 1116 98 25 even
2114 1100 109 42 refer
2253 1100 357 52 contemptuously
2641 1111 42 30 to
2716 1100 56 42 all
2804 1101 130 41 active
2965 1116 64 36 pre-

1691 1159 240 49 occupation
1963 1159 103 41 with
2099 1159 80 41 this
2210 1174 108 26 same
2349 1159 251 51 philosophy,
2634 1158 245 42 meanwhile
2911 1174 116 35 appar-

1691 1216 113 52 ently
1824 1216 227 52 forgetting
2070 1217 101 48 that,
2194 1217 68 41 the
2280 1218 154 50 genesis
2453 1218 80 40 and
2554 1218 269 40 constituents
2841 1214 44 44 of
2906 1217 144 51 beauty

1692 1275 120 51 being
1834 1291 42 25 so
1898 1291 100 35 very
2020 1276 254 50 mysterious,
2299 1274 251 51 speculation
2575 1275 103 42 with
2705 1275 146 51 regard
2877 1285 42 31 to
2944 1273 106 44 these

1693 1335 204 49 questions
1932 1334 72 40 has
2037 1334 185 50 perforce
2257 1333 171 42 enlisted
2462 1333 69 41 the
2565 1348 96 35 pens
2694 1333 44 41 of
2773 1349 22 25 a
2829 1332 146 51 galaxy
3008 1333 42 41 of

1691 1408 93 26 men
1820 1392 44 41 of
1902 1392 68 42 the
2008 1392 193 51 grandest
2238 1391 195 42 intellect.
2485 1390 202 42 Aristotle
2725 1392 80 40 and
2846 1390 204 50 Nietsche,

1693 1451 233 51 Coleridge,
1960 1451 170 42 Walter
2165 1451 125 40 Pater
2324 1450 79 41 and
2439 1449 246 42 Swinburne
2686 1449 129 41 did
2851 1460 72 30 not
2958 1449 93 41 each

1691 1510 44 41 of
1756 1510 110 41 these
1886 1510 52 40 do
1957 1508 123 42 much
2100 1508 44 42 of
2165 1508 60 42 his
2245 1507 159 42 noblest
2422 1508 118 42 work
2562 1508 40 40 in
2625 1507 79 41 this
2726 1507 180 50 despised
2929 1507 96 41 field
3037 1507 13 41 ?

1690 1568 98 42 And
1811 1568 181 51 waiving
2015 1567 110 42 these
2145 1567 163 43 writers
2330 1566 44 42 of
2398 1565 137 42 actual
2558 1566 183 41 treatises
2761 1581 54 26 on
2840 1564 210 50 aesthetics,

1693 1644 22 24 a
1741 1627 286 41 constellation
2053 1626 44 41 of
2124 1635 171 32 masters
2320 1626 41 41 in
2389 1625 188 50 painting
2601 1640 49 25 or
2674 1623 221 52 sculpture,
2926 1623 105 42 archi-

1693 1696 167 38 tecture,
1889 1686 129 40 music
2043 1700 47 26 or
2117 1694 154 41 poetry,
2300 1684 101 41 have
2430 1682 77 42 left
2533 1681 150 43 behind
2712 1682 110 42 them
2849 1681 178 42 volumin-

1691 1760 73 25 ous
1801 1759 119 35 pages
1956 1743 44 41 of
2039 1743 98 50 deep
2173 1743 164 50 musing
2373 1742 247 50 concerning
2656 1740 68 41 the
2760 1740 111 41 bases
2907 1740 44 41 of
2989 1750 63 31 art

1693 1803 40 40 in
1763 1801 178 52 general.
2001 1801 96 41 The
2126 1799 225 52 delightful
2379 1799 168 52 journal
2577 1799 44 41 of
2652 1799 224 42 Delacroix
2906 1799 31 40 is
2968 1798 84 41 rich

1693 1862 40 39 in
1768 1870 152 32 matter
1955 1860 44 41 of
2036 1860 78 40 this
2149 1869 98 38 sort,
2284 1874 42 26 as
2360 1858 85 41 also
2481 1858 31 40 is
2547 1857 69 41 the
2652 1856 323 52 autobiography
3008 1856 44 42 of

1691 1919 185 49 Goethe;
1897 1917 125 43 while
2043 1917 137 42 others
2202 1917 80 41 like
2305 1917 254 49 Dominique
2582 1916 156 50 Ingres,
2763 1915 216 41 Leonardo
3003 1915 51 41 da

1691 1978 122 42 Vinci
1843 1978 79 40 and
1952 1976 55 42 G.
2038 1976 46 41 F.
2112 1976 145 42 Watts
2285 1975 102 41 have
2413 1975 170 41 written
2612 1975 41 40 in
2681 1973 240 42 note-books
2948 1973 106 42 their

1691 2036 251 41 convictions
1966 2050 54 25 on
2048 2034 68 41 the
2141 2034 171 50 subject,
2340 2032 136 42 which
2504 2032 150 51 figures
2681 2030 157 52 largely
2864 2031 120 51 again
3013 2032 39 40 in

1691 2094 69 41 the
1791 2093 141 42 letters
1963 2093 43 41 of
2038 2093 140 49 Keats,
2212 2091 44 42 of
2290 2091 140 48 Blake,
2462 2090 45 41 of
2540 2090 192 41 Rossetti.
2794 2090 41 41 It
2865 2099 110 32 must
3007 2089 47 41 bfi

1691 2151 332 51 acknowledged,
2048 2150 111 49 then,
2184 2150 90 41 that
2417 2148 238 51 philosophy
2678 2148 44 41 of
2747 2147 67 42 the
2837 2147 81 42 fine
2942 2141 108 48 arts'!

1691 2211 32 40 is
1744 2220 72 31 not
1839 2227 22 24 a
1883 2209 118 51 thing
2022 2219 42 30 to
2087 2209 47 40 be
2156 2208 181 41 derided.
2391 2207 57 42 Sa
2465 2223 108 32 now,
2598 2207 162 50 passing
2782 2205 139 52 gladly
2945 2206 107 42 from

1691 2269 80 41 this
1794 2269 158 47 truism,
1978 2269 32 39 it
2032 2267 172 42 behoves
2227 2276 42 31 to
2293 2266 184 41 examine
2500 2265 91 42 that
2613 2265 193 51 meaning
2827 2263 135 43 which
2987 2263 66 42 the

1691 2328 117 41 word
1846 2326 184 41 aesthetic
2065 2324 223 52 seemingly
2325 2323 118 42 holds
2483 2323 67 41 for
2588 2340 22 24 a
2648 2323 174 41 number
2859 2322 43 42 of
2942 2322 111 42 those

1691 2385 95 42 who
1825 2385 188 41 attacked
2051 2383 69 42 the
2156 2382 178 43 writer's
2372 2382 175 42 Chinese
2587 2380 163 43 article:
2789 2382 42 40 in
2869 2380 93 50 fine,
3004 2396 48 26 an

1693 2444 118 41 artist
1846 2443 96 41 who
1979 2443 223 40 endeavors
2238 2439 252 52 consciously
2528 2440 80 41 and
2646 2438 190 53 ardently
2874 2439 180 42 towards

1691 2502 68 41 the
1784 2502 168 50 making
1975 2500 45 42 of
2044 2500 161 51 beauty,
2232 2499 141 41 rather
2397 2498 100 42 than
2524 2497 182 43 towards
2732 2497 68 42 the
2826 2498 228 49 expression

1691 2560 44 41 of
1768 2558 304 52 individuality.

1691 2619 85 36 The
1796 2619 203 40 Necessity
2020 2618 44 35 of
2084 2617 116 35 Form

1751 2678 41 40 It
1817 2678 31 40 is
1874 2692 50 26 an
1951 2676 269 50 outstanding
2245 2674 212 51 tendency,
2485 2673 103 43 with
2615 2672 69 43 the
2708 2688 185 37 younger
2920 2674 135 42 artists

1692 2735 44 42 of
1773 2735 69 42 the
1877 2744 163 42 present
2074 2735 111 48 time,
2222 2744 42 31 to
2302 2732 111 52 deify
2449 2732 143 51 loudly
2627 2732 256 41 whatsoever
2920 2732 136 51 things

1692 2794 173 51 embody
1893 2809 23 25 a
1943 2803 155 40 strong,
2127 2791 188 52 personal
2345 2801 150 38 accent,
2526 2791 80 41 and
2635 2789 256 43 whatsoever
2920 2790 136 51 things

1693 2867 68 26 are
1791 2850 237 52 manifestly
2058 2850 69 42 the
2156 2851 154 41 sincere
2342 2849 80 41 and
2454 2848 199 51 adequate
2685 2857 212 33 utterance
2927 2848 45 42 of
3005 2864 50 26 an

1692 2911 192 41 emotion.
1943 2909 223 49 However,
2194 2907 70 42 the
2289 2923 96 26 man
2412 2906 95 43 who
2533 2907 141 42 writes
2700 2922 51 26 an
2780 2921 129 37 angry
2935 2906 122 43 letter

1692 2985 93 34 may
1813 2970 92 49 give
1931 2968 153 41 sincere
2113 2967 81 41 and
2224 2966 199 49 adequate
2451 2966 228 49 expression
2709 2975 44 31 to
2782 2980 51 26 an
2862 2965 192 48 emotion,

1692 3027 112 50 quite
1823 3025 176 52 possibly
2018 3026 126 50 doing
2162 3024 80 42 this
2262 3025 41 40 in
2323 3040 24 26 a
2365 3039 99 39 very
2483 3022 230 43 individual
2734 3022 174 42 fashion.
2958 3022 97 43 And

1693 3085 90 42 that
1810 3085 95 42 does
1931 3094 73 31 not
2031 3083 241 51 necessarily
2298 3081 127 52 imply
2453 3080 91 43 that
2570 3081 50 42 he
2646 3081 72 41 has
2744 3081 120 42 made
2892 3097 22 25 a
2940 3081 115 42 work

1692 3144 45 41 of
1769 3153 77 40 art,
1879 3142 67 42 for
1976 3142 180 42 without
2187 3141 110 41 form
2329 3140 114 42 there
2474 3155 74 27 can
2581 3139 48 41 be
2660 3155 53 25 no
2744 3149 76 39 art,
2854 3155 78 25 nor
2963 3140 92 41 does

1692 3218 79 35 any
1794 3201 118 42 work
1936 3200 79 42 live
2037 3200 136 42 which
2199 3201 31 40 is
2253 3209 73 32 not
2351 3198 204 42 beautiful
2580 3199 40 40 in
2644 3213 111 27 some
2778 3214 104 34 way,
2909 3197 146 52 beauty

1693 3260 121 51 being
1847 3275 50 26 an
1932 3259 202 50 infinitely
2168 3259 157 41 diverse
2358 3258 203 49 quantity.
2626 3255 73 42 On
2734 3255 69 42 the
2835 3271 79 26 one
2946 3255 112 43 hand

1692 3320 33 40 it
1745 3334 94 35 may
1860 3318 48 41 be
1929 3318 100 49 said,
2050 3316 104 43 with
2177 3314 198 44 tolerable
2398 3330 226 33 assurance,
2649 3314 91 41 that
2763 3329 78 36 any
2862 3330 78 25 one
2962 3314 93 42 who

1693 3378 97 41 tries
1815 3386 42 31 to
1883 3377 121 42 write
2031 3391 22 26 a
2079 3391 129 35 poem,
2236 3390 49 26 or
2310 3375 114 49 paint
2451 3389 23 26 a
2500 3374 170 50 picture,
2699 3373 80 41 and
2807 3373 32 41 is
2865 3372 190 50 impelled

1692 3436 51 51 by
1773 3434 175 51 nothing
1977 3434 158 51 beyond
2167 3433 67 41 the
2265 3432 223 42 deliberate
2519 3432 129 41 desire
2679 3441 42 31 to
2753 3431 117 41 make
2902 3431 155 41 artistic

1692 3495 161 49 beauty,
1881 3492 90 43 will
1998 3502 73 31 not
2100 3492 129 41 attain
2259 3490 200 52 anything
2485 3499 116 42 great
2628 3505 48 26 or
2702 3488 116 42 vital.
2877 3489 97 50 But,
3003 3505 52 25 on

1692 3552 70 41 the
1789 3551 120 42 other
1937 3551 123 47 hand,
2092 3550 113 41 those
2235 3550 98 49 deep
2364 3549 211 47 emotions,
2605 3546 136 44 which
2773 3563 67 26 are
2870 3546 187 43 essential

1692 3621 42 31 to
1759 3610 81 41 fine
1865 3610 158 41 artistic
2047 3608 192 49 creation,
2267 3608 141 50 spring
2433 3607 109 41 from
2569 3622 22 26 a
2616 3605 152 42 hidden
2796 3621 140 26 source
2961 3621 97 26 over

1691 3668 136 43 which
1848 3668 69 41 the
1938 3668 118 41 artist
2074 3665 165 43 himself
2260 3666 71 41 has
2352 3681 51 25 no
2424 3666 258 49 suzerainty;
2703 3679 48 26 or
2771 3679 41 26 as
2834 3662 222 44 Stevenson

1693 3737 94 41 puts
1818 3728 32 40 it
1881 3725 188 52 happily:
2231 3734 106 32 most
2369 3723 205 42 beautiful
2607 3723 246 41 adventures
2885 3737 68 26 are
2986 3732 71 32 not

1693 3786 113 42 those
1834 3801 65 26 we
1927 3800 50 36 go
2007 3795 43 30 to
2269 3782 99 42 And
2399 3783 131 50 again,
2563 3781 92 41 that
2682 3779 164 52 equally
2876 3781 182 49 precious

1693 3845 131 50 thing,
1851 3843 131 42 called
2010 3840 304 53 individuality,
2342 3851 110 32 must
2478 3840 48 42 be
2552 3840 161 48 inborn,
2742 3849 42 31 to
2811 3849 67 41 try
2904 3839 80 41 and
3012 3839 46 41 be

1691 3902 178 52 original
1895 3902 121 51 being
2043 3899 261 52 accordingly
2330 3899 43 42 of
2400 3915 53 25 no
2481 3897 120 48 ayaiL
2659 3897 41 47 It
2726 3897 32 46 is
2783 3895 154 51 merely
2962 3912 96 32 over
