3076 4450
1186 225 241 39 BRUNO'S
1503 230 250 37 WEEKLY

2798 244 72 36 847

78 305 71 40 her
168 307 176 50 curtain,
364 308 185 54 hugging
569 312 68 42 the
657 313 103 52 baby
781 316 40 41 in
843 316 72 42 her
936 334 119 34 arms,
1077 321 184 53 walking
1282 341 53 33 up
1358 327 80 40 and

79 363 123 41 down
238 365 42 39 in
318 365 67 42 the
420 368 119 41 small
577 385 127 28 room.
772 374 50 40 In
859 375 68 42 the
963 379 194 52 morning
1191 380 70 43 she
1296 384 142 41 would

76 421 136 41 watch
252 423 67 40 the
356 424 294 45 letter-carrier
689 430 109 42 from
837 433 72 41 her
947 437 312 43 windowshe
1297 442 141 42 would

78 479 135 40 watch
238 480 84 42 him
347 483 108 41 until
480 484 49 42 he
553 486 80 41 had
658 490 140 47 passed
823 489 73 43 her
920 492 113 42 door.

136 537 19 40 I
181 549 113 30 went
316 550 74 31 out
415 552 42 31 to
482 543 68 42 the
574 556 175 41 country
774 547 68 41 for
865 564 23 26 a
913 550 84 42 few
1021 552 97 52 days
1143 555 80 40 and
1249 555 51 51 by
1325 556 114 43 habit

79 595 19 39 I
128 594 145 43 looked
304 614 54 33 up
388 609 41 31 at
457 599 73 43 her
557 603 202 43 windows
786 621 54 25 on
868 623 68 35 my
965 619 156 33 return.
1179 611 124 54 They
1329 631 109 27 were

76 652 106 49 shut,
212 654 68 42 the
308 658 181 41 curtains
516 659 145 43 drawn
689 663 163 52 tightly.
910 665 95 43 The
1033 667 293 46 letter-carrier
1353 675 87 49 just

78 710 96 41 then
204 727 112 27 came
344 717 159 40 around
533 717 68 42 the
629 735 145 27 corner
802 724 80 40 and
912 740 101 34 gave
1041 742 64 25 me
1134 744 68 35 my
1230 729 134 42 bunch
1391 732 46 41 of

76 767 105 43 bills.
400 774 124 42 about
544 791 78 27 our
922 783 17 40 I
964 783 133 42 asked.
1281 788 157 43 doesn't

76 842 104 25 seem
202 838 41 31 to
266 829 46 41 be
332 832 171 42 anxious
525 844 41 31 to
588 846 68 40 get
676 852 23 25 a
720 837 122 42 letter
863 838 109 43 from
994 857 79 34 you

75 895 71 39 got
174 901 76 26 one
277 903 19 35 )/
296 904 6 8 r
559 892 50 41 he
638 894 167 49 replied.
962 915 85 25 was
1075 901 68 41 the
1172 902 90 42 first
1289 920 78 26 one
1395 907 41 40 in

77 942 95 42 four
206 946 145 48 weeks,
389 947 68 42 the
491 949 90 42 first
615 967 77 26 one
727 969 106 26 since
868 955 69 42 she
971 957 80 42 had
1087 974 112 27 come
1233 962 124 42 down
1394 974 42 30 to

76 1000 78 42 live
184 1002 40 40 in
253 1003 68 42 the

134 1060 83 50 My
241 1061 93 42 bills
359 1063 95 51 kept
478 1081 65 26 me
570 1067 99 51 busy
694 1068 55 41 all
776 1071 89 51 day,
893 1074 81 40 and
999 1076 212 51 worrying
1237 1077 56 41 all
1320 1080 118 50 night

77 1119 79 40 and
189 1119 18 40 I
240 1121 135 40 didn't
405 1138 99 25 even
535 1126 133 40 notice
699 1126 90 42 that
820 1129 113 42 there
962 1147 85 26 was
1077 1148 53 26 no
1161 1134 107 51 light
1297 1138 41 38 in
1368 1154 69 35 my

75 1176 231 50 neighbor's
343 1180 201 43 windows
583 1184 108 41 until
732 1186 19 39 I
792 1187 241 44 recollected
1073 1192 31 40 it
1141 1208 53 24 on
1234 1194 67 41 the
1340 1206 97 31 next

74 1235 204 51 morning.

129 1292 68 41 An
218 1295 177 41 unusual
415 1299 139 40 crowd
574 1300 43 40 of
638 1301 140 50 people
799 1303 79 41 had
900 1306 220 42 assembled
1142 1309 40 39 in
1203 1325 76 25 our
1299 1321 136 32 street.

85 1350 113 49 Tom,
221 1352 67 41 the
310 1369 72 34 cop
404 1355 44 40 of
470 1355 68 42 the
560 1357 102 51 beat,
684 1376 85 25 was
791 1363 141 47 posted
954 1364 41 40 in
1018 1364 116 42 front
1155 1366 43 41 of
1221 1368 68 41 the
1308 1369 129 42 white

74 1409 101 40 door
207 1410 43 40 of
283 1427 69 35 my
383 1414 262 50 neighbour's
676 1416 108 43 little
817 1418 136 44 house.
1017 1423 70 40 He
1120 1423 146 44 looked
1300 1426 80 42 like
1414 1444 22 25 a

71 1467 116 49 giant
210 1467 165 54 leaning
398 1473 158 49 against
580 1474 67 41 the
670 1491 167 27 narrow
861 1480 80 40 and
965 1479 84 43 low
1072 1482 112 42 door.
1242 1484 195 43 "What's

73 1524 68 41 the
166 1536 162 40 matter,
556 1532 18 39 I
603 1532 130 43 called
760 1545 75 31 out
858 1536 44 40 of
930 1537 68 41 the
1024 1540 195 42 window.

186 1600 61 25 see
520 1606 85 24 was
636 1590 61 42 his
729 1608 171 27 answer.
961 1595 99 43 And
1095 1598 18 40 I
1147 1599 168 43 hurried
1347 1612 84 39 out,

72 1657 41 24 as
145 1642 18 39 I
195 1659 85 25 was
311 1644 40 40 in
382 1646 103 40 shirt
516 1647 148 43 sleeves
696 1652 80 39 and
807 1653 179 42 without
1017 1655 140 50 collar,
1191 1658 40 40 in
1264 1660 98 40 time
1394 1670 41 32 to

73 1710 114 30 enter
217 1702 103 40 with
352 1703 68 41 the
450 1721 170 26 coroner
649 1708 95 41 who
775 1709 81 42 had
886 1712 87 49 just
1003 1714 176 42 arrived.

130 1769 109 41 Both
273 1788 108 25 were
415 1774 116 49 dead,
568 1775 68 42 the
669 1776 104 53 baby
806 1780 41 40 in
882 1781 51 41 its
966 1782 126 42 white
1125 1785 167 49 painted
1327 1787 108 42 little

71 1843 182 36 carriage
279 1831 81 40 and
387 1831 68 41 the
480 1834 161 41 mother
666 1851 52 25 on
746 1836 71 41 her
842 1848 78 32 cot.
977 1839 124 52 They
1126 1842 145 43 looked
1298 1860 115 34 peace-

72 1885 108 52 fully
207 1887 144 51 asleep.
407 1889 41 41 A
475 1891 134 51 happy
634 1893 115 42 smile
776 1898 157 40 seemed
962 1907 41 31 to
1031 1899 47 41 be
1105 1916 52 24 on
1186 1902 98 40 both
1313 1903 119 42 faces.

82 1943 130 42 There
231 1947 149 40 wasn't
401 1964 22 25 a
444 1949 102 50 drop
567 1950 43 40 of
632 1952 102 41 milk
754 1954 41 39 in
817 1954 69 42 the
906 1955 124 42 house
1051 1959 80 40 and
1154 1969 72 31 not
1248 1976 22 25 a
1291 1963 143 40 crumb

71 2002 43 40 of
146 2002 123 42 bread
301 2006 80 40 and
412 2017 73 31 not
516 2024 23 24 a
569 2024 134 36 penny
732 2011 44 40 of
806 2029 158 35 money.
1026 2015 73 41 On
1130 2017 68 41 the
1229 2018 108 42 table
1369 2020 66 52 lay

71 2060 123 42 about
221 2078 22 24 a
270 2063 130 41 dozen
421 2103 5 20 ;
427 2081 122 33 pawn
577 2067 155 49 tickets,
762 2069 67 41 the
857 2070 78 42 last
960 2088 76 26 one
1065 2075 121 41 dated
1216 2076 95 41 four
1339 2079 96 50 days

71 2133 88 36 ago.
221 2120 77 42 She
327 2121 81 42 had
436 2126 174 47 pawned
640 2142 109 26 some
777 2128 130 42 sheets
937 2132 80 40 and
1047 2132 109 42 table
1184 2134 154 43 clothes
1369 2137 66 40 for

71 2177 95 50 fifty
195 2189 124 31 cents.
378 2180 99 42 And
508 2198 22 25 a
560 2183 123 42 letter
710 2201 85 26 was
824 2203 52 24 on
909 2188 68 41 the
1007 2190 120 41 table.
1190 2192 119 42 Some
1337 2211 96 25 man

71 2251 53 33 up
152 2236 68 41 the
248 2237 114 42 State
388 2239 88 42 told
503 2240 73 42 her
603 2242 90 42 that
719 2243 50 41 he
795 2261 84 25 was
906 2249 178 40 married
1111 2265 97 26 now
1235 2252 80 41 and
1344 2253 90 41 that

69 2293 68 41 she
167 2305 111 32 must
500 2298 67 42 for
595 2300 152 42 herself
777 2304 81 40 and
889 2304 68 41 the
986 2306 70 41 kid
1087 2323 41 25 as
1157 2310 106 48 good
1294 2326 41 25 as
1364 2311 69 41 she

69 2352 135 42 could.
266 2354 99 42 And
398 2366 74 31 not
504 2367 42 31 to
579 2359 162 42 trouble
774 2361 85 41 him
894 2378 192 36 anymore
1119 2382 41 25 as
1193 2368 241 52 everything

69 2425 84 26 was
177 2427 98 26 now
297 2429 98 25 over
421 2415 182 42 between
631 2417 110 42 them
769 2419 67 41 for

125 2479 126 52 Tom,
278 2482 68 51 big
371 2483 130 52 husky
524 2484 126 51 Tom,
677 2488 95 41 who
798 2489 80 41 had
904 2501 72 40 got
1000 2491 223 46 honorable
1250 2498 183 40 mention

68 2538 97 51 only
198 2541 182 51 recently
413 2542 109 42 from
558 2544 60 41 his
653 2547 260 49 department
948 2550 67 40 for
1050 2553 182 50 running
1266 2555 41 39 in
1343 2555 90 41 that

69 2596 153 42 Hester
262 2598 133 43 Street
433 2617 109 36 gang
579 2603 44 40 of
662 2619 192 36 gunmen,
896 2610 182 40 sounded
1118 2611 110 48 quite
1267 2612 163 43 hoarse:

97 2655 40 40 If
174 2657 19 39 I
229 2657 80 41 had
346 2658 152 42 known
536 2660 79 42 this
652 2695 7 8 .
694 2664 18 39 I
750 2679 85 26 saw
869 2665 72 41 her
977 2667 147 41 almost
1160 2685 119 36 every
1315 2687 94 25 even-

231 2716 19 40 I
275 2717 51 40 do
350 2717 118 41 think
491 2719 113 42 there
626 2737 108 25 were
758 2732 105 32 tears
887 2725 40 39 in
951 2724 61 41 his
1035 2742 99 32 eyes.
1188 2728 96 42 You
1308 2730 125 42 know

1504 326 113 43 Tom
1637 339 71 40 got
1729 331 178 41 married
1928 332 97 51 only
2046 332 189 44 fourteen
2255 352 115 35 years
2392 353 76 36 ago
2489 349 42 31 to
2553 356 23 25 a
2597 340 80 43 fine
2698 341 169 53 healthy

1505 385 92 50 gril,
1621 387 87 50 just
1731 388 97 41 such
1853 405 22 25 a
1899 390 80 50 girl
2003 407 41 25 as
2069 392 79 41 this
2171 393 80 42 had
2276 394 98 42 been
2399 397 185 50 perhaps,
2608 415 24 25 a
2654 415 96 35 year
2775 416 89 35 ago.

1506 444 85 40 But
1611 445 18 39 I
1650 445 132 51 might
1802 446 46 41 be
1866 449 213 42 mistaken.
2127 450 96 42 The
2242 468 171 26 coroner
2431 457 147 40 named
2598 472 107 26 some
2724 459 141 49 poison

1505 503 97 40 used
1629 502 67 41 for
1720 504 265 53 disinfecting
2007 523 192 34 purposes
2223 510 136 42 which
2383 511 70 42 she
2477 512 80 43 had
2583 515 120 50 given
2728 526 43 31 to
2797 517 69 42 the

1505 559 102 50 baby
1630 562 80 40 and
1732 562 81 42 had
1836 564 121 41 taken
1980 564 165 43 herself.
2199 566 235 45 Starvation
2457 586 46 25 or
2527 587 23 25 a
2571 571 153 43 broken
2749 573 118 43 heart

1505 617 132 51 might
1663 618 102 42 have
1793 620 98 42 been
1920 622 69 42 the
2015 638 130 27 cause.

1564 676 17 39 I
1610 678 275 42 remembered
1912 680 67 41 the
2004 681 120 51 night
2149 682 90 42 that
2266 684 18 40 I
2311 700 86 26 saw
2421 686 72 41 her
2518 697 43 30 at
2585 687 73 42 her
2682 690 185 42 window

1503 734 157 51 staring
1692 751 55 34 up
1781 746 41 31 at
1856 737 68 41 the
1955 738 185 52 glowing
2173 757 106 26 cross
2311 759 98 24 over
2441 745 69 40 the
2541 746 174 49 Judson.
2780 748 85 41 But

1503 790 144 43 hadn't
1672 793 18 40 I
1716 792 98 43 been
1839 810 142 27 nearer
2006 797 99 41 than
2131 798 89 41 that
2244 800 135 42 cross?

1506 849 18 40 I
1555 849 97 41 been
1680 866 143 27 nearer
1852 853 98 41 than
1978 854 91 42 that
2096 856 134 41 cross?

1560 907 152 43 That's
1744 910 69 41 the
1845 913 171 50 tragedy
2047 913 42 40 in
2124 913 68 42 the
2225 915 67 51 big
2323 917 93 50 city.
2478 919 84 40 We
2593 935 63 25 see
2689 922 79 40 and
2801 938 63 26 we

1503 965 177 42 observe.
1742 967 283 44 Conventions
2053 971 74 41 kill
2156 988 77 26 our
2261 985 272 38 spontaneous
2562 978 191 49 impulses
2783 981 81 40 and

1502 1039 62 25 we
1587 1025 193 42 continue
1801 1026 179 52 selfishly
2002 1044 52 25 on
2077 1045 78 25 our
2176 1046 96 27 own
2297 1034 112 40 road.

1501 1104 82 34 The
1604 1105 120 35 Buses
1746 1107 132 41 Again

1558 1162 96 42 The
1687 1165 124 41 strike
1844 1166 31 40 is
1906 1182 98 25 over
2037 1169 80 40 and
2152 1169 67 42 the
2252 1169 232 45 franchised
2518 1174 260 43 disturbance
2809 1193 54 25 on

1501 1221 281 51 Washington
1816 1223 162 51 Square-
2002 1227 224 41 continues.
2288 1228 96 42 The
2415 1230 72 42 hot
2518 1232 183 42 weather
2732 1235 32 40 is
2795 1234 70 43 the

1501 1278 119 42 finest
1652 1281 251 52 advertising
1936 1294 121 40 agent
2090 1285 66 41 for
2188 1286 69 41 the
2288 1288 127 41 buses.
2477 1289 252 44 Thousands
2759 1293 104 41 wish

1502 1347 41 30 to
1566 1348 69 39 get
1658 1354 22 24 a
1703 1340 87 40 ride
1812 1355 53 25 on
1890 1341 68 40 the
1982 1352 82 40 top.
2120 1343 117 52 Only
2260 1347 274 50 twenty-four
2557 1364 74 25 can
2656 1349 47 41 be
2726 1352 137 40 seated

1501 1411 52 24 on
1586 1396 96 41 each
1713 1413 88 25 one.
1863 1398 40 41 A
1935 1399 60 41 lot
2025 1400 43 41 of
2100 1402 215 41 confusion
2346 1420 86 26 was
2462 1408 145 40 caused
2640 1407 81 42 last
2748 1409 116 42 week

1501 1453 50 50 by
1573 1453 67 42 the
1663 1455 280 43 enforcement
1963 1458 44 40 of
2030 1475 23 24 a
2074 1475 93 26 new
2186 1461 234 50 ordinance,
2445 1463 68 42 the
2536 1464 115 42 buses
2674 1468 191 51 stopping

1501 1519 52 33 oh
1581 1512 68 41 the
1676 1513 65 41 far
1767 1514 83 41 side
1875 1515 44 40 of
1946 1515 68 42 the
2040 1526 136 33 street.

1557 1569 40 41 A
1626 1571 83 41 few
1736 1587 93 26 new
1856 1573 115 42 buses
1998 1590 108 26 were
2135 1587 74 38 put
2237 1578 85 40 into
2351 1580 150 40 service
2528 1581 104 41 with
2658 1597 43 26 so
2730 1593 112 32 extra-

1500 1629 228 51 ordinarily
1764 1630 119 41 small
1921 1647 22 25 a
1979 1648 116 34 space
2132 1634 182 42 between
2352 1636 69 41 the
2456 1637 158 52 seating
2650 1642 213 48 capacities

1501 1686 90 40 that
1624 1687 94 51 they
1750 1690 156 40 seemed
1940 1700 41 31 to
2015 1691 47 40 be
2094 1691 106 49 lpuilt
2233 1693 67 41 for
2331 1695 186 51 midgets.
2582 1698 181 51 Perhaps
2794 1700 69 41 the

1501 1744 117 41 Fifth
1642 1745 172 42 Avenue
1840 1747 139 42 Coach
2006 1749 216 52 Company
2246 1751 90 42 will
2361 1753 69 41 ask
2456 1754 56 41 all
2538 1755 50 41 its
2612 1758 251 48 prospective

1499 1818 234 36 passengers
1773 1815 41 30 to
1855 1806 47 40 be
1941 1806 223 53 physically
2203 1811 213 41 examined
2458 1813 80 40 and
2578 1815 150 48 permit
2766 1815 99 52 only

1501 1860 113 42 those
1645 1863 133 40 under
1809 1863 96 42 four
1938 1864 97 52 high
2068 1876 42 31 to
2143 1882 50 35 go
2226 1883 53 25 on
2312 1869 69 41 the
2414 1879 69 40 top
2515 1870 44 42 of
2593 1872 106 41 their
2732 1873 128 43 buses.

1499 1917 95 42 The
1616 1935 171 36 average
1808 1938 96 25 man
1927 1924 80 40 and
2028 1940 165 26 woman
2215 1926 90 42 will
2327 1926 46 42 be
2395 1927 141 42 forced
2561 1939 41 31 to
2625 1929 111 53 hang
2757 1931 107 42 their

1500 1976 84 51 legs
1611 1993 97 25 over
1737 1979 67 41 the
1834 1980 149 52 railing
2011 1982 31 40 if
2072 1982 94 52 they
2194 1984 52 41 do
2275 1995 72 30 not
2374 1986 137 49 prefer
2539 1997 42 32 to
2609 1988 113 50 place
2750 1990 112 42 them

1499 2051 98 25 over
1631 2036 105 41 their
1771 2053 94 26 own
1899 2039 225 42 shoulders.
2192 2042 40 40 It
2267 2043 141 42 would
2444 2044 47 41 be
2523 2061 100 35 very
2657 2048 206 43 advisable

1501 2093 65 40 for
1597 2093 68 42 the
1697 2095 117 41 Fifth
1845 2096 173 42 Avenue
2051 2098 139 42 Coach
2223 2100 216 53 Company
2469 2113 42 31 to
2542 2119 104 35 open
2679 2122 21 24 a
2731 2121 111 26 corre-

1499 2153 226 48 spondence
1765 2154 138 41 school
1943 2156 66 40 for
2049 2158 183 51 training
2270 2161 252 49 prospective
2561 2163 219 50 joy-riders
2820 2175 42 31 to

1499 2210 162 41 become
1689 2213 197 40 acrobats.

1555 2267 195 43 Tourists
1818 2286 67 26 are
1952 2272 141 52 taking
2159 2276 219 48 possession
2446 2277 43 40 of
2556 2295 76 24 our
2697 2280 165 51 village.

1498 2324 123 53 They
1654 2329 134 40 arrive
1819 2345 53 25 on
1906 2330 68 41 the
2008 2331 115 41 buses
2157 2333 80 40 and
2270 2334 118 41 make
2421 2335 68 42 the
2523 2338 154 40 rounds
2708 2338 44 41 of
2784 2354 80 26 our

1498 2384 118 50 shops
1651 2387 80 40 and
1767 2387 97 40 then
1901 2388 94 51 they
2029 2390 93 41 take
2156 2407 22 24 a
2212 2401 103 31 taste
2349 2392 45 41 of
2430 2393 197 43 Bohemia

1499 2442 249 43 Greenwich
1779 2445 165 52 Village
2112 2464 47 25 or
2188 2450 40 40 in
2259 2450 173 41 another
2460 2468 76 25 one
2564 2453 44 40 of
2637 2470 77 25 our
2741 2454 121 43 home

1498 2502 300 50 eating-places.
1852 2503 97 42 The
1973 2507 137 40 native
2134 2507 240 51 population
2398 2509 44 41 of
2468 2511 68 41 the
2560 2511 165 52 Village
2750 2514 111 42 takes

1498 2561 219 47 possession
1749 2561 44 40 of
1825 2578 120 35 every
1975 2564 93 40 inch
2099 2564 44 41 of
2175 2566 281 52 Washington
2491 2568 167 51 Squrae,
2691 2573 170 41 anxious

1498 2627 40 31 to
1561 2628 67 40 get
1649 2634 109 26 some
1779 2620 43 40 of
1847 2621 67 41 the
1936 2622 89 40 cool
2046 2624 114 40 wind
2182 2624 136 41 which
2340 2625 129 43 blows
2491 2643 100 26 once
2613 2629 41 40 in
2679 2645 22 25 a
2722 2630 136 49 while,

1498 2676 72 40 but
1599 2678 155 40 studios
1783 2680 80 39 and
1892 2680 118 41 work
2039 2681 118 50 shops
2187 2698 67 25 are
2284 2684 196 42 deserted.
2541 2685 135 42 Their
2705 2688 133 42 inhabi-

1497 2744 108 31 tants
1628 2736 78 40 fled
1729 2738 79 39 and
1833 2753 66 25 are
1922 2738 145 52 fleeing
2089 2739 68 41 the
2179 2741 236 52 sweltering
2436 2743 94 42 heat
2551 2744 43 41 of
2619 2745 67 42 the
2708 2747 93 50 city.

57 3910 153 42 Where
238 3915 67 38 the
332 3915 136 41 horses
495 3931 50 25 on
637 3919 217 48 Washington
881 3919 156 51 Square
1064 3939 50 33 go
1142 3926 69 46 for
1239 3927 105 40 their
1371 3929 120 39 drink
