3236 4330
2274 373 313 56 TEK
2669 371 59 55 H
2810 371 60 55 N
2952 370 46 55 E

504 3846 108 61 50

491 519 216 87 LES
758 519 913 87 OBLIGATIONS

491 666 582 87 FISCALES

491 816 173 84 DE
776 816 895 84 L'ARCHITECTE

560 1023 83 42 Les
674 1023 319 52 changements
1026 1020 224 44 successifs
1282 1023 73 42 des
1390 1021 84 43 lois
1507 1021 168 43 fiscales

491 1096 84 33 ont
605 1085 143 42 rendu
780 1084 96 43 fort
904 1084 114 43 ardu
1047 1099 119 37 peut
1195 1083 269 44 l'architecte
1494 1084 41 43 la
1567 1099 81 27 con-

492 1145 226 43 naissance
742 1147 51 43 de
818 1160 62 28 ses
906 1144 279 54 obligations
1209 1144 184 43 fiscales.
1420 1145 66 42 La
1510 1144 167 42 Société

491 1209 133 52 Belge
667 1207 72 43 des
784 1206 267 43 Urbanistes
1091 1218 42 31 et
1173 1207 274 42 Architectes
1488 1207 156 42 Moder-

492 1270 135 42 nistes
657 1269 61 53 (S.
751 1270 51 42 B.
840 1270 57 44 U.
932 1270 42 41 A
981 1303 7 8 .
1023 1270 68 41 M.
1113 1270 14 52 )
1160 1268 197 46 désirant
1387 1270 290 41 documenter

492 1333 24 40 à
545 1348 41 26 ce
616 1331 116 54 sujet
760 1347 63 26 ses
851 1331 220 45 membres
1098 1347 24 27 a
1149 1330 172 43 soumis
1351 1331 23 42 à
1404 1329 241 44 VAdminis-

496 1394 169 42 tration
705 1394 72 42 des
816 1392 214 43 Finances
1069 1409 87 29 une
1195 1391 104 44 série
1337 1394 51 41 de
1429 1391 245 54 questions♦

564 1467 185 42 Celle-ci
791 1483 24 27 a
859 1467 207 52 répondu
1108 1482 78 38 par
1232 1482 86 26 une
1363 1465 166 54 longue
1573 1474 104 33 note

495 1545 84 37 que
612 1545 115 26 nous
760 1544 194 27 sommes
987 1529 199 42 heureux
1218 1529 54 43 de
1300 1529 195 53 pouvoir
1527 1541 125 39 repro-

495 1590 125 44 duire
645 1591 67 43 ici.

497 1726 184 42 TAXE
710 1727 83 41 DE
824 1724 503 47 TRANSMISSION.

567 1825 156 42 Toute
753 1836 130 31 vente
914 1840 58 27 ou
1007 1837 103 31 tout
1141 1825 188 53 échange
1362 1825 51 42 de
1444 1826 206 40 marchan-

498 1887 124 46 dises,
649 1898 124 33 toute
796 1886 314 43 transmission
1134 1897 120 32 entre
1277 1885 102 51 vifs,
1406 1887 21 41 à
1452 1885 100 43 titre
1572 1884 81 43 oné-

498 1964 107 26 reux
645 1949 51 41 de
735 1949 123 42 biens
895 1949 152 41 meubl
1131 1964 78 37 par
1249 1949 92 40 leur
1380 1961 156 29 nature
1576 1958 105 30 sont

497 2012 170 41 soumis
699 2011 21 42 à
757 2027 83 26 une
873 2023 101 31 taxe
1221 2011 51 41 de
1308 2025 24 26 2
1365 2024 101 39 p.c-,
1502 2009 176 54 lorsque

499 2075 38 40 la
572 2073 215 43 livraison
823 2084 61 30 est
918 2072 210 43 effectuée
1162 2088 51 26 en
1247 2070 229 56 Belgique.

567 2148 63 42 La
663 2147 247 43 délivrance
942 2147 27 41 d
992 2161 85 27 une
1106 2146 169 41 facture
1305 2159 61 30 est
1395 2145 282 54 obligatoire,

498 2225 115 38 pour
646 2221 126 32 toute
802 2220 129 30 vente
962 2209 115 41 dont
1108 2210 36 40 le
1174 2208 103 53 prix
1311 2220 60 30 est
1402 2207 224 54 supérieur
1657 2206 22 41 à

503 2287 59 38 30
601 2271 161 45 francs,
803 2271 34 43 si
873 2271 36 41 le
945 2270 197 42 vendeur
1180 2283 60 29 est
1279 2285 59 26 un
1377 2280 303 41 commerçant

500 2334 134 41 établi
674 2349 51 26 en
765 2333 227 54 Belgique,
1033 2333 22 40 à
1094 2332 150 42 moins
1284 2347 84 39 que
1409 2331 270 53 l'opération

501 2394 112 44 n'ait
646 2410 86 29 une
764 2410 123 26 cause
922 2394 222 54 étrangère
1177 2394 21 40 à
1232 2408 81 27 son
1347 2408 241 27 commerce
1620 2408 60 26 ou

501 2457 50 42 de
593 2472 42 26 sa
676 2457 270 53 profession.
990 2456 127 41 Dans
1160 2457 35 41 le
1235 2471 67 26 cas
1342 2455 59 42 où
1444 2455 237 42 l'acheteur

501 2521 88 40 seul
631 2530 61 30 est
732 2531 304 39 commerçant
1075 2533 51 26 en
1167 2517 228 54 Belgique,
1438 2517 30 42 il
1508 2516 63 42 lui
1612 2516 46 41 in-

500 2581 156 41 combe
683 2580 50 42 de
758 2580 187 42 délivrer
971 2580 21 40 à
1018 2594 81 27 son
1128 2578 197 43 vendeur
1350 2594 61 27 un
1439 2578 242 42 bordereau

501 2643 191 43 d'achat.

570 2716 262 43 Toutefois,
867 2716 34 44 si
936 2731 85 26 une
1053 2716 169 42 facture
1254 2726 62 31 est
1348 2714 186 43 délivrée
1566 2728 116 39 pour

502 2794 85 26 une
615 2794 171 27 somme
814 2778 234 41 inférieure
1075 2779 21 41 à
1127 2793 59 38 30
1214 2777 160 43 francs,
1408 2776 31 42 il
1466 2791 61 30 est
1553 2791 129 38 perçu

504 2841 39 43 la
571 2852 100 31 taxe
700 2841 50 40 de
780 2839 328 44 transmission.

573 2902 63 43 La
664 2902 255 53 perception
948 2902 88 42 suit
1064 2902 57 41 les
1150 2916 192 27 sommes
1372 2900 49 42 de
1458 2916 54 26 10
1541 2915 51 26 en
1630 2914 53 25 10

504 2964 161 42 francs.
699 2964 155 41 Toute
884 2963 193 42 fraction
1111 2964 50 41 de
1190 2963 176 41 dizaine
1396 2975 61 29 est
1487 2959 199 54 comptée

504 3041 117 38 pour
646 3026 40 41 la
713 3025 177 42 dizaine
915 3025 160 42 entière
1099 3039 51 26 en
1176 3039 84 26 vue
1286 3024 50 41 de
1364 3024 39 41 la
1429 3022 257 54 perception

507 3088 50 41 de
585 3088 39 41 la
651 3099 114 31 taxe.
795 3087 63 41 La
886 3099 100 31 taxe
1013 3097 61 32 est
1097 3085 186 43 calculée
1309 3100 72 26 sur
1409 3086 35 40 le
1473 3094 215 32 montant

507 3150 59 41 du
598 3149 103 53 prix
733 3149 178 43 d'achat
941 3163 58 27 ou
1033 3148 21 41 à
1085 3162 135 39 payer
1251 3162 50 26 en
1333 3156 127 32 vertu
1492 3147 58 40 du
1581 3160 80 27 con-

508 3223 101 30 trat.

575 3273 69 41 En
679 3288 67 26 cas
781 3272 240 53 d'échange
1054 3271 50 42 de
1138 3269 329 43 marchandises
1500 3268 189 53 passible

508 3335 50 41 de
585 3337 39 40 la
651 3346 102 31 taxe
779 3335 50 40 de
856 3333 330 49 transmission,
1218 3331 182 54 l'impôt
1429 3347 39 26 se
1494 3332 96 53 paie
1618 3345 71 27 sur

508 3397 36 41 le
572 3398 66 42 lot
665 3396 78 54 qui
771 3395 242 53 représente
1042 3396 40 40 la
1109 3393 102 54 plus
1238 3393 165 55 grande
1430 3393 165 42 valeur.

576 3459 82 41 Les
682 3467 327 42 commerçants
1036 3467 117 34 sont,
1185 3471 102 26 sous
1312 3455 127 54 peine
1467 3455 49 41 de
1545 3469 94 40 500
1668 3453 21 41 à

510 3535 146 40 5.000
692 3520 163 48 francs,
896 3518 170 54 obligés
1102 3518 51 43 de
1188 3517 114 44 tenir
1343 3533 9 25 :

585 3591 44 33 i°
672 3582 80 41 Un
778 3581 210 43 facturier
1012 3580 193 42 d'entrée
1227 3594 73 27 sur
1324 3579 142 54 lequel
1489 3579 52 43 ils
1569 3594 96 28 enre-

507 3646 189 52 gistrent
726 3659 54 27 au
812 3643 75 42 fur
917 3654 40 31 et
988 3643 22 41 à
1043 3657 168 27 mesure
1244 3641 50 42 de
1325 3641 40 42 la
1397 3640 221 53 réception
1651 3649 39 31 et

508 3706 52 42 de
597 3706 310 53 l'acceptation
945 3704 72 42 des
1054 3702 331 45 marchandises
1421 3714 40 33 et
1498 3703 192 43 d'autres

1825 520 122 40 biens
1983 517 193 43 meubles
2207 532 77 38 par
2317 517 91 43 leur
2441 527 169 30 nature,
2644 524 146 32 toutes
2823 513 56 42 les
2909 511 69 42 fac-

1825 593 115 30 tures
1975 581 176 41 d'achat
2185 594 77 39 qui
2298 579 90 41 leur
2422 577 311 54 parviennent.

1898 658 23 26 2
1931 651 15 15 0
1987 642 78 42 Un
2103 641 209 42 facturier
2350 640 49 42 de
2437 639 134 43 sortie
2608 637 157 53 spécial
2803 652 58 27 ou
2901 647 101 30 tout

1826 717 122 30 autre
1982 705 174 53 registre
2192 703 50 41 de
2274 701 310 54 comptabilité
2620 699 162 43 réservé
2816 698 164 42 exclusi-

1825 780 178 30 vement
2038 766 21 41 à
2098 765 212 53 l'analyse
2345 764 212 40 succincte
2594 778 57 26 ou
2690 762 38 40 la
2765 760 212 54 reproduc-

1830 828 111 51 tion,
1992 840 136 30 avant
2176 828 91 40 leur
2314 825 146 45 envoi,
2511 825 71 41 des
2629 823 189 44 factures
2867 820 136 55 qu'ils

1827 901 180 32 tracent.

1827 988 407 44 Remboursement
2268 987 50 42 de
2353 988 42 42 la
2429 995 111 34 taxe.

1896 1062 63 42 La
1986 1075 101 30 taxe
2113 1074 60 30 est
2200 1060 319 43 remboursée-:

1903 1131 45 33 i°
1991 1124 201 53 Lorsque
2221 1124 39 42 la
2291 1122 273 42 convention
2596 1136 57 26 ou
2684 1121 35 41 le
2749 1118 174 43 marché
2954 1131 50 26 ne

1828 1185 133 52 reçoit
1990 1201 77 37 pas
2095 1201 84 27 une
2209 1184 233 43 exécution
2472 1182 218 53 complète
2717 1196 77 39 par
2825 1181 34 40 le
2887 1180 94 54 paie-

1830 1260 122 30 ment
1987 1247 187 53 intégral
2211 1247 59 40 du
2305 1246 102 54 prix
2442 1256 52 37 et,
2533 1246 35 40 le
2603 1259 66 26 cas
2703 1242 192 43 échéant,
2934 1241 71 40 des

1827 1308 120 42 frais.

1901 1385 23 26 2
1934 1378 15 16 0
1992 1370 230 55 Lorsqu'il
2251 1387 21 26 a
2300 1369 63 42 été
2389 1368 165 43 annulé
2581 1383 58 26 ou
2669 1366 137 43 résilié
2833 1380 50 27 en
2912 1365 69 53 jus-

1829 1432 78 42 tice
1938 1448 78 37 par
2047 1447 84 27 une
2164 1431 192 42 décision
2389 1430 144 54 passée
2563 1446 50 26 en
2646 1429 117 41 force
2797 1428 51 41 de
2879 1428 127 40 chose

1828 1494 146 53 jugée;

1901 1571 22 38 3
1935 1563 15 17 0
1994 1555 228 54 Lorsqu'il
2251 1572 21 26 a
2304 1554 62 42 été
2396 1554 137 41 résilié
2561 1567 134 30 avant
2724 1554 39 41 la
2792 1550 213 44 livraison

1830 1633 58 25 ou
1914 1633 50 26 en
1990 1617 110 43 suite
2126 1617 59 41 du
2211 1616 117 42 refus
2353 1616 239 52 d'accepter
2617 1616 56 41 les
2696 1615 148 51 objets
2868 1615 21 41 à
2916 1613 92 42 leur

1830 1679 162 42 arrivée
2020 1679 21 41 à
2071 1679 295 44 destination;

1900 1757 26 37 4
1936 1749 14 16 0
1994 1741 200 54 Lorsque
2235 1741 56 41 les
2332 1740 183 42 timbres
2555 1737 227 54 employés
2820 1749 84 31 ont
2945 1735 63 42 été

1831 1802 185 44 annulés
2056 1803 51 41 de
2147 1802 132 52 façon
2320 1801 248 54 irrégulière
2608 1816 59 26 ou
2707 1799 301 53 représentant

1830 1880 85 27 une
1943 1879 192 26 sommes
2163 1863 246 53 supérieure
2439 1863 21 41 à
2486 1862 104 43 celle
2618 1861 262 55 légalement
2909 1860 95 42 due.

1899 1926 36 42 Il
1972 1927 112 41 n'est
2117 1942 77 36 pas
2230 1925 150 41 donné
2415 1925 109 41 suite
2559 1940 87 27 aux
2683 1922 239 43 demandes
2958 1921 50 42 de

1832 1988 384 43 remboursement
2248 1988 114 41 dont
2396 1987 34 42 le
2462 1997 214 31 montant
2708 1996 61 31 est
2800 1983 210 42 inférieur

1831 2050 19 40 à
1880 2049 117 42 deux
2025 2049 162 43 francs.

1832 2147 241 43 Justifient
2104 2148 23 41 à
2161 2147 83 42 due
2275 2162 288 27 concurrence
2597 2148 40 41 la
2670 2144 257 43 restitution
2961 2145 51 39 de

1832 2212 40 41 la
1901 2220 100 31 taxe
2028 2224 166 38 perçue.

1909 2292 43 32 i°
1996 2283 343 41 L'inexécution
2397 2283 199 52 partielle
2653 2283 109 40 d'un
2821 2279 187 44 marché,

1834 2347 176 52 lorsque
2045 2345 237 42 l'acheteur
2317 2344 140 41 refuse
2491 2344 50 41 de
2575 2344 186 52 prendre
2797 2342 213 42 livraison

1834 2408 49 40 de
1916 2407 325 55 quelques-uns
2277 2407 71 41 des
2383 2406 146 53 objets
2562 2417 39 31 et
2634 2420 83 40 que
2751 2406 35 42 le
2817 2404 195 41 vendeur

1833 2484 50 27 en
1910 2486 21 26 a
1956 2469 167 53 accepté
2147 2469 35 41 le
2206 2468 176 45 renvoi;

1907 2547 23 24 2
1940 2539 15 16 0
1997 2530 59 41 Le
2096 2530 142 41 rabais
2277 2530 200 41 consenti
2517 2529 121 53 après
2678 2528 167 42 l'envoi
2884 2526 49 43 de
2975 2528 38 40 la

1834 2593 181 49 facture,
2047 2607 115 38 pour
2192 2592 37 41 le
2258 2591 138 41 motif
2423 2606 84 39 que
2536 2592 39 40 la
2606 2589 167 56 qualité
2802 2605 57 26 ou
2891 2589 123 42 l'état

1835 2655 72 40 des
1936 2655 146 51 objets
2110 2654 171 44 vendus
2311 2669 52 25 ne
2392 2653 171 52 répond
2593 2667 77 38 pas
2698 2652 21 41 à
2751 2650 260 43 l'intention

1835 2731 239 27 commune
2107 2716 71 40 des
2211 2714 176 54 parties.

1904 2778 62 42 La
2011 2778 217 42 demande
2270 2778 51 40 de
2363 2777 383 41 remboursement
2790 2773 97 44 doit
2930 2773 85 42 être

1837 2839 248 42 introduite
2124 2854 101 26 sous
2263 2838 126 53 peine
2427 2838 50 41 de
2514 2837 266 49 forclusion,
2821 2851 53 27 au
2913 2836 102 52 plus

1837 2902 98 41 tard
1965 2902 36 40 le
2029 2900 170 44 dernier
2227 2900 103 52 jour
2357 2899 217 41 ouvrable
2603 2900 58 40 du
2691 2898 181 42 sixième
2902 2896 113 42 mois

1837 2963 77 54 qui
1939 2963 87 41 suit
2050 2962 289 52 l'expiration
2366 2961 58 41 du
2451 2959 217 44 trimestre
2696 2959 108 42 dans
2830 2959 141 53 lequel
3003 2973 8 26 :

1915 3032 44 32 i°
2002 3024 58 40 Le
2092 3022 174 42 marché
2296 3039 21 25 a
2346 3022 62 41 été
2437 3021 185 43 annulé;

1911 3100 24 26 2
1944 3093 15 16 0
2002 3085 60 41 Le
2092 3084 231 53 jugement
2353 3084 77 53 qui
2463 3082 136 43 résilie
2630 3084 35 40 le
2699 3082 173 42 marché
2902 3099 21 26 a
2954 3081 62 43 été

1838 3147 249 53 prononcé;

1912 3224 21 38 3
1945 3217 15 16 0
2003 3208 80 41 Les
2109 3207 182 44 timbres
2317 3218 83 30 ont
2426 3206 62 42 été
2513 3205 185 43 annulés
2724 3206 49 42 de
2799 3205 130 53 façon
2959 3205 38 41 ir-

1841 3269 228 55 régulière;

1910 3347 26 38 4
1945 3340 15 16 0
2003 3332 59 43 Le
2086 3330 143 43 rabais
2252 3347 20 26 a
2297 3330 62 42 été
2383 3330 213 42 consenti.

1844 3433 127 40 Taxe
1997 3431 51 42 de
2070 3430 182 42 facture.

1912 3518 115 43 Sont
2063 3514 224 53 assujettis
2325 3514 21 41 à
2383 3529 85 27 une
2505 3525 99 31 taxe
2642 3515 50 41 de
2731 3530 24 26 2
2792 3530 127 39 p.m.,
2961 3516 56 41 les

1841 3579 190 41 factures
2056 3577 165 54 signées
2247 3592 57 26 ou
2334 3591 93 26 non
2455 3575 176 55 signées,
2661 3576 198 43 relatives
2884 3577 22 41 à
2932 3590 85 27 une

1839 3640 314 43 transmission
2177 3650 120 30 entre
2318 3638 102 45 vifs,
2444 3640 21 40 à
2488 3639 99 44 titre
2608 3638 195 42 onéreux
2827 3639 50 42 de
2901 3654 87 26 mar-

1841 3702 230 43 chandises
2102 3715 57 27 ou
2190 3710 142 32 autres
2360 3698 123 44 biens
2514 3700 194 42 meubles
2736 3715 78 38 par
2844 3711 169 32 nature,
