3236 4330
321 355 316 57 TEK
716 356 61 56 H
858 358 63 55 N
1002 358 45 55 E

2739 3858 110 61 59

322 499 123 42 baux
487 498 315 43 d'immeubles
842 511 41 31 et
922 499 58 42 les
1018 511 221 32 sentences
1280 499 229 45 arbitrales

323 576 53 26 ne
415 572 105 32 sont
557 576 78 38 pas
676 562 337 53 enregistrables
1052 562 111 43 dans
1203 578 61 27 un
1305 562 113 43 délai
1460 562 49 42 de

322 623 193 54 rigueur.

392 685 75 42 On
493 698 107 40 peut
626 685 117 42 donc
769 701 53 27 ne
844 701 79 38 pas
947 687 58 42 les
1030 698 244 32 soumettre
1300 687 21 42 à
1349 688 40 41 la
1414 686 72 43 for-

323 746 152 44 malité
509 748 51 41 de
594 748 414 54 l'enregistrement.
1044 749 272 53 (Exception
1351 761 62 31 est
1445 764 43 26 ce-

321 810 204 53 pendant
554 810 22 41 à
607 809 192 55 signaler
827 826 117 37 pour
978 812 56 41 les
1063 811 197 42 marchés
1291 811 191 42 adminis-

323 872 149 42 tratifs
514 883 40 31 et
597 884 145 31 autres
784 873 156 54 quand
984 873 71 42 des
1098 873 266 42 immeubles
1406 886 103 30 sont

322 934 122 42 cédés
470 949 52 27 en
551 934 227 54 paiement
808 935 59 41 du
895 935 104 53 prix
1017 934 31 54 ).

390 995 121 44 Mais
543 999 40 41 la
613 997 231 42 formalité
874 997 179 43 devient
1081 996 273 56 obligatoire
1385 999 33 41 si
1450 1013 59 26 on

322 1073 108 30 veut
460 1074 52 26 en
557 1074 21 26 «
615 1058 109 45 faire
757 1073 130 40 usage
924 1075 21 25 »
983 1060 88 42 soit
1103 1075 80 38 par
1217 1071 90 30 acte
1340 1059 167 55 public,

323 1122 88 42 soit
443 1136 51 27 en
528 1120 170 54 justice,
733 1121 87 43 soit
851 1122 167 42 devant
1048 1133 126 33 toute
1206 1122 205 43 autorité.

392 1183 163 53 Voyez
589 1183 116 43 aussi
739 1183 184 44 l'article
957 1184 51 42 de
1039 1184 193 43 l'Arrêté
1264 1185 151 54 Royal
1450 1184 59 41 du

331 1246 53 41 18
418 1245 175 53 janvier
634 1260 117 40 1931
792 1261 52 26 en
876 1261 41 27 ce
948 1247 79 54 qui
1058 1261 211 28 concerne
1302 1247 57 42 les
1392 1261 88 28 mar-

321 1308 98 41 chés
458 1307 366 47 administratifs.

320 1745 1072 86 BIBLIOGRAPHIE

392 1917 226 44 VOIRIE
677 1917 87 42 ET
823 1917 548 47 CONSTRUCTION,
1431 1934 78 38 par

321 1980 174 43 Robert
537 1978 178 53 Mullie,
764 1978 504 55 ingénieur-architecte,
1315 1981 100 41 chef
1459 1981 50 42 de

323 2042 166 42 bureau
519 2041 51 43 de
598 2042 27 43 Y
634 2041 392 43 Administration
1056 2042 51 44 de
1135 2044 40 41 la
1203 2041 157 43 Voirie
1387 2056 92 28 com-

324 2103 181 44 munale
531 2103 256 54 (Ministère
816 2105 72 42 des
917 2104 223 42 Travaux
1166 2103 232 55 Publics).
1428 2105 81 42 Un

322 2166 185 42 volume
533 2166 50 42 de
611 2180 94 41 250
729 2181 145 39 pages.

392 2228 133 42 Tous
555 2229 58 41 les
644 2229 266 43 techniciens
961 2227 235 44 directeurs
1225 2243 59 27 ou
1314 2228 168 42 conduc-

322 2303 117 30 teurs
468 2291 51 41 de
546 2303 207 34 travaux,
781 2290 359 46 fonctionnaires
1170 2291 313 42 d'administra-

323 2353 121 43 tions
471 2353 243 55 publiques
738 2364 85 31 ont
849 2368 60 38 pu
938 2364 223 31 constater
1188 2352 116 56 qu'il
1330 2367 61 30 est
1420 2352 66 43 dif-

322 2415 118 43 ficile
477 2415 53 47 de
565 2415 250 54 distinguer
850 2427 40 31 et
926 2416 50 41 de
1013 2415 70 43 dél
1106 2415 130 43 miter
1272 2416 58 42 les
1368 2415 140 43 droits

322 2491 40 30 et
405 2477 279 55 obligations
729 2478 51 42 de
824 2477 155 53 l'Etat,
1026 2478 72 44 des
1142 2476 249 55 provinces,
1437 2478 71 41 des

321 2554 264 28 communes
616 2553 39 31 et
686 2540 72 44 des
787 2538 277 55 particuliers
1093 2555 52 27 en
1176 2538 85 47 fait
1291 2540 51 42 de
1370 2539 138 43 voirie

323 2615 39 31 et
402 2602 348 42 constructions.
794 2602 81 41 Les
916 2602 97 53 lois,
1057 2602 58 41 les
1156 2601 262 55 règlements
1458 2601 49 42 de

322 2665 155 52 police,
512 2665 39 42 la
582 2664 338 54 jurisprudence
949 2679 51 26 en
1029 2674 108 33 cette
1167 2664 180 42 matière
1375 2664 134 41 n'ont

322 2726 85 42 fait
439 2726 212 55 jusqu'ici
686 2726 163 52 l'objet
881 2725 111 43 d'un
1024 2726 163 44 travail
1220 2726 284 42 d'ensemble.

322 2789 127 43 Cette
481 2789 180 42 matière
691 2802 61 32 est
783 2787 234 55 éparpillée
1049 2788 111 43 dans
1191 2788 144 43 divers
1364 2787 140 47 codes,

324 2865 150 28 revues
516 2862 40 31 et
596 2865 219 40 ouvrages
858 2850 51 42 de
954 2850 134 45 droit.
1133 2850 85 43 Par
1262 2850 57 43 les
1364 2862 143 42 temps

323 2914 176 44 actuels,
542 2914 30 42 il
613 2925 61 31 est
713 2913 102 53 plus
855 2911 332 55 indispensable
1225 2928 85 38 que
1347 2912 160 53 jamais

324 2975 175 42 d'avoir
530 2991 61 26 un
623 2990 198 39 ouvrage
853 2975 102 42 bien
987 2974 134 43 établi
1154 2987 40 30 et
1226 2974 210 53 complet.

391 3037 60 42 Le
479 3038 83 42 but
588 3053 84 39 que
701 3038 192 41 l'auteur
919 3038 102 43 s'est
1047 3037 166 42 efforcé
1240 3036 267 43 d'atteindre

323 3114 62 30 est
413 3100 50 41 de
491 3111 157 31 mettre
675 3100 37 42 le
740 3100 159 42 lecteur
926 3115 54 27 au
1008 3111 189 31 courant
1225 3100 51 43 de
1303 3098 40 44 la
1371 3098 114 43 situa-

324 3162 97 43 tion
448 3163 182 42 actuelle
657 3177 52 26 en
736 3161 210 56 question
971 3161 51 42 de
1046 3161 141 43 voirie
1216 3173 39 31 et
1279 3170 203 33 construc-

324 3224 113 52 tion,
477 3239 52 26 en
568 3224 297 45 rassemblant
903 3223 58 42 les
999 3224 160 44 lois-et
1196 3224 58 41 les
1292 3223 214 42 décisions

322 3286 383 42 administratives
732 3285 154 45 fixant
915 3288 39 42 la
983 3285 338 55 jurisprudence
1349 3301 72 27 sur
1450 3284 55 41 les

321 3349 156 53 points
510 3348 232 43 contestés.

391 3411 37 42 Il
460 3426 21 26 a
514 3410 230 54 compulsé
777 3410 58 43 les
867 3409 149 44 traités
1048 3410 222 55 généraux
1304 3411 50 41 de
1386 3407 120 43 droit

322 3473 330 41 administratif
682 3483 41 33 et
755 3473 58 41 les
843 3471 151 44 traités
1025 3472 220 54 spéciaux,
1280 3485 39 31 et
1349 3470 156 43 trouvé

322 3551 86 26 une
435 3550 150 28 source
611 3535 277 53 inépuisable
914 3535 50 42 de
992 3534 374 55 renseignements
1396 3533 109 42 dans

324 3598 50 40 de
404 3597 331 55 remarquables
768 3612 149 27 revues
946 3596 285 55 périodiques
1262 3610 173 28 comme
1466 3594 40 41 la

322 3660 151 42 Revue
505 3659 50 43 de
587 3659 428 42 l'Administration
1046 3671 40 30 et
1118 3659 60 41 du
1211 3658 121 44 droit
1363 3655 114 44 admi-

321 3721 262 46 nistratif,la
606 3722 150 45 Revue
778 3720 349 47 communale,la
1150 3720 213 54 Belgique
1386 3718 97 54 judi-

1658 504 138 49 ciaire,
1825 516 94 41 eto,
1945 505 112 42 dans
2079 505 57 41 les
2159 504 254 46 Pandectes,
2441 505 39 41 la
2501 503 240 47 Pasicrisie,
2767 516 77 30 etc.

1728 566 37 44 Il
1789 567 63 44 lui
1875 585 21 26 a
1917 582 112 39 paru
2052 581 85 40 que
2159 565 184 43 fouiller
2368 569 57 41 les
2447 566 177 43 recueils
2647 567 51 41 de
2720 566 96 42 Mar-

1661 640 138 42 cotty,
1841 630 212 45 Sauveur,
2096 628 163 42 Seresia
2296 640 39 30 et
2372 640 157 39 autres,
2568 644 28 38 y
2634 630 213 42 recueillir

1662 691 56 41 les
1751 692 217 42 décisions
2001 691 32 42 si
2068 691 290 41 nombreuses
2389 691 136 55 qu'ils
2558 691 286 43 renferment,

1660 753 154 42 classer
1846 769 103 27 sous
1985 755 39 42 la
2058 753 148 42 forme
2239 753 40 42 la
2311 753 102 53 plus
2447 753 160 53 simple
2641 754 39 43 la
2713 753 112 54 juris-

1660 816 219 52 prudence
1924 816 341 42 adminitrative
2309 826 40 32 et
2392 815 231 53 judiciaire
2669 816 178 42 relative

1661 892 88 28 aux
1786 879 156 53 points
1980 877 319 50 controversés,
2342 893 52 26 en
2434 877 171 42 former
2644 893 60 27 un
2745 888 102 32 tout

1660 941 114 41 aussi
1804 941 197 53 complet
2031 955 85 39 que
2144 939 210 54 possible,
2387 939 147 44 c'était
2561 939 109 43 faire
2701 954 146 28 œuvre

1661 1003 107 42 utile
1794 1015 40 31 et
1860 1003 247 43 nécessaire.
2137 1002 38 42 Il
2203 1002 238 54 importait
2471 1001 209 45 d'établir
2707 1012 117 33 nette-

1662 1077 122 29 ment
1812 1080 117 39 pour
1958 1065 171 54 chaque
2159 1065 148 52 point,
2340 1063 39 43 la
2408 1063 208 56 pratique
2647 1065 196 42 actuelle,

1661 1127 227 53 l'opinion
1924 1143 134 37 reçue,
2095 1127 52 41 de
2179 1126 134 53 façon
2346 1127 169 54 qu'une
2549 1126 227 43 difficulté
2808 1141 39 26 se

1659 1190 271 52 présentant,
1963 1205 60 27 on
2052 1189 148 53 puisse
2228 1204 52 26 en
2310 1202 182 30 trouver
2520 1204 100 28 sans
2650 1188 127 54 peine
2807 1188 40 42 la

1660 1252 218 42 solution.

1728 1314 80 42 Les
1839 1314 250 42 circulaires
2123 1314 51 41 de
2208 1313 230 42 l'autorité
2470 1312 373 48 administrative,

1660 1376 56 42 les
1751 1376 217 44 décisions
2001 1375 268 54 judiciaires,
2307 1375 127 42 l'avis
2469 1375 111 43 d'un
2615 1390 198 28 commen-

1660 1450 142 31 tateur
1848 1438 195 43 autorisé
2088 1453 59 26 ou
2196 1437 228 54 l'opinion
2469 1438 280 54 personnelle
2796 1437 51 42 de

1661 1501 189 43 l'auteur
1894 1500 263 43 satisferont
2202 1501 40 42 la
2286 1500 185 54 plupart
2516 1500 59 42 du
2622 1510 144 44 temps
2812 1500 35 40 le

1658 1563 235 53 praticien;
1943 1562 30 44 il
2021 1574 210 30 trouvera
2279 1562 230 55 indiquées
2556 1562 73 42 des
2675 1575 172 29 sources

1660 1625 289 44 nombreuses
1986 1625 62 41 où
2090 1625 31 43 il
2161 1639 167 39 pourra
2368 1624 183 46 étudier,
2593 1623 111 45 dans
2745 1634 102 33 tous

1659 1703 60 26 ses
1748 1688 398 53 développements
2175 1688 40 41 la
2243 1687 209 54 question
2483 1687 80 54 qui
2592 1686 252 42 l'intéresse.

1728 1762 254 54 L'ouvrage
2022 1761 249 54 comprend
2313 1760 79 42 dix
2431 1760 221 54 chapitres
2692 1775 130 27 consa-

1659 1825 85 41 crés
1777 1825 22 40 à
1834 1825 39 42 la
1909 1824 167 54 grande
2109 1823 155 45 voirie,
2301 1839 54 26 au
2389 1823 198 54 pouvoir
2622 1822 51 42 de
2707 1822 140 42 l'Etat

1658 1902 73 27 sur
1761 1888 40 42 la
1831 1887 141 42 voirie
2002 1886 303 49 communale,
2340 1900 89 28 aux
2462 1884 142 44 droits
2636 1886 72 42 des
2741 1899 79 40 pro-

1658 1949 225 53 priétaires
1923 1948 216 42 riverains
2178 1948 72 42 des
2290 1947 120 43 voies
2449 1947 51 42 de
2538 1947 278 42 communica-

1660 2011 96 42 tion
1779 2011 257 54 publiques,
2064 2011 22 41 à
2111 2011 40 42 la
2173 2009 140 45 voirie
2335 2009 200 45 urbaine,
2561 2025 89 26 aux
2673 2009 145 42 forma-

1658 2073 95 43 lités
1781 2072 386 43 administratives
2194 2071 325 54 préliminaires
2547 2073 21 41 à
2601 2074 40 42 la
2668 2071 175 45 bâtisse,

1658 2150 88 27 aux
1778 2135 265 54 règlements
2076 2135 51 41 de
2158 2134 142 55 police
2331 2150 73 26 sur
2435 2135 57 41 les
2523 2133 195 50 bâtisses,
2751 2135 21 41 à
2806 2132 40 42 la

1659 2197 244 54 répression
1935 2197 73 42 des
2038 2197 270 42 infractions
2337 2213 51 26 en
2419 2196 180 43 matière
2629 2196 192 54 d'aligne-

1659 2271 137 39 ment,
1823 2259 309 55 approbation
2159 2259 72 42 des
2256 2260 131 52 plans
2413 2259 51 41 de
2488 2258 196 45 bâtisses,
2716 2268 105 32 auto-

1659 2323 187 42 risation
1876 2323 51 45 de
1955 2321 119 43 bâtir
2101 2333 40 30 et
2170 2321 242 55 règlement
2440 2321 50 42 de
2517 2321 143 54 police
2688 2336 72 27 sur
2790 2320 57 42 les

1658 2385 195 52 bâtisses,
1885 2399 90 28 aux
2005 2383 246 43 servitudes
2280 2399 93 27 non
2404 2383 261 42 œdificandi
2694 2396 40 30 et
2761 2397 65 26 ser-

1657 2447 177 41 vitudes
1865 2447 51 41 de
1947 2446 129 47 recul,
2113 2462 88 26 aux
2231 2445 285 55 plantations
2547 2458 40 32 et
2617 2446 21 40 à
2670 2444 154 43 l'esthé-

1660 2509 121 55 tique
1810 2510 73 40 des
1912 2509 127 41 villes
2069 2520 40 30 et
2138 2523 277 28 communes.

1728 2584 76 41 On
1831 2599 27 38 y
1886 2597 210 30 trouvera
2123 2598 52 27 en
2202 2594 129 33 outre
2359 2582 72 42 des
2457 2582 185 42 extraits
2669 2582 51 42 de
2747 2596 75 38 rap-

1658 2658 140 41 ports,
1824 2645 261 51 circulaires,
2111 2644 156 44 arrêtés
2291 2659 39 31 et
2354 2643 98 43 lois.
2478 2644 227 54 Quelques
2728 2642 96 55 répé-

1659 2708 159 42 titions
1853 2707 52 42 de
1941 2718 142 33 textes
2119 2718 83 31 ont
2238 2707 165 42 semblé
2437 2705 219 54 justifiées
2691 2721 79 38 par
2808 2704 39 41 la

1660 2770 203 41 nécessité
1900 2770 52 45 de
1987 2770 103 41 bien
2128 2769 110 42 faire
2273 2769 294 53 comprendre
2604 2778 147 32 toutes
2791 2768 56 41 les

1660 2832 297 53 dispositions
1986 2832 158 54 légales
2172 2832 22 40 à
2222 2847 107 26 ceux
2358 2832 78 54 qui
2465 2843 105 30 sont
2598 2846 83 38 peu
2712 2829 108 43 fami-

1659 2893 165 42 liarisés
1855 2909 99 28 avec
1986 2895 38 42 la
2058 2893 270 55 législation.
2362 2894 62 41 Ce
2455 2893 159 44 travail
2647 2893 145 42 aidera
2826 2891 21 41 à

1660 2956 206 43 résoudre
1893 2958 59 40 les
1977 2957 233 54 questions
2236 2956 77 54 qui
2340 2971 40 27 se
2405 2956 254 53 présentent
2685 2954 36 42 le
2746 2954 101 54 plus

1659 3030 193 30 souvent
1889 3019 111 41 dans
2038 3020 40 41 la
2114 3018 207 54 pratique
2358 3018 50 42 de
2445 3017 39 43 la
2519 3017 324 45 construction,

1660 3080 353 43 l'amélioration
2050 3081 73 41 des
2158 3080 264 43 immeubles
2459 3092 39 31 et
2534 3080 72 41 des
2640 3079 120 42 voies
2797 3078 50 41 de

1658 3143 392 41 communication
2079 3143 113 42 ainsi
2220 3158 85 39 que
2333 3142 112 42 dans
2473 3142 374 53 l'aménagement

1659 3218 39 30 et
1732 3205 273 42 l'extension
2039 3206 72 41 des
2143 3205 140 41 villes.

1727 3269 62 42 Ce
1813 3269 186 41 volume
2022 3268 199 53 présente
2244 3283 79 37 par
2345 3267 275 54 conséquent
2647 3281 60 27 un
2734 3264 91 42 inté-

1660 3331 62 42 rêt
1757 3342 103 31 tout
1895 3330 160 54 spécial
2091 3345 115 38 pour
2243 3330 264 41 l'urbaniste
2542 3328 78 54 qui
2656 3344 28 38 y
2721 3339 100 30 trou-

1658 3408 101 27 vera
1785 3392 171 42 réunies
1983 3405 103 31 tous
2112 3394 58 41 les
2196 3391 263 55 règlements
2486 3403 40 29 et
2552 3390 295 55 dispositions

1660 3455 157 54 légales
1848 3455 115 55 qu'il
1993 3455 62 43 lui
2085 3467 61 30 est
2174 3453 332 54 indispensable
2536 3453 50 42 de
2615 3453 232 42 connaître

1658 3533 53 26 en
1736 3533 85 27 vue
1846 3518 51 42 de
1925 3516 317 43 l'élaboration
2269 3516 72 42 des
2363 3516 174 54 projets
2564 3515 255 53 d'aménage-

1661 3591 137 31 ment.

1727 3654 106 44 Une
1863 3654 172 43 édition
2064 3653 233 42 flamande
2325 3653 50 42 de
2404 3668 41 27 ce
2471 3652 185 42 volume
2685 3669 21 26 a
2735 3666 110 39 paru

1661 3732 51 27 en
1752 3732 140 38 1929.
1924 3716 96 43 Elle
2052 3733 20 27 a
2106 3716 159 45 trouvé
2295 3716 110 42 dans
2435 3715 57 42 les
2524 3713 187 43 milieux
2741 3728 106 40 pro-
