3467 4353
1701 176 106 49 366

200 343 78 31 Ren
310 326 207 50 Wunsch
560 325 190 53 kennen,
792 322 64 49 als
898 321 85 48 den
1026 336 98 32 zum
1164 318 310 65 Stipendiaten
1520 332 184 33 unserer

198 404 197 62 Stiftung
424 401 242 48 erwählten
697 402 174 61 Jünger
901 397 113 50 auch
1055 397 149 47 ferner
1232 395 348 49 vertrauensvoll
1611 393 69 47 die-

198 496 72 31 ser
301 480 218 61 Führung
546 495 52 29 zu
628 476 276 47 überlassen.
960 475 119 45 Herr
1111 472 338 64 Capellmeister
1481 471 141 46 Ililler
1651 470 53 47 ist

199 557 164 47 diesem
401 571 53 31 an
493 555 74 47 ihn
607 570 289 47 ergangenen
928 550 241 49 Ansuchen
1213 550 96 47 aufs
1351 548 353 63 bereitwilligste

197 632 496 64 entgegengekommen
717 630 90 47 und
833 631 76 46 hat
932 644 81 31 uns
1039 627 68 47 bei
1133 626 100 47 dem
1258 641 201 32 warmen
1484 626 220 45 Interesse

197 708 87 49 und
317 708 79 46 der
425 724 139 47 regen
593 706 274 63 Thätigkeit,
905 703 70 49 die
1014 720 49 30 er
1101 702 165 47 bereits
1300 718 48 30 so
1387 701 184 47 vielfach
1611 699 92 47 und

194 801 48 31 so
270 785 267 63 erfolgreich
570 783 76 47 für
675 798 160 32 unsere
865 781 196 62 Stiftung
1093 778 244 55 bekundet,
1366 778 98 47 aufs
1493 778 129 46 Neue
1649 792 51 31 zu

197 862 245 47 lebhaftem
468 861 160 48 Danke
651 859 291 65 verpflichtet.
974 858 136 62 Möge
1140 872 47 31 er
1215 854 85 49 den
1332 856 216 47 höchsten
1572 853 130 48 Lohn

197 938 138 47 dafür
374 938 40 46 in
453 937 99 47 dem
595 937 118 47 reich
745 942 272 58 gesegneten
1050 933 185 62 Erfolge
1263 932 146 47 seiner
1439 931 231 47 Bemühun-

194 1032 85 47 gen
303 1019 173 49 ärnten,
508 1017 133 60 möge
670 1030 45 31 es
744 1014 90 45 ihm
861 1012 226 63 gelingen,
1115 1009 114 49 auch
1256 1009 84 47 den
1365 1009 107 64 jetzt
1500 1008 91 47 ihm
1624 1023 54 32 an-

194 1098 257 41 vertrauten
479 1091 190 62 Zögling
712 1089 78 47 mit
833 1088 79 47 der
942 1088 182 47 rechten
1154 1087 140 47 Liebe
1338 1086 78 47 für
1454 1084 71 49 die
1554 1086 150 45 Kunst

192 1186 50 30 zu
275 1168 270 64 begeistern,
588 1167 155 48 dessen
773 1166 125 47 Eifer
929 1164 88 49 und
1049 1163 330 48 Strebsamkeit
1420 1179 50 30 zu
1511 1160 191 49 beleben

194 1244 89 49 und
313 1244 78 47 das
421 1243 79 48 der
528 1243 301 48 Probearbeit
858 1240 450 65 beigefügte.Motto
1347 1256 78 30 zur
1467 1238 235 62 freudigen

195 1320 393 65 Verwirklichung
616 1337 50 30 zu
698 1318 215 65 bringen!
1044 1318 77 47 Bei
1153 1315 79 49 der
1261 1315 264 49 offenbaren
1555 1315 116 63 Bega-

194 1399 122 64 bung
344 1397 187 49 Wolff's
560 1397 62 48 als
647 1395 313 65 Violinspieler
990 1394 88 48 und
1111 1393 70 48 bei
1213 1393 80 47 der
1322 1392 127 48 Stufe
1475 1408 86 32 von
1595 1393 81 46 Fer-

192 1477 171 63 tigkeit,
406 1474 70 48 die
505 1492 48 30 er
581 1475 91 46 sich
706 1474 162 47 bereits
898 1473 81 48 auf
1002 1472 165 48 diesem
1199 1472 303 45 Instrumente
1530 1486 142 30 erwor-

192 1553 104 54 ben,
326 1553 207 47 benutzte
560 1552 152 48 Wolff
734 1552 147 62 einige
910 1550 184 47 Monate
1122 1548 77 48 des
1229 1563 318 48 vergangenen
1571 1547 97 47 Som-

192 1646 134 38 mers,
364 1646 73 30 um
470 1629 97 47 hier
597 1628 68 47 bei
700 1628 293 62 Vieuxtemps
1026 1624 256 50 Unterricht
1310 1642 51 29 zu
1393 1624 211 47 nehmen.

190 1709 70 46 An
291 1710 236 60 grösseren
559 1704 364 64 Compositionen
955 1704 79 47 hat
1059 1701 150 49 Wolff
1232 1701 114 47 nach
1376 1701 146 47 seiner
1548 1700 122 47 Heim-

190 1784 111 47 kehr
345 1783 113 47 nach
501 1784 117 47 Köln
660 1799 79 31 zur
773 1780 339 50 Zufriedenheit
1152 1780 143 47 seines
1326 1779 203 47 Meisters
1561 1779 143 46 Hiller

190 1860 254 65 producirt:
482 1860 99 47 eine
609 1860 168 47 Sonate
824 1859 76 47 für
932 1858 173 47 Ciavier
1145 1855 90 48 und
1267 1856 193 55 Violine,
1500 1855 69 47 ein
1602 1855 77 47 Cla-

188 1938 331 57 vier-Quartett
548 1938 91 47 und
669 1938 98 47 eine
797 1936 259 49 Ouvertüre
1088 1935 74 47 für
1194 1935 259 47 Orchester.
1491 1934 137 62 Möge
1657 1949 47 31 er

190 2016 79 46 mit
307 2015 100 47 dem
452 2032 169 47 ganzen
653 2014 259 65 Aufgebote
952 2014 148 47 seiner
1140 2011 217 65 geistigen
1390 2010 131 48 Kraft
1563 2010 141 62 rüstig

189 2091 321 50 voranstreben
560 2093 81 45 auf
684 2091 80 49 der
823 2090 222 48 rühmlich
1103 2089 296 63 begonnenen
1451 2088 126 47 Bahn
1625 2104 79 31 zur

189 2169 177 48 Freude
393 2169 144 48 seines
566 2169 203 47 Meisters
801 2168 89 48 und
920 2184 81 31 zur
1030 2168 123 47 Ehre
1182 2182 188 31 unserer
1401 2164 223 63 Stiftung!

306 2248 93 45 Der
440 2245 180 47 frühere
649 2244 251 65 Stipendiat
940 2242 91 49 und
1055 2242 164 65 jetzige
1253 2241 242 48 städtische
1526 2241 151 64 Capell-

189 2324 179 47 meister
397 2324 42 47 in
470 2324 144 54 Bonn,
642 2322 167 64 Joseph
844 2321 276 55 Brambach,
1150 2321 77 47 hat
1256 2320 225 48 Schiller's
1521 2319 182 56 „Macht

189 2400 76 47 des
594 2400 79 47 für
703 2399 303 48 Männerchor
1044 2397 90 49 und
1164 2397 248 49 Orchester
1450 2396 254 65 componirt

189 2477 88 49 und
320 2479 42 45 in
406 2477 260 49 dankbarer
708 2477 144 47 Pietät
891 2476 102 48 dem
1037 2475 333 48 Liederkranze
1421 2475 281 63 zugeeignet.

186 2555 82 48 Mit
299 2555 207 48 Freuden
536 2555 138 47 sehen
706 2555 98 56 wir,
847 2555 84 47 wie
974 2554 80 48 der
1082 2552 305 49 Liederkranz
1423 2554 59 45 im
1516 2554 154 61 Augen-

189 2632 143 49 blicke
372 2634 79 45 mit
491 2632 158 47 vollem
680 2632 125 47 Eifer
844 2631 90 48 und
978 2630 326 49 unermüdeter
1335 2629 257 64 Thätigkeit
1623 2629 50 48 be-

186 2710 206 63 schäftigt
428 2710 68 56 ist,
542 2709 119 49 diese
703 2709 306 64 Composition
1051 2707 331 50 einzustudiren
1430 2707 91 47 und
1557 2707 62 47 sie
1648 2724 51 30 zu

189 2787 123 49 einer
355 2787 237 64 würdigen
630 2787 303 64 Aufführung
974 2786 358 55 vorzubereiten,
1374 2785 171 47 welche
1576 2784 93 48 dem-

188 2865 155 48 nächst
369 2881 101 31 zum
501 2865 160 47 Besten
693 2865 81 47 der
802 2865 200 62 Stiftung
1031 2865 118 46 Statt
1178 2862 151 49 finden
1359 2862 96 49 soll.

306 2942 208 49 Dieselbe
545 2942 306 64 Composition
895 2941 159 48 wurde
1092 2942 42 47 in
1172 2941 166 48 diesem
1369 2940 334 48 Nachsommer

189 3020 71 49 bei
291 3020 100 48 dem
421 3018 440 50 niederrheinischen
891 3018 289 64 Sängerfeste
1216 3018 44 47 in
1294 3016 176 49 Crefeld
1501 3032 82 32 von
1615 3015 85 48 den

188 3097 273 64 vereinigten
480 3097 359 48 Männerchören
863 3114 83 30 von
962 3097 163 59 Neuss,
1145 3095 195 57 Crefeld,
1359 3096 136 55 Köln,
1512 3093 187 49 Aachen

189 3175 89 49 und
310 3175 125 47 Bonn
467 3173 130 49 nebst
625 3173 78 49 der
1216 3172 82 48 der
1327 3180 215 40 neuesten
1572 3187 101 47 gros-

188 3269 76 33 sen
291 3252 306 64 Composition
623 3267 183 32 unseres
832 3251 210 48 früheren
1065 3250 310 66 Stipendiaten
1401 3251 106 47 Max
1530 3248 172 56 Bruch,

186 3346 83 32 von
312 3330 85 48 den
438 3328 160 49 beiden
642 3328 320 65 Componisten
1012 3328 250 64 persönlich
1319 3328 198 64 geleitet,
1568 3333 134 41 unter

188 3422 176 50 grosser
388 3406 343 65 Anerkennung
759 3424 78 30 zur
861 3406 301 63 Aufführung
1191 3405 237 64 gebracht,
1459 3403 93 49 und
1575 3403 93 49 wäh-

189 3483 109 50 rend
330 3485 147 47 Bruch
508 3485 43 47 in
584 3485 211 63 jüngster
821 3485 98 47 Zeit
955 3483 70 49 die
1055 3483 139 49 Stelle
1224 3483 64 49 als
1315 3482 267 50 städtischer
1614 3482 57 47 Ca-

189 3562 270 65 pellmeister
486 3561 43 48 in
562 3561 196 49 Coblenz
800 3562 204 47 erhalten
1045 3561 93 57 hat,
1181 3561 53 47 ist
1274 3577 134 32 unser
1437 3567 143 42 erster
1609 3559 67 47 Sti-

186 3639 200 67 pendiat,
412 3641 115 47 Jean
552 3641 118 53 Bott,
702 3639 150 49 bisher
876 3639 457 65 Hof-Capellmeister
1356 3639 42 47 in
1422 3638 278 64 Meiningen,

185 3718 64 48 als
279 3716 461 64 Hof-Capellmeister
769 3717 113 47 nach
918 3718 243 46 Hannover
1192 3716 190 48 berufen
1413 3714 201 49 worden.

265 3797 80 46 Dr.
379 3794 260 55 Bonfick,
666 3794 249 49 Präsident.
973 3796 80 47 Dr.
1083 3793 288 57 Eckhard,
1401 3794 224 49 Secretär.

303 3872 266 57 Frankfurt,
599 3869 85 51 30.
715 3871 272 65 September
1022 3869 169 56 1865,

1803 314 191 54 Drittes
2025 314 601 54 Gesellschafts-Concert
2665 316 51 51 in
2756 314 132 54 Köln
2918 315 68 51 im
3017 313 302 67 Gürzenich,

1982 447 109 30 unter
2119 442 164 46 Leitung
2313 441 62 35 des
2405 442 231 34 städtischen
2667 442 316 46 Capellmeisters,
3014 443 122 34 Herrn

2363 527 221 28 Ferdinand
2614 527 140 29 Hiller.

2085 626 227 45 Dinstag,
2358 625 86 34 den
2498 625 58 36 14.
2607 627 265 35 November
2924 625 109 40 1865.

1907 738 278 46 Programm.
2234 738 28 34 I.
2308 736 31 37 1.
2370 738 43 36 N.
2443 738 61 34 W.
2535 737 143 44 Gade,
2709 738 229 35 Ouvertüre:
2973 740 78 45 „Im

1802 808 34 37 2.
1867 809 90 35 Arie
1986 821 65 23 aus
2308 821 74 23 von
2413 809 279 35 Beethoven
2723 809 191 44 (Fräulein
2946 811 207 36 Therese
3191 814 104 34 Tiet-

1795 881 113 44 jens
1950 891 67 23 aus
2056 879 188 45 London).
2293 875 36 38 3.
2359 879 211 41 Servais,
2596 878 220 34 -Phantasie
2857 880 59 32 für
2954 878 212 37 Violoncell
3210 882 112 44 (Herr

1803 948 132 36 Alex.
1966 945 208 47 Schmit).
2203 946 34 35 4.
2260 949 89 34 Arie
2378 959 67 24 aus
2476 948 64 33 der
2570 948 264 45 „Entführung
2864 959 66 23 aus
2960 948 81 34 dem
3248 962 73 23 von

1801 1018 182 33 Mozart
2022 1014 195 46 (Fräulein
2260 1015 75 34 Th.
2374 1012 242 47 Tietjens).
2674 1014 33 37 5.
2751 1016 63 32 IV.
2858 1015 218 35 Sinfonie
3114 1017 36 34 in
3189 1017 132 35 B-dur

1803 1096 74 23 von
1907 1085 288 33 Beethoven.

1904 1155 48 33 11.
1985 1152 33 37 6.
2048 1153 43 36 F.
2120 1153 104 34 Hill
2235 1165 62 31 er,
2328 1151 395 37 Concert-Ouverture
2752 1152 63 34 Nr.
2844 1153 48 36 11.
2950 1151 32 35 7.
3012 1153 41 34 F.
3085 1155 209 36 Mendels-

1803 1223 177 35 sohn-B
1999 1221 240 46 artholdy,
2281 1221 132 35 Finale
2443 1233 64 22 zur
2536 1221 99 46 Oper
2906 1221 205 47 (Leonore:
3143 1224 180 36 Fräulein

1802 1291 75 35 Th.
1909 1292 126 44 Tietj
2053 1291 110 46 ens).

1904 1380 79 33 Das
2013 1379 163 35 Coneert
2204 1390 58 23 am
2293 1376 59 37 14.
2382 1379 33 34 d.
2446 1380 86 35 Mts.
2563 1391 76 22 war
2669 1381 59 33 ein
2758 1380 105 34 recht
2892 1380 183 44 schönes;
3107 1380 63 34 das
3193 1381 107 35 Publi-

1801 1460 85 24 cum
1915 1450 121 45 zeigte
2065 1449 79 35 sich
2173 1451 38 32 in
2234 1449 109 44 jeder
2364 1449 180 34 Hinsicht
2571 1449 201 46 befriedigt
2799 1450 78 34 und
2905 1450 114 35 zollte
3043 1451 126 35 Allem
3198 1452 100 34 reich-

1799 1520 127 34 lichen
1956 1517 146 43 Beifall,
2147 1517 63 34 der
2237 1517 124 46 gleich
2391 1529 73 23 von
2494 1530 92 22 vorn
2617 1518 127 34 herein
2776 1519 63 33 der
2869 1519 210 35 Ouvertüre
3109 1531 75 23 von
3216 1520 104 34 Gade

1802 1600 47 22 zu
1879 1587 110 35 Theil
2017 1587 127 34 wurde
2185 1588 77 33 und
2304 1588 80 34 sich
2422 1588 97 34 nach
2552 1588 110 45 jeder
2690 1587 203 47 folgenden
2924 1588 180 35 Nummer
3133 1590 188 45 steigerte.

1804 1655 137 36 Gade's
1967 1656 398 35 Instrumentalmusik
2394 1656 64 34 hat
2486 1656 58 35 die
2571 1661 90 41 gute
2690 1658 258 45 Eigenschaft,
2994 1658 84 34 dass
3116 1660 54 32 sie
3212 1660 112 45 zeigt,

1803 1727 84 34 dass
1916 1727 117 34 ihrem
2063 1726 183 46 Schöpfer
2274 1728 61 33 ein
2363 1726 179 46 richtiges
2574 1726 138 35 Gefühl
2742 1729 123 32 seines
2886 1727 178 35 Talentes
3091 1728 231 44 innewohnt,

1803 1793 163 35 welches
1995 1794 65 34 ihn
2089 1806 67 22 vor
2184 1794 229 34 Tendenzen
2443 1794 179 48 bewahrt,
2671 1795 143 36 welche
2856 1796 93 34 über
2991 1796 59 34 die
3094 1797 228 45 eigentliche

1803 1864 120 34 Natur
1952 1864 63 34 der
2043 1865 127 34 Musik
2199 1865 274 47 hinausgehen.
2528 1866 50 34 Er
2606 1866 178 35 schliesst
2825 1867 81 34 sich
2949 1867 113 37 daher
3104 1879 45 23 an
3180 1869 145 34 Mozart

1802 1934 77 34 und
1907 1934 269 34 Mendelssohn
2206 1947 59 34 an,
2308 1936 207 34 verzichtet
2556 1936 68 33 auf
2660 1936 59 34 die
2757 1936 274 47 Nachahmung
3071 1936 254 37 Beethoven's

1802 2002 77 35 und
1907 2003 147 34 kommt
2095 2003 106 35 dafür
2243 2005 97 34 auch
2380 2006 106 33 nicht
2525 2007 37 32 in
2606 2006 59 34 die
2696 2006 151 43 Gefahr,
2889 2006 62 35 bei
2978 2007 226 34 titanischen
3233 2009 69 33 Ver-

1803 2072 142 34 suchen
1974 2072 70 33 den
2073 2072 97 34 Hals
2197 2085 46 22 zu
2272 2074 176 34 brechen.
2479 2075 82 33 Wir
2589 2074 130 34 dürfen
2750 2075 60 34 bei
2838 2075 78 33 ihm
2937 2075 111 35 keine
3073 2076 252 36 dramatische

1801 2142 129 34 Musik
1959 2142 155 43 suchen,
2159 2141 112 35 keine
2300 2143 163 45 Kämpfe
2493 2143 63 33 der
2584 2143 281 48 Leidenschaft,
2902 2145 106 34 nicht
3034 2146 139 34 einmal
3201 2146 129 34 scharf

1801 2211 308 35 hervortretende
2140 2211 237 45 Gegensätze
2421 2211 190 35 zwischen
2650 2211 146 35 Freude
2839 2213 77 33 und
2944 2213 105 43 Leid,
3096 2215 109 33 Kraft
3247 2215 78 33 und

1801 2281 129 44 Milde,
1976 2280 173 35 desshalb
2180 2281 88 34 aber
2296 2281 96 34 auch
2420 2282 125 34 nichts
2573 2282 249 46 Zerrissenes,
2858 2283 125 34 nichts
3012 2282 160 45 Grelles,
3200 2284 125 35 nichts

1803 2350 350 36 Ohrverletzendes.
2193 2350 112 34 Seine
2333 2350 261 46 Hauptstärke
2622 2350 91 47 liegt
2740 2353 51 32 im
2822 2352 155 44 Colorit,
3008 2354 105 33 darin
3141 2355 49 33 ist
3218 2366 38 22 er
3285 2366 40 23 so

1803 2420 85 34 sehr
1915 2418 166 44 Meister,
2124 2418 86 34 dass
2252 2429 39 22 er
2332 2417 149 36 freilich
2524 2419 53 34 oft
2605 2420 59 33 die
2692 2420 224 47 Zeichnung
2945 2422 159 34 darüber
3144 2422 160 34 vernach-

1801 2488 134 45 lässigt
1978 2487 77 34 und
2084 2487 98 33 dann
2212 2487 165 34 dadurch
2406 2488 40 32 in
2476 2488 83 33 eine
2588 2488 69 34 Art
2697 2500 73 23 von
2800 2489 223 35 Monotonie
3059 2491 165 46 verfällt,
3267 2491 60 34 die

1801 2568 100 24 zwar
1929 2556 297 47 eigentümlich
2256 2556 60 43 ist,
2346 2556 90 34 aber
2463 2557 96 34 doch
2588 2558 224 34 Monotonie
2840 2558 130 36 bleibt.

1906 2647 78 33 Der
2013 2646 108 34 Stern
2150 2644 64 34 des
2243 2643 154 35 Abends
2427 2655 76 22 war
2525 2643 178 35 Fräulein
2735 2645 207 36 Therese
2972 2648 232 44 Tietjens.
3253 2649 73 34 Die

1802 2716 282 48 angekündigte
2109 2716 90 33 Arie
2227 2726 67 23 aus
2324 2713 241 36 Cherubini's
2809 2716 131 34 hörten
2970 2718 68 32 wir
3066 2729 74 23 von
3168 2718 59 34 ihr
3255 2731 72 23 nur

1801 2792 39 33 in
1869 2789 64 35 der
1960 2788 133 42 Probe,
2137 2789 50 32 im
2217 2787 186 35 Concerte
2429 2792 86 38 trat,
2559 2787 314 35 wahrscheinlich
2916 2789 68 33 auf
3021 2789 72 35 den
3122 2790 97 34 Rath
3246 2803 75 22 von

1800 2858 209 44 Musikern,
2051 2855 145 36 welche
2224 2856 65 34 das
2318 2855 202 35 Publicum
2549 2855 162 43 kennen,
2756 2856 59 34 die
2856 2868 131 35 grosse
3015 2858 91 34 Arie
3135 2858 65 35 der
3227 2860 71 34 Leo-

1799 2939 92 24 nore
1919 2938 67 23 aus
2018 2925 169 48 j,Fidelio
2194 2924 17 18 u
2244 2937 47 22 an
2321 2925 112 34 deren
2462 2924 129 44 Stelle,
2636 2926 76 34 und
2754 2926 103 35 diese
2898 2928 49 33 ist
2989 2928 150 35 freilich
3174 2929 60 34 für
3263 2930 61 33 ein

1799 3003 117 29 erstes
1962 2997 199 35 Auftreten
2206 2996 89 33 weit
2340 2994 223 46 dankbarer,
2605 2994 55 36 als
2704 2995 240 35 Cherubini's
2984 2996 52 34 im
3066 2996 256 36 Gluck'schen

1801 3067 92 34 Stile
1921 3064 290 49 geschriebenes
2239 3064 186 43 Andante,
2468 3064 77 33 und
2585 3064 59 33 für
2686 3064 70 34 den
2798 3065 80 34 rein
2909 3064 232 37 classischen
3173 3067 151 45 Gesang

1799 3137 66 33 hat
1893 3136 58 34 die
1983 3135 141 46 jetzige
2154 3134 103 36 Welt
2298 3135 70 33 den
2400 3133 92 35 Sinn
2535 3135 73 33 fast
2647 3145 97 35 ganz
2792 3134 194 44 verloren;
3028 3137 54 34 sie
3111 3136 79 34 will
3218 3137 107 34 nicht

1800 3206 104 33 mehr
1933 3205 180 34 entzückt
2140 3205 77 34 und
2244 3203 194 47 beglückt,
2467 3203 175 46 beruhigt
2671 3205 74 33 und
2775 3204 172 47 beseligt,
2978 3206 160 34 sondern
3160 3206 167 46 gejDackt

1799 3276 77 34 und
1904 3274 229 47 geschüttelt
2161 3274 76 34 und
2264 3273 188 48 gerüttelt,
2495 3274 106 34 nicht
2639 3274 105 35 bloss
2782 3275 250 46 hingerissen,
3075 3276 163 35 sondern
3267 3286 57 24 wo

1801 3346 165 47 möglich
2011 3346 184 34 zerrissen
2237 3345 162 36 werden.
2455 3345 85 33 Nun
2587 3345 111 35 sucht
2738 3347 77 33 und
2859 3347 160 35 erreicht
3056 3346 88 36 aber
3173 3348 60 34 die
3260 3347 43 35 be-

1800 3417 146 34 rühmte
1976 3415 185 46 Sängerin
2205 3415 80 33 ihre
2315 3413 228 47 eigentliche
2573 3415 140 34 Grösse
2741 3415 138 45 gerade
2907 3416 37 33 in
2975 3415 84 35 dem
3089 3415 233 36 classischen

1801 3487 195 45 Vortrage,
2027 3485 65 34 das
2114 3484 118 34 heisst
2258 3484 37 33 in
2319 3484 250 46 demjenigen,
2599 3484 64 34 der
2683 3484 82 35 sich
2786 3484 118 35 durch
2924 3485 270 44 Maasshalten,
3226 3485 98 34 ohne

1802 3556 164 36 welches
2003 3556 111 34 keine
2143 3554 126 35 wahre
2297 3554 295 47 Kunstleistung
2631 3554 166 46 möglich
2841 3555 61 47 ist,
2950 3555 294 44 charakterisirt,
3286 3556 39 33 in

1803 3627 120 35 einem
1952 3626 196 45 Vortrage,
2192 3624 64 33 der
2297 3623 69 35 den
2396 3623 214 35 Realismus
2652 3623 55 35 als
2736 3625 70 34 den
2836 3625 153 34 Mörder
3017 3626 64 34 des
3122 3624 185 35 künstleri-

1801 3700 115 34 schen
1947 3696 223 36 Ausdrucks
2197 3695 114 44 hasst,
2344 3694 83 35 weil
2457 3706 39 22 er
2525 3695 65 34 das
2618 3694 126 36 Ideale
2773 3695 63 35 des
2858 3695 194 46 Gesanges
3081 3706 85 23 zum
3196 3693 132 35 Schrei

1803 3772 64 34 der
1895 3771 119 34 Natur
2041 3766 292 47 herabwürdigt,
2371 3766 37 34 in
2438 3767 122 34 einem
2591 3768 196 45 Vortrage,
2825 3766 65 34 der
2920 3766 60 35 die
3009 3765 108 37 Seele
3146 3767 50 33 im
3220 3767 107 33 Tone

1803 3841 184 48 sprechen
2015 3840 106 46 lässt,
2166 3838 88 36 aber
2298 3840 98 34 auch
2438 3838 60 36 bei
2542 3838 64 35 der
2649 3841 172 44 grössten
2852 3838 215 46 Erregtheit
3095 3837 65 36 des
3188 3838 139 33 Innern

1802 3911 159 35 niemals
1990 3911 174 45 vergisst,
2196 3909 83 35 dass
2307 3910 59 34 die
2395 3910 126 34 Kunst
2548 3909 145 35 überall
2723 3909 65 35 das
2817 3909 150 35 Schöne
2996 3908 185 46 verlangt.
3237 3907 69 34 Die-

1804 3995 66 23 sen
1913 3980 234 37 classischen
2177 3982 130 46 Typus
2348 3986 135 42 trugen
2519 3982 39 33 in
2600 3993 96 34 ganz
2736 3981 336 46 ausgezeichneter
3101 3979 128 34 Weise
3267 3977 60 35 die

1804 4054 232 45 Leistungen
2066 4062 74 24 von
2170 4051 178 35 Fräulein
2378 4052 169 44 Tietjens
2588 4053 39 33 in
2671 4052 69 34 den
2770 4052 116 34 Arien
2933 4051 65 34 der
3038 4050 171 34 Leonore
3250 4048 78 35 und

1805 4123 64 34 der
1899 4122 213 36 Constanze
2140 4121 77 35 und
2245 4123 37 34 in
2312 4122 65 36 der
2406 4123 120 35 Scene
2556 4123 64 35 der
2648 4121 174 48 Loreley,
2865 4121 76 35 und
2977 4121 47 33 da
3052 4119 65 35 das
3144 4118 185 35 londoner
