5075 6807
181 6683 77 39 130

145 121 115 37 nen.
339 108 106 49 Das
507 106 256 50 Mädchen
827 108 152 48 stand
1043 105 85 49 auf
1188 106 138 48 einer
1385 103 263 49 schmalen

145 193 204 48 Brücke
397 196 123 45 weit
566 194 211 48 drinnen
824 195 66 45 im
934 192 100 48 See
1081 194 100 47 und
1228 193 79 47 die
1353 188 295 49 Schwanen

148 277 317 48 umkreisten
511 280 73 46 sie
633 280 89 46 mit
771 280 138 45 einer
956 274 390 57 Behendigkeit,
1397 276 101 48 wie
1549 275 99 47 er's

146 362 132 50 noch
316 365 79 47 nie
435 364 229 53 gesehen
706 361 158 49 hatte.
921 360 348 56 Riesenvögel
1312 362 202 51 stiegen
1558 370 90 37 aus

150 450 116 47 dem
309 448 217 50 Wasser
571 447 102 48 und
717 447 264 48 streckten
1023 448 110 47 sich
1174 445 135 49 hoch
1354 444 131 48 nach
1536 447 113 46 dem

144 531 273 49 Mädchen.
475 532 78 48 Da
596 531 170 49 mußte
810 547 53 33 er
903 531 193 49 schnell
1133 532 181 47 hinaus
1358 529 100 48 und
1503 530 146 47 dabei

148 631 124 36 sein,

241 702 116 50 Und
393 704 122 52 jetzt
553 704 218 47 wurden
809 705 79 47 die
925 704 179 53 Kreise
1147 704 122 44 weit
1309 699 200 57 größer,
1550 701 100 46 wie

149 801 54 33 er
240 787 210 48 hinkam
490 791 99 46 und
635 788 91 47 das
767 787 260 49 Mädchen
1065 785 168 49 lachte
1272 784 85 49 ihn
1400 784 131 48 stolz
1571 797 77 40 an,

149 875 125 49 jetzt
312 887 112 34 war
471 887 54 34 er
569 873 74 47 ihr
685 872 250 59 Liebster,
979 873 63 48 da
1084 872 74 47 sie
1203 870 102 47 ihm
1344 868 107 49 ihre
1492 870 124 47 Herr-

146 955 208 50 lichkeit
391 960 179 51 zeigen
603 957 210 49 konnte.

245 1041 142 49 Stille
432 1082 11 10 .
487 1042 464 50 Schwanenkreise
995 1079 11 10 .
1048 1040 367 48 Meeresweite
1465 1077 10 10 .
1520 1038 97 49 Son-

150 1127 252 54 nenglanz
441 1164 10 10 .

242 1211 105 48 Der
388 1211 176 55 Knabe
607 1212 231 52 schwieg
874 1213 101 46 wie
1016 1212 79 47 ein
1137 1209 182 49 Gebet.

533 1296 135 57 „Der
708 1294 183 55 gehört
931 1293 114 49 dir?
1090 1295 88 47 der

244 1381 107 48 Das
414 1380 258 48 Mädchen
731 1380 154 47 liebte
948 1380 95 49 den
1103 1379 227 55 Knaben,
1395 1391 54 34 er
1508 1377 142 49 hatte

150 1464 183 49 Worte
384 1480 57 33 so
492 1463 212 55 einfadh,
756 1467 79 46 die
888 1466 140 47 seine
1081 1463 118 50 tiefe
1250 1462 401 56 Bewunderung

146 1563 83 36 am
273 1550 280 49 schönsten
597 1549 362 48 ausdrückten.
1017 1547 160 50 Dafür
1222 1547 173 49 mußte
1440 1561 53 35 er
1538 1548 112 48 eine

148 1634 170 49 reiche
349 1634 188 56 Mitgift
570 1632 243 58 erhalten,
848 1648 86 42 „er
966 1633 182 57 gehört
1181 1632 129 50 auch
1501 1635 148 50 sagte

150 1721 75 46 sie
266 1722 99 45 und
409 1718 211 49 drückte
662 1717 85 50 ihn
785 1733 63 34 an
887 1717 125 50 sich.

244 1802 93 48 Die
397 1803 292 49 Schwanen
749 1801 177 50 hatten
988 1802 74 49 ihr
1121 1800 393 58 Wohlgefallen,
1576 1804 74 46 sie

146 1890 242 46 trennten
432 1886 109 50 sich
584 1891 292 52 paarweise
920 1890 102 47 und
1064 1886 340 50 schwenkten
1451 1891 46 46 in
1540 1885 82 50 höf-

147 1970 165 48 lichen
349 1971 385 48 Umschweifen
769 1971 165 50 hinter
974 1971 98 48 den
1111 1970 171 57 Schilf,
1321 1972 111 48 eine
1467 1970 160 49 festes-

151 2056 177 49 halber
411 2056 357 55 losgelassene
852 2056 456 56 Wunderlichkeit,
1397 2055 252 55 fliegende

149 2141 400 49 Weinflaschen.

245 2226 159 56 „Was
438 2225 169 50 haben
644 2227 130 48 denn
814 2229 78 46 die
932 2230 66 45 im
1035 2226 189 49 Schilfe
1518 2225 133 56 fragt

154 2313 88 48 der
274 2312 192 56 Knabe.

244 2396 116 56 „Sie
393 2396 168 50 haben
590 2396 227 50 Frösche
1197 2399 149 51 sagte
1382 2396 91 47 das
1503 2394 111 51 Mäd-

150 2482 145 47 chen.

245 2565 282 56 „Frösche!
572 2607 9 9 .
621 2606 10 10 .
668 2565 91 51 Bei
802 2567 75 47 dir
913 2566 214 49 werden
1168 2568 77 45 die
1282 2564 227 50 Frösche
1547 2568 78 44 ein-

146 2649 119 50 fach
300 2651 269 53 gefressen
601 2654 102 46 und
736 2651 81 49 bei
850 2665 93 34 uns
975 2652 180 47 nimmt
1188 2651 109 48 sich
1333 2650 89 48 der
1457 2649 195 49 Frosch

153 2749 58 34 so
252 2736 103 47 viel

249 2818 139 58 „Das
429 2822 68 47 ist
541 2820 128 48 auch
717 2821 79 47 ein
835 2819 356 60 Unterschied,
1236 2822 134 46 mein
1415 2820 100 48 See
1559 2818 104 50 und

156 2919 121 35 euer
317 2904 193 50 kleiner

248 3002 113 57 „Oh
393 3005 49 52 ja
474 3007 66 46 ist
572 3004 97 47 das
703 3005 79 46 ein
814 3002 342 50 Unterschied
1189 3042 10 10 .
1236 3044 10 9 .
1284 3002 158 49 dein's
1474 3005 65 46 ist
1575 3003 81 47 ein

151 3086 148 50 Meer
336 3125 11 10 .
385 3125 10 11 .
433 3127 10 9 .
484 3087 185 55 größer
707 3090 67 46 ist
811 3092 89 47 das
934 3088 146 48 Meer
1120 3088 128 48 auch

250 3171 143 58 „Von
439 3173 178 55 denen,
667 3174 79 47 die
793 3175 166 46 einem
999 3170 262 50 Mädchen
1306 3171 243 57 gehören,
1596 3174 67 46 ist

153 3260 136 45 mein
329 3258 100 49 See
471 3258 88 52 der
598 3257 182 55 größte
818 3262 101 45 und

248 3342 138 56 „Das
433 3343 183 58 glaube
666 3342 82 49 ich
795 3342 145 56 auch,
988 3357 61 37 so
1096 3344 146 48 einen
1289 3338 181 61 giebt's
1517 3341 137 49 nicht

419 3464 162 12 ....
618 3441 148 42 „man
805 3428 132 49 sieht
973 3430 49 51 ja
1053 3429 160 47 kaum
1537 3465 10 9 .
1589 3465 11 9 .
1643 3463 9 11 .

151 3512 127 47 über
325 3513 97 47 den
464 3512 333 49 Froschteich
844 3512 190 50 konnte
1083 3512 78 48 ich
1209 3512 447 55 hinüberspucken

154 3596 101 48 und
289 3611 155 34 wenn
480 3611 118 33 man
635 3633 10 11 .
681 3637 11 10 .

244 3694 146 55 „Und
440 3694 257 49 trotzdem
747 3697 101 48 bist
899 3696 67 50 du
1504 3697 148 52 sagte

155 3780 89 47 das
292 3777 260 50 Mädchen
598 3782 102 47 und
747 3779 121 50 hielt
914 3779 85 50 ihn
1048 3780 207 56 zurück,
1307 3793 53 34 er
1410 3780 93 48 soll
1558 3781 94 47 den

152 3864 234 48 Versuch
433 3865 136 49 nicht
615 3864 233 56 machen,
896 3868 74 46 sie
1017 3866 158 48 wisse
1226 3864 174 56 schon,
1453 3864 94 50 daß
1599 3878 55 34 es

153 3948 167 55 gleich
360 3963 64 35 an
466 3949 97 49 den
601 3948 173 51 Füßen
813 3948 298 50 niederfalle
1152 3952 102 46 und
1292 3949 219 49 aussehe
1553 3952 103 46 wie

155 4036 111 46 eine
304 4034 349 57 Handspanne
690 4036 148 48 breit.
876 4066 64 7 —

249 4118 171 57 „Jetzt
449 4116 185 60 ärgert'
664 4119 178 49 mich's
871 4158 11 10 .
912 4156 12 12 .
954 4157 11 10 .
992 4123 101 46 wie
1126 4119 312 49 anmassend
1468 4119 188 50 Schick

152 4207 67 46 ist
256 4206 89 47 mit
382 4206 197 46 seinem
993 4219 53 35 er
1085 4205 211 48 betonte
1338 4219 55 35 es
1431 4207 105 48 und
1578 4208 77 47 die

153 4287 296 58 Kopfadern
491 4290 283 50 schwollen
815 4304 80 36 an.

250 4373 111 57 „Du
396 4373 196 51 hättest
625 4373 132 50 eben
791 4373 132 50 stolz
960 4376 108 48 sein
1106 4379 210 45 müssen
1354 4374 85 49 auf
1476 4375 182 48 deinen

156 4458 116 56 See,
316 4460 123 49 aber
477 4474 59 34 so
576 4462 101 47 bist
720 4461 78 55 du,
842 4462 63 46 du
942 4460 120 49 hast
1105 4462 80 47 ein
1224 4459 290 50 schlechtes
1556 4460 66 48 Ge-

159 4543 230 51 dächtnis
421 4544 80 50 für
537 4547 140 47 seine

250 4628 112 49 Von
395 4633 125 49 jetzt
554 4633 63 47 ab
652 4631 84 49 bin
770 4629 84 49 ich
889 4628 132 51 stolz
1055 4668 101 14 ...
1190 4629 80 49 ich
1302 4628 221 58 behalte,
1562 4629 96 49 daß

156 4727 83 34 am
274 4714 193 48 andern
499 4716 140 47 Ende
676 4716 79 48 die
790 4715 171 50 Sonne
995 4716 315 55 heraufkam,
1349 4717 79 48 die
1462 4716 196 48 kommt

156 4800 83 47 bei
283 4814 94 33 uns
422 4798 165 50 hinter
635 4799 116 49 dem
793 4800 153 56 Berg,
996 4802 88 46 der
1128 4801 127 48 über
1302 4804 110 44 eine
1460 4798 196 51 Stunde

159 4884 220 50 entfernt
415 4886 98 48 ist/
519 4887 10 17 4

253 4988 212 56 „Merke
526 4991 73 47 dir
658 4991 173 55 lieber,
891 4992 93 47 daß
1048 5006 54 33 es
1161 4990 80 49 für
1304 4991 112 49 dich
1474 4991 184 50 keinen

156 5073 335 50 Froschteich
534 5074 143 50 mehr

253 5159 110 55 „Du
410 5159 132 48 noch
587 5159 158 59 mehr,
793 5174 157 35 wenn
995 5162 82 47 ich
1123 5161 197 49 wieder
1373 5174 64 36 zu
1484 5163 175 47 Hause

156 5244 99 54 bin,
295 5257 96 39 sag
427 5240 122 51 ich's
592 5246 115 46 dem
745 5260 162 42 ganze
948 5245 174 56 Dorfe,
1161 5262 111 34 was
1310 5246 80 49 für
1434 5248 80 46 ein
1555 5250 77 45 ein-

156 5328 287 54 gebildeter
481 5328 312 57 Dummkopf
834 5330 186 50 Schick

255 5433 135 56 „Lal3
431 5434 117 49 das!
589 5436 74 47 dir
701 5435 175 54 glaubt
914 5436 163 48 man's
1122 5436 129 49 doch

251 5519 247 56 „Warum
531 5520 175 49 nicht?
737 5558 10 10 .
783 5560 9 9 .
827 5562 10 9 .

253 5603 164 57 „Weil
461 5605 65 48 du
562 5605 89 48 auf
692 5605 96 49 den
827 5606 180 56 Sumpf
1045 5606 305 55 gekrabbelt
1389 5609 116 47 bist.
1512 5608 26 19 44

255 5690 337 56 „Allerdings,
641 5689 91 48 das
780 5692 193 47 stimmt
979 5693 26 18 44
1011 5732 10 18 ,
1069 5694 91 47 das
1204 5692 259 50 Mädchen
1509 5691 154 49 küßte

158 5773 85 49 ihn
272 5813 10 9 .
311 5812 11 10 .
350 5813 12 10 .
389 5775 98 58 „da
513 5775 167 49 bleibe
707 5773 79 50 ich
811 5776 159 48 lieber
997 5778 82 48 bei
1107 5779 73 47 dir
1211 5778 86 47 auf
1325 5778 114 47 dem
1468 5777 193 56 großen

157 5859 101 48 See
265 5859 25 19 44
295 5897 10 18 ,
338 5860 389 55 unangenehme
761 5860 385 56 Erinnerungen
1182 5877 65 34 an
1279 5865 141 47 seine
1456 5864 204 48 Heimat

161 5944 241 50 tauchten
441 5948 46 47 in
522 5945 106 49 ihm
667 5945 98 49 auf.

255 6028 208 56 „Bleibe
508 6044 107 43 nur,
661 6032 78 49 bis
788 6030 66 49 du
897 6044 59 35 so
1001 6031 229 56 gescheit
1275 6034 116 55 bist,
1433 6035 102 46 wie
1581 6032 80 49 ich

161 6113 85 49 bin
286 6118 105 46 und
437 6116 67 47 du
551 6118 116 47 dem
714 6117 196 49 Frosch
957 6118 110 47 sein
1110 6118 307 55 Königreich
1460 6117 170 51 schnei-

258 6295 318 51 Schneidest.
645 6300 102 49 Der
794 6299 178 52 Knabe
1020 6302 137 53 übte,
1205 6314 116 36 was
1371 6303 90 45 das
1511 6300 150 50 Wort

161 6379 180 49 heißen
381 6383 145 49 sollte
565 6386 89 46 mit
693 6384 386 49 verächtlichen
1117 6384 223 50 Mienen.

257 6464 200 57 „Wann
497 6470 61 47 du
601 6468 132 50 dann
776 6474 83 47 auf
902 6472 115 46 dem
1056 6469 194 55 großen
1290 6469 101 51 See
1431 6471 231 54 gescheit

163 6553 281 53 geworden
489 6554 102 49 bist
634 6557 101 47 und
782 6556 132 48 dann
960 6554 134 50 noch
1133 6570 108 34 von
1288 6555 116 49 dem
1449 6556 210 49 Dumm-

1777 105 122 55 köpf
1949 105 185 49 Schick
2188 105 157 47 reden
2398 101 171 60 willst,
2622 102 133 48 wird
2811 115 117 34 man
2984 99 117 50 dir's
3158 98 122 50 eher

1873 276 178 56 „Dann
2093 278 66 45 ist
2204 289 53 35 er
2300 278 93 47 mir
2435 288 131 40 ganz

1873 362 105 54 „So
2008 399 9 10 .
2050 398 11 11 .
2093 402 8 8 .
2135 363 89 47 das
2255 358 138 51 heißt
2422 373 117 34 man
3127 357 154 56 „jetzt

1779 447 187 48 kannst
2004 446 64 48 du

1877 530 159 57 „Fällt
2086 532 93 48 mir
2232 530 99 47 ein!
2389 567 9 9 .
2454 569 10 8 .
2518 568 9 8 .
2579 528 184 49 Schick
2812 527 141 48 kann
3005 525 144 49 allein
3204 539 52 34 re-

1876 702 159 55 „Dein
2073 701 159 49 Vater
2269 702 101 47 und
2410 701 146 46 deine
2591 698 194 48 Mutter
2825 696 191 50 suchen

1876 785 225 57 „Woher
2138 784 158 50 weißt
2337 785 61 48 du

1879 872 136 56 „Das
2059 885 163 40 ganze
2262 871 128 48 Dorf
2426 871 148 47 sucht

1878 955 168 57 „Mich
2078 955 231 49 suchen?
2344 994 10 9 .
2388 996 9 9 .
2430 995 9 10 .
2475 953 133 49 mich
2641 953 86 49 hat
2757 955 130 46 noch
2920 952 114 47 kein
3069 949 216 50 Mensch

1780 1042 169 47 ileiden

1877 1139 170 55 „Jetzt
2078 1142 147 45 wirst
2258 1138 64 49 du
2356 1137 231 56 gesucht,
2619 1137 117 49 weil
2768 1138 65 48 du
2866 1136 156 50 schon
3055 1134 232 56 gescheit

1785 1225 283 55 geworden

1881 1307 117 57 „Ich
2076 1307 270 55 gescheit?
2428 1309 129 53 nein,
2635 1320 155 36 wenn
2870 1306 79 49 ich
3028 1321 62 33 an
3176 1305 111 49 dich

1788 1393 162 49 denke
1989 1431 11 10 .
2037 1430 12 11 .

1877 1477 225 57 „Darum
2139 1479 101 49 bist
2280 1478 108 49 du's
2429 1480 62 53 ja,
2528 1476 118 49 weil
2685 1477 63 48 du
2779 1491 65 34 an
2881 1474 133 50 mich

1881 1562 203 57 „Weißt
2126 1565 63 47 du
2231 1562 92 49 das

2185 1651 103 47 und
2321 1645 170 51 lachte
2526 1646 82 49 ihn
2641 1646 224 50 herzlich
2902 1661 79 36 an.

1883 1731 173 56 „Oder
2105 1734 86 47 bin
2238 1732 79 50 ich
2368 1732 160 49 schon
2577 1731 246 57 gescheit,
2873 1732 118 48 weil
3041 1730 67 49 du
3157 1729 133 50 mich

1789 1815 148 51 fort
1973 1816 170 50 haben
2181 1817 295 49 möchtest?
2519 1855 11 9 .
2569 1855 11 10 .

1880 1902 110 57 „Da
2030 1943 9 10 .
2083 1944 9 10 .
2232 1903 91 49 das
2365 1901 259 50 Mädchen
2668 1901 120 51 hielt
2828 1904 101 48 ihm
2972 1900 193 50 schnell
3209 1903 78 46 ein

1793 1987 162 50 Stück
2000 1988 247 49 trockene
2291 1988 328 55 Hopfenrebe
2666 1987 81 48 hin
2795 1987 104 49 und
2949 1988 78 48 ein
3074 1985 199 51 Streich-

1789 2074 115 50 holz
1936 2087 115 34 zum
2084 2073 353 50 Beschwören
2475 2075 170 47 seines
2679 2071 334 51 Mißtrauens.

1882 2169 161 56 „Hast
2071 2170 64 47 du
2163 2170 92 49 das
2285 2174 180 45 immer
2492 2171 83 49 bei
2604 2170 110 49 dir?
2746 2169 349 57 Rauchzeug?
3127 2170 167 55 fragte

1790 2256 88 48 der
1914 2254 177 52 Knabe
2127 2256 100 49 und
2263 2257 117 52 griff
2414 2271 61 33 zu
2512 2259 101 46 und
2648 2256 114 48 fuhr
2799 2259 89 47 mit
2927 2256 115 48 dem
3076 2255 178 50 Schwe-

1795 2338 233 58 felholze,
2073 2344 48 52 je
2166 2340 234 50 zehnmal
2448 2344 91 46 mit
2585 2342 169 54 jedem
2802 2355 181 45 neuen,
3033 2342 125 49 über
3201 2342 103 49 den

1794 2424 215 50 Hintern
2053 2428 101 47 und
2198 2429 166 51 zeigte
2411 2429 141 45 seine
2595 2428 229 56 Absicht,
2869 2427 108 49 sich
3018 2425 77 50 als
3138 2426 160 49 Mann

1792 2524 65 34 zu
1895 2511 280 55 beweisen,
2213 2511 170 49 indem
2419 2526 53 34 er
2511 2528 97 41 zog
2644 2513 100 48 wie
2784 2516 78 46 ein
2898 2512 396 54 Wahnsinniger

1793 2598 102 47 und
1925 2609 155 41 sogar
2112 2596 438 56 Kopfschmerzen
2580 2596 188 49 bekam
2801 2612 96 33 vor
2933 2595 188 50 Ziehen
3154 2634 141 12 ....

1793 2679 138 56 „Das
1973 2679 217 49 machen
2231 2684 95 47 wir
2573 2685 147 54 sagte
2766 2697 67 40 er,
2879 2682 72 48 als
2999 2695 55 35 es
3098 2680 198 50 endlich

1790 2766 219 48 brannte
2044 2804 11 10 .
2091 2804 10 9 .
2137 2803 11 10 .
2185 2766 101 47 und
2321 2765 165 50 hinter
2520 2769 138 47 einer
2696 2766 353 55 Rauchwolke
3086 2766 117 58 frug
3241 2779 53 35 er

1790 2849 133 49 noch
1962 2852 183 48 einmal
2188 2849 147 59 „hast
2376 2853 61 46 du
2476 2851 97 48 das
2613 2854 181 47 immer
2832 2852 82 49 bei

1919 2934 255 50 Errötend
2220 2938 218 52 gestand
2491 2938 90 47 das
2627 2936 257 50 Mädchen
2935 2939 92 53 ein,
3074 2937 100 49 daß
3224 2939 74 46 sie

1793 3017 141 49 diese
1968 3018 209 56 Zigarre
2215 3022 95 46 seit
2347 3020 116 48 dem
2495 3020 219 49 Eisfeste
2755 3021 81 48 bei
2873 3020 106 49 sich
3015 3025 145 51 trage
3197 3021 101 48 und

1792 3103 172 50 bisher
2004 3120 91 34 nur
2133 3105 300 54 vergeblich
2475 3105 84 48 auf
2596 3106 83 48 ihn
2719 3110 258 51 gewartet
3014 3107 149 50 habe.

1885 3188 170 48 Wenn
2089 3191 92 48 das
2212 3190 147 48 wahr
2391 3195 160 52 wäre,
2585 3191 183 49 dachte
2799 3192 94 49 der
2925 3192 193 55 Knabe,
3151 3194 144 47 wäre

1795 3286 53 36 es
1898 3275 79 47 ein
2026 3273 218 49 Zeichen
2290 3289 104 35 von
2442 3275 187 55 großer
2677 3275 472 50 Aufmerksamkeit
3192 3276 105 48 und

1794 3357 157 49 hoher
1989 3358 381 56 Einschätzung
2410 3399 10 9 .
2459 3397 10 10 .
2508 3361 123 48 aber
2669 3374 54 35 er
2762 3360 154 50 hüllte
2954 3359 108 50 sich
3098 3364 47 45 in
3184 3363 113 46 eine

1789 3440 185 50 Wolke
2033 3442 104 48 und
2194 3443 166 55 fragte
2422 3444 257 57 „rauchen
2737 3445 139 49 nicht
2939 3445 79 49 die
3078 3445 220 50 Schiffer

1890 3626 65 47 Er
1989 3627 171 48 mußte
2199 3627 79 48 die
2314 3628 165 56 Frage
2514 3628 119 50 sehr
2668 3628 200 49 häßlich
2902 3631 180 47 betont
3116 3629 182 56 haben,

1799 3709 130 51 denn
1997 3712 89 48 das
2149 3711 257 51 Mädchen
2473 3717 312 47 antwortete
2850 3713 101 49 ihm
3017 3715 283 55 überhaupt

1795 3795 139 50 nicht
1971 3799 101 47 und
2110 3797 187 48 bekam
2334 3799 207 48 Tränen
2575 3804 46 45 in
2666 3801 77 46 die
2780 3800 195 55 Augen.

1889 3878 179 59 „Beißt
2096 3879 91 50 der
2494 3881 168 56 fragte
2691 3897 55 34 er
2773 3882 105 49 und
2901 3882 221 51 hustete.

2136 3968 74 46 sie
2260 3965 179 56 schlug
2477 3966 104 49 ihm
2628 3967 79 50 die
2753 3966 208 57 Zigarre
3006 3967 159 57 heftig
3210 3982 93 36 aus

1801 4050 89 47 der
1927 4050 162 56 Hand,
2129 4053 124 54 „das
2291 4048 182 58 giebt's
2514 4052 138 50 nicht
2692 4053 158 57 mehr,
2891 4053 65 50 du
2996 4054 117 55 bist,
3149 4069 153 34 wenn

1797 4134 62 50 du
1900 4136 223 55 rauchst,
2167 4137 199 48 deinem
2404 4136 187 50 Schiok
2631 4138 118 49 sehr

1887 4219 279 58 „Weshalb
2416 4222 176 49 wollte
2633 4238 53 35 er
2719 4223 198 56 fragen,
2955 4226 124 48 aber
3114 4240 54 33 er
3204 4224 94 50 sah

1799 4309 110 45 sein
1934 4305 190 49 kurzes
2152 4308 311 54 Vergnügen
2493 4323 62 34 zu
2584 4307 219 54 deutlich
2835 4312 66 45 im
2931 4310 101 48 See
3062 4309 206 49 schwim-

1796 4403 116 34 men
1960 4392 100 48 und
2106 4392 109 47 sein
2262 4391 276 55 peinliches
2586 4393 301 56 Empfinden
2933 4394 174 50 ilenkte
3158 4396 142 47 seine

1800 4473 467 53 Aufmerksamkeit
2305 4477 195 49 schnell
2535 4480 139 47 einer
2708 4478 130 50 Ente
2877 4493 78 42 zu,
2990 4479 83 49 die
3111 4479 193 59 gerade

1797 4559 209 57 aufflog.
2062 4559 252 58 „Schicke
2356 4561 130 50 doch
2530 4565 77 46 die
2648 4563 128 50 Ente
2821 4564 227 58 hinüber,
3091 4568 74 47 sie
3211 4564 95 51 soll

1801 4647 94 46 den
1933 4646 194 50 Frosch

1884 4744 103 56 „Zu
2022 4760 115 33 was
2178 4747 146 55 denn,
2364 4746 84 47 auf

1885 4829 207 56 „Räche
2130 4829 131 49 mich
2303 4831 143 56 doch,
2488 4831 179 57 denke,
2705 4847 155 34 wenn
2900 4831 79 50 ich
3018 4833 277 48 ertrunken

2001 4954 10 10 .
2047 4953 10 10 .
2093 4957 8 8 .
2136 4930 87 44 „es
2254 4919 144 45 wäre
2433 4931 132 39 ganz
2596 4920 108 46 nett
2735 4918 377 55 zuzuschauen,
3141 4931 155 36 wenn

1792 4999 187 48 Schick
2024 5000 89 48 der
2152 5000 128 48 Ente
2321 5005 70 45 im
2431 5001 258 50 Schnabel
2730 5003 236 57 zappelte
3008 5004 50 47 in
3097 5003 163 48 Todes-

1797 5090 164 51 angst.
1967 5085 11 18 4
1984 5084 7 11 '

1890 5168 198 57 „Wenn
2132 5171 61 47 du
2609 5172 214 49 diesmal
2862 5167 154 54 war's
3058 5174 75 48 ihr
3175 5174 123 49 aber

1796 5257 155 45 ernst.

1894 5351 104 50 Der
2056 5351 178 54 Knabe
2291 5352 142 50 hatte
2492 5352 259 58 geglaubt,
2810 5367 156 35 wenn
3025 5369 54 35 er
3139 5356 170 47 seiner

1793 5435 335 57 Mißachtung
2162 5451 165 43 gegen
2365 5437 187 51 Schick
2585 5439 274 50 Ausdruck
2894 5439 146 57 gebe,
3076 5439 132 50 habe
3245 5454 52 34 er

1802 5535 84 34 am
1921 5520 317 51 schnellstem
2583 5561 152 14 ....
2773 5526 122 48 aber
2932 5538 101 36 nun
3071 5527 149 49 stand
3255 5538 55 35 er

1799 5607 63 48 da
1922 5609 90 47 mit
2072 5609 461 52 abgeschnittenen
2593 5610 248 54 Rückzug
2900 5610 84 48 auf
3044 5609 254 50 schmaler

1794 5692 195 48 Planke
2023 5731 100 11 ...
2160 5707 54 34 er
2248 5693 231 55 schwieg
2511 5695 123 52 jetzt
2669 5709 82 34 am
2783 5693 239 55 klügsten
3057 5732 11 11 .
3104 5735 10 10 .
3151 5735 11 10 .
3197 5694 101 49 und

1799 5780 125 50 jetzt
1961 5777 188 49 kamen
2191 5779 77 46 die
2308 5778 292 50 Schwanen
2637 5778 438 58 geschwommen.

1895 5862 199 56 „Wenn
2126 5862 80 48 ich
2236 5865 124 51 jetzt
2392 5863 177 49 wollte
2600 5902 10 10 .
2644 5905 9 9 .
2687 5903 11 9 .
2731 5863 161 50 siehst
2928 5866 64 47 du
3029 5865 88 49 das

1892 5947 108 55 „Ja,
2036 5947 80 50 ich
2149 5947 124 49 sehe
2307 5962 56 35 es

1892 6031 159 56 „Was
2084 6032 155 50 willst
2271 6035 64 47 du
2368 6035 181 46 immer
2583 6035 90 47 mit
2708 6035 171 48 deiner
3200 6073 10 10 .
3246 6072 11 10 .
3292 6071 9 10 .

1799 6115 126 58 „soll
1967 6116 81 48 ich
2086 6119 134 48 mich

1893 6201 173 57 „Nein,
2105 6201 97 50 tu's
2243 6202 138 49 nicht
2422 6242 9 9 .
2473 6241 11 10 .
2523 6241 10 10 .
2576 6203 92 48 das
2708 6204 148 49 Brett
2895 6203 141 57 kippt
3079 6217 99 43 um,
3219 6202 80 50 laß

1798 6300 54 34 es
1894 6286 128 49 doch

1889 6386 138 47 Aber
2079 6385 92 48 das
2221 6384 260 49 Mädchen
2532 6385 235 57 schöpfte
2817 6385 101 48 ihm
2973 6388 162 46 schon
3186 6389 112 46 eine

1791 6468 152 49 Hand
1982 6468 106 50 voll
2128 6469 220 51 Wasser
2388 6471 125 48 über
2558 6471 99 48 den
2696 6470 133 57 Kopf
2870 6474 103 47 und
3016 6471 91 49 das
3149 6472 147 48 Brett

1790 6554 177 56 kippte
2005 6554 151 50 nicht.

3508 98 159 57 „Was
3703 97 201 49 machst
3942 98 63 47 du
4047 98 130 46 denn
4390 95 167 49 schrie
4601 94 88 48 der
4726 93 190 55 Knabe.

3513 185 161 58 „Dich
3713 182 191 51 taufen'
3910 183 11 18 4
3964 221 10 11 .
4016 224 10 9 .
4065 221 12 10 .
4120 183 94 49 daß
4256 185 145 47 deine
4440 181 213 49 Bosheit
4693 178 243 54 vergeht.

3518 271 117 56 „Ich
3670 271 179 48 werde
3886 271 47 51 ja
3962 270 199 48 wieder
4200 282 131 43 ganz
4365 268 129 48 naß.'
4501 271 11 16 4

3518 356 167 57 „Mein
3719 355 217 49 Wasser
3970 354 215 49 schadet
4219 354 73 47 dir
4323 353 163 49 nichts
4522 390 136 13 ....
4693 353 75 45 sei
4798 349 129 55 froh,

3428 443 91 47 das
3563 441 105 49 du's
3706 446 135 44 wert
4058 477 9 9 .
4110 477 10 9 .
4163 476 10 10 .
4216 437 141 57 „sieh
4397 437 98 55 hin,
4540 440 116 46 dort
4703 434 226 50 draußen

3425 528 134 49 fährt
3602 529 79 45 ein
3977 524 168 48 lachte
4190 526 90 45 sie.

3524 613 93 55 „Ja
3670 612 160 47 schön
4126 610 105 46 und
4285 607 95 48 ließ
4439 608 90 46 das
4584 607 217 49 Wasser
4861 619 66 33 an

3424 701 195 44 seinem
3673 696 210 48 Nacken
3934 709 62 34 an
4054 696 87 45 der
4193 692 344 48 Wirbelsäule
4589 690 339 51 hinabfließen

3425 823 9 10 .
3464 824 10 9 .
3507 825 9 9 .
3546 784 123 47 aber
3702 795 55 34 es
3787 781 119 47 kam
3930 779 234 49 wirklich
4190 779 125 47 leise
4348 780 79 47 ein
4457 775 163 50 Schiff
4647 776 158 47 näher
4834 813 13 10 .
4878 813 10 10 .
4919 812 8 11 .

3428 871 102 55 ein;
3556 869 147 53 Ding,
3754 881 57 35 so
3861 865 123 57 groß
4032 867 100 46 wie
4183 866 80 45 ein
4310 864 158 52 Haus,
4520 876 52 33 er
4623 859 157 50 erhob
4833 860 97 47 den

3425 950 199 52 Nassen
3668 952 123 49 Hals
3828 955 104 46 und
3978 950 214 48 schaute
4235 951 90 47 mit
4368 946 194 55 großen
4603 946 180 55 Augen
4825 958 106 36 von

3424 1038 88 48 der
3554 1038 195 48 Planke
3790 1036 99 50 auf.
3933 1034 160 58 „Was
4132 1036 88 45 tun
4264 1033 79 47 die
4382 1030 287 49 Menschen
4711 1027 95 50 alle
4848 1027 84 50 auf

3429 1124 115 48 dem
3583 1121 195 54 Schiff?
3821 1123 167 48 haben
4022 1122 84 47 die
4146 1121 67 45 im
4251 1120 101 47 See
4391 1117 223 54 gebadet
4654 1115 124 49 oder
4818 1153 10 10 .
4868 1152 10 10 .
4921 1151 9 9 .

3427 1209 113 47 sind
3579 1222 55 33 es
3672 1209 163 48 lauter

3919 1292 167 54 fragte
4125 1288 93 49 das
4251 1286 276 50 Mädchen.

3519 1377 116 56 „Ich
3673 1380 182 52 meine,
3896 1380 77 45 die
4016 1381 65 46 du
4120 1375 127 50 auf's
4288 1374 84 48 Eis
4413 1371 204 57 geführt
4658 1370 131 49 hast.
4843 1370 86 49 Sie

3426 1463 241 50 kommen
3722 1463 127 47 doch
3900 1463 114 48 dort
4065 1462 175 47 hinten
4286 1456 192 57 herauf,
4529 1472 88 34 wo
4666 1457 91 46 das
4806 1453 124 50 Ufer

3523 1632 106 47 Das
3680 1629 258 50 Mädchen
3991 1632 173 47 mußte
4218 1632 115 46 dem
4386 1625 392 52 nachforschen.
4847 1626 86 47 Sie

3427 1717 168 54 fragte
3633 1715 330 54 eindringlich
4001 1715 101 46 und
4136 1714 198 47 endlich
4371 1712 221 55 gestand
4634 1711 89 48 der
4761 1707 177 54 Knabe

3434 1841 41 19 „.
3508 1844 8 9 .
3550 1841 9 9 .
3590 1806 73 44 sie
3695 1803 177 52 kriege
3904 1800 131 48 doch
4068 1800 185 48 keinen
4282 1800 157 47 Mann
4471 1801 102 47 und
4609 1798 179 47 darum
4818 1809 90 34 ver-

3433 1887 224 49 schenke
3709 1888 72 46 sie
4292 1922 11 10 .
4352 1922 10 9 .
4414 1925 10 9 .
4474 1887 102 46 und
4627 1896 57 35 so
4737 1883 199 46 weiten

3434 1974 190 47 Diesen
3668 1972 108 48 Teil
3822 1986 102 34 von
3971 1970 232 48 Schick's
4246 1967 502 50 verläumderischer
4795 1965 143 55 Rede

3435 2057 140 48 hatte
3623 2071 52 33 er
3721 2059 75 46 bis
3843 2058 122 51 jetzt
4012 2054 131 49 noch
4190 2054 135 49 nicht
4373 2054 390 55 preisgegeben,
4815 2053 123 47 aber

3439 2156 54 34 es
3536 2142 236 48 erschien
3811 2140 107 51 ihm
3961 2154 64 34 an
4071 2141 88 46 der
4202 2139 108 47 Zeit
4354 2139 83 47 bei
4483 2139 86 47 der
4614 2137 184 47 harten
4841 2134 65 47 Be-

3438 2228 241 52 drängnis
3718 2231 83 45 auf
3838 2227 88 47 der
3965 2224 209 48 Planke.

3531 2310 313 57 „Eigentlich
3925 2308 173 50 müßte
4181 2307 78 49 ich
4347 2308 112 47 dich
4543 2308 124 51 jetzt
4750 2304 163 48 hinein-

3806 2396 186 55 packte
4029 2395 97 47 das
4168 2393 257 48 Mädchen
4468 2391 97 50 den
4606 2390 213 52 Knaben
4862 2402 77 35 an.

3531 2481 172 58 „Nein,
3735 2483 130 52 nein,
3877 2529 8 20 t
3898 2480 132 48 werf
4057 2479 134 49 mich
4222 2478 138 48 nicht
4640 2490 53 33 er
4726 2477 214 51 drängte

3437 2568 159 53 heftig
3635 2580 104 35 ans
3777 2567 143 46 Land
3957 2602 10 10 .
4007 2603 10 9 .
4057 2604 8 8 .
4102 2578 87 41 „es
4225 2567 67 45 ist
4330 2577 72 40 so,
4443 2564 100 47 wie
4585 2562 79 48 ich
4704 2556 117 51 dir's
4862 2573 52 33 er-

3437 2651 136 49 zählt

3531 2737 236 55 „Gerade

3534 2822 223 55 „Darum
3800 2834 125 41 sage
3971 2820 79 48 ich
4093 2822 62 53 ja,
4199 2817 144 49 sollst
4387 2822 65 45 du
4488 2816 118 50 dich
4650 2830 61 35 an
4756 2814 188 50 Schick

3438 2906 187 49 rächen
3659 2945 9 9 .
3702 2944 10 10 .
3745 2948 9 8 .

3530 2991 223 56 „Darum
3789 3005 62 33 an
3887 2991 73 49 dir
3995 3027 10 10 .
4043 3031 10 9 .
4085 3028 10 9 .
4132 2989 187 48 Schick
4352 2987 268 50 überlasse
4655 2984 80 50 ich
4770 2985 135 48 Ande-

3606 3076 95 49 das
3736 3076 260 48 Mädchen
4031 3076 95 48 ließ
4165 3074 82 49 ihn
4282 3073 93 48 los.

3524 3162 168 57 „Aber
3730 3167 64 47 du
3829 3159 149 51 tust's
4257 3158 170 56 fragte
4458 3158 96 49 der
4590 3158 177 54 Knabe
4802 3155 134 49 noch

3430 3247 185 49 einmal
3655 3263 61 33 zu
3756 3249 169 46 seiner
3965 3244 481 57 Vergewisserung,
4490 3246 63 46 ob
4598 3243 89 47 das
4731 3240 168 49 Neben-

3430 3332 263 48 ihrstehen
3731 3333 130 46 auch
3900 3330 259 57 gefahrlos
4198 3331 158 48 wäre.

3529 3418 115 47 Wie
3706 3430 55 35 er
3825 3419 73 45 sie
3963 3415 149 50 dabei
4174 3412 297 56 anschaute,
4534 3412 89 49 das
4681 3409 259 50 Mädchen

3436 3502 171 48 mußte
3640 3501 83 50 ihn
3757 3514 282 35 umarmen.

3527 3588 114 48 Und
3677 3589 87 46 der
3793 3584 178 54 Knabe
4000 3585 176 54 fühlte,
4210 3584 94 48 daß
4337 3599 54 34 er
4424 3585 77 47 ein
4533 3583 246 47 Dummer
4811 3594 128 40 war,

3436 3672 107 49 sich
3596 3687 96 34 vor
3747 3674 114 48 dem
3914 3669 259 50 Mädchen
4223 3683 64 33 zu
4336 3666 251 50 fürchten.
4654 3664 163 58 „Gelt,
4874 3665 64 47 du

3434 3758 184 48 kannst
3656 3758 94 46 mir
3789 3754 166 50 nichts
3988 3755 169 48 Böses
4459 3755 149 51 sagte
4645 3765 70 34 er.

3528 3842 142 56 „Von
3705 3855 137 34 wem
3876 3839 148 50 sollte
4059 3838 123 49 ich's
4216 3838 200 55 gelernt
4723 3833 219 49 schaute

3436 3930 74 46 sie
3547 3942 64 34 an
3646 3926 102 50 ihm
3780 3924 187 51 hinauf.
4675 3970 5 17 ,

3530 4013 94 49 Die
3666 4013 172 48 Sonne
3881 4009 154 49 stand
4072 4009 133 49 hoch
4248 4007 103 50 und
4393 4008 79 47 die
4514 4005 258 50 blitzende
4816 4004 95 48 See-

3433 4097 168 50 fläche
3642 4096 260 49 kräuselte
3948 4094 108 50 sich
4098 4107 181 36 warm.
4336 4092 105 49 Der
4482 4090 100 50 See
4623 4103 113 36 war
4781 4088 160 48 schön

3436 4187 100 46 und
3579 4181 141 56 groß,
3768 4182 89 48 der
3901 4179 179 52 Knabe
4120 4179 142 48 hatte
4303 4176 84 49 ihn
4428 4190 133 44 ganz
4604 4174 203 49 kennen
4854 4185 58 40 ge-

3435 4267 148 56 lernt,
3632 4281 54 34 er
3736 4263 215 58 gehörte
4000 4263 103 49 ihm
4152 4265 47 53 ja
4247 4263 105 55 mit,
4402 4260 166 50 nichts
4618 4273 105 34 von
4773 4260 168 47 seiner

3436 4351 191 50 Pracht
3675 4351 143 50 hatte
3867 4350 103 50 ihm
4023 4351 90 47 das
4163 4346 257 50 Mädchen
4470 4346 297 52 verborgen
4817 4342 123 48 oder

3442 4436 170 51 doch?
3655 4437 121 49 weil
3821 4439 73 46 sie
3940 4432 340 51 wiederholte
4326 4431 140 58 „Nun
4516 4434 137 44 must
4698 4429 72 49 du
4817 4426 132 49 nach

3439 4523 175 49 Hause

3561 4608 129 48 Was
3728 4607 127 49 blies
3896 4607 76 48 für
4015 4606 76 47 ein
4132 4603 215 50 frischer
4386 4602 154 48 Wind
4578 4604 50 45 in
4669 4601 78 49 die
4787 4596 155 55 Segel

3439 4691 190 50 hinein!
3665 4729 97 12 ...
3793 4705 57 35 es
3882 4688 222 52 bauchte
4138 4688 109 50 sich
4281 4689 90 49 tief
4403 4689 103 48 und
4538 4687 79 47 ein
4651 4683 300 50 schwarzer

3446 4778 249 48 Schatten
3734 4776 215 49 huschte
3995 4776 236 47 darüber.

3537 4863 183 47 Durfte
3757 4876 54 33 er
3850 4860 129 49 doch
4018 4859 139 50 nicht
4194 4858 124 50 alles
4356 4856 197 50 sehen?
4594 4855 120 49 weil
4753 4855 74 49 sie
4866 4853 81 49 ihn

3446 4960 56 34 so
3536 4946 120 50 sehr
3691 4946 131 48 nach
3856 4946 177 48 Hause
4068 4945 231 53 drängte.
4353 4942 140 49 Oder
4528 4957 112 33 war
4676 4955 53 34 er
4760 4939 190 51 taktlos

3447 5046 247 42 gewesen
3743 5036 101 46 und
3893 5045 62 34 zu
4001 5031 152 54 lange
4203 5027 307 58 geblieben?
4579 5026 129 48 Was
4760 5040 54 33 er
4863 5040 90 32 zur

3444 5116 439 54 Entschuldigung
3915 5115 315 53 vorbringen
4258 5113 210 55 konnte,
4501 5110 174 50 wußte
4711 5124 53 33 er
4799 5108 152 49 nicht.

3446 5201 194 49 Darum
3675 5204 148 53 sagte
3862 5215 54 34 er
3951 5214 93 34 nur
4082 5198 206 55 zaghaft
4324 5197 98 57 „Es
4453 5200 67 46 ist
4557 5196 160 49 schön
4753 5196 83 47 bei
4878 5194 73 46 dir

3817 5286 106 48 Das
3981 5283 258 50 Mädchen
4297 5284 204 47 zitterte
4555 5294 94 34 nur
4703 5281 91 49 mit
4850 5278 98 48 den

3446 5373 194 55 Lippen
3677 5408 107 11 ...

3539 5456 67 49 Er
3653 5455 206 50 machte
3911 5454 108 48 sich
4071 5453 193 49 schnell
4318 5453 183 54 davon,
4555 5451 97 47 den
4700 5450 252 49 Schmerz

3446 5547 102 46 und
3602 5543 78 47 die
3731 5541 206 47 Tränen
3993 5543 167 50 zeigte
4219 5553 52 33 er
4329 5538 117 47 dem
4497 5535 263 49 Mädchen
4815 5534 139 50 nicht

3446 5640 174 41 gerne.

3535 5712 107 47 Das
3670 5709 258 50 Mädchen
3957 5710 133 49 blieb
4120 5706 380 58 lange,stehen.
4531 5706 95 49 Die
4652 5705 295 51 Schwanen

3442 5796 188 49 kamen
3669 5795 425 58 geschwommen
4136 5793 102 49 und
4279 5791 192 50 hielten
4510 5792 168 49 neben
4719 5791 78 50 ihr
4839 5788 117 52 still.

3437 5880 87 49 Sie
3563 5881 224 48 blickten
3827 5881 51 46 in
3918 5879 79 49 die
4038 5876 234 50 fremden
4313 5875 310 50 Uferfernen
4667 5875 91 50 des
4802 5875 147 56 Sees,

3436 5965 121 48 kam
3609 5966 88 47 der
3747 5965 178 55 Knabe
3978 5963 209 49 dorther
4239 5963 236 49 wieder?
4532 5964 143 49 hatte
4728 5963 73 47 sie
4854 5962 88 46 der

3435 6048 178 53 Knabe
3644 6047 334 50 versanden?
4010 6047 132 54 Kam
4174 6060 54 36 er
4264 6046 215 50 diesmal
4512 6061 65 35 zu
4606 6046 76 49 ihr
4713 6045 230 49 zurück?

3437 6135 119 49 kam
3599 6149 53 36 er
3696 6136 74 48 als
3814 6132 275 55 Jüngling?
4135 6133 129 49 oder
4314 6138 106 46 erst
4463 6136 191 54 später,
4699 6133 105 49 viel
4846 6131 104 49 viel

3444 6220 215 56 später?

3981 6300 23 25 *
4370 6302 24 24 #

4176 6336 23 24 *

3530 6390 130 48 Dem
3711 6389 213 55 Knaben
3977 6404 112 34 war
4143 6405 55 34 es
4250 6405 58 35 so
4358 6390 115 48 hart
4525 6390 92 48 das
4669 6389 270 49 Scheiden.

3440 6473 129 49 Bald
3615 6475 196 47 wieder
3861 6475 82 48 bei
3985 6474 82 52 ihr
4120 6478 125 54 sein,
4294 6477 141 47 hätte
4485 6488 53 35 er
4590 6474 226 57 gewollt.
4879 6475 68 48 Er

3429 6572 112 34 war
3577 6571 58 35 so
3667 6557 129 59 hart,
3828 6558 90 48 der
3950 6559 276 50 Abschied.
