3566 4572
1048 465 97 49 634

1599 466 133 47 Max
1759 465 151 50 Brod
1924 489 7 10 •
1957 462 155 63 Bgcßo
2144 466 190 49 Braßes
2370 465 114 60 Weg
2517 485 67 30 zu
2620 468 124 48 Gott

1053 677 115 38 neu
1209 652 380 62 erscheinende
1620 652 146 59 Buch
1801 650 216 61 brachte
2050 652 260 77 Angriffe
2349 676 177 54 gegen
2560 649 219 81 Tychos
2809 654 463 82 Anschauungen,

1054 746 113 61 Die
1208 746 165 61 wilde
1404 744 249 61 Polemik
1685 743 99 61 des
1817 743 188 62 Ursus
2037 744 176 60 schien
2258 753 178 52 einem
2476 769 215 53 ganzen
2724 747 234 61 Haufen
3001 748 269 68 ähnlichen

1053 840 304 62 Gelichters
1397 838 137 60 Mut
1581 837 248 78 gemacht
1877 861 74 37 zu
2000 837 201 73 haben,
2244 838 137 61 über
2420 836 197 80 Tycho
2659 840 437 64 herzufallen,..
3139 844 133 66 Und

1053 932 205 60 konnte
1298 954 129 37 man
1473 953 58 38 es
1572 939 194 53 immer
1807 932 136 60 noch
1987 931 82 61 als
2104 940 160 52 einen
2297 932 195 61 Zufall
2522 932 345 73 bezeichnen,
2903 934 109 62 daß
3044 935 226 80 Keplers

1050 1025 231 61 Namen
1324 1048 68 37 so
1434 1024 80 61 oft
1553 1024 180 61 neben
1775 1024 127 62 dem
1935 1020 228 83 Tychos
2205 1026 254 61 erwähnt
2492 1028 217 71 wurde,
2748 1028 117 59 und
2904 1051 155 38 zwar
3096 1031 175 75 jedes*

1048 1118 110 61 mal
1214 1125 53 53 in
1326 1117 236 61 scharfer
1609 1117 314 78 Wendung
1970 1141 176 54 gegen
2197 1119 126 60 ihn?
2377 1119 211 78 Kepler
2635 1120 169 61 selbst
2852 1122 151 59 hatte
3050 1123 105 61 sich
3200 1134 69 55 im

1049 1209 414 63 »Prodromus«
1509 1209 102 61 auf
1637 1205 190 82 Tycho
1868 1211 246 61 berufen.
2156 1211 148 61 Nun
2346 1212 151 61 lobte
2537 1236 132 37 man
2711 1213 89 61 die
2833 1213 437 69 Bescheidenheit

1045 1303 98 61 des
1199 1312 207 69 jungen
1454 1303 251 61 Mannes
1765 1306 114 58 und
1926 1303 154 73 fand,
2131 1305 109 60 daß
2291 1329 57 36 er
2396 1313 74 52 im
2522 1306 241 62 Grunde
2812 1330 99 55 gar
2959 1308 157 61 keine
3162 1311 107 61 Be*

1045 1399 239 76 Ziehung
1331 1421 73 37 zu
1453 1406 209 52 seinem
1713 1399 348 77 angeblichen
2103 1399 213 60 Lehrer
2365 1400 162 70 habe,
2572 1400 109 62 daß
2732 1424 58 37 er
2831 1401 106 61 auf
2972 1411 120 52 eine
3132 1426 136 55 ganz

1044 1490 206 61 andere
1280 1490 202 61 Weise
1521 1491 248 76 vorgehe
1810 1491 116 61 und
1966 1500 53 52 in
2062 1491 178 61 dieser
2271 1501 132 51 weit
2436 1492 137 61 über
2605 1489 195 81 Tycho
2834 1494 430 67 hinauskomme.

1042 1584 136 61 Nur
1243 1593 87 52 ein
1396 1594 238 69 einziger
1688 1585 315 62 Rezensent
2060 1586 282 60 entdeckte
2400 1595 123 52 eine
2578 1595 376 69 gemeinsame
3010 1589 258 80 Richtung

1041 1673 226 81 Tychos
1316 1677 115 61 und
1479 1678 266 77 Keplers,-
1799 1678 168 61 leider
2017 1702 119 37 war
2192 1679 204 76 gerade
2453 1703 59 37 er
2563 1680 132 60 auch
2754 1680 98 61 der
2902 1689 227 70 einzige,
3177 1684 91 61 der

1041 1771 211 77 Kepler
1293 1772 238 76 gänzlich
1573 1773 256 60 verwarf.

1119 1865 199 61 Nichts
1374 1866 391 77 begreiflicher,
1824 1866 80 61 als
1959 1866 112 61 daß
2121 1866 150 61 diese
2319 1875 194 53 immer
2561 1868 399 61 wiederholten
3010 1870 255 78 Behaup*

1041 1975 209 61 tungen
1291 1955 224 81 Tychos
1557 1959 494 77 Unbefangenheit
2089 1983 178 54 gegen
2309 1960 208 79 Kepler
2555 1984 74 38 zu
2671 1961 456 80 beeinträchtigen
3168 1988 97 37 an*

1041 2051 196 78 fingen.
1277 2053 116 61 Mit
1435 2063 147 51 einer
1622 2061 275 68 gewissen
1938 2053 396 78 Ängstlichkeit
2381 2055 220 78 begann
2653 2079 57 37 er
2758 2065 74 51 im
2876 2056 284 79 Gespräch
3198 2082 66 37 zu

1040 2144 263 71 betonen,
1346 2147 112 59 daß
1500 2169 58 37 er
1597 2154 98 52 mit
1735 2145 113 61 ihm
1890 2147 134 61 doch
2060 2157 53 51 in
2149 2148 108 60 den
2292 2148 485 61 Grundansichten
2810 2149 451 64 übereinstimme.

1040 2239 86 61 Es
1175 2263 120 37 war
1342 2241 281 77 geradezu
1670 2241 259 71 rührend,
1978 2249 108 52 wie
2145 2265 58 36 er
2252 2242 116 59 dies
2418 2251 193 52 immer
2660 2243 116 61 und
2826 2252 193 53 immer
3066 2246 198 61 wieder

1040 2332 342 61 hervorhob:
1429 2333 339 78 »Eigentlich
1808 2335 123 59 sind
1971 2342 103 52 wir
2111 2343 57 69 ja
2208 2335 286 60 derselben
2528 2336 298 77 Meinung,
2867 2338 139 60 nicht
3045 2338 214 61 wahr?«

1036 2425 168 77 Jeden
1255 2426 243 60 anderen
1549 2426 153 61 hätte
1750 2427 89 60 die
1878 2427 433 71 Behutsamkeit,
2361 2428 236 61 beinahe
2647 2428 494 80 Schamhaftigkeit,
3181 2432 80 60 die

1036 2514 197 82 Tycho
1274 2543 114 37 nun
1422 2528 75 52 im
1530 2519 259 62 Verkehr
1821 2529 99 52 mit
1952 2521 209 76 Kepler
2193 2530 193 69 zeigte,
2422 2522 280 78 ergriffen,-
2734 2547 106 36 nur
2864 2524 209 77 Kepler
3102 2525 159 61 selbst

1036 2611 282 61 bemerkte
1365 2620 80 54 sie
1493 2613 154 61 nicht.
1699 2614 104 60 An
1854 2614 177 61 dieser
2072 2615 454 61 entscheidenden
2569 2615 168 62 Stelle
2777 2616 127 63 kam
2945 2628 151 52 seine
3134 2618 125 61 Un*

1037 2705 447 78 empfindlichkeit
1526 2707 89 59 für
1656 2708 102 60 alle
1798 2708 374 77 persönlichen
2215 2708 249 62 Gefühle
2512 2733 101 37 zur
2654 2709 271 79 Geltung,
2974 2721 117 52 sein
3138 2710 122 63 bloß

1036 2798 128 62 dem
1205 2799 188 61 Feuer
1434 2801 97 59 der
1572 2801 394 62 Wissenschaft
2005 2803 403 78 zugewandter
2447 2803 151 62 Sinn,
2640 2804 177 78 Legte
2859 2829 58 36 er
2956 2806 138 61 doch
3135 2806 122 61 auch

1037 2893 108 60 den
1189 2893 111 60 ihm
1342 2902 103 52 seit
1484 2893 227 63 kurzem
1751 2896 382 77 zufliegenden
2169 2897 401 78 Huldigungen
2612 2897 99 62 der
2742 2898 349 63 Literatoren
3130 2900 129 59 nicht

1035 2985 109 61 den
1186 2995 311 70 geringsten
1539 2987 170 63 Wert
1749 2989 104 62 bei.
1897 2990 80 60 Im
2020 2989 319 78 Gegenteil:
2387 3000 80 52 sie
2508 3014 192 38 waren
2749 2992 113 60 ihm
2904 3003 85 50 ein
3034 2992 222 79 Gegen»

1036 3080 165 60 stand
1234 3079 99 62 des
1360 3080 255 79 Spottes/
1648 3105 57 37 er
1738 3081 168 62 lachte
1939 3091 81 52 sie
2055 3105 122 49 aus,
2210 3107 169 36 wenn
2414 3107 72 48 er,
2516 3108 115 37 von
2666 3084 97 61 der
2790 3084 467 80 Geringfügigkeit

1035 3180 180 54 seines
1248 3173 308 78 bisherigen
1590 3174 307 62 Arbeitens
1931 3177 271 76 ergriffen,
2236 3177 90 60 die
2358 3178 322 76 ungeheure
2714 3178 199 62 Größe
2946 3188 178 52 seiner
3161 3202 95 37 zu*

1034 3265 280 79 künftigen
1332 3268 273 77 Aufgabe
1633 3268 215 79 freudig
1874 3287 310 44 anstaunte.
2211 3270 79 78 Ja,
2310 3270 201 63 einmal
2536 3281 203 53 meinte
2767 3296 57 37 er
2851 3273 141 61 allen
3012 3274 243 66 Ernstes,

1034 3367 87 52 ein
1154 3359 207 61 solcher
1385 3361 326 61 Lobhudler
1735 3363 165 60 wolle
1926 3363 92 60 ihn
2046 3363 325 78 beleidigen!
2406 3364 61 60 In
2494 3364 98 61 der
2616 3366 173 77 Regel
2820 3367 135 60 aber
2987 3366 268 61 beachtete

1032 3475 60 37 er
1139 3453 90 60 die
1279 3478 181 36 neuen
1510 3455 512 73 Bekanntschaften,
2072 3457 89 61 die
2210 3458 104 60 sich
2365 3458 113 60 ihm
2528 3460 389 77 aufdrängten,
2965 3483 101 54 gar
3113 3458 141 61 nicht,

1032 3547 183 61 Briefe
1256 3549 115 59 und
1412 3549 340 61 Broschüren
1793 3550 219 62 blieben
2053 3552 299 77 ungelesen
2395 3554 196 76 liegen,
2634 3554 87 61 die
2765 3554 108 61 alte
2906 3554 349 72 Unordnung

1031 3658 178 60 zeigte
1250 3643 105 59 sich
1389 3643 164 61 durch
1587 3644 88 60 die
1707 3654 365 69 gesteigerten
2107 3645 481 78 Anforderungen
2621 3646 291 70 verstärkt,
2946 3648 139 59 nicht
3116 3660 138 46 etwa

1030 3732 352 80 beseitigt.,.
1425 3735 115 61 Mit
1581 3738 382 61 namenlosem
1998 3739 323 61 Erstaunen
2354 3739 332 61 betrachtete
2718 3735 190 80 Tycho
2942 3740 177 60 dieses
3149 3737 102 59 Be*

1031 3827 238 61 nehmen
1310 3828 253 79 Keplers.
1608 3829 141 61 Und
1791 3831 116 61 dies
1948 3856 121 36 war
2109 3833 99 60 der
2248 3832 199 71 Punkt,
2490 3842 54 51 in
2587 3832 126 60 dem
2754 3841 119 51 sein
2906 3832 345 75 Verhängnis

1031 3926 276 56 einsetzte.
1357 3922 169 62 Nicht
1567 3933 116 51 sein
1724 3926 289 76 gehäuftes
2053 3926 384 76 Mißgeschick,
2480 3926 103 61 das
2626 3949 59 37 er
2724 3926 297 61 zeitlebens
3062 3944 189 42 mann*
