3566 4572
1117 529 225 50 Kasimir
1367 531 279 51 Ecfscßmicf
1657 557 8 11 *
1696 534 220 60 Yousouj

2548 534 95 51 587

416 726 203 67 wußte,
659 721 110 61 daß
809 727 155 53 seine
997 717 290 78 Ungnade
1329 718 212 62 darauf
1574 722 166 77 folge,
1783 724 127 60 weil
1952 747 61 38 er
2053 746 62 38 es
2157 723 139 60 nicht
2336 723 162 70 liebe,
2533 723 110 62 daß

417 829 146 54 seine
597 811 328 66 Gesdienke
965 812 107 60 sich
1113 812 406 77 zersplitterten
1561 816 118 61 und
1719 840 67 38 so
1832 818 308 78 fortfliegen
2174 816 119 62 und
2326 840 170 37 50,.,
2533 817 110 62 daß

416 915 71 61 ich
527 934 59 38 es
628 907 133 61 aber
803 922 166 61 getan
1011 905 173 70 hätte,
1226 906 127 61 weil
1395 917 146 51 mein
1580 910 266 72 Wunsch,
1889 911 113 61 ihm
2042 911 167 61 durch
2252 910 90 62 die
2383 910 261 79 Expedit

416 1016 111 54 tion
574 1027 74 36 zu
696 1011 236 58 nützen,
982 997 232 79 heftiger
1260 1023 267 53 gewesen
1578 1004 82 61 als
1703 1004 92 62 die
1835 1005 179 62 Scheu
2063 1029 108 37 vor
2210 1014 216 52 seinem
2467 1004 176 62 Zorn,

489 1094 230 63 Darauf
758 1091 169 61 nahm
978 1091 100 61 der
1125 1093 195 77 König
1368 1103 119 52 sein
1528 1095 476 79 Lieblingswiesel
2054 1098 118 61 und
2220 1114 178 46 setzte
2448 1121 60 38 es
2552 1122 91 37 am

417 1193 232 61 Fenster
689 1197 54 51 in
785 1185 90 61 die
917 1185 196 63 Sonne
1155 1187 119 59 und
1315 1188 197 77 spielte
1553 1190 117 60 und
1711 1193 189 76 sprach
1942 1202 98 51 mit
2080 1193 130 62 ihm.

489 1284 84 61 Es
621 1305 121 38 war
789 1290 104 50 mir
941 1288 163 52 einen
1153 1281 381 77 Augenblick,
1584 1283 81 61 als
1716 1284 75 61 ob
1842 1286 75 59 ich
1967 1287 140 60 nicht
2155 1296 55 51 in
2252 1286 129 62 dem
2420 1287 224 62 Raume

418 1387 78 54 sei
715 1397 68 37 so
826 1372 129 62 sehr
996 1372 169 61 nahm
1208 1373 155 61 diese
1400 1375 327 78 Bewegung
1768 1377 111 61 den
1913 1378 270 63 Glauben
2218 1404 72 37 an
2324 1378 92 63 die
2448 1389 196 69 eigene

419 1467 381 66 Wirklichkeit,

490 1564 168 60 Dann
706 1560 136 61 aber
891 1560 162 61 ward
1100 1561 78 60 ich
1226 1571 222 68 zornig,
1498 1563 203 77 Juana,
1752 1564 116 61 und
1909 1564 74 61 da
2022 1574 103 52 mir
2163 1561 230 66 Tränen
2441 1577 55 50 in
2539 1566 103 63 das

419 1657 220 63 Gesicht
678 1655 392 69 schwammen,
1111 1654 196 62 drehte
1349 1657 76 59 ich
1467 1658 132 58 mich
1642 1682 97 36 um
1781 1658 118 60 und
1941 1660 167 60 schrie
2149 1660 103 61 das
2294 1660 349 63 entsetzliche

418 1749 118 62 Bild
574 1757 179 52 seines
789 1747 380 71 Großvaters,
1211 1748 102 61 das
1355 1751 135 58 mich
1531 1758 171 53 reizte
1743 1751 117 60 und
1893 1752 138 61 nicht
2063 1752 191 62 hilflos
2289 1754 211 60 machte
2533 1763 111 52 wie

419 1852 144 53 seine
602 1841 182 71 Ruhe,
826 1851 98 51 mit
964 1841 247 78 heftigen
1252 1842 252 62 Worten
1546 1867 93 46 an,
1680 1843 82 62 als
1804 1845 75 60 ob
1922 1867 59 38 er
2021 1869 61 38 es
2124 1856 97 52 sei.

494 1936 144 70 Sire,
677 1935 112 61 rief
821 1936 105 69 ich,
969 1959 61 37 es
1072 1944 71 52 ist
1183 1936 202 61 schade
1425 1960 97 37 um
1564 1936 90 62 die
1696 1937 203 62 Seelen
1941 1938 99 61 der
2079 1940 202 61 beiden
2322 1940 322 62 Kaufleute

422 2053 98 37 aus
559 2026 305 73 Lissabon,
907 2052 97 36 um
1045 2029 91 59 die
1178 2030 76 60 ich
1296 2029 222 78 beklagt
1557 2030 111 61 bin.
1721 2031 170 61 Denn
1933 2032 75 60 ich
2050 2032 105 61 ließ
2197 2043 82 50 sie
2319 2057 107 36 nur
2467 2041 179 63 töten,

422 2146 90 36 um
559 2120 290 79 angeklagt
896 2146 75 36 zu
1020 2121 232 63 werden
1305 2123 118 59 und
1462 2147 67 37 so
1572 2140 163 44 unter
1776 2124 162 61 Eure
1978 2125 214 78 Augen
2244 2151 75 35 zu
2360 2125 286 70 kommen,

422 2239 114 37 was
577 2217 73 59 ich
692 2215 202 63 anders
937 2217 140 59 nicht
1109 2217 229 71 konnte,
1372 2217 75 61 da
1479 2217 87 61 Ihr
1598 2227 195 68 zornig
1826 2219 107 60 auf
1957 2220 134 60 mich
2124 2237 144 43 wart
2301 2219 100 61 der
2432 2219 215 61 Dörfer

422 2332 206 54 wegen.
672 2309 170 61 Denn
884 2319 182 53 meine
1098 2311 312 61 Petitionen
1453 2312 230 60 werden
1725 2312 138 60 nicht
1901 2313 242 76 gelesen.
2187 2313 87 61 Es
2315 2322 73 52 ist
2426 2312 221 72 schade,

423 2400 140 60 denn
602 2411 145 51 mein
789 2402 178 61 Wort
1007 2403 207 61 scheint
1254 2403 117 61 leer
1410 2413 110 51 wie
1562 2413 89 51 ein
1693 2406 415 75 geschriebenes
2150 2430 74 37 zu
2266 2415 136 52 sein.

497 2495 117 61 Der
644 2496 192 79 König
877 2514 181 61 sagte:
1104 2497 143 61 Und
1287 2520 170 38 wenn
1499 2499 75 59 ich
1617 2520 61 38 es
1713 2499 139 59 nicht
1885 2499 330 61 erlaube...
2345 2500 82 60 Ich
2460 2516 183 60 sagte:

424 2586 166 62 Dann
630 2605 97 46 tue
767 2593 75 58 ich
885 2614 61 38 es
981 2591 109 61 auf
1124 2591 90 63 die
1246 2591 365 78 Möglichkeit
1645 2590 113 71 hin,
1792 2591 109 63 daß
1936 2591 95 63 Sie
2063 2593 134 61 mich
2232 2593 81 61 als
2345 2593 303 77 Briganten

424 2680 253 62 erklären.
718 2683 81 61 Ich
844 2684 166 77 fange
1051 2684 387 76 Yousouf,,,
1484 2685 135 60 auch
1663 2684 150 60 dann
1854 2684 117 61 und
2126 2708 178 55 gegen
2347 2684 116 71 Sie,
2503 2685 141 61 Sire.

494 2774 84 60 Er
617 2777 101 59 sah
760 2779 134 59 mich
936 2802 93 47 an,
1072 2802 132 37 zum
1246 2778 320 70 erstenmal,
1608 2778 117 61 und
1767 2778 245 61 lächelte:
2055 2779 166 60 Auch
2265 2778 148 61 dazu
2456 2778 192 62 hätten

423 2864 90 63 Sie
558 2878 145 51 mein
753 2869 155 63 Geld
957 2895 132 37 zum
1131 2872 345 79 Equipieren
1527 2880 170 68 nötig.
1750 2869 123 63 Ihre
1923 2871 343 61 unbedachte
2314 2872 337 62 Ehrlichkeit

424 2967 183 55 nimmt
645 2962 172 62 Ihnen
859 2963 174 63 selbst
1073 2965 121 61 das.

497 3054 77 61 Ich
614 3074 157 61 sagte
813 3057 131 70 ihm,
986 3059 109 61 daß
1138 3060 75 58 ich
1255 3057 103 63 das
1395 3057 155 63 Geld
1592 3057 91 61 für
1724 3057 89 60 die
1846 3056 214 61 Dörfer
2101 3056 174 71 hätte,
2315 3059 136 59 aber
2483 3057 75 63 da
2591 3083 62 38 er

424 3148 202 71 wußte,
670 3160 105 51 wie
814 3162 193 68 gering
1049 3175 60 37 es
1152 3175 141 46 war,
1335 3150 225 61 lächelte
1603 3174 60 37 er
1703 3150 226 61 wieder.

497 3240 93 62 Da
638 3267 203 56 zwang
889 3247 135 59 mich
1075 3245 103 61 das
1230 3244 156 61 Weh
1445 3253 209 52 meiner
1701 3245 216 77 Lippen
1969 3278 71 8 ■—
2096 3243 119 61 und
2266 3267 61 38 es
2378 3245 170 61 schrie
2597 3255 56 51 in

422 3343 199 53 meiner
652 3337 169 63 Brust
861 3348 111 52 wie
1005 3348 89 52 ein
1128 3339 204 77 Degen
1374 3347 74 51 im
1484 3337 238 62 Gefecht
1851 3337 109 61 daß
1994 3338 75 58 ich
2103 3337 113 59 ihm
2248 3347 222 52 meinen
2503 3339 148 63 Hals

426 3424 223 68 hinwies
691 3432 118 61 und
849 3432 113 62 ihm
1002 3432 198 70 zurief,
1245 3432 109 61 daß
1396 3432 75 60 ich
1514 3440 191 61 wisse,
1749 3431 111 61 daß
1901 3454 61 38 er
2002 3432 133 58 nach
2176 3440 213 52 seinem
2432 3432 221 62 Gesetz

423 3521 258 63 verfallen
730 3535 110 61 sei,
889 3527 136 60 aber
1076 3525 110 62 daß
1236 3526 75 60 ich
1363 3548 61 38 es
1467 3523 111 61 ihm
1619 3522 138 62 doch
1800 3546 160 54 sage:
2003 3523 133 61 Daß
2178 3525 75 58 ich
2296 3523 117 61 drei
2455 3525 200 62 Schiffe

427 3610 161 76 hätte,
630 3631 357 65 ausgerüstet
1026 3629 74 52 im
1134 3619 325 78 spanischen
1495 3617 221 61 Viertel
1758 3642 117 35 von
1907 3619 241 76 Brügge,
2181 3617 209 78 gebaut
2422 3628 56 50 in
2511 3619 146 62 Bar«

427 3706 221 75 celona,
697 3713 180 62 Santa
916 3714 221 69 Maria,
1189 3711 350 63 Coruwa,,.
1593 3711 110 61 daß
1754 3711 75 61 ich
1881 3710 90 62 die
2020 3711 204 61 letzten
2272 3711 235 61 Kredite
2557 3714 107 61 auf

428 3809 209 56 meinen
662 3805 236 64 Namen
931 3830 356 55 genommen,
1321 3805 90 60 die
1445 3804 219 62 Kerker
1697 3805 99 61 der
1820 3805 407 61 Dominikaner
2251 3807 132 59 nach
2411 3805 247 64 Sklaven

428 3893 337 76 geplündert,
807 3901 110 61 daß
960 3902 75 60 ich
1078 3899 110 61 den
1232 3898 296 78 Albaycin
1570 3907 55 52 in
1659 3897 279 62 Granada
1979 3898 321 78 nächtelang
2334 3898 326 64 durchsucht

429 3986 110 61 und
569 4012 103 40 aus
708 3992 108 62 den
851 3993 285 63 Schenken
1170 3992 118 61 und
1320 3993 386 60 verschrienen
1740 3991 234 62 Gassen
2008 3992 135 61 alles
2178 3992 480 79 herausgerissen.
