3637 4572
1095 552 96 51 548

1564 555 137 50 Rene
1730 554 235 50 ScßickeCe
1988 578 9 10 •
2015 554 379 60 Bemerkungen
2427 572 68 30 zu
2525 554 183 48 diesem
2741 554 129 60 Heft

1096 743 308 77 vergeblich
1445 741 133 61 nach
1621 750 153 51 einer
1806 739 169 79 Lady
2007 740 223 70 suchen,
2263 739 93 62 die
2389 763 72 37 an
2502 739 398 62 rückhaltloser
2933 740 398 64 Selbstbefne*

1096 837 212 77 digung
1354 833 392 80 gewaltsamer
1787 829 207 65 Triebe
2042 843 154 67 jener
2235 832 204 78 Pythia
2478 832 352 78 gleichkäme,
2872 833 91 61 die
3013 843 75 51 im
3133 834 198 62 »Zeit»

1097 929 195 61 Echo«
1335 927 302 62 bekannte:

1179 1022 157 61 »Wir
1385 1019 339 80 empfanden
1773 1019 104 63 das
1927 1019 206 79 völlige
2172 1019 321 63 Aufhören
2543 1044 117 38 von
2709 1019 169 61 Recht
2935 1019 118 61 und
3112 1019 219 64 Gesetz

1095 1116 140 61 nicht
1274 1113 81 63 als
1405 1122 90 52 ein
1537 1113 239 73 Chaos,-
1832 1122 124 54 eine
2003 1115 133 61 tiefe
2180 1113 398 78 Genugtuung
2625 1113 270 61 leuchtete
2944 1113 165 61 durch
3160 1139 171 38 unser

1095 1210 256 61 Staunen
1400 1207 278 63 hindurch.
1739 1207 115 61 Ein
1905 1207 186 61 fernes
2131 1206 352 62 Frohlocken
2534 1206 344 79 durchdrang
2926 1232 172 36 unsre
3138 1207 193 73 Seele,-

1094 1312 110 52 wie
1245 1301 330 63 erwachend
1613 1310 100 52 mit
1762 1312 181 52 einem
1985 1303 230 59 frischen
2256 1303 293 76 Atemzug
2588 1301 274 78 begrüßte
2911 1312 83 50 sie
3044 1301 91 63 die
3184 1326 146 40 neue

1094 1395 326 63 Wahrheit:
1465 1420 59 38 es
1565 1395 117 79 gibt
1721 1397 168 61 nichts
1929 1397 237 72 Festes,-
2205 1420 123 38 was
2369 1420 119 36 von
2528 1394 541 62 Menschenhänden
3108 1413 220 60 gesetzt

1090 1500 89 59 ist,
1207 1512 61 38 es
1310 1498 82 52 sei
1430 1491 146 61 recht
1616 1489 139 61 oder
1788 1491 244 69 unrecht,
2065 1489 149 61 kann
2256 1489 166 61 durch
2456 1488 501 62 Menschenhände
2999 1489 202 73 fallen,-
3241 1491 88 62 die

1091 1582 352 61 Menschheit
1475 1583 177 60 achtet
1686 1582 90 62 die
1809 1582 275 71 Gesetze,
2117 1582 92 61 die
2240 1591 83 52 sie
2355 1583 374 77 großmächtig
2762 1583 108 60 sich
2903 1582 277 79 auferlegt
3216 1582 112 72 hat,

1089 1675 176 62 selbst
1298 1676 90 60 für
1420 1676 199 72 nichts,-
1652 1676 100 61 der
1776 1677 285 60 Horizont
2093 1685 71 52 ist
2196 1676 348 70 unverstellt,
2578 1676 118 61 und
2727 1685 250 69 ringsum
3002 1676 126 61 sind
3146 1677 183 78 Wege

1090 1770 246 78 möglich.
1395 1770 123 61 Der
1557 1769 209 62 Friede
1811 1770 209 78 gerade
2069 1769 201 62 wurde
2326 1769 82 62 als
2459 1769 206 62 Chaos
2722 1769 235 61 erkannt
3014 1787 164 44 unter
3234 1770 95 61 der

1087 1863 323 80 pochenden
1462 1863 458 78 Aufforderung,
1978 1864 106 60 sich
2133 1887 74 37 zu
2257 1863 264 71 erheben,
2578 1863 90 61 die
2715 1863 202 77 Flügel
2967 1864 236 77 mächtig
3255 1888 74 37 zu

1087 1981 191 54 regen,
1320 1973 164 45 unter
1524 1955 101 63 der
1655 1955 279 79 Ahnung,
1978 1957 110 61 daß
2129 1966 104 52 wir
2272 1966 56 52 in
2370 1967 182 51 einem
2592 1981 69 38 so
2703 1958 175 61 freien
2910 1957 270 62 Zustand
3222 1982 104 37 uns

1087 2052 218 61 leichter
1360 2051 121 61 und
1529 2051 287 62 herrlicher
1863 2049 239 63 würden
2159 2051 273 78 bewegen
2488 2051 212 71 lernen,
2756 2051 330 78 wehmütig,
3143 2052 186 61 leicht*

1089 2162 208 63 gemut.
1340 2146 88 61 Es
1468 2168 111 54 zog
1619 2169 108 38 uns
1769 2168 215 55 empor,
2025 2154 111 52 wie
2176 2168 169 38 wenn
2387 2154 73 52 im
2502 2145 304 62 Orchester
2846 2145 90 61 die
2977 2145 213 62 braven
3234 2146 92 60 In*

1087 2254 310 47 strumente
1430 2262 132 38 zum
1595 2237 327 79 Schweigen
1953 2237 257 78 gebracht
2240 2237 253 72 werden,
2526 2237 209 79 Fagott
2765 2237 119 63 und
2917 2237 192 72 Cello,
3150 2239 178 61 Bässe

1089 2333 119 61 und
1256 2333 209 61 Flöten
1514 2331 118 61 ihre
1680 2331 150 61 allzu
1879 2331 287 70 irdischen,
2216 2340 243 69 innigen,
2507 2331 603 79 gemütvoll*sicheren
3160 2328 166 64 Töne

1086 2425 343 63 verdrossen
1468 2425 304 79 aufgeben,
1813 2425 118 61 und
1962 2448 107 38 nur
2102 2425 90 63 die
2224 2424 201 71 hellen,
2467 2425 250 63 scharfen
2750 2425 119 63 und
2901 2425 424 78 durchsichtigen

1087 2521 239 69 bleiben,
1360 2519 164 61 allein
1556 2542 303 56 verwegen
1886 2519 333 79 aufsteigen,
2247 2519 314 70 schweben,
2586 2519 118 61 und
2729 2519 220 78 gellend
2982 2519 103 63 das
3113 2521 211 59 Becken

1086 2616 133 60 nach
1269 2613 129 63 dem
1448 2613 271 61 Unisono
1767 2613 126 63 ruft.
1953 2615 124 59 Der
2116 2613 178 61 Wille
2343 2622 70 52 ist
2461 2613 357 79 aufgerufen,
2869 2639 122 37 was
3048 2615 276 61 brauchen

1086 2717 104 53 wir
1231 2709 227 61 weiter?
1509 2706 236 64 Gewalt
1793 2707 97 61 hat
1931 2716 161 52 einen
2135 2710 304 58 schöneren
2481 2707 190 63 Schritt
2712 2707 82 63 als
2835 2709 198 72 Recht,-
3072 2707 130 63 weil
3246 2717 79 51 sie

1087 2803 102 59 frei
1230 2810 119 52 ist.«

1164 2895 127 61 Das
1332 2894 154 71 aber,
1527 2895 139 61 nicht
1698 2894 211 72 wahr?,
1950 2904 71 52 ist
2060 2897 140 59 nicht
2240 2895 202 61 einmal
2474 2895 158 61 mehr
2663 2897 303 69 Anarchie,
3006 2919 61 38 es
3102 2904 69 52 ist
3206 2903 118 52 ein*

1086 2988 118 61 fach
1237 2987 483 72 Kannibalismus,
1753 2998 407 67 meinetwegen
2195 2988 374 79 aufgeklärter
2601 2989 482 61 Kannibalismus,
3118 2987 207 62 Mußte

1086 3082 90 61 die
1223 3082 159 61 Frau
1429 3081 208 78 gerade
1693 3106 118 37 von
1861 3083 258 60 Heinrich
2169 3082 188 61 Mann
2408 3082 103 61 das
2562 3082 296 62 Schreiben
2907 3083 273 70 erlernen,
3230 3104 94 36 um

1086 3186 154 52 eines
1280 3172 192 81 Tages
1514 3185 98 60 <an
1655 3185 182 52 einem
1877 3172 129 83 Tag
2053 3176 99 61 der
2192 3176 256 79 Prüfung
2496 3177 90 61 für
2627 3176 132 70 alle)
2799 3176 92 62 bei
2931 3176 101 62 der
3071 3176 253 77 Anprei*

1086 3294 147 53 sung
1266 3270 99 61 der
1396 3270 347 61 Blechmusik
1783 3270 120 61 und
1934 3279 153 52 eines
2121 3270 150 61 alten
2304 3270 429 62 Zirkusstückes
2768 3280 110 52 wie
2911 3270 100 62 der
3047 3267 276 64 »blonden

1086 3365 224 60 Bestie«
1354 3364 385 79 anzulangen?
1781 3364 167 62 Oder
1979 3364 201 62 sollten
2214 3373 104 52 wir
2359 3388 61 37 es
2463 3364 115 61 hier
2610 3374 111 52 wie
2755 3364 303 62 anderswo
3091 3387 106 37 nur
3229 3369 95 52 mit

1086 3467 155 52 einer
1271 3458 238 77 Hymne
1550 3474 152 45 etwa
1743 3482 72 37 an
1858 3458 90 61 die
1980 3458 224 61 Manen
2249 3458 101 61 des
2385 3458 168 62 Cecil
2586 3458 234 62 Rhodes
2862 3483 74 36 zu
2977 3474 100 45 tun
3110 3455 211 63 haben?

1086 3551 90 62 Ihr
1217 3552 148 61 dürft
1397 3552 159 61 Euch
1590 3553 140 61 nicht
1762 3552 297 72 wundern,
2091 3576 169 38 wenn
2295 3552 90 62 die
2417 3552 330 79 Engländer
2779 3553 160 61 Euch
2971 3552 203 61 bereits
3208 3548 115 62 ihre

1086 3655 232 68 eigenen
1351 3646 225 71 Fehler,
1619 3646 117 62 ihre
1777 3655 232 70 eigenen
2042 3646 409 72 Gewalttaten,
2493 3646 155 62 ihren
2684 3646 145 62 Gott
2860 3646 118 61 und
3010 3645 118 61 ihre
3160 3643 161 61 Vor*

1086 3739 239 78 sehung,
1365 3739 159 72 kurz,
1565 3740 117 62 ihre
1721 3763 182 56 ganze
1936 3740 282 79 politische
2252 3740 166 62 Seele
2450 3740 342 62 vorwerfen.
2837 3739 235 62 Gewalt
3104 3737 97 61 hat
3234 3742 87 54 nie

1087 3841 162 52 einen
1298 3835 239 60 schönen
1586 3834 209 71 Schritt,
1844 3834 118 61 und
2012 3858 169 37 wenn
2232 3844 80 52 sie
2361 3835 140 61 nicht
2548 3858 136 38 vom
2724 3834 171 61 Recht
2942 3833 213 60 kommt
3207 3825 114 65 und

1086 3948 132 37 zum
1258 3926 168 61 Recht
1465 3926 148 78 geht,
1655 3952 67 37 so
1764 3937 71 53 ist
1875 3938 82 52 sie
1997 3929 169 60 nichts
2207 3929 83 61 als
2332 3938 89 52 ein
2463 3926 373 63 betrunkener
2875 3925 225 64 Sklave.
