3536 4572
853 526 135 47 Rene
1017 520 233 51 SSickefe
1273 546 8 9 *
1300 522 379 64 Bemerkungen
1715 545 67 30 zu
1812 527 186 49 diesem
2031 528 130 61 Hefi

2526 531 94 51 547

399 720 302 61 formierter
733 710 284 70 Katholik,
1059 710 99 60 der
1197 710 229 63 bessere
1458 708 160 82 Tage
1660 715 245 78 gekannt
1944 717 116 72 hat,
2085 717 137 62 aber
2255 719 137 60 noch
2425 728 194 53 immer

397 812 143 61 Max
580 807 235 70 Sdieler,
856 803 371 78 wohingegen
1269 803 96 62 Sie
1406 813 54 52 in
1503 806 100 62 der
1642 811 543 76 zeitgeschichtlichen
2217 812 249 62 Polemik
2507 837 112 37 um*

396 901 189 81 gefähr
634 898 133 63 alles
823 897 263 70 nahmen,
1133 921 124 37 was
1314 897 99 61 der
1462 916 123 46 rote
1638 897 196 84 »Tag«
1887 914 105 52 seit
2042 905 410 78 Kriegsbeginn
2511 931 106 38 uns

396 1013 210 58 zutrug,
658 992 153 61 Zum
853 991 182 62 Glück
1075 990 185 61 haben
1302 991 96 62 Sie
1440 994 169 71 dann,
1651 1005 73 52 im
1766 997 275 80 Anhang,
2083 1009 125 52 eine
2259 1002 328 77 ausgezeich-

396 1105 123 45 nete
543 1084 342 64 Selbstkritik
909 1084 150 61 Ihrer
1083 1085 367 77 zeitweiligen
1477 1088 292 63 Schwäche
1801 1093 304 78 beigefügt,
2138 1093 101 62 der
2263 1094 96 62 Sie
2386 1096 230 61 ironisch

396 1182 104 60 den
538 1175 145 65 Titel
731 1178 205 77 gaben:
998 1176 161 63 »Zur
1197 1178 364 80 Psychologie
1609 1182 99 62 des
1766 1185 306 78 englischen
2113 1187 191 62 Ethos
2354 1188 120 61 und
2514 1188 102 62 des

395 1289 180 45 cant«.
588 1272 291 76 Diagnose
898 1269 117 61 und
1031 1269 389 80 Bekämpfung
1436 1282 153 53 einer
1605 1275 401 79 epidemischen
2024 1279 315 64 Krankheit
2354 1283 259 61 schützen

395 1367 87 61 die
519 1364 178 61 Ärzte
736 1364 139 60 nicht
914 1372 195 52 immer
1147 1389 106 36 vor
1293 1366 289 64 Infektion,

1481 1533 30 27 ★

468 1644 144 61 Nun
738 1641 117 61 und
895 1641 174 62 damit
1109 1644 205 62 wende
1355 1648 75 58 ich
1472 1649 133 60 mich
1639 1651 136 60 auch
1808 1676 74 36 an
1900 1653 271 62 Wilhelm
2203 1656 408 72 Hausenstein,

392 1736 125 61 dem
556 1736 98 60 der
692 1735 276 78 glänzend
1007 1753 408 64 vorgetragene
1446 1742 187 62 Abriß
1674 1743 99 62 der
1813 1747 305 76 englischen
2155 1748 323 63 Geschichte
2509 1776 69 53 ge-

392 1830 142 77 lang,
575 1829 107 61 den
735 1829 99 61 der
872 1830 176 61 Leser
1087 1842 197 51 weiter
1324 1833 187 62 hinten
1554 1836 169 62 findet
1761 1865 90 35 —:
1892 1857 118 61 gut,
2051 1851 104 51 wir
2202 1843 201 62 sollten
2443 1844 127 79 Eng-

392 1922 126 60 land
557 1922 278 77 besiegen.
880 1923 86 61 Es
1009 1933 72 51 ist
1120 1924 100 61 der
1260 1926 202 71 Feind,
1505 1927 98 62 der
1641 1931 174 75 große
1854 1931 197 63 Feind,
2100 1935 139 62 Nur
2278 1938 215 60 möchte
2533 1940 77 59 ich

392 2015 87 59 für
518 2015 105 59 den
655 2015 145 69 Fall,
833 2015 110 62 daß
985 2040 61 38 es
1088 2018 254 79 gelänge,
1375 2020 155 71 aber,
1570 2022 309 76 jedenfalls,
1921 2035 54 51 in
2015 2026 99 62 der
2145 2037 268 69 geistigen
2446 2031 124 61 Vor-

391 2107 282 78 bereitung
712 2110 165 60 schon
921 2109 188 72 heute,
1150 2111 110 62 daß
1300 2123 104 50 wir
1444 2116 139 59 nicht
1624 2117 208 61 einfach
1876 2143 105 37 uns
2025 2123 426 72 unterschöben,
2493 2149 115 46 um,

392 2200 85 61 für
523 2210 191 69 eigene
753 2203 321 78 Rechnung,
1125 2206 268 77 englische
1434 2209 198 61 Politik
1680 2234 75 37 zu
1802 2213 232 72 treiben,
2074 2214 144 61 zehn
2259 2217 161 77 Jahre
2470 2220 140 61 oder

388 2303 253 68 zwanzig
683 2295 140 61 oder
862 2298 136 60 auch
1048 2298 260 73 hundert,
1349 2311 52 66 je
1449 2303 265 61 nachdem
1755 2304 403 75 Deutschland,
2199 2308 243 81 Europa
2490 2312 118 61 und

390 2385 97 61 das
528 2387 168 61 Meer
744 2397 53 52 in
839 2391 230 76 gleicher
1110 2392 204 62 Weise
1355 2394 420 74 beherrschend,
1817 2398 89 61 die
1956 2401 323 77 ungeheure
2319 2403 138 62 Last
2506 2406 101 62 des

390 2478 292 79 doppelten
724 2482 264 79 Szepters
1037 2509 75 36 zu
1161 2502 193 61 tragen
1403 2491 333 60 vermöchte-
1794 2491 148 61 Man
1992 2493 141 61 wird
2182 2505 103 51 mir
2332 2497 275 78 zugeben,

391 2571 103 61 daß
542 2582 102 51 wir
691 2584 54 52 in
795 2576 99 61 der
941 2577 325 80 Beziehung
1312 2582 139 60 nicht
1500 2584 392 78 unverdächtig
1939 2587 268 63 scheinen.
2258 2589 82 61 Ich
2389 2601 183 69 wenig-

388 2679 145 47 stens
574 2667 251 79 begegne
866 2671 189 78 täglich
1100 2674 191 76 irgend
1333 2684 179 52 einem
1554 2676 327 74 Menschen,
1923 2679 204 62 dessen
2175 2692 231 69 geistige
2446 2685 121 62 Ver-

390 2756 223 80 fassung
654 2760 269 64 durchans
966 2764 88 61 die
1096 2774 153 52 eines
1282 2768 260 61 Kommis
1577 2778 89 61 ist,
1699 2769 117 71 der,
1851 2773 127 60 weil
2011 2796 60 37 er
2103 2773 82 62 als
2218 2774 387 81 Kompagnon

388 2853 134 60 nicht
559 2855 332 77 zugelassen
941 2859 221 70 wurde,
1204 2860 99 61 der
1342 2862 193 61 Firma
1576 2862 137 62 kurz
1761 2866 375 62 entschlossen
2185 2892 73 37 an
2307 2869 110 63 den
2457 2873 148 62 Hals

387 2942 142 76 geht,
569 2947 186 62 wobei
796 2973 59 37 er
895 2951 198 62 keinen
1135 2953 153 61 Hehl
1329 2953 209 62 daraus
1587 2957 195 70 macht,
1822 2957 111 62 daß
1982 2982 80 47 er,
2102 2962 109 58 auf
2244 2962 129 61 dem
2415 2965 153 62 Chef-

387 3037 141 60 stuhl
570 3040 98 62 des
711 3043 255 63 Kontors
1008 3047 311 78 angelangt,
1365 3048 102 61 das
1511 3048 266 63 Geschäft
1831 3061 74 51 im
1954 3053 403 64 altbewährten
2400 3057 205 66 Geiste

388 3133 460 64 weiterzuführen
889 3139 268 76 gedenke.
1218 3141 255 61 Drinnen
1523 3142 115 61 und
1688 3144 269 72 draußen,
1998 3170 106 37 vor
2145 3149 99 61 der
2283 3150 163 62 Welt
2486 3154 119 61 und

386 3229 52 52 in
486 3235 207 52 seinem
741 3231 224 61 tiefsten
1007 3234 250 70 Herzen,
1307 3234 102 62 das
1460 3259 73 37 an
1581 3238 105 59 sich
1735 3239 210 75 glaubt,
1987 3240 157 61 mehr
2191 3243 83 61 als
2324 3268 72 37 an
2439 3245 163 74 Gott,

386 3316 121 60 weil
540 3342 58 38 es
635 3320 106 62 den
769 3323 319 63 Gedanken
1121 3328 140 58 nicht
1295 3327 135 71 faßt,
1464 3328 109 62 daß
1600 3329 142 61 Gott
1774 3332 264 61 vielleicht
2070 3333 135 61 doch
2239 3346 89 50 ein
2361 3338 238 63 anderes

385 3405 337 88 Werkzeug,
773 3417 82 61 als
904 3419 208 76 gerade
1163 3419 112 71 ihn,
1316 3422 205 76 gerade
1568 3432 134 66 jetzt
1749 3427 344 61 auserwählt
2141 3428 183 62 haben
2372 3431 229 75 könnte,

386 3522 90 38 um
518 3507 103 58 sich
663 3508 385 80 kapitalistisch
1088 3536 75 37 zu
1205 3513 429 64 manifestieren.

456 3593 58 61 In
555 3598 180 64 dieser
774 3603 327 79 Beziehung
1142 3605 208 62 fürchte
1390 3608 94 70 ich,
1525 3608 276 77 geschieht
1840 3635 74 37 zu
1956 3622 199 69 wenig,

460 3687 175 65 »Gott
674 3697 173 60 strafe
888 3697 301 78 England«
1233 3697 170 79 klingt
1443 3701 203 61 anders
1698 3704 106 61 als:
1854 3704 122 63 »Es
2018 3705 124 63 lebe
2184 3709 89 61 die
2314 3711 282 63 Freiheit«

390 3809 58 13 ~
480 3782 227 67 obwohl
748 3793 259 75 nirgends
1049 3791 185 61 dieser
1275 3794 123 60 Ruf
1430 3818 67 38 so
1548 3798 330 76 angebracht
1919 3809 175 62 wäre,
2135 3812 110 52 wie
2287 3828 168 40 wenn
2497 3818 105 52 wir

382 3890 111 42 von
531 3875 265 81 England
837 3885 260 77 sprechen
1228 3885 117 61 und
1385 3911 167 38 wenn
1594 3890 136 59 auch
1763 3890 266 64 Lissauer
2061 3903 98 52 mit
2191 3895 231 82 Kipling
2461 3903 140 60 nicht

380 3965 105 59 auf
517 3978 120 55 eine
670 3973 165 63 Stufe
876 4002 74 36 zu
993 3978 197 61 stellen
1230 3988 89 62 ist,
1361 4005 66 37 so
1469 3981 182 63 dürfte
1691 4007 130 38 man
1864 3986 135 61 doch
2041 3988 174 62 selbst
2246 4000 52 52 in
2334 3991 265 80 England
