3566 4572
680 553 212 49 Wifßefm
919 550 343 50 Hausenstein
1289 572 7 10 ■
1317 548 115 51 Das
1464 550 130 49 Bifd
1611 550 93 49 der
1731 569 95 43 eng
1826 550 171 50 fischen
2032 549 292 62 Weftpofitih

2521 552 89 48 581

392 745 112 63 und
560 742 87 60 für
703 740 108 59 den
867 736 287 77 Empfang
1210 736 356 62 italienischer
1620 740 269 61 Ausfuhr
1944 748 109 51 wie
2119 740 90 59 für
2274 738 89 61 die
2416 740 162 61 Liefe-

392 859 137 53 rung
578 856 113 37 von
741 828 375 63 industriellen
1158 827 423 78 Erzeugnissen
1623 834 131 58 nach
1795 832 192 61 Italien
2029 855 73 37 an
2145 832 90 61 die
2277 831 190 80 Spitze
2510 832 100 61 der

391 931 226 61 Staaten
658 943 135 53 trat/
843 922 114 60 und
1006 945 99 54 gar
1153 922 138 59 nicht
1333 924 189 61 davon
1572 950 74 35 zu
1685 926 190 70 reden,
1925 926 112 61 daß
2080 926 89 61 die
2211 925 261 62 deutsche
2513 926 65 61 In-

391 1024 204 60 dustrie
628 1018 154 61 mehr
814 1016 81 60 als
931 1015 313 76 erfolgreich
1279 1024 97 51 mit
1409 1016 99 61 der
1541 1042 105 37 aus
1681 1020 323 75 englischem
2030 1020 232 79 Kapital
2287 1029 319 69 gespeisten

392 1113 353 63 italienischen
779 1109 274 60 Industrie
1093 1107 400 64 konkurrierte.
1538 1112 113 59 Die
1685 1113 389 61 levantinische
2098 1114 197 60 Politik
2321 1114 250 60 Deutsch-

390 1206 153 62 lands
583 1227 119 37 war
741 1225 134 37 vom
917 1201 359 77 Standpunkt
1315 1202 98 61 der
1446 1203 177 78 Logik
1663 1204 99 61 des
1806 1207 306 76 englischen
2145 1207 320 79 Monopols
2500 1207 103 61 das

391 1297 416 65 Gefährlichere.
852 1291 169 65 Trieb
1054 1305 81 49 sie
1168 1297 140 59 nicht
1333 1305 161 52 einen
1520 1298 127 60 Keil
1675 1307 53 51 in
1755 1298 117 63 dies
1898 1300 306 80 Monopol,
2232 1301 103 61 das
2363 1303 106 59 sich
2497 1326 71 36 an-

390 1394 231 66 schickte,
661 1389 163 60 durch
866 1389 101 59 das
1000 1389 221 74 Projekt
1261 1399 151 50 einer
1444 1390 158 61 Bahn
1643 1415 116 37 von
1792 1392 271 61 Kalkutta
2103 1396 132 59 nach
2269 1396 181 60 Kairo
2484 1396 118 60 und

390 1509 109 37 von
547 1484 177 59 Kairo
773 1483 131 58 nach
955 1481 284 79 Kapstadt
1289 1491 122 52 eine
1463 1485 476 76 unvergleichliche
1980 1488 453 61 Konzentration
2484 1489 118 60 und

388 1574 531 63 Ausschließlichkeit
959 1598 74 36 zu
1075 1575 305 61 erreichen?
1428 1575 141 61 Und
1609 1578 294 62 nebenbei:
1957 1604 122 36 war
2127 1604 61 37 es
2237 1583 140 58 nicht
2425 1592 174 66 nötig,

387 1679 118 52 eine
551 1668 319 76 allgemeine
918 1668 552 77 belgisch-englische
1510 1670 64 60 V
1577 1673 398 77 erständigung
2013 1676 450 69 vorzubereiten,
2507 1676 91 61 die

388 1762 94 60 der
511 1759 708 78 Kairo-Kapstadt-Bahn,
1262 1762 75 60 da
1379 1771 79 51 sie
1500 1786 115 37 nun
1658 1764 200 61 einmal
1892 1766 164 61 durch
2091 1767 110 61 den
2235 1768 363 78 Kongostaat

386 1853 170 78 gehen
581 1853 206 69 mußte,
814 1852 106 61 den
932 1853 156 77 Weg
1115 1853 325 63 freimachen
1467 1856 237 61 konnte?
1729 1857 179 61 Schon
1936 1861 200 58 einmal
2159 1860 146 61 hatte
2316 1862 247 60 Deutsch-

386 1947 124 60 land
550 1946 105 60 den
696 1946 303 76 belgischen
1041 1947 213 78 Kongo
1295 1973 178 53 gegen
1515 1950 264 76 England
1820 1963 322 67 protegiert:
2179 1964 55 51 in
2268 1955 108 61 den
2410 1979 149 37 neun-

386 2048 139 67 ziger
586 2039 211 76 Jahren,
858 2039 149 59 War
1073 2063 60 38 es
1195 2043 137 58 nicht
1395 2065 135 37 vom
1588 2043 355 78 Standpunkt
2006 2045 99 61 der
2168 2048 175 76 Logik
2409 2049 184 61 dieses

384 2131 305 78 Monopols
746 2133 389 77 zweckmäßig,
1192 2134 151 61 diese
1400 2135 463 79 Verständigung
1917 2161 177 53 gegen
2151 2149 123 51 eine
2331 2140 262 63 deutsche

386 2223 340 79 Weltpolitik
765 2250 74 34 zu
879 2227 218 68 richten,
1149 2227 88 61 die
1286 2229 139 59 nicht
1474 2253 106 36 nur
1620 2238 54 51 in
1715 2231 98 61 der
1853 2232 275 70 Levante,
2170 2233 245 61 sondern
2457 2237 137 58 auch

386 2325 49 50 in
475 2317 419 61 Deutschafrika
936 2328 158 51 einen
1138 2319 367 78 Schlagbaum
1547 2323 257 60 errichten
1846 2323 238 61 konnte?

459 2410 117 59 Der
617 2410 328 77 Gegensatz
985 2415 187 59 wuchs
1214 2438 134 36 vom
1383 2416 547 77 Krügertelegramm
1966 2419 99 60 des
2098 2420 189 77 Jahres
2326 2422 150 59 1896
2509 2422 85 61 bis

384 2523 124 36 zum
547 2501 123 78 Jahr
716 2505 147 58 1914
903 2514 97 51 mit
1040 2515 280 67 gewissen
1361 2507 436 78 Rückschlägen,-
1836 2511 136 60 aber
2014 2511 90 61 die
2142 2537 117 35 von
2297 2514 297 76 englischer

388 2591 145 62 Seite
572 2595 154 78 eifrig
759 2596 357 63 betriebenen
1150 2600 541 73 Bündnisversuche,
1727 2603 88 59 die
1849 2627 72 37 an
1955 2604 89 61 die
2077 2605 111 61 alte
2221 2605 373 64 holländische

383 2684 186 62 Politik
609 2688 292 78 Englands
943 2692 357 76 gemahnten,
1342 2695 236 60 wurden
1620 2704 52 51 in
1714 2697 384 61 Deutschland
2138 2699 82 60 als
2254 2699 308 80 Verschlep-

383 2802 144 53 pung
566 2780 97 61 der
703 2782 297 61 deutschen
1042 2784 393 79 Entwicklung
1475 2787 359 79 empfunden.

454 2872 136 62 Dies
631 2899 138 47 war,
810 2878 358 75 geschichtlich
1210 2881 357 76 gesprochen,
1610 2881 99 59 der
1741 2882 278 61 Zustand.
2063 2883 384 63 Geschichtlich
2489 2911 70 54 ge-

381 2966 252 74 sprochen
649 2993 9 34 :
705 2968 144 61 denn
892 2994 68 37 so
1002 2972 141 59 wird
1186 2995 60 37 er
1286 2972 153 60 wohl
1482 2972 108 60 den
1632 2973 397 63 Kommenden
2080 2986 152 52 eines
2274 2973 191 83 Tages
2508 2981 81 61 als

378 3055 241 65 Historie
661 3062 328 61 erscheinen.

451 3149 240 63 Politisch
732 3158 362 75 gesprochen:
1157 3181 59 36 es
1268 3167 70 50 ist
1378 3159 139 58 nicht
1566 3160 360 70 einzusehen,
1971 3161 109 61 daß
2122 3163 155 62 diese
2319 3167 270 76 englische

378 3241 184 63 Politik
602 3255 117 51 sein
760 3249 132 60 muß
1021 3252 138 58 nicht
1200 3252 341 59 einzusehen
1582 3276 135 35 vom
1760 3253 298 62 deutschen
2110 3257 119 61 und
2270 3257 319 81 überhaupt

376 3354 127 40 vom
550 3337 411 66 kontinentalen
1004 3343 376 78 Standpunkt,
1422 3344 99 61 der
1569 3346 144 59 allen
1756 3347 210 61 Grund
2014 3348 114 71 hat,
2178 3375 106 37 nur
2334 3376 95 36 um
2480 3357 107 57 sich

376 3426 161 62 selbst
575 3431 226 80 besorgt
843 3460 74 35 zu
959 3446 135 52 sein.

445 3518 108 64 Die
578 3523 495 83 Voraussetzung,
1115 3530 90 59 die
1247 3530 108 59 den
1389 3530 285 62 britischen
1708 3534 466 78 Monopolismus
2209 3539 83 61 bis
2326 3550 135 66 jetzt
2494 3567 63 38 er-

374 3612 206 75 träglich
621 3621 227 70 machte,
890 3647 122 35 war
1053 3622 97 60 der
1191 3622 248 61 britische
1470 3624 355 63 Freihandel,
1869 3628 262 62 Vordem
2165 3655 121 37 war
2317 3633 270 78 England

374 3700 92 62 der
504 3709 336 66 industrielle
880 3715 286 61 Lieferant
1207 3715 100 61 des
1348 3716 373 74 Kontinents,-
1761 3720 154 62 diese
1954 3723 309 80 Lieferung
2303 3728 192 62 blühte
2531 3741 54 50 in

376 3793 118 64 dem
532 3800 162 74 Maß,
745 3816 54 50 in
851 3808 127 61 dem
1028 3809 91 60 die
1166 3808 379 63 kontinentale
1586 3812 274 62 Reaktion
1910 3816 99 59 der
2049 3817 536 84 Metternichepoche

372 3888 152 70 jeden
565 3893 293 81 bürgerlich
871 3934 32 19 -
914 3901 457 78 kapitalistischen
1412 3903 230 62 Instinkt
1681 3906 259 63 hemmte.
2000 3909 88 61 Es
2131 3911 127 62 kam
2309 3915 135 62 aber
2486 3917 101 62 der

376 3978 246 71 deutsche
655 3991 354 76 Zollverein,-
1050 4019 61 37 es
1153 3996 128 60 kam
1324 4006 123 52 eine
1482 3997 261 65 deutsche
1776 4001 378 76 Revolution,-
2194 4030 61 38 es
2298 4009 127 62 kam
2461 4023 124 52 eine
