3583 4572
1100 484 96 49 542

1565 484 136 49 Rene
1730 482 231 50 Schickefe
1983 506 9 11 •
2009 482 379 63 Bemerkungen
2422 501 67 31 zu
2519 484 184 48 diesem
2735 484 129 61 Hefi

1103 682 112 68 tige
1255 673 260 60 Rumäne
1556 670 116 61 und
1712 677 146 69 zeigt
1897 668 109 60 auf
2039 667 110 61 den
2191 667 242 62 Gelben.
2476 670 141 77 Jetzt
2657 687 114 44 erst
2810 670 261 62 bemerke
3111 673 75 60 idi
3236 675 86 62 die

1103 765 178 60 Blicke
1323 765 99 60 der
1462 765 104 58 sich
1608 760 181 62 neben
1840 760 128 61 dem
2009 761 128 60 Bett
2183 761 386 61 anziehenden
2617 762 298 61 Soldaten:
2960 762 97 63 Sie
3104 764 218 66 können

1103 859 91 60 die
1236 858 212 74 Augen
1496 855 140 60 nicht
1681 878 117 37 von
1838 855 189 76 Jenem
2076 854 336 71 abwenden,
2461 855 233 61 obwohl
2743 865 81 52 sie
2873 865 162 52 einen
3085 859 204 62 schreck-

1105 950 184 60 haften
1345 948 305 61 Ausdruck
1707 946 199 61 haben.
1966 948 286 61 Kindliche
2307 948 362 77 Neugierde,
2727 950 259 76 gemischt
3040 959 97 51 mit
3200 954 122 61 dem

1105 1043 255 67 Wissen,
1402 1039 108 61 daß
1552 1062 61 38 es
1655 1048 81 52 sie
1777 1039 171 61 selbst
1989 1039 146 61 nahe
2174 1040 221 78 angeht,

1187 1133 405 78 »Operation,«
1639 1132 150 61 lenkt
1830 1132 99 61 der
1968 1133 237 61 Wärter
2245 1143 104 51 ein,

1186 1226 240 61 »Haben
1468 1225 95 62 Sie
1603 1226 138 60 noch
1780 1225 155 61 Platz
1977 1226 89 60 für
2108 1250 105 37 uns
2257 1236 53 51 in
2353 1227 130 61 dem
2523 1226 165 79 Zug?
2729 1227 199 61 Wann
2978 1227 211 64 kommt
3229 1232 93 61 der

1102 1319 285 61 nächste?«
1435 1319 143 76 fragt
1619 1341 61 39 es
1722 1329 194 51 immer
1956 1320 212 61 wieder
2207 1344 116 37 von
2357 1320 108 61 den
2499 1321 219 70 Betten,
2761 1345 71 36 an
2866 1321 183 61 denen
3083 1324 74 58 ich
3190 1347 132 38 vor*

1106 1411 297 76 übergehe.

1178 1504 239 61 Abseits
1451 1528 117 37 von
1601 1504 110 61 den
1744 1521 162 45 roten
1934 1505 325 62 Gebäuden
2292 1505 149 62 steht
2473 1515 88 52 ein
2594 1508 141 59 nicht
2767 1507 198 71 hohes,
2997 1512 321 73 gestrecktes

1102 1598 168 60 Haus
1319 1622 117 36 von
1486 1598 128 61 sehr
1661 1598 272 77 kalkigem
1973 1598 193 71 Weiß,
2216 1599 90 61 die
2346 1599 241 61 Fenster
2635 1609 55 51 in
2739 1609 151 52 einer
2939 1603 381 75 unangenehm

1101 1691 410 77 regelmäßigen
1552 1691 118 61 und
1711 1691 210 62 dichten
1954 1692 195 71 Reihe,
2183 1692 274 62 durchaus
2492 1693 302 78 irgendwie
2833 1694 327 78 verdächtig.
3199 1697 127 60 Auf

1103 1782 110 61 den
1230 1783 389 79 Holztreppen
1646 1783 288 78 begegnen
1962 1795 103 49 mir
2089 1786 246 60 schwarz
2353 1785 308 77 gekleidete
2686 1787 277 78 polnische
2982 1787 338 62 Schwestern

1103 1886 100 51 mit
1243 1879 220 59 weißen
1505 1879 471 76 Haubenflügeln,
2020 1879 215 71 Herbe,
2280 1880 186 77 faltige
2509 1880 306 61 Gesichter.

1180 1971 61 61 In
1300 1971 129 61 dem
1493 1971 376 60 halbdunkeln
1926 1988 185 44 ersten
2168 1973 186 59 Raum
2422 1973 99 61 der
2579 1971 393 74 Stubenreihe,
3035 1998 97 37 wo
3195 1998 125 38 ver*

1102 2064 261 61 brauchte
1403 2065 200 60 Betten
1652 2064 216 71 stehen,
1916 2064 249 61 wandelt
2213 2074 88 52 ein
2352 2067 449 77 Abgemagerter
2851 2077 72 51 im
2973 2068 347 62 Nachthemd

1103 2158 210 61 herum.
1374 2158 86 60 Er
1510 2157 142 62 sieht
1702 2158 132 60 mich
1886 2159 155 61 nicht.
2093 2158 170 62 Seine
2305 2159 236 61 Glieder
2582 2161 124 59 sind
2747 2161 174 71 dünn,
2962 2162 99 60 der
3102 2161 216 62 Schädel

1101 2249 231 79 bucklig,
1387 2249 143 63 kahl.
1592 2249 183 63 Sicher
1830 2261 69 51 ist
1938 2275 62 38 es
2042 2252 282 77 irgendein
2365 2253 171 61 böses
2578 2253 206 61 Fieber
2823 2255 188 71 selbst,
3054 2255 101 61 das
3198 2255 120 61 Ge*

1100 2343 130 60 stalt
1271 2366 410 54 angenommen
1723 2343 98 61 hat
1860 2345 119 59 und
2018 2346 105 60 sich
2165 2355 74 51 im
2280 2346 363 61 Vorzimmer
2682 2347 108 59 auf
2794 2346 129 62 hält.

1176 2436 81 60 Ich
1324 2437 227 60 schreite
1614 2436 165 61 durch
1845 2437 245 78 niedrige
2146 2439 278 71 Zimmer,
2489 2440 276 61 zwischen
2827 2440 488 77 rohgezimmerten

1098 2530 221 69 Betten,
1347 2529 329 62 Gesichtern
1708 2554 117 37 von
1859 2531 302 79 stumpfem
2187 2531 198 73 Weiß,
2418 2533 89 61 die
2540 2534 81 60 oft
2654 2550 178 45 etwas
2866 2534 221 61 Feistes
3122 2534 191 69 haben,

1101 2622 118 61 und
1258 2622 350 77 glänzenden
1648 2624 216 78 Augen
1906 2624 276 62 hindurch.
2226 2625 244 61 Manche
2518 2627 126 59 sind
2692 2636 54 52 in
2796 2627 117 62 ihre
2954 2628 226 61 Decken
3218 2648 95 55 ge*

1098 2716 256 71 krochen,
1411 2717 109 61 daß
1567 2741 107 37 nur
1721 2719 280 60 schwarze
2051 2719 237 61 Haufen
2338 2745 74 35 zu
2470 2721 173 61 sehen
2701 2722 140 61 sind.
2901 2722 176 61 Einer
3133 2721 180 61 stöhnt

1097 2810 410 71 unaufhörlich,
1549 2810 323 78 abgesetzte
1911 2812 316 61 böhmische
2268 2813 198 63 Laute.
2518 2815 205 77 Einige
2771 2816 201 60 richten
3021 2815 106 62 sich
3175 2813 136 60 beim

1096 2896 357 67 Trittehören
1495 2902 273 79 mühselig
1801 2904 118 71 auf,
1962 2905 189 76 fragen
2194 2906 240 78 polnisch
2478 2907 139 60 oder
2659 2907 243 70 deutsch,
2944 2907 75 61 ob
3061 2907 96 61 der
3188 2905 124 75 Zug

1096 3004 81 52 sie
1218 2995 148 61 denn
1407 2998 140 59 nicht
1586 2998 339 60 mitnehmen
1966 2999 126 61 will.
2141 3000 182 61 Schon
2372 3000 163 78 lange
2584 3003 195 59 wußte
2827 3001 101 61 das
2978 3024 177 55 ganze
3203 3000 110 60 La*

1095 3104 196 55 zarett,
1333 3089 110 63 daß
1484 3099 105 51 wir
1632 3090 260 61 kommen
1933 3091 216 63 sollten.
2194 3093 205 61 Hinter
2446 3103 103 51 mir
2598 3094 290 61 fantasiert
2935 3103 152 52 einer
3135 3114 180 54 unga*

1092 3183 170 60 rische
1297 3183 223 61 Worte,
1563 3184 116 61 Ein
1713 3185 311 61 Deutscher
2064 3202 147 62 sagt:
2263 3187 151 61 »Mir
2454 3187 179 77 geht's
2673 3198 55 66 ja
2767 3189 137 60 noch
3047 3211 104 37 nur
3182 3184 126 61 noch

1093 3291 179 44 etwas
1332 3276 259 63 schwach.
1653 3277 166 61 Aber
1874 3278 99 61 der
2029 3281 182 59 neben
2268 3290 103 50 mir
2422 3306 99 24 —«
2575 3281 124 61 Der
2747 3282 154 60 ächzt
2948 3290 73 52 im
3063 3281 245 61 Schmerz

1095 3368 209 61 Worte
1346 3379 53 52 in
1443 3371 345 76 irgendeiner
1830 3372 250 61 fremden
2122 3372 251 78 Sprache,

1170 3461 254 62 Plötzlich
1476 3465 157 60 treffe
1683 3465 75 60 ich
1803 3466 108 60 auf
1954 3475 89 51 ein
2093 3466 192 61 Essen
2333 3467 298 77 tragendes
2682 3467 306 79 polnisches
3038 3462 268 66 schlankes

1091 3554 301 65 Mädchen.
1436 3556 95 63 Sie
1572 3558 170 61 bleibt
1783 3558 216 71 stehen,
2038 3559 116 77 gibt
2193 3560 245 61 lächelnd
2479 3560 296 62 Auskunft
2815 3572 55 50 in
2917 3560 389 79 gebrochenem

1092 3646 268 73 Deutsch,
1411 3650 176 60 macht
1636 3650 217 78 lustige,
1905 3653 316 76 anzügliche
2268 3653 230 77 Augen,
2547 3654 83 60 Ich
2671 3655 94 60 bin
2807 3654 190 61 höchst
3035 3652 267 74 verlegen.

1092 3739 225 62 Denke:
1364 3742 188 62 Selbst
1591 3742 118 62 hier
1747 3747 99 60 —?

1168 3832 60 60 In
1270 3842 180 53 einem
1490 3837 273 76 größeren
1796 3838 185 61 Raum
2020 3840 126 60 sind
2187 3840 142 60 eben
2362 3850 145 50 zwei
2539 3864 147 36 neue
2719 3850 98 50 mit
2848 3840 129 59 dem
3008 3838 167 61 Auto
3207 3853 95 40 aus

1091 3922 128 62 dem
1252 3928 258 61 nächsten
1543 3930 256 62 Lazarett
1831 3932 311 77 angelangt.
2187 3934 112 60 Die
2330 3934 197 60 Haare
2567 3949 280 54 zerzaust,
2889 3932 135 61 doch
3063 3923 239 85 glücklich
