<?xml version="1.0" encoding="UTF-8"?>
<alto xmlns:xsi="http://www.w3.org/2001/XMLSchema-instance" xmlns="http://www.loc.gov/standards/alto/ns-v2#" xsi:schemaLocation="http://www.loc.gov/standards/alto/ns-v2# http://www.loc.gov/standards/alto/v2/alto-2-0.xsd" xmlns:xlink="http://www.w3.org/1999/xlink">
	<Description>
		<MeasurementUnit>mm10</MeasurementUnit>
		<sourceImageInformation>
			<fileName>./bmtnabr_1915-05_01_0108.jp2</fileName>
		</sourceImageInformation>
		<OCRProcessing ID="OCRPROCESSING_1">
			<preProcessingStep>
				<processingSoftware>
					<softwareCreator>CCS Content Conversion Specialists GmbH, Germany</softwareCreator>
					<softwareName>CCS docWorks</softwareName>
					<softwareVersion>6.8-1.27</softwareVersion>
				</processingSoftware>
			</preProcessingStep>
			<ocrProcessingStep>
				<processingSoftware>
					<softwareCreator>ABBYY (BIT Software), Russia</softwareCreator>
					<softwareName>FineReader</softwareName>
					<softwareVersion>11.0</softwareVersion>
				</processingSoftware>
			</ocrProcessingStep>
			<postProcessingStep>
				<processingSoftware>
					<softwareCreator>CCS Content Conversion Specialists GmbH, Germany</softwareCreator>
					<softwareName>CCS docWorks</softwareName>
					<softwareVersion>6.8-1.27</softwareVersion>
					<applicationDescription>docWorks: Text modified manually, or automatically replaced</applicationDescription>
				</processingSoftware>
			</postProcessingStep>
		</OCRProcessing>
	</Description>
	<Styles>
		<TextStyle ID="TXT_0" FONTSIZE="18" FONTFAMILY="Times New Roman" FONTSTYLE="bold italics"/>
		<TextStyle ID="TXT_1" FONTSIZE="29" FONTFAMILY="Times New Roman"/>
		<TextStyle ID="TXT_2" FONTSIZE="21" FONTFAMILY="Times New Roman"/>
		<TextStyle ID="TXT_3" FONTSIZE="18" FONTFAMILY="Times New Roman"/>
		<ParagraphStyle ID="PAR_RIGHT" ALIGN="Right"/>
		<ParagraphStyle ID="PAR_LEFT" ALIGN="Left"/>
		<ParagraphStyle ID="PAR_BLOCK" ALIGN="Block"/>
	</Styles>
	<Layout>
		<Page ID="P108" PHYSICAL_IMG_NR="108" HEIGHT="4572" WIDTH="3691" PRINTED_IMG_NR="636" PC="0.941">
			<TopMargin ID="P108_TM00001" HPOS="0" VPOS="0" WIDTH="3691" HEIGHT="539">
				<TextBlock ID="P108_TB00001" HPOS="1721" VPOS="474" WIDTH="1143" HEIGHT="63" STYLEREFS="TXT_0 PAR_RIGHT">
					<TextLine ID="P108_TL00001" HPOS="1721" VPOS="474" WIDTH="1143" HEIGHT="63">
						<String ID="P108_ST00001" HPOS="1721" VPOS="478" WIDTH="135" HEIGHT="49" CONTENT="Max" WC="0.95" CC="560"/>
						<SP ID="P108_SP00001" HPOS="1856" VPOS="527" WIDTH="26"/>
						<String ID="P108_ST00002" HPOS="1882" VPOS="478" WIDTH="151" HEIGHT="48" CONTENT="Brod" WC="0.68" CC="4025"/>
						<SP ID="P108_SP00002" HPOS="2033" VPOS="527" WIDTH="9"/>
						<String ID="P108_ST00003" HPOS="2042" VPOS="500" WIDTH="9" HEIGHT="11" CONTENT="•" WC="0.20" CC="8"/>
						<SP ID="P108_SP00003" HPOS="2051" VPOS="527" WIDTH="26"/>
						<String ID="P108_ST00004" HPOS="2077" VPOS="474" WIDTH="156" HEIGHT="63" CONTENT="Hycßo" WC="0.54" CC="87060"/>
						<SP ID="P108_SP00004" HPOS="2233" VPOS="537" WIDTH="30"/>
						<String ID="P108_ST00005" HPOS="2263" VPOS="476" WIDTH="192" HEIGHT="48" CONTENT="Braßes" WC="0.63" CC="000669"/>
						<SP ID="P108_SP00005" HPOS="2455" VPOS="537" WIDTH="33"/>
						<String ID="P108_ST00006" HPOS="2488" VPOS="475" WIDTH="116" HEIGHT="61" CONTENT="Weg" WC="0.93" CC="990"/>
						<SP ID="P108_SP00006" HPOS="2604" VPOS="537" WIDTH="31"/>
						<String ID="P108_ST00007" HPOS="2635" VPOS="493" WIDTH="69" HEIGHT="30" CONTENT="zu" WC="0.75" CC="31"/>
						<SP ID="P108_SP00007" HPOS="2704" VPOS="537" WIDTH="34"/>
						<String ID="P108_ST00008" HPOS="2738" VPOS="474" WIDTH="126" HEIGHT="49" CONTENT="Gott" WC="0.98" CC="0026"/>
					</TextLine>
				</TextBlock>
				<TextBlock ID="P108_TB00002" HPOS="1171" VPOS="480" WIDTH="95" HEIGHT="50" STYLEREFS="TXT_1 PAR_LEFT">
					<TextLine ID="P108_TL00002" HPOS="1171" VPOS="480" WIDTH="95" HEIGHT="50">
						<String ID="P108_ST00009" HPOS="1171" VPOS="480" WIDTH="95" HEIGHT="50" CONTENT="636" WC="1.00" CC="000"/>
					</TextLine>
				</TextBlock>
			</TopMargin>
			<LeftMargin ID="P108_LM00001" HPOS="0" VPOS="539" WIDTH="54" HEIGHT="3508"/>
			<RightMargin ID="P108_RM00001" HPOS="2330" VPOS="539" WIDTH="1361" HEIGHT="3508"/>
			<BottomMargin ID="P108_BM00001" HPOS="0" VPOS="4047" WIDTH="3691" HEIGHT="525"/>
			<PrintSpace ID="P108_PS00001" HPOS="54" VPOS="539" WIDTH="3354" HEIGHT="3508">
				<TextBlock ID="P108_TB00003" HPOS="1173" VPOS="658" WIDTH="2235" HEIGHT="3353" STYLEREFS="TXT_2 PAR_BLOCK">
					<TextLine ID="P108_TL00003" HPOS="1175" VPOS="660" WIDTH="2217" HEIGHT="84">
						<String ID="P108_ST00010" HPOS="1175" VPOS="665" WIDTH="456" HEIGHT="79" CONTENT="Nachgiebigkeit" WC="0.99" CC="03577269692641"/>
						<SP ID="P108_SP00008" HPOS="1631" VPOS="744" WIDTH="32"/>
						<String ID="P108_ST00011" HPOS="1663" VPOS="664" WIDTH="115" HEIGHT="60" CONTENT="und" WC="0.93" CC="667"/>
						<SP ID="P108_SP00009" HPOS="1778" VPOS="744" WIDTH="33"/>
						<String ID="P108_ST00012" HPOS="1811" VPOS="661" WIDTH="164" HEIGHT="61" CONTENT="dabei" WC="0.96" CC="96736"/>
						<SP ID="P108_SP00010" HPOS="1975" VPOS="744" WIDTH="33"/>
						<String ID="P108_ST00013" HPOS="2008" VPOS="663" WIDTH="178" HEIGHT="59" CONTENT="dieser" WC="0.98" CC="050067"/>
						<SP ID="P108_SP00011" HPOS="2186" VPOS="744" WIDTH="39"/>
						<String ID="P108_ST00014" HPOS="2225" VPOS="661" WIDTH="157" HEIGHT="71" CONTENT="stille," WC="0.99" CC="0000304"/>
						<SP ID="P108_SP00012" HPOS="2382" VPOS="744" WIDTH="41"/>
						<String ID="P108_ST00015" HPOS="2423" VPOS="660" WIDTH="474" HEIGHT="62" CONTENT="unverbrüchliche" WC="0.99" CC="450660603766980"/>
						<SP ID="P108_SP00013" HPOS="2897" VPOS="744" WIDTH="40"/>
						<String ID="P108_ST00016" HPOS="2937" VPOS="660" WIDTH="331" HEIGHT="64" CONTENT="Vorbehalt." WC="0.99" CC="0467560033"/>
						<SP ID="P108_SP00014" HPOS="3268" VPOS="744" WIDTH="33"/>
						<String ID="P108_ST00017" HPOS="3301" VPOS="665" WIDTH="91" HEIGHT="65" CONTENT="Da" WC="1.00" CC="00"/>
					</TextLine>
					<TextLine ID="P108_TL00004" HPOS="1175" VPOS="754" WIDTH="2217" HEIGHT="79">
						<String ID="P108_ST00018" HPOS="1175" VPOS="760" WIDTH="90" HEIGHT="61" CONTENT="die" WC="0.96" CC="046"/>
						<SP ID="P108_SP00015" HPOS="1265" VPOS="821" WIDTH="32"/>
						<String ID="P108_ST00019" HPOS="1297" VPOS="759" WIDTH="160" HEIGHT="61" CONTENT="Welt" WC="0.97" CC="7006"/>
						<SP ID="P108_SP00016" HPOS="1457" VPOS="821" WIDTH="39"/>
						<String ID="P108_ST00020" HPOS="1496" VPOS="781" WIDTH="116" HEIGHT="38" CONTENT="von" WC="1.00" CC="000"/>
						<SP ID="P108_SP00017" HPOS="1612" VPOS="821" WIDTH="39"/>
						<String ID="P108_ST00021" HPOS="1651" VPOS="757" WIDTH="230" HEIGHT="76" CONTENT="großen," WC="0.99" CC="0634001"/>
						<SP ID="P108_SP00018" HPOS="1881" VPOS="833" WIDTH="40"/>
						<String ID="P108_ST00022" HPOS="1921" VPOS="755" WIDTH="215" HEIGHT="60" CONTENT="runden" WC="0.99" CC="600000"/>
						<SP ID="P108_SP00019" HPOS="2136" VPOS="833" WIDTH="35"/>
						<String ID="P108_ST00023" HPOS="2171" VPOS="754" WIDTH="221" HEIGHT="61" CONTENT="Zahlen" WC="0.99" CC="600000"/>
						<SP ID="P108_SP00020" HPOS="2392" VPOS="833" WIDTH="40"/>
						<String ID="P108_ST00024" HPOS="2432" VPOS="754" WIDTH="106" HEIGHT="61" CONTENT="sich" WC="0.98" CC="0307"/>
						<SP ID="P108_SP00021" HPOS="2538" VPOS="833" WIDTH="40"/>
						<String ID="P108_ST00025" HPOS="2578" VPOS="754" WIDTH="239" HEIGHT="61" CONTENT="blenden" WC="0.99" CC="7700060"/>
						<SP ID="P108_SP00022" HPOS="2817" VPOS="833" WIDTH="42"/>
						<String ID="P108_ST00026" HPOS="2859" VPOS="754" WIDTH="121" HEIGHT="71" CONTENT="ließ," WC="0.97" CC="01484"/>
						<SP ID="P108_SP00023" HPOS="2980" VPOS="833" WIDTH="43"/>
						<String ID="P108_ST00027" HPOS="3023" VPOS="754" WIDTH="151" HEIGHT="61" CONTENT="hatte" WC="0.98" CC="70530"/>
						<SP ID="P108_SP00024" HPOS="3174" VPOS="833" WIDTH="42"/>
						<String ID="P108_ST00028" HPOS="3216" VPOS="779" WIDTH="56" HEIGHT="37" CONTENT="er" WC="0.81" CC="30"/>
						<SP ID="P108_SP00025" HPOS="3272" VPOS="833" WIDTH="39"/>
						<String ID="P108_ST00029" HPOS="3311" VPOS="759" WIDTH="81" HEIGHT="64" CONTENT="die" WC="0.95" CC="066"/>
					</TextLine>
					<TextLine ID="P108_TL00005" HPOS="1176" VPOS="845" WIDTH="2218" HEIGHT="83">
						<String ID="P108_ST00030" HPOS="1176" VPOS="851" WIDTH="393" HEIGHT="62" CONTENT="beobachteten" WC="0.99" CC="755700714040"/>
						<SP ID="P108_SP00026" HPOS="1569" VPOS="913" WIDTH="42"/>
						<String ID="P108_ST00031" HPOS="1611" VPOS="848" WIDTH="198" HEIGHT="62" CONTENT="Sterne" WC="0.98" CC="406600"/>
						<SP ID="P108_SP00027" HPOS="1809" VPOS="913" WIDTH="39"/>
						<String ID="P108_ST00032" HPOS="1848" VPOS="857" WIDTH="181" HEIGHT="52" CONTENT="seines" WC="1.00" CC="005000"/>
						<SP ID="P108_SP00028" HPOS="2029" VPOS="913" WIDTH="40"/>
						<String ID="P108_ST00033" HPOS="2069" VPOS="848" WIDTH="277" HEIGHT="76" CONTENT="Katalogs" WC="1.00" CC="00200000"/>
						<SP ID="P108_SP00029" HPOS="2346" VPOS="924" WIDTH="39"/>
						<String ID="P108_ST00034" HPOS="2385" VPOS="847" WIDTH="205" HEIGHT="77" CONTENT="gerade" WC="0.99" CC="044000"/>
						<SP ID="P108_SP00030" HPOS="2590" VPOS="924" WIDTH="35"/>
						<String ID="P108_ST00035" HPOS="2625" VPOS="845" WIDTH="106" HEIGHT="63" CONTENT="auf" WC="0.98" CC="005"/>
						<SP ID="P108_SP00031" HPOS="2731" VPOS="924" WIDTH="25"/>
						<String ID="P108_ST00036" HPOS="2756" VPOS="856" WIDTH="88" HEIGHT="52" CONTENT="ein" WC="0.98" CC="022"/>
						<SP ID="P108_SP00032" HPOS="2844" VPOS="924" WIDTH="38"/>
						<String ID="P108_ST00037" HPOS="2882" VPOS="847" WIDTH="383" HEIGHT="62" CONTENT="»Millenium«" WC="0.99" CC="51070032502"/>
						<SP ID="P108_SP00033" HPOS="3265" VPOS="924" WIDTH="35"/>
						<String ID="P108_ST00038" HPOS="3300" VPOS="873" WIDTH="94" HEIGHT="55" CONTENT="ge*" WC="0.96" CC="064"/>
					</TextLine>
					<TextLine ID="P108_TL00006" HPOS="1181" VPOS="939" WIDTH="2214" HEIGHT="74">
						<String ID="P108_ST00039" HPOS="1181" VPOS="943" WIDTH="200" HEIGHT="70" CONTENT="bracht," WC="0.98" CC="7009063"/>
						<SP ID="P108_SP00034" HPOS="1381" VPOS="1013" WIDTH="42"/>
						<String ID="P108_ST00040" HPOS="1423" VPOS="950" WIDTH="197" HEIGHT="53" CONTENT="womit" WC="0.99" CC="73000"/>
						<SP ID="P108_SP00035" HPOS="1620" VPOS="1013" WIDTH="39"/>
						<String ID="P108_ST00041" HPOS="1659" VPOS="942" WIDTH="89" HEIGHT="60" CONTENT="die" WC="0.99" CC="010"/>
						<SP ID="P108_SP00036" HPOS="1748" VPOS="1013" WIDTH="38"/>
						<String ID="P108_ST00042" HPOS="1786" VPOS="939" WIDTH="216" HEIGHT="63" CONTENT="Antike" WC="0.98" CC="530050"/>
						<SP ID="P108_SP00037" HPOS="2002" VPOS="1013" WIDTH="40"/>
						<String ID="P108_ST00043" HPOS="2042" VPOS="941" WIDTH="340" HEIGHT="59" CONTENT="übertroffen" WC="0.99" CC="07574630064"/>
						<SP ID="P108_SP00038" HPOS="2382" VPOS="1013" WIDTH="41"/>
						<String ID="P108_ST00044" HPOS="2423" VPOS="964" WIDTH="150" HEIGHT="47" CONTENT="war,-" WC="0.96" CC="95744"/>
						<SP ID="P108_SP00039" HPOS="2573" VPOS="1013" WIDTH="50"/>
						<String ID="P108_ST00045" HPOS="2623" VPOS="939" WIDTH="118" HEIGHT="61" CONTENT="und" WC="0.97" CC="700"/>
						<SP ID="P108_SP00040" HPOS="2741" VPOS="1013" WIDTH="47"/>
						<String ID="P108_ST00046" HPOS="2788" VPOS="962" WIDTH="96" HEIGHT="37" CONTENT="um" WC="1.00" CC="00"/>
						<SP ID="P108_SP00041" HPOS="2884" VPOS="1013" WIDTH="49"/>
						<String ID="P108_ST00047" HPOS="2933" VPOS="939" WIDTH="90" HEIGHT="60" CONTENT="die" WC="0.98" CC="050"/>
						<SP ID="P108_SP00042" HPOS="3023" VPOS="1013" WIDTH="39"/>
						<String ID="P108_ST00048" HPOS="3062" VPOS="939" WIDTH="150" HEIGHT="61" CONTENT="Zahl" WC="0.96" CC="6074"/>
						<SP ID="P108_SP00043" HPOS="3212" VPOS="1013" WIDTH="47"/>
						<String ID="P108_ST00049" HPOS="3259" VPOS="945" WIDTH="136" HEIGHT="61" CONTENT="voll*" WC="0.98" CC="03604"/>
					</TextLine>
					<TextLine ID="P108_TL00007" HPOS="1176" VPOS="1033" WIDTH="2218" HEIGHT="82">
						<String ID="P108_ST00050" HPOS="1176" VPOS="1035" WIDTH="317" HEIGHT="71" CONTENT="zumachen," WC="0.99" CC="740007604"/>
						<SP ID="P108_SP00044" HPOS="1493" VPOS="1106" WIDTH="58"/>
						<String ID="P108_ST00051" HPOS="1551" VPOS="1035" WIDTH="152" HEIGHT="59" CONTENT="hatte" WC="1.00" CC="00000"/>
						<SP ID="P108_SP00045" HPOS="1703" VPOS="1106" WIDTH="58"/>
						<String ID="P108_ST00052" HPOS="1761" VPOS="1058" WIDTH="57" HEIGHT="36" CONTENT="er" WC="0.68" CC="06"/>
						<SP ID="P108_SP00046" HPOS="1818" VPOS="1106" WIDTH="58"/>
						<String ID="P108_ST00053" HPOS="1876" VPOS="1033" WIDTH="290" HEIGHT="63" CONTENT="schließlich" WC="1.00" CC="00070400000"/>
						<SP ID="P108_SP00047" HPOS="2166" VPOS="1106" WIDTH="58"/>
						<String ID="P108_ST00054" HPOS="2224" VPOS="1033" WIDTH="133" HEIGHT="61" CONTENT="auch" WC="0.98" CC="2500"/>
						<SP ID="P108_SP00048" HPOS="2357" VPOS="1106" WIDTH="56"/>
						<String ID="P108_ST00055" HPOS="2413" VPOS="1042" WIDTH="177" HEIGHT="69" CONTENT="einige" WC="0.98" CC="774000"/>
						<SP ID="P108_SP00049" HPOS="2590" VPOS="1111" WIDTH="58"/>
						<String ID="P108_ST00056" HPOS="2648" VPOS="1033" WIDTH="140" HEIGHT="60" CONTENT="nicht" WC="0.99" CC="01004"/>
						<SP ID="P108_SP00050" HPOS="2788" VPOS="1111" WIDTH="53"/>
						<String ID="P108_ST00057" HPOS="2841" VPOS="1056" WIDTH="145" HEIGHT="54" CONTENT="ganz" WC="0.97" CC="0066"/>
						<SP ID="P108_SP00051" HPOS="2986" VPOS="1111" WIDTH="47"/>
						<String ID="P108_ST00058" HPOS="3033" VPOS="1033" WIDTH="361" HEIGHT="82" CONTENT="zuverlässige" WC="1.00" CC="700007000700"/>
					</TextLine>
					<TextLine ID="P108_TL00008" HPOS="1175" VPOS="1126" WIDTH="2220" HEIGHT="80">
						<String ID="P108_ST00059" HPOS="1175" VPOS="1130" WIDTH="465" HEIGHT="75" CONTENT="Beobachtungen" WC="1.00" CC="3057000050006"/>
						<SP ID="P108_SP00052" HPOS="1640" VPOS="1205" WIDTH="41"/>
						<String ID="P108_ST00060" HPOS="1681" VPOS="1129" WIDTH="464" HEIGHT="77" CONTENT="Langomontans" WC="0.74" CC="486040100400"/>
						<SP ID="P108_SP00053" HPOS="2145" VPOS="1206" WIDTH="41"/>
						<String ID="P108_ST00061" HPOS="2186" VPOS="1136" WIDTH="99" HEIGHT="52" CONTENT="mit" WC="0.97" CC="034"/>
						<SP ID="P108_SP00054" HPOS="2285" VPOS="1206" WIDTH="41"/>
						<String ID="P108_ST00062" HPOS="2326" VPOS="1129" WIDTH="454" HEIGHT="77" CONTENT="aufgenommen," WC="1.00" CC="054005000063"/>
						<SP ID="P108_SP00055" HPOS="2780" VPOS="1206" WIDTH="42"/>
						<String ID="P108_ST00063" HPOS="2822" VPOS="1127" WIDTH="89" HEIGHT="61" CONTENT="die" WC="0.98" CC="050"/>
						<SP ID="P108_SP00056" HPOS="2911" VPOS="1206" WIDTH="41"/>
						<String ID="P108_ST00064" HPOS="2952" VPOS="1150" WIDTH="59" HEIGHT="38" CONTENT="er" WC="0.65" CC="07"/>
						<SP ID="P108_SP00057" HPOS="3011" VPOS="1206" WIDTH="53"/>
						<String ID="P108_ST00065" HPOS="3064" VPOS="1126" WIDTH="194" HEIGHT="62" CONTENT="freilich" WC="0.98" CC="43607407"/>
						<SP ID="P108_SP00058" HPOS="3258" VPOS="1206" WIDTH="62"/>
						<String ID="P108_ST00066" HPOS="3320" VPOS="1131" WIDTH="75" HEIGHT="62" CONTENT="als" WC="1.00" CC="000"/>
					</TextLine>
					<TextLine ID="P108_TL00009" HPOS="1176" VPOS="1220" WIDTH="2220" HEIGHT="80">
						<String ID="P108_ST00067" HPOS="1176" VPOS="1223" WIDTH="338" HEIGHT="77" CONTENT="Fragmente" WC="1.00" CC="060005000"/>
						<SP ID="P108_SP00059" HPOS="1514" VPOS="1300" WIDTH="33"/>
						<String ID="P108_ST00068" HPOS="1547" VPOS="1223" WIDTH="435" HEIGHT="59" CONTENT="kennzeichnete." WC="0.99" CC="04447000026503"/>
						<SP ID="P108_SP00060" HPOS="1982" VPOS="1300" WIDTH="40"/>
						<String ID="P108_ST00069" HPOS="2022" VPOS="1223" WIDTH="113" HEIGHT="59" CONTENT="Die" WC="1.00" CC="000"/>
						<SP ID="P108_SP00061" HPOS="2135" VPOS="1300" WIDTH="23"/>
						<String ID="P108_ST00070" HPOS="2158" VPOS="1221" WIDTH="403" HEIGHT="63" CONTENT="Wissenschaft" WC="1.00" CC="900000000011"/>
						<SP ID="P108_SP00062" HPOS="2561" VPOS="1300" WIDTH="33"/>
						<String ID="P108_ST00071" HPOS="2594" VPOS="1244" WIDTH="122" HEIGHT="38" CONTENT="war" WC="0.94" CC="906"/>
						<SP ID="P108_SP00063" HPOS="2716" VPOS="1300" WIDTH="39"/>
						<String ID="P108_ST00072" HPOS="2755" VPOS="1229" WIDTH="116" HEIGHT="52" CONTENT="rein" WC="0.98" CC="6020"/>
						<SP ID="P108_SP00064" HPOS="2871" VPOS="1300" WIDTH="40"/>
						<String ID="P108_ST00073" HPOS="2911" VPOS="1220" WIDTH="304" HEIGHT="78" CONTENT="geblieben," WC="0.99" CC="0377407044"/>
						<SP ID="P108_SP00065" HPOS="3215" VPOS="1300" WIDTH="39"/>
						<String ID="P108_ST00074" HPOS="3254" VPOS="1232" WIDTH="142" HEIGHT="54" CONTENT="seine" WC="0.99" CC="00340"/>
					</TextLine>
					<TextLine ID="P108_TL00010" HPOS="1175" VPOS="1315" WIDTH="2221" HEIGHT="77">
						<String ID="P108_ST00075" HPOS="1175" VPOS="1315" WIDTH="163" HEIGHT="63" CONTENT="Seele" WC="0.97" CC="65570"/>
						<SP ID="P108_SP00066" HPOS="1338" VPOS="1378" WIDTH="42"/>
						<String ID="P108_ST00076" HPOS="1380" VPOS="1315" WIDTH="134" HEIGHT="61" CONTENT="aber" WC="0.99" CC="0006"/>
						<SP ID="P108_SP00067" HPOS="1514" VPOS="1378" WIDTH="50"/>
						<String ID="P108_ST00077" HPOS="1564" VPOS="1315" WIDTH="147" HEIGHT="61" CONTENT="hatte" WC="0.97" CC="70465"/>
						<SP ID="P108_SP00068" HPOS="1711" VPOS="1378" WIDTH="47"/>
						<String ID="P108_ST00078" HPOS="1758" VPOS="1315" WIDTH="127" HEIGHT="70" CONTENT="sich," WC="0.97" CC="01974"/>
						<SP ID="P108_SP00069" HPOS="1885" VPOS="1385" WIDTH="51"/>
						<String ID="P108_ST00079" HPOS="1936" VPOS="1315" WIDTH="115" HEIGHT="61" CONTENT="hier" WC="0.96" CC="0667"/>
						<SP ID="P108_SP00070" HPOS="2051" VPOS="1385" WIDTH="40"/>
						<String ID="P108_ST00080" HPOS="2091" VPOS="1323" WIDTH="110" HEIGHT="52" CONTENT="wie" WC="0.98" CC="006"/>
						<SP ID="P108_SP00071" HPOS="2201" VPOS="1385" WIDTH="40"/>
						<String ID="P108_ST00081" HPOS="2241" VPOS="1323" WIDTH="54" HEIGHT="52" CONTENT="in" WC="0.36" CC="65"/>
						<SP ID="P108_SP00072" HPOS="2295" VPOS="1385" WIDTH="43"/>
						<String ID="P108_ST00082" HPOS="2338" VPOS="1315" WIDTH="245" HEIGHT="60" CONTENT="anderen" WC="0.99" CC="0005035"/>
						<SP ID="P108_SP00073" HPOS="2583" VPOS="1385" WIDTH="44"/>
						<String ID="P108_ST00083" HPOS="2627" VPOS="1315" WIDTH="244" HEIGHT="77" CONTENT="Dingen," WC="0.98" CC="0350554"/>
						<SP ID="P108_SP00074" HPOS="2871" VPOS="1392" WIDTH="52"/>
						<String ID="P108_ST00084" HPOS="2923" VPOS="1323" WIDTH="194" HEIGHT="51" CONTENT="immer" WC="0.99" CC="00060"/>
						<SP ID="P108_SP00075" HPOS="3117" VPOS="1392" WIDTH="41"/>
						<String ID="P108_ST00085" HPOS="3158" VPOS="1315" WIDTH="152" HEIGHT="61" CONTENT="mehr" WC="0.98" CC="0270"/>
						<SP ID="P108_SP00076" HPOS="3310" VPOS="1392" WIDTH="38"/>
						<String ID="P108_ST00086" HPOS="3348" VPOS="1326" WIDTH="48" HEIGHT="53" CONTENT="in" WC="0.42" CC="56"/>
					</TextLine>
					<TextLine ID="P108_TL00011" HPOS="1175" VPOS="1407" WIDTH="2221" HEIGHT="79">
						<String ID="P108_ST00087" HPOS="1175" VPOS="1418" WIDTH="89" HEIGHT="52" CONTENT="ein" WC="0.98" CC="050"/>
						<SP ID="P108_SP00077" HPOS="1264" VPOS="1470" WIDTH="57"/>
						<String ID="P108_ST00088" HPOS="1321" VPOS="1409" WIDTH="160" HEIGHT="61" CONTENT="Netz" WC="0.98" CC="0036"/>
						<SP ID="P108_SP00078" HPOS="1481" VPOS="1470" WIDTH="56"/>
						<String ID="P108_ST00089" HPOS="1537" VPOS="1432" WIDTH="119" HEIGHT="38" CONTENT="von" WC="0.97" CC="006"/>
						<SP ID="P108_SP00079" HPOS="1656" VPOS="1470" WIDTH="58"/>
						<String ID="P108_ST00090" HPOS="1714" VPOS="1409" WIDTH="488" HEIGHT="77" CONTENT="Kompromissen," WC="0.99" CC="0502520500064"/>
						<SP ID="P108_SP00080" HPOS="2202" VPOS="1486" WIDTH="59"/>
						<String ID="P108_ST00091" HPOS="2261" VPOS="1408" WIDTH="236" HEIGHT="61" CONTENT="falschen" WC="0.99" CC="64407000"/>
						<SP ID="P108_SP00081" HPOS="2497" VPOS="1486" WIDTH="42"/>
						<String ID="P108_ST00092" HPOS="2539" VPOS="1407" WIDTH="467" HEIGHT="77" CONTENT="Verbindungen," WC="0.99" CC="0067000630034"/>
						<SP ID="P108_SP00082" HPOS="3006" VPOS="1486" WIDTH="58"/>
						<String ID="P108_ST00093" HPOS="3064" VPOS="1407" WIDTH="332" HEIGHT="65" CONTENT="unehrlichen" WC="0.99" CC="05075030766"/>
					</TextLine>
					<TextLine ID="P108_TL00012" HPOS="1175" VPOS="1500" WIDTH="2223" HEIGHT="73">
						<String ID="P108_ST00094" HPOS="1175" VPOS="1502" WIDTH="342" HEIGHT="61" CONTENT="Halbheiten" WC="0.99" CC="6607030600"/>
						<SP ID="P108_SP00083" HPOS="1517" VPOS="1563" WIDTH="40"/>
						<String ID="P108_ST00095" HPOS="1557" VPOS="1501" WIDTH="298" HEIGHT="72" CONTENT="verstrickt," WC="0.99" CC="05005640744"/>
						<SP ID="P108_SP00084" HPOS="1855" VPOS="1573" WIDTH="34"/>
						<String ID="P108_ST00096" HPOS="1889" VPOS="1502" WIDTH="101" HEIGHT="61" CONTENT="das" WC="0.98" CC="050"/>
						<SP ID="P108_SP00085" HPOS="1990" VPOS="1573" WIDTH="35"/>
						<String ID="P108_ST00097" HPOS="2025" VPOS="1525" WIDTH="58" HEIGHT="38" CONTENT="er" WC="0.66" CC="06"/>
						<SP ID="P108_SP00086" HPOS="2083" VPOS="1573" WIDTH="33"/>
						<String ID="P108_ST00098" HPOS="2116" VPOS="1502" WIDTH="170" HEIGHT="61" CONTENT="selbst" WC="0.99" CC="050701"/>
						<SP ID="P108_SP00087" HPOS="2286" VPOS="1573" WIDTH="33"/>
						<String ID="P108_ST00099" HPOS="2319" VPOS="1502" WIDTH="82" HEIGHT="60" CONTENT="als" WC="0.97" CC="060"/>
						<SP ID="P108_SP00088" HPOS="2401" VPOS="1573" WIDTH="33"/>
						<String ID="P108_ST00100" HPOS="2434" VPOS="1501" WIDTH="257" HEIGHT="61" CONTENT="unlauter" WC="1.00" CC="00000006"/>
						<SP ID="P108_SP00089" HPOS="2691" VPOS="1573" WIDTH="32"/>
						<String ID="P108_ST00101" HPOS="2723" VPOS="1501" WIDTH="118" HEIGHT="61" CONTENT="und" WC="0.96" CC="730"/>
						<SP ID="P108_SP00090" HPOS="2841" VPOS="1573" WIDTH="31"/>
						<String ID="P108_ST00102" HPOS="2872" VPOS="1500" WIDTH="366" HEIGHT="72" CONTENT="bedrückend," WC="0.99" CC="00060974004"/>
						<SP ID="P108_SP00091" HPOS="3238" VPOS="1573" WIDTH="36"/>
						<String ID="P108_ST00103" HPOS="3274" VPOS="1502" WIDTH="124" HEIGHT="62" CONTENT="aber" WC="0.96" CC="5047"/>
					</TextLine>
					<TextLine ID="P108_TL00013" HPOS="1175" VPOS="1594" WIDTH="2220" HEIGHT="78">
						<String ID="P108_ST00104" HPOS="1175" VPOS="1595" WIDTH="252" HEIGHT="61" CONTENT="dennoch" WC="0.99" CC="0000190"/>
						<SP ID="P108_SP00092" HPOS="1427" VPOS="1656" WIDTH="41"/>
						<String ID="P108_ST00105" HPOS="1468" VPOS="1595" WIDTH="80" HEIGHT="61" CONTENT="als" WC="0.96" CC="470"/>
						<SP ID="P108_SP00093" HPOS="1548" VPOS="1656" WIDTH="42"/>
						<String ID="P108_ST00106" HPOS="1590" VPOS="1604" WIDTH="88" HEIGHT="50" CONTENT="ein" WC="1.00" CC="000"/>
						<SP ID="P108_SP00094" HPOS="1678" VPOS="1656" WIDTH="41"/>
						<String ID="P108_ST00107" HPOS="1719" VPOS="1595" WIDTH="390" HEIGHT="76" CONTENT="notwendiges" WC="0.99" CC="05600507000"/>
						<SP ID="P108_SP00095" HPOS="2109" VPOS="1671" WIDTH="44"/>
						<String ID="P108_ST00108" HPOS="2153" VPOS="1594" WIDTH="184" HEIGHT="78" CONTENT="Opfer" WC="0.98" CC="00605"/>
						<SP ID="P108_SP00096" HPOS="2337" VPOS="1672" WIDTH="39"/>
						<String ID="P108_ST00109" HPOS="2376" VPOS="1604" WIDTH="75" HEIGHT="50" CONTENT="im" WC="0.80" CC="40"/>
						<SP ID="P108_SP00097" HPOS="2451" VPOS="1672" WIDTH="42"/>
						<String ID="P108_ST00110" HPOS="2493" VPOS="1595" WIDTH="235" HEIGHT="59" CONTENT="Dienste" WC="0.99" CC="1502040"/>
						<SP ID="P108_SP00098" HPOS="2728" VPOS="1672" WIDTH="35"/>
						<String ID="P108_ST00111" HPOS="2763" VPOS="1594" WIDTH="97" HEIGHT="60" CONTENT="der" WC="0.96" CC="046"/>
						<SP ID="P108_SP00099" HPOS="2860" VPOS="1672" WIDTH="31"/>
						<String ID="P108_ST00112" HPOS="2891" VPOS="1594" WIDTH="294" HEIGHT="60" CONTENT="Wahrheit" WC="0.98" CC="00676565"/>
						<SP ID="P108_SP00100" HPOS="3185" VPOS="1672" WIDTH="32"/>
						<String ID="P108_ST00113" HPOS="3217" VPOS="1595" WIDTH="178" HEIGHT="62" CONTENT="ansah." WC="0.99" CC="000464"/>
					</TextLine>
					<TextLine ID="P108_TL00014" HPOS="1178" VPOS="1687" WIDTH="2220" HEIGHT="72">
						<String ID="P108_ST00114" HPOS="1178" VPOS="1690" WIDTH="116" HEIGHT="60" CONTENT="Mit" WC="0.96" CC="046"/>
						<SP ID="P108_SP00101" HPOS="1294" VPOS="1750" WIDTH="41"/>
						<String ID="P108_ST00115" HPOS="1335" VPOS="1689" WIDTH="179" HEIGHT="61" CONTENT="dieser" WC="0.98" CC="005056"/>
						<SP ID="P108_SP00102" HPOS="1514" VPOS="1750" WIDTH="40"/>
						<String ID="P108_ST00116" HPOS="1554" VPOS="1687" WIDTH="595" HEIGHT="63" CONTENT="Unvollkommenheit" WC="1.00" CC="7000700400000033"/>
						<SP ID="P108_SP00103" HPOS="2149" VPOS="1750" WIDTH="50"/>
						<String ID="P108_ST00117" HPOS="2199" VPOS="1698" WIDTH="181" HEIGHT="52" CONTENT="seines" WC="1.00" CC="006000"/>
						<SP ID="P108_SP00104" HPOS="2380" VPOS="1750" WIDTH="41"/>
						<String ID="P108_ST00118" HPOS="2421" VPOS="1687" WIDTH="250" HEIGHT="61" CONTENT="Wesens" WC="0.99" CC="000630"/>
						<SP ID="P108_SP00105" HPOS="2671" VPOS="1750" WIDTH="50"/>
						<String ID="P108_ST00119" HPOS="2721" VPOS="1687" WIDTH="147" HEIGHT="61" CONTENT="hatte" WC="0.99" CC="06000"/>
						<SP ID="P108_SP00106" HPOS="2868" VPOS="1750" WIDTH="50"/>
						<String ID="P108_ST00120" HPOS="2918" VPOS="1710" WIDTH="58" HEIGHT="38" CONTENT="er" WC="0.72" CC="05"/>
						<SP ID="P108_SP00107" HPOS="2976" VPOS="1750" WIDTH="48"/>
						<String ID="P108_ST00121" HPOS="3024" VPOS="1687" WIDTH="126" HEIGHT="72" CONTENT="sich," WC="0.99" CC="02004"/>
						<SP ID="P108_SP00108" HPOS="3150" VPOS="1759" WIDTH="51"/>
						<String ID="P108_ST00122" HPOS="3201" VPOS="1687" WIDTH="99" HEIGHT="61" CONTENT="ehe" WC="0.97" CC="106"/>
						<SP ID="P108_SP00109" HPOS="3300" VPOS="1759" WIDTH="45"/>
						<String ID="P108_ST00123" HPOS="3345" VPOS="1713" WIDTH="53" HEIGHT="37" CONTENT="er" WC="1.00" CC="00"/>
					</TextLine>
					<TextLine ID="P108_TL00015" HPOS="1180" VPOS="1780" WIDTH="2216" HEIGHT="80">
						<String ID="P108_ST00124" HPOS="1180" VPOS="1783" WIDTH="211" HEIGHT="77" CONTENT="Kepler" WC="0.98" CC="000756"/>
						<SP ID="P108_SP00110" HPOS="1391" VPOS="1860" WIDTH="48"/>
						<String ID="P108_ST00125" HPOS="1439" VPOS="1783" WIDTH="220" HEIGHT="59" CONTENT="kennen" WC="1.00" CC="050000"/>
						<SP ID="P108_SP00111" HPOS="1659" VPOS="1860" WIDTH="47"/>
						<String ID="P108_ST00126" HPOS="1706" VPOS="1783" WIDTH="212" HEIGHT="76" CONTENT="gelernt" WC="0.99" CC="0034700"/>
						<SP ID="P108_SP00112" HPOS="1918" VPOS="1860" WIDTH="48"/>
						<String ID="P108_ST00127" HPOS="1966" VPOS="1781" WIDTH="167" HEIGHT="74" CONTENT="hatte," WC="0.99" CC="001104"/>
						<SP ID="P108_SP00113" HPOS="2133" VPOS="1860" WIDTH="56"/>
						<String ID="P108_ST00128" HPOS="2189" VPOS="1781" WIDTH="166" HEIGHT="61" CONTENT="schon" WC="0.99" CC="00016"/>
						<SP ID="P108_SP00114" HPOS="2355" VPOS="1860" WIDTH="49"/>
						<String ID="P108_ST00129" HPOS="2404" VPOS="1781" WIDTH="237" HEIGHT="61" CONTENT="beinahe" WC="0.98" CC="7037600"/>
						<SP ID="P108_SP00115" HPOS="2641" VPOS="1860" WIDTH="40"/>
						<String ID="P108_ST00130" HPOS="2681" VPOS="1780" WIDTH="355" HEIGHT="78" CONTENT="abgefunden" WC="0.99" CC="0700460000"/>
						<SP ID="P108_SP00116" HPOS="3036" VPOS="1860" WIDTH="11"/>
						<String ID="P108_ST00131" HPOS="3047" VPOS="1817" WIDTH="20" HEIGHT="34" CONTENT=",•" WC="0.55" CC="44"/>
						<SP ID="P108_SP00117" HPOS="3067" VPOS="1860" WIDTH="38"/>
						<String ID="P108_ST00132" HPOS="3105" VPOS="1780" WIDTH="291" HEIGHT="74" CONTENT="zufrieden," WC="0.99" CC="0647660074"/>
					</TextLine>
					<TextLine ID="P108_TL00016" HPOS="1181" VPOS="1874" WIDTH="2217" HEIGHT="79">
						<String ID="P108_ST00133" HPOS="1181" VPOS="1900" WIDTH="168" HEIGHT="36" CONTENT="wenn" WC="0.98" CC="0026"/>
						<SP ID="P108_SP00118" HPOS="1349" VPOS="1936" WIDTH="58"/>
						<String ID="P108_ST00134" HPOS="1407" VPOS="1900" WIDTH="59" HEIGHT="36" CONTENT="er" WC="0.83" CC="03"/>
						<SP ID="P108_SP00119" HPOS="1466" VPOS="1936" WIDTH="55"/>
						<String ID="P108_ST00135" HPOS="1521" VPOS="1877" WIDTH="354" HEIGHT="76" CONTENT="irgendeinen" WC="1.00" CC="06000006040"/>
						<SP ID="P108_SP00120" HPOS="1875" VPOS="1953" WIDTH="62"/>
						<String ID="P108_ST00136" HPOS="1937" VPOS="1884" WIDTH="278" HEIGHT="52" CONTENT="innersten" WC="0.99" CC="552250360"/>
						<SP ID="P108_SP00121" HPOS="2215" VPOS="1953" WIDTH="41"/>
						<String ID="P108_ST00137" HPOS="2256" VPOS="1874" WIDTH="232" HEIGHT="61" CONTENT="Winkel" WC="0.99" CC="024004"/>
						<SP ID="P108_SP00122" HPOS="2488" VPOS="1953" WIDTH="49"/>
						<String ID="P108_ST00138" HPOS="2537" VPOS="1883" WIDTH="181" HEIGHT="52" CONTENT="seiner" WC="0.99" CC="024007"/>
						<SP ID="P108_SP00123" HPOS="2718" VPOS="1953" WIDTH="48"/>
						<String ID="P108_ST00139" HPOS="2766" VPOS="1874" WIDTH="163" HEIGHT="61" CONTENT="Seele" WC="1.00" CC="30000"/>
						<SP ID="P108_SP00124" HPOS="2929" VPOS="1953" WIDTH="48"/>
						<String ID="P108_ST00140" HPOS="2977" VPOS="1898" WIDTH="135" HEIGHT="37" CONTENT="vom" WC="0.99" CC="010"/>
						<SP ID="P108_SP00125" HPOS="3112" VPOS="1953" WIDTH="42"/>
						<String ID="P108_ST00141" HPOS="3154" VPOS="1874" WIDTH="244" HEIGHT="79" CONTENT="Alltags*" WC="0.98" CC="60741904"/>
					</TextLine>
					<TextLine ID="P108_TL00017" HPOS="1180" VPOS="1968" WIDTH="2218" HEIGHT="79">
						<String ID="P108_ST00142" HPOS="1180" VPOS="1971" WIDTH="276" HEIGHT="59" CONTENT="schmutze" WC="0.99" CC="00700463"/>
						<SP ID="P108_SP00126" HPOS="1456" VPOS="2030" WIDTH="33"/>
						<String ID="P108_ST00143" HPOS="1489" VPOS="1968" WIDTH="98" HEIGHT="61" CONTENT="der" WC="0.97" CC="007"/>
						<SP ID="P108_SP00127" HPOS="1587" VPOS="2030" WIDTH="35"/>
						<String ID="P108_ST00144" HPOS="1622" VPOS="1968" WIDTH="464" HEIGHT="79" CONTENT="»Beziehungen«" WC="0.99" CC="4237567030660"/>
						<SP ID="P108_SP00128" HPOS="2086" VPOS="2047" WIDTH="39"/>
						<String ID="P108_ST00145" HPOS="2125" VPOS="1968" WIDTH="269" HEIGHT="61" CONTENT="freihielt." WC="0.99" CC="6605000734"/>
						<SP ID="P108_SP00129" HPOS="2394" VPOS="2047" WIDTH="40"/>
						<String ID="P108_ST00146" HPOS="2434" VPOS="2018" WIDTH="10" HEIGHT="12" CONTENT="." WC="0.59" CC="4"/>
						<SP ID="P108_SP00130" HPOS="2444" VPOS="2047" WIDTH="39"/>
						<String ID="P108_ST00147" HPOS="2483" VPOS="2018" WIDTH="13" HEIGHT="14" CONTENT="." WC="0.62" CC="3"/>
						<SP ID="P108_SP00131" HPOS="2496" VPOS="2047" WIDTH="44"/>
						<String ID="P108_ST00148" HPOS="2540" VPOS="1968" WIDTH="143" HEIGHT="60" CONTENT="Und" WC="0.97" CC="700"/>
						<SP ID="P108_SP00132" HPOS="2683" VPOS="2047" WIDTH="39"/>
						<String ID="P108_ST00149" HPOS="2722" VPOS="1992" WIDTH="135" HEIGHT="47" CONTENT="nun," WC="0.99" CC="0004"/>
						<SP ID="P108_SP00133" HPOS="2857" VPOS="2047" WIDTH="41"/>
						<String ID="P108_ST00150" HPOS="2898" VPOS="1968" WIDTH="74" HEIGHT="61" CONTENT="da" WC="1.00" CC="00"/>
						<SP ID="P108_SP00134" HPOS="2972" VPOS="2047" WIDTH="41"/>
						<String ID="P108_ST00151" HPOS="3013" VPOS="1991" WIDTH="59" HEIGHT="38" CONTENT="er" WC="0.39" CC="57"/>
						<SP ID="P108_SP00135" HPOS="3072" VPOS="2047" WIDTH="40"/>
						<String ID="P108_ST00152" HPOS="3112" VPOS="1968" WIDTH="101" HEIGHT="61" CONTENT="das" WC="1.00" CC="000"/>
						<SP ID="P108_SP00136" HPOS="3213" VPOS="2047" WIDTH="41"/>
						<String ID="P108_ST00153" HPOS="3254" VPOS="1968" WIDTH="144" HEIGHT="60" CONTENT="Bau*" WC="0.97" CC="0364"/>
					</TextLine>
					<TextLine ID="P108_TL00018" HPOS="1180" VPOS="2061" WIDTH="2215" HEIGHT="79">
						<String ID="P108_ST00154" HPOS="1180" VPOS="2062" WIDTH="155" HEIGHT="61" CONTENT="werk" WC="0.99" CC="0050"/>
						<SP ID="P108_SP00137" HPOS="1335" VPOS="2123" WIDTH="38"/>
						<String ID="P108_ST00155" HPOS="1373" VPOS="2062" WIDTH="208" HEIGHT="61" CONTENT="solcher" WC="0.99" CC="0507007"/>
						<SP ID="P108_SP00138" HPOS="1581" VPOS="2123" WIDTH="39"/>
						<String ID="P108_ST00156" HPOS="1620" VPOS="2061" WIDTH="436" HEIGHT="79" CONTENT="Überlegungen" WC="1.00" CC="370700003000"/>
						<SP ID="P108_SP00139" HPOS="2056" VPOS="2140" WIDTH="41"/>
						<String ID="P108_ST00157" HPOS="2097" VPOS="2062" WIDTH="240" HEIGHT="76" CONTENT="gänzlich" WC="0.99" CC="00077507"/>
						<SP ID="P108_SP00140" HPOS="2337" VPOS="2140" WIDTH="51"/>
						<String ID="P108_ST00158" HPOS="2388" VPOS="2061" WIDTH="423" HEIGHT="77" CONTENT="abgeschlossen" WC="1.00" CC="1004000020000"/>
						<SP ID="P108_SP00141" HPOS="2811" VPOS="2140" WIDTH="47"/>
						<String ID="P108_ST00159" HPOS="2858" VPOS="2085" WIDTH="73" HEIGHT="37" CONTENT="zu" WC="0.65" CC="70"/>
						<SP ID="P108_SP00142" HPOS="2931" VPOS="2140" WIDTH="50"/>
						<String ID="P108_ST00160" HPOS="2981" VPOS="2061" WIDTH="183" HEIGHT="61" CONTENT="haben" WC="0.97" CC="60706"/>
						<SP ID="P108_SP00143" HPOS="3164" VPOS="2140" WIDTH="48"/>
						<String ID="P108_ST00161" HPOS="3212" VPOS="2061" WIDTH="183" HEIGHT="71" CONTENT="schien," WC="0.99" CC="0075004"/>
					</TextLine>
					<TextLine ID="P108_TL00019" HPOS="1180" VPOS="2155" WIDTH="2220" HEIGHT="79">
						<String ID="P108_ST00162" HPOS="1180" VPOS="2174" WIDTH="112" HEIGHT="43" CONTENT="trat" WC="0.98" CC="0505"/>
						<SP ID="P108_SP00144" HPOS="1292" VPOS="2217" WIDTH="39"/>
						<String ID="P108_ST00163" HPOS="1331" VPOS="2156" WIDTH="210" HEIGHT="78" CONTENT="Kepler" WC="0.98" CC="000756"/>
						<SP ID="P108_SP00145" HPOS="1541" VPOS="2234" WIDTH="56"/>
						<String ID="P108_ST00164" HPOS="1597" VPOS="2157" WIDTH="186" HEIGHT="60" CONTENT="herein" WC="0.99" CC="006030"/>
						<SP ID="P108_SP00146" HPOS="1783" VPOS="2234" WIDTH="58"/>
						<String ID="P108_ST00165" HPOS="1841" VPOS="2157" WIDTH="116" HEIGHT="59" CONTENT="und" WC="0.96" CC="540"/>
						<SP ID="P108_SP00147" HPOS="1957" VPOS="2234" WIDTH="56"/>
						<String ID="P108_ST00166" HPOS="2013" VPOS="2155" WIDTH="153" HEIGHT="61" CONTENT="warf" WC="0.97" CC="0066"/>
						<SP ID="P108_SP00148" HPOS="2166" VPOS="2234" WIDTH="40"/>
						<String ID="P108_ST00167" HPOS="2206" VPOS="2155" WIDTH="132" HEIGHT="62" CONTENT="alles" WC="0.96" CC="67750"/>
						<SP ID="P108_SP00149" HPOS="2338" VPOS="2234" WIDTH="49"/>
						<String ID="P108_ST00168" HPOS="2387" VPOS="2155" WIDTH="137" HEIGHT="61" CONTENT="über" WC="0.97" CC="0706"/>
						<SP ID="P108_SP00150" HPOS="2524" VPOS="2234" WIDTH="49"/>
						<String ID="P108_ST00169" HPOS="2573" VPOS="2155" WIDTH="110" HEIGHT="61" CONTENT="den" WC="0.98" CC="060"/>
						<SP ID="P108_SP00151" HPOS="2683" VPOS="2234" WIDTH="41"/>
						<String ID="P108_ST00170" HPOS="2724" VPOS="2155" WIDTH="248" HEIGHT="61" CONTENT="Haufen," WC="0.99" CC="6056003"/>
						<SP ID="P108_SP00152" HPOS="2972" VPOS="2234" WIDTH="42"/>
						<String ID="P108_ST00171" HPOS="3014" VPOS="2156" WIDTH="170" HEIGHT="60" CONTENT="Denn" WC="1.00" CC="0000"/>
						<SP ID="P108_SP00153" HPOS="3184" VPOS="2234" WIDTH="50"/>
						<String ID="P108_ST00172" HPOS="3234" VPOS="2155" WIDTH="166" HEIGHT="61" CONTENT="dieser" WC="0.99" CC="010057"/>
					</TextLine>
					<TextLine ID="P108_TL00020" HPOS="1180" VPOS="2246" WIDTH="2220" HEIGHT="82">
						<String ID="P108_ST00173" HPOS="1180" VPOS="2250" WIDTH="206" HEIGHT="71" CONTENT="Mann," WC="0.99" CC="00004"/>
						<SP ID="P108_SP00154" HPOS="1386" VPOS="2321" WIDTH="44"/>
						<String ID="P108_ST00174" HPOS="1430" VPOS="2250" WIDTH="103" HEIGHT="61" CONTENT="das" WC="0.98" CC="060"/>
						<SP ID="P108_SP00155" HPOS="1533" VPOS="2321" WIDTH="41"/>
						<String ID="P108_ST00175" HPOS="1574" VPOS="2250" WIDTH="101" HEIGHT="61" CONTENT="sah" WC="0.97" CC="007"/>
						<SP ID="P108_SP00156" HPOS="1675" VPOS="2321" WIDTH="41"/>
						<String ID="P108_ST00176" HPOS="1716" VPOS="2246" WIDTH="196" HEIGHT="82" CONTENT="Tycho" WC="0.46" CC="66076"/>
						<SP ID="P108_SP00157" HPOS="1912" VPOS="2328" WIDTH="48"/>
						<String ID="P108_ST00177" HPOS="1960" VPOS="2273" WIDTH="146" HEIGHT="53" CONTENT="ganz" WC="0.98" CC="0306"/>
						<SP ID="P108_SP00158" HPOS="2106" VPOS="2328" WIDTH="47"/>
						<String ID="P108_ST00178" HPOS="2153" VPOS="2249" WIDTH="250" HEIGHT="70" CONTENT="deutlich," WC="0.99" CC="000004074"/>
						<SP ID="P108_SP00159" HPOS="2403" VPOS="2328" WIDTH="56"/>
						<String ID="P108_ST00179" HPOS="2459" VPOS="2249" WIDTH="145" HEIGHT="60" CONTENT="lebte" WC="0.97" CC="76730"/>
						<SP ID="P108_SP00160" HPOS="2604" VPOS="2328" WIDTH="57"/>
						<String ID="P108_ST00180" HPOS="2661" VPOS="2249" WIDTH="140" HEIGHT="60" CONTENT="nicht" WC="0.98" CC="04072"/>
						<SP ID="P108_SP00161" HPOS="2801" VPOS="2328" WIDTH="48"/>
						<String ID="P108_ST00181" HPOS="2849" VPOS="2272" WIDTH="104" HEIGHT="38" CONTENT="nur" WC="0.97" CC="007"/>
						<SP ID="P108_SP00162" HPOS="2953" VPOS="2328" WIDTH="48"/>
						<String ID="P108_ST00182" HPOS="3001" VPOS="2249" WIDTH="286" HEIGHT="77" CONTENT="irgendwo" WC="0.99" CC="15000005"/>
						<SP ID="P108_SP00163" HPOS="3287" VPOS="2328" WIDTH="47"/>
						<String ID="P108_ST00183" HPOS="3334" VPOS="2256" WIDTH="66" HEIGHT="53" CONTENT="im" WC="1.00" CC="00"/>
					</TextLine>
					<TextLine ID="P108_TL00021" HPOS="1181" VPOS="2342" WIDTH="2219" HEIGHT="78">
						<String ID="P108_ST00184" HPOS="1181" VPOS="2353" WIDTH="298" HEIGHT="62" CONTENT="innersten," WC="0.99" CC="5050705504"/>
						<SP ID="P108_SP00164" HPOS="1479" VPOS="2415" WIDTH="28"/>
						<String ID="P108_ST00185" HPOS="1507" VPOS="2344" WIDTH="255" HEIGHT="76" CONTENT="ängstlich" WC="0.99" CC="070066090"/>
						<SP ID="P108_SP00165" HPOS="1762" VPOS="2420" WIDTH="26"/>
						<String ID="P108_ST00186" HPOS="1788" VPOS="2343" WIDTH="341" HEIGHT="61" CONTENT="versteckten" WC="0.99" CC="05200007306"/>
						<SP ID="P108_SP00166" HPOS="2129" VPOS="2420" WIDTH="27"/>
						<String ID="P108_ST00187" HPOS="2156" VPOS="2342" WIDTH="238" HEIGHT="71" CONTENT="Winkel," WC="0.99" CC="0000604"/>
						<SP ID="P108_SP00167" HPOS="2394" VPOS="2420" WIDTH="27"/>
						<String ID="P108_ST00188" HPOS="2421" VPOS="2343" WIDTH="244" HEIGHT="60" CONTENT="sondern" WC="0.99" CC="0240050"/>
						<SP ID="P108_SP00168" HPOS="2665" VPOS="2420" WIDTH="33"/>
						<String ID="P108_ST00189" HPOS="2698" VPOS="2350" WIDTH="98" HEIGHT="53" CONTENT="mit" WC="0.97" CC="025"/>
						<SP ID="P108_SP00169" HPOS="2796" VPOS="2420" WIDTH="33"/>
						<String ID="P108_ST00190" HPOS="2829" VPOS="2342" WIDTH="97" HEIGHT="61" CONTENT="der" WC="0.98" CC="006"/>
						<SP ID="P108_SP00170" HPOS="2926" VPOS="2420" WIDTH="32"/>
						<String ID="P108_ST00191" HPOS="2958" VPOS="2364" WIDTH="215" HEIGHT="55" CONTENT="ganzen" WC="0.99" CC="000600"/>
						<SP ID="P108_SP00171" HPOS="3173" VPOS="2420" WIDTH="32"/>
						<String ID="P108_ST00192" HPOS="3205" VPOS="2349" WIDTH="195" HEIGHT="62" CONTENT="reinen," WC="0.98" CC="6040604"/>
					</TextLine>
					<TextLine ID="P108_TL00022" HPOS="1181" VPOS="2434" WIDTH="2220" HEIGHT="79">
						<String ID="P108_ST00193" HPOS="1181" VPOS="2437" WIDTH="340" HEIGHT="62" CONTENT="makellosen" WC="0.99" CC="0002473000"/>
						<SP ID="P108_SP00172" HPOS="1521" VPOS="2499" WIDTH="41"/>
						<String ID="P108_ST00194" HPOS="1562" VPOS="2437" WIDTH="331" HEIGHT="62" CONTENT="Oberfläche" WC="0.99" CC="0056220076"/>
						<SP ID="P108_SP00173" HPOS="1893" VPOS="2499" WIDTH="39"/>
						<String ID="P108_ST00195" HPOS="1932" VPOS="2444" WIDTH="182" HEIGHT="52" CONTENT="seiner" WC="0.98" CC="006057"/>
						<SP ID="P108_SP00174" HPOS="2114" VPOS="2499" WIDTH="40"/>
						<String ID="P108_ST00196" HPOS="2154" VPOS="2436" WIDTH="179" HEIGHT="71" CONTENT="Seele," WC="0.99" CC="000704"/>
						<SP ID="P108_SP00175" HPOS="2333" VPOS="2507" WIDTH="52"/>
						<String ID="P108_ST00197" HPOS="2385" VPOS="2437" WIDTH="89" HEIGHT="59" CONTENT="die" WC="0.99" CC="010"/>
						<SP ID="P108_SP00176" HPOS="2474" VPOS="2507" WIDTH="41"/>
						<String ID="P108_ST00198" HPOS="2515" VPOS="2460" WIDTH="60" HEIGHT="36" CONTENT="er" WC="0.67" CC="06"/>
						<SP ID="P108_SP00177" HPOS="2575" VPOS="2507" WIDTH="47"/>
						<String ID="P108_ST00199" HPOS="2622" VPOS="2437" WIDTH="330" HEIGHT="76" CONTENT="geradeaus," WC="1.00" CC="0070000004"/>
						<SP ID="P108_SP00178" HPOS="2952" VPOS="2513" WIDTH="49"/>
						<String ID="P108_ST00200" HPOS="3001" VPOS="2434" WIDTH="400" HEIGHT="73" CONTENT="unbedenklich," WC="1.00" CC="0470000000074"/>
					</TextLine>
					<TextLine ID="P108_TL00023" HPOS="1181" VPOS="2528" WIDTH="2220" HEIGHT="82">
						<String ID="P108_ST00201" HPOS="1181" VPOS="2541" WIDTH="56" HEIGHT="69" CONTENT="ja" WC="0.62" CC="70"/>
						<SP ID="P108_SP00179" HPOS="1237" VPOS="2610" WIDTH="41"/>
						<String ID="P108_ST00202" HPOS="1278" VPOS="2540" WIDTH="98" HEIGHT="53" CONTENT="mit" WC="0.97" CC="033"/>
						<SP ID="P108_SP00180" HPOS="1376" VPOS="2610" WIDTH="40"/>
						<String ID="P108_ST00203" HPOS="1416" VPOS="2540" WIDTH="150" HEIGHT="52" CONTENT="einer" WC="0.98" CC="63024"/>
						<SP ID="P108_SP00181" HPOS="1566" VPOS="2610" WIDTH="38"/>
						<String ID="P108_ST00204" HPOS="1604" VPOS="2540" WIDTH="277" HEIGHT="68" CONTENT="gewissen" WC="1.00" CC="06000000"/>
						<SP ID="P108_SP00182" HPOS="1881" VPOS="2610" WIDTH="50"/>
						<String ID="P108_ST00205" HPOS="1931" VPOS="2531" WIDTH="181" HEIGHT="59" CONTENT="Härte" WC="0.98" CC="50344"/>
						<SP ID="P108_SP00183" HPOS="2112" VPOS="2610" WIDTH="51"/>
						<String ID="P108_ST00206" HPOS="2163" VPOS="2531" WIDTH="118" HEIGHT="59" CONTENT="und" WC="1.00" CC="000"/>
						<SP ID="P108_SP00184" HPOS="2281" VPOS="2610" WIDTH="46"/>
						<String ID="P108_ST00207" HPOS="2327" VPOS="2530" WIDTH="566" HEIGHT="76" CONTENT="Rücksichtslosigkeit" WC="1.00" CC="4007010710021600004"/>
						<SP ID="P108_SP00185" HPOS="2893" VPOS="2610" WIDTH="50"/>
						<String ID="P108_ST00208" HPOS="2943" VPOS="2530" WIDTH="99" HEIGHT="59" CONTENT="der" WC="0.96" CC="037"/>
						<SP ID="P108_SP00186" HPOS="3042" VPOS="2610" WIDTH="38"/>
						<String ID="P108_ST00209" HPOS="3080" VPOS="2528" WIDTH="160" HEIGHT="61" CONTENT="Welt" WC="0.98" CC="0504"/>
						<SP ID="P108_SP00187" HPOS="3240" VPOS="2610" WIDTH="47"/>
						<String ID="P108_ST00210" HPOS="3287" VPOS="2543" WIDTH="114" HEIGHT="45" CONTENT="ent*" WC="0.98" CC="0044"/>
					</TextLine>
					<TextLine ID="P108_TL00024" HPOS="1183" VPOS="2622" WIDTH="2220" HEIGHT="83">
						<String ID="P108_ST00211" HPOS="1183" VPOS="2626" WIDTH="452" HEIGHT="79" CONTENT="gegenschwang." WC="1.00" CC="0000300000702"/>
						<SP ID="P108_SP00188" HPOS="1635" VPOS="2705" WIDTH="57"/>
						<String ID="P108_ST00212" HPOS="1692" VPOS="2625" WIDTH="159" HEIGHT="71" CONTENT="Und," WC="0.98" CC="7004"/>
						<SP ID="P108_SP00189" HPOS="1851" VPOS="2705" WIDTH="57"/>
						<String ID="P108_ST00213" HPOS="1908" VPOS="2649" WIDTH="122" HEIGHT="37" CONTENT="was" WC="1.00" CC="000"/>
						<SP ID="P108_SP00190" HPOS="2030" VPOS="2705" WIDTH="49"/>
						<String ID="P108_ST00214" HPOS="2079" VPOS="2625" WIDTH="103" HEIGHT="59" CONTENT="das" WC="1.00" CC="000"/>
						<SP ID="P108_SP00191" HPOS="2182" VPOS="2705" WIDTH="50"/>
						<String ID="P108_ST00215" HPOS="2232" VPOS="2623" WIDTH="329" HEIGHT="63" CONTENT="Seltsamste" WC="1.00" CC="0065000040"/>
						<SP ID="P108_SP00192" HPOS="2561" VPOS="2705" WIDTH="47"/>
						<String ID="P108_ST00216" HPOS="2608" VPOS="2646" WIDTH="143" HEIGHT="37" CONTENT="war:" WC="0.97" CC="0661"/>
						<SP ID="P108_SP00193" HPOS="2751" VPOS="2705" WIDTH="60"/>
						<String ID="P108_ST00217" HPOS="2811" VPOS="2623" WIDTH="90" HEIGHT="61" CONTENT="die" WC="1.00" CC="000"/>
						<SP ID="P108_SP00194" HPOS="2901" VPOS="2705" WIDTH="41"/>
						<String ID="P108_ST00218" HPOS="2942" VPOS="2622" WIDTH="161" HEIGHT="62" CONTENT="Welt" WC="0.99" CC="0004"/>
						<SP ID="P108_SP00195" HPOS="3103" VPOS="2705" WIDTH="48"/>
						<String ID="P108_ST00219" HPOS="3151" VPOS="2622" WIDTH="252" HEIGHT="61" CONTENT="erkannte" WC="0.98" CC="06065535"/>
					</TextLine>
					<TextLine ID="P108_TL00025" HPOS="1185" VPOS="2712" WIDTH="2218" HEIGHT="83">
						<String ID="P108_ST00220" HPOS="1185" VPOS="2720" WIDTH="151" HEIGHT="60" CONTENT="diese" WC="1.00" CC="00000"/>
						<SP ID="P108_SP00196" HPOS="1336" VPOS="2780" WIDTH="40"/>
						<String ID="P108_ST00221" HPOS="1376" VPOS="2719" WIDTH="256" HEIGHT="61" CONTENT="Reinheit" WC="0.99" CC="20046045"/>
						<SP ID="P108_SP00197" HPOS="1632" VPOS="2780" WIDTH="41"/>
						<String ID="P108_ST00222" HPOS="1673" VPOS="2742" WIDTH="91" HEIGHT="48" CONTENT="an," WC="0.97" CC="044"/>
						<SP ID="P108_SP00198" HPOS="1764" VPOS="2790" WIDTH="41"/>
						<String ID="P108_ST00223" HPOS="1805" VPOS="2726" WIDTH="80" HEIGHT="52" CONTENT="sie" WC="0.99" CC="030"/>
						<SP ID="P108_SP00199" HPOS="1885" VPOS="2790" WIDTH="39"/>
						<String ID="P108_ST00224" HPOS="1924" VPOS="2716" WIDTH="205" HEIGHT="79" CONTENT="beugte" WC="0.97" CC="776044"/>
						<SP ID="P108_SP00200" HPOS="2129" VPOS="2795" WIDTH="39"/>
						<String ID="P108_ST00225" HPOS="2168" VPOS="2717" WIDTH="106" HEIGHT="61" CONTENT="sich" WC="0.97" CC="0507"/>
						<SP ID="P108_SP00201" HPOS="2274" VPOS="2795" WIDTH="44"/>
						<String ID="P108_ST00226" HPOS="2318" VPOS="2740" WIDTH="102" HEIGHT="37" CONTENT="vor" WC="0.97" CC="016"/>
						<SP ID="P108_SP00202" HPOS="2420" VPOS="2795" WIDTH="33"/>
						<String ID="P108_ST00227" HPOS="2453" VPOS="2717" WIDTH="100" HEIGHT="69" CONTENT="ihr," WC="0.97" CC="5064"/>
						<SP ID="P108_SP00203" HPOS="2553" VPOS="2795" WIDTH="41"/>
						<String ID="P108_ST00228" HPOS="2594" VPOS="2725" WIDTH="80" HEIGHT="52" CONTENT="sie" WC="0.97" CC="025"/>
						<SP ID="P108_SP00204" HPOS="2674" VPOS="2795" WIDTH="31"/>
						<String ID="P108_ST00229" HPOS="2705" VPOS="2716" WIDTH="263" HEIGHT="61" CONTENT="bereitete" WC="0.99" CC="700050020"/>
						<SP ID="P108_SP00205" HPOS="2968" VPOS="2795" WIDTH="32"/>
						<String ID="P108_ST00230" HPOS="3000" VPOS="2715" WIDTH="84" HEIGHT="62" CONTENT="ihr" WC="0.95" CC="560"/>
						<SP ID="P108_SP00206" HPOS="3084" VPOS="2795" WIDTH="38"/>
						<String ID="P108_ST00231" HPOS="3122" VPOS="2724" WIDTH="157" HEIGHT="52" CONTENT="einen" WC="0.97" CC="65206"/>
						<SP ID="P108_SP00207" HPOS="3279" VPOS="2795" WIDTH="32"/>
						<String ID="P108_ST00232" HPOS="3311" VPOS="2712" WIDTH="92" HEIGHT="61" CONTENT="all*" WC="0.97" CC="4404"/>
					</TextLine>
					<TextLine ID="P108_TL00026" HPOS="1186" VPOS="2806" WIDTH="2218" HEIGHT="84">
						<String ID="P108_ST00233" HPOS="1186" VPOS="2820" WIDTH="310" HEIGHT="70" CONTENT="gemeinen," WC="0.99" CC="009043454"/>
						<SP ID="P108_SP00208" HPOS="1496" VPOS="2890" WIDTH="33"/>
						<String ID="P108_ST00234" HPOS="1529" VPOS="2810" WIDTH="375" HEIGHT="78" CONTENT="nachhaltigen" WC="1.00" CC="650700000002"/>
						<SP ID="P108_SP00209" HPOS="1904" VPOS="2890" WIDTH="34"/>
						<String ID="P108_ST00235" HPOS="1938" VPOS="2809" WIDTH="223" HEIGHT="79" CONTENT="Brfolg," WC="0.76" CC="6500004"/>
						<SP ID="P108_SP00210" HPOS="2161" VPOS="2890" WIDTH="34"/>
						<String ID="P108_ST00236" HPOS="2195" VPOS="2811" WIDTH="108" HEIGHT="60" CONTENT="den" WC="0.97" CC="060"/>
						<SP ID="P108_SP00211" HPOS="2303" VPOS="2890" WIDTH="33"/>
						<String ID="P108_ST00237" HPOS="2336" VPOS="2806" WIDTH="216" HEIGHT="82" CONTENT="Tycho," WC="0.65" CC="670024"/>
						<SP ID="P108_SP00212" HPOS="2552" VPOS="2890" WIDTH="40"/>
						<String ID="P108_ST00238" HPOS="2592" VPOS="2818" WIDTH="110" HEIGHT="52" CONTENT="wie" WC="0.99" CC="010"/>
						<SP ID="P108_SP00213" HPOS="2702" VPOS="2890" WIDTH="40"/>
						<String ID="P108_ST00239" HPOS="2742" VPOS="2809" WIDTH="113" HEIGHT="61" CONTENT="ihm" WC="0.99" CC="200"/>
						<SP ID="P108_SP00214" HPOS="2855" VPOS="2890" WIDTH="41"/>
						<String ID="P108_ST00240" HPOS="2896" VPOS="2834" WIDTH="117" HEIGHT="36" CONTENT="nun" WC="1.00" CC="000"/>
						<SP ID="P108_SP00215" HPOS="3013" VPOS="2890" WIDTH="42"/>
						<String ID="P108_ST00241" HPOS="3055" VPOS="2809" WIDTH="197" HEIGHT="70" CONTENT="schien," WC="0.99" CC="0006604"/>
						<SP ID="P108_SP00216" HPOS="3252" VPOS="2890" WIDTH="30"/>
						<String ID="P108_ST00242" HPOS="3282" VPOS="2806" WIDTH="122" HEIGHT="61" CONTENT="Zeit" WC="0.97" CC="0065"/>
					</TextLine>
					<TextLine ID="P108_TL00027" HPOS="1184" VPOS="2897" WIDTH="2220" HEIGHT="77">
						<String ID="P108_ST00243" HPOS="1184" VPOS="2916" WIDTH="183" HEIGHT="52" CONTENT="seines" WC="1.00" CC="000000"/>
						<SP ID="P108_SP00217" HPOS="1367" VPOS="2968" WIDTH="54"/>
						<String ID="P108_ST00244" HPOS="1421" VPOS="2904" WIDTH="224" HEIGHT="61" CONTENT="Lebens" WC="0.98" CC="057540"/>
						<SP ID="P108_SP00218" HPOS="1645" VPOS="2968" WIDTH="56"/>
						<String ID="P108_ST00245" HPOS="1701" VPOS="2913" WIDTH="99" HEIGHT="52" CONTENT="mit" WC="0.96" CC="055"/>
						<SP ID="P108_SP00219" HPOS="1800" VPOS="2968" WIDTH="57"/>
						<String ID="P108_ST00246" HPOS="1857" VPOS="2903" WIDTH="70" HEIGHT="61" CONTENT="all" WC="0.96" CC="074"/>
						<SP ID="P108_SP00220" HPOS="1927" VPOS="2968" WIDTH="56"/>
						<String ID="P108_ST00247" HPOS="1983" VPOS="2912" WIDTH="190" HEIGHT="52" CONTENT="seinen" WC="0.98" CC="021066"/>
						<SP ID="P108_SP00221" HPOS="2173" VPOS="2968" WIDTH="57"/>
						<String ID="P108_ST00248" HPOS="2230" VPOS="2904" WIDTH="336" HEIGHT="70" CONTENT="Mittelchen," WC="1.00" CC="00000007074"/>
						<SP ID="P108_SP00222" HPOS="2566" VPOS="2974" WIDTH="57"/>
						<String ID="P108_ST00249" HPOS="2623" VPOS="2912" WIDTH="99" HEIGHT="51" CONTENT="mit" WC="0.99" CC="001"/>
						<SP ID="P108_SP00223" HPOS="2722" VPOS="2974" WIDTH="56"/>
						<String ID="P108_ST00250" HPOS="2778" VPOS="2912" WIDTH="189" HEIGHT="52" CONTENT="seinen" WC="0.98" CC="006360"/>
						<SP ID="P108_SP00224" HPOS="2967" VPOS="2974" WIDTH="52"/>
						<String ID="P108_ST00251" HPOS="3019" VPOS="2902" WIDTH="231" HEIGHT="71" CONTENT="Qualen" WC="1.00" CC="600000"/>
						<SP ID="P108_SP00225" HPOS="3250" VPOS="2974" WIDTH="49"/>
						<String ID="P108_ST00252" HPOS="3299" VPOS="2897" WIDTH="105" HEIGHT="63" CONTENT="und" WC="0.92" CC="767"/>
					</TextLine>
					<TextLine ID="P108_TL00028" HPOS="1186" VPOS="2996" WIDTH="2219" HEIGHT="80">
						<String ID="P108_ST00253" HPOS="1186" VPOS="2999" WIDTH="680" HEIGHT="77" CONTENT="selbstverleugnerischen" WC="0.87" CC="0000000060050007300004"/>
						<SP ID="P108_SP00226" HPOS="1866" VPOS="3076" WIDTH="49"/>
						<String ID="P108_ST00254" HPOS="1915" VPOS="2997" WIDTH="488" HEIGHT="79" CONTENT="Erniedrigungen" WC="0.99" CC="75450036070005"/>
						<SP ID="P108_SP00227" HPOS="2403" VPOS="3076" WIDTH="50"/>
						<String ID="P108_ST00255" HPOS="2453" VPOS="2997" WIDTH="139" HEIGHT="61" CONTENT="nicht" WC="0.97" CC="06903"/>
						<SP ID="P108_SP00228" HPOS="2592" VPOS="3076" WIDTH="50"/>
						<String ID="P108_ST00256" HPOS="2642" VPOS="2997" WIDTH="185" HEIGHT="61" CONTENT="erzielt" WC="0.98" CC="0664074"/>
						<SP ID="P108_SP00229" HPOS="2827" VPOS="3076" WIDTH="49"/>
						<String ID="P108_ST00257" HPOS="2876" VPOS="2996" WIDTH="169" HEIGHT="62" CONTENT="hatte." WC="0.99" CC="700404"/>
						<SP ID="P108_SP00230" HPOS="3045" VPOS="3076" WIDTH="52"/>
						<String ID="P108_ST00258" HPOS="3097" VPOS="2996" WIDTH="149" HEIGHT="61" CONTENT="Also" WC="0.97" CC="0704"/>
						<SP ID="P108_SP00231" HPOS="3246" VPOS="3076" WIDTH="47"/>
						<String ID="P108_ST00259" HPOS="3293" VPOS="3013" WIDTH="112" HEIGHT="40" CONTENT="war" WC="0.91" CC="986"/>
					</TextLine>
					<TextLine ID="P108_TL00029" HPOS="1184" VPOS="3084" WIDTH="2221" HEIGHT="86">
						<String ID="P108_ST00260" HPOS="1184" VPOS="3093" WIDTH="262" HEIGHT="61" CONTENT="vielleicht" WC="1.00" CC="0000761001"/>
						<SP ID="P108_SP00232" HPOS="1446" VPOS="3154" WIDTH="49"/>
						<String ID="P108_ST00261" HPOS="1495" VPOS="3093" WIDTH="132" HEIGHT="60" CONTENT="alles" WC="0.99" CC="06000"/>
						<SP ID="P108_SP00233" HPOS="1627" VPOS="3154" WIDTH="51"/>
						<String ID="P108_ST00262" HPOS="1678" VPOS="3091" WIDTH="180" HEIGHT="71" CONTENT="falsch," WC="0.99" CC="6450004"/>
						<SP ID="P108_SP00234" HPOS="1858" VPOS="3162" WIDTH="57"/>
						<String ID="P108_ST00263" HPOS="1915" VPOS="3115" WIDTH="122" HEIGHT="37" CONTENT="was" WC="1.00" CC="000"/>
						<SP ID="P108_SP00235" HPOS="2037" VPOS="3162" WIDTH="49"/>
						<String ID="P108_ST00264" HPOS="2086" VPOS="3087" WIDTH="195" HEIGHT="83" CONTENT="Tycho" WC="0.74" CC="60005"/>
						<SP ID="P108_SP00236" HPOS="2281" VPOS="3170" WIDTH="48"/>
						<String ID="P108_ST00265" HPOS="2329" VPOS="3091" WIDTH="185" HEIGHT="61" CONTENT="bisher" WC="0.98" CC="770005"/>
						<SP ID="P108_SP00237" HPOS="2514" VPOS="3170" WIDTH="47"/>
						<String ID="P108_ST00266" HPOS="2561" VPOS="3091" WIDTH="280" HEIGHT="77" CONTENT="getrieben" WC="0.99" CC="003640700"/>
						<SP ID="P108_SP00238" HPOS="2841" VPOS="3170" WIDTH="57"/>
						<String ID="P108_ST00267" HPOS="2898" VPOS="3091" WIDTH="185" HEIGHT="60" CONTENT="hatte?" WC="0.98" CC="634406"/>
						<SP ID="P108_SP00239" HPOS="3083" VPOS="3170" WIDTH="49"/>
						<String ID="P108_ST00268" HPOS="3132" VPOS="3088" WIDTH="147" HEIGHT="63" CONTENT="War" WC="0.97" CC="007"/>
						<SP ID="P108_SP00240" HPOS="3279" VPOS="3170" WIDTH="46"/>
						<String ID="P108_ST00269" HPOS="3325" VPOS="3084" WIDTH="80" HEIGHT="60" CONTENT="die" WC="0.92" CC="956"/>
					</TextLine>
					<TextLine ID="P108_TL00030" HPOS="1184" VPOS="3184" WIDTH="2222" HEIGHT="81">
						<String ID="P108_ST00270" HPOS="1184" VPOS="3210" WIDTH="180" HEIGHT="55" CONTENT="ganze" WC="0.98" CC="00064"/>
						<SP ID="P108_SP00241" HPOS="1364" VPOS="3265" WIDTH="40"/>
						<String ID="P108_ST00271" HPOS="1404" VPOS="3186" WIDTH="193" HEIGHT="61" CONTENT="Folter" WC="0.99" CC="340420"/>
						<SP ID="P108_SP00242" HPOS="1597" VPOS="3265" WIDTH="39"/>
						<String ID="P108_ST00272" HPOS="1636" VPOS="3194" WIDTH="179" HEIGHT="52" CONTENT="seiner" WC="0.99" CC="000007"/>
						<SP ID="P108_SP00243" HPOS="1815" VPOS="3265" WIDTH="38"/>
						<String ID="P108_ST00273" HPOS="1853" VPOS="3185" WIDTH="202" HEIGHT="77" CONTENT="klugen" WC="0.99" CC="076000"/>
						<SP ID="P108_SP00244" HPOS="2055" VPOS="3265" WIDTH="33"/>
						<String ID="P108_ST00274" HPOS="2088" VPOS="3185" WIDTH="433" HEIGHT="77" CONTENT="Verstellungen" WC="1.00" CC="0030060740060"/>
						<SP ID="P108_SP00245" HPOS="2521" VPOS="3265" WIDTH="41"/>
						<String ID="P108_ST00275" HPOS="2562" VPOS="3208" WIDTH="99" HEIGHT="54" CONTENT="gar" WC="0.97" CC="006"/>
						<SP ID="P108_SP00246" HPOS="2661" VPOS="3265" WIDTH="32"/>
						<String ID="P108_ST00276" HPOS="2693" VPOS="3184" WIDTH="344" HEIGHT="77" CONTENT="überflüssig," WC="0.99" CC="070600000604"/>
						<SP ID="P108_SP00247" HPOS="3037" VPOS="3265" WIDTH="34"/>
						<String ID="P108_ST00277" HPOS="3071" VPOS="3192" WIDTH="212" HEIGHT="51" CONTENT="unnütz" WC="0.98" CC="270016"/>
						<SP ID="P108_SP00248" HPOS="3283" VPOS="3265" WIDTH="29"/>
						<String ID="P108_ST00278" HPOS="3312" VPOS="3201" WIDTH="94" HEIGHT="55" CONTENT="ge*" WC="0.96" CC="064"/>
					</TextLine>
					<TextLine ID="P108_TL00031" HPOS="1184" VPOS="3275" WIDTH="2221" HEIGHT="80">
						<String ID="P108_ST00279" HPOS="1184" VPOS="3279" WIDTH="226" HEIGHT="62" CONTENT="wesen?" WC="0.99" CC="000406"/>
						<SP ID="P108_SP00249" HPOS="1410" VPOS="3341" WIDTH="38"/>
						<String ID="P108_ST00280" HPOS="1448" VPOS="3279" WIDTH="207" HEIGHT="61" CONTENT="Mußte" WC="0.98" CC="06450"/>
						<SP ID="P108_SP00250" HPOS="1655" VPOS="3341" WIDTH="41"/>
						<String ID="P108_ST00281" HPOS="1696" VPOS="3302" WIDTH="58" HEIGHT="36" CONTENT="er" WC="0.66" CC="06"/>
						<SP ID="P108_SP00251" HPOS="1754" VPOS="3341" WIDTH="40"/>
						<String ID="P108_ST00282" HPOS="1794" VPOS="3286" WIDTH="99" HEIGHT="52" CONTENT="mit" WC="0.96" CC="035"/>
						<SP ID="P108_SP00252" HPOS="1893" VPOS="3341" WIDTH="38"/>
						<String ID="P108_ST00283" HPOS="1931" VPOS="3288" WIDTH="191" HEIGHT="52" CONTENT="seinen" WC="0.99" CC="004405"/>
						<SP ID="P108_SP00253" HPOS="2122" VPOS="3341" WIDTH="41"/>
						<String ID="P108_ST00284" HPOS="2163" VPOS="3278" WIDTH="598" HEIGHT="77" CONTENT="Lebenserfahrungen" WC="1.00" CC="16060006506704040"/>
						<SP ID="P108_SP00254" HPOS="2761" VPOS="3355" WIDTH="43"/>
						<String ID="P108_ST00285" HPOS="2804" VPOS="3286" WIDTH="54" HEIGHT="51" CONTENT="in" WC="0.67" CC="60"/>
						<SP ID="P108_SP00255" HPOS="2858" VPOS="3355" WIDTH="35"/>
						<String ID="P108_ST00286" HPOS="2893" VPOS="3278" WIDTH="145" HEIGHT="59" CONTENT="alten" WC="1.00" CC="00000"/>
						<SP ID="P108_SP00256" HPOS="3038" VPOS="3355" WIDTH="33"/>
						<String ID="P108_ST00287" HPOS="3071" VPOS="3275" WIDTH="196" HEIGHT="79" CONTENT="Jahren" WC="0.99" CC="660000"/>
						<SP ID="P108_SP00257" HPOS="3267" VPOS="3355" WIDTH="32"/>
						<String ID="P108_ST00288" HPOS="3299" VPOS="3292" WIDTH="106" HEIGHT="41" CONTENT="von" WC="0.98" CC="050"/>
					</TextLine>
					<TextLine ID="P108_TL00032" HPOS="1186" VPOS="3372" WIDTH="1395" HEIGHT="78">
						<String ID="P108_ST00289" HPOS="1186" VPOS="3397" WIDTH="178" HEIGHT="38" CONTENT="vorne" WC="0.98" CC="04705"/>
						<SP ID="P108_SP00258" HPOS="1364" VPOS="3435" WIDTH="41"/>
						<String ID="P108_ST00290" HPOS="1405" VPOS="3372" WIDTH="281" HEIGHT="78" CONTENT="anfangen" WC="0.99" CC="50600000"/>
						<SP ID="P108_SP00259" HPOS="1686" VPOS="3450" WIDTH="40"/>
						<String ID="P108_ST00291" HPOS="1726" VPOS="3380" WIDTH="109" HEIGHT="52" CONTENT="wie" WC="0.96" CC="063"/>
						<SP ID="P108_SP00260" HPOS="1835" VPOS="3450" WIDTH="41"/>
						<String ID="P108_ST00292" HPOS="1876" VPOS="3380" WIDTH="88" HEIGHT="52" CONTENT="ein" WC="1.00" CC="000"/>
						<SP ID="P108_SP00261" HPOS="1964" VPOS="3450" WIDTH="42"/>
						<String ID="P108_ST00293" HPOS="2006" VPOS="3372" WIDTH="204" HEIGHT="60" CONTENT="kleines" WC="0.98" CC="0765600"/>
						<SP ID="P108_SP00262" HPOS="2210" VPOS="3450" WIDTH="42"/>
						<String ID="P108_ST00294" HPOS="2252" VPOS="3372" WIDTH="188" HEIGHT="60" CONTENT="Kind?" WC="0.99" CC="05000"/>
						<SP ID="P108_SP00263" HPOS="2440" VPOS="3450" WIDTH="36"/>
						<String ID="P108_ST00295" HPOS="2476" VPOS="3421" WIDTH="10" HEIGHT="11" CONTENT="," WC="0.63" CC="3"/>
						<SP ID="P108_SP00264" HPOS="2486" VPOS="3450" WIDTH="38"/>
						<String ID="P108_ST00296" HPOS="2524" VPOS="3421" WIDTH="10" HEIGHT="13" CONTENT="," WC="0.59" CC="4"/>
						<SP ID="P108_SP00265" HPOS="2534" VPOS="3450" WIDTH="37"/>
						<String ID="P108_ST00297" HPOS="2571" VPOS="3420" WIDTH="10" HEIGHT="12" CONTENT="," WC="0.62" CC="3"/>
					</TextLine>
					<TextLine ID="P108_TL00033" HPOS="1264" VPOS="3455" WIDTH="2137" HEIGHT="87">
						<String ID="P108_ST00298" HPOS="1264" VPOS="3467" WIDTH="61" HEIGHT="59" CONTENT="In" WC="0.44" CC="46"/>
						<SP ID="P108_SP00266" HPOS="1325" VPOS="3526" WIDTH="42"/>
						<String ID="P108_ST00299" HPOS="1367" VPOS="3465" WIDTH="190" HEIGHT="61" CONTENT="diesen" WC="1.00" CC="060000"/>
						<SP ID="P108_SP00267" HPOS="1557" VPOS="3526" WIDTH="41"/>
						<String ID="P108_ST00300" HPOS="1598" VPOS="3460" WIDTH="197" HEIGHT="82" CONTENT="Tagen" WC="0.98" CC="05060"/>
						<SP ID="P108_SP00268" HPOS="1795" VPOS="3542" WIDTH="42"/>
						<String ID="P108_ST00301" HPOS="1837" VPOS="3465" WIDTH="181" HEIGHT="60" CONTENT="weilte" WC="0.99" CC="053040"/>
						<SP ID="P108_SP00269" HPOS="2018" VPOS="3542" WIDTH="50"/>
						<String ID="P108_ST00302" HPOS="2068" VPOS="3465" WIDTH="169" HEIGHT="60" CONTENT="kurze" WC="0.98" CC="06600"/>
						<SP ID="P108_SP00270" HPOS="2237" VPOS="3542" WIDTH="39"/>
						<String ID="P108_ST00303" HPOS="2276" VPOS="3465" WIDTH="132" HEIGHT="60" CONTENT="Zeit" WC="0.99" CC="0013"/>
						<SP ID="P108_SP00271" HPOS="2408" VPOS="3542" WIDTH="51"/>
						<String ID="P108_ST00304" HPOS="2459" VPOS="3464" WIDTH="133" HEIGHT="61" CONTENT="auch" WC="0.97" CC="0607"/>
						<SP ID="P108_SP00272" HPOS="2592" VPOS="3542" WIDTH="51"/>
						<String ID="P108_ST00305" HPOS="2643" VPOS="3473" WIDTH="88" HEIGHT="52" CONTENT="ein" WC="0.98" CC="006"/>
						<SP ID="P108_SP00273" HPOS="2731" VPOS="3542" WIDTH="49"/>
						<String ID="P108_ST00306" HPOS="2780" VPOS="3462" WIDTH="378" HEIGHT="80" CONTENT="kriegerischer" WC="0.99" CC="0640066200006"/>
						<SP ID="P108_SP00274" HPOS="3158" VPOS="3542" WIDTH="45"/>
						<String ID="P108_ST00307" HPOS="3203" VPOS="3455" WIDTH="198" HEIGHT="66" CONTENT="Besuch" WC="0.98" CC="050507" STYLEREFS="TXT_3"/>
					</TextLine>
					<TextLine ID="P108_TL00034" HPOS="1188" VPOS="3554" WIDTH="2215" HEIGHT="68">
						<String ID="P108_ST00308" HPOS="1188" VPOS="3561" WIDTH="106" HEIGHT="61" CONTENT="auf" WC="0.98" CC="005"/>
						<SP ID="P108_SP00275" HPOS="1294" VPOS="3622" WIDTH="33"/>
						<String ID="P108_ST00309" HPOS="1327" VPOS="3559" WIDTH="197" HEIGHT="63" CONTENT="Schloß" WC="0.99" CC="300040"/>
						<SP ID="P108_SP00276" HPOS="1524" VPOS="3622" WIDTH="50"/>
						<String ID="P108_ST00310" HPOS="1574" VPOS="3558" WIDTH="260" HEIGHT="62" CONTENT="Benatek." WC="0.86" CC="00406000"/>
						<SP ID="P108_SP00277" HPOS="1834" VPOS="3622" WIDTH="50"/>
						<String ID="P108_ST00311" HPOS="1884" VPOS="3559" WIDTH="86" HEIGHT="60" CONTENT="Es" WC="0.63" CC="70"/>
						<SP ID="P108_SP00278" HPOS="1970" VPOS="3622" WIDTH="48"/>
						<String ID="P108_ST00312" HPOS="2018" VPOS="3582" WIDTH="124" HEIGHT="37" CONTENT="war" WC="1.00" CC="000"/>
						<SP ID="P108_SP00279" HPOS="2142" VPOS="3622" WIDTH="49"/>
						<String ID="P108_ST00313" HPOS="2191" VPOS="3561" WIDTH="98" HEIGHT="58" CONTENT="der" WC="0.98" CC="050"/>
						<SP ID="P108_SP00280" HPOS="2289" VPOS="3622" WIDTH="47"/>
						<String ID="P108_ST00314" HPOS="2336" VPOS="3559" WIDTH="334" HEIGHT="61" CONTENT="Feldoberst" WC="0.99" CC="4000476705"/>
						<SP ID="P108_SP00281" HPOS="2670" VPOS="3622" WIDTH="39"/>
						<String ID="P108_ST00315" HPOS="2709" VPOS="3558" WIDTH="267" HEIGHT="61" CONTENT="Albrecht" WC="0.67" CC="60065070"/>
						<SP ID="P108_SP00282" HPOS="2976" VPOS="3622" WIDTH="39"/>
						<String ID="P108_ST00316" HPOS="3015" VPOS="3554" WIDTH="243" HEIGHT="63" CONTENT="Wenzel" WC="1.00" CC="000230"/>
						<SP ID="P108_SP00283" HPOS="3258" VPOS="3622" WIDTH="38"/>
						<String ID="P108_ST00317" HPOS="3296" VPOS="3572" WIDTH="107" HEIGHT="41" CONTENT="von" WC="0.97" CC="061"/>
					</TextLine>
					<TextLine ID="P108_TL00035" HPOS="1186" VPOS="3650" WIDTH="2220" HEIGHT="81">
						<String ID="P108_ST00318" HPOS="1186" VPOS="3653" WIDTH="343" HEIGHT="72" CONTENT="Waldstein," WC="1.00" CC="0070000004"/>
						<SP ID="P108_SP00284" HPOS="1529" VPOS="3725" WIDTH="42"/>
						<String ID="P108_ST00319" HPOS="1571" VPOS="3662" WIDTH="88" HEIGHT="52" CONTENT="ein" WC="0.97" CC="440"/>
						<SP ID="P108_SP00285" HPOS="1659" VPOS="3725" WIDTH="41"/>
						<String ID="P108_ST00320" HPOS="1700" VPOS="3670" WIDTH="146" HEIGHT="44" CONTENT="trotz" WC="0.99" CC="06200"/>
						<SP ID="P108_SP00286" HPOS="1846" VPOS="3725" WIDTH="39"/>
						<String ID="P108_ST00321" HPOS="1885" VPOS="3661" WIDTH="179" HEIGHT="53" CONTENT="seiner" WC="0.98" CC="065006"/>
						<SP ID="P108_SP00287" HPOS="2064" VPOS="3725" WIDTH="39"/>
						<String ID="P108_ST00322" HPOS="2103" VPOS="3652" WIDTH="215" HEIGHT="79" CONTENT="Jugend" WC="0.99" CC="630000"/>
						<SP ID="P108_SP00288" HPOS="2318" VPOS="3731" WIDTH="32"/>
						<String ID="P108_ST00323" HPOS="2350" VPOS="3651" WIDTH="420" HEIGHT="79" CONTENT="ungewöhnlich" WC="1.00" CC="200003600007"/>
						<SP ID="P108_SP00289" HPOS="2770" VPOS="3731" WIDTH="42"/>
						<String ID="P108_ST00324" HPOS="2812" VPOS="3650" WIDTH="283" HEIGHT="71" CONTENT="ernsthaft," WC="0.99" CC="0640600334"/>
						<SP ID="P108_SP00290" HPOS="3095" VPOS="3731" WIDTH="49"/>
						<String ID="P108_ST00325" HPOS="3144" VPOS="3659" WIDTH="54" HEIGHT="67" CONTENT="ja" WC="0.62" CC="70"/>
						<SP ID="P108_SP00291" HPOS="3198" VPOS="3731" WIDTH="42"/>
						<String ID="P108_ST00326" HPOS="3240" VPOS="3653" WIDTH="166" HEIGHT="68" CONTENT="maje*" WC="0.82" CC="00404"/>
					</TextLine>
					<TextLine ID="P108_TL00036" HPOS="1188" VPOS="3736" WIDTH="2220" HEIGHT="86">
						<String ID="P108_ST00327" HPOS="1188" VPOS="3747" WIDTH="216" HEIGHT="61" CONTENT="stätisch" WC="0.94" CC="04000000"/>
						<SP ID="P108_SP00292" HPOS="1404" VPOS="3808" WIDTH="40"/>
						<String ID="P108_ST00328" HPOS="1444" VPOS="3747" WIDTH="306" HEIGHT="61" CONTENT="blickender" WC="0.99" CC="7030755077"/>
						<SP ID="P108_SP00293" HPOS="1750" VPOS="3808" WIDTH="40"/>
						<String ID="P108_ST00329" HPOS="1790" VPOS="3747" WIDTH="205" HEIGHT="72" CONTENT="Mann," WC="0.97" CC="80544"/>
						<SP ID="P108_SP00294" HPOS="1995" VPOS="3819" WIDTH="44"/>
						<String ID="P108_ST00330" HPOS="2039" VPOS="3746" WIDTH="97" HEIGHT="61" CONTENT="der" WC="0.97" CC="006"/>
						<SP ID="P108_SP00295" HPOS="2136" VPOS="3819" WIDTH="40"/>
						<String ID="P108_ST00331" HPOS="2176" VPOS="3746" WIDTH="162" HEIGHT="61" CONTENT="nebst" WC="0.99" CC="00004"/>
						<SP ID="P108_SP00296" HPOS="2338" VPOS="3819" WIDTH="38"/>
						<String ID="P108_ST00332" HPOS="2376" VPOS="3755" WIDTH="211" HEIGHT="52" CONTENT="seinem" WC="0.99" CC="062000"/>
						<SP ID="P108_SP00297" HPOS="2587" VPOS="3819" WIDTH="33"/>
						<String ID="P108_ST00333" HPOS="2620" VPOS="3742" WIDTH="510" HEIGHT="80" CONTENT="Kriegshandwerk" WC="1.00" CC="06300060500060"/>
						<SP ID="P108_SP00298" HPOS="3130" VPOS="3822" WIDTH="34"/>
						<String ID="P108_ST00334" HPOS="3164" VPOS="3741" WIDTH="131" HEIGHT="61" CONTENT="auch" WC="0.97" CC="6007"/>
						<SP ID="P108_SP00299" HPOS="3295" VPOS="3822" WIDTH="33"/>
						<String ID="P108_ST00335" HPOS="3328" VPOS="3736" WIDTH="80" HEIGHT="60" CONTENT="die" WC="0.92" CC="766"/>
					</TextLine>
					<TextLine ID="P108_TL00037" HPOS="1190" VPOS="3826" WIDTH="2214" HEIGHT="75">
						<String ID="P108_ST00336" HPOS="1190" VPOS="3840" WIDTH="286" HEIGHT="61" CONTENT="Alchemie" WC="0.99" CC="66004036"/>
						<SP ID="P108_SP00300" HPOS="1476" VPOS="3901" WIDTH="41"/>
						<String ID="P108_ST00337" HPOS="1517" VPOS="3840" WIDTH="118" HEIGHT="60" CONTENT="und" WC="0.96" CC="540"/>
						<SP ID="P108_SP00301" HPOS="1635" VPOS="3901" WIDTH="39"/>
						<String ID="P108_ST00338" HPOS="1674" VPOS="3839" WIDTH="464" HEIGHT="61" CONTENT="Himmelskunde" WC="1.00" CC="500057006000"/>
						<SP ID="P108_SP00302" HPOS="2138" VPOS="3901" WIDTH="39"/>
						<String ID="P108_ST00339" HPOS="2177" VPOS="3848" WIDTH="99" HEIGHT="52" CONTENT="mit" WC="1.00" CC="000"/>
						<SP ID="P108_SP00303" HPOS="2276" VPOS="3901" WIDTH="40"/>
						<String ID="P108_ST00340" HPOS="2316" VPOS="3840" WIDTH="201" HEIGHT="60" CONTENT="vielem" WC="0.97" CC="043656"/>
						<SP ID="P108_SP00304" HPOS="2517" VPOS="3901" WIDTH="47"/>
						<String ID="P108_ST00341" HPOS="2564" VPOS="3838" WIDTH="163" HEIGHT="61" CONTENT="Eifer" WC="0.98" CC="70500"/>
						<SP ID="P108_SP00305" HPOS="2727" VPOS="3901" WIDTH="48"/>
						<String ID="P108_ST00342" HPOS="2775" VPOS="3836" WIDTH="282" HEIGHT="61" CONTENT="studierte." WC="0.99" CC="0200455402"/>
						<SP ID="P108_SP00306" HPOS="3057" VPOS="3901" WIDTH="51"/>
						<String ID="P108_ST00343" HPOS="3108" VPOS="3835" WIDTH="86" HEIGHT="61" CONTENT="Er" WC="0.29" CC="76"/>
						<SP ID="P108_SP00307" HPOS="3194" VPOS="3901" WIDTH="46"/>
						<String ID="P108_ST00344" HPOS="3240" VPOS="3826" WIDTH="164" HEIGHT="67" CONTENT="besah" WC="0.97" CC="76007"/>
					</TextLine>
					<TextLine ID="P108_TL00038" HPOS="1190" VPOS="3928" WIDTH="2211" HEIGHT="82">
						<String ID="P108_ST00345" HPOS="1190" VPOS="3932" WIDTH="89" HEIGHT="59" CONTENT="die" WC="0.96" CC="036"/>
						<SP ID="P108_SP00308" HPOS="1279" VPOS="3991" WIDTH="40"/>
						<String ID="P108_ST00346" HPOS="1319" VPOS="3933" WIDTH="299" HEIGHT="77" CONTENT="Apparate" WC="0.99" CC="60034030"/>
						<SP ID="P108_SP00309" HPOS="1618" VPOS="4010" WIDTH="40"/>
						<String ID="P108_ST00347" HPOS="1658" VPOS="3929" WIDTH="224" HEIGHT="81" CONTENT="Tychos" WC="0.82" CC="000720"/>
						<SP ID="P108_SP00310" HPOS="1882" VPOS="4010" WIDTH="58"/>
						<String ID="P108_ST00348" HPOS="1940" VPOS="3957" WIDTH="105" HEIGHT="37" CONTENT="nur" WC="0.96" CC="046"/>
						<SP ID="P108_SP00311" HPOS="2045" VPOS="4010" WIDTH="57"/>
						<String ID="P108_ST00349" HPOS="2102" VPOS="3932" WIDTH="197" HEIGHT="62" CONTENT="schnell" WC="0.98" CC="0075450"/>
						<SP ID="P108_SP00312" HPOS="2299" VPOS="4010" WIDTH="55"/>
						<String ID="P108_ST00350" HPOS="2354" VPOS="3932" WIDTH="116" HEIGHT="61" CONTENT="und" WC="0.96" CC="650"/>
						<SP ID="P108_SP00313" HPOS="2470" VPOS="4010" WIDTH="49"/>
						<String ID="P108_ST00351" HPOS="2519" VPOS="3932" WIDTH="175" HEIGHT="61" CONTENT="stellte" WC="0.99" CC="0134700"/>
						<SP ID="P108_SP00314" HPOS="2694" VPOS="4010" WIDTH="50"/>
						<String ID="P108_ST00352" HPOS="2744" VPOS="3929" WIDTH="149" HEIGHT="61" CONTENT="dann" WC="1.00" CC="0000"/>
						<SP ID="P108_SP00315" HPOS="2893" VPOS="4010" WIDTH="50"/>
						<String ID="P108_ST00353" HPOS="2943" VPOS="3928" WIDTH="169" HEIGHT="61" CONTENT="kurze" WC="0.99" CC="00600"/>
						<SP ID="P108_SP00316" HPOS="3112" VPOS="4010" WIDTH="48"/>
						<String ID="P108_ST00354" HPOS="3160" VPOS="3929" WIDTH="241" HEIGHT="60" CONTENT="unzwei*" WC="0.49" CC="6660644"/>
					</TextLine>
				</TextBlock>
			</PrintSpace>
		</Page>
	</Layout>
</alto>
