3542 4572
891 517 132 48 Max
1219 518 151 49 Brod
1380 544 8 10 •
1607 518 157 63 Bgcßo
1435 526 140 48 Braß
1576 545 49 32 es
1659 528 113 64 Weg
1805 550 68 31 zu
1910 532 125 50 Gott

2484 537 95 50 639

357 717 108 54 rein
505 705 111 61 und
656 704 263 77 glücklich.
963 704 113 61 Ein
1119 715 177 54 reiner
1335 709 201 80 Engel,
1582 717 162 62 Aber
1785 728 70 53 ist
1895 745 59 36 er
1994 745 60 38 es
2096 723 265 61 wirklich?
2401 724 75 63 Ist
2516 751 60 37 er

356 797 252 66 vielmehr
646 797 137 59 nicht
822 818 263 54 grausam
1126 801 354 66 mitleidslos?
1521 807 114 62 Ein
1669 811 174 62 Wort
1874 839 115 36 von
2032 816 113 59 ihm
2186 816 210 62 könnte
2436 821 134 60 midh

357 916 94 38 aus
497 891 136 59 allen
675 889 274 60 Zweifeln
1000 908 187 56 retten,
1237 895 209 64 könnte
1485 911 111 52 wie
1646 907 386 75 erquickender
2071 910 193 77 Regen
2316 921 54 51 in
2422 924 146 51 mein

355 985 297 62 verdorrtes
684 982 153 60 Herz
878 983 267 78 schlagen,
1187 986 208 65 könnte
1429 992 132 63 alles
1596 997 242 74 Unedle,
1872 1001 503 65 Widernatürliche
2408 1030 162 55 weg*

352 1079 367 61 schwemmen.
770 1075 164 61 Aber
982 1077 181 63 dieses
1212 1090 123 52 eine
1376 1084 190 76 Wort,
1725 1093 102 61 das
1874 1096 195 75 spricht
2120 1121 59 36 er
2227 1099 142 61 eben
2412 1102 156 69 nicht,

354 1194 87 38 um
486 1169 188 60 keinen
723 1170 149 60 Preis
920 1173 194 73 spricht
1161 1197 60 38 er
1269 1199 76 49 es,
1395 1179 102 62 das
1546 1192 151 53 wäre
1744 1209 74 39 zu
1866 1190 107 60 viel
2031 1190 88 61 für
2176 1193 113 70 ihn,
2339 1216 73 38 zu
2463 1218 72 38 an-

350 1262 280 76 strengend
785 1262 148 61 haha
1089 1264 91 61 für
1218 1278 219 53 meinen
1472 1274 345 76 Benjamin.«

422 1356 64 59 \i>
503 1378 103 37 enn
660 1352 188 78 Tycho
905 1357 221 77 ruhiger
1182 1364 351 74 nacndachte,
1590 1392 67 38 so
1712 1375 187 61 wußte
1958 1400 58 37 er
2065 1380 277 76 eigentlich
2392 1382 173 62 selbst

350 1448 143 70 nicht,
533 1470 119 37 was
691 1448 91 59 für
813 1457 87 51 ein
943 1450 317 66 erlösendes
1293 1456 169 63 Wort
1503 1461 100 61 das
1645 1488 135 48 war,
1823 1467 102 61 das
1966 1493 59 37 er
2064 1495 115 37 von
2220 1472 210 79 Kepler
2471 1499 62 37 er-

348 1556 229 43 wartete.
627 1540 163 61 Oder
837 1543 191 61 wußte
1079 1569 58 35 er
1185 1570 60 37 es
1295 1550 135 61 doch
1481 1555 116 58 und
1637 1557 188 63 wollte
1866 1583 60 38 es
1966 1564 106 59 sich
2114 1589 105 37 nur
2259 1568 140 61 nicht
2439 1578 124 52 ein—

346 1634 245 76 gestehen
604 1631 23 61 ?
782 1634 207 63 Gewiß
1047 1662 122 36 war
1223 1650 80 66 ja,
1362 1644 109 62 daß
1521 1646 208 80 Kepler
1785 1653 138 61 allen
1971 1660 371 75 prinzipiellen
2392 1662 127 61 Aus-

347 1726 551 79 einandersetzungen
949 1730 136 61 über
1135 1733 88 61 die
1264 1735 258 64 obersten
1565 1740 222 80 Fragen
1837 1748 98 60 des
2420 1780 137 37 aus—

345 1818 293 61 zuweichen
672 1820 195 63 schien.
903 1822 167 62 Noch
1103 1829 230 60 niemals
1366 1831 152 62 hatte
1545 1857 59 37 er
1636 1838 149 60 offen
1818 1848 151 54 seine
1993 1842 400 82 Zustimmung
2425 1872 132 37 zum

346 1905 396 80 Tychonischen
785 1913 229 76 System
1056 1921 378 76 ausgedrückt.
1481 1926 143 61 War
1663 1930 101 61 das
1806 1931 164 79 kluge
1994 1935 261 63 Vorsicht
2295 1941 138 60 oder
2466 1951 87 51 ein

341 2003 209 60 Zufall?
587 2004 165 63 Alles
794 2007 131 80 hing
966 2035 113 37 von
1122 2013 99 61 der
1259 2016 443 84 Beantwortung
1743 2025 176 62 dieser
1959 2029 183 77 Frage
2185 2032 90 72 ab,
2317 2034 89 61 die
2448 2038 104 58 sich

340 2091 180 80 Tycho
567 2098 79 59 oft
696 2121 186 57 genug
931 2105 117 58 und
1098 2106 165 61 schon
1315 2119 96 51 mit
1453 2121 146 52 einer
1639 2125 272 66 gewissen
1954 2120 355 81 Erbitterung
2358 2128 191 62 stellte.

337 2186 135 60 Nun
511 2189 141 62 hatte
695 2215 59 37 er
793 2194 141 61 eben
969 2217 277 53 erwartet,
1281 2203 108 59 daß
1423 2205 208 78 Kepler
1663 2217 53 52 in
1751 2210 96 60 der
1879 2217 432 73 versprochenen
2346 2220 174 61 Streit-

334 2281 162 60 schrift
541 2307 174 53 gegen
766 2288 107 61 den
917 2289 188 63 Ursus
1155 2293 185 63 Farbe
1390 2299 288 62 bekennen
1720 2305 210 61 würde.
1983 2307 140 63 Und
2163 2313 139 60 nicht
2340 2316 207 62 zuletzt

333 2372 214 62 deshalb
587 2377 233 63 brannte
862 2405 58 36 er
959 2407 68 37 so
1060 2385 127 61 sehr
1220 2388 217 74 darauf,
1471 2393 88 60 die
1593 2393 188 64 Schrift
1822 2397 157 79 fertig
2010 2424 72 36 zu
2116 2403 184 63 sehen.
2332 2407 212 78 Kepler

332 2488 122 37 aoer
500 2468 141 62 hatte
689 2474 254 61 offenbar
983 2477 158 62 keine
1182 2481 142 62 Eile.
1368 2483 85 61 Er
1495 2487 283 62 erwähnte
1819 2491 86 60 die
1949 2492 188 64 Schrift
2177 2499 139 59 nicht
2364 2502 174 71 mehr.

331 2575 134 44 Batte
510 2570 77 53 sie
635 2566 260 62 vielleicht
943 2571 166 61 schon
1159 2598 144 52 ganz
1352 2601 312 54 vergessen.
1715 2582 121 61 Am
1878 2585 167 62 Ende
2092 2589 159 61 sollte
2300 2591 240 79 Keplers

329 2648 301 83 Sdiweigen
688 2661 137 60 über
882 2662 188 64 diesen
1128 2667 468 82 allerwichtigsten
1646 2675 183 61 Punkt
1885 2681 367 73 ausdrücken,
2311 2686 109 61 daß
2481 2712 59 38 er

328 2744 213 63 wirklich
591 2759 97 52 mit
742 2755 179 75 lycho
972 2759 141 61 nicht
1152 2761 499 66 übereinstimmte?
1692 2768 182 62 Wäre
1925 2796 58 38 es
2032 2774 149 61 dann
2224 2777 134 61 aber
2397 2783 141 60 nicht

326 2833 506 74 freundschaftlicher
869 2872 281 53 gewesen,
1193 2854 117 61 dies
1350 2857 148 61 offen
1541 2859 466 81 herauszusagen,
2049 2867 107 61 den
2191 2868 231 65 Freund
2462 2897 73 37 zu

323 2927 240 66 beiehren
576 2934 21 60 ?
637 2932 213 82 Tycho,
886 2944 97 59 der
1023 2946 145 61 nahe
1209 2948 176 61 daran
1427 2975 134 48 war,
1603 2962 117 51 sein
1761 2980 207 52 ganzes
2006 2958 300 82 bisheriges
2337 2965 196 63 Leben

324 3018 78 62 für
434 3033 151 55 einen
621 3040 265 71 einzigen,
928 3040 208 73 großen
1173 3041 194 62 Irrtum
1408 3067 72 37 zu
1522 3047 201 71 halten,
1766 3048 145 63 hätte
1951 3052 104 60 sich
2096 3078 135 53 gern
2272 3057 261 64 belehren

322 3112 12 58 l
340 3136 53 37 as
397 3139 106 39 sen.
540 3120 134 63 Nur
705 3127 167 61 reden
905 3132 161 60 sollte
1091 3134 226 76 Kepler,
1353 3135 272 81 freimütig
1658 3142 184 63 reden.
1880 3144 111 61 Die
2017 3145 301 66 Wahrheit
2342 3155 192 61 mußte

320 3207 124 60 Gok
482 3212 287 66 schließlich
811 3230 208 69 siegen,
1069 3226 115 59 und
1226 3252 104 35 nur
1372 3230 105 58 auf
1510 3231 87 60 die
1637 3231 299 65 Wahrheit
1975 3236 129 63 kam
2147 3264 59 37 es
2246 3266 91 48 an,
2389 3248 141 60 nicht

318 3330 84 28 «ui
444 3300 186 80 Tycno
680 3313 136 59 oder
855 3315 306 78 Kepler,,.
1203 3327 81 54 So
1336 3323 158 59 raffte
1544 3325 104 59 sich
1691 3321 188 82 Tycho
1919 3332 209 61 wieder
2166 3358 100 37 zur
2308 3361 220 52 ganzen

326 3413 12 5 '
374 3393 100 63 ohe
528 3409 179 56 seines
761 3409 211 75 großen
1033 3410 229 64 Geistes
1319 3438 205 55 empor.
1582 3418 86 60 Er
1715 3443 121 37 war
1890 3422 188 75 bereit,
2129 3437 117 52 sein
2297 3431 229 77 System

337 3484 128 64 a^en
506 3515 70 38 2U
616 3495 202 75 Essen,
860 3525 167 39 wenn
1061 3504 209 79 Kepler
1310 3507 91 61 ihn
1444 3518 149 52 eines
1626 3512 268 62 Besseren
1935 3517 271 74 belehrte,-
2246 3546 60 37 er
2337 3527 191 61 wollte

313 3596 121 52 gern
474 3593 112 54 sein
620 3588 379 67 Lebenswerk
1029 3621 116 37 von
1185 3622 178 39 vorne
1405 3603 116 60 und
1552 3603 80 61 als
1667 3605 221 63 Schüler
1919 3620 181 53 seines
2133 3614 250 64 Schülers
2419 3644 70 37 an-

314 3689 198 58 iangen.
554 3678 136 64 Nur
729 3686 256 62 Klarheit
1024 3690 159 61 sollte
1225 3692 75 60 da
1338 3704 136 62 sein,
1517 3699 138 59 nicht
1688 3699 181 63 dieses
1908 3701 434 81 beängstigende
2369 3711 130 64 Still-

310 3761 286 84 schweigen
638 3776 137 62 über
808 3780 107 61 den
949 3784 450 79 grundlegenden
1436 3788 325 78 Gegensatz
1800 3798 269 61 zwischen
2104 3800 165 63 ihnen
2303 3803 221 76 beiden,

310 3859 110 68 das,
464 3871 105 54 wie
616 3869 92 61 ihn
757 3882 131 64 jetzt
929 3876 350 79 nachträglich
1320 3880 301 75 bedünkte,
1663 3885 82 61 ihr
1780 3887 325 67 Verhältnis
2153 3920 135 36 vom
2337 3918 184 46 ersten

308 3949 331 76 Augenblick
681 3987 71 37 an
793 3969 221 75 getrübt
1055 3969 161 65 hatte.
1260 3973 60 61 In
1362 3977 322 62 sündhafter
1715 3979 458 85 Zurückhaltung
2214 3991 187 63 hatten
2443 4005 81 52 sie
