3671 4572
1825 537 225 48 Kasimir
2330 536 43 49 Edsdömid
2374 561 56 10 •
2431 537 193 59 Yousouj

1100 537 102 48 588

1109 748 123 37 was
1283 734 55 51 in
1378 733 183 51 meine
1602 723 220 60 Fäuste
1870 723 87 61 Fiel
2007 723 118 60 und
2173 723 196 78 kräftig
2416 748 123 36 war
2567 773 10 11 ,
2609 773 11 12 ,
2653 773 11 11 ,
2716 723 303 72 Zuhälter,
3070 727 276 63 arabische

1108 817 324 70 Matrosen,
1475 816 115 61 drei
1632 815 342 62 hünenhafte
2013 816 341 63 Priester..,
2392 817 119 61 und
2543 817 110 61 daß
2688 818 75 60 ich
2799 817 195 62 fahren
3028 820 199 61 würde
3260 821 86 63 die

1109 911 189 61 Nacht
1439 933 69 36 so
1550 908 141 61 oder
1729 933 85 38 so.

1187 1004 97 59 Da
1325 1002 227 61 lächelte
1595 1025 60 38 er
1696 1004 213 61 wieder
1951 1005 117 60 und
2110 1022 188 59 sagte:
2341 1005 83 60 Ich
2465 1005 193 61 werde
2699 1006 97 61 Sie
2836 1005 308 62 verhaften.

1183 1096 81 59 Ich
1315 1095 209 61 könnte
1574 1095 98 62 Sie
1720 1105 184 61 töten,
1954 1098 149 71 Sire,
2154 1099 111 60 rief
2298 1099 103 69 ich,
2441 1098 206 77 Juana,
2697 1108 147 52 mein
2885 1099 170 79 Kopf
3094 1099 250 75 brannte,

1103 1189 136 60 aber
1292 1189 75 59 ich
1418 1189 258 61 zerbrach
1728 1190 109 61 den
1886 1190 205 78 Degen
2140 1216 107 35 nur
2297 1192 116 61 und
2454 1192 154 59 warf
2641 1192 92 61 ihn
2775 1216 178 54 gegen
2995 1193 91 61 die
3126 1194 216 66 Wand.

1179 1281 132 71 Ah,
1364 1298 160 61 sagte
1576 1282 100 61 der
1720 1283 194 80 König
1964 1286 117 59 und
2129 1284 107 63 ließ
2286 1284 103 61 das
2430 1281 136 64 Tier
2614 1286 118 59 und
2780 1287 303 61 zweifelte:
3136 1288 204 62 Haben

1100 1373 95 61 Sie
1236 1375 241 62 Mut.,,

1176 1469 99 61 Da
1324 1471 169 60 nahm
1536 1472 75 60 ich
1654 1471 103 62 das
1799 1472 224 63 Wiesel
2076 1474 118 61 und
2234 1474 322 61 zerdrückte
2596 1498 61 38 es
2700 1483 54 52 in
2797 1474 100 62 der
2937 1475 195 71 Hand,
3183 1475 124 79 lang-

1098 1584 123 37 sam
1242 1611 80 12 ..,
1377 1564 274 61 während
1707 1566 103 60 das
1860 1565 343 62 Furchtbare
2252 1566 100 61 des
2402 1568 339 77 königlichen
2791 1568 226 61 Zornes
3066 1578 104 51 mir
3219 1587 90 43 ent-

1095 1658 352 76 gegenquoll.

1174 1750 82 60 Ich
1293 1750 107 61 ließ
1435 1752 102 61 das
1571 1748 136 66 Tier
1742 1753 182 61 fallen.
1970 1754 167 61 Aber
2171 1754 100 61 des
2305 1756 221 77 Königs
2559 1756 187 61 Arme
2779 1756 201 61 kamen
3015 1757 139 60 über
3187 1766 152 53 seine

1095 1842 154 61 Wut
1282 1844 109 60 auf
1414 1846 136 59 mich
1584 1871 75 36 zu
1693 1847 117 60 und
1844 1847 262 61 drückten
2142 1848 88 61 die
2264 1858 220 51 meinen
2520 1848 118 61 und
2671 1872 60 37 er
2756 1850 177 61 zerriß
2961 1848 101 63 das
3089 1848 245 79 Diplom,

1095 1937 104 61 das
1235 1938 108 60 auf
1369 1938 108 61 den
1513 1938 223 64 Grafen
1769 1965 117 37 von
1923 1941 292 79 Oropesa,
2248 1944 136 59 Luis
2413 1942 273 75 Quijada,
2721 1945 316 76 gezeichnet
3069 1968 122 35 war
3224 1945 113 61 und

1090 2030 108 61 ließ
1240 2031 89 61 die
1362 2032 217 63 Fetzen
1622 2035 165 60 durch
1830 2035 102 61 das
1966 2036 242 61 Fenster
2248 2036 196 78 fliegen
2488 2036 117 61 und
2646 2036 183 62 klebte
2862 2046 117 52 sein
3014 2036 184 79 Siegel
3240 2038 103 60 auf

1094 2134 211 52 meines
1617 2154 29 31 «

1173 2218 133 61 »Sie
1358 2220 226 60 machen
1635 2222 132 59 mich
1811 2223 145 60 stolz
1998 2223 108 61 auf
2140 2224 115 70 Sie,
2298 2224 343 78 Marques!«
2686 2225 178 77 Juana
2905 2224 154 61 warf
3093 2224 104 61 sich
3231 2248 102 37 zu«

1090 2314 128 58 rück
1278 2313 117 60 und
1451 2314 110 77 gab
1620 2314 116 61 ihre
1795 2316 253 61 feuchten
2097 2317 179 62 Blicke
2335 2318 118 71 frei,
2512 2318 91 61 die
2652 2318 108 61 auf
2802 2327 213 52 seinem
3064 2328 268 68 trotzigen

1089 2403 231 80 Körper
1352 2406 282 62 weideten
1668 2408 118 61 und
1819 2419 53 50 in
1908 2410 128 61 dem
2070 2410 294 78 Erglühen
2407 2421 184 52 seines
2627 2411 258 62 Gesichts
2920 2421 111 51 wie
3062 2412 268 60 zwischen

1090 2507 207 69 jungen
1340 2500 118 59 und
1500 2501 169 78 heftig
1710 2504 484 76 aufgebrochenen
2237 2506 193 61 Rosen
2472 2506 251 79 spielten.

1165 2593 175 60 Dann
1385 2595 177 76 fragte
1604 2605 83 52 sie
1728 2599 179 60 rasch:
1955 2599 203 61 »Weiß
2201 2623 60 37 es
2304 2600 137 61 Luis
2486 2600 322 78 Quijada?«

1169 2688 122 59 »Er
1335 2689 179 77 fragte
1555 2692 190 58 mich.«

1168 2780 187 63 »Was
1399 2800 198 60 sagten
1640 2784 95 61 Sie
1778 2786 132 69 ihm,
1951 2786 347 78 Marques?«

1165 2874 118 60 »Ich
1311 2892 160 60 sagte
1496 2876 112 61 ihm
1642 2887 202 69 wenig.
1883 2878 96 62 Sie
2012 2880 232 60 werden
2280 2881 112 61 ihm
2426 2905 232 55 morgen
2694 2906 194 54 sagen,
2924 2882 109 61 daß
3067 2883 74 60 ich
3175 2882 150 69 nicht,

1081 2976 112 53 wie
1226 2970 75 59 ich
1335 2968 211 64 könnte
1580 2972 132 60 nach
1747 2982 241 52 meinem
2021 2974 254 78 Diplom,
2318 2975 93 61 ihn
2455 2977 83 60 als
2572 2977 300 78 Briganten
2915 2976 212 61 erkläre
3160 2976 167 67 <denn

1084 3070 104 52 mir
1228 3062 164 61 allein
1434 3064 201 77 gehört
1676 3089 116 37 nun
1836 3066 99 61 der
1975 3066 160 62 Stolz
2177 3067 183 61 dieser
2399 3069 181 78 Jagd),
2629 3093 169 38 wenn
2840 3094 61 37 er
2942 3070 90 61 die
3073 3067 254 80 Expedi«

1089 3164 137 62 tion,
1269 3181 116 36 von
1438 3158 100 61 der
1580 3182 60 37 er
1681 3178 180 60 sagte,
1902 3172 195 50 rüstet.
2143 3163 126 61 Das
2312 3163 172 61 Meer
2525 3173 71 52 ist
2637 3164 112 61 ihm
2792 3164 156 62 frei.«

1157 3249 209 78 Juanas
1402 3250 229 79 Körper
1672 3253 232 61 streckte
1946 3255 122 60 sich.
2114 3254 96 62 Sie
2251 3257 82 59 riß
2366 3258 108 58 sich
2509 3281 72 37 an
2617 3258 109 60 den
2760 3257 249 62 Händen
3051 3258 132 60 nach
3216 3254 105 61 ihm

1077 3342 118 62 hin:
1244 3343 133 62 »Sie
1418 3346 231 61 werden
1692 3347 108 61 den
1842 3348 255 78 Auftrag
2140 3349 73 60 da
2253 3351 512 62 zurücknehmen!«
2810 3352 87 60 Er
2937 3361 303 52 verneinte.

1155 3436 98 62 Sie
1292 3437 190 62 flehte:
1532 3440 335 78 »Marques,
1909 3442 254 61 erklären
2201 3443 97 63 Sie
2340 3445 94 59 ihn
2468 3446 81 60 als
2585 3470 132 36 zum
2751 3442 189 65 Töten
2976 3445 235 70 erlaubt,
3244 3443 77 60 als

1076 3530 291 79 Brigant!«
1429 3534 98 59 Da
1576 3535 227 60 schwoll
1852 3536 113 60 Las
2010 3536 191 62 Casas
2247 3537 257 72 Gesicht,
2554 3540 101 60 der
2703 3540 227 77 Körper
2979 3539 171 61 wand
3198 3536 121 69 sich,

1077 3625 120 60 und
1248 3626 360 61 aufzischend
1658 3630 263 76 stampfte
1963 3653 59 38 er
2072 3631 110 61 den
2227 3631 130 63 Fuß
2408 3633 108 61 auf
2549 3633 111 61 den
2700 3633 200 61 Boden
2951 3633 118 61 und
3108 3633 95 59 bat
3243 3638 77 53 sie

1075 3716 316 80 hochmütig
1432 3722 118 59 und
1590 3723 338 71 verächtlich,
1964 3725 139 61 nicht
2135 3749 75 37 zu
2244 3728 260 60 scherzen
2539 3727 118 61 und
2690 3737 55 51 in
2779 3728 212 60 diesem
3026 3727 171 61 Sinne
3231 3724 85 60 die

1076 3810 390 82 Demütigung
1505 3840 118 36 von
1665 3816 112 60 ihm
1818 3842 76 36 zu
1935 3819 332 78 verlangen,
2318 3821 111 61 daß
2472 3843 59 39 er
2572 3822 137 60 Luis
2752 3821 254 76 Quijada
3050 3821 90 61 für
3179 3832 137 47 wert

1076 3902 184 72 hielte,
1302 3917 155 51 seine
1490 3908 271 61 Rivalität
1801 3936 74 36 zu
1918 3912 264 62 fürchten.
2228 3913 143 60 Und
2412 3936 60 38 er
2514 3915 259 76 bewegte
2815 3915 91 59 die
2946 3915 166 61 flache
3145 3908 170 65 Hand

1075 3998 133 59 nach
1250 3998 100 61 der
1394 4001 171 70 Seite,
1608 4003 83 61 als
1734 4003 76 61 ob
1852 4029 60 37 er
1952 4007 135 59 nach
2131 4016 155 51 einer
2318 4007 196 77 Fliege
2554 4007 233 77 schlage.
