3566 4572
1599 520 135 49 Max
1761 520 151 49 Brocf
1923 543 9 11 •
1959 518 156 59 Hgcßo
2145 520 193 49 Braßes
2374 519 117 58 Weg
2523 538 68 30 zu
2627 520 131 49 Gott

1053 520 98 50 654

1062 709 180 77 lange,
1284 732 132 37 man
1458 706 159 60 hörte
1658 728 105 37 nur
1805 705 89 60 die
1935 728 90 37 am
2067 705 274 61 lautesten
2383 705 547 78 hervorgestoßenen
2963 708 212 77 Worte,
3208 720 72 61 oft

1062 802 133 59 auch
1230 823 98 54 gar
1359 799 183 70 nichts,
1579 798 74 60 da
1684 797 163 61 beide
1880 798 253 61 Parteien
2167 798 238 79 zugleich
2439 798 250 62 lärmten.
2735 799 231 61 Endlich
2999 803 170 64 sahen
3202 811 80 62 die

1062 896 403 75 Angehörigen
1500 887 219 81 Tychos
1754 901 107 58 ein,
1895 892 109 61 daß
2038 901 80 52 sie
2151 892 92 61 ihn
2278 901 97 52 mit
2407 892 174 61 ihrem
2614 892 292 79 Zuspruch
2939 919 106 36 nur
3075 908 205 58 reizten.

1061 987 86 60 Er
1187 987 158 59 hörte
1386 985 232 61 niemals
1662 985 115 73 auf,
1819 986 103 60 ehe
1963 986 90 61 die
2084 985 274 62 Stimmen
2401 986 249 61 draußen
2684 987 335 79 vollständig
3059 995 111 59 und
3205 996 77 64 für

1061 1081 220 75 längere
1314 1079 130 61 Zeit
1477 1095 332 45 verstummt
1841 1103 210 39 waren.
2096 1079 82 62 So
2210 1079 257 62 verfielen
2504 1080 88 61 die
2624 1080 229 61 Frauen
2886 1082 207 63 wieder
3125 1095 50 52 in
3208 1091 74 61 ihr

1061 1171 425 78 Stillschweigen
1537 1173 117 59 und
1702 1173 230 61 hockten
1984 1174 280 76 angstvoll
2321 1173 108 61 auf
2476 1174 109 61 den
2632 1174 364 79 Holzstiegen
3046 1202 101 37 vor
3194 1183 88 62 der

1060 1260 169 76 Türe,
1270 1265 265 60 nachdem
1576 1274 81 52 sie
1697 1265 89 61 die
1825 1267 200 61 beiden
2068 1267 194 61 Söhne
2311 1268 389 61 schmeichelnd
2747 1268 294 62 überredet
3088 1272 192 76 hatten,

1063 1358 399 77 wegzugehen.
1505 1358 140 61 Wie
1687 1376 225 43 erstarrt
1950 1359 173 61 saßen
2163 1368 82 53 sie
2285 1361 87 59 da.
2421 1359 137 62 Nur
2598 1385 167 36 wenn
2815 1362 98 59 der
2952 1362 207 80 Zwerg
3203 1367 78 63 für

1062 1451 386 77 Augenblicke
1498 1452 350 72 herauskam,
1899 1453 296 61 überfielen
2243 1462 82 53 sie
2373 1455 92 59 ihn
2515 1462 99 52 mit
2662 1455 351 77 geflüsterten
3055 1456 223 80 Fragen.

1137 1546 318 61 Mehrmals
1504 1546 180 77 fragte
1725 1543 197 82 Tycho
1971 1547 108 61 den
2120 1548 230 78 Zwerg,
2402 1548 75 61 ob
2528 1550 133 59 auch
2711 1550 209 77 Kepler
2968 1551 312 76 gekommen

1061 1646 98 64 sei,
1201 1662 96 36 um
1338 1639 105 61 sich
1484 1640 134 60 nach
1660 1649 210 52 seinem
1911 1640 265 61 Befinden
2218 1665 72 36 zu
2332 1642 352 77 erkundigen.
2827 1644 86 59 Er
2953 1644 201 72 erfuhr,
3186 1649 95 61 daß

1062 1733 211 77 Kepler
1314 1757 90 37 am
1447 1749 182 46 ersten
1663 1730 152 83 Tage
1858 1735 294 78 allerdings
2192 1738 460 76 vorgesprochen,
2694 1739 151 58 dann
2881 1736 133 61 aber
3046 1740 86 60 die
3163 1742 78 60 Ab-

1062 1836 254 68 weisung
1357 1828 117 60 und
1516 1828 102 61 das
1660 1852 71 36 an
1775 1828 89 61 die
1904 1824 155 65 Türe
2106 1829 384 78 geschriebene
2533 1830 216 61 Verbot
2797 1855 66 36 so
2911 1833 238 61 wörtlich
3194 1858 89 55 ge*

1062 1942 266 38 nommen
1380 1921 162 71 habe,
1601 1921 110 61 daß
1762 1945 58 37 er
1875 1922 274 77 vorläufig
2206 1923 196 61 keinen
2459 1932 238 52 zweiten
2750 1923 251 61 Versuch
3057 1928 226 74 gemacht

1066 2013 161 61 habe.
1276 2013 182 63 »Nun
1491 2031 119 61 gut,
1643 2025 339 68 wenigstens
2022 2017 94 60 bin
2158 2018 73 59 ich
2278 2017 180 73 allein,
2491 2026 109 52 wie
2633 2018 76 60 ich
2751 2041 60 38 es
2844 2027 103 51 mir
2979 2027 188 52 immer
3194 2045 56 53 ge-

1062 2109 250 59 wünscht
1353 2107 199 71 habe,«
1598 2110 188 60 redete
1818 2105 195 81 Tycho
2046 2134 74 36 zu
2153 2110 107 61 sich
2293 2110 192 71 selbst,
2530 2111 181 61 »habe
2753 2111 133 61 alles
2925 2111 357 80 Überflüssige

1062 2223 116 37 von
1229 2209 102 52 mir
1380 2218 184 59 getan,
1616 2201 148 61 kann
1814 2204 135 60 mich
1998 2228 114 36 nun
2165 2205 204 60 endlich
2420 2205 202 61 einmal
2671 2205 107 60 auf
2819 2206 133 60 mich
2994 2206 164 61 selbst
3194 2208 88 59 be*

1067 2302 216 63 sinnen,
1309 2319 121 37 was
1465 2297 165 59 schon
1665 2298 102 59 das
1791 2298 404 77 Allernötigste
2227 2322 174 39 war.«
2445 2299 165 61 Aber
2641 2299 456 62 seltsamerweise
3127 2300 154 61 fühlte

1068 2410 59 36 er
1174 2389 107 60 sich
1330 2389 165 61 durch
1545 2391 151 59 diese
1747 2391 317 60 Gedanken
2114 2392 139 62 nicht
2302 2393 265 72 erhoben,
2626 2393 243 61 sondern
2918 2394 100 60 tief
3061 2393 219 62 verletzt,

1063 2481 82 77 Ja,
1197 2505 58 37 er
1303 2491 272 53 erinnerte
1625 2483 104 61 sich
1778 2484 159 72 nicht,
1978 2484 131 61 Zeit
2148 2495 180 52 seines
2369 2487 225 60 Lebens
2633 2496 52 67 je
2726 2510 67 38 so
2834 2487 321 77 unglücklich
3193 2511 88 53 ge*

1066 2598 192 38 wesen
1300 2599 73 37 zu
1413 2586 130 51 sein.
1587 2577 275 78 Dagegen
1898 2577 214 62 erfüllte
2145 2603 60 36 es
2239 2580 92 59 ihn
2365 2589 98 52 mit
2496 2589 150 52 einer
2681 2580 113 61 Art
2835 2580 192 61 wilder
3057 2581 223 69 Freude,

1067 2669 89 59 die
1204 2669 165 62 schon
1422 2694 72 37 an
1542 2671 259 61 boshafte
1842 2671 450 62 Schadenfreude
2338 2691 243 60 grenzte,
2632 2674 109 61 daß
2787 2675 209 76 Kepler
3045 2674 127 61 auch
3216 2698 62 35 an

1065 2761 108 61 den
1217 2763 297 78 folgenden
1556 2760 198 83 Tagen
1796 2766 140 60 nicht
1975 2765 88 61 bei
2105 2765 112 62 ihm
2258 2768 251 61 erschien.
2551 2766 147 63 Nun
2741 2769 152 61 hatte
2934 2792 59 37 er
3032 2769 88 60 ihn
3160 2766 118 61 doch

1065 2855 205 61 endlich
1314 2857 106 59 auf
1455 2867 149 52 einer
1645 2859 140 60 nicht
1824 2860 156 60 mehr
2021 2859 498 79 abzuleugnenden
2561 2860 260 61 Untreue
2862 2862 117 59 und
3018 2859 260 62 Undank*

1065 2948 212 62 barkeit
1302 2967 233 64 ertappt.
1573 2952 139 61 Und
1745 2953 232 61 obwohl
2011 2977 58 37 er
2100 2954 153 61 wohl
2286 2954 282 72 verstand,
2604 2954 110 61 daß
2750 2956 133 59 auch
2918 2958 147 59 diese
3089 2954 189 61 schein*

1062 3042 137 62 bare
1249 3043 470 80 Gefühllosigkeit
1768 3046 103 61 auf
1914 3047 89 61 die
2051 3048 112 60 ihm
2213 3048 167 61 schon
2429 3048 316 61 bekannten
2796 3048 391 61 Unklarheiten
3230 3055 46 51 in

1063 3135 239 78 Keplers
1350 3139 163 60 Seele
1561 3140 352 79 zurückging,
1961 3140 278 62 versteifte
2292 3165 58 37 er
2397 3142 107 60 sich
2553 3151 98 52 mit
2700 3142 333 79 qualvollem
3080 3141 197 75 Eigen*

1061 3238 124 53 sinn
1244 3233 219 71 darauf,
1522 3233 117 62 dies
1686 3234 254 62 Undank
1994 3235 117 61 und
2166 3235 206 78 gerade
2420 3236 166 61 nichts
2636 3238 235 61 anderes
2920 3238 80 59 als
3048 3230 228 66 Undank

1063 3348 74 36 zu
1178 3349 235 37 nennen,

1142 3418 117 72 »O,
1302 3428 108 52 wie
1452 3420 202 61 anders
1695 3422 96 61 hat
1830 3422 105 61 sich
1978 3423 178 61 dieser
2189 3423 208 79 Kepler
2439 3423 217 62 damals
2695 3448 75 37 zu
2811 3432 102 52 mir
2943 3423 329 62 benommen,

1058 3512 83 61 als
1175 3536 60 37 er
1267 3514 133 60 mich
1434 3516 137 59 noch
1606 3517 274 71 brauchte,
1916 3517 80 61 als
2031 3541 57 37 es
2120 3518 130 78 galt,
2285 3530 103 50 mir
2421 3530 182 52 meine
2636 3518 393 78 Manuskripte
3062 3516 212 61 heraus*

1058 3606 280 63 zulocken.
1382 3608 241 61 Warum
1664 3634 121 37 war
1825 3634 59 37 er
1924 3612 216 61 damals
2181 3614 140 60 nicht
2478 3614 215 62 unklar!
2733 3614 218 59 Phönix
2990 3624 198 47 nannte
3225 3624 48 38 er

1058 3700 135 60 mich
1251 3701 117 61 und
1425 3711 162 52 einen
1645 3705 527 72 unerschrockenen,
2229 3707 485 61 weltmännischen
2772 3706 282 61 Forscher,
3121 3700 151 61 Ganz

1057 3793 196 71 schön,
1302 3819 146 52 ganz
1495 3796 335 63 zielbewußt
1877 3799 188 77 sprach
2110 3823 58 37 er
2209 3800 88 62 da.
2354 3801 122 60 Der
2516 3800 275 60 Heuchler
2838 3799 285 60 wunderte
3161 3788 108 68 sich,

1060 3894 108 51 wie
1223 3888 75 58 ich
1357 3912 59 37 es
1474 3890 320 78 überhaupt
1842 3893 138 60 über
2027 3894 135 59 mich
2210 3893 216 77 bringe,
2486 3903 98 51 mit
2641 3893 112 61 ihm
2811 3893 132 60 auch
3001 3912 101 39 nur
3146 3885 125 61 zwei

1060 3974 208 65 Worte
1307 4005 74 37 zu
1422 3986 283 59 wechseln.
1747 3986 176 61 Diese
1964 3986 392 62 heuchlerische
2398 3988 230 70 Demut,
2670 4010 116 37 nun
2824 3996 133 67 jetzt
2995 3986 173 72 bringt
3203 3981 66 54 sie
