3551 4572
756 530 213 51 Wifhefm
1001 530 342 49 Hausenstein
1369 554 9 13 >
1397 531 117 51 Das
1545 535 129 49 Bifd
1692 536 89 51 der
1811 556 97 44 eng
1908 537 173 51 fisdien
2110 539 293 62 Weftpofitif

2602 544 93 50 583

471 720 138 64 Karl
640 719 127 60 dem
799 716 250 61 Fünften
1082 716 118 61 und
1231 716 213 82 Philipp
1476 720 128 63 dem
1630 723 285 73 Zweiten,
1948 751 124 37 was
2105 728 255 61 Holland
2393 752 98 38 um
2528 730 166 74 1650,

473 837 117 38 was
631 810 327 61 Frankreich
1000 818 54 52 in
1096 809 110 61 den
1246 807 198 82 Tagen
1480 814 268 65 Colherts
1792 819 117 61 und
1950 821 151 61 dann
2144 821 99 62 der
2277 821 284 73 Gironde,
2594 826 100 61 des

471 904 404 64 Direktoriums
902 902 117 62 und
1044 903 343 79 Napoleons
1423 907 99 62 des
1548 910 211 63 Ersten
1783 936 268 55 gewesen
2077 939 136 38 war.
2255 916 114 62 Die
2394 916 300 63 Mechanik

470 1000 98 59 der
606 996 301 77 englischen
939 995 198 62 Politik
1178 998 193 61 mußte
1410 1002 107 59 sich
1559 1002 181 64 selber
1780 1006 261 79 leugnen,
2082 1031 170 39 wenn
2293 1019 83 53 sie
2408 1010 251 65 Deutsch-

469 1091 127 61 land
643 1113 114 37 nun
805 1090 139 60 nicht
1100 1089 111 62 fast
1258 1097 384 69 automatisch,
1691 1097 240 64 beinahe
1979 1110 121 54 sine
2148 1111 81 53 ira
2279 1120 57 45 et
2383 1105 192 61 Studio

469 1185 88 60 die
595 1183 158 61 Rolle
799 1183 324 77 aufzwang,
1175 1184 90 61 die
1313 1186 102 61 das
1463 1188 334 78 bürgerliche
1837 1194 673 66 Kontinentalkaisertum
2552 1199 93 62 Na-

469 1277 230 80 poleons
724 1299 104 37 vor
861 1275 240 61 hundert
1124 1277 200 77 Jahren
1355 1303 179 55 gegen
1561 1283 100 62 das
1689 1285 270 78 englische
1983 1289 291 80 Monopol
2305 1293 237 79 gespielt
2573 1293 113 62 hat.

468 1371 137 59 Dies
638 1368 161 77 kluge
825 1368 288 80 Monopol
1145 1382 304 69 vereinigte
1484 1385 53 50 in
1562 1377 244 80 Europa
1839 1381 173 62 selbst
2044 1385 118 59 und
2195 1393 53 52 in
2282 1385 102 62 der
2413 1387 275 72 Levante,

466 1471 51 51 in
565 1461 97 61 der
710 1461 179 61 neben
940 1462 109 61 den
1099 1466 308 76 englischen
1448 1468 313 64 Interessen
1814 1476 134 58 noch
1998 1476 371 63 traditionelle
2408 1480 251 78 Prestige-

466 1564 300 50 interessen
816 1555 116 61 und
982 1556 197 61 freilich
1221 1561 136 58 auch
1397 1561 571 79 Kapitalsinteressen
2007 1569 361 64 Frankreichs
2420 1574 118 61 und
2585 1598 70 53 ge-

465 1656 164 52 wisse
676 1647 512 65 transkaukasische
1237 1654 116 59 und
1402 1655 439 80 transkaspische
1880 1660 312 64 Interessen
2233 1665 293 62 Rußlands
2578 1692 74 37 an-

464 1740 269 78 gemeldet
772 1766 213 46 waren,
1034 1745 109 60 den
1185 1755 205 54 wirren
1430 1748 149 63 Fluß
1630 1750 99 62 der
1777 1754 415 64 antideutschen
2234 1759 292 62 Wünsche
2568 1762 118 61 und

461 1834 379 76 Hoffnungen,
883 1835 117 61 Mit
1039 1837 202 62 halben
1283 1840 179 63 Wort
1501 1844 247 62 überließ
1790 1846 99 60 der
1928 1847 248 63 britische
2215 1851 469 80 Monopolismus

463 1950 161 53 sogar
654 1927 475 81 Konstantinopel
1173 1932 127 62 dem
1333 1934 358 64 Zarenreich:
1726 1956 273 62 entgegen
2034 1942 108 61 den
2176 1939 367 69 Traditionen
2585 1947 100 61 der

461 2018 278 80 Canning,
780 2022 367 75 Palmerston,
1190 2027 264 73 Disraeli,
1490 2030 342 73 Gladstone,
1866 2033 298 82 Salisbury
2204 2039 118 61 und
2356 2040 288 62 Chamber-

464 2111 114 61 tin,
619 2113 165 61 Aber
825 2115 107 61 den
973 2117 128 61 Fall
1142 2136 235 60 gesetzt,
1420 2122 109 61 daß
1574 2122 155 63 diese
1768 2126 236 62 Absicht
2028 2160 59 16 ■—
2115 2153 67 38 so
2224 2131 424 64 unwahrschein-

459 2204 90 61 lich
600 2215 78 52 sie
727 2216 71 52 ist
952 2211 234 63 wirklich
1235 2214 302 65 bestünde:
1589 2219 253 62 weshalb
1893 2221 161 63 sollte
2103 2224 102 61 das
2247 2224 268 79 England
2562 2252 118 37 von

459 2296 181 73 heute,
696 2300 102 62 das
847 2304 139 60 nicht
1034 2328 105 38 nur
1189 2307 307 73 Gibraltar,
1547 2312 239 78 Cypern
1837 2314 117 61 und
2001 2317 207 71 Malta,
2263 2319 248 62 sondern
2561 2345 119 38 nun

457 2392 130 58 auch
628 2390 271 82 Ägypten
949 2407 99 51 mit
1096 2399 154 62 Suez
1300 2403 116 60 und
1463 2404 174 61 selbst
1686 2402 266 67 Tenedos
2003 2418 53 52 in
2107 2411 109 61 den
2265 2412 249 62 Händen
2563 2413 116 73 hat,

456 2482 468 84 Konstantinopel
964 2492 140 60 nicht
1153 2493 83 61 als
1287 2503 161 52 einen
1489 2500 411 61 verminderten
1935 2501 171 62 Wert
2144 2503 348 64 betrachten?
2533 2507 144 62 Dies

455 2574 259 79 England
746 2580 146 62 kann
926 2583 102 63 das
1061 2586 339 63 Mittelmeer
1432 2614 75 37 zu
1540 2601 180 52 einem
1754 2595 304 76 englischen
2083 2597 316 63 Binnensee
2430 2601 247 71 machen,

455 2690 65 38 so
560 2672 79 59 oft
678 2695 60 38 es
780 2674 112 62 ihm
932 2676 223 72 beliebt,
1198 2680 147 61 denn
1380 2705 59 37 es
1472 2684 224 77 verfügt
1727 2686 140 61 über
1900 2688 89 60 die
2021 2689 400 79 Mündungen,
2463 2693 119 61 und
2614 2717 63 39 es

455 2764 135 59 wird
630 2768 264 74 praktisch
935 2771 152 63 wohl
1131 2775 135 60 auch
1310 2776 150 60 dann
1494 2778 140 61 über
1667 2779 152 62 Suez
1852 2782 292 77 verfügen,
2177 2807 169 38 wenn
2380 2785 92 61 die
2496 2787 136 62 Neu-

452 2856 345 82 tralisierung
830 2862 99 62 des
955 2864 216 62 Kanals
1207 2869 132 60 nach
1373 2869 128 61 dem
1534 2870 247 63 Vorbild
1813 2898 115 36 von
1966 2875 149 61 1888
2148 2877 333 62 wiederholt
2511 2881 160 61 wird.

452 2945 273 69 Vollends
776 2955 146 61 kann
972 2982 61 37 es
1084 2968 152 54 einer
1283 2962 312 77 bequemen
1628 2966 378 80 Verbindung
2045 2978 98 51 mit
2192 2969 129 63 dem
2360 2975 312 61 russischen

452 3038 484 89 Getreideexport,
978 3062 98 51 mit
1117 3053 235 63 Odessa
1390 3080 101 53 gar
1531 3058 138 60 nicht
1708 3058 295 80 abgeneigt
2042 3072 138 52 sein.

524 3133 138 65 Dies
704 3149 68 52 ist
813 3142 102 62 das
946 3145 125 61 Bild
1112 3146 97 61 der
1250 3146 286 65 britischen
1562 3150 366 80 Weltpolitik,
1970 3155 95 61 Sie
2098 3164 70 52 ist
2200 3157 338 64 meisterlich.
2575 3160 97 62 Sie

450 3232 67 52 ist
555 3232 132 60 noch
723 3244 89 52 nie
842 3239 324 77 geschlagen
1199 3240 254 63 worden.
1490 3243 97 62 Sie
1620 3244 96 61 hat
1749 3245 102 61 das
1886 3245 182 64 Glück
2101 3258 152 52 einer
2286 3251 353 79 unvergleich-

449 3316 161 66 lichen
649 3330 466 78 geographischen
1157 3333 313 63 Mechanik,

521 3413 109 64 Die
671 3415 310 70 Tatsachen
1029 3424 179 78 geben
1259 3452 105 37 uns
1415 3438 160 52 einen
1617 3430 212 78 Begriff
1868 3456 116 38 von
2034 3434 99 61 der
2183 3436 204 63 Größe
2434 3463 236 41 unserer

446 3507 310 73 politischen
781 3516 291 77 Aufgabe,
1109 3518 86 61 Es
1231 3518 227 62 handelt
1489 3523 105 59 sich
1630 3547 96 37 um
1759 3526 140 59 nicht
1932 3526 156 62 mehr
2112 3528 118 61 und
2255 3532 141 60 nicht
2418 3544 251 68 weniger

446 3598 79 61 als
572 3627 95 38 um
723 3607 90 62 die
852 3611 295 77 Aufgabe,
1197 3622 123 52 eine
1368 3613 166 63 durch
1588 3616 198 62 Natur
1834 3620 118 61 und
2002 3621 325 63 Geschichte
2374 3626 295 81 gefestigte

446 3688 288 71 Mechanik
775 3725 105 39 aus
922 3702 110 62 den
1065 3705 231 76 Angeln
1338 3730 73 37 zu
1453 3706 198 64 heben,
1870 3711 263 80 kämpfen
2173 3717 141 60 nicht
2346 3742 108 38 nur
2484 3743 181 57 gegen

445 3786 273 75 politische
772 3795 219 72 Kunst,
1049 3798 247 62 sondern
1353 3800 174 62 selbst
1581 3825 178 55 gegen
1818 3805 261 64 Vorteile
2135 3818 153 54 einer
2345 3813 321 77 politischen

447 3876 204 71 Natur,
694 3888 113 62 Die
850 3890 201 62 Größe
1091 3891 102 63 des
1227 3893 158 62 Ziels
1428 3895 157 63 lohnt
1626 3897 103 63 das
1773 3900 327 78 ungeheure
2131 3904 235 79 Ringen.
2412 3908 88 62 Es
2534 3912 132 76 geht

445 3973 132 62 nicht
615 4001 105 40 nur
761 4006 94 38 um
897 3984 90 62 die
1028 3985 261 63 deutsche
1331 3987 370 78 Gegenwart,
1762 3992 86 63 Es
1890 3994 132 78 geht
2070 3998 141 61 nicht
2258 4024 108 38 nur
2416 4026 96 38 um
2554 4005 111 62 den
