3541 4572
892 478 132 48 Max
1054 477 151 49 Brod
1219 502 9 11 *
1254 474 156 64 Hgcßo
1441 479 191 51 Brakes
1668 481 115 63 Weg
1816 502 66 29 zu
1919 482 127 50 Gott

2482 485 94 51 673

358 674 136 70 beth,
534 680 54 51 in
628 670 98 59 der
764 665 187 62 Nacht
996 664 383 77 betrügerisch,
1419 668 493 76 umherhuschend,
1953 670 181 62 ehrlos
2176 680 54 52 in
2273 671 87 61 die
2393 673 184 62 Arme

361 778 141 52 eines
542 759 330 65 Verführers
929 757 244 71 laufend,
1225 767 121 52 eine
1394 759 213 74 Metze,
1656 764 343 78 geschändet,
2047 781 255 44 verraten
2461 767 116 61 und

367 853 372 71 ebendieselbe
769 850 310 70 Elisabeth,
1112 861 108 52 wie
1262 876 58 37 er
1358 862 79 52 sie
1478 854 183 63 bisher
1699 876 159 44 sonst
1897 868 194 51 immer
2129 859 243 78 gesehen
2406 861 169 71 hatte,

364 964 81 53 ein
486 957 221 67 rosiges,
751 944 168 61 liebes
960 943 298 74 Mädchen,
1300 947 371 80 wißbegierig,
1712 952 421 72 teilnahmsvoll,
2174 976 169 55 sogar
2383 964 54 50 in
2480 955 97 61 der

363 1038 390 70 Wissenschaft
798 1036 343 74 bewandert,
1183 1040 208 76 gelehrt
1441 1051 109 52 wie
1592 1044 208 78 Sophie
1840 1047 200 71 Brahe,
2072 1042 225 82 Tychos
2339 1046 237 79 begabte

363 1138 307 66 Schwester,
715 1132 96 59 der
850 1138 82 53 sie
971 1154 66 37 so
1078 1154 133 55 gern
1254 1134 380 63 nachzueifern
1670 1138 241 62 erklärte.
1953 1140 175 61 Diese
2160 1140 199 61 beiden
2392 1140 184 62 Bilder

363 1234 193 60 konnte
586 1223 195 81 Tycho
814 1225 138 60 nicht
993 1234 278 52 vereinen.
1315 1226 141 61 Und
1489 1230 206 61 andere
1727 1231 183 63 Bilder
1940 1234 269 77 drängten
2244 1235 105 61 sich
2385 1235 188 64 herzu.

361 1325 78 61 Er
476 1319 98 64 sah
614 1327 151 52 seine
798 1317 489 77 Lieblingstochter
1328 1323 80 57 als
1450 1320 203 64 kleines
1686 1324 173 74 Kind,
1899 1327 158 61 hörte
2090 1327 114 61 ihre
2237 1346 200 53 ersten,
2471 1352 106 38 vor

361 1418 390 71 Anstrengung
791 1411 237 61 beinahe
1068 1421 270 68 trotzigen
1381 1413 369 79 Sprechlaute,
1793 1441 57 37 er
1891 1428 269 52 erinnerte
2199 1422 123 71 sich,
2364 1431 110 52 wie
2515 1446 60 37 er

361 1506 228 66 Abends
629 1505 79 60 oft
749 1529 71 35 an
863 1506 174 59 ihrem
1079 1515 352 68 vergitterten
1466 1508 254 63 Bettchen
1762 1513 305 75 gestanden
2099 1538 122 36 war
2259 1515 118 61 und
2418 1517 152 61 ihren

360 1599 342 81 glückseligen
751 1597 187 61 Schlaf
981 1599 332 62 bewundert
1360 1601 162 61 hatte.
1574 1604 63 59 O
1677 1612 109 53 wie
1833 1605 162 77 lange
2043 1607 212 61 mochte
2303 1618 79 50 sie
2432 1610 139 61 nicht

361 1694 141 62 mehr
547 1715 65 38 so
662 1691 158 78 ruhig
868 1692 309 78 geschlafen
1228 1694 203 62 haben!
1479 1695 150 62 Wer
1676 1698 305 63 kümmerte
2028 1701 105 60 sich
2183 1727 114 35 nun
2348 1703 221 62 darum!

360 1785 239 71 Damals,
650 1794 53 51 in
753 1785 144 61 ihrer
946 1785 285 73 Kindheit,
1282 1788 151 61 hatte
1482 1813 130 37 man
1653 1792 152 61 wohl
1850 1793 161 76 jeden
2061 1793 142 62 ihrer
2242 1795 328 80 Atemzüge

358 1879 216 79 gezählt,
613 1878 152 76 jedes
805 1887 225 70 geringe
1063 1879 403 74 Schmerzchen,
1506 1884 161 75 jeden
1700 1886 226 60 Husten
1967 1887 180 62 sofort
2176 1889 215 77 geheilt.
2430 1891 140 77 Jetzt

359 1972 119 60 aber
523 1980 126 68 ging
699 1971 397 62 ebenderselbe
1136 1973 253 73 Mensch,
1440 1974 89 63 die
1568 1977 204 61 Frucht
1819 1978 205 78 langer,
2067 1981 346 79 sorgfältiger
2451 1983 76 61 Er-

356 2065 238 76 ziehung
637 2087 74 37 zu
745 2065 260 72 Grunde,
1049 2075 109 52 wie
1198 2076 122 52 eine
1360 2068 231 79 räudige
1621 2070 201 62 Katze,
1865 2072 141 61 Dies
2040 2073 138 72 also,
2220 2076 87 60 die
2349 2075 222 79 heutige

359 2157 192 70 Nacht,
598 2181 119 37 war
765 2157 98 61 der
903 2157 138 63 Sinn
1092 2183 115 38 von
1248 2161 323 62 Elisabeths
1611 2164 207 71 Leben,
1869 2165 114 61 hier
2026 2166 158 61 sollte
2233 2190 59 37 es
2341 2169 226 77 gipfeln,

355 2273 153 37 wenn
539 2259 79 52 sie
650 2267 164 45 unter
844 2260 182 52 seiner
1056 2253 178 61 Hand
1267 2254 323 62 verblutete.
1625 2255 222 62 Welche
1879 2258 371 78 glorwürdige
2284 2260 287 80 Ordnung

356 2340 88 61 der
473 2341 206 79 Dinge!
725 2344 61 61 O
828 2353 110 52 wie
977 2355 218 68 gemein
1238 2348 101 60 das
1380 2369 138 50 war.
1551 2348 303 80 Vergehen
1896 2352 118 59 und
2044 2350 203 74 Strafe,
2288 2353 279 63 Sünderin

356 2435 106 61 und
494 2435 223 73 Rächer,
758 2437 192 63 beides
993 2462 67 38 so
1101 2442 241 75 gemein!
1383 2441 57 77 Je
1480 2451 210 68 inniger
1729 2466 61 38 er
1822 2443 102 61 das
1957 2444 228 71 erfaßte,
2220 2444 160 63 desto
2414 2449 157 60 mehr

358 2528 222 62 schämte
629 2554 58 36 er
742 2532 105 60 sich
896 2533 226 71 wieder,
1181 2535 80 59 als
1309 2542 81 52 sei
1440 2556 59 39 er
1546 2536 168 61 selbst
1761 2537 298 78 irgendwie
2108 2540 339 78 mitschuldig
2495 2565 74 37 an

355 2620 194 62 diesem
590 2618 241 66 Treiben
873 2626 118 60 und
1023 2625 295 62 Weltlauf.
1358 2627 115 60 Ein
1513 2651 145 54 ganz
1698 2653 172 38 neues
1912 2628 216 64 Gefühl
2169 2632 265 61 überkam
2475 2635 92 61 ihn

354 2721 47 52 in
457 2715 66 60 all
570 2717 126 60 dem
745 2717 206 73 Elend,
1010 2743 103 37 aus
1168 2729 182 52 seiner
1397 2720 318 62 Schamröte
1771 2722 203 61 hervor
2028 2724 202 62 bildete
2284 2726 106 60 sich
2449 2736 121 53 eine

355 2808 297 62 rätselhafte
693 2810 236 72 Demut,
971 2813 90 59 die
1102 2822 118 52 sein
1261 2814 204 61 stolzes
1504 2814 157 61 Herz
1706 2814 183 62 bisher
1936 2816 140 61 nicht
2114 2818 243 77 gekannt
2396 2820 170 62 hatte.

353 2896 69 77 Ja,
462 2895 190 83 Tycho
703 2903 172 61 fühlte
924 2913 122 52 eine
1094 2905 130 61 tiefe
1263 2905 178 73 Reue,
1492 2907 147 61 ohne
1687 2909 275 76 eigentlich
2010 2933 72 37 zu
2123 2919 221 64 wissen,
2386 2922 179 53 worin

353 3012 54 38 er
458 2997 290 77 gesündigt
803 2997 185 62 haben
1046 2999 174 63 sollte.
1280 2999 165 61 Aber
1501 3001 100 61 das
1649 3001 355 63 Bewußtsein
2053 3003 99 61 der
2198 3003 202 64 Schuld
2447 3031 123 38 war

351 3087 262 62 trotzdem
661 3089 74 61 da
784 3092 119 60 und
950 3092 205 71 wuchs,
1206 3093 89 60 die
1334 3093 258 78 Ahnung
1640 3095 98 59 der
1785 3103 229 69 eigenen
2054 3096 516 80 Unzulänglichkeit

353 3178 106 59 und
514 3182 277 78 niedrigen
850 3183 355 79 Gesinnung,
1259 3195 111 52 wie
1426 3196 80 51 sie
1562 3187 91 61 ihn
1710 3187 146 61 beim
1903 3189 240 62 Anblick
2199 3191 98 60 der
2345 3204 221 51 wüsten

351 3266 342 71 Brandstätte
740 3300 108 37 nur
896 3277 305 61 traumhaft
1247 3279 244 77 gestreift
1538 3280 171 74 hatte,
1757 3283 188 76 ergriff
1986 3281 91 61 ihn
2119 3284 131 61 bald
2291 3308 67 37 so
2399 3286 167 71 stark,

353 3359 99 62 daß
492 3388 56 37 er
588 3375 53 52 in
682 3370 345 78 irgendeiner
1066 3370 266 61 unklaren
1375 3371 190 61 Weise
1604 3396 73 36 zu
1725 3373 293 62 verstehen
2066 3375 241 78 glaubte,
2348 3401 219 39 warum

351 3453 103 70 ihn,
510 3462 202 72 gerade
768 3463 93 60 ihn
918 3463 118 60 und
1093 3473 118 51 sein
1267 3464 166 60 Haus
1492 3465 100 60 das
1643 3463 287 65 Übermaß
1987 3468 99 61 des
2141 3468 217 63 Elends
2416 3470 153 64 hatte

353 3548 180 62 treffen
582 3564 242 53 müssen.
877 3556 142 61 Und
1068 3580 136 48 nun,
1253 3558 75 59 da
1377 3580 59 38 er
1478 3558 150 61 diese
1667 3559 420 79 merkwürdige,
2129 3561 168 63 kaum
2339 3564 230 64 faßbare

351 3634 403 92 Verknüpfung
803 3650 211 68 einsah,
1065 3650 266 76 empfand
1380 3674 58 37 er
1487 3651 133 61 doch
1665 3669 177 44 etwas
1882 3664 108 52 wie
2029 3655 373 81 Beruhigung,
2446 3667 123 55 eine

349 3728 159 77 Stille,
558 3740 87 59 die
696 3741 194 61 freilich
941 3742 167 60 nichts
1148 3742 403 78 Angenehmes
1602 3746 117 60 und
1760 3746 221 62 Sanftes
2029 3749 170 73 hatte,
2239 3751 153 61 wohl
2434 3752 135 63 aber

349 3822 81 61 die
477 3827 301 83 Festigkeit
834 3844 152 52 eines
1042 3851 191 61 guten,
1285 3836 352 79 endgültigen
1687 3839 403 65 Entschlusses.
2151 3843 88 62 Es
2287 3868 120 38 war
2456 3848 113 61 ihm

349 3914 217 68 deutlich
607 3929 323 74 geworden,
983 3929 109 61 daß
1134 3952 59 38 er
1235 3930 181 62 dieses
1455 3954 179 55 ganze
1673 3932 188 63 Elend
1905 3937 268 77 austilgen
2214 3949 206 64 müsse,
2462 3942 105 62 sich
