3566 4572
1686 551 225 49 Kasimir
2195 550 278 49 Ecfsdomid
2265 574 219 10 •
2485 548 22 61 Yousouf

973 554 95 50 598

1049 743 113 60 Las
1208 742 189 61 Casas
1438 738 308 77 verbeugte
1787 738 123 60 sieb.

1058 835 284 61 »Warum
1383 831 263 61 kommen
1688 830 160 62 Sie?«

1060 930 154 59 »Der
1252 928 163 58 Prinz
1455 924 107 61 ließ
1604 925 133 60 midi
1778 924 218 61 rufen.«

1057 1018 374 62 »Due11...?«

1057 1113 153 60 »Der
1236 1110 279 78 Marques
1549 1109 417 78 SieteUglesias
2003 1109 167 71 <Sire,
2197 1109 96 62 Sie
2319 1109 218 61 kennen
2572 1109 110 61 den
2706 1109 259 69 Prinzen)
3000 1128 204 46 nannte

973 1206 92 61 ihn
1109 1203 334 79 irgendwas.
1487 1203 83 61 Ich
1611 1203 215 79 schlage
1859 1203 133 61 mich
2037 1203 89 61 für
2166 1202 110 62 den
2316 1203 287 61 Prinzen.«

1050 1298 123 60 Der
1213 1297 193 78 König
1446 1296 209 62 winkte
1695 1296 89 61 ab.

1049 1391 283 76 Langsam
1373 1389 195 62 drehte
1609 1413 61 37 er
1709 1390 107 60 sich
1859 1413 97 37 um
1998 1389 118 61 und
2156 1390 225 60 schaute
2422 1389 165 61 durch
2630 1387 103 63 das
2775 1389 253 61 Fenster.

1054 1485 132 61 »Sie
1225 1484 193 61 hatten
1460 1483 299 62 schlechten
1801 1483 221 77 Erfolg,
2064 1484 330 76 Marques.«

1045 1578 113 59 Las
1203 1577 193 60 Casas
1445 1575 310 78 verbeugte
1805 1577 123 59 sich.
1981 1577 98 59 Da
2118 1575 231 61 wandte
2398 1575 99 61 der
2537 1577 193 76 König
2779 1575 114 60 ihm
2935 1574 101 61 das
3081 1574 82 63 Ge-

970 1672 131 62 sicht
1142 1696 92 46 zu,
1276 1671 170 60 nahm
1487 1679 163 52 einen
1692 1679 309 52 verzierten
2036 1671 199 69 Dolch,
2276 1669 255 62 schenkte
2573 1669 93 62 ihn
2706 1671 113 59 Las
2856 1669 212 70 Casas,
3101 1671 104 76 gab

970 1766 113 61 ihm
1125 1764 88 61 die
1255 1763 177 61 Hand
1477 1764 117 60 und
1636 1780 157 61 sagte
1834 1772 153 69 gütig
2028 1763 118 61 und
2187 1763 134 61 klar;

1053 1860 162 59 »Das
1257 1858 222 60 Wiesel
1521 1857 106 61 soll
1667 1858 139 60 nicht
1848 1874 260 44 umsonst
2147 1866 214 69 getötet
2400 1866 173 52 sein.«

1041 1952 115 60 Las
1199 1951 190 61 Casas
1432 1950 225 61 lächelte
1698 1966 248 45 verzerrt
1987 1950 116 61 und
2144 1960 144 69 ging.

1049 2045 88 61 Er
1176 2045 181 61 schritt
1404 2044 166 61 durch
1613 2044 133 62 Säle
1789 2044 117 61 und
1924 2044 486 79 Verbeugungen,
2452 2045 84 61 bis
2581 2068 58 38 er
2681 2055 54 51 in
2779 2044 109 62 den
2930 2044 277 61 Eckraum

971 2139 149 70 kam,
1162 2139 108 61 den
1313 2138 112 62 ihm
1468 2138 99 61 der
1606 2138 163 61 Prinz
1811 2138 329 61 überlassen
2182 2139 170 61 hatte.
2396 2140 87 60 Er
2523 2139 106 61 ließ
2671 2154 189 46 zuerst
2902 2137 109 61 den
3054 2137 153 61 OffL

973 2243 114 51 zier
1128 2233 282 70 kommen,
1454 2233 99 61 der
1595 2232 89 62 die
1728 2232 251 62 Galeere
2018 2232 411 62 kommandiert
2470 2233 173 70 hatte,
2685 2232 90 62 die
2817 2232 111 61 den
2972 2232 233 61 falschen

968 2327 182 61 Bassa
1191 2327 125 76 fing.

1046 2420 113 61 Als
1201 2444 60 37 er
1303 2430 220 61 eintrat,
1566 2429 87 53 ein
1688 2430 186 67 wenig
1909 2420 114 61 dick
2057 2420 117 61 und
2207 2430 98 51 mit
2339 2420 286 79 plumpem
2657 2419 259 71 Lächeln,
2949 2419 255 77 verlegen

971 2513 119 60 und
1144 2514 409 76 geschmeichelt
1613 2514 108 61 auf
1770 2513 93 60 ihn
1912 2513 233 71 zukam,
2194 2515 130 75 griff
2365 2514 114 59 Las
2531 2513 192 62 Casas
2772 2521 146 52 zwei
2968 2513 236 59 schwere

966 2608 220 70 Beutel,
1229 2607 89 60 die
1360 2608 109 59 auf
1501 2617 182 52 einem
1716 2603 162 66 Tisch
1921 2607 182 60 neben
2146 2607 112 62 ihm
2300 2607 183 78 lagen,
2526 2607 118 60 und
2683 2607 159 60 warf
2875 2615 80 52 sie
2988 2615 98 51 mit
3118 2629 56 37 er-

970 2699 262 61 hobenen
1256 2700 225 61 Armen
1523 2700 113 61 ihm
1676 2726 74 37 zu
1783 2725 107 36 vor
1932 2699 109 62 ihn.
2085 2700 85 60 Er
2211 2700 110 60 rief
2354 2699 113 61 ihm
2507 2699 352 79 gleichzeitig,
2893 2699 109 61 daß
3038 2723 58 36 er
3127 2708 77 51 sie

969 2792 255 62 aufhebe
1266 2794 118 60 und
1425 2794 82 61 als
1549 2794 338 78 Belohnung
1928 2794 204 61 nehme
2174 2793 90 61 für
2304 2802 196 53 seinen
2535 2793 223 61 Dienst.
2804 2792 142 61 Und
2988 2792 80 62 als
3111 2791 93 61 der

971 2887 267 71 Offizier,
1285 2905 92 43 rot
1416 2888 329 78 geworden,
1787 2888 138 61 nicht
1966 2887 220 71 wußte,
2235 2911 123 37 was
2403 2887 104 61 das
2549 2911 148 47 war,
2748 2886 188 61 befahl
2978 2910 60 38 er
3077 2885 126 69 ihm,

965 2981 109 61 den
1117 2991 162 52 einen
1312 2982 200 61 Beutel
1553 3008 74 37 zu
1661 2984 207 59 öffnen.
1914 2984 113 59 Die
2059 2981 177 61 Hand
2273 2981 100 62 des
2409 2981 268 61 Offiziers
2714 2981 128 61 fuhr
2874 2980 184 62 hinein
3092 2977 111 63 und

965 3075 108 61 auf
1091 3085 211 52 seinem
1331 3075 230 62 Gesicht
1586 3078 241 59 erschien
1854 3085 89 52 ein
1961 3075 194 62 Reflex
2180 3099 117 37 von
2325 3075 416 79 fassungsloser
2758 3075 441 74 Enttäuschung.

1050 3169 434 62 »Holländische
1524 3170 263 60 Münzen
1808 3217 82 16 ...
1933 3193 70 54 ge
2024 3217 45 13 ~.
2128 3169 178 61 fäl..,
2329 3169 146 61 schte
2497 3216 80 14 ...
2624 3168 317 61 Moliniflos
2960 3168 140 60 —?«

1053 3263 269 62 »Wolfen
1355 3264 117 70 Sie,
1514 3264 111 61 daß
1667 3264 75 61 ich
1783 3264 96 61 Sie
1921 3263 91 61 für
2045 3263 153 61 diese
2231 3258 113 66 Tat
2376 3272 98 52 mit
2507 3262 268 62 anderem
2808 3262 82 61 als
2925 3271 97 51 mit
3054 3269 146 53 einer

1070 3358 279 60 Imitation
1391 3357 306 62 belohne?«

1046 3452 124 60 Der
1203 3451 242 61 Offizier
1486 3450 213 79 begriff,
1744 3450 109 62 daß
1891 3450 118 61 dies
2046 3450 110 61 ihm
2192 3459 82 52 ins
2314 3449 231 62 Gesicht
2583 3449 325 77 geschlagen
2942 3469 135 38 war.
3122 3442 80 61 Er

969 3562 259 44 stemmte
1269 3545 105 61 sich
1418 3545 119 70 auf,
1577 3544 84 61 als
1703 3544 170 61 wolle
1914 3568 59 37 er
2014 3544 109 61 den
2165 3544 198 61 Beutel
2405 3542 362 78 wegwerfen.

1050 3639 99 61 Da
1186 3639 221 77 begann
1440 3639 113 61 Las
1591 3638 191 62 Casas
1817 3638 230 61 Gesicht
2086 3662 75 37 zu
2202 3647 218 50 zittern:
2469 3638 181 68 »He,«
2696 3635 112 61 rief
2841 3658 77 47 er,
2959 3631 236 63 »Herr!«

1084 3733 119 61 und
1243 3757 60 37 es
1346 3733 165 77 klang
1551 3742 111 52 wie
1705 3733 100 61 der
1836 3728 132 65 Ton
2012 3742 153 51 eines
2207 3730 99 63 der
2346 3730 292 61 krummen
2672 3730 230 60 Hörner
2942 3752 73 36 an
3057 3736 145 50 einer

968 3823 335 79 königlichen
1345 3826 310 61 Barchette:
1700 3835 74 50 im
1807 3824 196 61 Befehl
2037 3823 531 62 unabwendbar...
2606 3821 119 62 und
2760 3845 61 37 es
2856 3821 208 61 knickte
3096 3817 103 61 den

973 3916 304 79 Zornigen.
1321 3918 86 60 Er
1439 3927 129 69 ging
1609 3927 96 52 mit
1746 3917 335 78 hängenden
2121 3917 241 61 Armen,

1043 4010 114 60 Las
1200 4010 193 61 Casas
1435 4020 375 67 promenierte
1850 4011 137 60 noch
2029 4010 140 61 über
2210 4019 124 52 eine
2375 4009 219 62 Stunde
2636 4017 55 51 in
2733 4006 99 62 der
2871 4006 192 62 Kühle
3104 4002 92 62 des
