2720 3998
598 269 41 24 10

600 334 211 36 Egyptiens,
842 332 223 30 c'est-a-dire
1094 340 19 19 a
1140 330 159 35 quelque
1322 330 108 29 chose
1454 332 44 27 de
1522 332 222 34 mysterieux
1768 334 38 27 et
1828 333 46 27 de

600 394 82 27 pur,
704 387 51 33 et,
779 385 120 34 quand
924 383 89 29 elles
1042 384 145 33 reprise
1192 383 109 28 intent
1324 389 50 21 un
1398 383 126 28 drame
1547 384 45 28 de
1620 383 254 36 Shakespeare

600 445 45 21 ou
670 436 295 35 d'Aristophane,
988 435 34 34 je
1040 435 95 28 crois
1157 435 82 28 voir
1254 433 34 30 la
1311 435 130 33 penstfe
1459 435 46 28 du
1524 436 108 33 poete
1649 443 38 21 se
1705 436 170 28 dcrouler

600 497 45 20 en
680 489 207 27 caracteres
914 488 119 27 sacrtfs
1065 494 64 21 sur
1162 485 53 30 les
1245 485 190 30 murailles
1464 486 87 29 d'un
1794 489 79 27 And

598 540 146 36 finally:
798 539 25 28 II
838 547 23 27 y
877 547 20 20 a
910 546 72 21 une
999 539 115 28 heure
1128 547 19 20 a
1164 539 107 33 peine
1286 545 69 28 que
1369 537 32 30 la
1415 537 90 30 toile
1519 539 47 28 du
1586 539 106 29 Petit
1707 539 168 30 Theatre

600 594 57 27 est
851 598 64 21 sur
945 590 33 29 le
1009 598 139 28 groupe
1179 591 242 28 harmonieux
1451 591 44 28 de
1523 590 206 31 Ferdinand
1758 593 39 28 et
1830 593 44 28 de

599 645 179 29 Miranda.
791 644 42 28 Je
847 644 76 28 suis
939 650 86 21 sous
1042 642 33 29 le
1099 643 147 28 charme
1270 643 50 35 et,
1345 650 78 21 com
1428 650 57 21 me
1509 644 55 27 dit
1587 643 194 37 Prospero,
1840 644 35 35 je

600 704 56 21 me
684 703 147 22 ressens
869 703 133 21 encore
1037 696 63 27 des
1136 694 169 29 illusions
1339 696 44 27 de
1418 696 98 27 cetie
1678 696 197 30 L'aimable

598 747 202 36 spectacle!
824 748 44 30 Et
891 747 88 36 qu'il
1003 749 58 28 est
1082 748 78 28 vrai
1185 755 69 27 que
1288 746 53 30 les
1364 747 129 29 choses
1526 749 188 35 exquises,
1751 750 121 34 quand

600 800 89 29 elles
726 801 86 27 sont
849 799 139 36 naives,
1024 801 86 28 sont
1146 800 94 28 deux
1276 798 70 30 fois
1383 800 169 35 exquises
1651 802 73 35 (La
1810 801 64 28 Vie

853 853 39 27 et

664 906 47 28 So
735 904 108 29 much
866 905 91 27 then
979 904 59 29 for
1062 905 176 34 Dancing,
1256 904 243 35 Pantomime,
1515 905 64 29 the
1603 906 271 36 Marionnette;

599 958 70 28 and
695 965 82 19 now
798 956 59 29 for
879 955 135 29 Masks.
1150 962 43 24 JZ?
1832 966 43 24 &

598 1015 45 24 jg/
666 1009 94 28 Used
785 1010 46 34 by
856 1009 64 29 the
947 1017 152 27 savages
1129 1009 107 28 when
1261 1008 150 36 making
1437 1017 77 20 war
1543 1011 39 27 at
1608 1019 20 20 a
1650 1012 90 28 time
1767 1012 108 29 when

599 1067 78 20 war
698 1068 75 20 was
797 1059 130 30 looked
952 1067 46 22 on
1023 1068 38 21 as
1091 1067 46 20 an
1161 1060 76 34 art;
1262 1061 88 27 used
1369 1061 45 34 by
1437 1060 64 29 the
1525 1062 168 29 ancients
1716 1063 36 28 in
1776 1064 99 28 their

264 345 28 27 A
328 344 116 31 NOTE
480 345 57 29 ON

177 385 146 29 MASKS

178 953 151 30 Masks.
366 960 43 23 &
492 959 43 24 <£?

600 1120 228 20 ceremonies
853 1120 108 21 when
984 1120 98 20 laces
1105 1120 99 19 were
1228 1120 82 20 held
1334 1120 39 20 to
1399 1120 42 21 be
1464 1120 63 21 too
1550 1120 105 23 weak
1670 1120 71 24 and
1766 1120 214 35 disturbing
1996 1127 46 21 an
2060 1120 181 33 element;
2266 1120 88 26 used
2380 1120 46 33 by
2442 1120 106 26 those

600 1164 107 33 great
730 1164 129 27 artists
882 1162 36 29 of
940 1162 65 29 the
1028 1163 162 34 theatre,
1217 1161 205 37 /Eschylus,
1446 1164 198 34 Sophocles
1672 1167 69 28 and
1767 1167 213 38 Euripides;
2014 1169 165 35 rejected
2204 1169 97 29 later
2335 1176 47 21 on
2406 1170 47 34 by
2484 1169 64 28 the

600 1214 127 35 vanity
751 1212 37 30 of
802 1214 64 28 the
891 1214 135 34 actors,
1043 1214 70 27 and
1131 1212 190 36 relegated
1340 1214 46 35 by
1401 1214 102 29 them
1520 1216 40 27 to
1576 1216 64 28 the
1657 1217 170 36 toy-shop
1844 1221 70 27 and
1931 1221 66 28 the
2010 1220 231 36 fancy-dress
2255 1219 85 36 ball,
2363 1220 65 29 the
2445 1218 103 30 Mask

600 1264 65 28 has
688 1263 97 29 sunk
817 1265 39 27 to
879 1264 64 28 the
968 1263 93 29 level
1096 1263 36 29 of
1154 1265 65 27 the
1244 1265 135 34 Dance,
1404 1264 36 29 of
1473 1265 230 31 Pantomime
1727 1270 70 27 and
1832 1269 38 29 of
1897 1272 65 27 the
1986 1272 239 28 Marionette.
2251 1270 106 29 From
2389 1271 111 34 being
2529 1278 19 21 a

600 1313 104 30 work
727 1314 37 29 of
786 1315 59 28 art
861 1315 132 28 carved
1011 1315 37 28 in
1065 1315 104 28 wood
1188 1316 70 27 and
1277 1317 242 28 ornamented
1537 1317 90 28 with
1644 1320 170 32 precious
1832 1321 144 36 metals,
2001 1323 29 27 it
2047 1322 65 28 has
2128 1321 175 29 frittered
2329 1320 101 30 itself
2446 1329 102 28 away

600 1366 80 27 into
703 1374 21 19 a
746 1367 101 33 piece
871 1365 37 28 of
930 1372 124 28 paper,
1079 1365 109 36 badly
1203 1366 150 34 painted
1371 1374 42 20 or
1430 1369 154 27 covered
1608 1369 90 28 with
1720 1369 107 30 black
1842 1372 110 28 satin,
1998 1379 44 23 &
2167 1379 44 23 &
2336 1379 44 23 &

669 1417 11 27 I
703 1416 93 28 shall
820 1417 67 27 not
910 1416 88 29 here
1022 1416 81 28 deal
1127 1416 230 36 historically
1373 1418 91 27 with
1480 1418 65 28 the
1562 1419 118 35 Mask,
1698 1428 38 20 as
1752 1421 76 28 this
1844 1421 76 30 will
1938 1423 43 28 be
2005 1422 93 36 fully
2121 1431 94 27 gone
2233 1423 79 28 into
2336 1424 37 27 in
2390 1423 158 28 another

603 1468 156 27 number
782 1467 70 28 and
878 1475 59 27 my
959 1466 205 35 particular
1186 1467 92 29 wish
1303 1468 30 27 is
1357 1469 66 27 not
1437 1468 40 28 to
1501 1468 152 30 confuse
1676 1470 64 29 the
1763 1473 134 28 reader
1912 1473 91 28 with
2020 1474 66 28 the
2109 1475 107 33 point
2239 1475 38 27 at
2300 1474 111 34 issue,
2427 1474 120 27 which

601 1519 31 27 is
654 1518 64 28 the
742 1519 229 33 importance
995 1517 37 29 of
1053 1518 65 28 the
1143 1517 103 29 mask
1268 1519 38 27 to
1331 1518 64 28 the
1420 1518 75 30 Life
1520 1519 36 29 of
1577 1520 65 29 the
1672 1520 157 32 Theatre
1861 1523 36 29 of
1919 1525 113 35 today
2055 1526 70 27 and
2161 1524 36 29 of
2219 1526 215 27 tomorrow.
2465 1525 30 27 It
2517 1525 30 28 is

602 1576 39 21 as
664 1569 206 33 important
893 1576 81 20 now
998 1576 39 20 as
1059 1569 30 27 it
1112 1576 74 20 was
1211 1567 36 29 of
1277 1567 57 30 old
1359 1569 70 28 and
1454 1570 30 27 is
1508 1571 37 26 in
1581 1578 45 21 no
1650 1579 80 28 way
1752 1573 39 28 to
1816 1574 44 28 be
1894 1574 171 29 included
2091 1583 134 27 among
2247 1575 65 29 the
2341 1575 128 35 things
2491 1583 55 21 we

603 1619 91 28 have
717 1619 40 28 to
779 1619 68 34 put
870 1619 99 27 aside
994 1626 38 21 as
1056 1618 58 28 old
1138 1618 207 36 fashioned,
1369 1621 99 26 must
1491 1621 36 27 in
1552 1628 46 21 no
1621 1629 80 28 way
1726 1623 43 28 be
1796 1623 131 30 looked
1953 1632 98 28 upon
2076 1625 140 36 merely
2242 1633 39 21 as
2308 1633 20 21 a
2355 1626 190 35 curiosity,

601 1668 59 29 for
683 1670 48 27 its
754 1670 187 27 existence
965 1669 30 28 is
1018 1668 90 29 vital
1131 1670 38 27 to
1193 1669 65 28 the
1281 1670 67 27 Art
1372 1669 37 29 of
1430 1670 64 29 the
1519 1670 170 31 Theatre.

670 1719 73 29 The
768 1719 190 29 historical
981 1720 111 35 study
1115 1719 37 29 of
1166 1720 76 28 this
1265 1721 171 34 question
1453 1721 74 29 will
1545 1722 86 36 only
1647 1724 110 28 assist
1773 1725 107 29 those
1896 1726 83 28 who
1996 1726 151 36 already
2166 1727 169 34 perceive
2357 1727 65 28 the
2439 1726 106 29 value

603 1771 70 28 and
698 1771 228 34 importance
951 1770 36 29 of
1009 1771 169 35 reviving
1200 1771 37 28 in
1270 1771 65 28 the
1359 1771 158 29 Theatre
1540 1773 64 28 the
1638 1773 143 31 famous
1805 1777 69 27 and
1904 1776 182 30 beautiful
2109 1777 148 36 vitality
2281 1776 36 30 of
2340 1778 48 28 its
2411 1776 136 30 earlier

604 1821 100 35 days.
728 1821 48 29 To
798 1821 108 29 those
929 1821 82 29 who
1037 1821 107 29 know
1169 1822 157 35 nothing
1343 1821 36 30 of
1400 1823 75 28 this
1498 1825 108 33 spirit
1628 1825 64 28 the
1710 1825 189 31 historical
1916 1829 111 35 study
2051 1828 37 29 of
2101 1828 66 29 the
2183 1828 106 29 Mask
2305 1829 30 27 is
2350 1828 195 35 valueless,

602 1872 59 29 for
684 1872 73 29 like
781 1873 228 34 antiquaries
1035 1873 90 35 they
1146 1872 75 29 will
1256 1874 67 27 but
1346 1873 131 29 collect
1511 1875 168 29 material
1702 1876 58 30 for
1793 1878 64 29 the
1881 1878 87 29 sake
1992 1879 37 29 of
2062 1879 210 36 collecting,
2296 1880 70 28 and
2392 1887 71 28 any
2486 1879 57 29 old

602 1924 121 35 thing,
746 1924 175 34 provided
946 1924 30 28 it
1000 1925 43 27 be
1067 1923 36 29 of
1126 1925 92 34 good
1244 1924 285 36 craftsmanship
1553 1927 70 28 and
1648 1929 224 35 excessively
1894 1938 97 28 rare,
2014 1930 75 29 will
2114 1931 140 28 attract
2275 1931 117 28 them.

671 1975 147 28 Gordon
843 1975 120 35 Craig,
986 1976 38 26 in
1048 1975 56 29 his
1126 1976 171 34 writings
1321 1983 46 21 on
1390 1976 64 28 the
1479 1976 171 37 Theatre,
1673 1978 131 35 speaks
1820 1980 58 29 for
1899 1981 65 28 the
1984 1981 105 29 Mask
2113 1989 88 21 over
2223 1983 70 27 and
2319 1989 89 21 over
2423 1982 120 34 again.

604 2027 50 27 He
678 2034 80 20 sees
780 2026 65 28 the
863 2027 84 34 gain
963 2027 39 27 to
1015 2027 65 27 the
1094 2026 158 29 Theatre
1268 2027 120 28 which
1406 2028 30 28 is
1453 2028 171 29 attached
1641 2030 39 28 to
1696 2030 75 29 this
1787 2031 120 36 thing.
1925 2032 110 29 What
2052 2032 44 29 he
2112 2032 87 29 tells
2216 2040 42 21 us
2282 2034 30 27 is
2329 2034 66 27 not
2412 2040 131 28 new,...

603 2077 30 28 it
656 2077 29 29 is
708 2077 101 28 what
832 2076 46 29 all
903 2077 128 28 artists
1056 2076 120 36 know,
1201 2078 66 27 but
1289 2078 108 29 there
1421 2077 66 30 lies
1512 2079 172 29 intrinsic
1706 2081 107 29 value
1835 2083 113 35 today
1965 2084 36 27 in
2020 2083 155 36 hearing
2192 2084 29 28 it
2237 2082 195 37 definitely
2448 2082 94 30 from

602 2127 65 28 the
685 2127 128 28 mouth
831 2127 37 29 of
883 2135 46 21 an
946 2129 111 28 artist
1072 2135 140 28 sprung
1228 2127 94 30 from
1347 2136 69 21 one
1440 2129 37 29 of
1492 2129 64 29 the
1574 2133 96 26 most
1693 2133 216 33 productive
1933 2133 158 29 families
2108 2133 37 29 of
2159 2134 66 28 the
2246 2133 150 36 English
2419 2135 124 34 Stage.

671 2179 49 28 He
743 2178 86 29 tells
854 2186 41 20 us
918 2179 84 28 that
1025 2180 136 27 human
1177 2179 107 29 facial
1308 2181 213 33 expression
1545 2182 29 28 is
1597 2181 59 29 for
1677 2183 64 28 the
1759 2185 96 28 most
1875 2186 84 33 part
1974 2184 196 36 valueless,
2187 2186 70 27 and
2274 2185 85 28 that
2374 2185 64 28 the
2456 2184 87 30 laws

603 2228 36 30 of
663 2229 55 29 his
741 2230 68 28 Art
830 2229 66 29 tell
921 2230 74 28 him
1022 2230 84 28 that
1165 2232 31 27 It
1219 2232 30 27 is
1273 2232 136 35 better,
1437 2233 176 33 provided
1637 2234 30 27 it
1689 2235 31 27 is
1745 2235 64 28 not
1838 2234 88 36 dull,
1949 2235 84 29 that
2062 2237 144 28 instead
2232 2235 36 29 of
2295 2237 54 28 six
2373 2235 169 29 hundred

602 2281 245 34 expressions,
865 2281 67 28 but
947 2281 54 28 six
1025 2282 233 34 expressions
1280 2281 94 29 shall
1398 2289 135 28 appear
1557 2291 97 28 upon
1677 2285 64 28 the
1912 2287 108 28 Later
2036 2294 46 21 on
2107 2287 45 28 he
2176 2288 101 34 gives
2295 2294 45 21 an
2357 2286 185 35 example:

692 2331 73 28 The
788 2332 120 35 Judge
931 2333 67 28 sits
1022 2333 37 27 in
1082 2333 203 35 Judgment
1302 2340 97 28 upon
1415 2333 65 29 the
1501 2334 186 36 Prisoner,
1705 2337 69 27 and
1793 2336 44 29 he
1854 2336 93 30 shall
1965 2337 140 36 display
2122 2338 67 28 but
2204 2338 75 28 two
2296 2339 246 35 expressions,

601 2382 89 29 each
715 2382 36 29 of
772 2383 119 28 which
915 2383 31 28 is
969 2384 36 27 in
1029 2383 76 34 just
1127 2385 217 33 proportion
1367 2385 91 28 with
1482 2385 63 29 the
1564 2386 119 29 other.
1701 2387 51 28 He
1776 2387 64 29 has
1856 2388 75 28 two
1948 2388 122 29 masks
2087 2389 70 28 and
2182 2396 46 20 on
2246 2389 89 28 each
2352 2389 104 29 mask
2473 2397 69 21 one

602 2435 97 27 main
723 2435 221 36 statement,
967 2435 106 28 these
1096 2436 223 28 statements
1337 2437 110 34 being
1468 2437 192 35 tempered
1685 2439 46 34 by
1755 2438 274 37 Reflections,...
2046 2440 64 28 the
2131 2440 113 34 hopes
2261 2441 70 27 and
2355 2439 98 30 fears
2470 2442 70 27 and

600 2485 64 28 the
688 2486 78 27 rest
790 2484 36 29 of
849 2486 65 27 not
938 2484 139 37 merely
1098 2486 65 28 the
1186 2486 131 35 Judge,
1343 2487 66 28 but
1432 2486 37 29 of
1491 2488 141 28 Justice
1656 2489 70 27 and
1752 2488 174 35 Injustice
2120 2496 44 24 &

670 2535 108 35 Craig
950 2537 39 27 at
1011 2535 131 36 taking
1159 2544 42 21 us
1219 2538 141 34 beyond
1385 2536 150 37 reality;
1560 2538 45 28 he
1628 2538 164 35 replaces
1825 2540 64 28 the
1913 2542 150 33 pattern
2088 2540 36 29 of
2145 2540 65 29 the
2243 2541 109 35 thing
2378 2541 101 29 itself
2502 2543 46 35 by

600 2586 64 29 the
688 2587 150 33 pattern
861 2586 119 29 which
1004 2587 83 28 that
1109 2587 109 35 thing
1240 2587 135 30 evokes
1399 2589 36 27 in
1460 2589 56 29 his
1540 2590 113 35 mind,
1677 2590 63 29 the
1764 2590 141 37 symbol
1929 2590 37 30 of
1988 2592 65 28 the
2075 2592 111 35 thing
2260 2593 36 27 In
2321 2594 130 34 saying
2471 2593 76 29 this

600 2637 142 28 Arthur
764 2638 155 35 Symons
942 2639 213 34 recognises
1178 2639 38 27 in
1241 2639 109 35 Craig
1372 2648 20 20 a
1415 2641 227 28 descendent
1665 2641 36 29 of
1723 2641 64 29 the
1810 2641 128 36 family
1961 2641 37 29 of
2020 2642 64 29 the
2108 2643 152 27 ancient
2283 2644 130 28 artists
2430 2642 37 30 of
2482 2644 64 28 the

601 2688 171 35 Theatre,
795 2687 58 29 for
877 2688 55 29 his
965 2689 70 27 aim
1059 2697 75 21 was
1157 2689 132 36 theirs,
1313 2691 70 28 and
1418 2691 64 28 the
1506 2691 105 29 Mask
1643 2700 20 20 a
1686 2693 85 33 part
1804 2691 36 30 of
1862 2693 102 28 their
1987 2693 188 36 strength,
2246 2693 64 29 the
2341 2694 117 36 Mask,
2482 2695 64 28 the

600 2739 141 35 symbol
765 2738 37 29 of
823 2740 64 28 the
912 2740 142 28 Human
1077 2740 91 29 face.
1472 2749 43 22 &
1649 2749 44 24 &
1828 2750 44 23 &
1997 2750 44 24 &
2164 2750 45 24 &/

668 2790 31 27 It
721 2790 30 28 is
773 2790 76 28 this
871 2797 107 21 sense
1003 2790 37 29 of
1063 2792 109 35 being
1196 2793 142 34 beyond
1365 2792 135 36 reality
1522 2793 120 28 which
1667 2796 208 32 permeates
1899 2794 48 29 all
1971 2796 107 34 great
2100 2796 71 27 art.
2196 2796 64 28 We
2284 2803 61 21 see
2369 2797 30 27 it
2421 2797 37 27 in
2481 2796 64 29 the

601 2840 96 29 little
713 2840 167 36 clumsily
896 2842 149 34 painted
1060 2843 165 34 pictures
1242 2842 37 29 of
1294 2844 106 28 those
1418 2844 146 34 periods
1580 2844 108 28 when
1705 2844 64 29 the
1783 2846 85 28 true
1883 2844 154 38 beyond
2049 2854 75 21 was
2142 2846 37 28 of
2196 2854 101 21 more
2315 2848 230 33 importance

599 2892 92 28 than
715 2900 20 20 a
757 2892 102 34 right
882 2894 243 34 perspective,
1148 2893 108 29 when
1279 2895 64 28 the
1371 2895 229 34 perspective
1628 2894 37 29 of
1687 2896 162 35 thought
1871 2897 71 27 and
1973 2896 139 36 feeling
2136 2896 82 29 held
2244 2898 48 28 its
2314 2898 87 28 true
2425 2898 119 30 value.

602 2943 63 28 We
689 2950 61 21 see
774 2943 30 28 it
826 2943 37 28 in
887 2943 64 28 the
976 2943 223 30 marvellous
1222 2944 97 29 little
1344 2945 180 30 Etruscan
1546 2945 141 37 figures
1712 2945 36 30 of
1771 2947 67 28 but
1861 2955 46 20 an
1932 2948 84 28 inch
2042 2948 106 35 high!
2220 2956 69 20 one
2313 2948 99 29 faces
2433 2957 56 21 me
2507 2958 38 20 as

600 2995 12 27 I
634 2994 121 35 write,
826 3002 20 20 a
868 2994 82 35 tiny
972 2994 98 29 little
1105 2996 100 34 piece
1230 2995 36 28 of
1300 2997 149 34 bronze,
1473 2997 158 35 charged
1655 2997 91 28 with
1774 3006 46 19 an
1854 2998 293 36 overwhelming
2169 3000 121 34 spirit,
2325 3001 67 27 but
2424 3001 121 28 which

598 3043 122 29 would
745 3045 43 27 be
812 3044 147 29 refused
985 3046 38 27 at
1045 3046 63 28 the
1134 3046 110 35 Royal
1268 3047 182 35 Academy
1473 3046 37 30 of
1531 3048 112 35 today
1660 3049 155 28 because
1834 3049 47 28 its
1899 3049 95 28 hand
2020 3050 29 28 is
2072 3057 39 21 as
2135 3051 61 33 big
2218 3058 40 21 as
2282 3051 48 28 its
2354 3050 94 29 head
2473 3053 70 26 and

599 3095 64 28 the
685 3096 82 28 toes
790 3095 36 28 of
848 3096 64 27 the
935 3095 77 29 feet
1035 3104 62 20 are
1123 3098 64 27 not
1209 3096 167 37 defined;
1402 3098 155 28 because
1591 3099 29 27 it
1643 3099 87 28 does
1755 3100 65 28 not
1852 3100 154 35 wriggle
2030 3100 101 29 itself
2154 3102 78 27 into
2257 3109 20 20 a
2300 3108 99 28 pose,
2425 3102 66 28 but
2515 3103 30 28 is

599 3147 125 34 poised
747 3147 91 28 with
861 3145 85 30 firm
972 3149 260 34 conviction,...
1251 3150 221 34 conviction,
1489 3158 20 20 a
1525 3150 109 35 thing
1657 3150 170 29 detested
1845 3151 46 35 by
1909 3152 234 28 committees
2166 3152 71 28 and
2255 3152 116 29 hence
2395 3152 148 30 refused

599 3197 199 28 admission
823 3198 36 27 in
883 3199 225 28 Academies.
2162 3209 44 23 jg?
2331 3210 44 23 jg?
2499 3211 44 23 &

599 3247 123 29 Masks
746 3255 106 28 carry
876 3250 208 27 conviction
1108 3250 108 27 when
1250 3250 45 28 he
1318 3250 82 29 who
1435 3252 143 27 creates
1601 3251 102 28 them
1738 3252 29 28 is
1791 3260 46 21 an
1862 3253 122 35 artist,
2016 3251 60 30 for
2098 3253 66 28 the
2188 3254 112 28 artist
2334 3253 115 30 limits
2479 3255 64 28 the

598 3300 224 27 statements
855 3299 119 28 which
1010 3300 44 28 he
1089 3300 120 35 places
1244 3308 96 27 upon
1374 3302 106 28 these
1515 3301 133 29 masks.
1684 3302 73 29 The
1790 3302 80 29 face
1904 3303 36 29 of
1966 3304 64 28 the
2065 3305 105 27 actor
2204 3305 138 28 carries
2374 3312 45 21 no
2453 3306 90 28 such

600 3350 226 28 conviction:
851 3350 29 28 it
902 3351 30 27 is
956 3358 88 21 over
1059 3350 67 29 full
1151 3350 37 30 of
1209 3351 158 36 fleeting
1390 3354 278 33 expression,....
1691 3352 98 37 frail,
1813 3354 170 35 restless;
2008 3355 192 28 disturbed
2222 3356 70 28 and
2317 3356 226 35 disturbing,

598 3401 84 34 and,
706 3408 40 21 as
767 3401 107 35 Craig
891 3408 81 28 says
989 3401 215 36 elsewhere,
1223 3410 45 21 on
1285 3403 75 28 this
1378 3404 157 28 account
1552 3405 66 27 not
1633 3404 187 28 material
1835 3406 91 27 with
1942 3405 119 29 which
2079 3406 38 27 to
2135 3405 106 29 make
2258 3415 21 19 a
2294 3406 105 29 work
2419 3407 37 29 of
2471 3409 70 27 art.

600 3457 44 23 JZ?
668 3452 30 27 It
721 3452 30 27 is
774 3451 171 29 doubtful
967 3453 171 28 whether
1159 3453 66 28 the
1248 3455 104 27 actor
1367 3453 74 30 will
1459 3462 86 21 ever
1569 3455 91 28 have
1677 3455 63 28 the
1759 3464 158 27 courage
1933 3457 40 27 to
1997 3464 109 20 cover
2122 3457 56 28 his
2194 3456 80 30 face
2295 3458 92 28 with
2403 3466 20 20 a
2441 3458 103 28 mask

600 3502 111 35 again
736 3502 135 35 having
894 3511 91 20 once
1002 3505 67 33 put
1085 3505 30 27 it
1137 3505 112 34 aside,
1266 3505 70 28 and
1355 3505 30 28 it
1400 3506 30 27 is
1447 3505 170 29 doubtful
1633 3505 171 30 whether
1827 3507 45 28 he
1895 3506 93 29 shall
2006 3515 62 20 see
2091 3507 84 29 that
2192 3509 29 28 it
2236 3508 121 29 would
2382 3516 105 21 serve
2504 3517 39 21 as

601 3552 56 28 his
680 3554 97 33 gain.
795 3552 28 29 If
845 3554 30 28 it
897 3561 66 21 can
988 3556 43 27 be
1054 3556 136 33 proved
1213 3556 85 28 that
1320 3557 30 27 it
1371 3556 122 29 would
1518 3558 43 27 be
1587 3558 39 26 to
1653 3557 64 28 the
1741 3558 135 28 actor's
1910 3557 72 28 loss
2015 3559 70 27 and
2115 3560 65 27 not
2209 3559 56 29 his
2295 3560 85 34 gain
2409 3560 31 27 it
2468 3559 75 30 will

600 3611 111 27 prove
734 3604 84 28 that
840 3605 64 28 the
921 3606 111 28 Actor
1049 3607 70 27 and
1143 3606 64 29 the
1224 3608 67 27 Art
1314 3606 36 29 of
1371 3608 65 28 the
1453 3607 158 29 Theatre
1632 3615 62 21 are
1719 3610 144 28 divided
1884 3610 38 27 at
1943 3609 65 28 the
2033 3610 138 36 outset,
2188 3611 70 28 and
2283 3618 69 21 one
2376 3610 37 29 of
2434 3611 108 29 three

599 3655 128 34 things
748 3655 75 28 will
848 3656 161 34 happen:
1078 3657 122 29 either
1214 3658 65 28 the
1296 3659 111 27 Actor
1422 3658 74 28 will
1514 3657 91 29 drift
1619 3657 149 31 further
1784 3659 94 29 from
1895 3660 65 28 the
1976 3661 80 34 Art,
2073 3669 41 20 or
2131 3661 45 29 he
2192 3661 75 28 will
2285 3662 43 28 be
2345 3662 195 36 destroyed

600 3707 37 28 in
662 3705 159 37 battling
844 3707 146 35 against
1011 3707 65 29 the
1092 3709 79 35 Art,
1195 3716 54 28 or,
1272 3707 141 38 finally,
1430 3709 45 29 he
1498 3709 87 36 will,
1609 3708 73 30 like
1704 3710 65 29 the
1802 3711 171 36 phoenix,
1997 3712 151 36 destroy
2173 3712 146 31 himself
2334 3714 39 28 to
2390 3720 40 22 re
2446 3712 95 31 form

177 1969 154 29 Gordon
351 1967 117 39 Craig
490 1977 50 21 on

177 2009 154 31 Masks,
368 2016 43 24 £?

176 2935 121 32 kittle
339 2934 196 34 Etruscan

176 2975 153 37 figures
365 2982 44 24 &

178 3259 118 29 Mask
318 3267 45 22 or
383 3260 108 29 faces
521 3260 17 28 ?
