2496 4068
1160 381 118 58 265

253 554 84 43 va
359 534 61 62 le
463 534 190 71 faire,
691 532 193 80 guidé
915 551 79 44 en
1030 534 143 62 cela
1207 551 249 45 comme
1486 551 79 44 en
1598 535 216 57 toutes
1848 528 230 61 choses
2110 542 122 64 par

257 628 95 62 les
380 644 186 61 sages
587 644 98 42 ses
710 625 404 62 devanciers.
1196 677 6 8 .

342 740 34 36 «
423 725 120 53 Les
579 715 317 62 éléments
929 722 150 55 sont
1108 719 259 60 habités
1420 735 121 61 par
1597 716 110 61 des
1735 716 330 60 créatures
2098 712 132 59 très

259 809 341 80 parfaites,
639 810 159 58 écrit
832 810 79 58 M.
950 809 214 61 l'abbé
1201 810 77 60 de
1310 809 244 61 VilLars
1611 807 161 61 dans
1805 805 61 61 le
1908 802 211 64 Comte
2152 801 77 61 de

263 898 253 63 Gabalis
553 899 105 81 (1),
703 900 157 60 dont
892 899 60 61 le
987 900 207 78 péché
1228 901 87 59 du
1349 900 432 60 malheureux
1804 896 212 60 Adam
2050 914 38 41 a
2120 895 108 58 ôté

258 990 66 60 la
383 992 470 59 connaissance
898 993 60 57 et
1004 992 58 59 le
1109 1009 366 44 commerce
1531 998 37 55 à
1618 1009 71 42 sa
1730 989 337 80 postérité.
2114 985 113 61 Cet

258 1097 233 63 espace
526 1080 111 78 qui
672 1084 94 57 est
813 1083 179 58 entre
1040 1082 68 59 la
1142 1087 170 54 terre
1371 1087 59 56 et
1463 1083 93 60 les
1592 1082 188 59 cieux
1811 1098 38 41 a
1882 1079 110 60 des
2026 1075 161 63 habi-

258 1174 175 58 tants
459 1172 153 61 bien
649 1172 146 79 plus
828 1173 229 61 nobles
1093 1193 121 60 que
1255 1173 94 61 les
1387 1174 269 61 oiseaux
1689 1176 60 57 et
1776 1172 94 60 les
1903 1168 280 61 mouche-

258 1279 188 54 rons;
472 1280 104 42 ces
597 1281 172 42 mers
798 1263 52 60 si
882 1270 212 53 vastes
1119 1270 115 54 ont
1263 1265 153 59 bien
1451 1263 282 60 d'autres
1764 1263 187 57 hôtes
1979 1277 122 61 que
2134 1258 94 60 les

261 1354 332 78 dauphins
635 1357 60 57 et
738 1355 93 59 les
878 1355 292 61 baleines
1198 1375 13 56 ;
1245 1356 65 60 la
1368 1354 404 80 profondeur
1828 1352 76 60 de
1951 1352 66 60 la
2053 1357 175 54 terre

261 1442 161 60 n'est
452 1461 116 60 pas
601 1463 165 59 pour
811 1445 91 60 les
934 1451 232 73 taupes
1201 1445 209 61 seules
1439 1465 13 55 ;
1486 1453 59 52 et
1584 1444 328 61 l'élément
1960 1441 88 61 du
2088 1440 137 70 feu,

259 1534 146 79 plus
440 1534 193 61 noble
685 1554 122 60 que
845 1538 94 59 les
992 1538 163 59 trois
1190 1541 240 69 autres,
1465 1535 104 61 n'a
1592 1554 117 62 pas
1762 1538 98 57 été
1893 1533 120 61 fait
2062 1549 168 64 pour

262 1624 344 60 demeurer
633 1625 235 60 inutile
903 1630 59 56 et
993 1628 172 58 vide.
1202 1647 35 39 »

343 1714 221 70 Quelle
597 1715 289 79 logique,
925 1721 60 57 et
1013 1717 290 78 qu'est-il
1359 1717 233 59 besoin
1650 1717 201 59 d'être
1903 1713 324 81 persuadé

261 1808 365 57 autrement
668 1808 77 59 de
797 1808 369 61 l'existence
1217 1808 77 61 de
1336 1827 105 42 ces
1482 1809 352 59 messieurs
1882 1811 61 58 et
2001 1807 77 61 de
2135 1822 92 42 ces

263 1896 210 61 dames
478 1944 11 24 ,
521 1896 165 59 amis
722 1897 76 60 de
832 1897 65 60 la
927 1898 254 61 science
1220 1901 11 57 !

338 1986 161 62 Mais
532 1986 592 80 expliquons-nous
1164 1991 386 78 davantage.

338 2077 169 60 L'air
554 2079 273 61 d'abord
873 2084 93 56 est
1001 2086 144 55 tout
1185 2082 421 60 fourmillant
1665 2079 568 62 d'innombrables

258 2169 243 79 figures
527 2169 346 62 humaines
907 2171 111 79 qui
1053 2178 113 56 ont
1197 2174 153 60 bien
1386 2174 145 60 soin
1585 2173 78 59 de
1693 2192 64 42 se
1789 2171 233 61 cacher
2069 2171 163 58 dans

258 2259 94 61 les
384 2259 281 61 fenêtres
729 2262 77 59 de
870 2263 384 72 l'invisible,
1306 2264 283 59 derrière
1637 2264 94 60 les
1776 2262 321 78 jalousies
2149 2259 78 60 de

258 2350 348 70 l'Au-delà,
646 2352 111 58 dès
790 2353 196 77 qu'un
1033 2354 320 60 indiscret
1397 2354 77 59 de
1524 2354 66 59 la
1620 2354 236 60 tourbe
1918 2350 311 60 humaine

262 2457 66 41 se
380 2441 202 76 prend
656 2447 35 52 à
757 2442 177 61 lever
978 2443 60 61 le
1090 2463 113 41 nez
1258 2462 148 42 vers
1458 2444 179 60 elles.
1673 2444 113 59 Ces
1853 2443 169 60 êtres
2077 2441 114 58 ché-

261 2530 242 58 rissent
546 2531 91 58 les
680 2532 315 62 sciences.
1061 2535 87 59 Ils
1208 2541 149 53 sont
1394 2535 234 59 subtils
1663 2551 250 43 comme
1954 2532 134 60 l'air
2121 2531 112 79 qui

266 2617 94 60 les
388 2625 184 70 porte
611 2622 60 57 et
709 2622 108 76 qui
865 2622 94 59 les
1010 2624 179 68 tisse,
1228 2625 305 58 officieux
1585 2643 131 41 aux
1766 2624 461 78 philosophes,

270 2707 158 59 mais
482 2711 289 57 ennemis
822 2712 290 59 naturels
1156 2714 109 58 des
1307 2719 160 66 sots,
1509 2715 108 58 des
1656 2715 342 79 ignorants
2037 2716 60 56 et
2153 2712 79 60 de

270 2814 160 42 ceux
465 2798 111 77 qui
607 2799 92 59 les
731 2803 376 71 trahissent,
1148 2822 248 43 comme
1430 2824 70 42 ce
1523 2806 243 79 pédant
1797 2806 77 60 de
1903 2806 77 59 M.
2013 2804 217 61 l'abbé

272 2885 75 60 de
375 2885 243 62 Villars
653 2890 106 78 qui
797 2890 142 61 finit
990 2895 325 60 assassiné
1359 2914 120 60 par
1523 2914 125 42 eux
1679 2916 112 42 sur
1844 2914 120 42 une
2020 2899 210 71 route,

380 2980 60 58 et
477 2979 401 64 moi-même.

351 3069 74 60 Je
458 3088 77 42 ne
569 3072 252 61 saurais
872 3091 161 44 vous
1086 3076 161 62 faire
1277 3097 171 43 assez
1481 3079 233 80 l'éloge
1752 3081 76 59 de
1858 3079 177 61 leurs
2068 3078 165 60 fem-

336 3259 44 50 1.
420 3260 73 51 M.
517 3262 165 50 l'abbé
717 3265 62 47 de
807 3265 194 49 Villars
1034 3281 55 35 se
1118 3272 400 58 contente,dans
1551 3286 59 34 ce
1634 3286 208 44 roman,
1861 3272 55 61 je
1947 3284 66 33 ne
2041 3269 78 48 dis
2145 3282 93 47 pas

273 3334 61 46 de
380 3334 268 62 s'inspirer
693 3338 92 48 des
845 3339 180 48 lettres
1085 3342 62 47 de
1202 3342 197 62 Jacqne
1460 3344 165 60 Borri,
1653 3345 127 47 mais
1838 3345 62 46 de
1937 3344 78 46 les
2062 3342 177 58 copier

276 3404 381 51 effrontément.
682 3408 41 47 Il
775 3413 78 44 est
901 3424 63 34 en
1002 3414 111 47 ceci
1156 3415 127 46 dans
1338 3415 48 47 la
1415 3416 240 46 tradition
1698 3416 63 47 de
1805 3415 226 47 certains
2073 3413 140 59 philo-

276 3477 189 60 sophes
496 3479 275 49 dissidents
804 3483 65 46 de
898 3483 49 48 la
985 3486 197 57 grande
1198 3488 329 59 orthodoxie,
1551 3489 235 60 lesquels
1818 3500 67 35 on
1917 3485 270 50 reconnaît
2215 3486 28 45 à

279 3561 59 36 ce
373 3549 149 61 qu'ils
547 3555 87 43 ont
658 3555 248 48 coutume
939 3556 61 48 de
1034 3557 291 50 s'attribuer
1359 3561 440 57 généreusement
1827 3573 59 35 ce
1924 3559 89 63 qui
2040 3571 65 35 ne
2128 3557 115 50 leur

280 3622 291 61 appartient
600 3637 114 49 pas.
