2496 4068
1252 433 120 59 270

613 597 125 58 Par
767 592 59 62 le
858 592 182 60 refus
1074 590 189 60 d'une
1304 585 306 64 faiblesse

618 684 122 71 Qui
773 685 109 59 eût
914 682 188 59 offert
1129 684 38 56 à
1197 697 101 43 ses
1333 696 294 44 caresses

617 777 85 60 Ta
731 773 266 80 fuyante
1028 771 309 81 virginité
1362 773 13 59 !

617 976 75 59 Et
720 971 545 64 semblablement
1298 970 132 61 sois
1463 970 316 61 craintive

616 1068 138 73 Que
787 1069 67 56 ta
890 1065 180 78 joue,
1105 1082 89 40 un
1228 1061 297 79 dauphin
1555 1060 233 62 l'avive

617 1158 86 60 De
731 1155 215 61 l'onde
980 1155 259 79 impure
1270 1153 152 61 d'un
1453 1153 261 79 regard,

616 1356 376 81 Cependant
1023 1373 124 62 que
1185 1360 115 56 ton
1329 1354 103 62 col
1467 1373 64 43 se
1564 1355 251 80 penche

614 1450 162 58 Vers
809 1447 64 60 la
900 1464 179 42 mare
1117 1451 84 55 où
1232 1449 72 56 tu
1329 1461 138 61 vas,
1500 1449 130 57 très
1658 1445 305 75 blanche,

614 1536 285 64 Doubler
936 1538 62 59 la
1030 1538 164 59 fleur
1238 1535 88 60 du
1373 1534 369 79 nénuphar.

614 1818 202 61 D'une
852 1835 254 44 caresse
1144 1818 339 60 consentie

611 1911 141 57 Non
785 1907 217 60 moins
1034 1906 93 61 les
1157 1924 211 43 cœurs
1404 1925 80 43 ne
1521 1915 150 53 sont
1707 1907 246 62 blessés

617 1999 133 71 Que
777 2015 119 43 nos
932 1997 217 79 doigts
1181 1997 110 60 des
1327 1999 269 77 poisons
1627 1997 228 63 laissés

611 2091 125 58 Par
767 2088 66 61 la
866 2088 237 78 piqûre
1141 2088 78 61 de
1251 2086 216 63 l'ortie
1491 2107 14 56 ;

609 2290 154 59 Mais
802 2306 71 43 ce
905 2288 242 74 baiser,
1186 2306 80 43 ne
1303 2288 61 61 le
1395 2288 257 80 faut-il,

599 2371 206 86 Épine
839 2385 60 56 et
929 2378 165 60 fleur
1131 2378 87 60 du
1246 2382 411 78 paysage?...

608 2472 173 58 Pour
809 2486 144 63 que,
989 2469 78 61 de
1106 2488 117 42 son
1246 2470 273 62 toucher
1553 2471 223 69 subtil,

607 2563 87 58 La
727 2560 262 61 Pudeur
1022 2578 160 44 vous
1216 2563 216 62 naisse
1456 2582 83 42 au
1564 2565 248 80 visage.

448 2789 250 64 Trianon,
739 2794 116 61 juin
888 2793 143 51 1893.

1508 2917 280 61 DAUPHIN
1822 2922 301 64 MEUNIER.
