2496 4068
1417 432 0 0 254

338 522 329 82 peut-être
694 536 81 42 au
804 518 215 60 moins
1033 517 264 61 n'eût-il
1311 535 115 60 pas
1454 521 98 56 été
1588 535 152 43 avec
1765 535 163 43 ceux
1962 520 110 77 qui
2105 521 130 60 crié
2261 557 18 11 -

339 616 141 57 rent
498 628 13 42 :
539 606 405 64 Crucifiez-le
964 607 12 56 !
1139 606 157 61 Mais
1317 606 186 61 Jésus
1524 606 163 61 n'est
1710 625 115 60 pas
1856 609 424 77 responsable

341 701 74 60 de
450 718 101 42 ces
607 698 405 80 égarements
1207 696 64 60 Si
1322 715 82 42 au
1448 696 136 61 lieu
1631 698 76 59 de
1753 699 383 77 poursuivre
2187 701 94 60 les

337 789 164 61 Juifs
528 786 190 60 d'une
749 785 191 61 haine
972 785 291 80 aveugle,
1307 785 58 61 le
1396 786 488 63 christianisme
1951 791 110 58 eût
2106 789 176 61 aboli

341 879 59 59 le
446 877 241 78 régime
725 875 111 79 qui
880 880 113 56 tua
1026 894 117 42 son
1195 874 367 76 fondateur,
1593 878 299 61 combien
1925 878 49 60 il
2030 882 110 57 eût
2182 884 99 59 été

339 968 145 79 plus
537 968 422 76 conséquent,
1020 964 302 62 combien
1372 964 48 61 il
1470 969 111 57 eût
1633 968 224 60 mieux
1914 971 227 59 mérité
2192 971 88 61 du

337 1075 198 61 genre
569 1056 271 59 humain
868 1057 12 56 !
932 1073 36 42 »
1024 1056 137 72 Que
1195 1073 71 44 ce
1326 1056 193 62 dévot
1546 1057 232 62 vienne
1823 1061 363 77 apprendre
2216 1061 63 61 la

338 1146 180 61 vraie
553 1145 290 61 doctrine
879 1145 77 61 de
991 1146 216 60 Christ
1240 1145 152 62 chez
1426 1164 162 43 ceux
1627 1147 111 79 qui
1772 1166 79 42 ne
1884 1150 252 59 croient
2162 1169 115 58 pas

342 1244 138 53 àsa
507 1236 295 71 divinité,
838 1235 94 59 lui
956 1235 159 61 dont
1170 1235 67 59 la
1274 1236 281 79 poitrine
1605 1244 187 73 porte
1824 1256 124 43 une
2013 1240 179 59 croix
2226 1245 59 56 et

343 1326 109 78 qui
484 1326 146 59 n'en
662 1327 371 60 méconnaît
1061 1343 115 61 pas
1213 1326 216 61 moins
1466 1326 90 61 les
1600 1327 309 61 sublimes
1946 1333 339 76 préceptes

343 1415 85 60 du
460 1414 211 61 Grand
704 1414 299 61 Crucifié.

423 1504 155 58 Mais
612 1520 154 42 non.
803 1504 387 60 Savez-vous
1249 1522 69 43 ce
1377 1523 122 61 que
1537 1505 221 62 faisait
1812 1513 101 56 cet
1945 1509 339 72 historien,

341 1593 222 79 quand
603 1593 50 60 il
710 1593 283 60 fouillait
1033 1593 92 61 les
1174 1595 304 61 histoires
1504 1598 28 57 ?
1574 1597 105 62 Cet
1730 1599 317 61 historien
2098 1600 149 60 cher-

342 1682 173 61 chait
545 1700 86 40 un
661 1682 175 61 Idéal
871 1682 157 78 qu'il
1058 1688 234 56 trouva
1326 1684 160 61 dans
1534 1686 93 61 les
1683 1687 230 62 siècles
1971 1688 313 62 lointains

339 1780 85 53 où
455 1772 66 61 la
550 1773 182 59 chair
761 1773 110 61 des
904 1772 379 81 hérétiques
1317 1776 320 77 grésillait
1656 1796 107 39 sur
1796 1778 58 60 le
1875 1778 247 63 bûcher
2155 1797 127 44 aux

339 1862 463 61 acclamations
865 1861 111 60 des
1053 1863 380 78 populaces.
1500 1867 76 57 Et
1628 1866 179 61 voilà
1867 1868 412 61 maintenant

341 1950 224 62 l'ldéal
600 1950 156 77 qu'il
788 1951 261 76 prêche.
1087 1952 225 60 C'était
1365 1955 143 59 hier
1537 1955 57 59 la
1633 1956 209 60 hache
1889 1957 274 60 d'armes
2219 1962 60 56 et

338 2041 61 61 le
431 2041 335 60 cimeterre
798 2039 86 59 du
917 2042 205 59 croisé
1144 2061 16 41 :
1188 2048 36 54 à
1240 2042 259 61 demain
1518 2044 65 59 la
1616 2046 264 76 cagoule
1910 2048 75 59 de
2019 2048 229 80 l'inqui-

343 2130 199 60 siteur
574 2131 60 57 et
657 2128 58 60 le
748 2129 297 59 chevalet
1078 2129 87 59 du
1196 2131 455 64 tortionnaire.

422 2222 75 57 Et
525 2218 362 78 cependant
911 2219 239 76 jamais
1184 2238 101 43 ces
1308 2222 259 78 paroles
1602 2224 75 60 de
1708 2225 212 61 colère
1948 2227 334 64 n'eussent

341 2312 119 67 été,
498 2312 221 56 contre
748 2313 99 53 cet
870 2308 283 74 homme,
1188 2328 78 42 en
1304 2315 186 56 notre
1522 2313 279 72 bouche,
1840 2315 101 60 s'il
1972 2317 100 59 fût
2106 2322 174 57 resté

334 2402 38 53 à
401 2395 65 60 la
497 2395 180 79 place
713 2397 109 76 qui
855 2401 94 55 est
979 2397 65 59 la
1063 2398 248 71 sienne,
1349 2417 82 42 au
1458 2399 158 63 fond
1651 2403 85 60 du
1767 2403 227 62 cloître
2027 2412 84 53 où
2144 2406 132 61 l'on

338 2486 339 80 martyrise
746 2486 64 59 la
862 2486 182 61 chair
1085 2488 86 60 du
1224 2489 228 61 novice
1508 2492 243 61 rebelle
1814 2498 38 56 à
1903 2496 373 80 l'ascétique

337 2577 194 78 règle.
567 2576 160 60 Mais
756 2576 47 58 il
836 2595 37 41 a
925 2577 199 61 voulu
1157 2596 64 42 se
1254 2578 167 79 jeter
1478 2581 160 61 dans
1671 2583 64 60 la
1771 2586 240 77 grande
2068 2586 209 62 mêlée

337 2665 242 62 sociale
612 2683 151 41 avec
795 2665 64 59 la
892 2669 371 76 prétention
1298 2669 78 61 de
1410 2688 65 43 se
1504 2670 164 62 faire
1712 2693 125 42 une
1882 2675 184 79 place
2108 2684 38 53 à
2185 2676 95 61 lui

338 2756 160 60 dans
528 2755 65 61 la
624 2755 178 61 foule
821 2756 77 60 de
923 2774 163 43 ceux
1109 2759 109 77 qui
1243 2761 401 62 combattent
1666 2782 167 61 pour
1854 2765 60 61 le
1946 2768 331 78 triomphe

338 2845 86 60 du
466 2845 177 61 Bien.
682 2845 84 61 Or
800 2850 37 55 à
879 2851 165 56 cette
1083 2848 185 80 place
1310 2850 48 60 il
1393 2850 106 62 n'a
1544 2870 114 61 pas
1694 2854 60 62 le
1792 2855 170 62 droit
2004 2858 76 61 de
2126 2862 111 77 pré-

335 2933 252 73 tendre,
616 2934 244 61 affublé
896 2935 107 61 des
1045 2937 287 81 insignes
1367 2940 156 79 qu'il
1555 2949 209 73 porte.
1801 2947 175 59 Nous
2002 2966 78 43 ne
2111 2966 125 43 vou-

335 3022 144 59 lons
511 3041 115 59 pas
659 3029 38 54 à
730 3042 121 42 nos
897 3028 175 58 côtés
1106 3028 77 60 de
1228 3047 69 43 ce
1335 3030 316 81 défroqué
1684 3036 240 72 féroce,
1960 3038 317 78 prêchant

335 3111 66 59 la
433 3114 436 59 restauration
909 3114 77 60 de
1017 3116 65 78 je
1127 3136 80 42 ne
1240 3119 128 60 sais
1406 3122 211 77 quelle
1651 3124 272 64 défunte
1953 3131 319 77 tyrannie,

338 3218 163 42 nous
537 3202 134 77 qui,
708 3202 210 77 pleins
953 3204 75 60 de
1057 3208 334 63 confiance
1420 3229 79 42 en
1531 3212 429 66 l'avènement
1999 3220 109 59 des
2138 3221 104 77 jus-

335 3292 159 60 tices
553 3293 410 78 prochaines,
998 3298 351 64 marchons
1383 3307 37 55 à
1459 3301 66 61 la
1567 3304 366 66 délivrance
1986 3310 216 71 finale,
2240 3316 37 56 à

337 3381 468 62 l'irrémissible
841 3385 190 62 chute
1062 3386 76 61 de
1175 3392 212 60 toutes
1420 3391 93 62 les
1544 3398 364 74 tyrannies.

415 3471 181 75 C'est,
626 3472 176 61 aussi
833 3474 153 62 bien
1019 3476 189 82 qu'en
1240 3479 57 62 le
1341 3484 211 71 nôtre,
1590 3503 84 43 au
1710 3505 148 42 nom
1894 3489 110 62 des
2039 3493 189 62 huma-

335 3563 263 62 nitaires
654 3563 216 63 futurs
930 3584 122 62 que
1113 3588 164 44 nous
1332 3572 270 81 parlons
1644 3579 34 59 à
1724 3583 165 58 cette
1932 3582 225 76 heure,
2193 3603 80 42 au
