2702 4158
328 576 749 132 L'INDIVIDU
1169 581 177 127 ET
1423 561 782 152 L'EMPLOYÉ

263 1118 93 61 Le
389 1118 282 62 numéro
703 1122 38 57 4
774 1120 119 60 des
925 1123 412 60 Entretiens
1372 1122 304 73 donnait,
1712 1139 83 44 en
1822 1120 160 74 tête,
2019 1139 134 42 une
2185 1138 173 61 page

187 1200 84 59 de
305 1199 287 79 Garlyle.
637 1222 29 36 «
702 1202 78 59 Je
823 1202 244 61 vénère
1116 1203 180 61 deux
1342 1203 312 61 hommes
1696 1239 77 5 —
1820 1207 65 56 et
1914 1221 122 61 pas
2074 1221 96 42 un
2206 1203 128 60 troi-

187 1280 335 61 sième:...
562 1282 61 73 je
656 1282 100 59 les
788 1282 242 62 vénère
1079 1301 81 42 en
1198 1286 225 58 toutes
1456 1284 185 60 leurs
1676 1284 250 60 formes
1954 1305 12 38 :
2011 1320 76 5 —
2120 1286 149 58 tout
2300 1284 61 60 le

554 1342 22 15 W
1951 1346 14 13 y

190 1366 180 58 reste
404 1366 103 58 est
540 1364 142 60 fétu
712 1366 63 58 et
798 1366 352 76 poussière
1180 1383 130 60 que
1335 1367 61 60 le
1425 1368 160 59 vent
1610 1371 301 73 emporte
1940 1367 37 58 à
1999 1383 122 42 son
2151 1366 111 78 gré
2288 1368 10 57 !
2331 1387 29 34 »

274 1443 125 61 Ces
434 1446 179 59 deux
644 1446 314 59 hommes
991 1449 154 58 sont
1175 1447 338 61 l'Ouvrier
1546 1449 65 59 et
1643 1448 59 60 le
1737 1448 328 60 Penseur.

270 1526 189 59 Dans
482 1543 132 44 une
641 1526 247 80 langue
911 1527 293 61 violente
1236 1531 64 58 et
1326 1528 343 79 poétique,
1692 1528 264 78 Garlyle
1979 1528 102 60 les
2101 1528 263 60 montre

192 1606 276 75 idéaux,
515 1608 322 78 typiques
874 1627 12 40 :
940 1608 334 76 l'ouvrier,
1310 1609 300 60 déformé
1653 1609 170 60 dans
1874 1609 99 60 les
2008 1609 355 77 besognes,

192 1687 285 61 l'échiné
506 1689 256 73 déviée,
789 1689 65 60 la
877 1691 183 59 main
1088 1691 321 73 calleuse,
1433 1692 65 58 la
1526 1691 142 61 face
1696 1689 190 61 halée
1907 1710 11 47 ;
1949 1691 59 59 le
2034 1691 330 72 Penseur,

191 1768 437 76 immatériel,
661 1771 284 61 tendant
971 1790 153 42 vers
1156 1773 65 59 la
1251 1772 313 72 lumière,
1601 1773 61 59 le
1690 1771 224 62 verbe.

276 1851 145 68 Que
454 1853 175 73 sont,
662 1852 170 61 dans
878 1853 65 59 la
982 1853 130 73 vie,
1147 1871 111 42 ces
1306 1856 183 58 deux
1538 1854 209 60 êtres:
1785 1854 65 59 et
1897 1854 63 59 la
2011 1868 225 44 masse
2274 1852 91 58 du

196 1954 31 33 «
262 1933 149 59 tout
446 1933 61 60 le
540 1936 178 58 reste
752 1955 57 53 »,
848 1935 422 77 qu'est-elle?

281 2185 539 78 L'organisation
849 2187 119 60 des
1010 2187 287 60 sociétés
1325 2187 384 74 modernes,
1744 2189 87 58 où
1871 2189 149 57 tout
2054 2187 102 59 est
2196 2187 140 59 cata-

197 2266 223 77 logué,
448 2267 378 74 numéroté,
858 2270 391 76 enregistré,
1278 2269 241 77 depuis
1546 2270 60 58 le
1629 2269 157 60 chef
1808 2267 217 60 d'Etat
2045 2266 324 79 jusqu'au

200 2347 185 60 sable
418 2347 304 78 répandu
755 2366 119 42 sur
914 2350 100 58 les
1049 2351 253 71 routes,
1338 2366 37 42 a
1422 2349 330 77 remplacé
1786 2350 64 58 la
1880 2349 107 59 vie
2034 2346 332 61 naturelle

199 2446 122 61 par
333 2441 130 48 une
488 2429 549 60 administration
1057 2430 447 79 compliquée,
1521 2430 372 59 canalisant
1912 2430 96 59 les
2027 2427 345 61 moindres

205 2510 460 77 spontanéités
709 2511 385 72 humaines,
1130 2511 245 78 depuis
1415 2512 236 59 l'essor
1683 2511 92 59 du
1819 2528 130 61 pur
1987 2509 194 78 génie
2227 2509 110 76 jus-

207 2592 252 77 qu'aux
487 2592 408 77 aspirations
928 2592 434 61 instinctives
1394 2594 91 58 du
1512 2592 167 61 vice.
1720 2595 85 57 La
1837 2592 176 59 carte
2045 2590 328 76 complète

206 2672 163 60 d'un
388 2690 169 60 pays
590 2674 90 59 tel
714 2690 131 61 que
876 2674 60 59 le
966 2675 216 72 nôtre,
1217 2691 159 42 avec
1405 2691 109 44 ses
1541 2674 291 59 réseaux
1860 2674 80 58 de
1974 2671 309 60 chemins
2312 2672 63 58 et

206 2754 83 59 de
321 2770 284 55 canaux,
634 2771 159 42 avec
825 2756 227 57 toutes
1084 2755 100 60 les
1216 2755 410 60 indications
1654 2755 118 58 des
1804 2754 371 70 cadastres,
2201 2768 130 42 mor-

207 2835 356 60 cellement
609 2837 62 58 et
721 2835 495 61 délimitations
1264 2837 79 59 de
1389 2835 64 60 la
1491 2834 360 78 propriété,
1888 2851 81 42 ne
2020 2831 357 61 donnerait

209 2915 249 76 qu'une
491 2915 148 60 idée
671 2933 217 61 vague
939 2917 80 59 de
1051 2917 66 59 la
1157 2917 107 59 vie
1312 2916 245 60 sociale
1604 2915 280 77 régnant
1917 2931 117 42 sur
2065 2930 72 43 ce
2187 2912 160 60 terri-

210 2996 193 59 toire.

294 3075 312 60 Aussitôt
641 3094 128 58 que
801 3078 90 58 tel
924 3078 269 76 citoyen
1234 3076 298 61 ébauche
1575 3095 92 42 un
1702 3074 437 62 mouvement
2179 3074 195 72 utile,

213 3155 275 60 soulève
515 3155 60 58 le
608 3156 167 76 petit
808 3156 186 78 doigt
1025 3175 173 59 pour
1230 3175 91 41 un
1356 3158 215 71 effort,
1615 3173 208 62 pense
1865 3173 85 42 au
1996 3154 290 73 cabaret,
2326 3154 47 58 il

216 3238 187 58 entre
437 3236 169 59 dans
641 3254 90 41 un
769 3238 300 74 système
1108 3240 147 57 tout
1296 3239 147 76 prêt
1479 3238 115 76 qui
1629 3238 299 69 modifie,
1968 3234 410 61 transforme

218 3318 64 57 et
333 3316 231 59 utilise
618 3334 110 42 ces
776 3321 498 70 mouvements,
1328 3319 191 59 effort
1552 3337 86 40 ou
1684 3316 270 78 pensée,
1992 3314 296 61 satisfait
2317 3315 63 61 le

219 3396 267 78 citoyen
515 3396 170 60 dans
728 3414 130 42 une
898 3398 295 61 certaine
1241 3415 270 44 mesure
1545 3400 61 57 et
1653 3398 199 59 d'une
1886 3396 192 73 façon
2120 3414 83 42 en
2233 3398 150 58 tout

218 3494 113 43 cas
365 3476 349 61 différente
745 3479 80 58 de
859 3479 164 60 celle
1056 3480 348 72 attendue,
1437 3479 98 58 lui
1565 3479 215 79 prend
1804 3495 132 44 une
1969 3478 171 61 forte
2167 3478 216 78 partie
