2702 4158
935 624 853 149 REMARQUES

455 846 186 72 SUR
689 846 124 69 LA
862 834 589 89 LIBÉRATION
1504 857 132 68 DU
1687 857 579 69 TERRITOIRE

357 1284 79 61 Je
483 1302 83 43 ne
619 1284 138 61 sais
812 1285 157 78 plus
1009 1288 159 77 quel
1202 1288 387 80 stratégiste
1641 1292 92 61 du
1810 1293 309 66 Premier
2172 1299 274 83 Empire

273 1365 239 63 aimait
558 1367 143 59 dire
738 1386 13 39 :
803 1368 178 61 Tout
1032 1369 270 78 général
1336 1372 119 77 qui
1488 1373 250 61 entend
1769 1374 152 64 l'art
1970 1379 81 61 de
2096 1381 65 61 la
2208 1401 239 57 guerre

276 1447 142 61 doit
446 1448 257 60 diviser
747 1466 125 42 son
921 1449 324 62 artillerie
1293 1470 82 41 en
1410 1453 182 60 deux
1634 1457 188 76 parts
1858 1477 13 38 :
1924 1458 182 64 l'une
2139 1462 308 83 affligera

272 1529 346 74 l'ennemi,
666 1529 241 63 l'autre
963 1531 173 62 mise
1207 1550 84 43 en
1345 1533 268 62 réserve
1665 1537 296 63 derrière
2026 1543 100 60 les
2196 1546 248 77 lignes,

273 1628 380 44 canonnera
703 1628 161 44 sans
922 1612 439 62 miséricorde
1418 1633 108 44 ses
1584 1635 277 61 propres
1916 1622 363 66 bataillons
2328 1630 119 62 dès

273 1693 167 79 qu'il
465 1693 343 61 tenteront
834 1694 66 59 la
929 1697 298 60 retraite.
1259 1696 183 62 Avec
1493 1698 139 61 cela
1674 1717 85 43 on
1794 1702 171 61 tient
2012 1706 66 59 la
2123 1708 281 65 victoire
2427 1734 14 38 :

275 1791 110 43 car
431 1773 146 61 rien
620 1773 286 62 n'excite
940 1776 158 77 plus
1145 1795 86 40 au
1278 1795 284 61 courage
1609 1797 130 61 que
1789 1782 66 61 la
1886 1787 332 64 certitude
2266 1792 80 61 de
2379 1795 65 59 la

275 1857 198 58 mort.

356 1936 178 61 C'est
588 1953 333 61 parceque
980 1938 101 60 les
1132 1939 373 78 capitaines
1543 1942 80 60 de
1687 1943 160 61 1870
1905 1947 417 81 négligèrent
2370 1974 73 43 ce

271 2017 335 79 précepte,
637 2036 152 58 que,
823 2019 351 61 Monsieur
1204 2021 239 61 Thiers
1474 2026 122 74 put
1629 2041 81 43 en
1735 2026 153 61 1871
1919 2032 267 61 acheter
2209 2035 66 61 la
2298 2039 111 74 pré-

275 2100 271 59 sidence
572 2100 80 58 de
671 2100 66 59 la
752 2100 459 78 République,
1228 2107 413 74 moyennant
1663 2106 314 79 l'Alsace,
2004 2112 65 60 la
2095 2113 348 82 Lorraine,

279 2182 63 57 et
371 2181 156 76 cinq
559 2178 339 62 milliards
926 2182 208 60 livrés
1168 2200 137 42 aux
1340 2186 362 76 germains.

359 2261 124 61 Car
527 2261 117 79 qui
703 2261 244 62 nierait
1005 2263 248 78 qu'une
1310 2266 374 62 semblable
1736 2287 271 46 mesure
2084 2279 356 78 appliquée

272 2342 300 78 pendant
600 2342 61 58 le
708 2342 180 78 siège
939 2343 81 60 de
1063 2343 195 61 Paris
1284 2345 186 61 n'eût
1499 2347 404 65 transformé
1936 2371 82 42 en
2070 2356 199 64 héros
2319 2380 122 43 nos

275 2422 341 60 mobiles?

355 2503 308 78 Naguère
696 2505 99 59 les
826 2505 375 61 tirailleurs
1226 2507 345 62 tonkinois
1603 2511 225 76 placés
1852 2517 185 61 entre
2079 2520 61 60 le
2172 2521 112 62 feu
2321 2526 119 61 des

282 2585 281 61 Chinois
609 2585 38 59 à
676 2585 269 62 vaincre
987 2588 64 58 et
1084 2587 172 60 celui
1291 2588 81 60 de
1415 2592 191 60 notre
1631 2592 365 66 infanterie
2048 2601 81 60 de
2180 2608 261 62 marine

276 2665 187 77 prête
498 2665 37 59 à
590 2666 99 58 les
741 2667 409 60 exterminer
1180 2667 118 60 dès
1329 2668 65 60 la
1423 2672 319 78 panique,
1787 2676 352 66 devinrent
2182 2685 257 63 d'assez

273 2746 174 60 bons
497 2746 364 61 miliciens.
900 2747 53 60 Il
997 2748 171 60 n'est
1222 2750 200 76 guère
1481 2752 398 82 d'exemple,
1909 2760 250 76 qu'une
2215 2769 224 62 armée

275 2826 307 62 refusant
614 2828 80 59 de
742 2828 253 78 quitter
1021 2848 108 41 ses
1181 2831 334 76 positions
1547 2837 64 58 et
1654 2842 328 70 avançant
2036 2845 252 79 malgré
2331 2869 108 42 ses

273 2910 226 76 pertes
530 2926 83 42 ne
647 2910 131 58 soit
808 2926 340 61 parvenue
1181 2912 36 59 à
1249 2912 289 63 vaincre.
1574 2916 260 64 Arcole.

353 2987 61 61 A
441 2987 220 62 Sedan
685 2989 229 62 80.000
943 2991 308 60 hommes
1278 3009 69 43 se
1378 2996 309 74 rendent,
1709 3001 174 60 mais
1919 3005 329 77 quelques
2270 3009 137 73 régi-

280 3072 247 69 ments,
586 3072 204 74 ayant
834 3072 210 59 voulu
1094 3090 258 60 passer,
1408 3077 375 63 traversent
1833 3084 255 78 malgré
2134 3089 147 61 tout
2335 3091 103 61 les

275 3151 218 78 lignes
526 3151 414 62 allemandes
973 3154 159 59 d'un
1174 3154 171 61 élan.
1383 3156 69 60 Si
1499 3159 309 63 soixante
1855 3166 227 61 autres
2128 3169 99 61 les
2284 3189 118 45 eus-

276 3234 152 58 sent
459 3231 255 74 imités,
747 3232 220 61 Sedan
1000 3234 491 64 dénommerait
1518 3256 132 45 une
1684 3241 249 62 défaite
1966 3248 80 59 de
2086 3248 345 69 l'ennemi.

359 3311 86 62 Ce
474 3312 169 60 n'est
672 3314 189 77 point
884 3316 145 59 tant
1053 3315 443 80 l'Allemagne
1519 3321 116 75 qui
1667 3323 310 80 vainquit
2007 3345 81 44 en
2123 3331 157 63 1870
2307 3352 132 61 que

275 3411 125 44 nos
469 3394 342 78 généraux
850 3395 344 62 décrétant
1236 3399 490 66 d'eux-mêmes
1766 3405 66 60 la
1876 3408 276 64 déroute
2210 3433 117 58 par
2371 3418 68 59 la

280 3476 173 60 sotte
472 3475 223 61 manie
728 3476 80 61 de
836 3477 433 60 commander
1301 3479 65 59 la
1386 3483 293 73 retraite,
1710 3486 311 79 toujours
2049 3491 65 61 la
2139 3497 292 63 retraite.

277 3557 386 64 Gravelotte
698 3559 62 61 et
809 3557 522 75 Saint-Quentin
1375 3565 415 78 pourraient,
1838 3585 159 50 sans
2046 3574 163 77 cela,
2264 3596 175 47 mar-
