2702 4158
1444 404 0 0 140

379 484 231 62 Parmi
642 484 146 59 tant
839 482 276 59 cTismes
1161 479 415 78 hérétiques,
1625 479 100 60 les
1769 478 190 60 chefs
2007 478 267 61 d'Ecole
2308 497 119 42 eux-

299 568 282 71 mêmes,
616 566 99 59 les
762 563 251 79 grands
1056 560 420 78 théologiens
1521 559 364 61 littéraires
1931 559 363 61 arrivaient
2326 562 37 57 à
2396 578 69 43 se

296 651 320 75 tromper,
653 646 57 58 si
742 644 159 60 bien
933 642 209 78 qu'un
1173 642 254 59 certain
1462 640 299 60 désarroi
1796 658 71 42 se
1900 639 365 61 manifesta
2298 642 167 59 dans

298 731 100 59 les
432 728 335 62 doctrines
799 726 95 59 les
926 724 235 60 mieux
1206 723 283 60 établies
1538 728 64 55 et
1630 722 387 73 anciennes,
2054 723 56 58 si
2144 722 159 62 bien
2336 740 128 60 que

296 811 120 58 des
459 809 258 79 prêtres
762 806 235 61 affolés
1042 804 345 60 couraient
1432 803 260 60 officier
1736 803 169 60 dans
1951 804 118 59 des
2129 804 336 78 chapelles

295 891 163 59 d'un
489 891 125 58 rite
647 889 307 75 étranger
995 903 85 42 au
1128 886 170 72 leur,
1348 886 37 57 à
1429 884 65 59 la
1545 886 287 76 stupeur
1876 884 118 60 des
2021 886 439 76 paroissiens.

296 972 249 60 Tandis
574 987 129 61 que
737 968 260 61 Catulle
1029 966 281 61 Mendès
1343 966 277 59 écrivait
1651 964 311 79 d'exquis
1992 983 274 42 romans
2294 967 138 77 pari-

296 1053 186 60 siens
534 1054 63 58 et
648 1049 465 73 naturalistes,
1162 1048 154 59 Zola
1366 1047 282 60 rentrait
1702 1047 169 60 dans
1915 1047 61 60 le
2022 1048 442 61 romantisme

295 1152 128 61 pur
450 1136 63 58 et
544 1132 265 79 glissait
855 1148 86 42 au
980 1128 469 79 symbolisme,
1499 1131 61 57 et
1607 1128 133 60 l'on
1804 1129 358 73 attendait,
2215 1129 80 60 de
2342 1131 82 58 mi-

296 1218 162 57 nute
491 1232 81 42 en
605 1213 283 71 minute,
922 1211 347 61 l'annonce
1316 1211 80 58 de
1446 1209 293 78 quelque
1780 1227 236 43 roman
2050 1211 414 62 moderniste

292 1300 69 58 et
390 1293 497 73 boulevardier,
919 1292 191 77 signé
1147 1310 10 39 :
1195 1292 290 58 Leconte
1514 1291 80 58 de
1626 1289 208 61 Lisle.

376 1378 56 61 11
465 1376 113 73 n'y
609 1376 181 61 avait
817 1375 156 74 plus
1002 1372 310 72 d'écoles,
1350 1372 174 60 mais
1556 1372 380 60 seulement
1969 1372 118 60 des
2116 1390 344 44 vacances.

374 1616 191 61 Ecole
614 1614 266 77 signifie
921 1632 250 61 groupe
1227 1614 602 79 d'enseignement,
1888 1615 64 60 et
2006 1614 156 61 chef
2200 1614 266 61 d'Ecole

294 1703 162 57 veut
494 1698 144 59 dire
682 1695 413 79 professeur.
1148 1696 102 59 En
1305 1696 403 73 littérature,
1761 1714 260 42 comme
2068 1696 303 73 ailleurs,
2404 1696 61 61 le

296 1782 240 59 maître
569 1777 217 73 initie,
835 1778 99 58 les
981 1777 222 59 élèves
1249 1777 334 60 écoutent.
1640 1778 113 72 Or,
1797 1778 37 58 à
1867 1777 254 60 l'heure
2154 1778 311 73 actuelle,

294 1879 84 42 en
408 1859 226 79 poésie
667 1860 64 59 et
762 1876 83 41 en
877 1876 219 59 prose,
1127 1859 148 58 tout
1305 1858 61 59 le
1396 1859 245 58 monde
1673 1858 184 77 parle
1891 1858 37 59 à
1954 1859 66 60 la
2051 1858 158 72 fois,
2232 1859 233 76 pérore

296 1945 64 58 et
393 1940 291 61 formule
714 1939 119 60 des
866 1939 373 74 doctrines;
1275 1957 332 60 personne
1653 1940 158 77 plus
1853 1957 83 42 ne
1968 1940 185 78 prête
2186 1940 279 61 l'oreille

295 2025 37 58 à
358 2041 70 42 ce
461 2023 266 60 concert
760 2038 316 60 sauvage.
1113 2022 60 58 A
1203 2022 193 76 vingt
1427 2038 147 56 ans,
1604 2020 262 61 chacun
1896 2022 289 77 possède
2215 2039 74 42 sa
2317 2023 112 60 doc-

292 2105 204 72 trine,
531 2103 163 60 fond
728 2104 64 57 et
825 2102 238 73 forme,
1099 2103 277 76 analyse
1406 2107 64 56 et
1499 2103 359 77 synthèse;
1891 2103 61 61 le
1988 2103 329 61 débutant
2350 2105 116 78 qui

294 2185 273 79 pénètre
621 2184 169 59 dans
835 2201 133 43 une
1014 2183 325 72 librairie,
1399 2202 91 41 un
1546 2184 382 60 manuscrit
1970 2202 163 42 sous
2178 2184 60 60 le
2283 2184 180 75 bras,

294 2268 198 58 cache
520 2283 94 42 un
648 2265 295 77 drapeau
972 2265 169 59 dans
1174 2282 75 43 sa
1273 2267 235 75 poche,
1545 2282 158 43 avec
1735 2283 94 42 un
1856 2264 175 61 beau
2059 2265 157 61 titre
2248 2268 182 76 philo-

295 2348 331 79 sophique
652 2395 15 25 ,
734 2345 464 61 retentissant.
1268 2349 85 59 Ce
1419 2347 206 61 serait
1695 2347 99 59 lui
1863 2345 169 63 faire
2102 2366 90 42 un
2253 2348 213 79 piètre

295 2431 183 76 éloge
511 2446 129 59 que
675 2428 81 58 de
786 2428 97 58 lui
919 2428 141 60 dire
1096 2447 12 39 :
1143 2428 151 61 Ceci
1330 2431 100 57 est
1463 2425 254 64 du'bon
1750 2429 190 60 Zola!
1980 2447 85 42 ou
2105 2448 10 40 :
2156 2431 196 59 Voilà
2385 2432 80 60 de

291 2511 384 61 l'excellent
704 2509 350 60 Mallarmé
1079 2511 11 58 !
1126 2509 54 60 Il
1214 2527 70 43 se
1316 2509 344 61 récrierait
1697 2530 11 39 :
1747 2511 176 59 C'est
1956 2511 92 61 du
2082 2512 137 60 moi
2247 2514 10 58 !

378 2592 82 60 Et
507 2591 174 59 voici
726 2591 162 76 qu'il
938 2591 219 59 aurait
1209 2589 482 80 parfaitement
1748 2592 249 60 raison.
2035 2592 53 60 11
2139 2611 83 43 ne
2275 2593 191 78 s'agit

292 2672 182 80 plus,
511 2691 81 42 en
626 2671 180 71 effet,
855 2671 276 61 d'écrire
1173 2690 260 43 comme
1477 2673 92 60 tel
1612 2691 86 42 ou
1739 2673 121 74 tel,
1893 2673 183 61 fùt-il
2110 2676 352 73 excellent,

294 2753 71 60 ni
394 2754 80 59 de
508 2753 226 60 suivre
766 2752 64 60 la
860 2752 323 61 bannière
1216 2753 161 60 d'un
1407 2753 268 61 illustre
1703 2758 263 56 maître.
2006 2754 104 63 On
2142 2759 163 58 veut
2327 2758 138 61 être

294 2836 125 73 soi,
455 2852 71 43 se
560 2834 285 78 dégager
872 2834 80 60 de
993 2836 187 58 toute
1222 2834 363 75 influence,
1621 2853 71 42 se
1721 2838 240 59 mettre
1997 2855 81 42 en
2112 2837 143 61 face
2286 2839 80 60 de
2399 2841 65 58 la

292 2917 131 74 vie,
452 2916 287 78 prendre
765 2916 295 77 position
1090 2916 169 59 dans
1305 2917 61 60 le
1399 2918 240 76 champ
1679 2918 118 60 des
1835 2917 210 75 idées,
2082 2937 81 42 en
2196 2922 269 76 portant

294 3000 120 59 des
447 2997 315 61 couleurs
800 2997 492 77 personnelles,
1340 3016 95 42 un
1491 3000 177 74 style
1716 2998 278 79 spécial,
2055 3002 325 61 adhérent
2429 3003 37 61 à

294 3080 80 59 de
404 3078 385 79 précieuses
822 3078 64 60 et
917 3078 363 78 originales
1310 3080 456 78 conceptions,
1799 3081 58 59 si
1884 3081 179 61 Dieu
2089 3082 61 61 le
2177 3087 286 75 permet,

294 3179 86 41 ou
412 3160 58 59 si
503 3161 62 58 le
596 3158 241 61 Diable
870 3177 46 59 y
946 3160 319 60 autorise.

372 3278 78 5 —
496 3241 216 60 Jeune
739 3241 402 73 littérateur,
1175 3242 88 60 où
1294 3241 275 62 vas-tu?

372 3358 78 6 —
496 3323 77 60 Je
605 3322 150 61 vais
800 3322 36 60 à
875 3322 582 79 l'Indépendance.
1499 3325 231 61 Parmi
1772 3344 132 43 une
1943 3327 248 61 société
2224 3328 208 61 catalo-

290 3405 192 77 guée,
517 3405 170 59 dans
718 3406 171 58 cette
922 3406 394 77 compagnie
1361 3407 80 60 de
1477 3407 364 79 discipline
1871 3408 205 78 qu'on
2109 3411 260 77 appelle
2401 3411 65 61 la

292 3486 107 61 vie
432 3486 525 77 démocratique,
991 3487 157 78 plus
1179 3487 455 62 hiérarchisée
1667 3490 188 61 mille
1889 3492 131 59 fois
2050 3509 122 61 par
2201 3492 65 60 la
2288 3494 143 59 Poli-

291 3567 215 78 tique,
538 3566 303 79 l'Argent
868 3570 63 57 et
962 3567 64 61 la
1058 3567 283 75 Guerre,
1381 3588 129 59 que
1547 3588 84 43 ne
1663 3574 164 74 peut
1856 3570 188 63 l'être
2074 3572 391 64 l'existence

292 3648 329 74 chinoise,
675 3648 242 79 j'entre
1010 3668 83 43 en
1190 3650 408 75 littérature,
1683 3670 262 45 comme
2030 3655 100 62 les
2203 3656 262 62 moines

294 3731 326 78 d'Egypte
649 3731 350 62 couraient
1024 3749 154 44 vers
1202 3732 66 63 la
1294 3734 370 62 Thébaïde.
