3221 4572
957 433 142 49 Pauf
1112 433 210 58 MerßeC
1358 434 257 52 Zwischen
1648 437 96 49 den
1776 435 195 51 Meinen
2002 435 134 50 Seen

2581 436 88 50 193

501 636 251 62 Warum
793 635 94 62 bin
929 636 76 60 ich
1046 636 256 78 gequält?

500 730 116 61 Die
654 729 246 62 Nerven
940 728 182 78 gehen
1164 739 54 51 in
1250 730 285 74 Aufruhr,
1576 741 82 54 sie
1698 755 196 40 zerren
1936 731 136 61 mich
2114 730 94 62 hin
2250 729 119 63 und
2410 730 114 62 her.
2568 731 105 63 Bin

423 825 77 61 ich
543 821 125 63 froh
704 821 119 61 und
855 821 149 61 weiß
1038 844 61 40 es
1133 823 156 71 nicht,
1322 824 140 62 oder
1494 825 159 63 stehe
1686 827 76 59 ich
1796 835 75 51 im
1897 824 256 64 Schatten
2186 832 155 53 eines
2374 823 299 63 nahenden

423 917 322 78 Unglüdks?
803 915 81 61 Ich
930 915 154 63 fühle
1124 926 148 52 mein
1312 918 159 61 Herz
1519 919 271 79 schlagen.
1848 919 203 61 Meine
2091 917 214 62 Hände
2352 918 127 61 sind
2528 917 145 71 heiß,

425 1011 83 62 als
550 1008 77 64 ob
668 1009 78 61 ich
787 1007 209 63 Fieber
1037 1008 164 62 hätte.
1245 1009 229 64 Dunkei
1514 1011 129 78 liegt
1682 1011 141 62 über
1864 1021 243 52 meinem
2145 1009 213 63 Leben.

502 1105 83 61 Ich
632 1102 273 62 wandere
954 1111 56 52 in
1058 1102 216 61 blinder
1324 1103 352 64 Einsamkeit
1723 1106 275 61 zwischen
2039 1103 468 79 Vergangenheit
2554 1105 119 62 und

422 1196 273 64 Zukunft.
755 1195 175 61 Habe
971 1195 76 61 ich
1086 1205 54 67 je
1178 1195 216 79 gelebt?
1449 1197 141 63 Und
1630 1222 123 38 was
1795 1209 72 52 ist
1914 1197 104 63 das
2068 1213 163 56 wert,
2280 1220 123 38 was
2454 1199 78 59 ich
2580 1220 60 38 er-

422 1300 213 69 ringen,
691 1313 125 37 was
867 1289 108 61 sich
1024 1298 103 52 mir
1183 1290 269 62 schenken
1509 1290 241 64 könnte?
1806 1293 230 70 Dieses,
2093 1291 106 61 das
2257 1290 416 71 Unverdiente,

423 1385 200 61 breitet
661 1384 108 61 sich
809 1392 113 52 wie
963 1382 207 78 Segen,
1212 1393 123 52 eine
1376 1385 241 79 zeitlang
1657 1396 71 52 ist
1767 1385 99 63 der
1900 1385 192 63 Glanz
2133 1409 117 37 von
2290 1384 242 79 Flügeln
2575 1409 96 37 um

425 1501 127 47 uns,
601 1477 151 62 dann
794 1476 194 62 fühlen
1029 1486 123 61 wir,
1208 1487 111 52 wie
1367 1479 209 61 schwer
1623 1490 105 50 wir
1776 1479 176 61 damit
1998 1479 240 63 befaden
2288 1478 142 62 sind.
2488 1478 183 79 Jenes,

423 1571 104 62 das
569 1580 106 52 wir
714 1570 261 62 mühsam
1016 1594 106 38 aus
1164 1594 227 39 unserm
1430 1572 133 61 Bfut
1603 1572 117 62 und
1762 1573 171 61 Geist
1970 1572 355 79 gestalteten,
2373 1573 143 63 reiht
2563 1573 107 61 sich

423 1674 112 52 wie
574 1674 89 52 ein
699 1662 166 64 Grab
906 1688 72 36 an
1020 1663 103 61 das
1165 1665 210 61 andere
1411 1713 11 14 ,
1461 1714 11 13 .
1510 1714 13 13 .
1559 1665 142 62 Und
1734 1666 90 61 die
1851 1666 354 79 Gegenwart
2238 1676 73 52 ist
2341 1676 90 52 ein
2464 1667 170 79 Janus-

425 1756 153 80 kopf,
644 1756 102 61 der
802 1765 100 52 mit
973 1755 167 79 gleich
1198 1757 368 63 erschreckten
1623 1757 329 64 Gesichtern
2018 1768 55 53 in
2130 1759 287 62 dieselben
2481 1759 188 63 leeren

423 1850 319 62 Horizonte
783 1867 183 45 starrt.

501 1944 87 61 Es
639 1943 202 62 dauert
888 1939 182 83 Tage,
1119 1943 258 63 Stunden
1427 1944 141 62 oder
1615 1970 108 36 nur
1770 1954 180 70 einige
2007 1945 323 63 unendliche
2378 1945 287 63 Minuten.

423 2036 84 62 Ich
548 2037 94 61 bin
682 2036 176 63 krank
898 2061 73 37 an
1011 2036 141 62 Leib
1194 2037 117 61 und
1353 2037 182 63 Seele.

502 2130 144 61 Und
685 2131 170 70 dann,
897 2130 150 62 dann
1088 2131 215 61 kommt
1343 2154 82 48 es,
1467 2132 76 61 ich
1578 2132 146 61 weiß
1766 2133 157 70 nicht,
1964 2156 220 38 warum
2225 2132 119 62 und
2382 2132 284 62 wodurch.

425 2222 114 63 Ein
581 2224 153 62 Ruck
774 2225 133 77 geht
947 2224 166 62 durch
1155 2225 91 62 die
1286 2249 181 55 ganze
1500 2225 214 63 Natur.
1758 2226 88 62 Es
1886 2226 145 61 wird
2071 2226 128 71 hell,
2238 2227 186 78 richtig
2463 2225 110 63 hell
2614 2235 55 52 in

425 2325 120 60 mir,
587 2315 252 64 draußen
872 2316 156 63 webt
1058 2318 272 72 Himmel,
1362 2318 109 62 alle
1503 2319 189 79 Dinge
1724 2320 297 61 schwitzen
2055 2329 163 52 einen
2250 2335 194 46 zarten
2477 2319 196 62 Glanz

422 2433 127 47 aus,
582 2419 112 52 wie
734 2434 73 37 an
850 2419 182 52 einem
1074 2410 200 64 frühen
1309 2412 513 80 Sommermorgen.
1865 2413 141 62 Leid
2046 2413 144 61 wird
2229 2413 172 71 stark,
2440 2412 231 63 Freude

423 2511 164 69 singt,
621 2503 119 61 und
771 2503 135 61 alles
940 2512 73 52 ist
1043 2503 404 63 Dankbarkeit,
1483 2506 257 62 Plötzlich
1776 2517 302 52 umstürmt
2110 2508 135 61 mich
2278 2506 222 72 Musik,
2532 2506 141 62 oder

423 2594 141 61 dicht
615 2619 109 36 vor
778 2605 120 59 mir,
955 2619 107 38 aus
1118 2596 130 62 dem
1305 2598 214 73 Nebel,
1576 2599 186 61 taucht
1819 2610 90 52 ein
1950 2601 240 62 Mensch
2250 2599 119 72 auf,
2429 2599 111 63 den
2591 2601 78 59 ich

422 2686 197 61 kenne.
679 2687 82 60 Ich
803 2686 142 62 liebe
986 2687 112 71 ihn,
1150 2690 141 61 oder
1339 2692 76 59 ich
1465 2691 170 62 hasse
1676 2692 111 61 ihn.
1847 2693 83 61 Ich
1979 2693 163 72 liebe,
2192 2695 75 59 ich
2318 2693 170 61 hasse
2537 2693 134 61 mich

423 2776 151 76 selig.

498 2869 143 59 Bald
681 2879 70 51 ist
792 2869 89 61 die
921 2869 164 62 Welt
1124 2871 214 61 wieder
1378 2883 52 50 in
1475 2874 303 79 Ordnung.

1086 3036 352 66 LOTHAR
1477 3040 520 66 EISENSTIRN

501 3147 133 76 Sag,
680 3147 235 61 knietest
955 3146 78 61 du
1074 3148 139 59 nicht
1251 3171 108 37 vor
1399 3148 82 61 ihr
1522 3151 118 59 und
1681 3149 170 64 hobst
1890 3152 128 62 dein
2059 3162 340 53 verweintes
2440 3154 227 78 Pagen**

422 3240 201 77 gesicht
661 3262 75 37 zu
776 3238 154 63 ihren
972 3240 382 61 abwesenden
1394 3242 249 78 Augen?

498 3332 179 61 Riefst
717 3332 77 60 du
837 3341 80 52 sie
958 3334 138 59 nicht
1135 3335 227 60 zurück:
1406 3334 153 71 leise,
1601 3336 94 60 ach
1738 3360 67 38 so
1846 3336 273 80 demütig;

505 3424 238 62 »Malva
778 3473 11 14 .
827 3473 12 13 .
878 3473 11 14 .
931 3425 103 71 Ich,
1076 3424 141 62 sieh:
1263 3426 94 70 ich,
1399 3428 75 59 ich
1514 3426 149 62 kann
1705 3428 114 62 dich
1861 3429 182 62 lieben
2084 3430 120 61 und
2242 3431 286 79 pflegen?«

497 3518 114 61 Als
646 3527 81 53 sie
760 3518 82 61 dir
874 3543 106 37 aus
1014 3518 145 62 ihrer
1189 3520 380 62 trauervollen
1587 3518 332 66 Träumerei
1952 3523 91 62 die
2069 3524 149 62 Stirn
2245 3524 190 74 küßte,
2467 3527 165 62 seufz-

421 3627 110 44 test
563 3610 79 61 du
684 3612 73 59 da
797 3613 160 60 nicht:
1005 3612 216 61 »Schon
1264 3612 102 62 das
1408 3622 71 53 ist
1517 3624 103 51 mir
1651 3638 187 56 genug
1872 3665 13 13 .
1924 3665 11 13 .
1974 3643 51 35 ,«
2071 3615 306 80 Schwiegst
2410 3618 119 62 und
2561 3619 69 63 be-

421 3722 203 60 gannst
662 3729 117 38 von
820 3730 227 39 neuem:

503 3798 138 71 »Ich,
682 3798 144 63 sieh!
870 3801 75 60 ich
982 3848 10 14 .
1033 3849 10 14 .
1084 3828 49 34 ,«

501 3892 101 61 Du
643 3894 203 62 teiltest
887 3895 82 61 ihr
1010 3895 353 72 Geheimnis,
1411 3896 102 64 das
1555 3897 136 61 auch
1733 3896 103 64 das
1877 3908 183 53 meine
2100 3923 139 38 war.
2283 3900 89 63 Es
2415 3925 123 38 war
2579 3911 90 54 ein
