3263 4572
572 356 93 50 186

1256 361 122 53 Otto
1408 363 124 59 Picß,
1568 364 140 52 Dem
1739 366 431 63 Bürgermädcßen

1074 1089 239 76 DEM
1358 1076 960 97 BÜRGERMÄDCHEN

2395 2895 153 65 Otto
2587 2895 158 65 Pick

797 1291 175 65 Nicht
1009 1293 173 65 kühle
1221 1297 141 61 noch
1403 1298 390 64 verschmitzte
1831 1300 271 63 Abwehr
2141 1312 171 54 ziemt
2352 1303 136 64 euch
2528 1314 72 68 je,

796 1387 93 64 Ihr
928 1389 309 75 Mädchen,
1280 1391 110 74 die,
1432 1418 99 38 um
1567 1394 165 62 frühe
1771 1395 148 63 Lust
1957 1396 298 81 betrogen.

795 1484 156 73 Uns,
993 1485 76 62 da
1110 1495 106 54 wir
1256 1489 136 61 nach
1435 1490 136 61 euch
1614 1489 267 74 lechzten,
1924 1516 68 39 so
2034 1493 266 80 belogen.

793 1579 138 64 Daß
972 1604 176 40 unser
1188 1582 232 63 Unmut
1460 1584 334 66 aufschwoll
1835 1596 113 53 wie
1988 1597 92 53 ein
2123 1588 131 63 See.

791 1738 140 63 Daß
970 1749 109 54 wir
1119 1742 111 61 auf
1262 1766 179 39 euern
1482 1743 283 63 lieblichen
1809 1745 336 64 Gesichtern

790 1834 143 80 Jetzt
974 1852 118 47 erst
1133 1837 285 65 erkennen
1461 1864 166 55 arger
1666 1836 347 86 Täuschung
2052 1843 269 74 Zeichen,

791 1928 181 65 Wem
1014 1931 226 65 danken
1282 1936 168 61 wirs?
1491 1935 175 63 Nicht
1708 1937 156 71 euch,
1906 1937 140 64 doch
2088 1940 435 80 euresgleichen.

788 2025 136 63 Den
957 2026 259 74 Frauen,
1258 2029 92 63 die
1390 2030 229 80 gefällig
1660 2031 129 62 sind
1828 2032 112 63 den
1982 2032 286 64 Dichtern.

788 2186 176 64 Nicht
1002 2212 111 38 nur
1154 2187 112 64 den
1308 2189 287 73 Dichtern,
1639 2190 92 63 die
1764 2200 84 55 sie
1887 2192 109 64 tief
2029 2194 305 73 erkennen.

786 2281 65 64 In
891 2283 149 63 ihrer
1070 2283 313 63 Wahrheit
1423 2302 140 47 stets
1605 2286 108 63 sich
1755 2297 184 53 reiner
1978 2289 273 72 brennen.

787 2378 185 72 Nein,
1013 2379 147 62 allen
1201 2379 314 73 Männern,
1558 2380 91 64 die
1689 2382 136 62 nach
1867 2378 294 86 Tröstung
2201 2384 199 64 zielen.

787 2537 158 63 Dem
976 2538 192 62 Einen
1211 2538 126 63 sind
1378 2549 83 54 sie
1492 2540 165 73 Lust,
1699 2542 131 62 dem
1870 2542 249 63 Andern
2161 2561 150 46 erste
2352 2539 245 78 Trauer,

785 2632 157 62 Dem
984 2632 282 75 Schmerz,
1306 2633 133 64 dem
1483 2634 206 74 Glück,
1731 2636 151 63 denn
1924 2637 109 63 alle
2072 2638 217 80 großen
2331 2640 251 64 Schauer

786 2727 338 65 Gewähren
1168 2739 102 63 sie,
1313 2730 91 62 die
1446 2739 106 54 wir
1591 2731 91 63 bei
1724 2732 136 62 euch
1903 2734 143 62 nicht
2086 2734 215 63 fühlen.
