3242 4572
765 429 89 49 148

1363 433 216 49 Wifßefm
1859 434 109 51 Hausenstein
1969 473 73 17 ,
2043 435 163 62 Georg
2216 437 226 50 Büchner

763 633 253 62 Büchner
1065 634 131 61 liebt
1244 634 93 61 ihn
1385 644 98 51 mit
1530 634 241 62 sozialer
1811 637 463 62 Menschlichkeit.
2328 639 86 61 Er
2455 640 132 61 liebt
2627 642 93 61 ihn
2761 667 89 46 so,
2900 654 113 52 wie

766 748 61 38 er
868 750 60 38 es
973 728 200 60 einmal
1215 737 52 51 in
1310 736 192 52 seinen
1544 728 224 61 Briefen
1810 729 293 79 allgemein
2144 750 198 61 gesagt
2382 733 120 62 hat:

848 821 117 59 »Ich
1007 822 253 60 verachte
1293 822 353 71 niemanden,
1697 847 91 37 am
1830 835 310 68 wenigsten
2183 850 201 56 wegen
2433 839 183 52 seines
2653 831 357 63 Verstandes

766 913 141 61 oder
947 924 181 50 seiner
1159 915 259 77 Bildung,
1460 917 130 60 weil
1632 940 61 38 es
1728 927 55 51 in
1818 920 291 61 niemands
2146 920 236 62 Gewalt
2415 921 146 79 liegt,
2602 922 126 63 kein
2762 926 197 61 Dumm-

766 1006 144 79 kopf
943 1006 139 62 oder
1121 1006 123 61 kein
1279 1007 350 63 Verbrecher
1669 1034 73 37 zu
1785 1013 230 60 werden
2128 1014 127 61 weil
2290 1024 104 51 wir
2425 1015 166 62 durch
2624 1018 202 76 gleiche
2859 1019 154 61 Um*

767 1100 199 61 stände
998 1099 152 62 wohl
1186 1100 105 62 alle
1323 1101 168 78 gleich
1525 1104 258 71 würden,
1817 1107 128 59 weil
1982 1105 88 62 die
2105 1107 324 63 Umstände
2464 1110 175 61 außer
2673 1136 107 37 uns
2814 1113 194 77 liegen.

767 1193 123 60 Der
937 1193 292 61 Verstand
1288 1217 114 38 nun
1460 1218 99 55 gar
1617 1206 69 52 ist
1752 1221 106 37 nur
1915 1208 124 52 eine
2097 1200 129 60 sehr
2281 1212 226 67 geringe
2565 1203 153 62 Seite
2776 1228 234 39 unseres

764 1294 268 68 geistigen
1065 1286 253 62 Wesens
1363 1289 116 60 und
1523 1289 88 61 die
1644 1291 242 78 Bildung
1917 1316 107 37 nur
2056 1303 123 51 eine
2212 1294 130 61 sehr
2373 1296 262 78 zufällige
2668 1297 177 62 Form
2879 1298 134 63 des*

767 1380 246 61 selben.«

843 1474 125 59 Das
1011 1482 71 52 ist
1122 1474 100 60 der
1261 1471 204 84 Typus
1510 1476 99 62 des
1652 1479 282 61 Wozzek.
1980 1480 122 61 Der
2144 1481 266 62 Wozzek
2451 1484 96 61 hat
2588 1494 161 52 einen
2786 1485 221 63 Schatz:

766 1565 89 61 die
895 1566 207 61 Marie,
1149 1568 95 62 Sie
1286 1569 97 61 hat
1423 1580 89 51 ein
1554 1571 155 61 Kind
1750 1597 117 35 von
1910 1573 129 71 ihm,
2081 1598 116 38 von
2232 1585 182 52 seiner
2450 1578 270 78 dumpfen
2756 1579 118 61 und
2908 1580 105 61 de*

764 1668 247 67 mütigen
1053 1660 287 78 Begierde.
1385 1663 87 61 Er
1511 1674 146 68 trägt
1698 1664 81 61 ihr
1811 1667 338 78 regelmäßig
2189 1678 193 52 seinen
2418 1670 141 61 Sold
2599 1670 114 72 hin,
2754 1672 136 62 aber
2931 1682 82 52 sie

763 1762 285 67 poussiert
1087 1763 98 51 mit
1227 1763 179 53 einem
1441 1757 247 61 anderen
1801 1768 96 51 mit
1938 1759 128 61 dem
2100 1757 494 84 Tambourmajor,
2638 1775 181 52 einem
2853 1766 157 62 ekel*

763 1846 117 59 halt
912 1847 240 61 schönen
1171 1849 137 60 Kerl
1342 1860 55 50 in
1430 1849 322 64 knallender
1779 1853 288 71 Uniform,
2103 1855 99 60 der
2227 1865 193 53 immer
2455 1867 54 51 in
2545 1858 155 61 frisch
2735 1860 278 62 lackierter

763 1937 358 64 Lüsternheit
1162 1942 261 78 erglänzt.
1470 1945 206 59 Dieser
1717 1946 327 79 opernhafte
2062 1947 190 62 Wicht
2291 1960 99 51 mit
2429 1950 110 61 den
2580 1951 219 61 runden
2842 1952 169 61 Glie*

766 2031 135 61 dem
943 2032 119 63 und
1096 2034 98 61 der
1225 2036 244 75 jovialen
1496 2039 308 77 Arroganz
1836 2040 257 61 verführt
2126 2041 129 61 dem
2273 2042 267 63 Wozzek
2574 2045 100 61 das
2709 2045 299 62 Mädchen,

766 2125 123 61 Der
929 2126 230 78 begreift
1192 2128 102 62 das
1313 2130 329 61 Verhältnis
1686 2131 252 79 langsam
1981 2134 117 60 und
2131 2158 115 37 nun
2274 2135 200 79 drängt
2506 2139 106 60 sich
2646 2148 154 52 seine
2832 2163 180 53 ganze

768 2216 159 73 Qual
976 2243 347 40 zusammen.
1376 2223 115 60 Ein
1542 2223 227 62 Doktor
1925 2227 170 59 sicher
2151 2237 88 51 ein
2297 2228 195 62 dürres
2555 2230 310 79 Exemplar
2914 2233 99 61 der

768 2310 290 63 Gießener
1091 2313 269 62 Fakultät
1481 2316 96 61 hat
1617 2327 99 51 mit
1755 2318 128 61 dem
1916 2319 216 61 Blöden
2174 2322 207 61 infame
2414 2323 599 81 Ernährungsexperi*

767 2421 188 43 mente
995 2407 263 75 gemacht.
1313 2407 133 62 Sein
1488 2410 371 78 Hauptmann
1902 2411 97 61 hat
2038 2412 93 61 ihn
2174 2422 193 54 immer
2408 2416 233 62 verulkt.
2695 2418 139 61 Auf
2867 2418 145 63 allen

767 2493 354 66 Tanzböden
1164 2509 70 52 ist
1274 2524 61 37 er
1374 2501 89 61 die
1505 2502 306 62 lächerliche
1850 2505 191 77 Figur,
2086 2505 233 63 Überall
2361 2519 71 52 ist
2472 2534 60 37 er
2570 2511 286 78 gebeutelt
2897 2512 116 61 und

767 2590 264 76 gehöhnt.
1093 2592 96 60 Da
1246 2595 127 58 rafft
1420 2596 105 59 sich
1576 2595 99 61 der
1721 2620 179 54 ganze
1948 2599 258 77 Ingrimm
2257 2611 184 51 seiner
2489 2604 329 61 schauerlich
2867 2606 145 61 miß*

767 2684 298 61 brauchten
1107 2686 357 63 subalternen
1506 2689 276 62 Existenz
1822 2714 355 41 zusammen;
2222 2718 60 37 er
2323 2695 279 63 schneidet
2657 2698 128 62 dem
2827 2699 185 62 Mäd*

768 2778 130 60 chen
941 2777 107 61 den
1074 2779 145 62 Hals
1255 2779 163 62 durch
1455 2782 116 61 und
1605 2784 211 60 ersäuft
1849 2785 105 60 sich
1990 2796 53 50 in
2079 2796 180 53 einem
2277 2788 334 63 Waldteich,
2657 2792 125 61 Das
2817 2793 196 61 Motiv

767 2869 99 61 der
905 2871 278 78 Dichtung
1224 2882 70 52 ist
1332 2898 117 37 von
1491 2877 367 62 erstickender
1900 2879 184 78 Enge,
2135 2881 136 61 aber
2311 2882 90 61 die
2436 2883 345 64 dichterische
2814 2886 197 67 Form,

766 2962 89 61 die
898 2963 344 64 dichterische
1282 2967 174 62 Liebe
1498 2978 72 53 ist
1609 2994 115 37 von
1768 2981 152 52 einer
1959 2996 69 37 so
2069 2976 407 75 grenzenlosen
2518 2977 215 70 Weite,
2776 2978 112 63 daß
2930 2989 82 52 sie

764 3065 124 52 eine
927 3080 182 55 ganze
1148 3058 353 64 Menschheit
1542 3064 335 62 umschließt.

841 3151 143 61 Hier
1032 3152 219 61 umfaßt
1291 3154 99 61 der
1432 3155 583 65 Sozialrevolutionär
2056 3159 109 62 den
2208 3161 243 71 Dichter,
2494 3163 100 61 der
2634 3164 226 62 Dichter
2900 3165 110 61 den

764 3243 595 66 Sozialrevolutionär,
1406 3249 123 60 Der
1563 3250 257 79 Umfang
1860 3252 184 62 dieses
2090 3253 231 63 Geistes
2365 3266 71 50 ist
2476 3255 239 64 herrlich.
2760 3259 251 61 Büchner

764 3337 131 61 hielt
951 3339 105 60 sich
1115 3348 53 52 in
1220 3340 311 80 Straßburg
1590 3344 117 61 und
1764 3346 150 59 dann
1964 3348 133 60 nach
2147 3347 99 61 der
2288 3348 290 64 Gießener
2629 3351 117 61 und
2794 3352 217 61 Darm*

763 3431 213 61 Städter
1016 3432 133 62 Zeit
1189 3459 116 36 von
1349 3434 99 61 der
1488 3436 224 62 aktiven
1754 3438 198 61 Politik
1991 3442 224 69 zurück,
2257 3442 128 60 weil
2428 3442 112 61 ihm
2582 3452 97 51 mit
2714 3443 108 61 den
2862 3445 150 62 Mit*

762 3523 113 60 teln
909 3525 99 61 der
1034 3544 387 59 sogenannten
1449 3530 376 78 Demagogen
1859 3532 438 62 demokratische
2329 3535 198 61 Politik
2560 3537 140 60 nicht
2730 3537 281 63 realisier*

764 3616 101 61 bar
905 3620 258 60 erschien.
1209 3621 104 70 Er,
1356 3621 99 61 der
1496 3622 244 73 Dichter,
1782 3625 194 61 wollte
2018 3650 61 36 es
2122 3635 53 51 in
2217 3626 99 61 der
2356 3627 196 63 Politik
2593 3639 99 51 mit
2732 3631 279 61 realisier*

764 3711 173 61 baren
973 3714 227 77 Dingen
1241 3739 75 38 zu
1357 3733 102 43 tun
1502 3716 205 71 haben,
1751 3719 117 61 und
1901 3743 79 47 er,
2023 3719 100 61 der
2155 3720 90 61 die
2279 3716 242 68 Technik
2561 3723 99 62 der
2692 3724 316 80 politischen

766 3804 407 77 Organisation
1209 3808 194 62 besser
1436 3809 348 62 beherrschte
1826 3812 83 61 als
1943 3812 107 62 alle
2081 3813 284 62 radikalen
2398 3817 229 61 Hessen
2662 3842 350 47 zusammen,

766 3920 80 48 er,
894 3898 127 61 dem
1072 3899 89 62 die
1202 3902 286 79 Wirkung
1538 3913 151 52 einer
1730 3906 298 75 Agitation
2080 3916 98 52 mit
2218 3911 366 61 statistischen
2625 3911 216 62 Ziffern
2883 3912 124 61 kein
