3263 4572
1267 377 121 53 Otto
1421 378 123 60 Picß,
1581 379 147 52 Mein
1766 378 112 67 Hag

2624 387 89 51 187

1287 1089 297 76 MEIN
1622 1089 231 78 TAG

2270 3229 152 65 Otto
2458 3230 154 65 Pick

713 1291 144 65 Nur
895 1302 113 54 wie
1049 1302 91 54 ein
1180 1295 137 72 Ruf,
1359 1296 101 62 der
1500 1298 327 78 irgendwen
1869 1300 206 71 betraf,

712 1387 385 64 Abbredhend
1135 1399 154 70 jetzt,
1322 1390 133 62 bald
1496 1392 297 79 mächtiger
1832 1394 329 72 ansdiwillt.

712 1483 144 63 Wie
896 1508 74 38 an
1012 1484 91 62 die
1145 1484 270 63 Sdieiben
1458 1497 155 53 eines
1646 1488 227 80 Vogels
1915 1489 413 80 Flügelsdilag,

713 1578 107 72 So,
860 1579 174 62 kaum
1074 1582 136 61 midi
1252 1582 293 72 streifend,
1587 1592 71 53 ist
1700 1583 101 63 der
1841 1579 149 84 Tag,

711 1673 128 64 Der
879 1676 135 61 midi
1055 1684 244 54 zerstört
1340 1677 120 61 und
1501 1677 216 62 andern
1757 1678 112 79 gilt.

711 1818 138 63 Daß
891 1819 111 61 auf
1035 1818 132 62 dem
1210 1818 163 72 Quai
1412 1829 137 69 jetzt
1587 1820 289 64 Mädchen
1917 1832 206 70 sonnig
2163 1823 151 79 gehn

710 1912 120 63 Mit
867 1913 262 72 Lächeln,
1172 1913 104 62 das
1318 1914 109 63 sidh
1468 1925 152 69 rings
1663 1940 98 38 um
1803 1926 84 52 sie
1928 1917 323 74 verbreitet.

710 2008 138 63 Daß
889 2008 428 80 irgendjemand
1356 2008 330 80 irgendwen
1727 2011 265 79 begleitet

711 2102 295 74 Straßauf,
1048 2104 251 72 straßab,
1342 2114 83 53 sie
1465 2104 223 63 bleiben
1728 2106 322 80 plaudernd
2089 2107 165 63 stehn

710 2198 138 64 Daß
887 2223 135 39 man
1065 2209 55 52 in
1164 2199 226 63 Gärten
1434 2209 130 53 sitzt
1604 2199 143 63 oder
1788 2201 169 61 durdi
1990 2201 249 64 Wälder
2278 2213 181 63 reitet.

708 2294 139 64 Daß
886 2294 319 62 Menschen
1247 2295 147 71 sind,
1437 2294 186 64 denen
1666 2295 93 63 die
1798 2297 177 62 Brust
2014 2297 108 61 sidi
2164 2307 214 63 weitet,

706 2388 86 62 Idi
834 2387 136 63 darf
1003 2411 62 39 es
1108 2391 143 61 nicht
1290 2389 288 65 verstehn.

705 2529 167 64 Mein
914 2525 153 85 Tag:
1112 2542 90 52 ein
1244 2533 229 63 Kleben
1515 2558 75 38 an
1630 2534 365 64 verwirktem
2036 2530 157 78 Tun,

707 2624 451 82 Gesdiäftigsein
1199 2638 101 52 mit
1340 2629 174 63 böser
1553 2629 436 74 Anteilnahme,

706 2720 145 62 Und
890 2730 198 53 immer
1128 2731 233 63 wissen,
1404 2723 113 63 daß
1559 2725 106 62 das
1699 2725 439 64 Wundersame

703 2814 155 62 Dort
899 2814 256 63 draußen
1199 2825 222 63 strömt,
1464 2819 203 61 woher
1708 2829 56 51 in
1807 2836 206 46 stetem
2047 2821 239 64 Wallen

702 2906 358 64 Verworrne
1101 2909 187 62 Laute
1328 2910 154 62 ohne
1524 2913 283 77 Deutung
1846 2913 187 63 hallen

702 3001 145 64 Und
886 3004 320 61 wechselnd
1246 3004 231 62 Farben
1519 3015 54 53 in
1616 3007 112 62 den
1768 3008 208 62 Lüften
2018 3009 165 62 ruhn.
2227 3042 62 17 •—
2290 3001 3 70 ■

701 3095 167 65 Mein
909 3092 147 82 Tag,
1100 3107 90 52 ein
1233 3097 226 63 Kleben
1502 3123 74 37 an
1616 3101 364 63 verwirktem
2014 3098 154 67 Tun.
