3265 4572
1140 435 214 56 StaäCer,
1391 434 212 50 Romain
1637 428 238 52 Roffancf:
1896 425 173 62 Jean*
2078 420 296 62 Christophe

635 443 91 51 172

2347 2585 204 62 Ernst
2584 2579 261 64 Stadler

639 672 74 38 an
756 646 100 61 der
888 642 321 64 Eifersucht
1249 637 118 63 und
1401 636 98 61 der
1532 628 504 66 nationalistischen
2053 625 374 75 Verhetzung
2459 621 99 61 der
2589 618 301 64 Nationen

641 739 321 65 teilhaben?
1019 738 62 61 In
1138 734 111 62 den
1297 731 205 63 Zeiten
1559 724 266 63 stärkster
1880 720 310 81 politischer
2239 717 312 79 Spannung
2606 711 171 63 bleibt
2833 733 59 38 er

643 834 179 78 ruhig.
873 833 121 61 »Er
1023 827 209 66 befand
1258 825 165 69 sich«,
1465 820 150 62 heißt
1648 841 61 38 es
1742 839 118 38 von
1893 814 132 70 ihm,
2063 823 91 51 »in
2187 811 101 61 der
2321 806 574 74 Geistesverfassung

647 929 101 61 des
776 927 150 61 alten
947 922 231 65 Goethe
1203 942 117 38 von
1343 915 165 63 1813.
1528 912 142 62 Wie
1696 909 209 61 konnte
1931 931 61 38 er
2024 904 281 80 kämpfen,
2340 901 150 63 ohne
2523 924 73 37 zu
2631 896 261 63 hassen.«

727 1021 152 62 Eine
921 1039 148 40 neue
1100 1014 132 61 Zeit
1273 1009 168 63 bricht
1480 1031 90 37 an.
2175 997 144 62 fühlt
2350 995 107 61 sich
2499 993 81 61 als
2623 990 110 63 den
2767 989 86 62 Ge-

651 1114 257 80 opferten
943 1120 151 52 einer
1127 1106 375 66 Generation,
1543 1100 91 61 die
1668 1098 102 60 das
1811 1095 225 80 gelobte
2068 1092 164 62 Land
2272 1091 139 61 nicht
2450 1086 156 63 mehr
2647 1084 252 63 betreten

654 1208 213 68 durfte,
900 1228 75 38 zu
1008 1202 205 61 dessen
1248 1195 268 67 Schwelle
1550 1202 80 54 sie
1662 1190 449 78 vorgedrungen.
2154 1185 144 62 Und
2339 1206 67 38 so
2440 1181 131 61 darf
2596 1178 103 63 das
2731 1176 170 70 Buch,

656 1303 103 59 das
802 1309 53 52 in
889 1307 183 52 seiner
1104 1302 271 71 geistigen
1391 1285 274 66 Tendenz
1700 1285 101 61 das
1837 1281 415 80 europäischste
2286 1288 87 59 ist,
2408 1276 102 60 das
2544 1282 106 54 seit
2681 1271 223 78 langem

656 1418 106 38 aus
803 1389 333 65 Frankreich
1194 1387 517 73 hervorgegangen,
1770 1376 327 77 ausklingen
2156 1383 54 52 in
2260 1380 126 52 eine
2434 1362 471 68 Zukunftsmusik

660 1489 97 60 der
798 1483 281 64 endlichen
1112 1478 392 75 Versöhnung
1545 1473 275 62 zwischen
1855 1465 387 66 Deutschland
2274 1463 118 62 und
2424 1459 348 63 Frankreich.
2810 1456 96 64 Sie

660 1578 274 64 bedürfen
969 1573 285 70 einander,
1288 1581 82 52 sie
1403 1567 231 63 werden
1668 1566 105 61 sich
1809 1562 207 63 endlich
2050 1559 184 63 finden
2261 1568 254 50 müssen:
2557 1552 184 62 »Wer
2772 1549 137 61 ahnt

661 1685 54 52 in
756 1670 330 65 Frankreich
1129 1669 155 61 diese
1329 1662 235 65 Gewalt
1604 1661 100 61 der
1744 1660 362 75 Zuneigung,
2157 1653 90 61 die
2289 1649 179 64 soviel
2510 1647 124 63 edle
2676 1646 233 61 Herzen

663 1770 99 60 der
802 1764 466 63 Nachbarnation
1310 1760 133 60 nach
1493 1755 332 62 Frankreich
1867 1751 188 61 kehrt?
2115 1746 192 64 Soviel
2349 1761 160 45 treue
2548 1738 231 70 Hände,
2820 1737 91 60 die

665 1862 105 62 sich
807 1857 302 63 brüderlich
1145 1854 355 62 ausstrecken
1542 1849 118 61 und
1693 1848 89 59 die
1824 1846 168 60 nichts
2026 1851 208 52 wissen
2267 1862 117 38 von
2419 1836 107 61 den
2552 1831 361 65 Verbrechen

667 1956 99 61 der
806 1950 229 64 Politik!
1076 1999 10 14 .
1127 1997 10 14 .
1178 1997 10 14 .
1232 1945 144 64 Und
1416 1944 138 61 auch
1596 1942 82 62 ihr
1720 1939 126 64 seht
1885 1962 108 37 uns
2035 1937 157 67 nicht,
2236 1931 259 63 deutsche
2526 1925 237 70 Brüder,
2805 1931 110 53 wie

667 2057 106 52 wir
813 2070 74 38 zu
921 2046 134 61 euch
1098 2042 285 79 sprechen:
1436 2038 144 60 Hier
1620 2034 125 63 sind
1787 2055 205 38 unsere
2032 2027 228 63 Hände.
2314 2020 178 65 Trotz
2534 2020 144 61 allen
2717 2019 198 75 Lügen

671 2141 118 62 und
837 2140 163 61 allem
1049 2137 135 61 Haß
1226 2133 144 63 wird
1410 2155 132 37 man
1592 2152 108 39 uns
1748 2127 141 61 nicht
1938 2122 268 63 scheiden-
2259 2119 133 61 Wir
2432 2116 276 61 brauchen
2749 2111 167 68 euch,

674 2235 83 62 ihr
790 2234 228 61 braucht
1060 2254 151 46 uns,
1253 2251 99 37 um
1386 2226 99 60 der
1521 2222 202 64 Größe
1757 2241 234 40 unseres
2027 2216 232 61 Geistes
2294 2211 117 62 und
2453 2230 231 41 unserer
2699 2202 224 65 Völker

676 2329 205 61 willen.
924 2325 136 62 Wir
1102 2323 125 62 sind
1279 2320 91 61 die
1410 2316 203 64 beiden
1653 2312 202 79 Flügel
1898 2311 99 61 des
2040 2306 337 65 Occidents,
2420 2302 150 63 Wer
2610 2300 110 61 den
2760 2306 164 52 einen

679 2423 184 69 bricht,
921 2419 168 61 bricht
1137 2417 137 59 auch
1325 2413 109 61 den
1485 2411 100 60 des
1627 2408 263 61 anderen.
1949 2404 147 76 Mag
2138 2400 99 61 der
2276 2400 176 75 Krieg
2492 2392 287 64 kommen!
2839 2391 87 60 Er

680 2514 145 63 wird
867 2513 139 61 nicht
1047 2532 209 40 unsern
1296 2523 199 45 treuen
1528 2500 357 77 Handschlag
1926 2514 233 45 trennen
2201 2493 117 62 und
2360 2492 108 59 den
2501 2488 274 75 Aufstieg
2815 2508 73 37 un-

684 2631 153 39 seres
881 2603 375 65 brüderlichen
1300 2599 287 63 Geistes.«
