3266 4572
1089 468 134 50 Max
1251 463 150 56 Brod,
1446 462 104 49 Von
1589 450 515 65 Gesetzmäßigkeiten
2138 448 91 49 der
2255 443 169 53 Kritik

634 475 91 50 106

2419 1721 174 63 Max
2627 1715 188 65 Brod

713 678 119 61 Mit
872 675 177 61 dieser
1089 664 442 85 gesetzmäßigen
1555 655 545 75 Vernachlässigung
2143 649 132 62 aller
2316 644 560 64 Zwischennüancen

639 771 164 62 durch
844 769 89 61 die
972 764 182 64 Kritik
1193 762 169 75 hängt
1402 779 59 39 es
1500 772 344 47 zusammen,
1889 745 109 61 daß
2040 768 132 37 man
2214 765 66 37 so
2314 739 174 62 selten
2523 745 54 52 in
2613 735 108 61 den
2755 732 119 61 Re*

643 873 304 54 zensionen
1005 859 102 61 das
1164 848 359 84 ausgedrückt
1579 844 187 71 findet,
1823 865 123 36 was
2004 835 279 80 eigentlich
2349 834 109 61 den
2518 829 223 63 Dichter
2806 848 72 38 zu

644 969 210 52 seinem
894 953 206 64 Werke
1155 948 265 79 gedrängt
1467 939 118 64 und
1641 938 93 61 ihn
1785 936 176 59 daran
2013 929 258 80 gefesselt
2319 928 115 70 hat,
2485 947 121 38 was
2657 922 93 61 ihn
2803 928 74 51 im

649 1050 286 79 Gespräch
976 1055 98 52 mit
1114 1041 241 62 anderen
1388 1036 266 61 Autoren
1697 1035 333 56 interessiert
2070 1022 119 62 und
2232 1019 228 74 fördert,
2501 1038 123 40 was
2657 1012 226 65 schließ*

648 1145 95 61 lieh
794 1144 135 60 auch
978 1140 87 60 für
1113 1138 107 59 den
1260 1126 348 67 künstlerisch
1651 1119 427 82 empfindenden
2120 1117 177 61 Leser
2337 1113 103 60 das
2483 1110 159 61 allein
2681 1105 204 63 Wirk*

649 1262 157 39 same
860 1233 181 63 bleibt.
1101 1230 82 62 So
1237 1226 168 61 bietet
1453 1223 89 59 die
1593 1215 358 66 Gesamtheit
1999 1212 99 61 der
2145 1210 262 76 heutigen
2449 1202 258 63 Kritiken
2747 1221 139 40 vom

652 1327 354 81 Standpunkt
1063 1324 96 61 der
1215 1320 187 63 Kunst
1452 1337 103 39 aus
1603 1312 243 78 gesehen
1898 1317 87 52 ein
2034 1299 480 82 unergründliches
2565 1295 224 70 Chaos,
2830 1301 57 51 in

656 1427 103 61 das
808 1439 109 45 erst
964 1421 150 59 dann
1165 1426 121 51 eine
1334 1406 452 71 überraschende,
1830 1400 197 64 freilich
2070 1398 105 62 auf
2208 1390 534 68 Unwesentlichstes
2785 1409 105 55 ge*

654 1520 169 61 baute
865 1513 283 74 Ordnung
1188 1508 227 68 kommt,
1458 1525 168 38 wenn
1668 1521 132 39 man
1842 1503 133 64 <wie
2016 1493 115 61 hier
2172 1488 254 64 versucht
2464 1483 222 70 wurde)
2735 1479 155 61 diese

657 1613 241 61 Wirrnis
922 1630 116 40 von
1072 1597 593 69 außerkünstlerischen
1692 1587 431 81 Standpunkten
2156 1610 73 37 zu
2262 1580 346 66 überblicken
2641 1577 249 76 beginnt.
