3242 4572
1312 461 214 52 WiCßefm
1558 460 359 52 Hausenstein,
1962 453 173 64 Georg
2166 451 229 52 Büchner

717 468 94 51 144

795 671 118 62 Die
959 670 345 63 Revolution
1354 665 137 62 läuft
1539 662 174 61 ihrem
1762 658 172 62 Ende
1983 681 92 37 zu.
2135 656 238 61 Danton
2425 652 117 62 und
2592 651 89 61 die
2729 672 96 38 um
2875 647 93 62 ihn

720 765 127 62 sind
880 765 99 61 der
1011 765 325 76 Ereignisse
1370 757 187 63 müde.
1594 755 96 62 Sie
1724 752 186 62 haben
1944 751 90 61 die
2060 748 345 63 Revolution
2438 755 99 54 mit
2568 746 404 76 Begeisterung

722 860 267 78 gemacht,
1040 858 134 61 aber
1223 878 115 38 nun
1379 851 209 62 wollen
1641 858 100 61 sie,
1792 846 109 61 daß
1950 844 122 62 sich
2122 844 103 59 das
2273 840 194 62 Leben
2509 837 211 63 wieder
2768 835 204 62 einmal

722 963 113 51 wie
877 962 123 51 eine
1032 950 347 77 Vegetation
1413 943 253 63 entfalte:
1703 940 278 79 gelassen,
2014 936 192 70 heiter,
2240 931 265 71 blühend,
2540 941 72 51 im
2646 930 326 61 entzückten

724 1046 151 62 Fluß
915 1044 284 77 sorgloser
1239 1040 173 63 Säfte,

806 1137 241 64 Camille
1088 1133 371 64 Desmoulins
1502 1129 197 80 spricht
1738 1127 179 61 wider
1956 1124 400 78 Robespierre;

806 1232 147 61 »Die
1003 1228 340 63 Staatsform
1401 1225 134 62 muß
1586 1231 89 53 ein
1736 1220 416 76 durchsichtiges
2204 1213 272 64 Gewand
2526 1221 139 61 sein,
2715 1209 102 61 das
2866 1209 108 61 sich

725 1326 140 61 dicht
904 1348 72 37 an
1020 1322 109 61 den
1169 1320 139 62 Leib
1351 1320 100 60 des
1483 1316 226 62 Volkes
1752 1315 275 75 schmiegt.
2071 1310 161 78 Jedes
2268 1306 307 65 Schwellen
2618 1305 100 61 der
2748 1302 227 70 Adern,

724 1419 155 77 jedes
937 1416 269 79 Spannen
1258 1413 99 62 der
1397 1409 296 70 Muskeln,
1741 1408 155 77 jedes
1945 1405 233 61 Zucken
2235 1402 100 61 der
2392 1400 229 62 Sehnen
2677 1396 134 61 muß
2869 1395 106 61 sich

727 1513 157 60 darin
926 1509 332 62 abdrücken.
1303 1507 114 61 Die
1459 1503 231 63 Gestalt
1729 1523 130 55 mag
1900 1523 116 37 nun
2060 1499 166 61 schön
2269 1495 140 61 oder
2451 1493 207 61 häßlich
2707 1499 140 62 sein,
2894 1498 84 52 sie

727 1607 98 61 hat
865 1615 88 52 ein
995 1603 171 62 Recht
1206 1626 75 37 zu
1323 1609 119 53 sein
1483 1608 112 51 wie
1634 1607 83 51 sie
1757 1606 89 61 ist,
1887 1603 104 52 wir
2032 1592 127 62 sind
2206 1590 141 61 nicht
2395 1588 312 76 berechtigt,
2758 1584 83 61 ihr
2888 1592 90 52 ein

725 1698 263 63 Röddein
1053 1696 133 61 nach
1244 1692 266 64 Belieben
1567 1687 463 65 zuzuschneiden.
2093 1684 133 63 Wir
2282 1682 232 62 werden
2573 1679 109 61 den
2739 1678 240 67 Leuten,

726 1791 206 62 welche
974 1791 139 61 über
1154 1789 90 60 die
1285 1789 230 59 nackten
1558 1783 286 64 Schultern
1887 1781 99 62 der
2027 1777 369 64 allerliebsten
2439 1773 282 64 Sünderin
2754 1769 189 63 Frank-

726 1886 140 63 reich
926 1885 110 61 den
1098 1880 485 65 Nonnenschleier
1624 1879 216 61 werfen
1889 1875 228 70 wollen,
2166 1872 107 61 auf
2323 1871 90 61 die
2461 1870 210 75 Finger
2710 1865 270 77 schlagen.

729 1979 133 61 Wir
903 1978 208 61 wollen
1154 1978 192 58 nackte
1389 1974 225 69 Götter,
1662 1971 432 65 Bachantinnen,
2145 1964 340 79 olympische
2535 1960 204 79 Spiele,
2787 1959 195 59 Rosen

729 2082 56 53 in
834 2072 109 61 den
983 2072 242 67 Locken,
1277 2065 344 64 funkelnden
1668 2064 201 70 Wein,
1916 2059 280 62 wallende
2244 2058 192 61 Busen
2486 2054 116 61 und
2651 2050 331 64 melodische

730 2168 245 78 Lippen,-
1031 2164 116 70 ach,
1206 2162 89 61 die
1352 2157 447 81 gliederlösende
1854 2154 198 63 Liebe!
2112 2153 134 61 Wir
2302 2149 208 62 wollen
2568 2148 108 60 den
2733 2147 249 59 Römern

734 2261 139 60 nicht
913 2256 354 68 verwehren,
1309 2255 107 61 sich
1459 2262 53 51 in
1555 2252 91 60 die
1686 2251 154 59 Ecke
1881 2272 75 37 zu
1996 2264 193 44 setzen
2231 2243 118 62 und
2389 2242 203 61 Rüben
2640 2265 74 35 zu
2756 2238 229 69 kochen,

735 2352 137 61 aber
913 2361 81 51 sie
1036 2350 180 61 sollen
1257 2370 108 38 uns
1408 2346 160 61 keine
1604 2340 550 78 Gladiatorenspiele
2194 2336 158 62 mehr
2383 2335 183 77 geben
2599 2331 224 62 wollen.
2861 2331 123 61 Der

736 2446 248 78 göttliche
1032 2443 222 78 Epikur
1304 2440 117 61 und
1472 2439 89 59 die
1601 2437 208 61 Venus
1858 2444 99 51 mit
2005 2432 127 61 dem
2183 2432 239 60 schönen
2465 2429 241 59 Hintern
2756 2435 232 51 müssen

739 2556 131 45 statt
919 2538 101 61 der
1067 2537 261 76 Heiligen
1385 2534 200 60 Marat
1633 2530 115 61 und
1792 2528 232 62 Chalier
2074 2528 89 59 die
2211 2520 312 65 Türsteher
2574 2521 99 60 der
2712 2516 277 82 Republik

744 2632 250 63 werden,
1040 2629 261 62 Danton!
1346 2627 102 62 Du
1489 2634 157 52 wirst
1686 2623 108 62 den
1835 2622 235 78 Angriff
2104 2629 74 52 im
2217 2617 319 63 Parlament
2574 2614 283 61 machen.«

816 2727 247 61 Lacroix
1105 2723 196 79 spricht
1342 2721 140 61 über
1522 2719 262 60 Danton:

821 2820 188 61 »Was
1044 2817 146 61 weiß
1233 2816 100 61 ich!
1378 2813 85 63 Er
1503 2813 154 61 sucht
1698 2811 144 62 eben
1884 2810 91 61 die
2015 2805 366 64 mediceische
2413 2802 209 62 Venus
2657 2802 331 60 stückweise

739 2915 89 61 bei
870 2912 143 63 allen
1064 2911 287 62 Grisetten
1399 2918 75 50 im
1522 2906 181 62 Palais
1761 2904 189 78 Royal
2008 2921 360 49 zusammen,-
2409 2919 60 38 er
2517 2895 178 61 macht
2734 2891 259 70 Mosaik,

738 3017 110 53 wie
890 3031 60 38 er
1000 3022 140 62 sagt.
1192 3004 123 61 Der
1364 3000 249 62 Himmel
1653 2999 168 70 weiß,
1870 2996 91 63 bei
2008 2994 264 62 welchem
2314 2989 175 64 Glied
2540 3013 62 37 er
2648 2985 207 80 gerade
2904 2994 87 51 ist.

738 3102 88 61 Es
868 3109 70 54 ist
979 3109 89 52 ein
1110 3099 257 78 Jammer,
1409 3094 112 61 daß
1562 3093 90 62 die
1691 3092 200 62 Natur
1931 3089 89 62 die
2062 3085 318 70 Schönheit,
2422 3093 110 51 wie
2571 3080 221 62 Medea
2833 3078 158 61 ihren

740 3194 238 70 Bruder,
1036 3189 330 65 zerstückelt
1421 3187 119 62 und
1588 3196 82 52 sie
1719 3210 68 38 so
1837 3194 54 51 in
1940 3183 381 76 Fragmenten
2371 3187 54 52 in
2476 3175 90 61 die
2615 3174 227 78 Körper
2890 3194 70 55 ge-

743 3288 162 63 senkt
946 3287 113 61 hat.
1105 3283 210 64 Gehen
1356 3291 105 52 wir
1503 3290 84 53 ins
1628 3276 463 78 Palais-Royal«.

823 3382 247 61 Lacroix
1112 3379 197 78 spricht
1350 3376 141 61 über
1531 3373 103 61 das
1676 3371 184 63 Volk:

825 3474 181 62 »Und
1063 3471 327 69 außerdem,
1441 3470 257 67 Danton,
1750 3464 125 63 sind
1930 3471 106 52 wir
2091 3457 306 70 lasterhaft,
2455 3465 109 51 wie
2620 3452 377 78 Robespierre

743 3584 142 63 sagt,
929 3568 102 61 das
1074 3567 150 60 heißt
1256 3574 105 51 wir
1393 3563 301 78 genießen,-
1735 3559 118 61 und
1893 3558 103 59 das
2030 3554 162 62 Volk
2225 3561 70 53 ist
2328 3547 349 80 tugendhaft,
2711 3545 100 61 das
2850 3544 151 61 heißt

744 3687 61 38 es
839 3662 224 80 genießt
1096 3661 157 68 nicht,
1289 3657 128 62 weil
1451 3655 112 63 ihm
1599 3654 89 61 die
1721 3652 209 62 Arbeit
1964 3650 89 60 die
2084 3647 429 74 Genußorgane
2547 3640 223 79 stumpf
2794 3638 178 62 macht

745 3780 62 38 es
849 3754 224 64 besäuft
1113 3754 107 61 sich
1263 3753 157 69 nicht,
1461 3749 129 61 weil
1633 3771 61 38 es
1736 3747 126 61 kein
1906 3743 155 64 Geld
2110 3742 115 70 hat,
2268 3738 118 62 und
2434 3761 61 38 es
2546 3735 132 79 geht
2725 3734 140 60 nicht
2914 3741 84 52 ins

746 3848 246 70 Bordell,
1032 3847 128 61 weil
1204 3870 59 38 es
1307 3845 133 61 nach
1482 3843 161 60 Käse
1685 3838 118 63 und
1842 3838 219 75 Hering
2102 3857 106 38 aus
2258 3832 129 61 dem
2429 3829 181 63 Halse
2660 3827 182 70 riecht,
2885 3823 119 62 und

749 3942 128 61 weil
919 3941 89 61 die
1049 3939 203 63 Mädel
1295 3937 180 63 davor
1519 3945 161 52 einen
1723 3931 146 62 Ekel
1911 3930 240 61 haben,«
