3584 4460
1804 218 108 51 102

239 381 177 49 ganzen
448 364 278 68 Bedeutung
768 366 170 49 hervor
976 366 68 48 als
1081 366 307 49 Schlussstein
1427 364 84 51 der
1542 363 232 52 Charakte-

240 444 129 49 ristik
400 443 82 50 der
513 446 169 48 Donna
712 447 155 54 Anna,
909 444 75 50 die
1014 444 134 51 darin
1180 462 82 33 aus
1291 446 164 49 vollem
1487 444 185 50 Herzen
1703 444 101 50 ihre

239 523 147 50 Liebe
414 541 54 32 zu
503 526 103 47 Don
637 524 190 51 Ottavio
856 526 278 66 ausspricht,
1166 524 221 51 während
1418 524 158 50 bisher
1605 542 89 32 nur
1724 523 82 51 das

241 603 177 50 Gefühl
440 603 80 50 des
542 604 290 59 Schmerzes,
862 604 84 51 der
975 606 183 48 Trauer
1188 604 92 50 und
1313 604 82 50 der
1425 606 161 48 Rache
1616 621 58 33 an
1699 603 104 50 dem

245 682 189 49 Mörder
465 682 78 49 des
575 684 166 49 Vaters
771 684 64 49 sie
866 684 335 65 vorzugsweise
1241 683 250 51 beseelten.
1550 684 162 50 Wenn
1741 683 65 48 sie

241 778 57 33 an
330 762 83 48 der
443 763 171 50 Leiche
645 764 80 49 des
754 763 169 51 Vaters
952 763 90 50 den
1068 763 241 50 Geliebten
1340 781 105 32 zum
1469 764 217 56 Schwur,
1712 762 92 49 und

241 842 227 62 nachher,
513 844 66 49 als
621 844 65 50 sie
729 843 45 51 in
815 846 107 49 Don
950 846 122 48 Juan
1110 843 87 50 den
1229 843 193 51 Mörder
1465 844 216 56 erkannt,
1724 860 82 31 zur

242 922 163 49 Rache
435 923 192 57 aufruft,
669 924 100 50 tritt
799 924 73 50 die
904 923 319 67 Empfindung
1256 923 81 50 der
1366 923 148 50 Liebe
1553 940 80 33 vor
1663 922 141 67 jenen

244 1001 237 49 Gefühlen
512 1003 174 48 zurück
729 1003 91 50 und
861 1002 233 51 offenbart
1134 1002 96 49 sich
1275 1020 89 31 nur
1407 1003 150 56 darin,
1600 1002 104 49 dass
1743 1002 64 49 sie

242 1081 83 48 mit
364 1081 107 49 dem
514 1083 192 50 vollsten
739 1083 262 50 Vertrauen
1046 1082 103 49 ihre
1195 1083 240 65 heiligsten
1464 1083 259 48 Interessen
1763 1082 43 48 in

241 1159 75 51 die
348 1161 167 49 Hände
545 1162 80 49 des
658 1163 254 50 Verlobten
942 1163 109 65 legt.
1082 1163 76 48 Sie
1187 1163 55 48 ist
1275 1163 133 50 keine
1442 1163 187 56 Heldin,
1658 1162 65 49 sie
1752 1162 56 48 ist

242 1257 90 32 nur
363 1241 74 49 die
466 1242 234 49 zürnende
730 1242 94 49 und
853 1242 118 49 doch
1002 1242 207 66 zagende
1237 1242 251 66 Jungfrau,
1520 1242 143 49 deren
1696 1242 81 48 rüh-

242 1319 146 50 rende
414 1321 322 64 Erscheinung
767 1321 118 49 eben
917 1321 218 49 desshalb
1166 1338 50 32 so
1244 1322 108 48 sehr
1384 1322 168 54 fesselt,
1586 1321 93 48 und
1712 1337 92 33 was

244 1399 81 51 das
355 1401 102 48 Bild
498 1401 149 49 dieser
675 1402 327 65 Erscheinung
1044 1401 388 66 vervollständigt,
1474 1402 56 48 ist
1572 1402 119 48 eben
1736 1401 72 49 die

244 1479 133 50 letzte
420 1481 128 58 Arie,
592 1497 134 33 wenn
769 1481 65 49 sie
879 1482 82 48 mit
1003 1481 205 50 solchem
1248 1481 278 49 Ausdrucke
1568 1497 240 50 gesungen

244 1558 135 58 wird,
423 1558 86 50 wie
552 1559 83 49 wir
679 1559 64 49 sie
786 1577 88 32 von
917 1559 216 51 Fräulein
1173 1559 205 68 Tietjens
1421 1559 170 66 gehört
1638 1559 169 50 haben.

244 1638 161 51 Wenn
443 1639 114 49 viele
585 1641 273 49 Zuschauer
900 1639 74 51 bei
1013 1641 84 48 der
1138 1648 151 41 ersten
1322 1641 112 49 Arie
1478 1638 135 67 („Du
1644 1639 164 50 kennst

241 1716 88 50 den
741 1719 148 50 durch
934 1718 73 50 die
1050 1719 357 68 gewöhnlichen
1440 1719 363 66 Darstellungen

240 1797 260 58 verwöhnt,
545 1798 133 50 einen
721 1799 133 49 mehr
895 1799 272 49 heroischen
1209 1798 114 50 oder
1361 1816 85 48 gar
1477 1798 329 50 dämonischen

241 1876 264 50 Charakter
536 1878 78 50 des
646 1878 258 67 Vortrages
932 1879 270 65 verlangen,
1233 1896 49 33 so
1314 1896 243 49 vergessen
1590 1879 81 58 sie,
1700 1878 104 50 dass

239 1956 45 49 in
316 1956 150 50 dieser
496 1958 112 48 Arie
646 1958 127 50 nicht
810 1958 83 50 der
931 1959 241 66 plötzliche
1204 1958 252 50 Ausbruch
1488 1976 87 32 von
1604 1958 170 50 Leiden-

240 2036 354 59 schaftlichkeit,
633 2037 204 49 sondern
877 2037 83 51 der
988 2038 123 50 Stolz
1155 2038 94 48 und
1294 2037 74 51 die
1402 2038 174 48 Hoheit
1604 2037 85 49 der
1719 2037 53 49 be-

241 2114 220 68 leidigten
490 2116 441 67 Jungfräulichkeit,
973 2117 83 49 der
1097 2117 230 49 sittlichen
1376 2118 291 65 Entrüstung
1712 2116 92 50 und

240 2194 84 50 der
348 2196 355 67 Aufforderung
726 2215 83 31 zur
833 2198 159 50 Rache
1022 2215 59 31 an
1111 2197 105 49 dem
1249 2216 94 30 nun
1375 2198 259 48 erkannten
1661 2198 112 50 Frev-

239 2274 68 50 ler
336 2276 249 49 Ausdruck
617 2277 152 66 geben
802 2281 201 45 müssen.
1054 2278 140 48 Diese
1224 2278 137 48 allein
1393 2277 196 67 richtige
1618 2277 160 49 Auffas-

237 2370 121 50 sung
388 2353 82 51 des
500 2356 286 49 Charakters
815 2356 83 49 der
928 2357 170 49 Donna
1129 2358 138 48 Anna
1312 2356 153 49 haben
1510 2357 84 48 wir
1637 2356 43 49 in
1722 2357 82 49 der

240 2451 176 48 ganzen
442 2436 303 67 Darstellung
776 2434 246 51 derselben
1055 2436 146 49 durch
1234 2436 217 49 Fräulein
1477 2436 203 67 Tietjens
1709 2437 70 48 nir-

239 2513 147 67 gends
415 2514 211 50 vermisst
658 2516 92 49 und
780 2517 161 48 stellen
970 2516 65 49 sie
1064 2516 216 49 desshalb
1309 2517 108 48 sehr
1448 2516 134 49 hoch.

359 2593 89 50 Die
481 2594 300 66 Vorstellung
821 2594 80 50 des
940 2596 102 48 Don
1072 2596 123 49 Juan
1239 2596 61 48 im
1340 2596 188 49 Ganzen
1576 2596 101 48 liess
1718 2594 83 50 viel

237 2688 55 33 zu
319 2673 252 50 wünschen
597 2673 137 67 übrig
759 2674 93 50 und
879 2674 243 66 bestätigte
1148 2674 72 50 die
1249 2674 124 50 oben
1398 2674 406 68 ausgesprochene

239 2752 290 67 Erfahrung,
560 2753 104 50 dass
694 2771 46 33 es
772 2754 82 49 viel
885 2754 193 51 leichter
1107 2756 71 57 ist,
1209 2756 101 48 eine
1333 2756 132 66 Oper
1491 2756 85 48 wie
1600 2754 72 51 die
1699 2756 68 48 Hu-

240 2838 221 60 genotten
505 2833 94 48 und
645 2833 72 51 die
749 2833 292 50 Africanerin
1086 2851 54 32 zu
1186 2833 376 66 befriedigender
1592 2833 178 51 Auffüh-

241 2927 123 50 rung
395 2926 53 34 zu
480 2911 213 67 bringen,
724 2913 64 50 als
818 2913 133 50 einen
985 2914 104 49 Don
1119 2914 124 49 Juan
1274 2913 115 50 oder
1421 2914 185 65 Figaro.
1637 2914 52 49 In
1719 2913 83 50 der

241 2991 136 50 Rolle
401 2991 83 49 der
505 2993 184 48 Zerline
720 2994 181 49 machte
932 2994 102 49 eine
1063 2994 119 49 noch
1213 2994 109 49 sehr
1342 2993 150 67 junge
1517 2993 286 51 Verwandte

240 3071 80 48 des
352 3071 243 49 Fräuleins
627 3072 220 67 Tietjens,
881 3073 216 50 Fräulein
1129 3074 216 65 Auguste
1375 3074 159 58 Kruls,
1564 3073 134 51 ihren
1729 3090 49 33 er-

237 3156 101 43 sten
368 3149 344 51 dramatischen
745 3151 234 59 Versuch;
1008 3152 65 49 sie
1102 3152 149 66 zeigte
1274 3152 166 51 Talent
1468 3170 103 31 zum
1597 3152 206 51 Theater

239 3228 95 50 und
364 3229 225 66 vereinigt
618 3232 83 48 mit
730 3231 128 50 einer
889 3231 240 50 hübschen
1150 3232 327 67 Erscheinung
1507 3232 102 49 eine
1633 3232 170 51 bereits

236 3308 208 51 ziemlich
476 3311 241 66 geschulte
748 3311 216 58 Stimme,
1007 3311 74 49 die
1124 3311 115 50 aber
1280 3312 230 51 natürlich
1556 3312 119 51 noch
1719 3311 84 50 der

236 3388 283 69 Kräftigung
548 3388 181 53 bedarf.

823 3468 207 68 (Schluss
1069 3469 149 67 folgt.)

238 3700 223 59 Zehntes
490 3703 622 58 Gesellschafts-Concert
1144 3705 53 56 in
1226 3704 138 56 Köln
1389 3705 74 55 im
1493 3704 308 70 Gürzenich,

421 3835 115 33 unter
563 3832 171 49 Leitung
763 3833 66 37 des
857 3833 241 37 städtischen
1128 3832 328 50 Capellmeisters,
1488 3833 130 36 Herrn

818 3910 230 29 Ferdinand
1076 3909 145 30 Hiller.

610 3993 243 48 Sonntag,
899 3993 91 36 den
1038 3991 62 40 25.
1138 3994 132 35 März
1317 3991 115 41 1866.

343 4071 76 37 Die
447 4072 249 50 Aufführung
726 4074 68 37 der
820 4087 161 36 grossen
1009 4076 406 39 Passionsmusik
1444 4078 101 37 nach
1568 4078 86 37 dem
1674 4079 104 36 Evan-

234 4141 170 50 gelisten
431 4144 254 38 Matthäus
726 4157 78 25 yon
849 4146 110 38 Joh.
990 4146 104 37 Seb.
1124 4147 129 36 Bach
1282 4160 80 24 war
1391 4149 88 37 eine
1504 4149 299 37 hochherrliche

233 4212 117 38 Feier
378 4214 66 36 des
472 4214 476 49 Palmsonntag-Abends.
1004 4216 63 36 Sie
1095 4216 106 38 hatte
1232 4218 87 36 eine
1348 4230 42 25 so
1420 4219 222 37 zahlreiche
1671 4219 105 37 Zuhö-

233 4285 193 42 rerschaft
453 4297 78 27 yon
559 4287 78 36 nah
665 4287 80 37 und
772 4287 86 37 fern
886 4287 321 49 herbeigezogen,
1239 4289 87 38 dass
1356 4290 61 37 die
1437 4290 149 38 Bäume
1615 4290 68 39 des
1703 4290 74 38 Gür-

1903 360 141 37 zenich
2082 372 42 25 so
2166 360 195 49 angefüllt
2401 374 144 33 waren,
2588 364 74 34 wie
2703 362 103 37 noch
2848 362 166 37 niemals
3043 364 40 36 in
3114 364 147 37 diesem
3292 365 174 44 Winter;

1904 428 111 38 Alles
2056 430 111 36 hörte
2206 432 42 34 in
2290 432 192 36 wahrhaft
2526 433 239 37 kirchlicher
2794 433 111 36 Stille
2947 434 80 36 und
3056 435 231 49 Sammlung
3314 447 49 25 zu
3391 435 82 37 und

1903 501 77 47 gab
2010 501 85 36 sich
2123 501 86 37 dem
2237 503 121 35 tiefen
2387 503 223 37 Eindrucke
2646 505 107 35 einer
2780 505 170 48 heiligen
2980 505 147 48 Musik,
3173 507 74 36 wie
3276 507 56 36 sie
3360 506 109 36 nicht

1905 573 99 34 zwei
2030 571 81 36 Mal
2152 573 40 34 in
2236 573 66 36 der
2342 586 151 35 ganzen
2524 575 230 48 Schöpfung
2797 576 67 35 der
2892 576 208 36 Tonkunst
3140 577 228 36 vorhanden
3410 579 64 44 ist,

1907 642 79 36 hin.
2040 644 86 35 Wie
2156 644 106 36 diese
2290 646 165 35 Passion
2483 646 102 35 hoch
2615 646 95 36 über
2745 647 101 36 allen
2886 647 164 48 übrigen
3083 648 168 36 Werken
3283 648 65 36 des
3377 649 73 35 Mei-

1907 717 98 32 sters
2034 715 113 45 steht,
2192 715 99 36 denn
2323 716 61 36 die
2412 717 387 37 Johannes-Passion
2838 719 123 36 reicht
3003 720 109 35 nicht
3153 732 47 23 an
3244 720 84 36 ihre
3358 720 115 35 Höhe

1907 783 133 49 hinan,
2083 785 78 36 und
2203 786 121 36 selbst
2365 787 61 35 die
2455 787 301 38 i7-mo//-Messe
2783 790 51 35 ist
2862 790 61 35 ihr
2951 802 102 24 zwar
3083 802 47 24 an
3163 791 306 47 Grossartigkeit

1909 854 66 35 der
2003 856 302 37 musicalischen
2333 858 258 49 Ausführung
2620 859 242 49 ebenbürtig,
2892 862 109 35 nicht
3031 861 90 37 aber
3152 873 49 24 an
3223 861 159 36 Einheit
3410 861 66 36 der

1910 925 220 49 Stimmung
2158 927 79 35 und
2265 927 286 37 Innerlichkeit
2592 929 67 35 der
2700 930 212 48 gläubigen
2942 932 263 48 Empfindung
3300 944 8 23 :
3354 943 42 25 so
3426 933 50 34 ist

1909 997 56 35 sie
1990 997 100 36 auch
2119 997 68 37 das
2215 1002 153 45 grösste
2398 1000 78 35 und
2506 1000 229 37 erhabenste
2768 1002 118 36 Werk
2929 1004 40 33 in
3007 1002 66 37 der
3101 1007 241 44 gesammten
3372 1003 85 35 Lite-

1909 1072 108 31 ratur
2046 1068 66 36 der
2139 1070 134 35 Musik
2304 1069 95 37 aller
2421 1072 135 34 Zeiten
2585 1072 79 34 und
2685 1072 163 49 Länder,
2879 1074 79 35 und
2987 1075 73 35 wie
3089 1086 41 24 es
3159 1075 94 36 über
3282 1074 76 36 alle
3389 1087 64 24 vor-

1909 1139 70 36 her
2021 1140 79 36 und
2143 1141 173 37 nachher
2357 1142 58 36 bis
2460 1143 69 35 auf
2570 1155 141 23 unsere
2740 1144 86 35 Zeit
2852 1145 276 47 geschaffenen
3158 1152 231 42 emporragt,
3434 1157 42 24 so

1909 1210 124 37 bleibt
2062 1224 39 23 es
2131 1213 100 35 auch
2262 1214 61 34 für
2352 1213 61 35 die
2442 1215 128 34 Kunst
2600 1214 67 35 der
2697 1215 235 47 Gegenwart
2961 1216 78 35 und
3069 1216 67 35 der
3164 1218 175 35 Zukunft
3367 1229 91 24 uner-

1909 1283 189 45 reichbar,
2131 1284 61 34 ein
2224 1283 196 36 Denkmal
2449 1285 107 35 eines
2588 1286 161 45 Genius,
2792 1298 48 24 zu
2871 1286 137 36 dessen
3038 1287 146 35 Hoheit
3212 1289 70 33 wir
3309 1300 74 24 nur
3410 1289 70 35 mit

1909 1354 184 35 Andacht
2121 1354 80 35 und
2230 1355 301 47 Bewunderung
2561 1356 305 48 emporblicken,
2911 1357 164 37 niemals
3111 1358 92 36 aber
3234 1358 119 37 daran
3383 1359 71 36 den-

1913 1425 79 37 ken
2017 1427 172 45 können,
2219 1427 70 35 auf
2314 1427 133 35 seinen
2479 1427 151 48 Spuren
2659 1440 48 23 zu
2737 1429 192 36 wandeln.

2015 1498 119 34 Diese
2164 1496 312 49 Ueberzeugung
2519 1500 50 33 ist
2609 1510 62 23 am
2700 1498 305 49 Palmsonntage
3052 1501 144 35 wieder
3237 1501 144 36 einmal
3422 1502 52 35 im

1909 1567 170 36 vollsten
2109 1568 154 34 Maasse
2291 1569 39 33 in
2359 1580 73 24 uns
2463 1568 184 48 befestigt
2676 1569 168 46 worden,
2890 1570 212 49 allerdings
3133 1573 100 35 auch
3262 1573 122 36 dureh
3413 1573 60 35 die

1909 1639 325 47 ausgezeichnete
2262 1638 260 50 Aufführung,
2552 1653 77 23 von
2660 1641 66 36 der
2754 1642 70 35 wir
2852 1644 143 46 gewiss
3024 1644 111 36 nicht
3163 1657 49 22 zu
3236 1645 79 35 viel
3344 1657 131 36 sagen,

1909 1721 112 23 wenn
2049 1710 69 34 wir
2147 1711 55 34 sie
2231 1710 62 35 für
2321 1711 87 34 eine
2437 1710 65 36 der
2531 1710 136 37 besten
2702 1712 144 45 halten,
2895 1713 61 36 die
3002 1715 69 35 wir
3113 1716 102 35 noch
3254 1716 42 46 je
3340 1717 138 47 gehört

1907 1778 138 37 haben.
2101 1778 116 37 Denn
2247 1780 60 36 die
2337 1780 81 36 drei
2446 1782 194 34 Factoren
2671 1782 66 36 der
2766 1783 276 49 Ausführung:
3090 1785 114 47 Chor,
3234 1786 242 49 Sologesang

1907 1850 80 35 und
2016 1850 208 36 Orchester
2265 1857 141 30 sammt
2436 1852 133 49 Orgel,
2608 1853 147 36 hielten
2798 1854 183 37 einander
3010 1856 61 35 die
3104 1857 120 48 Wage
3265 1858 41 34 in
3343 1858 132 48 Klang

1907 1921 80 36 und
2016 1921 316 36 musicalischem
2361 1923 211 36 Ausdruck
2612 1924 80 36 und
2720 1925 166 36 wirkten
2925 1932 113 31 unter
3067 1928 65 35 der
3161 1929 171 48 Leitung
3360 1929 87 36 Hil-

1905 1991 132 46 lens,
2083 1993 61 34 die
2189 1994 138 35 dessen
2373 1994 262 36 vortreffliche
2664 1996 240 48 Auffassung
2933 1997 66 36 des
3030 1996 167 39 Werkes
3234 1999 237 48 vollständig

1906 2076 69 23 zur
1998 2064 171 47 Geltung
2197 2063 173 46 brachte,
2400 2077 41 24 so
2470 2067 129 35 sicher
2627 2067 80 35 und
2735 2079 76 23 von
2840 2067 103 36 ihrer
2961 2068 181 48 Aufgabe
3165 2070 302 49 durchdrungen

1904 2146 239 34 zusammen,
2174 2135 87 36 dass
2290 2137 55 34 sie
2372 2137 62 34 ein
2462 2135 306 38 künstlerisches
2799 2138 152 37 Ganzes
2982 2137 184 48 bildeten,
3206 2140 167 37 welches
3402 2140 67 37 der

1907 2206 144 36 Grösse
2078 2206 79 35 und
2184 2206 265 37 Erhabenheit
2477 2207 66 36 der
2573 2208 320 49 Tonschöpfung,
2939 2210 60 34 die
3037 2211 56 35 sie
3123 2222 76 25 von
3229 2212 149 36 Neuem
3407 2213 60 36 ins

1903 2276 134 37 Leben
2066 2277 135 46 riefen,
2231 2276 267 37 vollkommen
2528 2279 150 48 würdig
2707 2291 91 26 war.

2010 2347 199 37 Zunächst
2248 2348 167 48 gebührt
2457 2349 87 35 dem
2580 2349 309 49 Chorpersonale
2933 2351 66 36 der
3039 2352 271 49 aufrichtigste
3339 2354 130 45 Dank,

1903 2418 75 37 den
2007 2420 69 35 wir
2105 2431 65 24 um
2198 2431 41 24 so
2268 2420 123 37 lieber
2419 2422 276 48 aussprechen,
2725 2422 57 35 als
2812 2422 62 36 die
2904 2424 239 48 Klangfülle,
3174 2425 61 36 die
3264 2427 204 35 Präcision

1902 2490 91 45 und,
2023 2490 72 36 wir
2121 2491 184 35 möchten
2334 2503 139 36 sagen:
2505 2491 66 35 der
2598 2492 143 36 frische
2769 2494 113 35 Muth
2912 2494 97 37 aller
3034 2495 262 49 Betheiligten
3327 2497 142 37 wieder

1903 2561 143 36 einmal
2076 2561 62 35 die
2165 2561 106 37 volle
2300 2563 113 35 Kraft
2441 2563 81 35 und
2551 2563 254 48 Tüchtigkeit
2851 2566 166 47 zeigten,
3059 2566 149 37 welche
3238 2568 61 35 die
3328 2569 123 34 rheini-

1902 2632 120 36 schen
2053 2632 127 37 Chöre
2209 2633 180 36 berühmt
2416 2635 183 46 gemacht
2627 2635 138 36 haben.
2819 2636 88 35 Alle
2936 2637 305 49 Abtheilungen,
3273 2639 66 35 der
3367 2645 100 31 erste

1901 2705 81 35 und
2010 2707 137 35 zweite
2175 2718 134 36 grosse
2338 2707 116 45 Chor,
2485 2707 66 36 der
2578 2707 175 37 kleinere
2779 2709 102 36 Chor
2912 2709 67 35 der
2998 2711 167 47 Jünger,
3198 2711 66 35 der
3285 2712 156 36 Knaben-

1902 2775 105 45 chor,
2037 2776 128 36 lösten
2193 2777 83 35 ihre
2299 2777 178 48 Aufgabe
2500 2779 89 35 sehr
2617 2784 88 42 gut;
2734 2780 41 34 in
2805 2780 74 35 den
2906 2780 345 37 Gesammtchören
3280 2782 93 35 fand
3403 2782 61 35 die

1901 2848 265 35 meisterhafte
2203 2849 277 41 musicalische
2510 2850 260 49 Schilderung
2797 2852 66 35 des
2892 2853 249 36 Fanatismus
3170 2853 66 35 der
3266 2853 203 47 Verfolger

1904 2918 145 36 Christi
2090 2919 79 36 und
2209 2921 53 34 im
2293 2921 244 47 Gegensatze
2576 2921 98 35 dazu
2711 2923 61 35 die
2801 2923 132 46 Liebe,
2977 2925 232 35 Zuversicht
3238 2925 79 34 und
3346 2926 97 47 Erge-

1901 2988 107 49 bung
2037 2991 127 36 seiner
2192 2991 214 48 Anhänger
2435 2992 79 34 und
2544 2992 65 35 der
2638 2992 209 49 gläubigen
2879 2994 253 37 christlichen
3156 2995 212 36 Gemeinde
3397 2995 74 36 den

1902 3060 128 37 vollen
2062 3062 221 45 Ausdruck,
2313 3064 81 35 und
2422 3076 42 23 so
2489 3062 338 39 leidenschaftlich
2857 3066 80 35 und
2965 3066 285 36 erschreckend
3278 3067 61 35 die
3368 3067 76 35 Aus-

1900 3131 148 38 brüche
2080 3132 67 36 des
2177 3133 147 36 Hasses
2352 3133 80 36 und
2462 3134 65 35 der
2556 3134 276 50 Verblendung
2876 3136 319 48 wiedergegeben
3226 3138 171 45 wurden,
3427 3151 42 24 so

1903 3203 221 47 ergreifend
2164 3203 82 35 und
2286 3203 192 49 inniglich
2519 3207 150 46 stiegen
2700 3207 61 35 die
2789 3207 143 36 milden
2963 3209 155 48 Klänge
3145 3210 65 35 des
3241 3210 227 36 Schmerzes

1902 3276 96 37 über
2028 3276 67 35 das
2123 3276 148 36 Leiden
2302 3276 65 37 des
2396 3278 214 36 Heilandes
2639 3280 80 34 und
2745 3280 67 36 des
2843 3282 158 36 Trostes
3030 3283 54 34 im
3114 3280 179 38 Glauben
3323 3294 49 24 an
3401 3283 62 35 die

1903 3346 197 50 Erlösung
2128 3349 73 34 wie
2228 3347 119 38 lichte
2375 3350 264 48 Regenbogen
2667 3351 96 36 über
2792 3351 173 36 dunkeln
2991 3353 297 48 Wolkengrund
3320 3354 148 39 herauf.

1903 3418 77 36 Die
2011 3418 179 47 Choräle,
2234 3432 77 23 von
2340 3420 125 37 denen
2493 3422 164 35 manche
2686 3423 150 36 sowohl
2865 3434 89 25 vom
2982 3436 165 35 ganzen,
3190 3425 56 36 als
3276 3427 74 35 wie
3377 3438 92 24 vom

1903 3488 201 38 kleineren
2135 3490 104 36 Chor
2267 3492 100 35 ohne
2395 3491 234 50 Begleitung
2657 3505 202 37 gesungen
2889 3495 172 47 wurden,
3100 3495 127 49 gaben
3255 3497 122 36 dureh
3408 3498 61 35 die

1902 3560 193 36 herrliche
2123 3561 215 37 Harmonie
2366 3563 103 37 ihrer
2498 3565 206 35 einfachen
2732 3564 222 37 Melodieen
2984 3567 69 34 auf
3079 3566 61 35 die
3166 3567 148 48 Frage:
3349 3569 120 47 „Was

1899 3631 52 37 ist
2303 3634 61 36 die
2395 3635 128 48 einzig
2551 3636 165 47 richtige
2746 3637 199 35 Antwort:
2980 3637 105 48 „Nur
3116 3638 66 35 der

2008 3704 59 35 Zu
2109 3704 66 37 der
2202 3705 310 38 ,untadelhaften
2541 3708 256 47 Ausführung
2839 3708 66 35 der
2935 3708 127 36 Chöre
3101 3713 126 33 traten
3265 3709 180 37 Solostim-

1903 3786 101 34 men,
2032 3775 74 35 wie
2135 3776 56 35 sie
2217 3788 73 24 nur
2318 3776 125 37 selten
2470 3779 62 35 für
2561 3778 60 36 die
2650 3779 218 36 Recitative
2897 3779 81 35 und
3006 3780 120 35 Arien
3156 3781 66 35 der
3247 3781 217 38 Matthäus-

1902 3846 165 36 Passion
2093 3847 40 35 in
2164 3856 42 27 so
2237 3847 187 38 schönem
2454 3850 142 35 Verein
2623 3850 199 47 gefunden
2853 3851 153 36 werden
3036 3851 165 40 dürften.

2011 3919 75 35 Die
2131 3919 223 50 Besetzung
2403 3932 79 24 war
2524 3921 204 48 folgende:
2780 3922 186 37 Fräulein
3013 3923 180 37 Emilie
3238 3925 225 46 Wagner,

1904 3989 353 49 Concertsängerin
2311 4003 70 26 aus
2436 3991 226 50 Karlsruhe,
2718 3993 171 49 Sopran;
2952 3995 185 36 Fräulein
3193 3996 271 38 Francisca

1903 4061 238 48 Schreck,
2185 4064 352 49 Concertsängerin
2578 4076 68 26 aus
2674 4066 125 47 Bonn,
2839 4065 86 47 Alt;
2980 4068 103 36 Herr
3109 4069 68 35 Dr.
3210 4068 133 37 Gunz
3373 4082 91 24 vom

1902 4134 232 37 Hoftheater
2161 4137 40 34 in
2229 4136 226 46 Hannover,
2485 4137 149 44 Tenor;
2685 4138 100 36 Herr
2826 4138 116 37 Karl
2985 4139 125 50 Hill,
3156 4141 310 48 Concertsänger

1900 4219 70 26 aus
1998 4206 213 38 Frankfurt
2240 4219 62 25 am
2330 4209 120 45 Main,
2479 4209 116 46 Bass;
2625 4210 101 37 Herr
2754 4210 218 37 Michael
3001 4213 213 36 DuMont
3243 4224 69 26 aus
3342 4213 116 47 Köln,

1902 4281 109 35 Bass.
