3043 3894
1223 351 600 89 BANALITÉ.

299 751 556 74 Adorons-nous
911 751 147 84 Isis,
1112 755 294 95 Jupiter,
1453 756 242 81 Janus,
1736 755 343 82 Jehovah,
2120 756 254 84 Christ,
2418 760 326 95 Boudha,

300 922 338 73 Moloch?
751 922 184 73 Non,
1051 924 525 72 Portons-nous
1653 925 67 72 la
1797 935 312 88 tunique,
2182 929 64 71 le
2318 930 250 94 peplos
2646 959 95 43 ou

300 1091 371 74 l'armure?
753 1095 185 70 Non.
1020 1094 516 72 Parlons-nous
1604 1105 345 88 égyptien,
2003 1119 180 73 grec,
2251 1106 296 74 romain,
2625 1099 80 72 hé-

299 1264 242 81 breux,
599 1293 256 43 roman
912 1293 94 43 ou
1062 1267 324 71 chinois?
1438 1267 183 69 Non.
1729 1265 214 73 Alors
1997 1277 358 85 pourquoi
2410 1296 132 44 nos
2594 1282 152 61 arts

300 1437 419 71 seraient-ils
774 1446 381 88 égyptiens,
1209 1461 219 72 grecs,
1484 1447 334 72 romains,
1871 1441 392 93 gothiques,
2321 1441 271 71 chinois
2646 1468 95 45 ou

290 1618 378 88 japonais?

299 1781 226 75 Notre
591 1782 202 80 idéal,
854 1795 207 61 notre
1127 1796 338 67 costume,
1521 1797 205 58 notre
1792 1783 292 96 langage
2150 1783 177 72 est-il
2382 1785 63 70 le
2509 1795 235 63 même

299 1980 250 68 quaux
602 1968 230 83 temps
888 1955 88 72 de
1032 1956 215 71 Louis
1301 1955 193 81 XIV,
1551 1956 218 71 Louis
1822 1956 156 80 XV,
2035 1957 217 70 Louis
2286 1956 220 71 XVI?
2557 1957 184 75 Non.

301 2124 371 96 Pourquoi
752 2153 134 43 nos
958 2139 145 58 arts
1175 2126 418 71 seraient-ils
1655 2128 99 71 les
1819 2125 319 72 mêmes?
2243 2128 225 72 Notre
2534 2126 207 90 idéal,

299 2312 206 57 notre
560 2313 342 72 costume,
959 2313 207 58 notre
1218 2299 294 95 langage
1580 2300 179 70 est-il
1833 2299 63 71 le
1964 2310 231 60 même
2262 2327 202 67 quau
2535 2298 210 75 siècle

300 2469 335 74 dernier?
743 2470 98 72 Le
897 2484 229 83 temps
1180 2498 139 68 que
1374 2498 183 44 nous
1598 2478 253 64 vivons
1896 2470 520 72 ressemble-t-il
2468 2481 41 61 à
2563 2472 181 71 celui

299 2641 86 70 de
422 2667 132 45 nos
590 2637 247 98 pères?
894 2639 182 72 Non.
1132 2638 217 73 Alors
1391 2638 265 71 faisons
1697 2665 279 43 comme
2020 2637 273 95 chaque
2342 2638 278 94 peuple,
2653 2665 87 44 en

290 2737 177 15 .
904 2737 1 15 •
999 2744 5 8 /
1262 2737 3 15 .
1475 2737 6 5 *

298 2813 275 94 chaque
596 2825 251 81 temps,
878 2810 382 72 SOYONS
1284 2810 554 81 MODERNES;
1866 2838 138 68 que
2040 2838 131 43 nos
2201 2838 282 44 œuvres
2512 2818 230 64 soient

296 2986 450 95 l'expression
802 2985 95 71 du
952 2999 229 81 temps
1268 2996 94 61 où
1416 2986 167 71 elles
1658 2999 161 61 sont
1880 2996 187 75 nées,
2126 3014 115 44 ces
2303 3013 282 45 œuvres
2675 2987 65 70 là

298 3163 228 71 seules
557 3175 162 60 sont
756 3170 342 78 vivantes,
1137 3189 277 45 TOUTES
1471 3189 124 43 LES
1648 3189 269 45 AUTRES
1973 3191 176 43 SONT
2180 3191 527 43 ARTIFICIELLES
2726 3193 11 41 :

591 3335 79 89 A
743 3333 529 114 CHAQUE
1340 3333 427 96 TEMPS
1841 3335 246 92 SON
2158 3333 282 94 ART.
