2433 3972
220 301 86 51 460

937 303 271 29 MEYERBEER
1242 301 52 26 ET
1324 299 195 28 WAGNER

223 409 137 52 jetant
382 407 113 40 dans
518 405 64 40 les
606 403 104 41 bras
732 402 54 40 de
809 401 40 41 la
873 400 186 44 France,
1093 395 264 54 Meyerbeer
1378 409 22 26 a
1425 393 142 54 perdu
1592 392 38 40 la
1665 390 266 52 conception
1952 385 220 42 véritable
2195 386 52 40 de

224 478 40 41 la
285 478 207 51 musique
512 474 298 50 dramatique,
838 470 113 40 ainsi
982 481 86 39 que
1091 480 70 27 ses
1184 466 218 40 maximes
1431 472 41 31 et
1494 465 352 48 conséquences,
1874 472 58 38 qu
1950 457 29 40 il
2004 472 22 25 a
2051 457 153 52 appris
2225 459 22 37 à

224 547 247 50 dédaigner
493 545 39 40 la
555 543 205 41 sincérité
782 541 54 40 de
870 539 11 40 1
901 536 127 43 effort
1054 544 248 44 artistique,
1331 534 39 40 le
1393 533 89 40 don
1506 532 132 40 entiei
1680 530 54 39 de
1759 530 66 39 soi
1851 532 22 36 à
1912 540 82 27 son
2019 539 168 37 oeu\ie,
2224 529 21 35 à

224 614 256 43 l'exclusion
497 614 54 40 de
574 621 94 32 tout
702 619 124 32 autre
849 607 144 49 motif,
1018 607 39 40 la
1081 607 139 39 vérité
1248 605 112 42 dans
1392 604 38 39 le
1462 601 105 42 fond
1590 609 40 32 et
1654 600 113 40 dans
1788 599 39 40 la
1865 597 60 41 foi
1938 610 84 27 me.
2049 594 37 41 L
2103 595 144 40 Ftoile

223 686 56 40 du
311 684 129 41 Nord
478 696 112 28 nous
628 695 54 27 en
706 681 149 40 donne
878 679 40 39 la
943 675 214 42 certitude
1177 673 203 48 absolue,
1406 680 41 33 et
1471 685 47 27 ce
1540 686 27 25 n
1587 679 66 32 est
1684 682 81 40 pas
1802 682 105 26 sans
1931 668 201 39 tristesse
2162 679 85 38 que

227 767 115 28 nous
363 766 114 27 nous
501 757 217 47 séparons
735 748 105 42 d'un
864 747 56 41 tel
941 747 138 52 esprit
1099 757 75 28 »...

280 823 32 40 Il
339 822 94 41 faut
475 822 125 39 avoir
622 824 68 36 été
730 833 55 26 en
818 818 168 39 France
1028 823 42 32 et
1106 816 124 38 avoir
1270 825 223 40 parcouru
1536 823 87 27 une
1654 809 215 53 paitition
1908 804 223 52 fiançaise
2168 804 78 40 des

225 891 260 53 Huguenots
506 903 114 40 pour
638 886 294 54 comprendre
953 898 86 40 que
1058 882 264 55 Meyerbeer
1341 889 104 45 peut
1468 884 91 36 être
1578 878 204 53 apprécié
1806 877 264 39 hautement
2096 878 21 35 à
2140 875 99 38 titre

229 962 53 40 de
320 960 230 53 problème
571 959 54 40 de
662 971 114 33 race,
801 957 114 40 mais
952 954 106 53 qu'il
1086 952 94 41 faut
1204 953 38 40 le
1270 953 146 39 renier
1456 962 175 28 comme
1674 945 255 42 Allemand.
1976 943 35 42 C
2029 953 67 32 est
2131 944 115 39 ainsi

236 1028 105 55 qu'à
361 1029 128 41 Paris
524 1028 40 40 la
605 1027 124 41 valse
769 1027 54 40 de
858 1024 131 41 Faust
1026 1024 54 40 de
1116 1021 194 43 Gounod
1334 1028 65 33 est
1423 1025 89 35 très
1551 1018 103 40 bien
1693 1017 241 51 comprise,
1976 1013 149 41 tandis
2161 1026 86 39 que

229 1114 114 27 nous
362 1100 40 40 la
423 1107 215 33 trouvons
661 1094 246 52 exécrable,
932 1103 42 32 et
997 1102 111 32 cette
1127 1091 239 42 différence
1390 1103 54 27 ne
1468 1089 163 40 résulte
1654 1101 81 39 pas
1765 1087 38 39 le
1827 1086 148 40 moins
1998 1084 60 40 du
2082 1082 165 42 monde

229 1170 53 39 de
304 1168 263 41 l'exécution
587 1166 218 54 technique
828 1166 53 39 de
905 1164 200 40 l'œuvre.

285 1237 49 42 Si
358 1251 115 26 nous
503 1241 236 36 résumons
764 1248 44 26 ce
830 1233 131 53 qu'en
983 1231 266 50 Allemagne
1282 1229 28 39 il
1347 1236 106 45 peut
1487 1242 28 37 y
1552 1227 123 39 avoir
1701 1229 21 36 à
1747 1225 94 40 dire
1865 1237 76 27 sur
1961 1220 281 55 Meyerbeer,

230 1321 114 27 nous
374 1307 168 39 devons
578 1312 215 43 regretter
833 1315 86 40 que
942 1302 39 39 la
1007 1305 130 36 scène
1158 1298 235 50 française,
1424 1298 36 38 si
1484 1295 209 41 brillante
1718 1298 22 36 à
1762 1301 112 33 cette
1896 1296 178 49 époque
2102 1289 142 54 (1828,

230 1376 158 40 Muette
405 1386 11 34 ;
445 1378 118 47 1830,
591 1373 244 41 Guillaume
864 1370 124 53 Tell),
1009 1383 114 27 nous
1139 1370 59 39 ait
1217 1368 156 40 enlevé
1395 1374 125 33 notre
1545 1369 174 43 maître,
1738 1364 92 52 qui,
1849 1376 80 38 par
1952 1375 82 27 son
2053 1361 191 50 origine,

231 1460 46 26 sa
297 1444 176 41 fortune
497 1453 40 31 et
574 1456 81 28 son
675 1442 300 50 intelligence,
1011 1439 103 40 s'est
1137 1439 114 40 senti
1272 1437 173 40 destiné
1470 1439 21 36 à
1513 1449 59 26 un
1606 1434 92 40 rôle
1720 1431 338 51 international,
2083 1430 164 52 auquel

233 1514 313 50 l'Allemagne,
568 1526 54 26 ne
646 1513 199 51 pouvait,
871 1514 21 36 à
917 1517 110 33 cette
1049 1513 191 48 époque,
1277 1506 191 53 prendre
1492 1517 172 28 aucune
1689 1511 115 44 part.

1489 1591 28 41 D
1517 1591 29 41 r
1579 1591 134 40 FRITZ
1750 1590 267 40 BRüCKNER.

845 1872 342 53 Meyerbeer
1221 1875 56 38 et
1317 1872 279 52 Wagner.

289 1996 278 53 Meyerbeer,
591 2010 85 39 que
699 1996 87 40 Ton
809 1996 203 52 déprécie
1035 1993 169 55 parfois
1232 1996 306 51 injustement,
1566 1993 167 43 n'a-t-il
1755 2009 80 39 pas
1858 2000 152 36 exercé
2033 2009 87 27 une
2152 2009 71 27 cer-

235 2067 118 40 taine
393 2066 218 40 influence
640 2079 75 27 sur
755 2065 206 50 Wagner
980 2068 16 36 ?
1028 2062 214 42 L'auteur
1275 2064 54 39 de
1371 2062 247 41 Tanhàuser
1641 2072 41 32 et
1717 2064 53 40 de
1794 2063 255 56 Lohengrin
2093 2079 54 26 ne
2186 2065 61 40 lui

234 2135 144 40 doit-il
402 2149 79 38 pas
504 2135 193 52 quelque
716 2135 135 39 chose
873 2138 16 36 ?

291 2203 265 53 Meyerbeer
573 2212 65 32 est
661 2201 282 54 aujourd'hui
960 2203 39 40 le
1019 2203 218 40 musicien
1256 2203 38 39 le
1315 2202 100 52 plus
1439 2203 145 39 décrié
1609 2217 9 33 ;
1642 2217 106 26 ceux
1771 2203 109 40 dont
1897 2203 28 40 il
1950 2212 66 31 est
2039 2217 204 28 convenu

234 2273 54 39 de
319 2272 92 40 dire
431 2288 59 37 qu
509 2273 53 39 ils
582 2278 180 35 mènent
785 2272 39 40 le
858 2280 287 32 mouvement
1166 2271 186 40 musical
1377 2272 123 39 n'ont
1522 2285 81 39 pas
1626 2285 122 27 assez
1773 2270 266 54 d'épithètes
2078 2276 140 50 mépri-

235 2350 149 32 santes
404 2354 113 40 pour
539 2342 38 39 le
602 2339 219 55 qualifier,
847 2350 40 32 et
905 2341 76 48 lui,
1006 2342 74 51 qui
1105 2338 217 42 bénéficia
1345 2342 152 38 vivant
1521 2341 78 39 des
1636 2347 152 35 succès
1828 2342 63 40 les
1922 2342 99 52 plus
2044 2343 179 40 considé-

235 2410 162 49 rables,
417 2424 46 26 se
487 2419 154 32 trouve
674 2410 180 51 relégué
877 2411 280 39 maintenant
1181 2418 95 32 tout
1301 2413 21 36 à
1348 2408 78 42 fait
1465 2424 55 26 au
1555 2410 166 40 second
1763 2410 121 52 plan.
1926 2409 31 41 Il
1994 2419 66 32 est
2096 2413 127 38 incon-

236 2480 188 41 testable
467 2493 85 38 que
577 2478 263 53 Meyerbeer
864 2493 53 26 ne
943 2480 156 39 mérita
1124 2479 159 52 jamais
1323 2479 38 39 la
1403 2478 144 51 gloire
1586 2479 270 40 universelle
1891 2479 106 52 qu'il
2041 2479 145 41 obtint
2224 2484 22 36 à

236 2564 58 26 un
314 2558 199 32 moment
536 2549 163 48 donné,
725 2549 29 40 il
778 2557 66 32 est
865 2562 90 27 non
979 2550 147 38 moins
1167 2549 168 39 certain
1375 2561 86 38 que
1500 2562 48 26 ce
1572 2547 146 41 furent
1743 2549 113 51 jadis
1898 2547 264 42 Schumann
2187 2547 59 54 (i)

234 2627 41 31 et
304 2618 62 40 les
389 2620 211 51 critiques
626 2618 53 39 de
704 2617 183 53 Leipzig
911 2615 58 54 (2)
997 2618 75 51 qui
1096 2619 176 38 avaient
1298 2618 150 40 raison
1483 2627 153 30 contre
1670 2617 61 40 les
1757 2620 313 51 panégyristes
2094 2631 8 36 ;
2131 2621 118 37 mais

235 2688 28 39 il
306 2696 65 32 est
411 2700 89 27 non
534 2688 146 38 moins
725 2685 258 41 indéniable
1037 2700 85 38 que
1159 2685 262 53 Meyerbeer
1466 2700 166 38 occupe
1676 2700 88 26 une
1813 2687 125 52 place
1993 2688 255 40 essentielle

236 2756 111 40 dans
402 2756 259 40 l'évolution
718 2756 53 40 de
814 2756 39 39 la
912 2756 207 52 musique
1171 2755 302 53 dramatique,
1519 2765 40 30 et
1611 2769 85 38 que
1752 2756 40 40 le
1828 2756 181 47 dédain,
2069 2772 60 26 un
2162 2771 86 39 peu

236 2825 341 40 conventionnel
599 2829 232 49 peut-être,
874 2838 105 27 sous
999 2825 145 51 lequel
1170 2838 57 27 on
1249 2825 210 39 l'accable
1480 2829 21 35 à
1526 2829 181 48 présent
1743 2834 65 31 est
1832 2824 217 54 injustifié
2083 2836 40 30 et
2147 2841 77 37 pro-

238 2895 120 38 vient
381 2893 104 40 d'un
506 2893 176 40 évident
698 2895 114 50 parti
837 2895 109 50 pris,
974 2895 129 38 sinon
1128 2892 105 41 d'un
1258 2893 306 40 malentendu.

294 2961 201 42 L'action
525 2963 53 39 de
597 2961 263 53 Meyerbeer
882 2971 64 31 est
965 2961 284 41 absolument
1270 2962 217 40 évidente.
1507 2962 30 40 Il
1564 2978 20 25 a
1611 2978 89 26 non
1722 2963 249 41 seulement
1994 2969 153 35 exercé
2165 2979 86 25 une

243 3031 220 39 influence
501 3032 289 39 caractérisée
821 3045 76 26 sur
929 3031 62 39 les
1018 3032 241 39 musiciens
1282 3031 54 39 de
1372 3044 82 27 son
1479 3040 160 44 temps,
1663 3033 115 39 mais
1815 3033 120 39 aussi
1973 3046 77 26 sur
2079 3032 38 40 le
2140 3038 110 45 goût

243 3099 187 40 musical
453 3098 165 53 public,
644 3098 283 41 c'est-à-dire
966 3112 76 27 sur
1073 3113 107 26 ceux
1219 3114 87 37 que
1329 3100 40 40 la
1404 3101 209 51 musique
1650 3103 218 38 intéresse
1893 3115 53 26 en
1985 3102 167 40 dehors
2190 3103 59 39 du

243 3168 185 40 théâtre.
456 3166 262 42 Schumann
741 3182 54 26 en
812 3170 232 49 gémissait
1069 3182 123 26 assez
1209 3168 78 54 (3).
1308 3168 93 42 Peu
1419 3170 54 40 de
1496 3172 329 50 compositeurs
1846 3171 309 52 dramatiques
2198 3172 53 40 de

286 3332 47 43 (1)
360 3333 150 33 L'égide
544 3334 43 33 de
609 3333 210 34 Schumann
857 3346 61 21 sur
940 3338 51 29 les
1013 3336 217 42 Huguenots
1271 3345 51 25 est
1362 3338 243 33 évidemment
1641 3347 79 34 trop
1752 3341 123 32 sévère
1892 3351 7 29 ;
1922 3341 211 41 n'empêche
2166 3341 86 43 qu'il

245 3395 23 30 y
290 3383 61 33 fait
374 3384 43 31 de
433 3383 83 32 bien
532 3392 140 24 exactes
690 3385 278 33 constatations.
984 3399 14 14 «
1020 3385 75 33 Son
1120 3397 157 31 manque
1297 3388 42 32 de
1362 3391 92 39 style
1477 3397 33 24 et
1536 3390 249 42 d'originalité
1804 3399 81 25 sont
1897 3392 96 32 aussi
2012 3392 148 32 absolus
2177 3403 71 31 que

244 3444 65 21 son
335 3435 110 30 talent
487 3434 116 33 adroit
624 3437 18 30 à
661 3439 179 36 apprêter,
867 3438 17 29 à
920 3435 129 33 rendre
1073 3435 161 40 brillant,
1258 3439 18 30 à
1299 3437 126 33 traiter
1464 3439 346 43 dramatiquement,
1847 3444 18 29 à
1904 3441 304 34 instrumenter...
2235 3456 14 14 »

240 3482 252 42 (Gesammelte
504 3483 191 43 Schriften,
719 3484 138 33 édition
876 3486 147 38 Jansen,
1043 3493 95 26 tome
1162 3487 42 38 11,
1231 3498 94 31 page
1345 3489 73 40 62.)

286 3532 48 41 (2)
360 3532 153 34 Suivant
535 3544 79 28 eux,
638 3545 37 21 sa
711 3534 169 33 méthode
905 3538 154 30 actuelle
1092 3543 52 26 est
1168 3548 46 20 un
1240 3537 132 43 alliage
1412 3538 88 33 dont
1524 3542 50 29 les
1596 3541 176 33 éléments
1789 3549 83 25 sont
1899 3545 120 38 plutôt
2039 3543 210 41 juxtaposes

249 3592 71 31 que
341 3581 144 34 fondus.
506 3584 71 41 (Un
595 3584 139 32 homme
753 3585 38 31 de
814 3585 90 33 rien.
988 3586 200 41 Meyerbeer
1207 3596 6 29 ;
1238 3598 94 32 page
1352 3599 58 33 33.
1433 3588 115 39 Paris,
1573 3590 105 42 1841.

293 3631 48 44 (3)
364 3632 90 33 Voir
480 3632 234 35 Gesammelte
729 3634 189 40 Schriften,
932 3635 139 34 édition
1093 3637 145 39 Jansen,
1262 3646 97 24 tome
1381 3639 41 38 11,
1445 3650 94 32 page
1564 3652 57 32 34.
