2433 3972
662 319 236 33 QUELQUES
934 320 190 28 LETTEES
1160 312 203 35 INÉDITES
1398 321 55 26 DE
1486 320 267 27 MEYERBEER

2130 318 78 40 451

252 406 52 50 (3)
330 407 31 36 11
391 420 25 36 y
435 419 21 25 a
479 419 82 26 une
583 408 73 37 des
678 409 106 38 trois
807 411 190 37 marches
1018 411 55 37 du
1096 410 125 37 finale
1243 411 55 36 du
1323 424 19 23 2
1348 421 14 19 e
1386 418 91 29 acte
1501 411 71 49 qui
1597 424 21 23 a
1639 422 83 25 une
1741 408 261 50 importance
2037 409 183 40 extrême

201 461 105 39 dans
351 463 38 37 la
428 463 210 51 musique,
682 478 124 37 parce
839 468 224 48 qu'autour
1098 466 119 38 d'elle
1249 466 190 49 pivotent
1468 466 58 38 les
1550 468 109 36 deux
1681 473 139 30 autres
1845 465 190 37 marches
2066 473 41 29 et
2138 465 82 38 elle

201 520 127 37 s'unit
351 533 99 25 avec
487 534 68 25 ces
594 522 17 37 ?
640 535 226 25 morceaux
909 525 50 35 de
995 523 210 50 musique.
1240 524 32 36 Il
1301 523 181 37 faudrait
1523 524 110 36 donc
1677 522 170 39 éveiller
1883 522 237 37 l'attention
2153 522 55 36 du

202 585 242 40 spectateur
490 590 71 24 sur
597 577 94 46 elle,
736 587 39 29 et
812 579 38 37 la
885 581 208 35 rattacher
1124 581 21 35 à
1174 579 183 40 l'action.
1390 580 66 36 On
1497 579 279 49 l'appellerait
1818 580 40 35 la
1889 580 168 35 marche
2079 579 145 36 sacrée

210 640 40 28 et
267 644 55 24 on
346 632 250 39 inventerait
619 646 165 26 comme
809 635 99 49 quoi
927 635 37 37 le
990 637 104 35 Gzar
1115 635 49 37 l'a
1182 636 211 36 entendue
1410 648 107 36 pour
1538 634 254 50 lapremière
1812 633 80 39 fois
1917 635 104 36 dans
2056 647 58 23 un
2135 646 60 24 mo-

212 696 115 29 ment
350 688 154 38 décisif
529 691 49 36 de
605 703 44 24 sa
684 691 78 42 vie,
795 691 100 49 qu'il
936 703 21 24 a
997 692 131 48 gagné
1158 699 139 28 toutes
1331 691 59 36 les
1425 691 199 36 victoires
1661 703 99 25 avec
1792 691 92 43 elle,
1911 698 39 29 et
1983 690 153 49 qu'elle
2161 689 58 37 lui

210 754 122 39 porte
355 745 208 38 bonheur.
596 747 118 36 Cette
738 759 208 36 croyance
971 746 159 37 devrait
1158 747 84 36 être
1277 745 113 38 aussi
1414 747 213 48 répandue
1658 748 103 35 dans
1786 746 183 37 l'armée.

261 802 53 46 (4)
347 800 32 37 11
398 800 88 39 faut
509 811 169 29 trouver
700 814 83 24 une
823 801 139 37 action
985 802 339 49 pantomimique
1355 814 70 24 sur
1464 802 35 37 le
1524 802 153 37 devant
1701 802 55 37 du
1779 802 160 37 théâtre
1964 802 21 36 à
2008 802 38 37 la
2069 801 57 37 fin
2164 802 56 37 du

218 868 10 23 l
238 866 33 19 er
290 865 105 39 acte,
428 859 187 48 pendant
635 870 81 37 que
741 857 228 37 Catherine
993 858 151 36 chante
1165 870 70 24 sur
1264 858 36 36 le
1325 856 194 38 vaisseau
1548 858 275 37 l'invocation
1848 858 88 36 àsa
1967 857 110 37 mère
2111 870 109 37 pour

213 912 36 36 le
275 913 196 37 bonheur
495 914 55 36 du
574 914 184 48 mariage
779 914 50 36 de
861 926 76 24 son
958 912 122 38 frère.
1111 914 194 36 Pendant
1328 925 45 25 ce
1394 921 136 41 temps
1554 914 38 36 la
1609 926 106 24 noce
1738 926 50 24 ne
1806 913 88 37 doit
1915 912 40 36 ni
1981 913 173 37 chanter
2179 913 41 36 ni

210 967 92 39 voir
327 969 240 37 Catherine.
614 970 31 35 Il
681 969 86 37 faut
805 969 110 37 donc
951 981 183 36 occuper
1162 970 188 48 pendant
1390 981 44 25 ce
1459 977 137 41 temps
1621 969 59 37 les
1717 981 288 37 personnages
2030 981 75 36 par
2147 969 73 37 des

210 1024 262 37 cérémonies
494 1027 49 35 de
562 1025 181 49 mariage
769 1037 80 37 que
873 1025 83 36 l'on
969 1025 252 36 inventerait
1245 1037 7 24 :
1273 1025 73 36 des
1371 1024 271 37 demoiselles
1667 1025 237 36 d'honneur
1927 1026 49 34 de
2001 1025 38 35 la
2062 1024 160 37 fiancée

211 1094 25 36 y
259 1080 183 37 seraient
462 1082 225 48 occupées.
708 1082 57 35 La
781 1081 140 37 vieille
945 1081 111 37 mère
1078 1082 49 36 de
1152 1080 228 37 Prascovia
1403 1081 39 36 la
1463 1081 120 36 ferait
1607 1080 276 49 agenouiller,
1907 1088 39 29 et
1966 1079 57 36 lui
2037 1079 188 49 poserait

210 1136 38 37 la
275 1148 221 25 couronne
520 1138 49 36 de
596 1136 161 38 fiancée
782 1150 70 24 sur
871 1136 38 38 la
931 1137 83 37 tête
1037 1151 7 32 ;
1067 1137 142 50 quand
1229 1136 37 37 la
1291 1148 105 25 noce
1414 1144 62 30 est
1499 1137 141 36 entrée
1661 1136 21 37 à
1701 1136 171 50 l'église,
1897 1143 38 30 et
1958 1148 80 36 que
2063 1135 138 38 levais-

211 1204 102 25 seau
337 1204 91 25 sera
450 1192 122 50 parti,
601 1193 27 36 il
666 1192 148 38 faudra
845 1205 165 25 comme
1042 1206 83 24 une
1164 1201 115 29 autre
1301 1191 261 51 pantomime
1588 1204 70 25 sur
1687 1192 37 37 le
1742 1192 159 36 théâtre
1924 1192 188 49 pendant
2143 1204 80 37 que

211 1249 83 36 l'on
321 1249 205 37 entendra
550 1249 60 37 les
631 1249 208 37 vocalises
864 1250 51 36 de
943 1249 226 37 Catherine
1195 1249 103 37 dans
1322 1248 36 37 la
1380 1248 199 38 coulisse.

261 1305 53 49 (5)
337 1305 192 38 Justifier
553 1306 37 36 le
628 1318 195 25 nouveau
857 1305 94 37 titre
973 1318 18 24 cc
1018 1305 167 37 l'Etoile
1209 1307 56 36 du
1290 1305 119 37 Nord
1431 1317 35 25 ».

262 1361 54 48 (6)
342 1362 32 35 Il
400 1373 49 25 ne
467 1360 88 37 faut
574 1374 74 36 pas
673 1374 81 35 que
775 1362 82 36 l'on
882 1361 89 37 dise
998 1374 51 24 au
1075 1369 55 28 ler
1153 1370 88 28 acte
1263 1373 80 36 que
1372 1361 141 36 Pierre
1539 1361 95 48 joue
1654 1361 194 47 toujours
1873 1359 37 38 le
1936 1360 134 37 même
2096 1359 59 38 air
2172 1360 50 37 de

213 1415 100 38 flûte
336 1430 125 36 parce
475 1417 100 50 qu'il
600 1430 50 25 ne
666 1417 72 37 fait
754 1430 74 37 pas
841 1417 50 37 de
915 1418 173 49 progrès
1102 1418 86 49 (car
1210 1417 89 37 l'air
1323 1425 62 28 est
1398 1416 171 37 brillant
1598 1424 39 29 et
1659 1416 185 43 difficile,
1870 1425 39 28 et
1933 1424 165 29 surtout
2120 1416 103 37 dans

214 1484 76 25 son
315 1473 355 49 développement
706 1486 51 24 au
782 1474 18 36 3
809 1484 14 17 e
862 1482 104 36 acte)
988 1486 8 33 ;
1034 1473 27 37 il
1084 1474 158 36 vaudra
1272 1472 139 39 mieux
1436 1473 87 38 dire
1555 1472 99 50 qu'il
1677 1473 96 49 joue
1808 1481 64 28 cet
1892 1472 124 37 air-là
2046 1481 179 29 souvent

210 1541 126 36 parce
358 1541 79 37 que
463 1531 99 35 c'est
586 1529 89 37 l'air
702 1529 132 37 favori
856 1530 49 36 de
927 1528 240 39 Catherine.

264 1591 54 49 (7)
345 1592 154 45 Quand
525 1591 227 38 Catherine
772 1591 164 50 parlera
960 1604 51 24 au
1044 1604 10 23 i
1064 1600 33 20 er
1119 1600 89 28 acte
1233 1592 50 37 de
1308 1604 44 25 sa
1381 1589 127 50 mère,
1532 1599 37 29 et
1602 1592 50 36 de
1673 1590 38 37 la
1737 1589 236 50 prédiction
1991 1589 151 50 qu'elle
2166 1590 58 36 lui

214 1659 21 24 a
259 1646 98 37 faite
398 1660 71 24 sur
494 1660 77 24 son
607 1647 45 37 lit
690 1648 50 36 de
765 1656 124 36 mort,
929 1648 35 48 je
986 1646 135 38 désire
1146 1660 308 36 accompagner
1478 1660 75 24 son
1594 1646 103 38 récit
1726 1646 499 49 mélodramatiquement

215 1715 101 25 avec
340 1703 37 37 la
406 1703 153 49 phrase
583 1703 71 49 qui
678 1711 184 29 traverse
888 1716 76 24 son
988 1703 88 37 rôle
1099 1716 7 24 :
1133 1704 104 36 mais
1258 1704 35 48 je
1318 1703 136 37 désire
1482 1715 80 37 que
1596 1703 59 36 les
1679 1702 174 49 phrases
1877 1702 161 49 parlées
2069 1714 100 24 sous
2187 1701 39 37 la

214 1758 200 50 musique
440 1758 139 38 soient
603 1759 191 49 toujours
832 1760 72 36 des
935 1758 176 50 phrases
1141 1767 184 37 courtes,
1362 1767 38 29 et
1441 1758 137 38 soient
1614 1758 120 37 faites
1771 1759 49 36 de
1856 1757 124 49 façon
2004 1758 21 36 à
2046 1757 181 50 pouvoir

214 1815 84 36 être
320 1815 311 48 interrompues
656 1827 73 36 par
749 1815 37 36 la
807 1814 209 49 musique.

263 1871 53 48 (8)
344 1870 139 37 Même
508 1883 222 36 remarque
754 1883 107 36 pour
896 1870 39 37 la
955 1870 151 49 phrase
1131 1869 203 38 musicale
1372 1870 49 37 de
1446 1870 155 47 Pierre,
1637 1869 235 50 exprimant
1903 1882 77 25 son
2014 1877 187 42 emporte-

219 1934 116 29 ment
358 1934 38 29 et
420 1938 44 25 sa
487 1925 138 38 colère
647 1928 146 48 (voyez
823 1925 337 49 l'introduction)
1190 1935 39 28 et
1252 1939 81 36 que
1359 1926 36 49 je
1413 1925 198 39 voudrais
1633 1925 180 50 pouvoir
1830 1926 163 49 répéter
2016 1926 184 36 mélodra-

216 1982 308 49 matiquement
549 1982 20 37 à
586 1982 212 49 plusieurs
823 1982 187 37 endroits
1031 1982 50 37 de
1106 1994 78 25 son
1207 1982 103 38 rôle.

266 2039 52 49 (9)
341 2038 32 36 Il
396 2052 25 36 y
466 2051 21 24 a
512 2051 52 25 au
596 2037 100 39 final
720 2039 54 36 du
809 2049 38 26 2e
871 2046 89 30 acte
996 2037 103 38 trois
1143 2038 217 49 musiques
1386 2037 233 47 militaires,
1651 2037 71 49 qui
1755 2038 144 49 jouent
1922 2037 188 37 chacune
2145 2050 83 24 une

217 2095 169 36 marche
411 2093 219 38 différente
656 2095 49 36 de
726 2094 182 37 mélodie
933 2102 39 29 et
991 2095 54 36 de
1068 2094 177 50 rythme.
1273 2095 80 36 Ces
1379 2095 190 36 marches
1593 2102 98 29 sont
1712 2093 245 37 combinées
1985 2094 50 36 de
2060 2092 122 49 façon
2207 2094 21 36 à

215 2151 86 36 être
325 2150 143 49 jouées
490 2151 218 36 ensemble
732 2151 22 36 à
774 2151 38 36 la
837 2149 57 38 fin
917 2150 49 37 de
991 2151 131 36 l'acte.
1159 2151 32 35 Il
1212 2149 183 38 faudrait
1414 2149 178 50 justifier
1612 2163 68 24 ces
1703 2149 103 38 trois
1827 2150 191 36 marches
2042 2149 186 37 diverses

217 2218 75 37 par
314 2206 185 37 l'action.
525 2208 142 36 Est-ce
689 2218 78 37 que
788 2206 58 37 les
872 2220 19 23 2
899 2213 12 16 e
931 2215 38 28 et
994 2207 17 36 3
1018 2212 12 15 e
1040 2206 193 37 marches
1258 2218 50 25 ne
1327 2206 249 49 pourraient
1594 2219 75 36 pas
1685 2206 84 37 être
1794 2206 127 37 celles
1940 2206 73 37 des
2037 2205 191 37 ennemis

218 2262 199 49 (Suédois
440 2272 39 28 et
502 2264 150 48 Turcs)
678 2262 71 50 qui
791 2262 265 38 viendraient
1098 2275 183 37 occuper
1329 2263 109 37 deux
1468 2271 252 41 montagnes
1753 2262 156 36 situées
1952 2264 20 34 à
2010 2260 135 38 droite
2164 2269 64 28 •et

217 2321 21 33 à
261 2318 162 50 gauche
448 2319 56 36 du
527 2318 175 48 théâtre,
746 2317 148 38 défilés
919 2330 79 38 que
1040 2318 63 38 les
1128 2319 211 49 généraux
1383 2331 141 25 russes
1560 2318 315 49 conspirateurs
1915 2326 145 28 contre
2087 2316 141 37 Pierre

216 2383 73 28 ont
306 2374 123 38 livrés
455 2373 277 38 secrètement
751 2375 22 36 à
790 2373 224 38 l'ennemi?

266 2431 84 49 (10)
374 2432 44 36 Je
440 2430 110 37 crois
590 2430 100 49 qu'il
714 2443 91 24 sera
844 2430 248 49 impossible
1117 2443 52 24 au
1193 2443 19 24 2
1218 2436 12 15 e
1249 2438 89 29 acte
1355 2430 176 50 d'ériger
1556 2443 50 24 en
1629 2443 79 24 vue
1745 2431 55 36 du
1840 2429 144 49 public
2013 2441 82 24 une
2116 2437 112 29 tente

216 2487 98 37 telle
338 2486 100 50 qu'il
459 2486 38 37 la
534 2486 183 37 faudrait
737 2498 107 37 pour
862 2486 58 37 les
943 2486 172 37 besoins
1141 2487 50 36 de
1216 2486 38 36 la
1281 2485 124 38 scène
1428 2487 54 36 du
1517 2486 101 36 Trio
1643 2494 38 28 et
1710 2486 55 37 du
1789 2488 183 35 Sextuor
1996 2485 107 48 (déjà
2125 2484 103 37 dans

219 2542 37 37 le
280 2542 202 50 Prophète
506 2554 108 25 nous
640 2554 130 25 avons
797 2542 163 36 échoué
984 2542 153 36 devant
1158 2554 83 24 une
1262 2541 172 50 pareille
1469 2540 216 48 difficulté,
1712 2549 38 29 et
1771 2541 28 36 il
1820 2554 22 23 a
1864 2540 102 37 fallu
1995 2540 190 37 recourir
2208 2540 22 36 à

217 2611 58 24 un
299 2599 282 48 changement
604 2599 20 35 à
647 2603 108 39 vue).
776 2598 33 36 Il
832 2596 88 38 faut
942 2609 122 37 peser
1081 2597 97 37 bien
1202 2598 237 36 mûrement
1460 2598 197 36 d'avance
1682 2605 106 29 cette
1806 2596 215 46 difficulté,
2044 2596 186 36 d'autant

216 2655 96 49 plus
337 2666 80 38 que
453 2654 39 36 la
523 2653 211 37 nécessité
758 2653 50 37 de
852 2653 142 49 placer
1017 2652 60 38 les
1103 2653 102 37 trois
1245 2653 219 49 musiques
1489 2653 216 37 militaires
1741 2665 70 25 sur
1829 2665 82 24 une
1936 2652 124 37 scène
2080 2651 148 37 étroite

219 2710 256 38 nécessitera
497 2709 211 50 plusieurs
738 2709 255 49 praticables
1011 2709 104 37 dans
1139 2709 36 37 le
1200 2709 126 37 décor
1345 2710 54 36 du
1424 2719 39 27 2e
1484 2717 104 30 acte.

269 2773 81 49 (11)
390 2772 32 37 Il
448 2785 24 37 y
497 2784 21 24 a
541 2784 51 25 au
617 2772 160 37 second
803 2780 89 28 acte
917 2772 36 36 le
977 2771 88 37 rôle
1090 2772 98 36 d'un
1214 2772 181 36 hussard
1415 2771 71 49 qui
1510 2784 21 24 a
1553 2784 82 24 une
1665 2771 189 37 chanson
1884 2779 38 29 et
1947 2770 94 50 puis
2068 2782 56 24 un
2147 2770 80 37 trio

221 2828 142 38 bouffe
383 2842 8 35 ;
410 2841 51 25 ne
489 2828 266 51 pourrait-on
776 2841 75 37 pas
873 2827 256 50 développer
1155 2840 45 25 ce
1221 2828 88 37 rôle
1329 2840 56 24 un
1412 2839 82 39 peu
1515 2827 315 51 comiquement
1852 2829 103 37 dans
1973 2827 36 37 le
2034 2827 194 50 dialogue

219 2898 108 37 pour
348 2897 79 38 que
452 2885 246 38 Saint-Foix
715 2886 191 47 acceptât
925 2896 45 25 ce
994 2883 87 38 rôle
1106 2883 15 38 ?

271 2941 80 50 (12)
377 2942 114 36 Dans
518 2940 39 37 la
577 2940 189 37 chanson
790 2940 22 37 à
835 2939 224 38 l'honneur
1080 2940 50 37 de
1155 2938 250 38 l'infanterie
1444 2951 78 37 que
1548 2940 150 37 chante
1724 2939 245 48 Gritzenko,
1995 2939 26 36 il
2041 2939 190 49 pourrait

221 2997 164 37 donner
407 3009 82 25 une
525 2997 124 48 leçon
684 2996 236 37 d'exercice
960 3008 80 25 aux
1070 3008 168 25 recrues
1263 2994 72 51 qui
1360 2996 183 37 seraient
1564 3004 139 29 toutes
1734 2996 72 37 des
1835 2996 247 45 danseuses,
2108 3004 98 41 peut-

221 3053 84 37 être
329 3052 227 38 Calherine
581 3053 22 36 à
623 3052 90 38 leur
735 3053 94 36 tête.

271 3110 82 48 (13)
379 3109 32 36 Il
432 3109 127 37 serait
591 3109 86 37 bon
701 3108 169 38 défaire
895 3108 204 49 quelques
1131 3107 126 51 petits
1278 3107 109 38 rôles
1411 3107 234 38 d'hommes
1668 3120 153 25 encore
1842 3120 52 24 au
1918 3120 19 24 2
1944 3115 14 17 e
1997 3114 89 30 acte
2119 3120 108 36 pour

222 3165 113 38 avoir
357 3165 36 37 le
417 3165 188 49 prétexte
630 3165 50 36 de
703 3164 102 37 faire
837 3165 177 36 chanter
1035 3165 104 36 dans
1164 3165 59 36 les
1245 3164 169 37 chœurs
1439 3165 71 36 des
1535 3165 223 36 chanteurs
1780 3165 48 36 de
1852 3163 126 38 rôles.

272 3228 83 47 (15)
379 3228 56 36 Le
460 3239 199 25 morceau
675 3226 258 38 d'ensemble
972 3227 56 37 du
1045 3240 19 24 2
1071 3236 15 19 e
1117 3234 90 30 acte
1231 3227 105 36 dans
1359 3226 39 37 la
1427 3234 112 29 tente
1563 3234 62 29 est
1646 3226 217 37 tellement
1899 3225 100 49 long
2022 3224 98 49 qu'il
2143 3224 88 37 faut

222 3283 37 38 le
280 3295 159 37 couper
463 3295 49 25 en
537 3283 110 37 deux
666 3290 39 29 et
729 3282 102 37 faire
848 3282 56 36 du
927 3281 197 51 dialogue
1148 3290 115 30 entre
1287 3282 36 37 le
1343 3283 81 36 trio
1448 3290 39 30 et
1507 3283 36 36 le
1568 3290 186 41 septuor.

270 3340 81 48 (16)
386 3339 33 36 Il
440 3347 96 28 vaut
556 3338 141 37 mieux
717 3350 80 37 que
823 3337 257 38 Danilowicz
1108 3351 50 24 ne
1185 3338 88 37 dise
1298 3351 73 36 pas
1397 3351 51 24 au
1473 3339 18 36 3
1498 3349 14 17 e
1534 3346 89 29 acte
1637 3338 22 36 à
1684 3338 185 48 Georges
1892 3348 81 37 que
1992 3337 146 35 Peters
2167 3344 63 29 est

224 3395 36 37 le
297 3395 120 38 Czar.
443 3395 189 48 Georges
655 3405 157 37 pourra
841 3393 110 36 alors
975 3393 86 37 être
1080 3394 95 48 plus
1212 3393 327 38 naturellement
1563 3393 153 37 étonné
1742 3393 103 36 dans
1872 3393 35 35 le
1929 3403 197 25 morceau
2156 3392 73 36 des

223 3450 121 38 flûtes
369 3450 243 38 d'entendre
631 3450 119 49 jouer
774 3461 76 24 son
875 3448 59 37 air
955 3448 61 37 s'il
1039 3448 146 51 ignore
1209 3462 80 36 que
1313 3450 122 37 Péter
1455 3457 61 30 est
1535 3450 23 36 à
1583 3448 302 49 Pétersbourg.

273 3508 82 48 (17)
377 3508 30 36 Il
428 3508 88 36 faut
531 3515 172 28 trouver
723 3517 58 24 un
800 3503 97 38 effet
920 3504 49 37 de
995 3504 127 37 décor
1142 3518 107 36 pour
1269 3504 38 37 la
1331 3504 71 38 fin.

271 3565 78 48 (18)
384 3565 56 36 Le
461 3563 41 37 3e
525 3571 90 29 acte
640 3561 89 38 doit
743 3560 175 38 d'abord
939 3561 264 47 représenter
1228 3572 82 25 une
1332 3568 113 29 tente
1462 3560 167 47 fermée,
1651 3572 55 24 ou
1733 3572 57 24 un
1811 3557 171 39 cabinet
2004 3557 130 38 fermé
2155 3570 75 37 par

222 3632 82 25 une
325 3620 164 37 cloison
513 3618 174 38 mobile.
711 3616 225 38 Catherine
976 3616 88 38 doit
1087 3624 139 29 entrer
1247 3616 175 37 d'abord
1453 3617 102 36 dans
1596 3615 37 37 le
1670 3615 167 38 cabinet
1858 3616 69 47 (ou
1951 3617 147 46 tente),
2134 3622 38 28 et
2196 3614 35 36 le
