2272 3628
588 255 236 33 QUELQUES
859 256 193 27 LETTRES
1088 249 204 35 INÉDITES
1326 260 56 24 DE
1415 260 266 26 MEYERBEER

2059 259 83 40 447

124 347 54 40 de
194 355 124 32 votre
343 348 151 52 plume
522 348 245 53 spirituelle
790 358 41 31 et
849 349 365 53 philosophique.
1242 349 278 54 Cependant,
1547 365 173 26 comme
1745 365 57 27 on
1839 351 110 42 n'est
1987 353 158 51 jamais

125 424 194 39 content,
357 418 37 50 je
414 414 87 43 n'ai
544 421 67 35 été
648 417 191 41 satisfait
876 419 100 51 qu'à
1014 419 135 46 demi,
1175 420 38 51 je
1234 433 113 27 vous
1381 419 174 41 l'avoue
1578 431 7 37 ;
1611 433 112 27 vous
1743 434 55 26 ne
1828 434 70 26 me
1921 421 146 51 parlez
2091 435 53 26 en

125 485 103 41 effet
251 487 43 39 ni
316 486 53 40 de
390 487 206 39 madame
626 487 54 40 de
700 487 121 52 Bury
839 490 43 37 ni
912 488 53 39 de
997 497 123 31 votre
1141 487 260 41 charmante
1423 488 131 55 Jetta,
1581 489 107 40 dont
1722 490 8 51 j
1753 491 243 38 entretiens
2018 503 102 27 cons-

128 564 217 30 tamment
369 569 69 26 ma
474 554 164 41 femme
661 564 40 31 et
725 569 94 26 mes
854 555 193 41 enfants.
1159 555 50 55 Je
1232 558 95 39 vois
1366 572 80 37 par
1465 567 123 30 votre
1612 557 141 48 lettre,
1782 571 105 27 mon
1912 558 102 40 cher
2038 561 104 45 ami,

129 636 85 38 que
249 623 63 40 les
352 624 149 39 lettres
533 624 263 51 posthumes
821 624 54 39 de
910 623 62 40 M.
1014 623 249 41 Humboldt
1300 629 21 36 à
1361 624 60 40 M.
1458 625 275 52 Varnhagen
1764 625 94 42 font
1895 641 85 26 une
2021 628 119 39 aussi

126 692 172 49 grande
322 693 228 38 sensation
582 696 20 35 à
628 691 129 40 Paris
778 692 101 51 qu'à
904 691 166 40 Berlin.
1099 691 62 43 Ca
1183 692 110 40 n'est
1316 707 80 37 pas
1423 698 223 36 étonnant
1672 710 7 32 ;
1708 704 92 31 tant
1823 695 53 39 de
1901 708 244 39 personnes

130 773 159 27 encore
310 762 202 38 vivantes
532 768 101 32 sont
656 761 206 38 atteintes
886 760 53 39 de
969 760 357 51 quelques-unes
1350 762 52 38 de
1436 775 70 26 ses
1541 775 19 25 «
1585 762 278 41 chevrotines
1889 775 21 26 ))
1937 768 6 35 î
1970 763 175 51 Malgré

131 828 38 40 le
201 829 143 50 grand
368 830 152 50 esprit,
545 828 61 39 les
632 825 110 42 fines
762 828 272 49 malignités,
1062 828 63 39 les
1148 842 108 26 vues
1281 828 147 51 larges
1453 839 40 30 et
1515 830 62 40 les
1602 832 160 38 vérités
1777 832 107 39 dont
1901 845 70 26 ces
1996 832 148 40 lettres

132 905 99 31 sont
256 896 224 49 remplies,
507 896 28 39 il
559 901 72 34 eût
655 897 267 38 néanmoins
946 900 67 35 été
1039 900 20 35 à
1098 896 247 49 souhaiter,
1381 910 112 39 pour
1517 898 40 38 la
1587 903 155 46 pureté
1768 899 53 39 de
1855 899 36 39 la
1931 902 214 38 mémoire

133 966 52 38 de
205 978 46 26 ce
270 964 142 51 grand
437 964 197 44 homme,
659 964 185 51 qu'elles
874 963 174 40 fussent
1073 968 164 36 restées
1261 964 204 40 inédites.
1490 964 123 42 Vous
1651 979 127 25 savez
1804 967 96 51 déjà
1927 973 218 45 peut-être

134 1047 85 38 que
242 1033 38 39 la
306 1032 168 40 famille
497 1032 53 40 de
571 1031 59 40 M.
668 1032 53 39 de
745 1031 249 41 Humboldt
1016 1046 21 25 a
1063 1031 152 53 publié
1238 1033 111 39 dans
1390 1032 229 40 différents
1653 1035 219 51 journaux
1911 1049 86 25 une
2021 1036 124 39 lettre

134 1102 209 40 adressée
376 1116 79 37 par
477 1101 77 49 lui,
581 1100 27 40 il
628 1116 26 36 y
674 1115 20 25 a
718 1101 218 51 quelques
971 1105 181 43 années,
1182 1105 21 35 à
1238 1114 80 27 son
1339 1114 140 27 neveu
1515 1102 39 39 le
1573 1102 181 50 général
1792 1102 278 40 Hédemann.
2116 1103 27 40 Il

134 1171 37 39 le
195 1172 131 50 priait
342 1170 112 40 dans
487 1178 65 32 cet
574 1171 105 38 écrit
698 1170 54 39 de
775 1169 168 47 veiller,
968 1175 128 46 après
1114 1183 46 26 sa
1180 1178 131 39 mort,
1338 1174 22 35 à
1385 1183 46 26 ce
1449 1183 85 39 que
1558 1184 172 26 aucune
1753 1171 77 39 des
1851 1171 294 41 nombreuses

134 1239 151 40 lettres
322 1239 106 52 qu'il
466 1253 20 25 a
529 1239 176 39 lancées
740 1239 113 39 dans
893 1246 145 31 toutes
1077 1238 64 39 les
1168 1239 165 51 parties
1364 1239 57 39 du
1459 1239 180 50 monde,
1664 1248 41 31 et
1742 1239 90 40 cela
1869 1241 161 38 durant
2054 1249 93 31 tant

133 1306 228 48 d'années,
387 1321 55 26 ne
466 1307 64 40 fût
555 1307 136 40 livrée
713 1311 21 35 à
769 1307 40 39 la
833 1305 228 54 publicité.

189 1375 62 40 M.
287 1376 53 39 de
365 1375 249 41 Humboldt
639 1376 235 51 protestait
903 1375 253 50 également
1181 1379 21 35 à
1232 1375 195 40 l'avance
1466 1383 152 32 contre
1651 1385 120 30 toute
1795 1375 275 53 publication
2093 1378 53 39 de

133 1458 47 26 ce
203 1457 152 38 genre.
381 1443 106 41 Cela
515 1444 195 40 rendrait
732 1450 87 33 très
851 1442 398 41 invraisemblable
1273 1457 86 38 que
1394 1443 62 40 M.
1482 1443 54 40 de
1568 1443 216 41 Humbolt
1819 1450 73 34 eût
1927 1445 146 40 désiré
2107 1446 38 39 la

134 1511 213 53 publicité
386 1512 54 40 de
491 1512 40 40 la
586 1512 384 52 correspondance
1011 1524 102 26 avec
1150 1510 92 40 V...
1284 1520 41 31 et
1365 1520 163 38 autres,
1570 1525 172 27 comme
1790 1526 56 26 on
1890 1513 38 39 le
1964 1516 182 49 pouvait

136 1594 219 38 supposer
372 1595 79 37 par
470 1594 84 26 une
578 1581 52 39 de
654 1594 70 26 ses
745 1580 167 45 lettres,
929 1584 21 34 à
975 1592 46 26 ce
1037 1592 85 38 que
1141 1592 113 27 vous
1274 1593 128 26 aurez
1420 1594 73 26 vu.
1519 1578 88 41 Par
1626 1589 166 38 contre,
1813 1581 334 40 mademoiselle

135 1648 229 40 Ludmilla
389 1648 187 50 Assing,
603 1651 121 37 nièce
744 1649 53 39 de
817 1648 110 49 V...,
952 1662 20 24 a
999 1646 152 52 publié
1170 1661 70 26 ces
1261 1648 198 51 jours-ci,
1498 1648 113 40 dans
1631 1662 58 26 un
1710 1649 171 51 journal
1902 1649 52 39 de
1978 1648 166 50 Berlin,

137 1732 58 24 un
219 1716 165 40 factum
425 1723 57 33 où
518 1717 85 39 elle
645 1716 187 40 cherche
859 1720 22 35 à
924 1716 257 40 démontrer
1218 1728 86 39 que
1337 1724 110 32 cette
1476 1715 182 41 défense
1688 1716 53 40 de
1775 1716 276 52 publication
2094 1718 53 39 de

137 1785 315 52 lettres..après
473 1785 39 39 la
538 1794 132 37 mort,
691 1783 68 41 n'a
792 1784 246 40 nullement
1075 1785 101 39 trait
1210 1787 22 35 à
1272 1784 131 40 celles
1439 1784 229 40 adressées
1693 1789 21 35 à
1742 1784 90 41 V...
1874 1784 97 41 Elle
1994 1785 153 40 établit

138 1867 46 26 ce
205 1851 77 42 fait
305 1867 104 26 avec
432 1866 86 27 une
545 1853 182 52 logique
750 1855 36 36 si
818 1857 148 35 serrée
999 1862 41 30 et
1073 1853 35 38 si
1143 1854 262 38 imminente
1434 1865 101 39 que,
1561 1866 114 38 pour
1717 1867 69 25 ma
1827 1863 113 42 paît,
1966 1855 37 51 je
2027 1855 121 39 flotte

138 1937 53 24 au
217 1923 112 51 sujet
353 1922 52 39 de
439 1922 39 39 la
501 1923 153 38 vérité.
678 1919 61 41 Ce
764 1934 207 27 morceau
1009 1926 119 35 étant
1152 1920 228 40 d'ailleurs
1412 1920 440 52 remarquablement
1884 1921 102 40 bien
2023 1924 122 44 écrit,

139 1991 38 51 je
200 2003 136 38 pense
353 2003 85 38 que
460 2003 112 26 vous
605 1989 39 39 le
661 1989 102 40 lirez
800 1989 259 40 volontiers.
1079 1987 55 41 Et
1169 1989 38 51 je
1240 1988 39 40 le
1305 1989 115 51 joins
1456 1992 89 36 àce
1571 1989 77 51 pli.
1757 1988 122 41 Vous
1903 2003 103 26 avez
2031 1991 114 49 l'air,

139 2071 104 26 mon
261 2057 103 40 cher
388 2058 103 47 ami,
516 2057 55 40 de
590 2057 158 40 douter
767 2071 59 26 un
847 2070 87 38 peu
956 2070 85 39 que
1065 2057 38 52 je
1124 2058 148 39 tienne
1293 2057 38 39 la
1362 2057 152 52 parole
1538 2070 85 39 que
1645 2057 37 51 je
1698 2070 112 27 vous
1840 2058 39 39 ai
1901 2058 174 40 donnée
2097 2059 52 39 de

139 2135 157 30 mettre
318 2139 54 26 en
397 2127 206 50 musique
624 2126 39 39 la
682 2131 130 34 scène
832 2126 57 39 du
909 2140 24 36 4
938 2130 14 17 e
976 2133 94 32 acte
1089 2125 53 40 de
1174 2134 124 31 votre
1314 2125 154 40 drame
1491 2125 53 40 de
1581 2123 161 45 Gothe,
1771 2131 129 34 scène
1922 2140 84 38 que
2037 2140 111 28 vous

140 2195 165 39 m'avez
327 2196 159 38 remise
510 2198 22 35 à
573 2208 105 26 mon
701 2194 155 52 départ
892 2194 53 40 de
969 2193 144 50 Paris,
1140 2201 41 32 et
1204 2193 109 40 dont
1349 2191 38 54 je
1409 2206 112 27 vous
1560 2194 39 38 ai
1639 2194 170 51 promis
1847 2194 234 40 d'achever
2109 2196 39 39 la

139 2263 299 51 composition
460 2275 113 38 pour
595 2271 66 30 cet
692 2271 228 38 automne,
943 2266 175 48 époque
1137 2265 20 35 à
1183 2262 209 51 laquelle,
1416 2262 299 39 m'avez-vous
1748 2262 77 47 dit,
1851 2271 124 31 votre
1997 2263 153 40 drame

140 2330 91 40 doit
251 2339 146 31 entrer
419 2344 54 26 en
506 2331 252 51 répétition.
781 2330 50 54 Je
854 2329 87 41 n'ai
966 2331 158 51 jamais
1145 2328 109 41 failli
1284 2334 21 35 à
1331 2343 171 26 aucune
1526 2330 53 39 de
1602 2343 94 26 mes
1720 2344 253 37 promesses
1994 2344 156 27 envers

141 2399 75 50 qui
235 2412 85 38 que
334 2412 46 26 ce
400 2399 102 48 soit,
527 2406 41 32 et
592 2411 47 27 ce
652 2411 54 26 ne
724 2411 95 27 sera
842 2412 80 38 pas
939 2399 204 38 vis-à-vis
1164 2398 104 39 d'un
1289 2399 85 38 ami
1395 2398 54 40 tel
1468 2412 86 36 que
1573 2411 111 27 vous
1700 2412 85 38 que
1808 2397 56 53 j'y
1887 2401 262 50 manquerai

141 2480 115 38 pour
277 2466 38 40 la
341 2468 218 50 première
583 2464 100 42 fois.
796 2466 123 40 Vous
942 2479 53 26 ne
1017 2479 70 26 me
1107 2466 146 51 parlez
1278 2479 79 38 pas
1379 2466 53 39 de
1465 2474 123 32 votre
1613 2466 198 50 tragédie
1832 2467 53 39 de
1915 2466 236 54 Pétrarque

143 2548 85 38 que
249 2547 113 28 vous
385 2548 103 26 avez
513 2534 252 40 l'intention
788 2534 54 39 de
874 2534 171 39 donner
1068 2542 65 31 cet
1166 2534 121 39 hiver
1313 2538 21 35 à
1367 2532 207 42 l'Odéon.
1598 2533 251 51 L'ouvrage
1872 2533 162 42 n'est-il
2070 2549 80 38 pas

143 2603 177 46 achevé,
346 2616 56 26 ou
426 2601 103 40 bien
550 2603 78 39 des
652 2601 233 40 difficultés
910 2603 52 38 de
983 2602 170 39 théâtre
1176 2615 111 26 vous
1310 2602 392 51 empêchent-elles
1721 2602 54 39 de
1799 2603 38 38 le
1860 2603 170 40 donner
2049 2608 16 35 ?

200 2670 124 41 Vous
348 2683 128 27 savez
501 2669 204 42 combien
727 2679 94 31 tout
844 2683 47 26 ce
908 2671 74 50 qui
998 2685 21 24 a
1039 2672 100 38 trait
1162 2674 20 35 à
1204 2683 129 27 vous,
1361 2683 105 27 mon
1484 2670 104 39 cher
1608 2671 103 45 ami,
1727 2679 41 30 et
1780 2674 21 35 à
1823 2684 78 27 vos
1919 2673 231 51 poétiques

141 2740 290 51 productions
467 2739 229 51 m'inspire
731 2736 203 42 d'intérêt
963 2741 6 36 !

199 2807 198 41 Veuillez
431 2820 70 27 me
536 2807 205 51 rappeler
779 2820 56 27 au
878 2808 211 39 souvenir
1124 2807 52 39 de
1211 2807 206 39 madame
1453 2807 53 40 de
1555 2806 135 53 Bury,
1734 2807 53 40 de
1834 2810 230 37 monsieur
2110 2817 42 31 et

144 2876 207 40 madame
372 2875 155 47 Buloz,
548 2876 113 38 mais
679 2883 132 31 avant
833 2883 93 31 tout
944 2883 40 31 et
1006 2883 174 31 surtout
1196 2878 18 36 à
1239 2874 111 40 celui
1368 2874 52 40 de
1441 2887 94 27 mes
1552 2874 283 40 charmantes
1851 2876 299 51 protectrices,

144 2945 53 39 de
217 2957 93 26 mes
334 2943 115 41 bons
472 2952 180 31 avocats
688 2943 340 39 mademoiselle
1056 2941 144 42 Marie
1223 2942 140 40 Buloz
1383 2952 41 31 et
1449 2943 338 40 mademoiselle
1802 2942 113 54 Jetta
1940 2943 53 39 de
2015 2946 134 49 Bury.

144 3012 244 40 Dites-leur
400 3026 54 26 en
475 3015 144 36 même
644 3020 159 43 temps,
826 3009 67 42 s'il
903 3024 112 28 vous
1030 3011 123 52 plaît,
1175 3012 136 51 qu'on
1332 3010 202 53 publiera
1555 3013 347 38 incessamment
1918 3012 38 39 la
1975 3012 177 39 marche

146 3094 85 38 que
266 3081 70 51 j'ai
360 3085 237 47 composée
619 3093 113 39 pour
755 3080 38 39 la
819 3078 85 42 fête
939 3080 54 39 de
1017 3078 191 42 Schiller
1232 3084 21 35 à
1279 3079 144 48 Paris,
1450 3088 40 31 et
1515 3093 86 39 que
1626 3080 8 51 j
1656 3081 39 38 ai
1719 3080 150 40 donné
1895 3080 128 40 ordre
2048 3084 21 35 à
2095 3095 57 25 un

144 3149 172 39 éditeur
334 3148 96 40 d'en
456 3148 122 40 offrir
600 3163 58 25 un
684 3148 268 52 exemplaire
969 3152 21 35 à
1016 3148 198 40 chacune
1249 3146 169 41 d'elles.

202 3217 141 39 Adieu
365 3226 40 30 et
427 3216 121 40 mille
568 3217 315 50 compliments
905 3215 245 40 affectueux
1181 3217 53 38 de
1256 3224 124 31 votre
1404 3224 93 31 tout
1529 3215 185 49 dévoué,
1740 3214 299 40 MEYERBEER.
