2433 3972
259 188 81 37 434

1044 488 470 43 MEYERBEER.

1153 588 251 45 (1791-1864)

316 1037 122 43 Dans
473 1048 110 31 cette
617 1039 143 42 Revue
882 1045 75 51 qui
1002 1046 185 51 répudie
1221 1048 171 52 l'esprit
1425 1049 54 41 de
1521 1053 166 38 coterie
1730 1062 41 31 et
1802 1060 56 34 où
1905 1068 116 27 nous
2059 1058 178 39 aimons
2274 1062 20 35 à

258 1107 149 51 parler
431 1107 240 43 librement
696 1110 78 41 des
797 1116 331 49 compositeurs
1152 1116 62 40 les
1235 1117 101 51 plus
1355 1124 194 46 opposés
1639 1135 115 26 nous
1779 1136 141 27 avons
1957 1125 138 40 voulu
2135 1139 133 27 consa-

257 1189 96 26 crer
377 1180 21 36 à
433 1176 268 54 Meyerbeer
721 1195 59 25 un
805 1187 188 36 numéro
1025 1185 184 51 spécial,
1233 1190 22 35 à
1279 1186 40 41 la
1343 1186 86 42 fois
1467 1202 116 38 pour
1611 1191 207 39 réveiller
1841 1192 39 40 le
1915 1196 216 38 souvenir
2164 1196 130 41 d'une

256 1246 172 49 grande
451 1251 177 49 époque
647 1257 40 32 et
711 1263 116 39 pour
848 1264 182 41 essayer
1059 1253 53 40 de
1131 1263 158 32 mettre
1315 1270 54 27 au
1395 1259 127 50 point
1548 1272 85 27 une
1652 1262 209 50 question
1882 1261 249 42 d'histoire.

315 1314 114 41 Rien
450 1331 27 24 n
497 1326 68 30 est
585 1317 102 52 plus
711 1317 185 43 difficile
920 1335 86 38 que
1027 1322 39 40 la
1092 1323 158 52 justice
1273 1338 54 27 en
1352 1328 187 40 matière
1564 1328 128 41 d'art.
1720 1328 72 42 Ou
1816 1329 101 42 bien
1954 1345 56 26 on
2050 1333 143 40 exalte
2235 1349 58 26 un

257 1385 219 39 musicien
520 1395 126 32 outre
691 1401 178 28 mesure
889 1401 7 29 ;
940 1404 56 26 ou
1021 1390 104 42 bien
1151 1406 56 27 on
1231 1394 37 40 le
1303 1399 143 37 traîne
1466 1396 114 41 dans
1618 1398 40 40 la
1684 1397 134 52 boue,
1840 1404 21 35 à
1888 1403 149 38 moins
2078 1403 135 52 qu'on
2241 1418 52 26 ne

257 1452 37 40 le
319 1467 131 38 passe
474 1455 435 52 dédaigneusement
932 1473 108 27 sous
1064 1462 166 41 silence
1271 1462 225 53 Sachons,
1519 1479 54 27 en
1604 1468 180 51 parlant
1816 1471 25 38 cl
1865 1483 86 27 une
1971 1475 146 37 même
2141 1486 152 27 oeuvre

257 1535 56 26 ou
336 1523 26 39 d
383 1538 59 25 un
467 1528 145 36 même
636 1527 169 48 artiste,
833 1534 280 37 reconnaître
1131 1531 63 40 les
1214 1533 120 51 pires
1353 1533 195 52 défauts,
1574 1545 42 32 et
1637 1537 197 41 admirer
1853 1553 47 26 ce
1941 1542 75 50 qui
2056 1550 66 32 est
2147 1542 146 41 admi-

257 1606 7 23 I
281 1590 98 41 able
407 1595 7 36 !
442 1592 93 54 Me}
550 1608 37 25 ci
602 1594 96 40 beei
724 1610 20 25 a
768 1596 53 40 de
843 1611 162 37 graves
1026 1599 176 42 défauts
1216 1617 8 33 ;
1251 1602 28 39 il
1305 1618 27 25 n
1352 1617 54 26 en
1427 1614 66 30 est
1511 1619 80 38 pas
1618 1609 147 38 moins
1787 1608 137 51 digne
1948 1608 335 44 d'admiration.

257 1660 28 40 II
311 1675 21 25 a
357 1665 69 36 été
445 1664 180 38 victime
649 1664 54 40 de
726 1665 114 40 deux
864 1667 231 52 injustices
1117 1671 107 51 qu'il
1250 1670 93 42 faut
1371 1674 217 50 signaler.

313 1730 20 40 \
355 1732 83 38 oici
457 1747 59 24 un
541 1735 189 51 ciitique
755 1735 108 41 dont
888 1736 37 40 le
947 1751 105 27 nom
1070 1749 66 30 est
1160 1740 175 41 illustre
1365 1753 125 30 entre
1509 1753 118 38 tous,
1654 1745 110 41 dont
1782 1747 39 40 le
1846 1750 294 51 témoignage
2161 1765 21 25 a
2207 1765 84 26 une

256 1802 354 51 exceptionnelle
636 1806 208 46 autorité,
885 1815 41 31 et
969 1810 75 49 qui
1087 1822 46 26 se
1166 1820 177 32 montre
1383 1814 414 50 particulièrement
1834 1817 85 40 dur
1939 1834 7 24 :
1994 1817 106 42 c'est
2122 1818 170 42 Robert

259 1867 280 43 Schumann.
562 1871 30 40 Il
619 1871 168 43 affirme
811 1888 85 38 que
918 1876 39 39 la
979 1877 157 41 valeur
1158 1879 53 40 de
1233 1878 266 55 Meyerbeer
1518 1892 66 31 est
1606 1884 116 39 nulle
1747 1900 12 33 ;
1783 1885 29 40 il
1834 1886 38 40 le
1897 1896 90 31 met
2007 1889 256 40 immédiate-

258 1947 119 30 ment
423 1940 268 41 au-dessous
732 1943 53 39 de
823 1945 94 39 lien
958 1945 54 40 Et
1056 1959 269 31 savez-vous
1350 1954 224 50 pourquoi
1595 1957 16 36 ?
1653 1953 30 41 Il
1722 1969 117 27 nous
1862 1956 39 40 le
1926 1958 64 40 dit
2014 1963 273 38 naïvement.

258 2005 262 43 Schumann
548 2012 105 37 était
683 2020 265 42 protestant.
985 2014 62 41 Ce
1069 2015 107 53 qu'il
1199 2032 54 26 ne
1274 2020 234 51 pardonne
1525 2036 81 38 pas
1631 2027 21 36 à
1678 2023 281 55 Meyerbeer,
1985 2027 106 42 c'est
2121 2028 172 43 d'avoir

257 2079 106 37 écrit
384 2092 59 24 un
468 2083 134 47 opéra
621 2079 108 40 dont
748 2081 40 39 la
812 2087 131 36 scène
967 2086 248 52 principale
1232 2097 66 31 est
1321 2096 264 45 empruntée
1611 2097 21 35 à
1663 2093 40 39 la
1728 2108 117 38 page
1869 2095 39 40 la
1947 2097 102 52 plus
2086 2100 205 51 tragique

257 2153 40 31 et
319 2144 39 40 la
377 2145 101 53 plus
492 2146 306 44 douloureuse
813 2151 54 40 de
882 2151 10 40 1
914 2152 261 43 histoiredu
1200 2161 369 47 protestantisme
1601 2160 314 52 (Bénédiction
1934 2166 79 40 des
2027 2168 261 52 poignards,

257 2213 113 40 dans
395 2215 62 40 les
478 2215 280 56 Huguenots)
778 2219 6 38 !
811 2234 20 26 c
851 2230 65 31 est
932 2222 26 39 d
980 2225 125 39 avoir
1124 2227 191 39 commis
1333 2227 39 40 le
1406 2229 217 52 sacrilège
1646 2231 54 41 de
1719 2241 156 32 mettre
1898 2248 78 26 sur
2004 2235 38 40 la
2082 2243 132 35 scène
2254 2239 36 40 le

257 2283 99 40 choi
371 2283 38 40 al
424 2284 53 40 de
494 2283 169 43 Luther
689 2290 5 36 !
721 2288 97 41 Lne
842 2291 186 51 pareille
1048 2294 190 52 critique
1260 2305 66 31 est
1348 2297 39 40 la
1411 2300 214 49 négation
1647 2300 54 40 de
1725 2301 40 41 la
1790 2304 190 51 critique
1995 2316 9 37 ;
2037 2306 85 40 elle
2155 2316 65 32 est
2237 2322 52 26 en

257 2353 165 41 dehors
446 2354 53 40 de
526 2355 10 39 1
558 2365 65 31 art
645 2359 206 39 musical.
874 2358 464 55 Malheureusement,
1361 2366 84 41 elle
1463 2377 65 31 est
1548 2369 102 52 plus
1672 2368 235 56 fréquente
1926 2374 137 52 qu'on
2083 2389 55 26 ne
2154 2391 137 38 pense

276 2436 44 25 a\
335 2435 46 27 ec
402 2425 148 38 moins
564 2425 52 39 de
640 2425 28 39 fi
683 2427 183 41 anchise
883 2438 40 31 et
941 2429 54 41 de
1016 2430 59 41 foi
1101 2434 311 53 respectable).
1438 2435 347 53 Mendelssohn,
1804 2455 80 38 par
1900 2444 203 53 exemple
2184 2448 80 39 émi-

257 2500 106 30 nent
380 2493 133 49 génie
530 2493 54 40 de
608 2496 164 39 second
798 2498 146 48 ordre,
970 2522 39 5 -
1044 2514 53 26 en
1117 2516 22 25 a
1162 2502 186 42 souffert
1373 2516 7 28 :
1402 2519 161 28 encore
1585 2509 189 52 aujourd
1796 2511 94 50 hui,
1918 2518 132 47 après
2067 2513 221 53 Wagner,

257 2559 28 39 il
310 2575 17 24 \
357 2574 22 26 a
402 2560 77 40 des
503 2575 113 37 gens
637 2566 76 49 qui
737 2565 225 43 déclarent
987 2582 46 26 sa
1056 2572 210 52 musique
1287 2575 289 51 méprisable,
1600 2586 128 45 parce
1750 2593 52 40 qu
1823 2580 31 39 il
1877 2581 101 40 était
1995 2582 141 51 juif...

316 2628 70 41 Un
410 2631 214 51 repioche
645 2633 25 38 d
691 2648 59 25 un
776 2646 125 30 autre
925 2638 131 40 ordre
1080 2654 21 25 a
1127 2645 68 35 été
1219 2642 181 41 adressé
1424 2648 20 35 à
1470 2645 12 40 1
1504 2655 160 32 auteur
1683 2648 55 40 du
1766 2648 232 56 Prophète,
2021 2661 40 32 et
2086 2666 54 27 ne
2158 2654 131 40 laisse

256 2698 240 50 pasdêtie
538 2701 288 52 réjouissant.
854 2704 71 41 On
963 2706 9 40 1
994 2721 157 28 accuse
1192 2710 26 39 d
1240 2713 126 39 avoir
1403 2718 69 36 été
1515 2730 58 25 un
1595 2719 307 50 compositeur
1940 2720 203 41 intéressé
2148 2754 9 16 ,
2198 2725 90 50 qui,

258 2775 133 32 axant
412 2776 123 32 toute
559 2770 152 51 chose,
736 2771 86 40 chei
837 2773 113 41 chait
972 2775 14 39 l
1003 2777 110 53 effet.
1142 2777 105 42 Ceci
1268 2781 311 44 demanderait
1604 2800 87 26 une
1728 2786 169 52 longue
1928 2789 272 43 discussion.
2242 2791 48 56 Je

259 2848 69 25 me
349 2834 211 42 bornerai
579 2842 22 35 à
625 2839 249 42 demander
896 2858 7 25 :
923 2842 110 42 faire
1070 2846 57 40 du
1150 2848 187 51 théâtre,
1365 2850 221 52 qu'est-ce
1620 2864 127 31 autre
1786 2857 135 42 chose
1955 2873 87 38 que
2080 2861 210 41 chercher

260 2903 77 39 des
360 2905 118 53 effets
494 2908 16 36 ?
532 2904 118 43 Sauf
668 2908 54 41 de
746 2911 255 42 rarissimes
1024 2918 274 50 exceptions,
1335 2920 102 51 quel
1471 2932 66 30 est
1566 2923 38 40 le
1636 2923 109 52 naïf,
1766 2925 39 40 le
1844 2928 177 40 tartuffe
2040 2929 113 42 d'art
2172 2944 56 28 ou
2252 2930 36 40 le

259 2972 242 42 maladroit
517 2975 215 51 ignorant
753 2993 80 26 son
852 2982 174 46 métier,
1040 2985 93 51 qui,
1148 2989 122 38 étant
1289 2989 210 52 appliqué
1520 2995 21 35 à
1564 3002 177 31 monter
1758 3003 110 33 cette
1890 3001 185 38 énorme
2089 3000 202 40 machine

259 3055 58 38 qu
339 3055 56 27 on
413 3045 175 51 appelle
610 3061 60 26 un
692 3059 21 27 «
734 3048 156 42 drame
904 3050 176 54 lyrique
1106 3066 37 36 »,
1160 3068 128 28 osera
1310 3057 94 41 dire
1421 3059 108 52 qu'il
1555 3076 26 25 n
1602 3076 20 25 a
1649 3076 81 39 pas
1755 3064 37 40 la
1814 3070 353 50 préoccupation

259 3120 146 32 stante
430 3113 53 40 de
501 3114 10 39 1
532 3116 96 53 effet
649 3132 21 24 a
692 3118 240 51 produire?
958 3120 308 56 Croyez-vous
1290 3127 135 51 qu'on
1451 3133 213 48 organise
1689 3147 87 27 une
1799 3148 155 28 œuvre
1974 3150 54 27 en
2046 3139 102 52 cinq
2174 3148 116 32 actes

259 3179 218 50 (soumise
503 3187 21 36 à
560 3185 207 42 combien
785 3188 23 39 d
831 3190 236 50 exigences
1084 3196 22 35 à
1131 3194 131 54 côtél)
1284 3198 298 52 uniquement
1607 3215 113 38 pour
1737 3205 227 50 épancher
1987 3220 83 27 son
2096 3211 99 38 âme
2219 3212 69 37 ?...

258 3247 161 52 Quelle
442 3252 313 51 plaisanterie!
774 3255 64 43 Ce
861 3273 55 26 ne
934 3263 136 38 serait
1088 3262 101 53 plus
1208 3264 39 40 la
1270 3269 216 48 négation
1511 3269 55 40 de
1590 3269 40 41 la
1651 3273 190 52 critique
1880 3276 116 40 mais
2021 3276 40 40 la
2080 3279 208 50 négation

257 3317 53 41 de
330 3318 96 42 l'art
442 3321 252 43 lui-même.
715 3324 254 45 Alexandre
988 3329 173 43 Dumas
1183 3348 20 24 a
1226 3334 63 40 dit
1313 3349 87 39 que
1420 3337 40 40 la
1486 3337 58 42 loi
1559 3339 59 40 du
1643 3341 173 41 théâtre
1832 3342 214 44 littéraire
2071 3349 107 38 était
2196 3346 24 41 Y
2227 3351 61 35 art

257 3387 72 38 des
349 3392 305 50 préparations
670 3409 12 33 ;
707 3409 20 25 c
745 3404 67 31 est
832 3399 121 39 aussi
976 3398 39 40 la
1039 3400 59 40 loi
1122 3402 57 40 du
1206 3403 171 41 théâtre
1402 3405 190 54 lyrique,
1619 3418 41 31 et
1684 3423 47 27 ce
1755 3410 113 42 n'est
1893 3427 81 38 pas
2002 3425 127 31 autre
2156 3416 132 40 chose

259 3469 84 37 que
370 3457 9 39 1
401 3464 63 33 ait
487 3460 46 38 de
555 3461 13 38 l
586 3462 111 53 effet.
724 3462 294 46 Raisonnons
1035 3483 59 26 un
1119 3485 102 37 peu.
1242 3471 37 40 L
1299 3478 134 48 opéra
1459 3485 66 31 est
1550 3491 87 27 une
1671 3492 154 29 œuvre
1859 3482 53 40 de
1937 3485 213 51 synthèse
2169 3491 56 34 où
2246 3497 43 27 se

259 3529 253 40 réunissent
530 3537 100 33 tous
654 3531 64 41 les
744 3543 89 31 arts
853 3535 59 41 du
934 3537 176 52 rythme
1129 3549 42 32 et
1188 3541 58 40 du
1266 3543 168 41 dessin.
1470 3545 37 40 A
1532 3559 223 41 supposer
1774 3563 87 38 que
1886 3551 38 40 le
1946 3555 218 40 musicien
2207 3555 79 39 soil
