2433 3972
178 288 84 43 454

752 287 285 27 MEYERBEER.
1077 285 254 28 SOUVENIRS
1366 283 296 28 DAUTREFOIS

183 394 172 40 tueuse,
374 385 78 41 des
476 386 263 52 répétitions
762 384 53 40 de
837 391 116 33 mots
971 379 281 56 injustifiées,
1275 379 78 41 des
1377 378 202 54 rythmes
1604 385 191 33 souvent
1813 378 191 40 triviaux
2028 385 41 33 et
2091 376 135 42 d'une

183 469 178 27 carrure
384 470 80 37 par
493 463 97 43 trop
630 454 241 53 primitive,
914 467 60 26 un
1008 456 196 48 système
1240 449 54 41 de
1333 449 309 40 modulations
1681 447 115 41 dites
1821 459 19 28 ((
1880 447 191 53 plaques
2103 456 98 32 tour-

184 534 159 33 nantes
364 537 38 39 )),
430 539 59 26 un
522 523 158 42 travail
705 523 54 41 de
783 522 303 53 composition
1111 519 247 54 procédant
1383 533 80 39 par
1503 517 255 52 fragments
1801 518 279 52 juxtaposés,
2121 521 19 36 à
2185 517 40 41 la

184 595 131 50 façon
350 595 53 40 de
444 594 40 41 la
525 597 253 48 mosaïque,
819 593 79 40 des
923 590 288 41 ritournelles
1235 590 54 40 de
1312 591 271 49 guinguette
1620 601 47 27 se
1691 588 196 50 glissant
1918 602 84 26 aux
2024 586 202 42 endroits

186 669 212 48 marqués
440 677 115 39 pour
590 663 62 40 les
696 662 457 54 applaudissements,
1181 660 40 39 là
1256 659 350 53 préoccupation
1642 666 235 32 constante
1917 657 59 40 du
2001 668 20 29 «
2048 656 135 42 motif
2205 668 21 28 ))

184 735 275 50 dégénérant
482 732 169 53 parfois
672 746 55 26 en
748 744 20 28 ((
795 735 217 48 rengaine
1039 742 20 27 ))
1095 729 276 52 mélodique,
1398 728 40 41 le
1461 729 221 39 maintien
1706 727 54 40 de
1789 727 41 40 la
1856 727 197 40 division
2089 727 55 40 de
2185 727 40 40 la

187 814 140 31 trame
351 802 216 42 musicale
591 816 54 26 en
666 815 239 28 morceaux
938 804 196 49 séparés,
1159 799 208 41 scindant
1390 797 183 41 l'action
1597 797 292 53 dramatique
1914 811 55 26 au
1990 797 89 41 lieu
2100 797 54 41 de
2181 810 46 27 se

186 873 160 41 fondre
366 886 105 27 avec
490 872 98 50 elle,
616 885 87 27 une
726 880 99 44 part
849 869 281 42 insuffisante
1160 868 106 42 faite
1291 873 21 35 à
1338 868 225 41 l'élément
1588 867 354 53 symphonique,
1971 866 127 42 telles
2122 875 104 33 sont

188 957 55 27 en
268 944 141 51 partie
431 942 63 41 les
518 955 157 28 causes
699 941 58 41 du
781 955 85 39 peu
903 939 203 42 d'estime
1143 953 86 39 que
1269 938 39 40 la
1350 938 181 53 plupart
1570 937 78 41 des
1673 948 20 28 ((
1735 938 155 52 jeunes
1926 948 19 27 »
1970 934 255 55 professent

192 1012 313 42 actuellement
525 1025 114 40 pour
662 1011 191 40 l'auteur
876 1010 77 41 des
983 1008 278 55 Huguenots.

247 1082 118 40 Tout
405 1095 55 27 en
497 1082 343 40 reconnaissant
877 1080 253 40 l'existence
1171 1078 78 40 des
1286 1078 152 40 taches
1472 1078 76 51 qui
1588 1077 217 52 déparent
1847 1076 64 41 les
1952 1089 179 28 œuvres
2175 1075 56 41 de

191 1150 279 54 Meyerbeer,
496 1150 342 52 gardons-nous
861 1149 54 40 de
936 1152 321 43 méconnaître,
1283 1162 81 38 par
1385 1146 249 52 snobisme,
1661 1146 64 40 les
1747 1146 193 52 qualités
1957 1146 54 40 de
2032 1146 196 52 premier

193 1221 130 40 ordre
347 1222 75 50 qui
447 1219 63 40 les
535 1228 77 31 ont
637 1220 283 39 maintenues
945 1220 35 38 si
1002 1218 259 52 longtemps
1286 1232 55 25 au
1367 1217 258 52 répertoire.
1653 1214 163 53 Quelle
1838 1229 86 39 que
1961 1217 86 39 soit
2079 1214 152 42 l'école

195 1294 22 36 à
242 1289 196 53 laquelle
461 1302 58 27 on
560 1303 131 38 appai
706 1290 165 46 tienne,
912 1301 58 27 on
994 1287 93 40 doit
1125 1288 215 39 convenir
1379 1299 87 39 que
1507 1299 46 26 ce
1590 1285 145 51 grand
1779 1287 312 51 compositeur
2126 1286 105 39 était

195 1361 117 39 doué
342 1357 295 49 d'invention,
666 1359 117 39 avait
806 1357 78 40 des
908 1357 124 40 idées
1054 1365 41 32 et
1117 1354 106 54 qu'il
1246 1371 21 25 a
1290 1355 79 41 fait
1395 1356 169 39 mainte
1587 1354 236 42 trouvaille
1848 1354 196 51 géniale.

250 1429 123 40 Dans
400 1428 160 41 l'ordre
581 1428 77 40 des
698 1429 264 38 sentiments
994 1435 236 44 purement
1267 1426 229 47 humains,
1528 1423 265 54 Meyerbeer
1830 1423 70 42 n'a
1925 1428 69 37 été
2015 1428 218 49 surpassé

196 1513 80 39 par
299 1512 147 27 aucun
488 1499 306 51 compositeur
833 1496 286 53 dramatique
1142 1496 59 40 du
1236 1510 70 25 xix
1310 1499 14 18 e
1362 1495 134 40 siècle
1522 1506 9 38 ;
1564 1494 28 41 il
1615 1508 55 27 ne
1706 1493 53 42 l'a
1799 1508 81 39 pas
1904 1498 69 37 été
2011 1507 92 28 non
2131 1494 102 53 plus

196 1569 114 40 dans
332 1566 295 53 l'expression
667 1566 54 41 de
753 1566 41 41 la
840 1565 221 42 véritable
1100 1565 184 41 couleur
1308 1565 270 51 historique.

250 1637 205 53 Lorsque
477 1635 218 54 j'entends
721 1636 39 40 le
785 1636 249 51 couvre-feu
1056 1635 57 40 du
1141 1649 18 37 3
1166 1639 14 18 e
1204 1643 96 32 acte
1324 1635 79 40 des
1435 1632 266 56 Huguenots
1724 1643 40 32 et
1790 1634 38 40 le
1852 1634 135 41 chant
2011 1634 219 51 religieux

197 1708 77 40 des
296 1705 187 42 femmes
508 1708 75 51 qui
608 1706 87 40 suit
712 1706 38 40 le
774 1705 156 41 chœur
950 1705 58 40 du
1033 1716 21 29 ((
1077 1704 207 53 rataplan
1305 1715 36 39 )),
1359 1703 29 41 il
1413 1717 71 27 me
1508 1702 172 42 semble
1699 1705 98 40 voir
1819 1705 265 40 ressusciter
2108 1712 122 33 toute

203 1790 88 28 une
314 1781 176 48 époque
513 1784 41 32 et
577 1777 173 39 revivre
774 1783 95 33 tout
891 1790 59 25 un
971 1779 153 48 passé.

257 1846 153 52 Quant
435 1850 21 36 à
482 1846 39 40 la
546 1846 164 52 phrase
734 1846 53 40 de
812 1853 240 45 trompette
1077 1846 76 51 qui
1178 1846 200 50 exprime
1406 1859 57 25 au
1487 1858 14 38 5
1512 1850 13 15 e
1551 1852 96 32 acte
1668 1843 77 41 des
1766 1842 263 56 Huguenots
2051 1843 40 41 la
2115 1840 94 43 féro-

200 1918 82 39 cité
303 1915 293 51 sanguinaire
614 1914 77 41 des
717 1915 275 49 meurtriers,
1012 1914 39 52 je
1075 1913 39 41 la
1141 1913 237 41 considère
1422 1926 178 28 comme
1623 1926 88 28 une
1744 1913 78 41 des
1866 1912 262 42 trouvailles
2168 1912 64 41 les

201 1985 102 53 plus
336 1984 379 41 extraordinaires
738 1983 54 41 de
816 1983 39 40 la
882 1985 211 50 musique
1112 1983 303 52 dramatique.

259 2053 48 42 Si
330 2054 60 40 du
421 2062 124 32 vaste
584 2051 156 42 édifice
776 2051 176 42 d'ordre
978 2054 250 51 composite
1257 2054 219 39 construit
1512 2067 82 38 par
1632 2051 265 54 Meyerbeer
1919 2051 235 54 beaucoup
2178 2052 55 40 de

201 2125 166 51 parties
389 2131 101 32 sont
513 2122 370 51 endommagées,
926 2122 114 40 deux
1061 2124 280 50 imposantes
1381 2121 179 52 façades
1596 2135 46 27 se
1686 2122 205 40 dressent
1910 2135 162 28 encore
2108 2120 105 42 fière-

203 2201 136 38 ment,
367 2192 172 50 malgré
563 2192 40 40 la
621 2195 193 49 tempête
839 2192 245 40 déchaînée
1101 2206 81 38 par
1205 2192 39 39 la
1279 2192 134 40 mode
1447 2200 40 32 et
1510 2190 169 54 l'esprit
1704 2204 225 28 nouveau.

257 2261 65 42 Le
337 2260 217 56 Prophète
586 2269 42 32 et
648 2261 63 40 les
730 2259 263 56 Huguenots
1023 2263 149 38 vivent
1197 2274 176 38 encore,
1414 2264 134 48 grâce
1586 2275 56 26 au
1672 2260 129 41 relief
1821 2262 205 51 puissant
2049 2261 79 41 des
2162 2276 50 26 ca-

204 2337 206 41 ractères,
433 2335 20 35 à
480 2329 143 42 l'éclat
645 2330 59 41 du
725 2330 178 47 coloris,
932 2334 21 36 à
979 2330 244 41 l'intensité
1246 2330 53 41 de
1321 2328 40 43 la
1383 2329 120 42 force
1527 2332 229 50 tragique,
1779 2333 133 48 grâce
1938 2332 137 49 aussi,
2094 2331 29 40 il
2142 2329 95 43 faut

205 2402 39 40 le
263 2402 109 47 dire,
401 2404 22 36 à
445 2400 77 40 des
557 2400 192 52 qualités
774 2400 53 40 de
857 2399 151 49 clarté,
1042 2400 53 40 de
1115 2398 226 43 franchise
1362 2408 42 32 et
1438 2400 53 40 de
1513 2401 237 39 concision
1781 2399 105 41 bien
1933 2399 256 42 conformes
2215 2405 21 36 à

207 2481 127 31 notre
370 2474 327 47 tempérament
717 2469 299 53 dramatique,
1037 2471 181 39 ennemi
1242 2470 94 52 juré
1357 2469 77 41 des
1469 2469 296 51 divagations
1787 2477 40 33 et
1851 2469 78 41 des
1969 2470 265 51 longueurs.

261 2539 171 41 Tandis
456 2552 87 39 que
564 2538 221 52 Wagner,
811 2538 189 41 d'abord
1035 2538 148 42 émule
1207 2539 54 41 de
1284 2539 193 41 l'auteur
1506 2538 82 41 des
1613 2537 264 57 Huguenots
1885 2573 8 17 ,
1918 2553 55 27 ne
2006 2542 233 50 parvenait

207 2614 22 35 à
270 2609 200 50 dégager
522 2608 347 52 complètement
900 2622 47 26 sa
983 2613 87 35 très
1094 2608 136 41 haute
1269 2617 41 32 et
1351 2614 89 35 très
1484 2609 236 52 puissante
1757 2609 309 53 personnalité
2105 2610 133 52 qu'en

207 2677 280 51 s'enfonçant
507 2677 113 40 dans
645 2691 58 26 un
747 2679 308 49 germanisme
1076 2677 53 40 de
1150 2678 101 52 plus
1275 2691 54 26 en
1364 2677 102 53 plus
1484 2682 228 45 accentué,
1740 2677 280 54 Meyerbeer,
2063 2679 176 53 jusqu'à

207 2748 38 39 la
280 2745 61 42 fin
365 2747 52 40 de
454 2761 47 26 sa
525 2748 86 46 vie,
632 2745 104 42 s'est
760 2745 162 42 efforcé
945 2747 53 40 de
1022 2760 46 27 se
1089 2746 256 42 conformer
1366 2761 85 27 aux
1486 2747 244 41 tendances
1754 2757 41 32 et
1821 2762 54 27 au
1909 2753 329 48 tempérament

209 2816 53 40 de
283 2825 128 32 notre
431 2829 113 27 race.

263 2884 64 41 Ce
350 2885 143 51 grand
518 2888 155 49 esprit,
701 2889 23 36 à
758 2885 40 40 la
834 2884 86 41 fois
947 2891 87 35 très
1056 2888 262 39 autoritaire
1344 2895 41 32 et
1409 2892 88 35 très
1519 2886 173 53 souple,
1730 2889 144 39 savait
1910 2884 233 56 s'inspirer
2162 2888 79 40 des

207 2956 297 51 impressions
525 2954 53 40 de
597 2968 81 26 son
697 2954 152 40 milieu
873 2963 41 32 et
937 2953 110 42 faire
1068 2956 113 52 plier
1206 2970 81 26 son
1312 2956 175 50 orgueil
1507 2956 166 40 devant
1697 2971 57 25 un
1778 2956 91 41 bon
1890 2957 185 51 conseil,
2096 2961 146 37 même

209 3023 151 53 quand
396 3023 30 40 il
470 3024 259 40 contrariait
753 3023 63 40 les
838 3023 341 42 combinaisons
1220 3025 62 39 les
1322 3025 101 52 plus
1455 3024 250 53 profondes
1724 3025 53 40 de
1801 3039 47 27 sa
1871 3028 214 49 stratégie
2105 3029 110 38 musi-

210 3092 112 40 cale.

265 3159 119 42 C'est
409 3176 59 26 un
501 3160 79 42 fait
615 3166 131 36 avéré
787 3176 87 38 que
898 3163 39 40 le
972 3163 145 50 grand
1139 3163 87 40 duo
1252 3163 58 40 du
1345 3178 7 33 |
1361 3167 15 17 e
1397 3171 94 33 acte
1514 3164 79 40 des
1618 3161 273 56 Huguenots
1914 3163 67 42 fut
2005 3165 150 52 ajouté
2188 3180 55 27 au

209 3244 130 28 cours
375 3230 77 41 des
473 3232 278 51 répétitions.
776 3231 125 41 Dans
926 3232 38 40 la
983 3234 264 51 conception
1272 3234 242 50 primitive,
1550 3233 40 40 le
1631 3233 153 41 rideau
1826 3232 192 43 tombait
2042 3241 129 46 après
2203 3236 40 40 la

207 3299 285 41 Bénédiction
528 3300 72 40 des
616 3301 246 54 poignards
881 3316 11 33 ;
910 3300 278 54 Meyerbeer,
1214 3316 106 26 avec
1343 3316 82 26 son
1451 3301 193 54 profond
1668 3304 245 40 sentiment
1939 3304 302 53 dramatique,

209 3371 116 39 avait
348 3384 104 26 sans
475 3370 136 40 doute
631 3370 123 41 flairé
778 3371 38 40 la
852 3370 116 41 belle
1008 3373 220 39 situation
1258 3374 159 49 omise,
1444 3373 38 40 la
1508 3373 181 51 grande
1714 3378 131 35 scène
1870 3378 21 35 à
1906 3372 110 42 faire
2042 3385 9 40 ;
2077 3376 115 39 mais
2216 3375 27 40 il

210 3441 219 49 craignait
454 3439 138 52 qu'un
625 3440 106 47 duo,
757 3442 35 38 si
827 3443 144 38 réussi
999 3441 107 52 qu'il
1129 3441 79 51 fût,
1236 3442 241 41 succédant
1504 3446 21 36 à
1568 3458 60 25 un
1669 3441 182 42 tableau
1872 3445 209 50 puissant
2124 3451 58 34 où
2216 3445 27 39 il

211 3509 118 40 avait
350 3509 205 52 employé
576 3518 100 31 tous
713 3510 62 39 les
800 3509 192 42 renforts
1012 3519 40 32 et
1077 3515 236 36 concentré
1336 3519 147 33 toutes
1508 3512 63 40 les
1590 3525 257 27 ressources
1872 3513 53 39 de
1949 3513 294 53 l'expression

212 3578 230 51 musicale,
465 3591 54 27 ne
539 3584 131 46 parût
691 3588 123 32 terne
834 3588 41 32 et
899 3580 221 40 décoloré.
1148 3579 125 41 Telle
1291 3580 156 42 n'était
1465 3595 81 38 pas
1571 3581 221 53 l'opinion
1817 3581 257 54 d'Adolphe
2095 3582 119 42 Nour-

212 3650 70 48 rit,
325 3652 202 36 créateur
558 3649 58 40 du
649 3648 91 41 rôle
774 3648 54 41 de
854 3648 162 43 Raoul.
1054 3649 82 41 Cet
1160 3651 153 40 artiste
1353 3651 214 47 éminent,
1589 3650 168 41 doublé
1788 3651 107 40 d'un
1937 3651 143 51 lettré,
2126 3666 112 39 pen-
