2751 4216
674 495 54 38 62

1134 500 75 39 LA
1240 500 379 49 CHRONIQUE
1652 503 312 40 MUSICALE

724 641 83 39 Les
841 642 155 39 Fcstes
1023 642 267 39 vénitiennes
1296 675 9 20 ,
1343 645 282 51 opéra-ballet
1653 659 53 27 en
1728 647 104 40 trois
1862 657 128 42 actes,
2029 648 51 40 de
2124 649 196 41 Danchet
2354 659 42 31 et

670 712 185 54 Campra
875 712 168 56 (1710),
1066 721 79 32 ont
1174 728 84 26 une
1279 715 215 41 existence
1516 717 98 41 bien
1637 719 134 54 agitée
1789 733 9 38 ;

726 785 57 38 Le
810 798 48 39 17
879 783 108 54 juin,
1011 797 57 27 on
1086 784 118 53 joue,
1226 800 98 27 sous
1345 802 46 26 ce
1422 788 99 42 titre
1546 804 8 26 :
1580 792 61 39 Le
1671 792 234 53 Triomphe
1925 792 55 41 de
2001 793 45 40 la
2081 792 130 40 Folie
2217 825 8 19 ,
2250 794 120 53 prolo-

667 869 107 38 gue,
800 857 43 39 la
866 856 133 40 Feste
1016 857 77 40 des
1115 860 332 53 Barquerolles,
1474 862 61 41 les
1554 865 249 40 Sérénades
1825 872 41 33 et
1902 866 62 40 les
1984 865 187 40 Joueurs
2177 898 9 16 ,
2211 865 96 54 puis
2326 867 63 40 les

666 929 353 55 Saltimbanques
1041 947 13 34 ;

722 1001 58 40 Le
802 1002 23 39 8
841 1001 151 54 juillet,
1019 1005 42 39 la
1082 1006 129 40 Feste
1232 1008 169 41 marine
1421 1023 23 25 a
1472 1011 209 52 remplacé
1702 1013 42 38 la
1767 1013 126 38 Feste
1913 1013 76 39 des
2010 1013 319 52 Barquerolles
2342 1026 16 37 ;

722 1073 57 40 Le
801 1074 22 39 8
847 1078 118 49 août,
987 1090 57 26 on
1065 1077 139 53 ajoute
1227 1079 40 40 le
1288 1080 99 40 Bah
1412 1094 53 26 ou
1489 1082 39 38 le
1550 1082 165 40 Maître
1736 1086 25 36 à
1781 1083 162 41 danser
1957 1102 13 30 ;

721 1146 59 39 Le
819 1148 19 37 5
865 1149 252 52 septembre,
1142 1151 60 38 les
1222 1152 165 39 Devins
1406 1152 54 39 de
1495 1154 42 38 la
1550 1153 136 53 place
1705 1154 288 41 Saint-Marc
2015 1156 90 41 font
2135 1156 94 41 leur
2257 1170 108 41 appa-

668 1216 129 40 rition
821 1232 11 35 ;

719 1288 58 40 Le
804 1302 51 40 14
872 1292 183 50 octobre,
1079 1292 98 42 c'est
1199 1294 37 39 le
1257 1303 98 32 tour
1377 1295 50 40 de
1444 1296 185 53 VOpéra
1651 1310 56 27 ou
1729 1298 41 40 le
1790 1297 174 42 Maître
1985 1302 25 37 à
2030 1302 180 40 chanter
2225 1320 13 29 ;

718 1359 59 40 Le
798 1360 23 38 6
844 1360 234 53 décembre,
1103 1364 197 40 nouvelle
1320 1366 298 40 combinaison
1643 1381 7 25 :
1676 1369 60 38 Le
1757 1368 227 42 Carnaval
2006 1371 108 40 dans
2145 1371 171 52 Venise,
2341 1370 45 41 la

663 1430 127 42 Feste
810 1434 182 50 marine,
1017 1436 38 38 le
1075 1436 89 40 Bal
1184 1445 41 31 et
1248 1436 198 54 VOpéra.

719 1505 82 40 Par
821 1517 45 28 ce
886 1519 182 42 moyen,
1091 1508 113 40 aussi
1227 1509 151 54 simple
1399 1511 333 53 qu'ingénieux,
1756 1512 381 44 l'administration
2159 1516 52 40 de
2238 1516 119 40 l'Aca-

665 1576 141 42 démie
823 1580 194 52 pouvait,
1035 1594 99 27 sous
1155 1595 62 27 un
1239 1584 138 39 même
1394 1583 109 52 titre,
1521 1584 184 53 changer
1722 1585 303 43 indéfiniment
2047 1589 38 40 la
2104 1588 285 53 composition

664 1650 50 40 de
737 1662 77 28 son
842 1653 219 52 spectacle.

720 1722 104 40 Puis
855 1723 61 41 les
948 1726 266 52 Fragments
1244 1728 52 39 de
1326 1728 139 53 Lully
1490 1738 346 33 recommencent
1880 1731 93 41 leur
1994 1732 174 40 carrière
2201 1732 190 54 pendant

665 1802 151 44 quatre
842 1798 178 50 années,
1061 1811 72 40 171
1150 1813 36 37 x,
1216 1811 122 42 1717,
1369 1801 107 52 1718
1500 1809 40 31 et
1568 1801 132 54 1731.
1726 1803 62 39 De
1817 1804 104 53 1748
1942 1808 23 35 à
1999 1805 106 53 1782
2135 1818 86 26 une
2253 1804 104 54 quin-

664 1866 121 40 zaine
802 1867 26 39 d
834 1881 20 26 e
860 1868 281 53 fragments,
1157 1869 80 41 dûs
1255 1874 22 36 à
1293 1870 38 40 la
1347 1871 146 53 plume
1510 1872 71 40 des
1602 1875 309 52 compositeurs
1928 1876 58 39 du
2007 1884 152 46 temps,
2177 1876 207 40 viennent

662 1938 181 53 prendre
862 1940 118 53 place
998 1940 106 40 dans
1124 1941 38 40 le
1183 1942 240 54 répertoire.

714 2011 262 53 Seulement,
1011 2022 106 31 cette
1140 2013 121 55 façon
1293 2028 82 39 peu
1406 2017 374 40 recommandable
1801 2019 50 39 de
1877 2018 101 41 faire
2000 2034 60 26 un
2081 2034 186 40 ouvrage
2286 2021 81 53 lyri-

663 2095 82 41 que
766 2097 29 26 n
811 2085 102 40 était
933 2099 74 39 pas
1037 2086 116 40 seule
1174 2100 51 26 en
1246 2087 147 41 faveur
1415 2092 23 37 à
1465 2088 188 54 l'Opéra.
1676 2090 71 42 On
1775 2092 115 40 avait
1910 2092 40 40 la
1979 2101 205 33 coutume
2211 2095 176 40 barbare

664 2156 51 39 de
740 2156 200 54 changer,
962 2172 54 26 au
1049 2159 67 39 fur
1136 2166 40 33 et
1208 2162 22 36 à
1261 2173 193 40 mesure,
1482 2161 59 39 les
1570 2175 225 28 morceaux
1823 2164 130 40 d'une
1973 2166 207 53 partition
2203 2166 175 50 célèbre,

665 2237 172 33 surtout
857 2242 83 27 aux
960 2230 376 42 divertissements.
1362 2232 72 41 On
1455 2232 114 41 avait
1596 2233 96 41 bien
1713 2234 92 40 soin
1832 2235 51 40 de
1903 2236 142 40 laisser
2064 2237 38 40 le
2121 2238 97 39 titre
2253 2245 40 33 et
2322 2238 59 39 les

662 2312 123 27 noms
809 2299 232 53 d'auteurs,
1061 2303 120 51 mais,
1199 2316 99 26 sous
1319 2317 45 27 ce
1380 2312 189 45 couvert,
1590 2313 98 32 tous
1700 2305 57 41 les
1777 2308 306 53 compositeurs
2104 2309 58 39 du
2184 2316 195 33 moment

661 2386 42 26 se
722 2372 235 41 donnaient
976 2373 39 40 la
1035 2374 265 42 satisfaction
1319 2377 50 38 de
1389 2376 103 41 faire
1512 2376 117 54 jouer
1649 2379 93 38 leur
1763 2378 217 55 musique.

719 2443 61 42 La
806 2444 302 55 Bibliothèque
1124 2447 204 41 musicale
1342 2448 50 40 de
1407 2448 171 54 TOpéra
1599 2450 173 53 possède
1794 2451 214 53 plusieurs
2031 2454 279 53 exemplaires
2330 2459 56 35 où

662 2516 86 40 l'on
765 2525 197 33 retrouve
983 2518 59 40 les
1063 2528 130 31 traces
1214 2519 50 40 de
1280 2528 107 31 cette
1408 2521 193 40 curieuse
1621 2530 219 33 coutume.
1867 2523 123 40 Nous
2005 2537 135 27 avons
2161 2538 74 27 cru
2255 2525 134 54 plaire

661 2601 84 28 aux
778 2589 182 40 lecteurs
980 2591 50 39 de
1052 2592 39 41 la
1120 2591 246 54 Chronique
1390 2593 211 40 musicale
1630 2607 53 27 en
1704 2595 93 40 leur
1820 2608 50 27 en
1893 2595 198 42 donnant
2113 2610 60 26 un
2196 2598 72 38 des
2290 2597 97 54 plus

662 2663 277 39 intéressants
976 2664 250 53 spécimens.

718 2735 220 54 Alcjrone,
961 2735 52 41 de
1040 2735 39 41 la
1114 2737 135 40 Motte
1271 2745 40 32 et
1333 2737 175 52 Marais,
1533 2738 66 41 fut
1622 2738 120 55 jouée
1762 2744 22 36 à
1811 2740 120 40 Paris
1957 2754 53 27 en
2050 2742 124 54 1706,
2197 2756 98 27 avec
2326 2757 61 27 un

663 2808 133 52 grand
821 2810 157 38 succès.
1007 2809 58 39 Le
1100 2809 149 41 chœur
1273 2827 16 20 «
1324 2811 73 39 des
1424 2812 194 40 matelots
1651 2827 20 23 »
1704 2813 57 40 du
1787 2814 19 39 3
1813 2819 13 17 e
1847 2821 89 33 acte
1970 2822 40 32 et
2037 2828 18 26 «
2080 2815 39 40 la
2140 2823 204 46 tempeste
2365 2833 18 19 »

661 2881 58 39 du
740 2895 29 38 4
771 2887 14 16 e
821 2890 88 32 acte
937 2890 97 33 sont
1054 2885 129 38 restés
1204 2883 197 42 célèbres.
1426 2885 121 40 Tous
1567 2885 58 40 les
1646 2886 209 40 écrivains
1877 2887 56 39 du
1964 2897 135 45 temps
2121 2897 224 32 racontent
2364 2894 23 35 à

662 2953 127 39 Tenvi
819 2954 241 40 l'immense
1081 2954 96 42 effet
1197 2957 174 52 produit
1394 2971 76 40 par
1488 2965 106 33 cette
1623 2959 214 41 merveille
1872 2960 332 56 symphonique.
2231 2963 71 40 On
2333 2977 52 25 en

662 3034 199 32 trouvera
877 3026 38 39 le
936 3027 103 39 récit
1053 3041 215 40 pompeux
1288 3029 104 40 dans
1408 3030 57 39 les
1485 3030 269 40 ((Anecdotes
1772 3031 294 55 dramatiques
2082 3050 16 20 »
2120 3034 51 39 de
2187 3034 198 40 Clément

662 3106 41 32 et
726 3097 139 41 l'abbé
886 3098 50 40 de
956 3098 39 40 la
1009 3099 151 52 Porte;
1181 3101 129 51 aussi,
1336 3115 108 40 pour
1465 3101 144 41 édifier
1630 3116 78 26 nos
1735 3105 347 53 contemporains
2101 3120 74 26 sur
2191 3106 38 40 la

663 3171 96 51 plus
776 3184 84 40 que
881 3177 137 45 naïve,
1037 3172 106 41 dont
1167 3186 57 26 on
1246 3174 244 54 dépeignait
1511 3174 325 42 musicalement
1857 3191 17 23 «
1893 3176 39 41 la
1952 3191 90 26 mer
2063 3191 51 26 en
2133 3191 212 27 courroux
2365 3195 18 20 »

663 3257 99 26 sous
786 3243 130 41 Louis
936 3243 120 53 XIV,
1079 3259 109 27 nous
1219 3259 133 27 avons
1372 3246 77 41 fait
1469 3259 147 40 graver
1636 3247 38 40 le
1700 3261 198 28 morceau
1920 3250 319 54 symphonique
2259 3250 101 40 tïAl-

666 3329 114 39 cyon
785 3329 36 40 e,
844 3330 53 27 en
927 3318 63 40 lui
1025 3318 178 42 laissant
1230 3326 95 34 tout
1357 3332 77 27 son
1474 3320 144 40 cachet
1644 3320 245 55 archaïque.
1915 3322 58 40 Le
2000 3322 291 54 remplissage
2325 3323 59 40 du

665 3396 135 45 temps
827 3388 105 41 n'est
953 3390 122 53 point
1096 3405 192 39 parvenu
1308 3391 173 54 jusqu'à
1503 3405 123 35 n^pus.

720 3458 107 40 L'on
863 3474 271 41 remarquera
1166 3478 100 39 que,
1289 3464 174 40 suivant
1494 3478 61 27 un
1592 3479 127 40 usage
1746 3466 75 53 qui
1856 3468 95 40 s'est
1978 3467 207 40 continué
2217 3466 168 54 jusqu'à
