2751 4216
883 432 209 43 REVUE
1126 435 112 42 DES
1268 436 324 44 CONCERTS

2055 452 50 40 81

358 572 123 43 froid.
508 573 115 43 C'est
637 590 85 42 que
740 578 423 46 l'instrumentation
1180 592 62 35 est
1270 595 133 44 terne,
1429 596 40 34 et
1490 588 260 45 l'harmonie
1771 602 186 33 souvent
1985 596 123 44 dure.

362 644 81 42 Les
465 647 204 43 mélodies
692 663 53 28 ne
767 661 99 32 sont
894 667 74 41 pas
994 654 196 54 toujours
1210 671 117 28 assez
1347 661 273 56 rhythmées,
1641 665 247 44 l'ensemble
1910 667 119 43 enfin
2051 679 65 33 est

364 728 256 36 monotone.
659 723 201 53 Ensuite,
884 726 37 40 le
954 740 129 39 genie
1109 728 52 41 de
1191 729 222 45 l'oratorio
1434 747 53 28 en
1520 737 174 52 général
1716 747 42 33 et
1789 740 51 41 de
1865 741 174 43 celui-ci
2061 757 53 28 en

359 793 267 54 particulier,
664 797 194 56 mi-parti
885 798 178 43 histoire
1089 804 200 40 racontée
1307 812 40 33 et
1368 807 142 40 entrée
1533 821 52 28 en
1606 812 122 41 scène
1749 814 58 40 du
1827 828 284 44 personnage,

359 867 68 40 s'il
449 881 23 27 a
496 882 59 40 pu
574 872 185 50 paraître
776 873 82 38 très
875 872 108 42 beau
1002 872 30 42 il
1050 887 29 40 y
1095 887 22 28 a
1133 883 97 33 cent
1250 877 240 54 cinquante
1511 894 92 39 ans,
1628 893 65 32 est
1712 886 105 41 d'un
1839 888 99 42 effet
1958 889 155 55 glacial

355 940 186 55 aujouid
557 941 94 44 hui.
677 945 145 51 Ainsi,
844 944 37 42 le
903 954 112 34 texte
1036 948 108 42 dans
1156 949 40 41 la
1211 950 209 55 partition
1435 963 122 46 porte
1617 972 21 24 «
1651 958 133 42 Judas
1801 962 85 53 prit
1906 964 41 40 la
1970 966 144 53 parole

357 1018 120 50 après
503 1028 67 28 ces
592 1025 113 32 mots
725 1027 42 31 et
799 1018 62 42 dit
881 1033 9 25 :
941 1020 147 42 Est-ce
1125 1023 117 49 moi,
1267 1028 151 40 maître
1439 1029 15 39 ?
1584 1030 35 41 Il
1655 1035 14 50 (
1684 1033 123 42 Jésus
1820 1043 11 46 j
1876 1037 202 54 répondit
2102 1056 10 24 :

358 1086 272 45 Toi-même.
654 1107 19 21 »
700 1089 78 54 Or,
799 1103 221 33 comment
1041 1096 118 41 Bach
1176 1099 119 41 a-t-il
1318 1100 83 41 mis
1422 1115 46 28 ce
1487 1103 188 44 récitatif
1690 1121 54 27 en
1766 1108 233 57 musique?
2024 1112 69 43 L'é-

357 1161 236 55 vangéliste
613 1164 126 42 récite
762 1179 11 28 :
804 1181 16 23 «
844 1166 140 43 Judas
1006 1170 86 53 prit
1114 1170 38 41 la
1175 1171 144 55 parole
1338 1176 121 52 après
1481 1190 68 27 ces
1570 1187 113 34 mots
1703 1189 42 33 et
1765 1181 114 45 dit...
1901 1199 23 24 »
1949 1184 60 42 Ici
2028 1187 56 41 Ju-

355 1235 75 40 das
451 1235 122 43 vient
593 1250 113 42 pour
720 1237 93 42 dire
837 1272 7 9 .
876 1256 13 22 «
919 1241 148 42 Est-ce
1087 1244 88 42 moi
1197 1244 185 44 maître?
1408 1264 21 24 »
1457 1249 308 58 L'évangéliste
1785 1259 183 53 reprend
1994 1273 9 28 :
2031 1275 17 25 «
2076 1260 36 42 Il

357 1308 252 55 répondit...
628 1326 17 22 »
665 1320 42 32 et
726 1311 125 42 Jésus
867 1317 140 51 paraît
1027 1329 112 42 pour
1159 1317 91 42 dire
1265 1334 7 25 :
1300 1335 17 23 «
1342 1320 268 47 Toi-même.
1625 1342 18 21 »
1671 1326 73 54 Et,
1761 1329 153 54 depuis
1930 1330 40 42 le
1989 1345 90 30 com-

355 1392 276 32 mencement
650 1383 170 58 jusqu'à
843 1386 41 42 la
903 1386 61 43 fin
985 1389 52 41 de
1068 1390 232 56 l'oratorio,
1324 1394 37 40 le
1390 1395 192 44 récitatif
1596 1408 62 34 est
1680 1400 197 56 toujours
1900 1408 139 53 coupé
2059 1408 53 40 de

355 1453 41 41 la
420 1456 141 40 même
583 1456 139 42 façon.

415 1528 80 40 Les
526 1542 233 29 morceaux
781 1532 75 54 qui
881 1542 76 32 ont
979 1534 38 40 le
1038 1535 98 54 plus
1156 1538 175 52 produit
1358 1540 140 42 d'effet
1518 1553 101 32 sont
1643 1560 8 25 :
1676 1545 348 61 l'introduction,
2051 1559 58 37 où

355 1600 59 41 les
436 1601 114 42 deux
587 1602 174 42 chœurs
793 1606 77 54 qui
896 1606 209 42 chantent
1138 1609 360 47 simultanément
1539 1618 192 52 pendant
1764 1630 95 33 tout
1893 1623 219 57 l'ouvrage

356 1682 98 33 sont
483 1676 302 53 parfaitement
813 1678 221 53 distincts,
1058 1681 14 40 1
1089 1681 65 41 air
1234 1683 59 41 Le
1314 1688 209 53 remords,
1547 1705 22 23 »
1595 1691 155 42 chante
1775 1708 76 39 par
1872 1698 209 42 mademoi-

355 1747 97 41 selle
468 1750 230 52 Armandi,
722 1750 111 44 l'air.
871 1769 17 21 «
912 1752 136 42 Cœur
1069 1756 132 53 sacré,
1230 1774 13 20 »
1279 1757 155 44 chanté
1457 1775 77 40 par
1555 1765 317 45 mademoiselle
1894 1773 185 40 Arnaud
2098 1789 10 35 ;

355 1820 89 42 l'air
471 1822 51 40 de
557 1824 141 53 ténor,
722 1838 103 27 avec
855 1825 203 42 hautbois
1096 1829 160 54 obligé,
1290 1846 18 25 «
1333 1834 172 54 Auprès
1538 1837 51 40 de
1620 1839 141 56 Jésus,
1784 1857 19 24 »
1840 1844 156 42 chanté
2035 1860 77 40 par

357 1892 63 43 M.
463 1894 186 56 Vergnet
680 1907 42 31 et
754 1902 294 52 accompagné
1080 1915 78 41 par
1187 1902 67 42 M.
1283 1904 171 57 Lalliet;
1478 1909 40 41 la
1552 1910 176 55 plupart
1760 1915 72 41 des
1864 1917 180 56 chorals,
2071 1929 41 34 et

363 1967 120 41 enfin
505 1968 38 41 le
564 1969 89 41 duo
675 1970 71 41 des
767 1971 113 41 deux
902 1971 194 54 femmes,
1120 1975 77 53 qui
1226 1990 41 27 se
1289 1985 185 37 termine
1494 1996 77 40 par
1592 1997 61 28 un
1675 1985 150 44 choeur
1849 1990 258 56 vigoureux,

356 2050 41 33 et
418 2042 78 55 qui
527 2043 107 52 seul,
667 2044 106 42 dans
802 2055 120 32 toute
958 2048 44 40 lu
1023 2048 187 42 Passion
1216 2082 11 20 ,
1251 2065 24 27 a
1297 2066 224 43 provoque
1550 2057 279 45 d'unanimes
1862 2065 226 54 applaudis-

357 2125 205 33 sements.

413 2191 64 40 M.
504 2191 251 52 Bannelier,
780 2193 38 40 le
837 2194 256 43 traducteur
1114 2196 51 42 de
1187 2208 63 32 cet
1279 2199 207 51 oratorio,
1510 2217 24 26 a
1554 2217 76 28 cru
1653 2206 98 41 bien
1776 2208 102 42 laire
1897 2224 53 27 en
1968 2211 39 41 le
2023 2220 66 35 tra-

354 2263 181 42 duisant
557 2278 52 26 en
634 2278 135 41 prose.
796 2265 50 41 Je
867 2280 53 27 ne
947 2268 99 55 puis
1080 2280 195 44 partager
1300 2286 77 28 son
1404 2274 201 54 opinion.
1635 2279 61 42 La
1723 2280 158 56 langue
1900 2284 209 44 française

355 2337 119 50 exige
493 2337 387 54 impérieusement
903 2340 37 40 le
962 2342 208 54 rhythme
1190 2353 40 32 et
1251 2345 40 41 la
1459 2363 139 30 meme
1618 2354 148 53 quand
1795 2356 72 42 des
1888 2359 164 53 paroles
2067 2375 43 27 se

354 2411 222 42 chantent.

1668 2500 66 43 H.
1773 2501 50 42 C.

415 2776 241 42 CONCERTS
686 2779 178 42 DANBÉ.
972 2781 68 41 En
1060 2784 202 41 écoutant
1293 2785 37 40 le
1358 2787 161 42 Stabat
1550 2788 60 55 de,
1628 2791 200 42 madame
1860 2793 52 41 de
1934 2794 140 43 Grand-

356 2848 84 54 val,
464 2848 36 54 je
518 2849 144 42 faisais
681 2861 108 33 cette
805 2855 275 42 observation
1098 2860 84 38 très
1203 2858 212 54 curieuse,
1443 2861 117 43 étant
1582 2864 230 55 appliquée
1833 2869 23 38 à
1876 2867 51 41 de
1947 2867 40 42 la
2009 2882 63 29 mu-

354 2921 126 54 sique
512 2926 223 51 composée
764 2940 77 41 par
864 2942 86 27 une
978 2929 154 42 femme
1151 2962 10 20 ,
1191 2945 85 40 que
1302 2933 40 40 la
1365 2934 135 53 partie
1527 2935 40 42 la
1601 2937 150 42 mieux
1782 2940 162 42 réussie
1967 2951 62 32 est
2061 2944 39 40 la

354 2995 138 54 paitie
529 2998 354 56 symphonique,
915 3002 78 53 qui
1036 3011 61 33 est
1132 3003 40 42 la
1203 3005 96 54 plus
1327 3007 221 45 abstraite,
1591 3010 184 43 Ensuite
1802 3013 209 45 viennent
2045 3017 59 42 les

352 3067 189 44 chœurs.
586 3070 81 41 Les
697 3085 228 29 morceaux
964 3079 56 37 où
1053 3076 60 41 les
1137 3078 101 40 voix
1261 3088 99 33 sont
1389 3081 170 42 traitées
1588 3097 52 27 en
1664 3086 90 40 solo
1779 3095 96 34 sont
1895 3103 108 27 ceux
2025 3090 77 54 qui

352 3150 77 32 ont
451 3142 39 40 le
511 3142 146 41 moins
679 3144 181 42 satisfait
880 3146 37 41 le
940 3149 160 52 public.
1135 3151 72 40 On
1242 3166 54 27 ne
1317 3163 103 43 peut
1442 3156 312 43 certainement
1776 3161 161 41 refuser
1957 3166 23 36 à
2013 3177 63 27 ma-

356 3214 125 41 dame
504 3215 50 40 de
578 3217 223 41 Grandval
824 3219 43 40 ni
883 3220 14 40 1
913 3219 288 55 imagination
1223 3225 46 41 ni
1288 3226 40 41 la
1351 3229 205 50 mélodie;
1575 3232 110 41 mais
1706 3233 31 40 il
1756 3234 246 42 semblerait
2019 3250 86 40 que

351 3285 14 41 1
382 3288 141 52 esprit
545 3288 50 40 de
617 3288 41 41 la
690 3290 205 54 musique
930 3295 147 40 vocale
1109 3296 58 54 (si
1189 3297 37 55 je
1255 3299 97 54 puis
1383 3304 278 53 m'exprimer
1694 3306 128 54 ainsi)
1846 3307 82 41 soit
1961 3308 145 42 moins

352 3360 234 57 développé
603 3363 104 41 chez
723 3364 78 41 elle
818 3378 86 41 que
925 3366 24 40 Y
956 3368 138 53 esprit
1114 3370 51 40 de
1179 3371 40 41 la
1242 3373 205 55 musique
1467 3375 349 45 instrumentale.
1840 3380 146 54 Ainsi,
2002 3383 102 42 Fin»

352 3434 249 44 troduction
625 3438 325 55 symphonique
971 3441 58 40 du
1062 3443 160 43 Stabat
1242 3453 62 34 est
1335 3448 128 42 noble
1494 3458 41 32 et
1555 3450 249 56 chantante,
1827 3455 112 42 ainsi
1960 3470 86 36 que
2069 3459 40 40 le

523 3508 75 44 !V.

1901 3531 25 40 6
