2751 4216
1160 438 76 41 LA
1267 437 378 50 CHRONIQUE
1678 437 314 42 MUSICALE

709 439 54 54 96

758 584 181 38 Chdtelet
943 613 7 8 .
1054 585 60 35 M.
1139 582 172 38 Hostein
1333 583 85 35 doit
1441 590 160 29 monter
1622 581 250 39 auChâtelet
1892 583 174 37 Dimitri
2071 614 6 17 ,
2097 584 149 50 l'opéra
2264 585 48 37 de
2327 593 118 28 notre

705 646 180 36 confrère
901 646 49 38 V.
973 643 222 47 Joncières,
1217 643 48 36 de
1288 642 36 37 la
1344 642 177 37 Liberté.
1559 643 37 36 A
1610 655 150 37 propos
1781 643 48 37 de
1863 655 43 25 ce
1934 643 168 49 théâtre,
2140 645 36 36 le
2202 644 109 38 bruit
2328 653 117 29 court

703 717 77 37 que
821 705 102 38 MM.
950 703 73 39 Ph.
1050 703 108 37 Herz
1180 709 39 30 et
1241 703 250 48 Desgranges
1508 714 49 26 en
1574 703 306 38 deviendraient
1901 703 286 49 propriétaires
2210 717 51 24 au
2283 718 10 23 i
2303 714 30 17 er
2354 716 67 38 sep-

705 765 169 37 tembre.

752 873 393 51 Bouffes-Parisiens.
1252 874 32 36 Il
1306 881 60 29 est
1403 874 191 48 question
1613 874 48 36 de
1699 874 307 50 l'engagement,
2034 886 79 24 aux
2142 873 280 38 Bouffes-Pari-

705 934 118 47 siens,
845 934 48 37 de
915 934 37 37 la
975 942 144 41 troupe
1141 934 158 50 lyrique
1319 934 48 37 de
1383 934 175 44 laGaîté,
1581 934 70 49 qui
1673 935 62 37 n'a
1752 936 92 49 plus
1865 948 73 24 son
1951 934 150 50 emploi
2117 934 142 49 depuis
2274 935 38 36 la
2322 935 55 36 fin
2391 935 53 36 du

704 995 117 38 traité
847 995 70 49 qui
939 995 38 37 la
999 995 158 37 mettait
1178 999 22 33 à
1222 995 38 37 la
1281 994 243 49 disposition
1546 995 54 36 du
1617 995 204 37 directeur
1839 997 48 36 de
1914 995 36 37 la
1977 995 287 39 Renaissance.
2288 995 88 37 Elle
2405 1008 40 24 se

704 1068 190 37 compose
913 1056 48 37 de
983 1056 225 37 mesdames
1231 1056 191 46 Dartaux,
1448 1054 130 49 Théo,
1617 1056 208 37 Laurence
1847 1055 157 48 Grivot,
2041 1056 48 37 de
2124 1057 105 36 MM.
2267 1058 176 45 Bonnet,

709 1118 202 48 Daubray,
937 1117 155 48 Habay,
1113 1124 75 31 etc.
1213 1115 40 37 Si
1272 1122 104 30 cette
1397 1115 281 38 combinaison
1702 1128 40 24 se
1764 1115 155 49 réalise,
1944 1116 58 38 les
2026 1116 164 38 Bouffes
2215 1128 51 26 ne
2300 1116 120 38 ferme-

708 1186 94 29 ront
823 1190 70 36 pas
919 1180 47 33 de
982 1176 104 39 l'été.

748 1272 446 38 Porte-Saint-Martin.
1223 1273 124 36 —Le
1367 1272 101 37 Pied
1486 1272 47 37 de
1569 1279 157 31 mouton
1748 1272 212 38 succédera
1993 1272 349 40 immédiatement
2364 1288 77 25 aux

701 1336 124 35 Deux
847 1333 234 50 Orphelines
1086 1361 9 19 ,
1117 1332 100 37 dans
1236 1345 57 24 un
1316 1345 54 25 ou
1392 1332 104 37 deux
1516 1333 116 36 mois.

753 1396 54 35 Le
824 1396 91 35 Don
934 1394 105 36 Juan
1061 1393 48 37 de
1133 1392 170 38 Casimir
1327 1392 219 49 Delavigne
1581 1401 60 29 est
1672 1395 22 35 à
1733 1393 162 48 l'étude,
1919 1394 102 36 mais
2041 1406 105 36 pour
2173 1406 78 26 une
2283 1396 158 49 époque

703 1467 146 26 encore
866 1453 311 38 indéterminée.

751 1576 114 38 Folie
867 1575 306 49 s-Dramatique
1175 1585 31 28 s.
1302 1574 114 47 Hier,
1442 1575 57 36 M.
1538 1573 150 37 Cantin
1710 1587 21 24 a
1755 1575 112 48 signé
1897 1587 54 24 un
1992 1588 185 25 nouveau
2208 1578 118 36 traité
2348 1590 95 25 avec

709 1637 57 37 les
786 1644 162 30 auteurs
968 1635 48 37 de
1039 1635 38 36 la
1102 1634 110 36 Belle
1244 1633 294 37 Bourbonnaise
1543 1662 7 19 ,
1575 1635 106 37 MM.
1712 1634 159 49 Cœdès,
1898 1636 199 36 Dubreuil
2131 1644 39 30 et
2192 1637 248 49 Chabrillat,

701 1698 71 49 qui
794 1710 40 25 se
856 1704 93 30 sont
972 1695 174 49 engagés
1168 1698 21 33 à
1208 1694 158 37 fournir
1383 1707 102 36 pour
1502 1695 143 37 l'hiver
1667 1696 195 47 prochain
1886 1709 78 23 aux
1994 1697 449 51 Folies-Dramatiques

701 1771 56 25 un
776 1756 279 51 opéra-bouffe
1077 1767 50 25 en
1146 1755 100 37 trois
1265 1763 119 40 actes,
1402 1763 120 41 ayant
1543 1768 103 36 pour
1669 1755 92 38 titre
1781 1770 8 22 :
1811 1757 105 48 May
1919 1769 100 26 eux.

750 1820 53 35 Le
825 1818 85 37 rôle
929 1817 48 36 de
1001 1816 177 48 Mayeux
1201 1823 59 29 est
1279 1815 155 37 destiné
1453 1818 21 33 à
1498 1816 162 37 Milher.

1310 1895 108 35 Pour
1446 1892 167 38 l'article
1656 1894 124 36 Varia
1809 1908 10 22 :

1373 1960 57 37 Le
1467 1960 232 38 Secrétaire
1731 1960 48 38 de
1801 1960 38 38 la
1858 1961 235 49 Rédaction,

1762 2040 55 39 O.
1846 2040 68 37 LE
1954 2041 229 40 TRIOUX.

1180 3308 420 46 Propriétaire-Gérant
1626 3325 10 22 :
1666 3315 54 32 Qd
1730 3316 8 17 c
1739 3316 170 41 I^THU
1917 3318 10 18 c
1928 3318 32 39 li
2003 3314 389 40 HEULH^^D.

1011 3426 113 35 Pans.
1204 3427 231 45 Imprimerie
1452 3429 243 45 Alcan-Lévy,
1718 3441 63 24 rue
1801 3434 44 31 de
1865 3433 192 42 Latayette,
2079 3431 58 34 61»
