2751 4216
699 498 52 41 88

1153 505 69 39 LA
1252 503 377 49 CHRONIQUE
1661 503 312 42 MUSICALE

758 644 58 40 La
838 645 250 40 désillusion
1111 659 21 26 a
1154 647 62 39 été
1236 646 174 52 grande.
1433 647 47 39 Je
1508 647 174 40 cherche
1703 661 51 26 en
1776 648 99 40 vain
1893 649 104 39 dans
2023 649 37 39 la
2084 649 200 53 musique
2305 650 49 39 de
2377 649 44 40 la

697 715 127 40 Belle
850 729 54 26 au
932 716 92 39 bois
1044 716 207 41 dormant
1289 717 38 40 le
1350 718 170 40 charme
1556 719 50 39 de
1635 719 121 41 l'idée
1783 727 42 33 et
1861 720 37 40 le
1924 720 183 54 prestige
2126 720 51 40 de
2205 721 39 39 la
2271 722 145 39 forme.

700 786 276 41 L'ouverture
992 797 60 33 est
1066 790 279 56 conçue'dans
1362 790 37 40 le
1417 794 105 50 goût
1541 791 70 41 des
1633 792 239 41 mauvaises
1893 793 306 54 compositions
2215 793 48 40 de
2285 793 108 40 Schu-

701 871 131 26 mann
854 873 8 25 :
889 858 38 53 je
945 873 109 27 veux
1078 861 90 40 dire
1198 875 84 40 que
1301 863 37 40 le
1359 877 95 26 sens
1479 865 97 39 n'en
1600 873 61 33 est
1682 878 74 40 pas
1778 865 248 41 saisissable.
2054 865 340 41 L'instrumenta-

696 929 91 40 tion
807 943 28 40 y
856 939 60 31 est
929 932 294 53 papillotante,
1249 943 40 32 et
1303 934 38 41 la
1365 936 176 40 batterie
1560 938 74 52 qui
1658 938 145 53 frappe
1825 942 22 35 à
1867 952 133 40 coups
2021 938 225 40 redoublés
2272 952 72 26 sur
2362 938 59 40 les

696 1000 209 41 dernières
948 1016 190 29 mesures
1175 1014 112 33 tente
1321 1007 278 41 inutilement
1631 1009 95 40 d'en
1754 1009 246 40 dissimuler
2041 1011 39 39 la
2107 1012 217 53 pauvreté.
2362 1011 59 39 Le

688 1073 223 54 prologue
917 1107 8 18 ,
948 1089 100 27 avec
1070 1091 43 26 sa
1141 1078 134 53 prière
1296 1087 40 32 et
1357 1092 77 27 son
1457 1080 149 40 chœur
1627 1080 49 40 de
1709 1081 96 51 fées,
1831 1082 170 39 console
2024 1096 58 26 un
2110 1096 82 39 peu
2213 1082 50 40 de
2284 1096 44 26 ce
2349 1084 48 52 pé-

694 1145 116 40 nible
831 1146 146 40 début.
1005 1148 198 40 L'ariette
1221 1150 49 38 de
1293 1151 159 39 Nérida
1475 1165 8 26 :
1503 1153 124 39 Dans
1641 1159 93 33 cent
1750 1166 94 39 ans,
1863 1166 162 27 comme
2042 1160 89 33 tout
2145 1155 172 52 change
2331 1155 88 39 àla

694 1216 137 40 ronde
836 1249 8 16 ,
863 1225 38 31 et
919 1218 57 39 les
998 1220 190 52 couplets
1211 1221 184 40 d'entrée
1418 1222 51 39 de
1489 1223 39 39 la
1548 1223 211 53 princesse
1790 1224 152 53 Sylvéa
1966 1225 195 40 tombent
2180 1239 52 26 en
2255 1227 163 52 loques.

697 1286 57 41 Ils
784 1296 96 32 sont
898 1288 99 53 jetés
1028 1291 104 39 dans
1167 1291 37 40 le
1228 1292 142 41 moule
1395 1294 124 40 banal
1554 1299 56 35 où
1642 1295 151 40 Litolff
1816 1296 200 53 précipite
2058 1296 363 41 indifféremment

697 1366 97 33 tous
816 1374 62 26 ses
900 1362 204 52 couplets.
1132 1364 303 54 Décidément,
1458 1366 93 41 l'art
1571 1367 57 39 du
1652 1367 167 55 couplet
1843 1377 60 31 est
1923 1369 212 40 d'essence
2157 1377 118 32 toute
2301 1370 94 41 fran-

696 1432 106 52 çaise
823 1441 40 33 et
877 1447 85 27 non
985 1443 135 36 autre.
1145 1436 119 41 Ceux
1284 1452 84 39 que
1398 1439 297 41 l'enchanteur
1716 1440 294 52 Abaldaman,
2034 1441 174 54 déguisé
2228 1456 52 26 en
2305 1442 91 54 pèle-

696 1505 82 52 rin,
802 1519 247 29 commence
1070 1508 105 40 dans
1198 1510 38 39 la
1259 1510 195 52 coulisse,
1478 1520 41 32 et
1538 1512 74 54 qui
1637 1520 97 33 sont
1755 1515 306 52 accompagnés
2082 1527 75 40 par
2178 1527 84 27 une
2278 1514 120 39 imita-

693 1576 89 41 tion
804 1578 188 54 d'orgue,
1015 1590 74 30 ont
1110 1581 186 53 quelque
1318 1582 188 41 couleur.
1533 1583 57 40 Le
1611 1585 83 40 duo
1713 1585 76 53 qui
1811 1585 85 40 suit
1921 1601 8 24 :

1080 1705 103 36 C'est
1200 1718 49 24 un
1271 1714 111 29 conte
1400 1708 50 35 du
1470 1708 70 36 bon
1562 1709 119 36 vieux
1700 1717 137 42 temps,

1077 1771 85 36 Bon
1178 1783 106 37 pour
1303 1784 158 25 amuser
1482 1774 54 37 les
1559 1775 171 48 enfants,

698 1890 189 41 dénonce
915 1901 376 42 outrageusement
1320 1894 267 54 l'incapacité
1616 1897 57 39 du
1695 1899 292 52 compositeur
2008 1911 52 27 en
2095 1898 177 40 matière
2303 1898 91 40 d'ex-

698 1962 188 53 pression
915 1963 156 41 vocale.
1107 1964 121 40 Tous
1260 1965 58 39 les
1357 1979 227 29 morceaux
1620 1978 266 33 concertants
1915 1971 51 38 de
1995 1970 40 40 la
2076 1969 206 54 partition
2322 1978 97 33 sont

691 2034 159 52 affligés
877 2035 57 39 du
957 2036 137 39 même
1114 2035 90 41 vice
1223 2038 254 53 organique.
1509 2039 36 40 Il
1569 2041 70 52 n'y
1661 2054 22 26 a
1704 2054 74 41 pas
1800 2055 61 27 un
1879 2042 146 52 finale
2048 2042 76 54 qui
2160 2042 82 40 soit
2276 2054 139 46 conçu

692 2105 116 40 selon
828 2106 38 40 la
888 2106 110 53 règle
1019 2107 284 54 dramatique.

748 2178 57 39 Le
827 2179 152 39 second
1002 2186 88 32 acte
1123 2187 60 32 est
1204 2180 228 54 préférable
1453 2196 55 27 au
1539 2185 197 52 premier.
1778 2186 348 40 L'introduction
2147 2199 53 26 en
2228 2194 62 32 est
2321 2185 72 40 ani-

699 2251 104 41 mée.
835 2251 57 38 Le
911 2251 149 40 chœur
1078 2251 72 40 des
1174 2253 187 40 batteurs
1381 2254 51 40 de
1455 2255 64 40 blé
1540 2270 7 26 :
1584 2257 290 54 Youp,youp,
1889 2271 112 40 gens
2024 2258 58 40 du
2106 2258 193 52 village,
2324 2265 69 32 tra-

696 2322 189 40 vaillons
915 2329 42 33 et
978 2323 212 41 chantons
1203 2325 18 39 !
1243 2335 61 30 est
1339 2339 150 27 sonore
1512 2335 40 32 et
1568 2328 103 40 d'un
1693 2330 106 52 style
1829 2329 135 40 facile.
1992 2329 34 40 Il
2044 2343 22 26 a
2086 2331 62 38 été
2181 2329 124 41 bissé.
2339 2331 79 38 Les

692 2395 188 54 couplets
915 2395 51 40 de
999 2396 250 54 Coquelicot
1273 2413 7 25 :
1305 2399 174 54 Berger
1505 2401 200 53 Cupidon
1723 2434 10 21 ,
1756 2402 114 53 finis
1894 2403 112 40 donc
2023 2434 9 19 ,
2057 2404 39 38 la
2126 2416 197 26 romance
2359 2404 57 38 du

693 2469 134 50 ténor,
850 2467 39 40 la
908 2467 162 40 ballade
1092 2469 52 39 de
1171 2470 38 39 la
1239 2470 60 40 fée
1320 2471 181 41 Azoline
1524 2480 40 32 et
1585 2473 38 39 la
1649 2474 131 40 ronde
1802 2473 125 41 finale
1958 2482 96 32 sont
2075 2474 50 40 de
2154 2475 151 53 piètres
2327 2474 69 40 ins-

691 2539 220 53 pirations.
1038 2540 56 40 Le
1117 2541 214 41 troisième
1353 2552 103 44 acte,
1480 2545 75 52 qui
1595 2556 58 29 est
1689 2549 84 37 très
1813 2547 167 52 chargé,
2018 2546 208 40 renferme
2257 2560 61 27 un
2357 2547 63 40 air

689 2611 330 51 d'Abaldaman,
1042 2613 174 53 précédé
1235 2615 104 40 d'un
1362 2624 124 32 court
1513 2616 197 53 récitatif,
1731 2631 59 26 un
1810 2618 149 40 chœur
1979 2618 223 54 d'Esprits,
2227 2620 189 52 bruyant

690 2692 40 32 et
751 2684 216 51 absconse,
1012 2698 60 26 un
1108 2685 80 41 trio
1210 2694 116 32 entre
1346 2688 273 40 Abaldaman
1642 2697 40 32 et
1712 2689 58 40 les
1809 2690 112 40 deux
1941 2690 244 53 diablesses,
2207 2691 75 54 qui
2307 2705 80 26 con-

689 2756 110 41 tient
821 2769 84 27 une
926 2770 113 26 assez
1059 2756 99 54 jolie
1178 2758 151 53 phrase
1352 2771 8 26 :
1385 2759 79 41 Me
1485 2762 131 49 voilà,
1635 2761 54 53 je
1703 2761 93 40 suis
1804 2762 144 53 prête,
1966 2763 39 39 la
2025 2763 188 40 chanson
2232 2763 57 40 du
2307 2764 81 39 Bri-

689 2834 111 47 quet,
825 2840 60 26 un
907 2827 213 53 quintette
1151 2832 23 35 à
1194 2828 234 41 l'italienne
1449 2830 129 53 (école
1602 2832 214 52 Petrella),
1840 2841 39 31 et
1900 2832 36 40 le
1967 2834 141 43 ballet.
2138 2835 59 39 La
2225 2835 189 39 chanson

687 2898 57 39 du
769 2898 196 53 Briquet,
986 2903 22 35 à
1030 2902 103 36 trois
1153 2900 121 51 voix,
1296 2900 94 40 ade
1410 2902 40 39 la
1468 2910 222 33 tournure.
1717 2903 58 39 Le
1799 2903 215 44 troisième
2034 2905 129 41 motif
2179 2919 52 26 en
2253 2913 61 32 est
2335 2905 81 40 fort

685 2968 87 54 joli,
796 2977 41 33 et
857 2969 37 53 je
920 2977 176 45 regrette
1110 2984 84 39 que
1208 2971 38 40 le
1268 2971 158 41 refrain
1449 2988 8 25 :

1167 3093 110 48 Zim,
1299 3095 94 49 %im,
1419 3095 83 36 cela
1522 3109 45 23 ne
1585 3109 48 24 va
1653 3100 163 47 guères,

1168 3159 109 49 Zim,
1299 3161 94 49 %im,
1413 3163 83 35 cela
1515 3175 47 24 ne
1583 3175 49 25 va
1647 3164 98 47 pas!

687 3313 51 26 en
760 3300 81 41 soit
861 3300 33 40 si
915 3313 221 29 commun.
1165 3301 34 40 Il
1221 3309 59 32 est
1304 3302 105 40 bissé
1430 3302 337 45 d'acclamation.
1796 3305 59 40 Le
1877 3307 214 52 quintette
2114 3320 41 27 se
2180 3307 232 56 développe

687 3372 291 53 péniblement
998 3373 115 41 faute
1132 3373 50 41 de
1205 3374 150 41 moelle
1386 3375 256 54 mélodique.
1675 3377 72 40 On
1778 3378 172 54 entend,
1974 3379 106 39 dans
2100 3379 36 40 le
2159 3379 141 53 ballet,
2326 3395 85 27 une

688 3445 167 39 marche
873 3445 71 40 des
965 3446 173 52 Gardes,
1164 3460 84 28 une
1270 3448 128 53 valse,
1416 3448 76 54 qui
1515 3461 186 41 manque
1722 3450 51 40 de
1794 3450 228 54 franchise,
2045 3455 55 36 où
2121 3451 67 54 j'ai
2213 3465 125 45 perçu
2360 3455 51 40 de
