2751 4216
772 1255 104 69 LE
952 1255 493 72 THÉATRE
1514 1258 121 69 DE
1707 1245 558 83 L'ATHÉNÉE

2296 1250 53 44 10

1124 1826 73 27 ous
1220 1814 350 41 n'énumérerons
1602 1829 72 40 pas
1700 1816 52 40 ici
1774 1816 58 40 les
1855 1816 137 54 pièces
2013 1818 143 53 jouées
2179 1818 221 54 primitive

1123 1893 118 31 ment
1261 1899 82 26 aux
1364 1887 538 41 Fantaisies-Parisiennes
1921 1898 40 31 et
1999 1890 92 52 qui,
2110 1889 154 41 faisant
2285 1890 132 53 partie

1123 1957 57 39 du
1213 1957 227 54 répertoire
1473 1959 50 39 de
1551 1972 45 26 ce
1627 1959 175 54 théâtre,
1823 1960 143 41 furent
1987 1962 179 53 reprises
2193 1976 76 40 par
2289 1963 39 39 la
2350 1962 45 39 di-

1124 2028 162 40 rection
1321 2029 51 40 de
1403 2030 245 47 l'Athénée;
1676 2032 100 40 elles
1808 2042 97 31 sont
1938 2034 214 40 d'ailleurs
2184 2048 82 39 peu
2290 2048 93 26 nom-

1124 2100 185 52 breuses,
1333 2115 81 37 car,
1439 2102 38 40 le
1497 2105 225 51 personnel
1750 2112 40 32 et
1811 2105 37 39 le
1870 2119 125 38 genre
2019 2105 151 41 s'étant

1120 2171 38 40 le
1192 2174 230 52 répertoire
1443 2174 65 40 fut
1526 2188 180 39 presque
1728 2176 282 42 entièrement
2031 2178 241 40 renouvelé.
2296 2177 120 41 Voici

689 2239 39 39 la
751 2239 93 40 liste
873 2241 49 39 de
954 2242 120 40 celles
1105 2256 82 40 que
1216 2245 38 39 la
1288 2246 208 40 direction
1528 2247 115 41 offrit
1672 2249 353 41 successivement
2056 2255 22 35 à
2104 2263 76 27 son
2213 2263 200 27 nouveau

691 2311 147 52 public
856 2326 7 26 :

743 2420 61 40 Le
834 2421 151 41 Sourd
990 2454 9 22 ,
1023 2425 353 55 opéra-comique
1410 2441 51 27 en
1485 2429 103 40 trois
1610 2439 127 42 actes,
1762 2431 161 54 d'après
1948 2431 234 54 Desforges,
2213 2433 202 54 musique

690 2491 239 56 d'Adolphe
950 2495 155 42 Adam.
1197 2511 54 40 27
1272 2512 111 27 mars
1412 2502 123 53 1869.

811 2594 58 37 Le
883 2596 130 37 Sourd
1034 2606 58 28 est
1110 2611 77 24 une
1209 2600 192 37 ancienne
1417 2603 179 36 comédie
1617 2603 47 36 de
1686 2603 226 50 Desforges,
1935 2603 113 50 jouée
2070 2605 96 49 jadis
2187 2619 51 24 au
2260 2606 154 39 théâtre

764 2655 263 40 Montansier.
1053 2659 101 38 MM.
1178 2660 47 36 de
1250 2661 161 37 Leuven
1433 2671 38 27 et
1494 2664 42 38 F.
1566 2664 147 48 Langlé
1738 2664 183 38 l'avaient
1942 2667 261 37 transformée
2226 2680 48 24 en
2295 2670 119 47 opéra

764 2716 198 48 comique,
986 2726 37 28 et
1044 2718 214 50 l'ouvrage,
1281 2722 74 36 mis
1373 2734 49 25 en
1441 2724 184 48 musique
1644 2737 70 35 par
1734 2726 140 47 Adam,
1897 2725 60 38 fut
1977 2728 223 46 représenté
2222 2732 20 33 à
2262 2728 37 38 la
2318 2730 94 36 salle

764 2776 141 37 Favart
926 2777 36 36 le
986 2791 18 24 2
1027 2779 142 38 février
1194 2781 21 39 i
1215 2781 87 39 853.

743 2879 83 39 Les
863 2881 298 55 Rendez-vous
1199 2885 237 54 bourgeois
1448 2920 9 20 ,
1497 2889 351 55 opéra-comique
1888 2904 52 27 en
1996 2905 60 26 un
2098 2900 105 44 acte,
2246 2895 164 52 paroles

689 2949 26 39 d
735 2949 254 57 Hoffmann,
1014 2956 201 53 musique
1236 2957 50 39 de
1310 2958 166 42 Nicolo.
1575 2974 53 40 27
1651 2961 86 40 mai
1766 2962 125 54 1869.

811 3054 220 38 Deuxième
1050 3066 187 39 emprunt
1259 3057 69 38 fait
1346 3063 20 32 à
1389 3060 392 51 TOpéra-Comique.
1803 3067 73 34 Les
1896 3065 272 52 Rendez-vous
2196 3065 210 53 bourgeois

760 3114 156 37 avaient
937 3115 60 36 été
1020 3118 246 47 représentés
1288 3122 21 33 à
1328 3132 42 24 ce
1392 3120 152 38 théâtre
1564 3122 35 36 le
1619 3135 21 35 9
1664 3124 77 35 mai
1764 3124 110 49 1807.

743 3234 58 40 Le
823 3235 160 41 théâtre
1005 3237 74 41 fait
1099 3252 42 26 sa
1163 3239 161 40 clôture
1345 3241 107 40 d'été
1472 3241 37 40 le
1538 3255 11 26 1
1566 3245 19 37 5
1607 3241 109 54 juin.
1744 3243 196 44 Pendant
1959 3256 107 32 cette
2091 3248 179 54 clôture,
2303 3250 108 41 trois

688 3310 356 51 représentations
1065 3321 96 31 sont
1182 3312 203 54 données,
1410 3328 98 26 avec
1528 3315 310 44 l'autorisation
1855 3320 50 39 de
1930 3319 61 41 M.
2012 3321 217 54 Martinet,
2254 3337 75 38 par
2350 3325 62 39 les

733 3473 48 42 (1)
806 3473 87 33 Voir
912 3474 50 33 les
983 3477 170 33 numéros
1171 3476 62 34 des
1256 3488 9 24 lel1
1275 3484 25 14 e1
1321 3476 128 36 février
1468 3486 34 26 et
1529 3488 10 25 î
1548 3486 25 14 cr
1592 3490 107 25 mars.
