2629 4178
1026 749 348 69 VARIA

529 939 448 63 Correspondance.
1007 939 30 63 —
1067 939 149 63 Faits
1246 939 209 63 divers.
1485 939 30 63 —
1545 939 298 63 Nouvelles.

894 1314 231 55 FAITS
1195 1310 302 58 DIVERS

751 1495 175 32 UELQUES
947 1482 142 37 détails
1122 1481 147 36 inédits
1301 1479 154 37 donnés
1483 1490 68 24 sur
1578 1477 48 37 A.
1662 1476 144 47 Adam,
1836 1485 70 37 par
1933 1474 133 37 VEvé-

960 1546 21 33 à
1002 1554 150 38 propos
1173 1542 53 36 du
1247 1541 115 49 Bijou
1380 1539 144 50 perdu.

800 1606 114 37 Tout
934 1604 166 37 homme
1122 1616 21 23 a
1171 1615 42 24 sa
1242 1609 186 30 marotte.
1462 1601 76 36 Les
1560 1597 217 39 musiciens
1801 1596 266 50 n'échappent

751 1679 70 37 pas
850 1669 21 33 à
893 1673 102 29 cette
1020 1665 55 37 loi
1098 1676 233 26 commune.

802 1728 172 47 Mozart,
997 1739 53 25 on
1073 1727 35 36 le
1127 1726 87 47 sait,
1239 1724 153 37 adorait
1413 1723 36 36 le
1471 1722 161 44 billard,
1656 1728 39 30 et
1717 1719 131 37 Gluck
1868 1719 36 37 le
1930 1719 108 37 Cham-

752 1800 149 37 pagne;
929 1787 148 49 Haydn
1098 1787 118 47 avait,
1248 1796 159 26 comme
1448 1782 165 48 BufFon,
1642 1782 37 35 la
1712 1780 264 50 superstition
2000 1780 69 35 des

752 1848 273 46 manchettes;
1060 1846 163 37 Rossini
1246 1845 96 37 était
1380 1856 55 25 un
1463 1843 194 37 cuisinier
1678 1853 172 38 presque
1872 1841 106 36 aussi
1999 1839 68 37 ha-

315 1909 81 40 bile
417 1911 300 49 qu'Alexandre
740 1911 174 46 Dumas;
938 1909 139 36 Auber
1100 1919 40 25 se
1159 1905 231 51 promenait
1409 1905 99 36 dans
1529 1905 70 35 des
1616 1903 178 37 voitures
1815 1901 229 48 irréprocha-

318 1972 98 47 bles,
440 1973 176 36 Félicien
638 1971 128 38 David
787 1971 69 37 fait
878 1970 138 36 fleurir
1031 1968 68 38 des
1120 1969 147 35 rosiers
1282 1970 21 32 à
1322 1973 207 30 outrance.

363 2034 187 49 Adolphe
571 2034 144 46 Adam,
748 2032 103 36 dont
879 2043 54 24 on
954 2030 113 38 vient
1088 2030 48 35 de
1159 2027 217 50 reprendre
1394 2026 36 36 le
1452 2025 120 49 Bijou
1586 2024 131 50 perdu
1722 2054 9 17 ,
1753 2022 110 46 était,
1893 2022 73 47 lui,
2006 2034 54 23 un

319 2095 181 37 Parisien
522 2107 77 37 pur
626 2105 96 37 sang
740 2104 8 37 ;
771 2093 37 37 la
830 2102 218 38 campagne
1068 2090 58 36 lui
1142 2090 149 48 portait
1312 2100 70 24 sur
1400 2087 57 36 les
1486 2086 119 37 nerfs.
1632 2084 148 47 Quand
1805 2096 55 25 on
1895 2083 58 36 lui
1974 2094 70 37 par-

316 2155 71 37 lait
406 2156 47 36 de
475 2156 38 36 la
532 2155 187 47 verdure,
739 2154 68 37 des
827 2153 136 47 fleurs,
983 2152 70 35 des
1076 2151 166 36 beautés
1262 2149 69 37 des
1348 2147 180 50 champs,
1555 2146 26 36 il
1611 2145 212 49 répondait
1845 2144 98 49 qu'il
1964 2143 105 37 avait

316 2225 92 29 tout
430 2216 84 37 cela
541 2218 99 35 dans
664 2227 74 26 son
757 2214 174 38 cabinet.

367 2279 50 37 Sa
442 2278 190 37 chambre
655 2276 111 48 était,
791 2288 49 24 en
858 2275 107 45 effet,
987 2286 80 25 une
1089 2273 218 37 miniature
1334 2271 54 36 du
1410 2269 143 38 Jardin
1573 2269 69 36 des
1666 2268 178 37 Plantes.
1869 2264 199 38 C'étaient

315 2341 68 36 des
403 2347 91 42 pots
528 2340 48 35 de
597 2339 137 47 fleurs,
766 2338 69 35 des
867 2337 145 36 caisses
1034 2335 238 45 d'arbustes,
1296 2333 70 36 des
1394 2330 191 48 volières,
1609 2330 70 36 des
1700 2329 167 37 oiseaux
1887 2328 49 35 de
1968 2333 95 30 tous

314 2402 212 49 plumages
546 2407 40 30 et
605 2401 48 35 de
672 2406 92 29 tous
781 2408 199 38 ramages.

367 2462 32 36 Il
419 2475 27 36 y
461 2462 119 45 avait,
598 2472 49 25 en
670 2467 133 38 outre,
824 2459 70 36 des
915 2457 152 47 chiens,
1090 2456 69 37 des
1176 2455 125 48 chats,
1315 2454 70 37 des
1404 2451 216 46 écureuils,
1649 2451 70 36 des
1740 2448 233 50 perruches,
1996 2449 69 36 des

315 2530 257 43 perroquets.

367 2585 33 36 Il
418 2582 205 51 possédait
646 2582 130 37 même
797 2593 80 25 une
896 2578 242 51 grenouille,
1171 2577 97 49 qu'il
1289 2584 105 29 avait
1422 2575 134 37 élevée
1576 2584 160 27 comme
1757 2570 186 38 Pélisson
1958 2570 105 38 avait

315 2645 73 38 fait
413 2646 48 35 de
482 2657 73 25 son
579 2643 201 49 araignée.
802 2643 33 36 Il
857 2643 37 35 la
914 2641 128 37 tenait
1063 2653 68 24 sur
1154 2651 40 25 sa
1211 2638 121 47 table,
1357 2644 38 29 et
1413 2636 138 49 quand
1577 2634 28 38 il
1627 2632 221 51 l'appelait,
1874 2632 76 38 elle
1973 2644 69 24 sor-

315 2707 73 37 tait
404 2707 48 37 de
476 2718 73 25 son
572 2704 115 38 bocal
705 2712 40 30 et
759 2703 137 38 venait
915 2701 183 38 sautiller
1119 2713 68 24 sur
1211 2711 40 25 sa
1269 2698 203 48 musique.

430 2829 127 38 Notre
581 2827 298 38 collaborateur
903 2821 288 51 M.deFilippi
1212 2834 22 25 a
1247 2820 213 39 démontré
1483 2820 121 37 d'une
1625 2819 118 51 façon
1775 2815 289 47 indiscutable,

314 2904 79 36 que
425 2891 37 37 la
489 2889 235 52 perception
750 2888 54 36 du
843 2886 107 37 droit
983 2886 69 37 des
1081 2895 172 39 pauvres
1281 2896 69 24 sur
1383 2883 68 36 des
1475 2888 173 31 recettes
1681 2885 173 32 souvent
1873 2876 192 38 minimes

313 2954 54 36 du
394 2953 172 45 théâtre,
593 2952 100 36 n'est
713 2951 151 48 qu'une
899 2947 187 39 exaction
1120 2946 136 38 fiscale
1292 2953 39 29 et
1355 2957 56 24 un
1447 2944 101 36 abus
1585 2942 94 38 basé
1715 2953 68 24 sur
1811 2951 81 25 une
1928 2949 138 26 erreur

316 3013 281 48 économique.
621 3012 12 49 (
642 3011 237 37 Conditions
901 3008 275 50 économiques
1197 3007 48 36 de
1265 3006 37 36 la
1326 3004 180 50 musique
1528 3016 45 25 en
1597 3004 196 43 France.)

367 3073 277 38 L'Assistance
666 3071 194 50 publique
882 3078 60 29 est
961 3081 49 25 en
1030 3069 104 36 train
1156 3069 48 35 de
1220 3073 146 30 mettre
1382 3066 36 36 le
1435 3064 159 38 comble
1610 3067 22 33 à
1652 3063 37 36 la
1709 3072 171 26 mesure.
1902 3060 65 35 Au
1985 3059 81 36 lieu

315 3135 49 36 de
397 3144 117 38 7.200
536 3131 133 37 francs
689 3132 48 36 de
758 3131 277 49 prélèvement
1058 3140 68 25 sur
1147 3128 38 35 la
1202 3133 149 30 recette
1373 3126 69 36 des
1459 3132 185 30 concerts
1667 3123 52 36 du
1736 3119 327 46 Conservatoire,

315 3194 78 39 soit
419 3205 77 37 400
519 3192 130 37 francs
670 3192 47 36 de
736 3191 135 37 forfait
894 3203 68 37 par
982 3196 178 37 concert,
1192 3187 27 37 il
1237 3199 50 25 ne
1313 3186 114 49 s'agit
1451 3193 102 29 cette
1585 3184 129 38 année
1733 3183 87 36 rien
1837 3180 131 37 moins
1985 3191 78 36 que

314 3267 144 37 20,000
489 3254 144 43 francs,
665 3264 156 25 somme
844 3252 254 36 exorbitante
1128 3248 69 49 qui
1227 3256 95 41 peut
1346 3247 204 37 entraîner
1571 3247 38 36 la
1641 3243 262 51 suppression
1926 3242 47 35 de
1996 3251 64 25 ces

315 3320 164 34 séances
510 3313 283 50 magnifiques,
824 3313 178 36 célèbres
1025 3312 98 35 dans
1145 3314 36 32 le
1204 3310 149 36 monde
1377 3309 142 37 entier.
1545 3308 69 46 Or,
1633 3319 54 25 on
1716 3318 40 24 se
1787 3302 197 38 demande
2013 3301 48 46 si,

317 3379 130 36 même
469 3390 50 24 au
546 3376 117 48 point
694 3375 47 36 de
762 3387 77 26 vue
876 3375 47 35 de
954 3371 371 44 l'administration,
1362 3372 95 35 c'est
1487 3370 36 37 le
1555 3380 148 37 moyen
1725 3363 239 40 d'atteindre
1988 3372 75 25 son

315 3441 72 36 but
404 3451 78 36 que
502 3440 48 36 de
573 3438 95 37 tarir
683 3437 58 37 les
763 3447 164 26 sources
948 3434 238 48 auxquelles
1209 3433 76 36 elle
1303 3432 130 49 puise.
