2629 4178
996 1120 333 68 REVUE
1422 1119 529 69 MUSICALE

586 1477 161 30 ITALIENS
769 1485 7 21 :
801 1474 201 43 Rigolctto.
1025 1473 268 33 Mademoiselle
1321 1472 186 43 Tagliana,
1536 1473 47 32 M.
1612 1473 104 34 Villa.
1742 1475 33 30 Il
1804 1474 213 34 Trovatore.
2043 1477 267 32 Mademoiselle

626 1531 145 38 Krauss,
797 1529 84 30 MM.
905 1528 138 32 Padilla
1065 1534 34 25 et
1119 1527 174 44 Brignoli.
1312 1527 54 32 La
1389 1527 189 33 Traviata.
1602 1528 116 32 Début
1739 1529 43 31 de
1806 1530 270 32 mademoiselle
2093 1531 216 32 Heilbronn.

687 1583 310 36 OPÉRA-COMIQUE
1014 1593 8 21 :
1048 1582 163 32 Richard
1237 1581 292 32 Cœur-de-Lion.
1554 1584 46 30 Le
1625 1582 101 33 livret
1747 1590 33 25 et
1801 1583 30 32 la
1853 1583 184 43 partition.
2062 1585 247 43 (Autographe

626 1638 42 31 de
690 1638 161 40 Grétry.)
872 1637 85 31 MM.
980 1636 255 32 Melchissédec
1255 1642 34 25 et
1312 1635 205 33 Duchesne.

1016 1782 185 26 TALIENS.
1282 1768 225 41 Jeudil6
1522 1769 190 40 octobre.
1719 1769 176 41 —Cette
1911 1771 335 53 représentation
2260 1773 50 39 de

1017 1842 222 51 Rigoletto
1256 1840 142 39 aurait
1414 1841 63 38 été
1493 1841 82 40 fort
1594 1851 391 43 compromettante
2000 1856 107 40 pour
2119 1844 38 39 la
2172 1844 115 40 direc-

1017 1913 108 44 tion,
1157 1912 33 38 si
1223 1912 77 40 elle
1330 1912 117 40 n'eût
1472 1912 81 39 mis
1575 1926 52 26 en
1663 1912 139 54 pleine
1827 1913 182 41 lumière
2039 1914 38 40 le
2098 1915 134 40 talent
2260 1916 51 39 de

1019 1985 62 39 M.
1119 1984 174 46 Padilla,
1338 1985 157 52 chargé
1526 1984 59 39 du
1619 1986 87 39 rôle
1743 1985 59 39 du
1845 1986 195 40 bouffon.
2081 1987 56 40 Le
2171 1989 138 52 ténor,

1019 2057 62 39 M.
1099 2056 128 50 Villa,
1249 2055 67 40 n'a
1348 2055 123 53 point
1493 2057 64 38 été
1575 2058 143 50 goûté,
1745 2070 86 26 non
1856 2058 96 52 plus
1975 2071 82 39 que
2077 2060 205 40 mademoi-

1017 2128 97 40 selle
1138 2127 207 52 Tagliana
1379 2128 77 51 qui
1480 2128 194 40 chantait
1695 2128 144 40 Gilda.
1872 2129 62 40 M.
1957 2130 112 41 Villa
2093 2131 66 40 n'a
2185 2132 45 39 ni
2252 2132 59 39 les

586 2213 177 40 moyens
786 2201 45 39 ni
853 2201 37 40 le
909 2208 74 33 ton
1002 2200 143 53 requis
1167 2213 76 40 par
1263 2199 38 41 le
1322 2211 263 41 personnage
1618 2199 57 39 du
1706 2201 82 38 duc
1821 2201 50 39 de
1901 2201 223 40 Mantoue.
2157 2203 120 40 Made-

586 2274 193 39 moiselle
805 2274 211 52 Tagliana
1040 2273 146 52 s'agite
1207 2272 251 40 vainement
1481 2286 111 40 pour
1611 2272 164 41 donner
1801 2274 57 39 du
1879 2287 119 41 corps
2019 2278 23 36 à
2069 2289 62 26 un
2153 2276 89 41 filet
2258 2277 52 40 de

584 2347 98 39 voix
698 2349 162 51 trempé
879 2347 106 39 dans
1004 2360 59 25 un
1086 2345 88 40 filet
1195 2345 49 40 de
1264 2346 208 52 vinaigre.
1499 2345 35 40 Il
1557 2360 28 39 y
1605 2345 143 41 aurait
1768 2346 49 40 de
1839 2347 39 39 la
1898 2350 179 37 cruauté
2098 2352 22 36 à
2140 2349 169 41 insister

585 2432 72 26 sur
684 2419 58 39 les
774 2419 165 39 défauts
962 2418 51 40 de
1038 2418 39 40 la
1107 2418 235 39 débutante
1362 2417 75 53 qui
1459 2425 61 32 est
1544 2417 130 40 d'une
1695 2420 184 39 extrême
1899 2419 204 53 jeunesse,
2129 2429 40 32 et
2190 2422 76 53 qui
2286 2436 22 26 a

583 2492 157 40 devant
758 2491 74 41 elle
856 2506 60 26 un
936 2492 103 52 long
1059 2490 148 42 avenir
1237 2503 110 41 pour
1368 2490 196 54 acquérir
1585 2504 75 40 par
1679 2491 158 41 l'étude
1866 2506 44 26 ce
1931 2506 83 40 que
2034 2494 63 40 lui
2120 2508 23 27 a
2172 2495 137 40 refusé

584 2565 40 39 la
652 2572 167 32 nature.

637 2704 194 51 Samedi,
857 2702 56 41 18
935 2704 173 40 octobre
1114 2735 8 7 .
1218 2704 58 38 Le
1306 2703 240 41 Trovatore
1567 2718 21 26 a
1609 2706 63 38 été
1694 2705 40 39 la
1756 2705 210 40 revanche
1992 2706 49 39 de
2057 2707 245 53 Rigoletto.

585 2776 114 40 C'est
719 2775 320 40 mademoiselle
1062 2775 161 38 Krauss
1245 2781 41 33 et
1305 2774 38 39 le
1373 2775 184 53 baryton
1582 2775 162 40 Padilla
1763 2777 75 52 qui
1860 2785 75 33 ont
1959 2780 174 51 partagé
2154 2779 37 40 le
2213 2793 71 26 suc-

584 2851 66 36 cès
671 2848 50 39 de
741 2847 40 39 la
797 2846 146 40 soirée.

640 2919 165 54 Depuis
826 2919 207 40 l'ovation
1054 2918 291 42 enthousiaste
1362 2920 133 53 qu'on
1517 2933 22 26 a
1561 2919 99 41 faite
1678 2925 23 36 à
1715 2920 40 41 la
1778 2921 163 40 Krauss
1958 2922 107 41 dans
2096 2936 75 27 son
2197 2925 109 39 beau

585 2993 88 39 rôle
690 2993 50 38 de
764 2991 210 51 Léonora,
998 2990 30 40 il
1050 3005 41 26 se
1104 3004 119 41 passe
1244 3005 55 26 au
1321 2990 117 54 foyer
1458 2991 59 40 du
1535 2991 361 43 Théâtre-Italien
1917 2994 72 40 des
2010 2995 127 54 petits
2165 2998 116 38 manè-

585 3078 71 39 ges
679 3062 96 40 bien
805 3062 291 54 réjouissants.
1124 3064 80 38 Les
1227 3064 221 53 narquois,
1472 3077 106 27 ceux
1599 3064 76 54 qui
1699 3064 232 42 hochaient
1952 3066 39 40 la
2013 3069 83 38 tête
2119 3081 99 28 avec
2238 3070 70 39 des

586 3135 184 41 sourires
804 3149 82 25 aux
911 3134 153 40 débuts
1102 3135 49 39 de
1183 3135 39 39 la
1258 3136 179 52 Krauss,
1472 3136 31 40 il
1536 3150 28 39 y
1582 3151 22 26 a
1627 3136 166 41 bientôt
1814 3138 99 54 cinq
1936 3153 90 39 ans,
2050 3154 42 27 se
2122 3142 189 53 pendent

584 3207 263 53 aujourdhui
869 3209 22 36 à
908 3220 75 25 vos
1004 3207 180 53 basques
1207 3221 110 40 pour
1332 3221 107 27 vous
1457 3210 192 52 rappeler
1670 3210 127 53 qu'ils
1812 3219 77 32 ont
1908 3212 59 40 les
1987 3214 205 52 premiers
2217 3215 72 53 pré-

584 3279 62 39 dit
667 3279 37 39 le
726 3278 136 54 grand
883 3279 147 39 avenir
1055 3279 49 39 de
1132 3286 105 33 cette
1274 3281 161 39 artiste.
1474 3281 36 39 Il
1543 3290 61 31 est
1631 3281 33 40 si
1697 3281 83 40 dur
1815 3283 203 41 d'avouer
2040 3285 273 42 maintenant

584 3351 164 53 qu'une
772 3351 97 41 telle
901 3351 228 40 cantatrice
1161 3352 67 39 n'a
1261 3365 73 40 pas
1353 3354 64 39 été
1446 3354 212 53 comprise
1680 3361 40 33 et
1746 3355 175 54 adoptée
1948 3356 225 42 d'emblée!
2203 3359 83 39 Pen-

584 3423 103 40 dant
710 3436 76 27 son
807 3422 289 53 éloignement
1116 3423 57 39 du
1195 3424 391 54 Théâtre-Italien,
1609 3426 40 40 la
1672 3427 163 40 Krauss
1858 3441 21 26 a
1902 3429 196 39 travaillé
2115 3443 152 27 encore
2289 3435 23 35 à

585 3497 149 51 épurer
762 3509 75 26 son
859 3496 129 39 chant
1009 3502 40 33 et
1070 3509 76 26 son
1172 3495 70 54 jeu
1258 3509 10 40 ;
1291 3497 78 40 elle
1399 3510 109 27 nous
1541 3499 162 40 revient
1727 3499 222 54 complète,
1973 3502 334 53 incomparable,
