2629 4178
1010 495 75 38 LA
1117 486 379 49 CHRONIQUE
1529 482 312 42 MUSICALE

558 499 55 56 98

556 644 49 39 de
621 643 54 49 ci,
698 642 48 40 de
764 643 55 46 là,
844 649 118 31 toute
985 639 39 38 la
1046 635 119 40 nuit?
1249 628 243 56 Rossignol,
1515 630 25 38 ô
1555 624 227 54 rossignol,
1799 636 104 27 mon
1922 623 108 38 beau
2054 620 208 39 chanteur
2276 621 5 35 î

624 717 133 38 Es-tu
777 714 108 39 donc
910 710 283 40 malheureux
1215 717 168 28 comme
1404 703 115 40 moi?
1543 701 59 39 La
1626 698 98 41 nuit
1745 698 181 40 t'écoute
1944 710 10 33 ;
1979 695 12 38 1
2009 693 73 40 œil
2105 693 108 52 noyé
2236 690 51 39 de

555 790 155 39 larmes
733 799 52 26 ne
806 798 41 26 se
870 784 179 39 fermera
1073 794 74 40 pas
1166 778 97 41 d'ici
1287 792 55 26 au
1366 776 137 40 matin
1683 772 119 39 Dans
1821 769 39 39 la
1882 767 96 40 nuit
2001 766 24 38 d
2043 765 120 39 hiver
2185 763 13 39 1
2216 776 47 25 an-

554 873 112 27 neau
689 857 66 41 fut
777 856 82 40 mis
881 869 56 26 au
966 853 138 53 doigt,
1137 851 98 55 puis
1262 851 94 40 s'est
1380 848 127 41 brisé.
1533 847 56 39 Et
1610 845 114 41 voilà
1745 856 58 40 qu
1823 855 55 26 au
1901 839 237 55 printemps
2161 851 26 23 a
2205 849 52 25 au-

550 930 233 55 jourd'hui,
807 942 71 27 ma
900 927 106 41 belle
1040 940 65 26 me
1136 924 193 41 désaime
1334 954 63 9 ....
1421 921 84 39 »Je
1528 917 165 43 traduis
1713 913 305 43 littéralement
2044 910 70 40 :le
2133 915 92 32 mot
2262 920 22 25 a

552 1005 66 39 été
648 1002 147 41 oublié
828 1001 106 40 dans
966 1008 122 31 notre
1118 995 298 50 dictionnaire,
1452 991 192 55 quoique
1674 988 39 40 la
1747 987 124 40 chose
1901 997 52 27 ne
1987 990 81 32 soit
2095 994 74 40 pas
2190 987 95 44 trop

552 1078 219 51 étrangère
794 1078 23 36 à
840 1087 77 27 nos
939 1086 180 26 mœurs.

611 1150 59 39 Le
690 1147 107 55 style
819 1146 182 41 musical
1023 1141 184 42 suffirait
1226 1145 21 35 à
1267 1139 203 52 indiquer
1491 1148 85 42 que
1595 1148 44 26 ce
1661 1147 28 26 n
1706 1141 61 31 est
1789 1145 74 40 pas
1886 1142 85 27 une
1994 1127 194 41 chanson
2213 1136 48 40 po-

554 1222 182 54 pulaire,
760 1219 109 41 mais
897 1231 85 27 une
1015 1227 197 29 romance
1234 1213 50 39 de
1314 1211 133 40 salon.
1474 1209 92 39 Elle
1587 1208 95 38 date
1701 1206 26 38 d
1746 1217 85 27 une
1852 1200 211 42 trentaine
2088 1199 26 39 d
2130 1197 157 40 années

553 1309 55 26 au
627 1293 164 47 moins;
819 1291 38 40 le
877 1289 292 53 compositeur
1190 1283 185 41 Alabiefi
1397 1281 68 40 n'a
1487 1279 118 53 écrit,
1625 1278 37 54 je
1681 1276 122 50 crois,
1829 1288 57 39 qu
1905 1287 52 26 en
1988 1286 44 26 ce
2056 1284 143 40 genie.
2227 1269 59 38 Le

551 1367 176 39 Solovéï
745 1371 60 33 est
826 1366 82 37 très
929 1374 146 27 connu
1095 1360 71 39 des
1190 1357 211 40 virtuoses
1437 1364 256 41 voyageurs,
1716 1347 265 51 violonistes,
2002 1343 206 55 pianistes
2229 1354 56 25 ou

552 1437 250 39 chanteurs.

608 1509 119 40 Liszt
747 1522 23 26 a
791 1506 200 54 composé
1016 1517 84 28 une
1122 1500 198 42 fantaisie
1338 1513 74 27 sur
1430 1511 44 26 ce
1500 1493 220 43 thème-là.
1747 1493 62 40 La
1835 1492 162 50 Sontag
2018 1495 74 44 est,
2119 1486 164 50 dit-on,

549 1582 39 40 la
609 1580 209 54 première
839 1578 161 40 d'entre
1028 1576 59 40 les
1108 1575 99 40 dive
1229 1570 299 55 cosmopolites
1548 1567 77 55 qui
1649 1566 59 40 ait
1730 1565 153 53 adopté
1905 1564 37 39 le
1964 1561 178 41 Solovéï
2151 1590 9 21 ,
2183 1571 51 26 en
2256 1571 28 39 y

548 1655 198 54 ajoutant
769 1652 71 40 des
861 1648 240 42 variations
1130 1646 236 41 brillantes.
1399 1643 200 40 Madame
1623 1638 184 41 Pauline
1827 1635 182 42 Viardot
2029 1634 64 39 lui
2130 1630 157 56 prêtait

549 1741 76 27 son
650 1725 133 54 grand
803 1725 105 52 style
930 1730 40 31 et
997 1719 115 42 avait
1131 1719 217 40 d'ailleurs
1369 1723 95 33 tout
1483 1726 61 29 un
1566 1710 227 56 répertoire
1813 1709 50 40 de
1886 1708 218 39 chansons
2126 1716 156 27 russes.

553 1801 59 40 La
634 1800 113 40 Patti
765 1797 54 40 Pa
837 1796 63 40 dit
921 1794 112 41 aussi
1055 1793 100 40 bien
1175 1792 71 40 des
1262 1790 95 40 fois.
1380 1789 60 40 La
1463 1787 179 40 Nilsson
1663 1784 160 54 préfère
1843 1782 182 40 chanter
2046 1779 13 39 1
2075 1779 127 52 Ange
2209 1810 8 17 ,
2236 1776 50 39 de

547 1869 253 52 Varlamoff,
825 1877 40 31 et
899 1880 53 27 ne
985 1879 41 27 se
1063 1864 77 41 fait
1175 1877 75 40 pas
1284 1862 130 54 prier,
1439 1860 106 40 dans
1580 1858 57 39 les
1672 1862 191 34 concerts
1900 1861 40 32 et
1967 1865 58 26 les
2055 1850 154 40 soirées
2236 1848 50 39 de

550 1941 449 50 Saint-Pétersbourg,
1021 1950 110 42 pour
1152 1935 149 41 enfiler
1324 1947 61 26 un
1407 1931 193 54 chapelet
1621 1930 49 39 de
1693 1939 221 29 romances
1935 1937 153 27 russes.

605 2017 193 52 Puisque
820 2026 111 27 nous
949 2025 53 26 en
1018 2022 183 28 sommes
1223 2020 84 27 aux
1329 2018 227 28 morceaux
1577 2001 156 41 favoris
1755 2000 72 39 des
1839 1997 148 55 prime
2005 1996 156 52 donne,
2176 1994 81 40 don-

549 2103 110 27 nons
693 2102 53 26 en
776 2084 202 54 musique
1014 2083 39 39 la
1092 2082 309 39 chansonnette
1435 2077 178 52 adoptée
1653 2086 75 42 par
1760 2079 107 33 cette
1900 2081 217 41 gracieuse
2152 2066 128 41 Bosio

547 2163 91 54 qui,
664 2166 23 35 à
708 2159 122 55 peine
851 2164 203 33 entrevue
1074 2157 24 37 à
1129 2153 138 51 Paris,
1291 2150 137 41 s'était
1451 2149 73 39 fait
1548 2148 149 39 adorer
1719 2150 23 35 à
1761 2142 455 50 Saint-Pétersbourg,
2241 2147 45 31 et

545 2250 28 40 y
594 2236 67 40 fut
682 2234 111 50 tuée,
821 2244 55 26 au
898 2229 153 40 détour
1072 2227 50 40 de
1146 2240 61 26 ses
1230 2224 204 55 premiers
1454 2220 254 54 triomphes,
1735 2232 76 39 par
1834 2230 60 26 un
1916 2217 149 38 traître
2087 2227 111 39 coup
2234 2212 51 39 de

546 2317 101 30 vent
680 2303 162 56 glacial.
884 2302 70 40 On
987 2300 63 41 lui
1083 2299 50 40 fît
1166 2299 72 39 des
1268 2295 248 42 funérailles
1545 2292 148 53 dignes
1715 2290 129 39 d'une
1870 2285 409 55 grande-duchesse.

548 2380 120 40 Cette
693 2377 139 40 riante
862 2382 151 33 nature
1046 2371 189 42 d'artiste
1267 2369 117 41 avait
1421 2366 152 52 choisi,
1608 2376 167 28 comme
1808 2376 56 26 on
1896 2373 157 42 pourra
2086 2358 110 52 voir,
2220 2370 61 27 un

547 2453 152 52 joyeux
722 2448 128 42 motif
874 2460 74 28 sur
968 2444 143 55 lequel
1132 2443 79 40 elle
1230 2441 171 42 brodait
1421 2447 121 33 toute
1564 2444 111 33 sorte
1695 2436 51 39 de
1764 2433 202 55 caprices.

605 2525 60 40 Le
699 2521 167 42 Krasni
896 2518 224 55 Sarafane
1142 2517 106 53 (mot
1268 2519 24 35 à
1313 2521 91 33 mot
1427 2528 17 23 «
1462 2512 100 39 robe
1585 2521 188 40 rouge»,
1791 2507 102 40 robe
1914 2505 50 40 de
1987 2516 219 40 noces,car
2228 2502 57 40 les

551 2597 179 41 mariées
753 2594 51 40 de
824 2605 236 41 campagne
1083 2597 77 33 ont
1189 2589 41 40 la
1258 2587 100 40 robe
1378 2598 132 38 rouge
1532 2591 39 32 et
1592 2582 37 39 le
1658 2580 228 52 diadème),
1925 2579 40 39 la
1987 2576 226 52 Sarafane
2236 2573 49 41 de

550 2665 240 46 Varlamoff
807 2672 61 33 est
901 2662 230 56 peut-être,
1157 2673 99 27 avec
1284 2659 37 40 le
1343 2658 177 39 Solovéï
1551 2652 246 52 d'Alabieff,
1818 2652 38 39 la
1878 2650 98 54 plus
2009 2661 171 28 connue
2214 2646 71 40 des

552 2743 212 39 chansons
794 2750 154 28 russes.
1049 2735 119 39 Dans
1190 2733 38 39 le
1251 2730 127 41 ballet
1399 2727 196 41 viennois
1616 2726 50 39 de
1686 2724 130 42 Plick
1838 2730 40 33 et
1902 2721 141 41 Plock
2050 2753 8 20 ,
2082 2720 32 39 il
2135 2733 66 39 ya
2224 2732 60 26 un

551 2812 235 43 intermède
807 2815 57 35 où
895 2809 58 39 les
976 2805 260 55 principales
1259 2802 174 41 nations
1455 2808 98 31 sont
1573 2796 304 56 personnifiées
1899 2807 76 41 par
1996 2806 84 27 une
2102 2794 121 37 scène
2245 2799 41 31 et

552 2901 62 26 un
636 2899 74 41 pas
729 2879 380 53 caractéristiques,
1133 2875 142 42 tandis
1304 2886 85 42 que
1421 2871 244 42 l'orchestre
1700 2869 96 54 joue
1818 2881 60 26 un
1900 2866 63 40 air
1983 2866 58 39 du
2067 2878 102 40 pays
2188 2876 9 39 ;
2216 2862 45 40 di-

549 2973 98 27 sons
668 2972 53 26 en
744 2962 170 48 passant
936 2965 83 41 que
1041 2951 37 40 le
1099 2947 224 43 librettiste
1345 2944 215 42 allemand
1583 2958 23 25 a
1627 2956 54 27 eu
1703 2942 38 40 le
1763 2942 85 39 bon
1867 2942 105 50 goût
1994 2939 49 39 de
2065 2938 194 53 représen-

550 3041 64 32 ter
630 3032 40 39 la
687 3030 165 40 France
873 3039 77 41 par
970 3037 85 28 une
1077 3025 120 37 scène
1218 3028 40 33 et
1279 3033 59 26 un
1356 3018 64 41 air
1441 3018 50 39 de
1514 3015 196 51 Mabille*,
1735 3014 97 53 plus
1867 3010 189 42 courtois
2079 3022 148 28 enveis
2244 3008 40 40 la

555 3103 171 51 Russie,
748 3116 58 26 on
828 3099 114 42 avait
964 3096 133 42 choisi
1115 3096 37 39 le
1174 3093 242 54 Sarafane.

610 3178 83 39 Par
722 3176 37 39 le
783 3172 122 55 sujet,
930 3173 37 39 le
988 3169 228 53 Sarafane
1251 3180 52 26 ne
1332 3165 147 40 diffère
1509 3175 74 42 pas
1616 3161 306 40 sensiblement
1942 3157 131 42 d'une
2092 3156 194 40 chanson

554 3247 240 57 populaire,
826 3253 42 32 et
904 3243 37 55 je
972 3255 53 27 ne
1046 3241 128 40 serais
1195 3253 75 41 pas
1300 3238 154 41 étonné
1476 3249 83 41 que
1580 3234 90 40 c'en
1693 3233 65 41 fût
1780 3240 95 33 tout
1896 3231 275 54 simplement
2202 3239 85 28 une

550 3335 134 41 qu'on
706 3318 141 43 aurait
868 3331 61 27 un
962 3330 82 40 peu
1068 3313 205 41 rhabillée
1302 3317 22 35 à
1347 3312 39 40 la
1411 3309 202 42 moderne
1650 3320 109 41 pour
1791 3306 39 40 la
1856 3306 216 53 présenter
2103 3303 103 39 dans
2230 3301 58 38 les

550 3397 160 40 salons.

609 3469 61 40 La
692 3467 150 42 fillette
864 3462 134 57 prend
1028 3460 174 42 d'abord
1222 3458 40 43 la
1292 3456 144 57 parole
1461 3474 8 23 :
1505 3471 17 24 «
1548 3454 68 41 Ne
1636 3466 107 29 vous
1771 3452 121 41 hâtez
1924 3464 91 40 pas,
2049 3461 70 27 ma
2152 3448 131 47 mère,
