2629 4178
1023 430 76 39 LA
1131 427 381 50 CHRONIQUE
1549 429 312 41 MUSICALE

584 446 78 40 144

576 578 193 35 Fromont
786 588 9 35 ;
822 588 52 23 un
902 573 217 49 ingénieux
1150 571 326 38 divertissement
1504 572 97 37 dans
1627 573 146 48 lequel,
1799 586 40 24 se
1862 581 224 30 souvenant
2117 584 78 37 que
2215 584 93 25 sous

575 637 57 36 les
653 649 110 24 murs
785 635 209 36 d'Orléans
1030 633 58 35 les
1117 631 151 37 soldats
1287 631 168 51 français
1484 633 159 35 avaient
1673 633 163 49 parodié
1856 633 37 37 la
1918 642 107 28 mort
2044 634 48 36 de
2113 633 196 48 l'Anglais

575 703 220 46 Salisbury,
820 699 174 38 Gounod
1017 711 22 24 a
1061 698 192 36 intercalé
1275 710 55 24 un
1369 699 47 37 de
1443 711 62 25 ses
1521 700 219 47 fragments
1774 700 323 48 symphoniques
2114 700 164 38 intitulé
2297 710 7 26 :

575 764 60 35 La
661 764 113 35 Mort
794 761 115 36 d'une
929 759 272 37 Marionnette
1221 774 7 7 •
1249 765 91 30 tout
1357 767 197 30 concourt
1579 763 20 33 à
1622 760 97 37 faire
1753 760 48 37 de
1823 760 37 37 la
1878 761 153 37 Jeanne
2053 760 123 38 d'Arc
2182 791 8 18 ,
2221 764 21 33 à
2270 760 37 35 la

577 823 129 47 Gaîté,
728 834 55 24 un
806 822 239 36 événement
1067 819 209 48 artistique
1294 827 39 29 et
1349 820 169 36 musical
1551 820 307 49 d'importance.

623 936 353 40 Menus-Plaisirs.
1056 934 301 38 Mademoiselle
1375 935 99 50 Silly
1486 943 60 29 est
1564 936 173 49 engagée
1759 947 78 25 aux
1854 936 339 36 Menus-Plaisirs
2209 947 104 37 pour

578 1000 109 37 créer
708 999 37 36 le
771 997 197 50 principal
989 996 85 37 rôle
1095 996 47 36 de
1164 995 37 37 la
1223 996 174 49 Liqueur
1419 997 84 35 d'or
1507 1023 9 17 ,
1542 997 36 36 la
1598 996 192 38 nouvelle
1817 997 179 48 opérette
2015 997 49 36 de
2085 997 106 36 MM.
2216 997 75 35 Bus-

578 1061 117 47 nach,
719 1059 135 38 Liorat
874 1066 40 30 et
937 1059 177 35 Laurent
1134 1056 48 36 de
1204 1057 117 36 Rillé.

630 1122 77 36 Les
729 1127 133 29 autres
882 1118 105 37 rôles
1003 1124 73 38 opt
1097 1116 61 37 été
1179 1115 217 37 distribués
1420 1119 21 33 à
1465 1117 183 36 madame
1671 1119 325 47 Matz-Ferrare;
2019 1119 105 38 MM.
2147 1117 165 48 Milher,

578 1181 165 46 Tissier,
769 1177 256 48 Dubouchet,
1045 1183 73 30 etc.

630 1242 55 35 La
707 1239 195 49 première
938 1235 320 50 représentation
1277 1236 47 35 de
1352 1234 35 37 la
1410 1235 177 50 Liqueur
1608 1237 83 35 d'or
1711 1248 96 25 aura
1827 1237 82 36 lieu
1930 1249 89 26 vers
2039 1238 38 36 le
2097 1238 139 38 milieu
2255 1239 55 36 du

579 1301 102 36 mois
696 1298 213 49 prochain.

631 1421 175 37 Concert
837 1418 244 49 Pasdeloup.
1166 1417 277 37 L'abondance
1463 1416 68 37 des
1554 1416 188 38 matières
1763 1430 104 25 nous
1889 1432 21 24 a
1932 1419 192 48 empêché
2155 1421 48 36 de
2222 1432 71 25 ren-

582 1482 67 36 dre
667 1487 160 42 compte
847 1479 46 36 de
916 1479 36 36 la
973 1479 262 36 réouverture
1263 1477 69 36 des
1362 1477 192 37 Concerts
1571 1478 227 49 Pasdeloup
1817 1491 50 24 au
1886 1479 152 49 Cirque
2059 1480 183 39 d'Hiver.

632 1543 53 35 Le
724 1538 312 50 compte-rendu
1058 1540 48 34 de
1141 1549 64 25 ces
1237 1538 162 35 séances
1420 1538 31 35 si
1480 1538 287 37 intéressantes
1785 1551 23 23 a
1836 1552 42 24 sa
1896 1541 110 47 place
2029 1542 166 47 marqué
2217 1541 99 37 dans

579 1604 36 35 la
640 1601 231 50 Chronique
905 1597 190 38 musicale
1101 1628 8 16 ,
1132 1606 38 29 et
1192 1609 72 25 nos
1284 1598 173 36 lecteurs
1478 1598 53 49 l'y
1549 1605 241 31 trouveront
1824 1600 315 49 régulièrement
2173 1601 118 38 désor-

581 1662 111 35 mais.

1190 1732 108 36 Pour
1326 1729 167 39 l'article
1536 1731 123 37 Varia
1688 1745 11 23 :

1257 1809 54 37 Le
1348 1810 230 37 Secrétaire
1612 1810 46 37 de
1681 1810 36 36 la
1738 1811 233 48 Rédaction,

1642 1889 54 39 O.
1725 1889 67 35 LE
1833 1890 229 39 TRIOUX.

1070 3265 419 43 Propriétaire-Gérant
1517 3279 9 23 :
1896 3267 271 33 HEULHo4
2176 3266 11 18 c
2188 3266 36 40 K
2227 3265 10 16 <
2238 3265 45 32 D.

904 3432 113 36 Fans.
1100 3428 227 46 Imprimerie
1346 3427 243 44 Alcan-Lévy,
1611 3438 63 23 rue
1694 3429 43 31 de
1759 3427 190 43 Latayette,
1970 3424 56 35 61.
