2629 4178
1091 459 75 39 LA
1197 457 378 48 CHRONIQUE
1609 459 312 40 MUSICALE
1956 487 16 5 -

634 470 78 28 122

630 604 241 41 tristement
891 619 41 26 sa
952 623 17 19 «
985 619 162 39 pauvre
1163 605 168 52 femme,
1349 619 83 40 que
1448 614 48 33 tu
1515 619 42 26 es
1575 607 183 50 malade,
1777 620 98 26 sans
1896 607 87 39 cela
2000 615 74 31 ton
2094 606 130 53 esprit
2243 607 90 38 n'ac-

631 694 17 20 «
673 680 197 52 cepterait
892 692 72 40 pas
987 692 85 26 une
1093 680 92 38 idée
1206 680 114 39 aussi
1342 681 188 51 étrange.
1557 696 16 20 »
1601 680 193 40 Voulant
1819 680 163 39 donner
2005 694 61 25 un
2090 689 120 30 autre
2233 693 123 26 cours

629 755 22 34 à
674 764 61 24 ses
754 751 188 52 pensées,
968 751 77 40 elle
1069 752 148 39 enleva
1245 753 38 38 le
1304 753 208 52 Requiem
1540 752 153 53 qu'elle
1725 753 145 38 cacha.
1907 752 105 40 Vers
2044 765 44 26 ce
2116 760 154 45 temps,
2298 751 58 40 les

628 822 332 57 francs-maçons
990 824 61 39 lui
1087 825 308 40 demandèrent
1427 838 84 27 une
1538 832 171 32 cantate
1732 824 106 53 qu'il
1865 825 185 40 termina
2073 837 52 26 en
2149 824 208 53 quelques

622 896 124 49 jours
768 902 41 32 et
833 899 22 35 à
880 896 259 42 l'exécution
1161 897 51 39 de
1248 897 185 53 laquelle
1455 897 31 39 il
1517 897 161 39 assista.
1715 897 180 39 Revenu
1919 897 100 39 chez
2038 895 78 51 lui,
2141 895 30 39 il
2191 896 62 39 dit
2273 900 22 34 à
2314 910 44 25 sa

627 965 156 41 femme
800 982 6 25 :
830 983 16 21 «
865 968 38 41 O
920 982 69 27 ma
1010 969 121 41 chère
1146 970 239 41 Constance
1410 974 15 48 (
1430 970 223 55 Stan^erl)
1674 983 64 26 ces
1754 969 265 54 gaillards-là
2039 976 96 33 sont
2151 969 113 47 fous;
2288 967 68 54 j'ai

632 1054 16 22 «
671 1052 75 27 cru
769 1040 105 53 qu'il
902 1041 175 41 allaient
1111 1042 147 53 perdre
1290 1043 38 39 la
1361 1044 81 38 tête
1473 1045 118 50 après
1622 1042 116 40 avoir
1765 1042 187 40 entendu
1982 1056 68 25 ma
2082 1047 182 34 cantate.
2292 1040 66 39 Ne

630 1126 19 23 or
673 1112 139 53 sais-je
831 1127 73 39 pas
925 1127 84 40 que
1030 1113 67 52 j'ai
1117 1114 103 39 écrit
1240 1113 50 40 de
1312 1114 98 39 bien
1436 1114 240 39 meilleures
1699 1114 144 39 choses
1864 1116 14 37 ?
1892 1113 46 40 Je
1961 1113 96 40 n'en
2074 1112 75 40 fais
2172 1125 73 41 pas
2261 1112 97 53 plus

632 1200 14 21 «
672 1184 50 39 de
744 1199 67 25 cas
837 1199 83 40 que
935 1186 51 39 de
1004 1200 66 25 ma
1092 1186 207 53 première
1320 1186 272 53 production.
1615 1202 16 21 »
1723 1186 71 39 On
1817 1187 139 39 aurait
1975 1186 64 39 dit
2059 1199 82 40 que
2165 1192 64 32 cet
2252 1184 86 40 inci-

626 1256 101 39 dent
748 1257 61 39 lui
832 1258 116 39 avait
969 1259 138 38 rendu
1125 1258 37 40 le
1184 1272 184 38 courage
1387 1266 40 32 et
1455 1272 83 39 que
1560 1272 76 26 son
1658 1259 130 53 esprit
1810 1259 103 39 était
1933 1259 106 39 dans
2072 1258 50 38 de
2159 1257 175 39 meilleu-

629 1341 64 26 res
715 1328 261 42 conditions.
1007 1346 13 21 «
1058 1330 49 39 Je
1128 1331 92 38 vois
1251 1330 115 51 bien,
1391 1330 248 53 ajouta-t-il,
1679 1345 83 38 que
1801 1344 101 26 mon
1925 1330 290 52 imagination
2245 1329 113 39 seule

628 1413 19 26 «
681 1400 106 39 était
801 1401 181 50 malade,
1001 1415 69 25 car
1090 1402 35 52 je
1149 1416 66 25 me
1234 1414 93 26 sens
1344 1411 96 31 tout
1457 1407 21 33 à
1497 1402 74 40 fait
1593 1402 113 42 bien.
1730 1402 268 40 Donne-moi
2017 1415 102 26 mon
2133 1402 223 52 Requiem,

634 1486 12 20 «
684 1472 132 52 qu'ils
836 1472 140 41 disent
995 1487 43 26 ce
1070 1474 129 53 qu'ils
1239 1475 234 51 voudront,
1498 1488 44 25 ce
1571 1488 89 26 sera
1695 1488 101 26 mon
1833 1474 326 40 chef-d'œuvre.
2189 1490 12 20 »
2248 1473 111 40 Mais

626 1557 76 26 son
724 1545 131 40 heure
876 1545 104 40 était
997 1548 202 51 marquée
1217 1552 39 33 et
1278 1547 33 38 il
1334 1548 194 38 retomba
1552 1547 167 40 bientôt
1742 1547 105 40 dans
1883 1560 61 26 ses
1973 1547 112 39 idées
2123 1546 205 39 funèbres
2347 1559 9 34 ;

625 1629 63 27 ses
724 1616 131 40 forces
898 1616 295 42 diminuèrent
1232 1618 270 54 rapidement
1524 1627 39 33 et
1585 1619 30 39 il
1636 1633 42 25 se
1700 1619 80 40 mit
1803 1633 54 25 au
1893 1618 51 40 lit
1970 1632 109 39 pour
2108 1631 53 26 ne
2201 1618 98 53 plus
2323 1617 36 39 le

625 1689 162 52 quitter
824 1689 170 43 vivant.
1043 1689 222 54 Quelques
1304 1691 153 38 heures
1479 1699 128 32 avant
1627 1705 43 25 sa
1689 1700 127 41 mort,
1841 1691 31 39 il
1906 1690 210 39 demanda
2155 1703 78 26 son
2268 1690 58 38 Re-

627 1760 142 54 quiem
791 1762 105 39 dont
918 1761 31 40 il
978 1771 230 44 parcourut
1228 1762 58 40 les
1310 1775 140 41 pages,
1471 1774 38 28 et
1532 1763 253 40 s'adressant
1812 1767 22 35 à
1857 1777 42 25 sa
1927 1763 154 39 femme
2099 1775 8 28 :
2133 1778 16 21 «
2176 1762 66 39 Ne
2264 1760 76 41 t'ai-

632 1848 13 20 «
679 1832 37 51 je
739 1846 73 40 pas
842 1832 79 54 dit,
945 1834 254 52 s'écria-t-il,
1224 1848 83 40 que
1339 1835 141 40 c'était
1505 1849 108 39 pour
1650 1835 87 39 moi
1760 1849 84 39 que
1872 1834 36 54 je
1942 1834 241 40 l'écrivais?
2207 1853 17 15 *
2323 1834 35 38 Il

627 1906 113 39 avait
762 1907 158 39 avancé
947 1921 76 25 son
1046 1908 153 40 travail
1225 1907 171 54 jusqu'à
1417 1908 40 40 la
1478 1908 62 40 fin
1566 1909 58 39 du
1667 1910 276 52 Lacrymosa
1952 1941 8 20 ,
1985 1916 39 32 et
2051 1908 58 39 les
2132 1915 111 32 mots
2266 1907 62 38 Fa-

627 1990 111 38 ceas,
761 1979 200 51 Domine,
979 1981 191 38 transire
1192 1981 58 39 ad
1267 1980 145 51 vitam,
1433 1980 144 40 furent
1592 1981 57 39 les
1671 1980 191 40 derniers
1879 1988 167 31 accents
2063 1979 107 53 qu'il
2189 1980 166 48 exhala,

626 2049 59 39 les
707 2049 212 40 dernières
936 2050 258 53 aspirations
1213 2052 130 39 d'une
1361 2055 95 36 âme
1479 2066 72 25 sur
1573 2055 37 36 le
1633 2052 123 52 point
1774 2053 48 38 de
1845 2065 41 26 se
1911 2051 182 40 délivrer
2116 2051 50 38 de
2186 2063 74 26 son
2285 2064 49 25 en-

626 2122 178 53 veloppe
840 2122 227 51 charnelle,
1092 2123 128 39 d'une
1257 2126 94 38 âme
1378 2127 116 50 prête
1515 2128 22 35 à
1577 2125 161 51 quitter
1760 2137 43 25 ce
1827 2123 156 39 monde
2005 2136 101 25 sans
2128 2122 229 50 entrailles,

627 2206 110 39 pour
759 2194 102 38 aller
883 2201 175 33 trouver
1077 2195 105 39 dans
1206 2209 84 25 une
1312 2204 119 30 autre
1458 2195 148 53 sphère
1626 2208 45 26 ce
1690 2194 155 52 qu'elle
1879 2194 176 39 chercha
2079 2206 52 26 en
2152 2192 102 40 vain
2286 2194 55 38 ici-

627 2265 348 42 bas.—Sentant
996 2280 41 25 sa
1057 2266 60 39 fin
1138 2267 251 54 approcher,
1415 2268 31 39 il
1467 2266 49 40 fit
1537 2267 170 54 appeler
1726 2281 61 25 un
1812 2266 87 39 ami
1921 2265 108 54 qu'il
2051 2264 164 53 jugeait
2234 2278 100 39 capa-

630 2336 65 40 ble
717 2337 219 40 d'achever
959 2352 78 26 son
1058 2352 161 38 œuvre,
1243 2347 40 33 et
1304 2340 104 52 qu'il
1432 2340 114 39 avait
1568 2340 75 38 fait
1662 2340 36 38 le
1720 2338 220 40 confident
1955 2338 50 39 de
2027 2350 62 26 ses
2113 2338 187 52 pensées.
2307 2361 52 3 —

627 2409 58 40 Ce
713 2409 63 40 fut
797 2413 23 35 à
844 2409 253 55 Sussmayer
1120 2411 60 54 (i)
1206 2412 106 52 qu'il
1344 2412 127 39 remit
1493 2424 78 26 son
1594 2411 206 54 Requiem
1838 2424 99 26 avec
1976 2423 62 26 ses
2060 2409 213 40 dernières
2296 2422 40 27 re-

626 2482 389 40 commandations.
1108 2483 112 41 C'est
1243 2492 95 32 tout
1360 2498 45 26 ce
1427 2498 84 39 que
1535 2484 170 40 Mozart
1735 2484 115 39 avait
1869 2487 23 35 à
1924 2483 164 52 léguer!
2108 2486 31 37 !!

684 2552 58 40 Le
765 2553 156 39 monde
943 2554 229 54 artistique
1206 2556 49 39 de
1288 2556 182 39 Munich
1492 2556 156 40 voulut
1669 2556 188 39 recevoir
1879 2556 37 39 la
1946 2568 135 26 veuve
2102 2554 51 40 de
2174 2555 185 39 l'auteur

625 2624 52 40 de
699 2626 99 39 Don
819 2625 117 40 Juan
959 2634 40 32 et
1020 2627 86 39 l'on
1128 2627 198 53 organisa
1348 2629 70 38 des
1444 2629 154 39 soirées
1622 2636 39 32 et
1682 2628 70 39 des
1785 2627 159 54 parties
1966 2641 51 25 en
2039 2639 77 28 son
2136 2626 217 40 honneur.

629 2696 112 40 Mais
774 2696 76 40 elle
882 2698 96 39 n'en
1010 2707 170 45 accepta
1218 2700 164 52 qu'une
1421 2700 98 39 chez
1559 2700 38 39 le
1639 2700 133 39 baron
1813 2700 49 38 de
1904 2699 57 41 H.
1997 2698 76 53 qui
2111 2698 155 40 voulut
2295 2698 64 40 lui

627 2768 101 40 faire
775 2769 204 40 entendre
1023 2770 51 39 de
1112 2771 38 39 la
1192 2771 201 52 musique
1428 2771 51 39 de
1521 2784 75 26 son
1634 2771 106 39 mari
1782 2778 40 32 et
1861 2775 55 35 où
1954 2770 76 40 elle
2066 2783 68 27 me
2175 2770 93 53 pria
2308 2771 50 39 de

626 2841 350 53 l'accompagner.
1018 2842 60 39 Le
1114 2843 132 40 baron
1277 2843 51 40 de
1366 2844 58 39 H.
1465 2843 114 40 avait
1618 2857 60 25 un
1713 2842 67 40 fils
1820 2850 40 32 et
1899 2844 102 39 trois
2036 2841 105 41 filles
2178 2841 91 54 qui,
2294 2842 44 40 in-

627 2914 362 53 dépendamment
1040 2916 51 39 de
1135 2916 269 53 l'allemand,
1451 2917 317 53 s'exprimaient
1819 2919 80 37 très
1944 2915 99 40 bien
2083 2929 54 26 en
2177 2916 181 51 français

627 2994 41 31 et
689 2998 52 26 en
761 2985 162 51 italien,
961 2996 40 31 et
1032 2989 269 52 possédaient
1334 3003 51 24 en
1420 2990 203 51 musique
1645 2996 151 32 autant
1818 2989 49 38 de
1890 2991 105 50 goût
2026 3001 83 40 que
2131 2988 51 40 de
2204 2988 150 40 talent.

629 3057 155 40 C'était
806 3058 37 39 le
865 3059 192 41 bonheur
1078 3060 50 40 de
1161 3061 93 40 leur
1273 3063 95 51 père
1388 3062 50 38 de
1470 3062 58 38 les
1550 3061 147 40 réunir
1719 3069 95 32 tous
1838 3062 57 39 les
1921 3061 105 39 soirs
2047 3069 159 32 autour
2225 3060 49 40 de
2295 3060 62 40 lui

668 3215 49 42 (i)
742 3214 206 33 SUSSMAYER
971 3217 381 43 (François-XavierJ,
1369 3218 72 32 bon
1470 3218 246 43 compositeur
1742 3218 193 41 allemand,
1958 3218 43 32 né
2018 3228 43 22 en
2091 3217 89 43 1766
2202 3217 18 32 à
2236 3217 75 43 Ste)
2311 3228 8 11 r
2323 3227 36 22 er

621 3269 368 43 (Haute-Autriche),
1008 3278 99 36 reçut
1124 3272 61 32 des
1207 3272 120 41 leçons
1344 3274 43 30 de
1410 3272 125 33 Salieri
1560 3279 34 25 et
1610 3273 42 31 de
1674 3273 144 31 Mozart.
1846 3273 26 31 Il
1888 3283 19 21 a
1925 3272 86 32 écrit
2032 3272 176 41 quelques
2231 3271 127 41 opéras

627 3324 62 42 qui
717 3325 120 31 furent
853 3324 282 34 favorablement
1154 3326 192 33 accueillis.
1364 3328 147 32 Devenu
1531 3326 84 34 chef
1633 3327 218 32 d'orchestre
1879 3327 47 31 du
1941 3326 138 32 théâtre
2100 3324 209 41 devienne,
2334 3325 24 31 il

627 3378 107 32 serait
754 3378 274 42 probablement
1044 3379 117 32 arrivé
1181 3381 18 31 à
1215 3391 71 21 une
1300 3382 110 31 haute
1433 3380 162 44 position
1611 3380 202 44 artistique,
1831 3382 29 31 si
1883 3382 31 31 la
1930 3386 95 27 mort
2040 3389 43 22 ne
2100 3380 84 31 l'eût
2200 3379 123 31 enlevé
2338 3378 20 32 à

626 3431 88 42 l'âge
738 3433 42 31 de
804 3431 42 44 3g
865 3443 75 31 ans,
959 3433 31 32 le
1013 3444 38 31 17
1074 3434 205 41 septembre
1301 3434 100 33 iBo3.
