3540 4470
1011 527 122 122 fär
1199 529 579 125 lunsffrraiiile
1842 529 150 125 tmir
2063 529 406 125 limsfler.
2540 605 21 8 -

122 778 427 70 Herausgegeben
591 798 102 37 von
733 784 264 55 Professor
1039 782 68 60 L.
2204 783 284 79 Bischoff.
1611 791 188 66 Verlag
1841 792 90 50 der
1978 786 79 59 M.
2107 786 630 81 DuMont-Schauberg
2755 796 149 51 sehen
2946 796 415 70 Buchhandlung.

224 1120 230 39 Inhalt.

510 1124 191 36 Künstler
741 1125 82 36 und
865 1126 149 37 Mönch
1043 1126 211 50 (Sehluss).
1361 1129 99 37 Aus
1489 1127 171 39 Berlin
1691 1128 218 47 (Bernhard
1938 1131 154 37 Scholz.
2204 1132 151 37 Gustav
2384 1134 139 37 Satter.
2554 1154 45 6 -
2631 1134 161 44 Königl.
2822 1134 123 44 Oper:
2992 1136 133 42 „Hans
3167 1137 163 41 Heiling
3335 1136 19 22 u
3361 1162 10 16 ,

113 1182 102 48 „Die
526 1186 95 36 Aus
652 1187 293 36 Wiesbaden
974 1187 197 47 (Theater.
1210 1190 222 48 Concerte).
1462 1191 84 35 Von
1579 1188 86 42 6—.
1778 1191 98 37 Aus
1903 1193 197 36 Aachen
2130 1192 412 50 (Winter-Concerte).
2570 1195 90 36 Von
2687 1207 38 27 x.
2836 1196 181 47 Tages-
3046 1198 97 35 und
3186 1199 151 36 Unter-

112 1244 391 48 haltungsblatt
533 1246 135 50 (Köln,
700 1247 169 37 Concert
908 1261 79 24 von
1028 1251 105 34 Frau
1180 1251 80 35 und
1288 1252 130 35 Herrn
1446 1252 209 37 Marchesi.
1793 1253 187 45 Coblenz,
2024 1254 498 42 Abonnements-Concert.
2632 1258 252 46 Wiesbaden,
2934 1259 357 38 Cäcilien-Verein.
3322 1281 48 8 —•

113 1305 216 39 Frankfurt
357 1319 33 25 a.
421 1309 67 46 M.,
518 1310 409 40 Museums-Concert.
1035 1312 305 50 Baden-Baden,
1369 1314 365 38 Musik-Zustände.
1829 1316 230 48 Hannover,
2090 1317 206 36 Concerte.
2381 1317 235 38 Kalliwoda.
2700 1320 173 37 Richard
2900 1322 185 47 Wagner.
3167 1334 38 25 u.
3236 1334 30 26 s.
3295 1322 77 48 w.).

482 1467 349 59 Künstler
884 1470 135 57 und
1076 1472 255 58 Mönch.

599 1601 191 48 (Sehluss.
823 1604 38 38 S.
891 1605 66 38 Nr.
986 1604 53 39 44
1068 1618 37 25 u.
1135 1604 83 52 45.)

237 1703 78 50 Bis
359 1722 104 33 zum
491 1705 147 51 Jahre
675 1705 147 54 1853
858 1726 97 33 war
986 1709 123 51 Liszt
1138 1712 122 49 noch
1303 1712 130 49 nicht
1462 1713 66 49 als
1554 1713 106 51 Com-

119 1781 154 69 ponist
314 1787 243 63 grösserer
591 1787 184 49 Werke
804 1788 323 67 aufgetreten;
1170 1807 52 33 er
1250 1792 98 66 galt
1376 1792 120 49 noch
1527 1793 169 49 immer

117 1863 342 66 vorzugsweise
519 1865 66 50 als
642 1864 86 52 der
784 1867 317 69 Vorkämpfer
1157 1869 77 50 für
1292 1870 235 68 Wagner.
1598 1873 97 51 Das

117 1943 292 49 Karlsruher
437 1944 248 51 Musikfest
732 1945 95 68 gab
878 1948 91 49 den
1010 1957 155 43 ersten
1195 1950 169 50 Anlass
1401 1969 56 31 zu
1489 1952 204 67 heftigen

117 2023 334 51 Discussionen
497 2024 122 51 über
677 2027 127 50 seine
867 2028 350 68 Berechtigung
1281 2030 66 51 als
1422 2032 274 67 Componist

117 2101 92 51 wie
238 2103 66 49 als
334 2103 233 67 Dirigent.
625 2105 198 51 Freilich
865 2124 101 33 war
1005 2109 90 50 den
1127 2109 223 66 Gegnern
1387 2109 195 52 diesmal
1620 2113 76 49 ein

120 2181 190 50 leichtes
339 2183 125 66 Spiel
496 2184 231 67 gegeben.
783 2187 99 50 Das
912 2188 163 51 Finale
1113 2188 85 51 der
1237 2197 209 43 neunten
1485 2190 210 52 Sinfonie

119 2261 132 50 hatte
282 2265 187 47 müssen
513 2264 351 52 unterbrochen
894 2268 97 49 und
1020 2268 102 51 eine
1152 2269 141 50 Stelle
1334 2269 176 51 wieder
1549 2288 117 50 ange-

120 2340 174 68 fangen
333 2341 210 61 werden,
595 2344 103 50 weil
733 2345 126 51 Liszt
907 2347 90 50 den
1029 2349 191 48 Eintritt
1254 2350 222 65 gewisser
1513 2352 154 49 Instru-

120 2429 159 42 mente
324 2423 130 49 nicht
503 2424 271 69 rechtzeitig
823 2427 287 67 angedeutet
1154 2430 146 59 hatte,
1352 2430 94 50 und
1485 2430 83 51 das
1599 2432 63 50 Or-

121 2502 183 49 chester
333 2502 314 52 vollkommen
679 2522 82 33 aus
792 2505 106 51 dem
930 2508 117 49 Tact
1084 2509 284 66 gekommen
1419 2527 114 34 war.
1592 2512 68 49 Ob-

124 2580 123 50 wohl
280 2582 72 49 ein
383 2582 184 50 solcher
593 2585 328 51 Zwischenfall
952 2588 120 49 noch
1101 2589 129 48 nicht
1259 2589 119 50 über
1416 2590 74 50 die
1521 2592 146 66 Fähig-

124 2660 94 51 keit
258 2660 117 51 oder
406 2662 303 68 Unfähigkeit
738 2665 126 50 eines
896 2665 376 69 Capellmeisters
1301 2669 306 60 entscheidet,
1645 2688 51 33 so

127 2740 129 51 ward
308 2758 51 33 er
402 2742 120 52 doch
567 2744 193 51 vielfach
811 2747 325 67 ausgebeutet.
1193 2750 124 50 Dem
1363 2750 333 69 Componisten

120 2820 115 68 ging
285 2838 48 33 es
383 2823 128 49 nicht
560 2823 174 53 besser.
793 2827 66 48 Er
905 2828 129 51 hatte
1084 2829 136 51 einen
1270 2829 129 51 Chor
1469 2833 104 57 „An
1623 2832 75 51 die

420 2918 86 33 von
536 2904 197 50 Schiller
764 2907 278 66 componirt.
1099 2909 100 50 Der
1232 2910 300 68 gesangliche
1563 2910 134 51 Theil

130 2982 176 49 enthält
336 2982 193 59 Stellen,
559 2984 179 51 welche
767 2984 75 51 die
870 2988 185 66 Sänger
1098 2988 72 51 bei
1216 2992 114 48 aller
1361 2992 337 67 Anstrengung

127 3062 77 49 nie
249 3062 102 49 rein
379 3062 375 69 hervorbringen
783 3065 207 61 können,
1034 3069 103 51 weil
1182 3069 73 51 die
1286 3069 315 69 Uebergänge
1643 3090 54 31 zu

126 3142 116 66 grell
266 3140 128 61 sind;
435 3143 61 49 im
535 3143 319 52 orchestralen
884 3147 135 49 Theil
1049 3148 223 52 kommen
1301 3150 368 51 Zusammenstel-

129 3222 175 67 lungen
353 3238 89 34 von
483 3224 246 51 Accorden
775 3242 98 43 vor,
922 3227 179 50 welche
1143 3229 144 51 selbst
1333 3229 73 51 die
1455 3230 244 68 Leipziger

136 3303 167 57 „Neue
347 3303 266 51 Zeitschrift
657 3304 75 51 für
1028 3307 82 50 das
1157 3309 331 52 entschiedene
1531 3312 167 67 Organ

126 3380 85 51 der
239 3398 154 34 neuen
418 3383 189 61 Schule,
638 3385 127 50 nicht
804 3404 57 32 zu
891 3387 322 68 vertheidigen
1245 3397 171 61 wagte.
1462 3391 237 52 Verblüfft

126 3462 136 52 hörte
293 3463 82 51 das
406 3464 248 52 Publicum
685 3465 74 53 die
787 3467 217 52 seltsame
1032 3469 156 51 Musik
1220 3487 85 43 an;
1335 3472 75 51 die
1441 3472 258 68 Anhänger

126 3559 160 35 waren
315 3545 238 68 verlegen,
585 3545 320 65 beklommen,
933 3548 66 51 sie
1029 3557 205 60 wagten,
1265 3552 66 49 als
1369 3551 86 50 der
1485 3552 128 51 Chor
1641 3571 57 33 zu

121 3623 140 51 Ende
291 3641 118 47 war,
441 3625 135 61 eipen
619 3627 289 62 Beifallsruf,
933 3627 83 52 der
1057 3631 207 66 sogleich
1315 3631 150 50 durch
1513 3633 158 67 energi-

121 3703 135 49 sches
284 3704 198 51 Zischen
512 3707 311 51 unterdrückt
854 3708 164 51 wurde
1123 3709 98 51 und
1250 3711 67 50 als
1359 3728 111 35 man
1510 3712 188 61 zischte,

121 3782 259 70 verbeugte
409 3785 124 50 Liszt
560 3787 96 51 sich
686 3788 89 50 tief
804 3789 83 51 mit
916 3789 443 54 unverkennbarem
1390 3792 160 52 Hohn.
1608 3793 91 51 Die

119 3864 264 69 Zeitungen
436 3883 161 35 waren
648 3867 180 54 damals
878 3871 88 50 voll
1004 3887 87 34 von
1122 3872 437 68 Beschreibungen,
1587 3874 83 51 Kri-

120 3944 128 51 tiken
279 3946 97 50 und
406 3947 336 63 Antikritiken,
793 3949 76 52 bei
919 3951 152 52 denen
1100 3952 167 51 zuletzt
1302 3952 75 52 die
1405 3954 293 69 Kunstfrage

119 4024 47 52 in
210 4026 89 52 den
329 4027 347 68 Hintergrund,
714 4029 75 52 die
817 4032 293 68 Parteifrage
1147 4032 46 51 in
1231 4032 91 52 den
1350 4034 348 69 Vordergrund

117 4112 111 44 trat.
282 4106 78 52 An
399 4108 233 51 manchen
676 4111 278 68 gehässigen
983 4112 251 68 Angriffen
1283 4131 112 52 mag
1446 4116 122 50 auch
1613 4114 83 52 das

119 4187 295 66 persönliche
446 4188 254 53 Gebahren
729 4192 162 51 Liszt's
941 4193 96 51 und
1067 4194 154 51 seiner
1250 4194 224 52 nächsten
1513 4197 144 67 Umge-

119 4266 132 71 bung
281 4269 178 52 Schuld
480 4278 229 62 getragen
738 4272 173 55 haben.
955 4276 68 49 Er
1052 4276 168 66 sprach
1253 4276 82 52 mit
1364 4276 91 53 den
1486 4277 210 52 Orches-

1792 1478 372 67 Termitgliedern
2209 1479 159 50 weder
2397 1480 46 50 in
2473 1480 107 51 dem
2610 1483 151 58 Tone,
2812 1482 90 52 den
2932 1483 268 51 manchmal
3229 1501 111 49 soge-

1792 1566 177 41 nannte
2260 1558 354 68 Capellmeister
2645 1562 302 66 anschlagen,
3000 1563 122 50 noch
3161 1563 211 67 weniger

1790 1638 47 49 in
1867 1637 84 50 der
1978 1639 212 50 Feinheit
2220 1639 96 50 und
2336 1639 306 60 Höflichkeit,
2674 1640 73 51 die
2779 1658 108 35 man
2911 1660 87 33 von
3029 1643 154 51 einem
3210 1643 126 52 Welt-

1792 1733 141 33 mann
1964 1734 54 32 zu
2049 1726 235 43 erwarten
2316 1718 266 69 berechtigt
2613 1737 124 42 war;
2768 1738 52 33 er
2849 1720 283 53 behandelte
3161 1723 83 51 das
3276 1723 64 51 Or-

1790 1797 183 50 chester
2024 1798 81 48 mit
2154 1798 127 51 einer
2311 1799 434 69 cavaliermässigen
2792 1802 352 61 Nonchalance,
3182 1820 51 34 so
3282 1820 92 34 von

1790 1877 122 49 oben
1945 1877 242 59 herunter,
2217 1878 94 49 und
2337 1878 95 49 dies
2463 1887 174 43 musste
2667 1897 77 33 am
2770 1882 195 49 meisten
2995 1882 243 51 verletzen.
3263 1883 102 50 Der

1791 1957 354 66 absprechende
2171 1959 104 48 Ton
2305 1958 84 49 der
2424 1958 180 69 jungen
2633 1960 211 51 Musiker
2874 1960 96 51 und
2999 1962 260 59 Literaten,
3288 1962 77 52 die

1791 2037 127 48 seine
1947 2037 196 49 Escorte
2191 2035 225 60 bildeten,
2465 2038 74 49 die
2581 2038 111 67 jede
2732 2039 394 69 Gegenmeinung
3175 2041 165 68 gering-

1790 2115 204 68 schätzig
2046 2118 66 48 als
2151 2117 294 52 Unverstand
2496 2117 368 63 bemitleideten,
2914 2138 100 33 war
3061 2122 122 51 auch
3239 2122 128 51 nicht

1790 2195 109 50 sehr
1964 2195 245 68 geeignet,
2265 2195 85 51 der
2405 2197 172 52 Schule
2643 2198 263 52 besondere
2968 2202 284 66 Zuneigung
3313 2220 59 31 zu

1790 2275 263 50 erwerben.
2114 2277 123 49 Liszt
2286 2277 132 51 ward
2469 2278 228 51 trotzdem
2749 2279 75 50 für
2860 2281 129 50 seine
3017 2282 353 67 Bemühungen

1791 2372 78 32 um
1914 2354 82 51 das
2027 2355 286 50 Karlsruher
2344 2357 246 51 Musikfest
2619 2359 84 49 mit
2741 2358 107 52 dem
2881 2359 381 52 Comthurkreuz
3292 2361 82 52 des

1791 2435 262 67 Zähringer
2082 2435 357 51 Löwenordens
2469 2435 209 53 belohnt.

1913 2517 98 48 Das
2060 2515 351 67 Missgeschick,
2462 2517 83 52 das
2589 2519 125 50 seine
2765 2518 323 69 Composition
3137 2518 238 53 betroffen

1791 2594 147 60 hatte,
1969 2595 242 50 schreckte
2241 2597 80 49 ihn
2351 2597 128 49 nicht
2507 2598 195 62 zurück,
2732 2598 226 51 vielmehr
2995 2599 297 51 entwickelte
3321 2618 54 33 er

1792 2674 103 50 eine
1938 2673 282 52 fieberhafte
2261 2676 284 67 Thätigkeit.
2603 2678 67 48 Er
2712 2678 292 67 componirte
3055 2678 105 51 eine
3210 2697 164 50 grosse

1792 2753 153 51 Messe
1996 2772 82 32 zur
2107 2756 319 67 Einweihung
2465 2756 80 50 des
2573 2773 154 33 neuen
2758 2758 179 51 Domes
2985 2758 47 51 in
3064 2759 148 60 Gran,
3269 2761 107 50 eine

1792 2832 210 52 kleinere
2031 2834 74 50 für
2135 2836 96 49 vier
2260 2836 233 50 Stimmen
2532 2837 82 51 mit
2642 2837 169 67 Orgel,
2849 2838 103 51 eine
3001 2855 164 50 grosse
3193 2839 181 52 Sonate

1794 2913 96 51 und
1932 2914 114 51 zwei
2088 2914 230 51 Concerte
2369 2916 74 49 für
2474 2916 200 59 Ciavier,
2725 2917 97 51 und
2871 2917 129 52 nicht
3048 2918 211 67 weniger
3310 2921 67 50 als

1794 3011 124 34 neun
1963 2994 281 51 sinfonische
2275 2996 321 68 Dichtungen,
2639 2997 75 51 die
2736 2998 67 50 als
2834 2999 258 68 Prototype
3121 2998 85 52 der
3233 3017 110 50 soge-

1792 3082 209 43 nannten
2030 3074 467 68 Programm-Musik
2526 3077 173 66 gelten.
2739 3077 234 52 Daneben
3001 3078 374 53 veröffentlichte

1794 3171 52 33 er
1874 3156 122 49 noch
2027 3156 103 49 eine
2145 3156 154 50 Masse
2316 3156 477 68 Opernphantasieen
2807 3157 98 52 und
2928 3158 449 69 Transscriptionen.

1794 3233 108 53 Von
1946 3234 158 52 diesen
2147 3234 157 52 haben
2336 3237 202 66 wenige,
2570 3237 89 51 wie
2700 3257 37 32 z.
2766 3238 37 51 B
2864 3238 75 51 die
2982 3238 121 51 über
3133 3239 244 52 Gounod's

1794 3314 150 50 Faust
1982 3313 96 52 und
2107 3313 118 52 über
2256 3314 91 52 den
2379 3316 426 53 Schlittschuhtanz
2835 3335 85 33 aus
2949 3317 108 52 dem
3088 3319 291 68 Propheten,

1794 3393 75 52 die
1918 3394 172 51 Runde
2140 3394 150 52 durch
2341 3397 90 49 alle
2483 3397 299 52 Concertsäle
2831 3398 250 67 gemacht;
3135 3417 90 34 von
3283 3401 93 52 den

1794 3481 209 44 ersteren
2046 3474 103 51 sind
2178 3474 119 52 aber
2325 3493 91 33 nur
2443 3477 110 49 sehr
2584 3477 182 67 wenige
2796 3477 97 52 und
2923 3495 61 34 an
3012 3478 110 51 sehr
3153 3481 215 67 wenigen

1794 3556 153 50 Orten
1978 3554 153 52 einem
2161 3556 364 52 entschiedenen
2554 3557 294 70 Misserfolge
2877 3567 287 60 entgangen.

1913 3636 243 68 Sprechen
2186 3637 86 49 wir
2295 3637 115 67 jetzt
2438 3653 87 35 von
2554 3637 163 52 Liszt's
2746 3639 217 68 Stellung
3014 3657 83 33 zur
3139 3639 210 51 musicali-

1792 3716 144 50 schen
1968 3716 148 52 Welt.
2156 3717 123 49 Dem
2322 3733 194 51 grossen
2557 3717 253 52 Publicum
2843 3736 100 34 war
2972 3737 51 33 er
3051 3721 170 49 immer
3249 3719 125 51 noch

1794 3797 67 51 als
1890 3796 85 50 der
2003 3797 324 51 Beherrscher
2356 3798 116 51 aller
2501 3797 423 53 Ciaviervirtuosen
2954 3799 96 51 und
3080 3799 67 51 als
3175 3799 87 53 der
3290 3799 58 53 be-

1791 3876 273 52 zaubernde
2095 3877 280 53 Weltmann
2418 3878 64 50 im
2514 3878 349 54 Gedächtnisse.
2902 3876 106 54 Von
3038 3879 162 53 seinen
3230 3879 108 53 Com-

1792 3956 263 68 positionen
2083 3956 145 52 nahm
2260 3973 110 36 man
2401 3958 157 69 wenig
2587 3958 116 52 oder
2731 3976 90 52 gar
2840 3959 136 51 keine
3004 3959 136 51 Notiz
3170 3958 78 70 [?].
3278 3959 93 53 Die

1792 4037 332 60 Aristokratie,
2154 4036 75 52 die
2271 4037 79 51 für
2397 4038 82 52 ihn
2509 4039 304 60 schwärmte,,
2848 4039 227 53 vernahm
3113 4057 127 35 zwar
3268 4039 106 53 hier

1792 4117 99 52 und
1933 4117 78 61 da,
2058 4117 105 52 dass
2208 4135 52 34 er
2302 4119 97 51 sich
2438 4119 86 53 viel
2553 4121 85 51 mit
2665 4123 250 65 grösseren
2944 4121 303 52 Tonwerken
3287 4121 59 52 be-

1791 4198 245 69 schäftige,
2060 4197 106 53 dass
2196 4198 239 54 dieselben
2476 4201 184 68 »wenig
2972 4201 275 63 enthielten,
3276 4201 99 52 und

1791 4280 66 52 sie
1931 4278 294 54 betrachtete
2305 4281 83 52 das
2440 4281 66 52 als
2570 4282 102 52 eine
2730 4282 152 53 seiner
2946 4282 431 68 liebenswürdigen

3059 4364 73 51 46

2841 952 119 57 XIV.
3003 953 282 74 Jahrgang.

194 935 87 56 Nr.
323 936 88 57 46.

1337 933 180 79 KÖLN,
1559 944 76 56 17.
1677 943 291 60 November
2008 948 148 56 1866.
