2888 5077
989 138 397 63 BRUNO'S
1441 137 411 67 WEEKLY

2660 140 79 61 27

166 347 172 56 poor
381 333 223 68 tramp
648 323 70 63 in
765 322 251 66 far-off
1060 322 374 76 Australia,
1478 322 339 66 nameless
1862 332 176 69 poet,
2084 322 86 66 he
2213 323 157 66 who
2421 333 105 55 sat
2568 322 168 67 with

169 408 105 66 his
320 408 172 66 back
535 406 272 80 against
851 428 41 44 a
934 416 146 55 tree
1126 406 135 65 and
1307 427 173 57 sang
1522 405 107 67 his
1676 406 132 65 last
1852 427 212 57 song;
2111 406 117 66 the
2272 428 176 58 song
2489 406 81 68 of
2621 408 117 64 the

169 515 174 55 open
406 493 190 74 road,
657 491 69 64 in
789 491 115 64 the
963 489 215 66 weird
1237 491 215 64 hours
1512 489 79 65 of
1654 489 115 65 the
1827 489 216 80 night,
2111 491 136 64 and
2306 513 142 44 was
2513 491 223 66 found

171 576 174 64 dead
399 576 115 64 the
567 584 169 56 next
789 572 342 80 morning.
1226 572 223 80 Truly
1497 572 88 65 he
1637 572 137 66 had
1828 594 178 58 sung
2057 572 107 68 his
2220 574 154 66 soul
2424 584 126 56 out
2599 576 137 64 and

169 682 139 44 was
360 660 161 66 still.
614 660 153 65 The
814 669 163 69 poet
1024 659 274 64 dreams
1347 677 131 46 on:

882 782 220 66 walks
1165 780 72 65 in
1302 779 415 79 Broadway,
1786 789 66 56 to
1918 779 141 67 and
2123 779 119 81 fro

663 887 193 66 With
900 889 109 64 the
1048 885 355 68 saturnine
1442 885 210 80 ghost
1691 884 82 81 of
1806 885 243 78 Edgar

167 1036 76 44 as
308 1014 239 64 Vance
608 1012 404 75 Thompson
1077 1029 169 48 once
1310 1009 170 66 said.
1585 1009 162 64 And
1811 1031 78 44 so
1950 1009 88 64 he
2099 1029 229 44 comes
2392 1006 205 66 down
2663 1012 73 58 to

167 1099 376 78 every-day
592 1095 393 77 associates,
1043 1094 288 76 friends,
1383 1092 533 80 brother-poets.
2013 1090 244 70 Slack!
2353 1090 242 78 nearly
2645 1089 93 66 all

171 1182 78 64 of
298 1182 186 62 them
531 1202 75 42 as
655 1202 174 54 poor
880 1202 75 42 as
1002 1178 105 66 he.
1195 1177 217 66 What
1459 1199 39 40 a
1546 1175 196 66 trade
1788 1175 54 66 it
1888 1175 96 66 is!
2079 1173 186 66 Pah!
2355 1183 75 56 to
2477 1173 259 76 dream,

166 1266 135 63 and
340 1275 73 54 to
453 1263 197 66 write
689 1263 250 78 golden
978 1261 275 66 verses!
1341 1260 69 64 If
1449 1282 139 57 you
1629 1258 203 68 could
1872 1260 163 78 only
2072 1268 149 54 tear
2262 1258 103 66 off
2404 1278 41 44 a
2490 1265 248 57 sonnet

167 1373 75 42 as
289 1349 303 78 Quentin
640 1348 347 66 Durward
1029 1346 276 66 twisted
1349 1366 39 43 a
1430 1344 144 65 link
1625 1343 186 66 from
1854 1343 108 66 his
2006 1343 164 79 gold
2214 1341 200 66 chain
2458 1339 71 66 in
2572 1361 125 60 pay-

167 1443 188 54 ment
406 1432 115 65 for
572 1454 41 43 a
660 1431 185 78 good
895 1431 265 74 dinner,
1212 1427 54 66 it
1314 1429 221 78 might
1581 1427 83 65 be
1713 1427 110 65 all.
1916 1427 139 63 But
2108 1426 128 66 oh!
2330 1426 116 64 the
2492 1424 241 79 game!

166 1519 216 64 What
652 1515 187 66 law's
900 1515 216 77 delay,
1175 1514 117 64 the
1349 1512 347 66 insolence
1752 1510 81 66 of
2523 1509 211 77 post's

169 1602 213 76 delay,
448 1600 117 64 the
628 1598 347 66 insolence
1039 1597 80 66 of
1612 1595 161 76 Yes,
1835 1593 151 66 that
2049 1614 142 44 was
2253 1592 256 77 always
2575 1612 163 56 easy

169 1686 295 77 enough.
553 1683 114 64 He
714 1705 141 44 was
907 1681 285 78 sharing
1236 1680 137 66 this
1422 1681 181 63 boon
1651 1676 306 80 to-night
2005 1676 167 66 with
2218 1676 118 65 the
2389 1697 347 57 sparrows

171 1769 132 65 and
340 1769 117 63 the
494 1766 347 78 squirrels.
921 1764 140 66 For
1100 1763 237 79 spring
1371 1764 136 63 had
1544 1773 125 54 not
1703 1783 193 42 come
1932 1771 132 68 yet,
2103 1761 135 64 and
2557 1780 181 45 were

433 1852 70 65 in
557 1852 115 65 the
723 1851 254 64 animal
1026 1849 220 66 world
1295 1871 75 42 as
1420 1847 70 65 in
1541 1846 106 66 his
1696 1868 180 44 own.
1964 1844 217 68 What
2228 1844 203 66 could
2479 1844 86 63 he
2611 1852 125 56 not

171 1949 108 52 eat
333 1935 61 66 if
452 1935 86 66 he
594 1935 163 78 only
811 1934 139 64 had
1005 1932 116 66 the
1176 1930 226 81 price!
1502 1930 67 65 A
1624 1929 182 79 plate
1862 1927 82 68 of
1999 1929 210 64 beans
2267 1925 232 68 would
2555 1929 83 62 be
2692 1949 42 42 a

166 2023 315 75 banquet.

255 2125 159 63 And
465 2133 115 66 yet
628 2123 86 65 he
763 2122 203 64 knew
1017 2118 54 66 it
1122 2140 143 44 was
1320 2115 224 68 futile.
1635 2115 119 64 All
1806 2115 136 76 day
1991 2111 186 68 since
2225 2132 186 44 noon
2462 2108 88 66 he
2597 2105 141 67 had

171 2208 179 66 tried
392 2218 72 54 to
504 2206 181 66 raise
729 2206 117 63 the
885 2203 186 79 price
1114 2203 78 66 of
1236 2225 40 42 a
1315 2201 197 78 meal,
1554 2201 122 64 but
1717 2199 115 65 the
1871 2220 171 57 very
2082 2208 180 56 stars
2303 2193 137 66 had
2485 2191 253 78 fought

171 2293 271 77 against
496 2291 140 63 him
692 2289 70 65 in
817 2288 116 66 the
990 2308 278 46 courses
1271 2306 215 44 —one
1544 2281 582 81 disappointment
2182 2279 187 66 after
2426 2276 310 66 another.

176 2377 93 66 So
309 2377 144 65 into
492 2377 116 63 the
645 2376 132 62 last
812 2374 87 64 he
934 2374 124 63 has
1097 2392 213 45 come.
1392 2370 132 77 No,
1564 2379 124 54 not
1727 2369 130 62 last
1857 2365 171 65 —he
2069 2364 389 67 shuddered
2460 2360 278 65 —there

174 2482 139 43 was
360 2481 132 42 one
541 2459 254 64 remoir
841 2477 210 56 more,
1100 2453 163 80 only
1305 2474 131 45 one
1437 2450 197 66 —six
1681 2450 144 66 feet
1867 2448 80 68 of
1996 2448 213 77 earth,
2257 2447 117 64 the
2418 2462 320 47 common

172 2547 241 75 dowry
457 2542 184 69 since
685 2542 249 64 Adam.

1959 2634 128 76 (To
2115 2638 86 59 be
2228 2633 409 72 continued)

177 2810 331 114 Flies'
597 2809 286 111 Feet

176 2998 75 58 D.
291 2996 242 75 Molby

233 3132 393 116 *J*HERE
665 3132 58 67 is
763 3131 259 79 hardly
1058 3129 312 66 another
1408 3138 329 55 creature
1774 3126 159 66 that
1971 3144 133 44 can
2143 3132 124 70 get
2306 3122 223 66 about
2568 3121 175 66 with

428 3239 124 65 the
599 3236 279 79 facility
924 3236 159 66 that
1129 3234 124 64 the
1302 3234 96 76 fly
1444 3254 157 43 can.
1693 3231 117 64 Ke
1855 3251 133 44 can
2035 3229 190 66 walk
2269 3249 94 44 on
2409 3227 126 65 the
2582 3226 122 66 bot-

173 3354 155 56 tom
384 3342 152 65 side
594 3341 78 66 of
723 3339 359 80 anything
1136 3339 149 76 just
1339 3359 78 43 as
1473 3336 162 66 well
1690 3356 79 44 as
1825 3356 95 44 on
1972 3334 126 64 the
2152 3344 151 66 top,
2357 3332 144 65 and
2553 3331 193 66 walk

173 3459 247 66 pretty
455 3446 164 76 fast,
657 3456 147 54 too.
885 3444 168 64 And
1090 3442 90 65 he
1217 3463 132 44 can
1388 3439 191 66 walk
1615 3437 196 80 right
1847 3459 93 58 up
1977 3439 124 64 the
2140 3436 154 66 side
2330 3434 79 68 of
2446 3436 297 64 smooth

174 3552 196 77 glass
409 3549 310 66 without
760 3569 142 58 any
939 3547 298 77 danger.

265 3695 66 66 It
377 3695 58 62 is
479 3705 129 54 not
655 3703 296 66 strange
994 3690 160 66 that
1197 3688 113 64 his
1356 3686 147 66 feet
1547 3686 264 66 should
1855 3685 188 66 stick
2086 3705 83 44 so
2211 3683 92 64 he
2348 3703 132 44 can
2528 3683 95 64 do
2668 3679 75 80 it,

177 3798 116 64 for
343 3800 176 76 they
574 3796 199 66 don't
828 3796 183 63 have
1063 3806 78 53 to
1197 3791 188 68 stick
1436 3793 240 64 much.
1774 3788 183 79 Still,
2013 3788 52 68 it
2121 3788 60 64 is
2236 3786 293 78 enough
2584 3788 160 64 that

176 3905 210 62 when
435 3903 88 63 he
574 3901 59 65 is
680 3898 320 76 walking
1048 3920 95 42 on
1192 3896 201 66 one's
1444 3894 180 80 face,
1673 3894 123 65 the
1845 3893 161 68 foot
2054 3893 213 66 tends
2314 3903 80 54 to
2440 3889 150 82 pull
2641 3889 105 66 off

2454 3975 9 8 9

177 4028 39 43 a
257 4005 185 66 little
484 4003 217 81 patch
743 4001 78 66 of
862 4001 160 65 skin
1063 3999 142 67 and
1246 4001 251 63 makes
1539 3996 54 68 it
1634 3996 242 66 tickle.

257 4110 159 62 The
452 4120 298 64 strange
787 4104 212 80 thing
1034 4103 59 66 is
1131 4104 159 65 that
1327 4104 90 63 he
1454 4125 132 42 can
1624 4101 99 66 let
1759 4123 95 56 go
1894 4121 82 44 so
2016 4098 248 79 easily.
2348 4096 71 64 If
2453 4098 92 64 he
2584 4116 160 46 sees

179 4211 420 78 something
636 4211 290 78 getting
966 4209 222 78 ready
1224 4220 79 54 to
1341 4206 108 66 hit
1486 4206 171 78 him,
1695 4206 91 64 he
1827 4226 132 44 can
1999 4215 124 67 get
2164 4225 206 57 away
2409 4201 70 64 in
2521 4203 225 64 about

179 4340 39 42 a
269 4316 210 66 tenth
533 4314 80 66 of
662 4336 40 43 a
755 4314 294 65 second.
1144 4313 190 76 And,
1388 4311 95 64 all
1539 4311 71 64 in
1664 4308 147 69 this
1867 4311 209 63 short
2128 4306 197 80 time,
2379 4306 123 68 the
2557 4326 142 44 mes-

179 4441 175 56 sage
396 4431 196 53 must
638 4440 97 56 go
780 4416 195 66 from
1019 4414 112 66 his
1180 4436 169 58 eyes
1393 4426 80 54 to
1519 4414 111 65 his
1676 4411 229 78 brain,
1952 4413 88 64 be
2087 4411 470 80 interpreted,
2604 4411 142 64 and

179 4524 122 63 the
354 4524 215 63 order
618 4531 161 56 sent
828 4531 78 54 to
953 4519 112 65 his
1114 4518 233 78 wings
1397 4528 77 56 to
1524 4518 96 78 fly
1666 4518 144 64 and
1855 4516 127 66 the
2030 4516 217 64 order
2296 4524 162 55 sent
2506 4524 78 56 to
2634 4511 110 66 his

181 4626 147 66 feet
376 4640 77 52 to
501 4626 227 78 jump.
817 4626 156 63 The
1022 4624 300 65 wonder
1370 4621 57 66 is
1474 4623 161 64 that
1681 4623 212 64 when
1942 4621 88 63 he
2077 4619 244 78 jumps
2370 4619 122 66 the
2541 4629 205 55 extra

179 4751 337 56 pressure
558 4751 95 43 on
694 4728 110 64 his
846 4728 148 64 feet
1036 4728 176 64 does
1251 4738 129 54 not
1422 4726 188 66 stick
1649 4726 201 64 them
1889 4724 124 66 the
2057 4724 237 66 closer
2335 4743 81 46 so
2457 4724 159 65 that
2656 4723 90 64 he

181 4833 262 64 should
484 4833 86 64 be
614 4831 104 67 hit
760 4833 140 64 and
941 4831 242 64 killed.
