3497 4399
1701 141 106 51 421

176 258 186 48 Hamlet
400 261 110 48 oder
555 265 227 51 Macbeth.
842 271 117 47 Wer
989 273 112 49 aber
1129 277 80 47 soll
1241 294 80 31 aus
1352 280 133 47 Ihren
1519 282 156 48 Felsen-

174 336 254 61 gesichtern
474 341 94 47 und
597 343 429 67 Wolkengestalten
1068 352 70 48 bei
1169 353 101 49 dem
1303 357 398 63 Höllenspectakel

173 413 148 47 meine
352 416 147 48 Musik
532 418 371 54 herausstudiren
923 426 15 46 ?
996 430 192 47 Machen
1219 432 74 48 Sie
1323 433 70 49 die
1425 437 164 61 Augen
1621 436 81 48 der

170 489 119 47 Eule
320 494 173 63 tüchtig
524 496 188 63 glühen,
756 500 280 52 ordentliche
1070 506 321 52 Fledermäuse
1432 513 240 48 umherflat-

169 573 116 50 tern,
317 569 143 49 lassen
491 573 73 47 Sie
594 575 105 47 Sich
720 592 17 30 s
767 579 115 46 auch
929 582 81 46 auf
1048 583 69 47 ein
1162 602 112 47 paar
1303 588 273 64 Gespenster
1607 591 91 48 und

171 643 198 65 Gerippe
400 648 122 48 nicht
553 652 293 58 ankommen,
894 674 87 30 nur
1012 659 101 49 dass
1151 679 45 30 es
1234 665 175 64 tüchtig
1440 666 257 50 Crescendo

169 722 80 46 mit
291 722 101 47 dem
433 726 331 66 Rugelgiessen
808 733 144 62 gehe«
995 753 40 31 u.
1067 753 31 32 s.
1132 755 52 31 w.
1244 741 212 49 Geistvoll
1500 745 106 47 fand
1649 763 49 30 er

169 798 196 64 Gropius
405 802 121 55 Idee,
559 806 78 47 das
662 808 133 48 wilde
820 811 123 47 Heer
971 813 90 48 sich
1093 816 245 62 gleichsam
1371 836 80 31 aus
1481 821 102 48 dem
1615 823 54 48 ab-

164 875 248 51 ziehenden
456 882 187 48 Rauche
685 884 77 49 des
804 888 187 58 Feuers,
1037 892 68 48 bei
1150 893 101 48 dem
1298 896 173 65 Caspar
1515 900 181 62 Kugeln

165 953 152 61 giesst,
348 959 269 48 entwickeln
649 979 51 29 zu
734 963 159 50 lassen.
924 968 282 50 Schliesslich
1237 974 334 65 verständigten
1602 978 93 47 sich

164 1029 71 49 die
263 1032 235 65 tüchtigen
530 1037 218 50 Künstler
778 1042 325 61 allenthalben,
1148 1048 91 48 und
1284 1051 56 47 da
1383 1051 71 49 die
1498 1054 198 49 berliner

164 1108 319 51 Maschinisten
517 1114 181 49 Weber
717 1134 18 30 s
764 1119 340 68 Erwartungen
1146 1126 282 57 übertrafen,
1471 1147 49 31 so
1563 1132 132 48 stand

162 1202 48 29 er
240 1190 150 59 später
420 1190 122 48 nicht
572 1209 74 39 an,
677 1194 69 49 die
777 1196 255 53 decorative
1055 1204 305 65 Ausstattung
1390 1207 80 48 der
1493 1209 129 65 Oper
1649 1211 43 47 in

161 1263 152 47 Berlin
340 1266 76 46 für
440 1266 70 49 die
535 1286 71 31 am
633 1273 186 49 meisten
844 1277 151 49 seinen
1021 1281 287 48 Intentionen
1334 1287 359 62 entsprechende

158 1357 53 30 zu
242 1341 224 51 erklären.

278 1420 94 47 Das
399 1422 145 48 Glück
576 1425 291 68 begünstigte
897 1431 86 48 den
1010 1434 261 50 Freischütz
1301 1439 114 47 auch
1448 1439 142 49 durch
1622 1441 71 49 die

157 1495 414 62 Individualitäten,
601 1503 71 48 die
701 1505 76 47 ihn
807 1517 150 39 zuerst
987 1510 277 52 darstellten.

274 1575 125 48 Frau
427 1578 192 56 Seidler,
648 1582 309 69 Wranitzky's
982 1588 215 60 Tochter,
1230 1591 150 50 besass
1404 1592 70 49 die
1498 1599 193 45 süsseste

157 1650 93 47 und
280 1669 99 31 zum
405 1655 181 50 Herzen
611 1660 250 62 gehendste
886 1665 191 49 Stimme
1107 1684 83 32 von
1216 1686 204 47 grossem
1447 1673 243 65 Umfange,

157 1726 70 49 die
260 1746 104 32 man
395 1731 144 51 hören
573 1735 183 52 konnte.
795 1741 49 47 In
880 1743 139 48 Wien
1051 1761 84 32 von
1166 1745 86 50 den
1285 1747 157 50 besten
1474 1751 216 48 Meistern

158 1805 91 48 und
280 1809 115 47 nach
428 1810 85 49 den
546 1812 158 51 besten
737 1817 275 52 Vorbildern
1044 1823 222 64 geschult,
1303 1826 296 65 verkörperte
1629 1829 62 48 sie

157 1882 97 49 ihre
284 1887 263 62 geistvollen
579 1892 286 52 Intentionen
896 1898 120 49 ohne
1046 1901 156 49 Mühe.
1234 1904 188 48 Damals
1455 1903 62 51 31
1550 1906 141 48 Jahre

155 1961 78 56 alt,
263 1964 131 48 stand
425 1966 61 48 sie
516 1968 43 47 in
592 1969 80 48 der
703 1973 166 49 Blüthe
899 1976 124 48 ihrer
1052 1979 260 49 Schönheit.
1371 1982 105 48 Ihre
1507 1983 183 63 Agathe

157 2055 95 31 war
281 2058 123 32 zwar
434 2043 100 48 kein
567 2046 289 69 demüthiges
887 2053 240 50 deutsches
1156 2058 382 63 Jägermädchen,
1569 2062 122 47 wohl

155 2116 111 48 aber
298 2119 69 47 ein
401 2121 231 50 reizendes
668 2126 158 58 Weib,
873 2131 91 46 und
998 2133 159 47 wurde
1199 2136 284 48 vortrefflich
1524 2154 137 48 gesun-

153 2211 103 47 gen.
287 2196 101 48 Von
414 2200 213 50 Johanna
653 2203 243 51 Eunicke's
920 2210 253 48 Aennchen
1195 2213 223 63 sprachen
1444 2216 82 46 wir
1549 2217 139 48 schon

153 2271 134 51 oben.
320 2275 94 48 Das
444 2277 208 51 liebliche
679 2282 241 58 Mädchen,
952 2287 62 46 als
1046 2288 264 49 Künstlerin
1342 2291 121 48 nicht
1495 2293 79 47 frei
1604 2309 85 33 von

155 2350 178 49 Manier
364 2354 90 47 und
489 2355 207 66 Caprice,
728 2359 184 51 kreuzte
947 2364 218 49 Weber's
1195 2368 341 66 Auffassungen
1566 2371 123 49 nicht

152 2429 161 59 selten,
352 2431 119 50 ohne
503 2433 101 50 dass
634 2453 50 31 er
713 2437 71 48 ihr
814 2440 164 50 immer
1009 2443 123 48 hätte
1162 2446 204 48 Unrecht
1395 2448 148 63 geben
1576 2449 84 49 kön-

153 2522 103 32 nen.
304 2508 79 48 Ihr
412 2511 253 51 Aennchen
712 2531 95 34 war
850 2518 99 49 eine
993 2537 82 32 von
1114 2523 281 58 Schalkheit,
1429 2526 123 48 Geist
1596 2527 92 48 und

153 2584 162 50 Grazie
343 2589 264 63 sprühende
635 2594 334 68 Erscheinung.

272 2665 85 47 Um
403 2666 70 49 die
518 2670 157 49 Palme
722 2690 116 47 rang
868 2676 282 66 Auffassung
1192 2678 91 48 und
1316 2681 372 67 Durchführung

151 2739 82 48 der
264 2744 161 48 Rollen
458 2746 76 47 des
565 2749 110 47 Max
706 2752 90 46 und
832 2753 172 65 Caspar
1047 2755 141 48 durch
1223 2758 112 47 Karl
1366 2759 184 47 Stümer
1594 2761 92 49 und

150 2819 219 49 Heinrich
405 2824 174 49 Blume.
631 2828 222 48 Stümer's
885 2832 215 64 lyrischer
1131 2834 198 66 Vortrag
1364 2837 77 47 mit
1472 2838 85 47 den
1588 2855 72 32 see-

148 2897 238 57 lenvollen,
419 2903 202 48 weichen
654 2906 158 48 Tönen
845 2909 149 47 seiner
1032 2911 128 47 edeln
1194 2914 335 49 Tenorstimme
1562 2916 122 49 hatte

146 2982 142 41 etwas
332 2979 280 49 sirenenhaft
644 2984 364 61 Bestrickendes,
1053 2989 90 47 und
1187 2992 92 46 sein
1310 2992 184 47 Zauber
1525 2994 159 49 wurde

146 3070 87 29 nur
263 3057 196 47 erreicht
491 3058 141 48 durch
659 3060 84 49 den
771 3079 82 32 von
881 3065 196 49 Blume's
1104 3070 434 62 unvergleichlicher
1564 3072 89 48 Cha-

146 3131 258 51 rakteristik
440 3137 87 47 und
556 3137 69 49 die
653 3140 219 49 Noblesse
903 3144 144 47 seines
1074 3146 221 56 Humors,
1327 3147 69 48 die
1427 3149 99 47 eine
1557 3150 105 48 treff-

144 3209 133 59 liche,
346 3214 358 64 wohlgeschulte
763 3220 544 70 Bühnen-Erscheinung
1371 3231 308 45 unterstützte.

146 3287 161 49 Dieser
339 3290 82 49 fast
454 3295 286 48 unerreichte
764 3298 252 49 Darsteller
1046 3300 76 48 des
1155 3303 101 47 Don
1450 3304 41 49 in
1524 3304 157 50 dessen

146 3366 194 49 Händen
372 3369 120 49 diese
526 3373 127 47 Rolle
686 3374 111 48 volle
828 3375 70 50 25
930 3378 142 48 Jahre
1105 3396 113 40 war,
1260 3380 163 49 befand
1455 3383 109 53 sich,
1598 3385 83 48 wie

142 3444 204 56 Stümer,
397 3447 136 50 1821
574 3451 40 46 in
649 3451 79 48 der
758 3453 166 49 Blüthe
964 3457 143 47 seines
1140 3459 224 47 Talentes.
1423 3461 65 46 Er
1516 3463 161 63 sprach

142 3537 44 31 es
221 3522 246 65 begeistert
499 3544 96 40 aus,
627 3530 84 47 wie
741 3547 45 31 es
818 3532 74 47 ihn
926 3534 89 46 und
1046 3536 121 48 seine
1191 3537 210 56 Stimme,
1432 3547 111 39 trotz
1569 3540 110 47 aller

140 3600 410 67 Schwierigkeiten
582 3607 80 48 der
687 3609 151 48 Partie
863 3610 77 47 des
967 3613 188 64 Caspar,
1187 3615 204 66 erquickt
1425 3617 134 55 habe,
1585 3618 68 48 die-

139 3694 77 31 sen
250 3681 113 46 nach
388 3682 101 48 dem
511 3686 256 63 Antigonus
793 3688 40 47 in
859 3689 246 63 Spontini's
1428 3713 50 28 zu
1504 3695 172 65 singen.

261 3758 292 59 Rebenstein,
590 3764 196 57 Wauer,
818 3767 269 49 Hillebrand
1123 3770 90 47 und
1241 3772 310 49 Wiedemann
1583 3791 61 30 wa-

141 3850 78 31 ren
252 3835 86 48 den
372 3839 207 49 Partieen
613 3841 76 48 des
720 3843 215 57 Ottokar,
984 3848 150 55 Kuno,
1180 3850 168 47 Samiel
1394 3851 90 47 und
1527 3852 147 47 Kilian

140 3913 306 51 vollkommen
479 3921 290 61 gewachsen,
802 3923 89 46 und
924 3923 70 49 die
1025 3925 209 49 liebliche
1265 3928 240 48 Henriette
1536 3930 109 48 Rein-

139 3991 136 56 wald,
317 3994 98 48 eine
452 4012 48 32 so
539 4007 109 54 gute
679 4000 238 64 Sängerin,
962 4001 100 49 dass
1107 4005 69 46 ihr
1208 4006 113 47 nach
1355 4006 80 48 der
1467 4008 205 48 Eunicke

139 4068 70 48 die
244 4072 128 47 Rolle
419 4073 75 48 des
527 4078 250 48 Aennchen
824 4080 280 63 übertragen
1154 4083 172 56 wurde,
1373 4085 186 47 erfasste
1601 4086 69 48 die

1804 287 145 47 kleine
1991 290 147 49 Paitie
2180 294 79 48 der
2305 298 321 66 Brautjungfer
2664 304 42 47 in
2749 305 122 48 ihrer
2912 308 267 67 Bedeutung
3228 314 90 48 und

1804 362 186 50 brachte
2020 367 61 47 sie
2112 370 42 47 in
2179 371 99 47 dem
2305 389 188 48 ganzen,
2523 378 69 47 ihr
2620 381 305 50 immanenten
2951 385 365 65 jungfräulichen

1802 440 133 48 Reize
1963 459 79 30 zur
2074 445 210 66 Geltung.

1919 520 92 46 Der
2052 522 118 47 Blick
2216 526 81 46 auf
2339 526 141 50 dieses
2521 532 511 54 Personal,vermehrte
3074 541 113 49 nach
3228 543 85 50 den

1802 593 272 53 Vorstudien
2107 600 70 48 die
2207 602 288 65 unbefangen
2528 607 169 50 heitere
2730 611 89 48 und
2851 612 82 49 fast
2955 616 201 64 sorglose
3179 620 108 50 Stim-

1801 689 156 47 mung,
1985 673 70 49 die
2083 676 176 50 Weber
2283 680 70 48 die
2385 699 137 46 ganze
2545 686 95 46 Zeit
2662 703 76 31 vor
2762 689 298 67 Aufführung
3086 694 76 49 des
3190 699 98 47 Frei-

1797 748 152 50 schütz
1992 753 197 50 erfüllte.
2249 757 80 47 Mit
2371 760 143 48 einem
2560 762 285 51 lächelnden:
2888 769 137 54 „Wie
3057 771 106 49 Gott
3201 776 113 46 will!

1801 826 57 47 Es
1883 828 111 47 wird
2016 830 139 48 schon
2413 837 105 47 wies
2547 855 49 31 er
2625 840 84 47 alle
2733 841 178 66 bangen
2933 846 381 70 Zuflüsterungen

1797 920 82 32 von
1921 905 80 48 der
2032 908 151 49 Hand.
2241 911 221 65 Dagegen
2503 917 212 63 empfand
2754 921 121 47 seine
2912 924 206 48 liebende
3158 927 154 50 Gattin

1797 990 77 38 mit
1906 982 80 47 fast
2018 985 296 50 krankhafter
2343 990 331 67 Lebendigkeit
2711 995 70 48 die
2813 997 272 68 Bedeutung
3114 1001 80 50 der
3234 1005 52 49 be-

1796 1060 327 49 vorstehenden
2169 1065 231 49 Momente
2443 1068 76 47 für
2563 1071 214 49 Weber's
2822 1075 350 53 Künstlerleben
3223 1082 91 50 und

1796 1136 373 52 Künstlerruhm.

1910 1218 86 45 Am
2036 1216 78 49 14.
2147 1218 89 49 Mai
2268 1221 107 63 ging
2406 1221 243 63 Spontini's
2673 1225 211 66 Olympia
2913 1231 80 47 mit
3021 1235 290 63 gewaltigem

1797 1291 155 64 Erfolg
1982 1293 42 47 in
2056 1294 159 50 Scene.
2246 1297 108 47 Erst
2382 1315 73 30 am
2488 1298 85 50 21.
2606 1302 87 47 Mai
2726 1303 167 50 konnte
2925 1307 177 50 Weber
3132 1312 176 50 endlich

1792 1366 71 48 die
1902 1368 184 50 Proben
2126 1388 99 32 zum
2268 1374 260 49 Freischütz
2573 1378 77 46 mit
2692 1380 123 48 einer
2860 1383 202 66 Prüfung
3105 1386 80 49 der
3227 1406 82 32 von

1792 1446 156 48 Laidel
1991 1448 296 51 einstudirten
2333 1452 151 49 Chöre
2528 1453 243 66 beginnen,
2823 1457 70 51 bei
2936 1461 136 51 deren
3115 1467 196 55 zweiter,

1792 1523 124 48 einer
1945 1524 413 61 Quartett-Probe,
2395 1531 75 47 ihn
2499 1532 92 47 sein
2622 1535 221 62 geliebter
2871 1537 193 51 Schüler
3095 1543 219 50 Benedikt

1792 1599 311 52 überraschte.
2140 1606 179 49 Weber
2342 1608 89 47 und
2456 1609 122 49 seine
2603 1611 151 48 Gattin
2785 1615 259 66 empfingen
3069 1617 84 51 den
3186 1622 105 47 treff-

1790 1678 145 48 lichen
1959 1679 176 66 jungen
2166 1683 139 48 Mann
2337 1686 85 45 wie
2452 1686 128 48 einen
2611 1688 140 50 Sohn.
2809 1692 203 51 Letztere
3044 1696 145 49 fühlte
3219 1700 92 47 sich

1790 1755 206 65 ruhiger,
2027 1759 75 49 ihn
2138 1761 309 49 fortwährend
2479 1764 42 47 in
2556 1766 214 49 Weber's
2799 1769 128 50 Nähe
2970 1773 205 51 wissend.
3232 1778 82 47 Mit

1790 1833 300 51 leuchtenden
2123 1839 164 64 Augen
2317 1841 196 48 erzählte
2541 1842 64 48 sie
2632 1843 111 57 ihm,
2791 1847 78 47 mit
2899 1849 217 50 welchem
3153 1855 137 47 rastlo-

1789 1926 78 33 sen
1896 1912 142 57 Eifer,
2081 1916 197 49 welcher
2316 1917 140 49 Liebe
2495 1918 74 50 die
2607 1922 217 49 Künstler
2869 1924 90 49 sich
2998 1927 99 48 dem
3138 1931 176 49 Werke

1792 1989 260 60 widmeten,
2084 1993 91 48 und
2204 2002 138 42 setzte
2372 1996 155 50 hinzu:
2568 1998 147 56 „Was
2738 2002 117 48 mich
2880 2011 207 52 staunen,
3109 2007 111 49 aber
3243 2009 70 49 die

1789 2070 175 60 grösste
1989 2069 179 48 Freude
2194 2073 167 55 macht,
2380 2073 71 58 ist,
2467 2073 102 50 dass
2588 2076 179 49 Weber
2789 2079 90 49 sich
2899 2082 117 48 wohl
3043 2083 90 48 und
3157 2087 130 61 glück-

1790 2144 83 47 lich
2105 2149 84 47 Die
2215 2149 151 50 Chöre
2389 2152 165 65 gingen
2578 2154 137 49 schon
2740 2157 295 52 vortrefflich.
3071 2162 91 47 Der
3176 2163 136 50 Jubel

1792 2239 94 31 war
1915 2241 145 47 gross,
2100 2227 63 47 als
2198 2229 50 46 W
2265 2229 111 47 eber
2406 2229 70 50 bei
2508 2230 102 49 dem
2634 2233 674 72 Schützenkönigs-Marsche*)

1790 2300 215 66 Henning
2036 2303 111 48 oder
2178 2305 192 59 Seidler,
2410 2307 70 48 die
2522 2308 69 48 bei
2632 2309 82 48 der
2751 2321 147 40 ersten
2932 2314 174 51 Violine
3144 2335 169 40 sassen,

1789 2377 79 48 das
1898 2379 279 50 Instrument
2207 2384 243 64 wegnahm
2490 2385 89 49 und
2620 2388 171 66 anfing,
2829 2392 136 48 selbst
2999 2411 51 30 zu
3088 2397 224 49 stimmen.

1790 2457 84 47 Die
1905 2457 94 48 drei
2030 2459 204 57 Quinten
2276 2463 158 47 sollten
2474 2481 48 30 so
2561 2465 126 49 recht
2724 2467 119 49 frech
2876 2471 89 46 und
2998 2474 315 50 unverschämt

1789 2531 206 68 klingen!
2037 2537 128 48 Nach
2194 2538 149 49 seiner
2377 2540 156 49 Weise
2564 2552 165 39 wusste
2762 2545 179 50 Weber
2972 2547 101 49 bald
3107 2552 78 47 mit
3215 2553 73 47 mil-

1787 2610 101 48 dem
1930 2613 179 56 Ernste,
2156 2614 104 50 bald
2301 2618 80 47 mit
2415 2619 150 48 Ironie
2603 2622 116 47 auch
2761 2622 95 49 hier
2895 2624 73 50 die
3007 2627 216 49 Künstler
3260 2647 52 31 zu

1788 2688 156 49 fesseln
1978 2690 92 48 und
2099 2693 137 48 straff
2258 2712 51 30 zu
2342 2695 147 49 leiten.
2532 2698 84 47 Die
2646 2699 214 66 Neigung
2889 2719 51 32 zu
2973 2703 109 57 ihm,
3113 2705 80 49 der
3218 2708 91 47 En-

1839 2844 9 6 .
1888 2816 36 47 *)
1952 2818 49 35 Es
2030 2830 87 37 mag
2145 2821 82 36 hier
2267 2822 106 36 nicht
2414 2824 227 38 unbemerkt
2682 2826 165 48 bleiben,
2890 2830 88 37 dass
3008 2832 140 36 Weber
3187 2834 124 38 dieses

1782 2877 193 35 köstliche
2003 2879 245 39 Musikstück
2278 2885 123 34 einem
2432 2885 161 45 uralten,
2622 2888 242 37 erztrivialen
2892 2891 175 37 Marsche
3096 2895 197 47 nachgebil-

1783 2938 61 34 det
1873 2937 76 44 hat,
1980 2938 71 35 den
2080 2952 86 24 man
2196 2943 100 36 noch
2319 2944 98 45 jetzt
2443 2945 40 34 in
2502 2945 172 37 Böhmen
2704 2948 81 36 hier
2813 2951 76 34 und
2917 2952 46 34 da
2989 2952 198 49 erklingen
3217 2956 96 36 hört,

1782 2998 77 34 und
1889 2999 133 35 dessen
2061 3012 38 24 er
2138 3003 83 34 sich
2249 3014 74 24 von
2351 3005 99 46 Prag
2484 3005 67 36 her
2592 3008 315 38 wahrscheinlich
2952 3018 172 32 entsann.
3180 3017 134 36 Dieser

1780 3057 140 37 lautet:

1878 3986 81 35 Der
1997 3987 204 46 geistvolle
2231 3988 164 37 Ambros
2437 3998 82 40 sagt
2563 3992 86 36 sehr
2690 3993 162 47 richtig:
2902 3996 111 45 „Man
3049 3997 149 36 schätzt
3236 3998 70 37 den

1774 4044 137 36 Scherz
1943 4048 51 33 im
2024 4047 221 36 Freischütz
2276 4057 73 28 erst
2378 4050 119 45 recht,
2527 4064 108 24 wenn
2668 4066 86 24 man
2785 4054 66 36 das
2880 4055 173 47 Original
3081 4057 131 37 kennt.
3219 4058 9 19 4
3228 4067 9 10 *

2805 4119 94 34 Der
2939 4120 262 35 Verfasser.
