3538 4366
1817 215 0 0 192

254 301 107 40 Herr
405 299 187 40 Gustav
629 298 191 51 Flügel,
862 297 264 41 Musiklehrer
1154 309 62 27 am
1245 297 36 39 k.
1312 297 180 39 Seminar
1521 309 47 26 zu
1596 297 93 39 Neu-

176 363 143 46 wied,
347 362 47 38 ist
422 372 75 26 von
527 360 89 38 dem
646 360 36 38 k.
701 359 264 40 Ministerium
995 360 70 38 der
1094 358 227 51 geistlichen
1350 358 80 38 und
1463 358 257 38 Unterrichts-

175 421 368 52 Angelegenheiten
572 419 39 40 in
633 420 133 40 Berlin
795 419 142 40 mittels
969 420 244 39 ehrenvoller
1230 419 194 38 Zuschrift
1446 430 91 27 vom
1560 419 63 38 31.
1640 416 81 42 Mai

176 487 37 38 d.
240 485 34 38 J.
305 496 89 26 zum
423 481 289 42 Musik-Dir
724 486 77 34 eet
813 494 53 26 or
896 487 165 34 ernannt
1091 482 172 38 worden.

254 590 200 50 August
481 588 199 44 Müller,
710 586 186 51 Organist
924 587 40 38 in
984 588 124 43 Ems,
1131 586 64 38 hat
1216 585 256 50 „dreissig
1492 585 69 39 der
1583 585 115 39 schön-

178 657 85 34 sten
291 649 352 52 protestantischen
672 647 226 40 Choräle
940 647 69 38 mit
1039 647 198 38 einfacher
1265 646 218 39 Harmonie
1510 646 62 38 für
1601 645 120 51 Orgel

178 714 94 37 oder
579 709 121 48 (Ems,
731 708 62 38 bei
823 708 42 38 L.
895 709 33 37 J.
959 708 279 49 Kirchberger)
1269 707 334 49 herausgegeben.
1647 707 73 38 Die

178 772 177 45 Choräle,
396 770 115 39 meist
540 781 69 27 aus
639 770 89 38 dem
771 768 304 39 siebenzehnten
1103 768 279 46 Jahrhundert,
1424 767 86 38 sind
1540 772 68 45 gut
1636 779 64 26 aus-

176 832 189 51 gewählt;
408 831 64 38 bei
514 830 156 50 einigen
714 829 47 38 ist
805 829 62 38 die
897 827 217 40 Harmonie
1152 828 142 38 älterer
1324 827 282 51 Componisten
1634 826 87 51 (wie

175 906 31 26 z.
236 893 46 39 B.
310 892 91 39 Seb.
429 891 152 50 Bach's)
610 889 263 40 beibehalten.

253 1002 43 22 **
325 1002 368 41 WiesKjaden,
722 998 37 37 5.
788 995 105 40 Juni.
951 995 165 39 Gestern
1160 994 90 39 fand
1295 993 85 39 hier
1417 994 67 38 das
1513 995 113 38 letzte
1655 994 68 39 der

175 1074 76 27 von
282 1062 91 37 dem
392 1058 344 41 Cäcilien-Verein
765 1058 41 38 in
826 1056 271 50 Vereinigung
1116 1056 70 37 mit
1212 1056 88 38 dem
1323 1055 400 39 Theater-Orchester

176 1121 246 50 arrangirten
451 1120 191 38 Concerte
667 1118 119 46 Statt;
835 1129 40 26 es
903 1117 160 38 brachte
1102 1128 71 25 uns
1214 1116 62 37 die
1305 1115 96 38 zwei
1430 1120 127 33 ersten
1586 1115 137 39 Theile

178 1195 68 26 aus
275 1181 178 51 Haydn's
482 1179 266 41 Jahreszeiten
776 1178 80 38 und
887 1177 68 37 auf
980 1176 231 50 vielseitiges
1241 1176 227 50 Verlangen
1498 1176 86 38 eine
1616 1176 80 39 Wie-

178 1243 222 49 derholung
443 1242 69 38 der
557 1241 41 38 in
637 1240 89 39 dem
768 1239 142 38 dritten
939 1237 378 38 Vereins-Concerte
1343 1248 87 26 zum
1462 1242 126 33 ersten
1619 1238 104 38 Male

179 1304 274 50 aufgeführten
475 1302 165 46 „Ersten
653 1298 344 51 Walpurgisnacht
999 1301 20 15 44
1036 1309 74 26 von
1135 1297 42 39 F.
1195 1296 528 52 Mendelssohn-Bartholdy.

177 1363 76 39 Die
282 1363 80 39 Soli
390 1363 42 37 in
461 1366 185 34 ersterem
678 1359 147 39 Werke
874 1370 131 27 waren
1051 1357 123 38 durch
1220 1357 101 38 Frau
1366 1357 357 49 Jagels-Roth,

179 1424 62 39 die
269 1425 157 38 Herren
454 1423 231 37 Brunner
714 1420 80 38 und
825 1419 339 49 Eichberger,
1194 1418 81 38 und
1303 1418 40 38 in
1372 1419 197 38 letzterem
1599 1419 122 39 durch

176 1484 105 38 Frau
322 1484 176 49 Hagen
543 1482 82 38 und
668 1480 62 38 die
774 1480 157 38 Herren
977 1479 250 45 Brunner,
1274 1478 326 39 Ueberhorst
1643 1479 80 38 und

175 1544 262 49 Eichberg
447 1555 50 26 er
540 1543 89 37 sehr
669 1545 69 46 gut
765 1541 164 45 besetzt;
976 1539 63 39 die
1070 1538 127 40 Chöre
1230 1550 131 26 waren
1390 1538 70 38 mit
1488 1538 123 38 Fleiss
1640 1539 83 37 und

176 1606 169 50 Sorgfalt
374 1603 207 40 einstudirt
608 1602 83 38 und
719 1602 165 38 wurden
907 1613 75 26 von
1006 1599 275 39 sämmtlichen
1297 1599 321 47 Ausführenden,
1641 1599 61 39 ein-

178 1668 110 37 zelne
315 1664 217 51 ängstliche
561 1663 182 38 Einsätze
773 1661 274 51 abgerechnet,
1076 1672 68 26 zur
1167 1660 127 39 vollen
1324 1660 172 50 Geltung
1524 1660 200 50 gebracht.

183 1728 74 38 Das
286 1726 234 40 rühmlichst
548 1724 197 39 bekannte
775 1722 209 38 Orchester
1026 1721 149 38 leistete
1210 1721 186 38 ebenfalls
1425 1721 298 50 Vorzügliches,

180 1800 43 27 so
252 1788 88 38 dass
379 1787 71 38 wir
491 1785 63 38 die
596 1789 114 34 unter
752 1783 69 38 der
849 1782 167 48 Leitung
1060 1792 160 27 unseres
1249 1780 315 50 Capellmeisters
1592 1781 132 37 Herrn

178 1849 177 49 Hagen
385 1858 72 28 uns
486 1845 210 50 gebrachte
714 1842 253 50 Aufführung
990 1842 127 38 dieser
1142 1840 144 39 beiden
1314 1841 174 38 schönen
1502 1840 222 40 Tonwerke

179 1910 53 38 ais
261 1908 86 39 eine
376 1907 139 38 höchst
541 1906 235 49 gelungene,
805 1903 215 38 effectvolle
1049 1901 242 40 bezeichnen
1319 1901 171 39 können.

258 2016 478 37 Sondersliausera.
785 2009 175 49 Sonntag
989 2007 76 39 den
1097 2007 59 39 18.
1187 2007 78 40 Mai
1295 2007 128 39 haben
1454 2020 141 26 unsere
1624 2007 79 39 dies-

173 2078 182 51 jährigen
386 2074 295 40 Loh-Concerte
711 2070 147 38 wieder
887 2070 222 49 begonnen.
1164 2068 77 39 Ein
1269 2069 90 39 sehr
1387 2070 212 49 gewähltes
1628 2069 72 38 Pro-

179 2150 153 38 gramm
360 2136 131 38 leitete
521 2134 55 39 sie
606 2132 68 39 auf
698 2131 176 49 würdige
904 2129 135 39 Weise
1069 2129 74 38 ein.
1199 2129 190 39 Dasselbe
1418 2131 66 37 bot
1512 2130 70 38 der
1610 2130 95 38 fürst-

174 2199 131 39 lichen
333 2197 229 49 Hofcapelle
606 2206 102 26 neue
738 2190 268 52 Gelegenheit,
1051 2190 115 38 ihren
1206 2191 125 49 längst
1375 2190 229 39 bewährten
1644 2190 83 38 Ruf

175 2260 83 38 aufs
286 2256 250 52 glänzendste
564 2267 48 25 zu
640 2253 288 48 rechtfertigen.
958 2250 253 39 Sämmtliche
1239 2251 352 38 Ensemblestücke
1621 2263 76 26 wur-

177 2322 77 37 den
293 2319 69 39 mit
400 2319 102 38 eben
541 2328 42 26 so
629 2315 119 38 vieler
790 2312 205 39 Präcision
1035 2312 55 38 als
1132 2312 307 38 künstlerischer
1467 2313 255 50 Vollendung

177 2380 295 50 durchgeführt.
529 2379 122 39 Unser
694 2375 124 38 durch
862 2375 144 38 Decret
1046 2375 60 37 Sr.
1136 2373 268 39 Durchlaucht
1445 2374 68 37 des
1555 2374 167 37 Fürsten

173 2443 136 51 jüngst
337 2446 77 34 erst
440 2451 90 27 zum
558 2435 425 40 Kammer-Virtuosen
1011 2439 210 34 ernannter
1249 2434 166 38 Hornist
1443 2435 170 49 Mayer
1642 2439 61 33 ent-

176 2503 139 39 zückte
343 2502 124 38 durch
510 2500 78 38 den
614 2499 171 48 Vortrag
828 2496 107 39 eines
962 2495 186 39 Concerts
1187 2507 74 26 von
1292 2496 156 37 Kuntze
1488 2495 63 38 die
1579 2495 144 49 Menge

177 2565 70 38 der
275 2562 187 46 Zuhörer,
492 2561 62 38 die
578 2559 133 51 jedem
741 2557 129 38 seiner
898 2557 110 38 Töne
1037 2557 42 37 in
1107 2556 235 39 athemloser
1371 2556 108 38 Stille
1507 2556 216 38 lauschten.

175 2625 105 39 Herr
308 2625 139 49 Mayer
474 2622 48 38 ist
549 2620 163 40 Meister
740 2618 69 38 auf
832 2616 150 39 seinem
1011 2616 276 44 Instrumente,
1327 2616 84 39 sein
1441 2616 169 51 Vortrag
1638 2628 57 27 mu-

174 2685 215 51 stergültig.
443 2684 48 38 In
518 2681 245 40 Anbetracht
801 2691 41 27 so
872 2679 304 38 künstlerischer
1206 2678 264 50 Vollendung,
1514 2678 75 38 wie
1617 2678 105 38 Herr

176 2747 136 50 Mayer
340 2745 54 39 sie
423 2744 69 39 auf
514 2743 148 39 seinem
690 2742 263 37 Instrumente
982 2738 150 46 besitzt,
1161 2738 195 38 erscheint
1384 2738 62 38 die
1477 2738 244 51 Verleihung

177 2808 67 38 des
272 2805 221 40 Prädicates
522 2803 107 39 eines
658 2799 424 40 Kammer-Virtuosen
1110 2810 50 26 an
1188 2799 215 38 denselben
1433 2799 54 37 als
1517 2799 61 37 ein
1609 2799 90 37 schö-

177 2880 70 27 ner
275 2866 165 46 Beweis,
469 2865 86 38 dass
585 2863 63 40 Se.
665 2862 271 38 Durchlaucht
964 2871 119 27 unser
1111 2859 293 50 kunstsinniger
1423 2860 114 37 Fürst
1566 2859 153 39 wahres

176 2928 224 46 Verdienst,
442 2926 74 39 wie
543 2925 82 39 und
654 2936 60 27 wo
745 2935 39 28 es
813 2923 82 38 sich
923 2922 121 50 zeige,
1088 2934 48 25 zu
1164 2921 206 50 würdigen
1397 2921 82 38 und
1510 2921 184 39 hervorzu-

175 2989 130 40 heben
331 2991 91 35 stets
451 2986 124 39 bereit
602 2985 61 38 ist.

253 3094 80 38 Der
360 3090 246 40 Stifts-Vicar
625 3091 66 39 Dr.
715 3090 200 38 Domini
932 3100 86 27 cus
1046 3090 192 38 Metten
1254 3088 156 38 leiter
1434 3100 46 26 zu
1502 3088 185 49 Regens-

178 3157 138 47 burg,
345 3154 106 38 einer
473 3154 74 41 tier
576 3152 234 50 tüchtigsten
831 3152 237 39 Dilettanten
1100 3150 78 39 und
1204 3149 444 51 Musik-Verständigen
1677 3150 40 38 in

180 3216 350 46 Süddeutschland,
558 3216 64 38 hat
649 3217 115 38 einen
792 3216 274 48 Festgruss
1490 3234 51 5 —
1564 3224 48 26 an
1642 3213 76 37 den

179 3276 358 49 hochwürdigsten,
552 3277 40 38 in
616 3277 115 42 Wien
747 3277 194 49 tagenden
967 3274 349 42 österreichischen
1333 3273 212 50 Episcopat
1561 3273 134 50 gedich-

177 3342 53 38 tet
257 3338 81 39 und
367 3339 63 39 für
456 3335 82 40 vier
564 3337 348 39 Männerstimmen
941 3340 155 46 gesetzt,
1124 3335 170 40 welcher
1322 3335 40 38 in
1391 3336 199 48 eleganter
1617 3335 77 37 Aus-

180 3399 99 49 gabe
307 3398 41 39 in
375 3398 264 50 Regensburg
666 3398 65 37 bei
759 3398 133 38 Pustet
919 3398 230 38 erschienen
1178 3396 59 38 ist.

2520 3899 257 45 (Hierbei
2806 3905 128 34 eine
2965 3906 281 46 Heal&g-e.^

1927 4003 370 40 Verantwortlicher
2323 4005 279 49 Herausgeber
2614 4018 8 23 :
2656 4006 105 39 Prof.
2789 4007 44 39 L.
2859 4008 181 38 Bischoff
3059 4008 41 39 in
3128 4011 119 38 Köln.

1876 4055 210 49 Verleger:
2113 4056 55 39 M.
2197 4055 528 54 DuMont-Schauberg'sche
2753 4059 316 52 Buchhandlung
3096 4062 41 38 in
3166 4064 117 37 Köln.

1851 4106 199 41 Drucker:
2078 4107 54 40 M.
2159 4108 432 52 DuMont-Schauberg
2619 4107 41 42 in
2687 4111 121 47 Köln,
2838 4112 249 40 Breitstrasse
3117 4115 48 38 76
3196 4125 22 25 u
3262 4116 62 38 78.

642 3539 605 57 Ankündigungen.

257 3695 57 36 Im
348 3693 152 48 Verlage
526 3704 70 24 von
639 3691 118 39 Carl
792 3690 232 37 Luckhar
1034 3690 47 35 dt
1121 3690 40 35 in
1188 3689 133 37 Kassel
1355 3690 88 35 sind
1474 3703 39 23 so
1542 3689 85 38 eben
1655 3704 61 23 er-

180 3749 170 36 schienen
362 3760 12 26 x

180 3802 123 43 Bott,
331 3800 37 36 J.
397 3799 35 36 J.
438 3828 9 17 y
492 3796 91 38 Drei
609 3796 131 35 Lieder
777 3808 71 24 van
883 3795 84 36 Em.
998 3793 122 37 Geibel
1153 3794 67 46 für
1259 3794 81 35 eine
1370 3793 257 38 Tenorstimme
1653 3797 66 34 mit

493 3848 212 48 Begleitung
732 3848 59 35 des
820 3848 118 37 Piano
938 3848 106 44 forte.
1074 3847 68 49 Op•
1172 3846 61 37 17.
1289 3847 47 34 15
1366 3845 81 48 Sgr.

183 3906 194 43 Jansen,
406 3903 43 37 F.
479 3901 57 45 G,
564 3900 155 36 Maiour
722 3899 50 35 ha
799 3900 42 34 de
868 3900 115 35 Salon
1006 3912 99 36 pour
1131 3899 32 35 le
1194 3900 133 35 Piano.
1360 3897 65 50 Op.
1455 3898 60 36 10.
1557 3899 50 36 10
1633 3900 81 47 Sgr.

390 3956 108 35 Deux
524 3953 138 38 Polkas
690 3952 178 46 elegantes
891 3965 96 35 pour
1008 3953 33 34 le
1069 3951 132 36 Piano.
1234 3951 66 49 Op.
1330 3950 60 40 11,
1446 3951 49 35 10
1521 3951 82 47 Sgr.

184 4008 305 45 Kraushaar,
534 4005 281 37 oGretehen
856 4015 65 28 am.
944 4004 222 48 Spinnrade,
1209 4017 70 23 aus
1310 4003 143 35 Geithes
1480 4003 128 45 Faust,
1651 4005 66 45 für

496 4059 79 36 eine
602 4057 233 49 Singstimme
872 4057 66 36 mit
963 4056 208 48 Begleitung
1211 4056 61 38 des
1307 4055 226 49 Pianoforte.
1582 4057 66 51 Op.
1678 4057 38 36 6.

494 4111 70 42 Nu
591 4109 35 37 1*
682 4107 51 40 10
759 4107 71 49 Sgr
832 4134 12 12 *

1814 297 154 46 Liebe,
2001 297 161 45 Louis,
2190 297 270 39 L'Hironclelle.
2488 297 120 37 Etüde
2635 298 43 35 de
2705 299 117 36 Salon
2846 312 97 36 pour
2969 300 33 36 le
3031 299 133 38 Piano.
3198 300 64 50 Op.
3291 298 61 39 33.

2128 351 46 36 15
2204 351 82 47 Sgr.

2023 403 123 45 „Ach,
2187 416 104 24 wenn
2320 404 58 34 ein
2404 403 140 35 rechtes
2575 401 189 37 Gedenken
2975 405 150 36 Gedicht
3158 418 69 22 von
3265 405 90 36 Hel-

2130 457 103 35 mina
2259 468 70 23 von
2360 456 130 46 Chezy,
2516 457 65 43 für
2608 457 78 34 eine
2707 457 89 45 Sing
2799 459 139 33 stimme
2965 460 65 34 mit
3058 459 209 45 Begleitung
3295 459 61 35 des

2129 508 150 46 Pianof.
2306 509 65 44 für
2399 508 146 47 Sopran
2575 508 85 35 oder
2693 508 127 36 Tenor.
2855 510 63 47 Op,
2938 510 63 36 34.
3032 511 68 38 Nr.
3117 511 33 35 1.
3181 511 175 47 7-/^Sgr.

2027 561 55 37 do.
2113 562 58 35 do.
2199 563 64 44 für
2290 560 64 36 Alt
2381 561 86 34 oder
2495 560 170 37 Bariion.
2713 563 23 33 7
2823 560 80 47 Sgr.

2026 614 79 35 Das
2131 613 231 38 Mutterherz.
2383 613 91 35 Lied
2498 614 64 43 für
2589 614 79 35 eine
2697 614 232 45 Singstimme
2957 616 65 33 mit
3049 614 212 48 Begleitung
3290 615 60 35 des

2132 666 119 36 Piano
2253 668 106 44 forte.
2394 666 62 47 Op.
2486 665 61 36 34.
2578 665 66 35 Nr.
2672 666 37 35 2.
2767 667 23 32 7
2877 666 83 45 Sgr.

2024 718 100 35 Mein
2151 718 253 36 Heimatsthal.
2438 717 149 36 Gedicht
2613 731 71 22 von
2712 717 143 47 August
2882 718 149 44 Becker,
3058 719 65 45 für
3149 720 78 33 eine
3241 719 115 46 Sing-

2132 772 141 34 stimme
2312 772 66 33 mit
2415 771 208 46 Begleitung
2661 771 60 34 des
2750 771 217 45 Pianoforte
2999 771 66 45 für
3094 772 147 47 Sopran
3271 772 86 35 oder

2134 823 129 38 Tenor.
2294 823 65 48 Op.
2387 823 62 35 34.
2480 823 67 38 Nr.
2575 821 36 37 3.
2667 824 22 34 5
2719 823 81 46 Sgr.

2023 876 44 35 do
2072 901 10 10 .
2110 876 58 37 do.
2194 877 66 45 für
2286 875 64 35 Alt
2378 875 86 35 oder
2491 876 168 35 Bariton.
2696 877 22 33 5
2750 876 81 45 Sgr.

2025 929 212 36 Abendlied.
2269 927 151 36 Gedicht
2446 941 70 22 von
2547 927 40 36 G.
2610 928 208 43 Scheurlin,
2845 927 65 45 für
2938 928 78 34 eine
3035 927 230 46 Singstimme
3293 929 64 34 mit

2128 981 208 47 Begleitung
2366 980 61 34 des
2454 980 228 45 Pianoforte.
2715 980 63 48 Op.
2809 980 62 34 34.
2900 979 66 36 Nr.
2995 981 38 35 4.
3090 981 23 33 5
3143 981 80 45 Sgr.

1816 1033 289 44 Eschmann,
2133 1033 38 37 J.
2200 1031 54 45 C.,
2289 1032 87 35 Was
2404 1033 116 34 einem
2547 1045 38 22 so
2613 1035 40 33 in
2682 1033 63 34 der
2773 1033 249 46 Dämmerung
3051 1033 154 44 einfällt.
3243 1032 119 46 Zwölf

2132 1085 190 35 Tonbilder
2347 1085 65 44 für
2441 1085 67 34 das
2536 1085 226 45 Pianoforte.
2796 1085 64 47 Op.
2887 1084 37 36 8.
2955 1085 67 37 Nr.
3053 1085 31 34 1.
3116 1085 240 46 Erinnerung

2129 1150 51 22 an
2208 1137 43 37 F.
2282 1135 153 49 Chopin,
2467 1136 49 35 10
2544 1137 81 46 Sgr.
2733 1138 64 36 Nr.
2827 1138 35 37 2.
2891 1136 61 36 An
2980 1138 61 34 Sie
3043 1164 9 16 ,
3084 1139 23 32 7
3119 1140 45 41 >/2
3194 1137 82 46 &gr.

2132 1190 69 37 Nr,
2229 1189 36 35 3.
2302 1188 144 49 Vesper,
2489 1189 44 35 7*
2550 1208 16 27 2
2596 1189 83 46 Sgr.
2787 1190 66 36 Nr.
2876 1190 36 36 4.
2940 1189 243 45 Nachtfalter,
3223 1191 22 32 5
3275 1189 79 46 Sgr.

2207 1240 67 36 Nr.
2299 1242 36 35 5.
2364 1241 275 43 Salon-Etüde,
2804 1242 81 45 Sgr.
2982 1242 64 36 Nr.
3076 1242 38 36 6.
3148 1241 209 36 Geistliches

2126 1294 102 43 Lied,
2258 1293 80 47 71/2
2366 1293 84 46 Sgr.
2508 1294 18 33 1
2564 1294 96 36 Thlr.
2687 1293 52 35 20
2768 1294 82 46 Sgr.

2023 1345 268 38 Lebensbilder.
2341 1345 119 45 Zwölf
2496 1346 157 46 lyrische
2684 1346 202 35 Tonstücke
2925 1347 65 43 für
3032 1346 68 34 das
3128 1346 226 44 Pianoforte.

2129 1398 66 48 Op.
2228 1399 58 34 17.
2317 1397 66 35 Nr.
2411 1400 36 33 7.
2478 1398 105 35 Blick
2610 1400 41 33 in
2680 1398 56 35 die
2768 1398 177 44 Zukunft,
2977 1397 48 35 10
3054 1398 81 46 Sgr.
3235 1398 65 37 Nr.
3321 1398 36 37 8.

2137 1451 137 42 Vision,
2305 1449 104 47 121/2
2439 1450 82 46 Sgr.
2627 1450 67 36 Nr.
2724 1450 35 36 9.
2801 1451 44 34 In
2873 1451 63 34 der
2964 1451 148 43 Kirche,
3142 1452 21 33 5
3193 1451 81 46 Sgr.

2129 1503 66 36 Nr.
2227 1502 60 36 10.
2322 1501 132 37 Armes
2481 1502 102 35 Kind
2611 1515 61 23 am
2707 1502 397 45 Weihnachts-Abend,
3142 1505 22 33 5
3195 1503 80 46 Sgr.

2131 1556 68 36 Nr.
2244 1554 59 36 11.
2348 1555 140 35 Froher
2538 1554 301 45 Winter-Abend,
2888 1557 79 38 71/0
3009 1555 82 45 Sgr.
3199 1555 68 36 Nr.
3297 1554 59 38 12.

2131 1607 183 37 Abschied
2338 1620 81 22 vom
2448 1608 181 45 Freunde,
2658 1608 22 34 5
2710 1607 82 47 Sgr.
2849 1607 19 35 1
2904 1607 96 36 Thlr.
3032 1609 47 33 15
3109 1608 79 46 Sgr.

1818 1662 125 36 Neue
1985 1660 279 46 Sammlung
2307 1658 230 37 beliebter
2585 1661 153 33 Tänze
2779 1660 97 34 und
2917 1659 223 36 Märsche
3182 1661 66 45 für
3288 1660 68 35 das

2132 1713 228 44 Pianoforte.
2388 1712 65 35 Nr.
2472 1712 61 36 21.
2563 1712 229 44 Eschmann,
2822 1712 191 47 Schwyzer
3031 1713 175 44 Ländler,
3230 1714 23 33 5
3273 1713 83 44 Sgr.

2208 1765 66 35 N?\
2305 1765 62 37 22.
2396 1764 229 44 Eschmann,
2656 1764 363 49 Rennweg-Galopp,
3048 1766 22 33 5
3102 1766 78 45 Sgr.
3288 1765 67 34 Nr.

2130 1817 63 36 23.
2225 1816 123 44 Golde,
2376 1815 60 45 A.,
2467 1817 196 35 Polonaise
2691 1818 87 35 über
2806 1816 203 37 Gumbert's
3042 1818 155 43 Thräne,
3228 1819 22 32 5
3272 1818 82 45 Sgr.

2209 1869 65 37 Nr.
2300 1870 66 38 24.
2406 1870 153 44 Sennai,
2592 1868 57 46 G.,
2691 1870 328 49 Ottilien-Galopp,
3048 1872 21 33 5
3100 1870 82 46 Sgr.
3289 1869 65 36 Nr.

2130 1922 65 37 25.
2225 1921 99 45 Abel,
2369 1921 377 46 Augusten-Walzer,
2783 1924 21 32 5
2835 1922 81 46 Sgr.
3033 1922 64 38 Nr.
3125 1922 65 44 26,
3232 1920 123 37 Boch-

2130 1986 127 32 mann,
2300 1973 449 50 Euphrosynen-Galopp,
2779 1976 23 33 5
2832 1974 80 47 Sgr.
3021 1974 65 37 Nr.
3116 1975 62 43 27,
3208 1973 147 49 Schup-

2126 2033 93 42 pert,
2253 2027 54 43 C.,
2337 2027 208 43 Polonaise,
2575 2028 22 33 5
2628 2027 80 46 Sgr.
2792 2027 66 36 Nr.
2877 2027 63 44 28,
2971 2027 162 43 Fischer,
3168 2027 187 34 Fortuna-

2140 2079 153 43 Walzer,
2324 2081 79 41 71'2
2432 2079 80 46 Sgr.
2621 2080 65 37 Nr.
2714 2079 63 35 29.
2809 2079 212 44 Reichardt,
3054 2079 157 45 Erfüllte
3236 2079 118 35 Wün-

2127 2131 96 43 sche,
2274 2131 154 43 Walzer,
2472 2131 49 35 10
2552 2133 78 45 Sgr.
2766 2131 67 35 Nr.
2861 2131 63 38 30.
2956 2132 92 41 Bott,
3098 2131 257 35 Weihnachts-

2129 2183 129 44 Polka,
2289 2184 22 33 5
2343 2185 153 44 Sgr.—
2524 2183 66 36 Nr.
2606 2183 65 38 31.
2700 2184 214 43 Reichardt,
2943 2183 412 49 Liedertafel-Galopp;

2127 2235 136 46 Meyer,
2302 2235 227 46 Langsamer
2566 2235 155 44 Walzer,
2764 2237 21 33 5
2815 2236 80 46 Sgr.
3004 2236 66 34 Nr.
3101 2236 62 38 32.
3195 2237 159 42 Fischer,

2129 2288 150 45 Lustig-
2291 2288 350 48 Vorwärts-Galopp
2651 2301 14 31 ;
2694 2288 129 43 Euler,
2852 2288 449 47 Margarethen-Walzer,
3331 2289 23 33 5

2127 2340 82 45 Sgr.
2265 2341 24 32 2
2324 2340 96 35 Thlr.
2557 2340 81 47 Sgr.

2082 2442 53 66 J.
2182 2442 232 84 Haydn's
2461 2444 127 66 Trio
2608 2459 28 51 s
2683 2445 98 65 und
2827 2444 237 67 Sonaten

2195 2535 47 38 in
2281 2547 157 26 neuer
2476 2536 220 39 schöner
2732 2537 172 49 Atisga
2921 2538 21 37 b
2958 2550 19 25 e

1947 2594 54 40 im
2030 2595 169 50 Verlage
2236 2608 75 26 von
2350 2600 301 44 SSreitkopf
2676 2601 43 33 &
2748 2600 200 35 Härtel
2985 2598 40 38 in
3054 2598 170 50 Leipzig.

1886 2679 34 58 I.
1959 2679 154 58 Trio's
2165 2680 79 57 für
2281 2680 296 72 Pianoforte,
2615 2680 190 58 Violine
2853 2682 98 58 und
2989 2681 292 60 Violoncell.

2086 2755 271 49 Vollständige
2385 2755 80 38 und
2496 2761 173 33 correcte
2701 2757 385 50 Partitur-Ausgabe,

2143 2809 190 46 sorgfältig
2363 2808 203 36 bezeichnet
2592 2822 71 21 von
2692 2810 88 34 Fer
2792 2811 33 35 d.
2859 2810 65 34 Da
2934 2813 45 33 vi
2991 2811 34 34 d.

2075 2860 68 36 Nr.
2174 2861 18 34 1
2234 2862 53 34 bis
2314 2860 63 36 31.
2399 2876 5 3 '
2434 2861 105 34 Preis
2573 2862 104 44 jedes
2726 2862 116 34 Trio's
2888 2863 18 33 1
2952 2862 143 38 Thaler.

2013 2943 56 58 Ii
2108 2943 220 60 Sonaten
2364 2943 79 57 für
2483 2944 280 59 Pianoforte
2801 2947 97 56 und
2937 2947 207 59 Violine.

1908 3018 67 38 Nr.
2006 3020 19 33 1
2056 3020 53 35 bis
2135 3019 37 38 8.
2227 3020 106 35 Preis
2353 3020 107 46 jeder
2492 3020 135 35 Sonate
2655 3020 52 35 20
2735 3021 88 47 Ngr.
2853 3023 52 35 bis
2935 3023 19 33 1
2991 3025 96 37 Thlr.
3116 3026 22 33 5
3170 3026 104 46 Ngr.'

2129 3100 79 59 111.
2249 3102 216 57 Sonaten
2503 3102 80 58 für
2621 3103 89 58 das
2748 3104 296 61 Pianoforte.

2039 3176 67 38 Nr.
2136 3176 18 34 1
2187 3177 52 35 bis
2266 3177 63 36 34.
2384 3178 103 36 Preis
2505 3179 107 46 jeder
2639 3180 136 35 Sonate
2807 3182 47 34 10
2882 3183 52 35 bis
2965 3185 46 32 15
3045 3184 87 47 Ngr.

1816 3229 89 36 Jede
1932 3228 137 36 Sonate
2097 3230 137 35 enthält
2262 3232 74 43 auf
2359 3230 63 35 der
2449 3232 126 34 letzten
2604 3232 94 35 Seite
2736 3234 66 33 das
2838 3235 233 37 thematische
3109 3238 245 38 Verzeichniss

2340 3283 62 34 der
2427 3296 143 33 ganzen
2601 3284 229 47 Sammlung.

1868 3333 107 35 Diese
2002 3333 157 36 schönen
2162 3360 9 16 9
2186 3348 8 8 -
2200 3333 262 49 vollständigen
2490 3335 194 47 Ausgaben
2710 3338 41 34 in
2776 3338 310 48 gleichmässigem
3113 3342 241 47 Hochformat

1815 3387 117 35 haben
1961 3387 78 34 sich
2067 3386 54 34 bei
2146 3385 105 35 ihren
2279 3389 179 45 massigen
2477 3388 149 36 Preisen
2644 3389 112 35 schon
2778 3390 212 46 allgemeine
3016 3394 232 37 Theilnahme
3276 3398 78 34 und

1816 3438 153 46 Geltung
1997 3438 183 35 erworben
2216 3439 79 34 und
2329 3440 84 35 sind
2453 3441 97 35 allen
2578 3442 197 35 Freunden
2811 3443 217 37 classischer
3056 3446 121 37 Musik
3205 3450 147 45 angele-

1811 3491 159 47 gentlich
1997 3503 46 22 zu
2071 3491 210 47 empfehlen.

1973 3541 133 38 Durch
2134 3542 72 38 alle
2236 3542 126 38 Buch-
2391 3544 80 37 und
2499 3544 389 51 Musikhandlungen
2916 3559 47 26 zu
2993 3549 202 39 beziehen.

1861 3640 85 36 Alle
1968 3642 42 33 in
2039 3641 119 35 dieser
2180 3642 317 49 Musik-Zeitung
2527 3645 276 49 besprochenen
2837 3648 81 33 und
2950 3649 292 49 angekündigten
3266 3653 89 36 Mu-

1805 3694 158 34 sicalien
1988 3700 69 28 etc.
2083 3694 86 35 sind
2193 3707 47 22 zu
2264 3696 170 35 erhalten
2458 3699 42 33 in
2527 3698 67 35 der
2617 3706 91 28 stets
2728 3699 230 46 vollständig
2988 3705 219 34 assortirten
3233 3705 122 37 Musi-

1809 3746 349 47 calien-Handlung
2191 3748 103 35 nebst
2326 3748 239 38 Leihanstalt
2601 3763 73 22 von
2715 3750 292 38 BERNHARD
3052 3755 217 38 BREUER
3311 3761 40 34 in

1813 3799 138 38 Köln,
1980 3799 244 37 Hochsfrasse
2248 3801 69 34 Nr.
2344 3801 64 36 97.
