3303 4572
880 506 192 54 Walter
1097 508 348 54 Hasenclever
1479 530 22 22 ♦
1542 510 266 68 Antigone

2365 507 67 59 45

1064 794 278 59 DRITTE
1383 795 226 59 SZENE

340 907 296 69 Ismene
675 917 152 68 (läuft
872 917 164 57 durch
1087 919 82 55 die
1213 917 194 68 Menge
1453 944 63 32 zu
1563 921 99 56 den
1708 921 241 75 Stufen):
1984 905 379 72 Schwester!

1126 992 164 71 (Zum
1322 995 209 76 Volke:)

254 1071 360 75 Schleudert
646 1071 102 69 die
780 1070 214 70 Steine

254 1167 98 70 Sie
383 1164 79 68 ist
493 1160 407 84 unschuldig!
938 1161 104 70 Ich
1078 1161 160 70 habe
1271 1192 64 40 es
1370 1183 206 62 getan.

339 1255 286 70 Kreon:
672 1254 340 82 Schlange!

340 1348 301 68 Ismene
659 1374 13 40 :
707 1345 181 69 Mein
923 1347 81 68 ist
1039 1347 101 68 die
1175 1347 271 69 Schuld!

339 1437 287 68 Kreon:
659 1438 356 69 Antworte:

258 1531 148 68 Hast
437 1529 85 69 du
554 1528 100 69 die
686 1527 125 68 Tat
847 1528 369 85 begangen?

339 1622 329 67 Ismene:
701 1618 94 83 Ja.

336 1711 423 83 Antigone:
800 1710 95 70 Zu
929 1724 162 70 spät.

339 1804 329 68 Ismene:
703 1801 164 70 Hört
899 1804 176 68 nicht
1106 1802 110 70 auf
1247 1804 118 68 sie!

338 1894 287 70 Kreon:
659 1894 151 70 Stell
847 1923 122 42 nur
1001 1896 100 68 die
1136 1894 168 71 Falle
1336 1894 128 80 auf,
1498 1896 89 69 sie
1620 1894 176 85 fängt
1829 1895 158 70 euch
2019 1894 216 71 beide!

340 1985 320 69 Ismene:
705 1985 161 82 Jetzt
898 1989 64 66 in
997 1987 110 69 der
1144 1987 132 69 Not
1310 1988 106 68 bin
1451 1987 101 68 ich
1587 1987 99 69 bei
1721 1988 118 68 dir.

338 2077 424 82 Antigone:
799 2077 106 68 Ich
938 2077 273 68 brauche
1243 2077 180 70 keine
1458 2077 193 70 Hilfe.

255 2168 194 69 Siehst
480 2168 89 68 du
606 2168 175 69 nicht
813 2167 137 80 alle,
983 2169 101 69 die
1117 2169 101 69 bei
1253 2169 122 68 mir
1407 2169 190 70 sind?

339 2260 326 68 Ismene:
701 2260 107 70 Ich
842 2260 146 70 sehe
1020 2263 139 67 eine
1192 2261 224 70 Meute
1448 2291 108 40 um
1594 2261 144 70 dich
1775 2289 196 41 rasen.

335 2350 377 85 Antigone
741 2382 13 38 :
790 2351 108 70 Du
923 2354 165 68 irrst.
1124 2352 241 69 Brüder
1389 2354 132 67 und
1548 2352 391 70 Schwestern
1966 2351 294 70 lauschen
2287 2354 140 68 mir.

340 2443 330 69 Ismene:
703 2441 132 71 Soll
868 2444 160 70 auch
1062 2444 101 70 ich
1199 2445 101 69 die
1333 2444 219 70 Steine
1581 2444 417 70 schleudern?

255 2531 296 86 Antigone

258 2622 179 71 Reich
467 2625 121 69 mir
620 2624 100 71 die
755 2624 249 80 Hände,
1039 2625 137 70 weil
1210 2627 113 68 wir
1356 2624 243 70 Frauen
1634 2627 165 68 sind.

338 2716 421 82 Antigone:
796 2717 155 68 Hier
984 2719 81 68 ist
1097 2717 149 68 dein
1281 2717 170 68 Platz
1484 2718 193 70 nicht.

340 2806 320 71 Ismene:
696 2808 134 69 Laß
863 2808 168 71 mich
1065 2808 99 70 bei
1200 2808 100 69 dir
1335 2808 266 70 bleiben.

336 2897 417 84 Antigone:
787 2897 165 81 Geh,
987 2919 156 49 rette
1178 2898 169 72 dich.

341 2987 319 73 Ismene:
697 2991 108 69 Du
838 2990 171 71 stößt
1041 2991 168 70 mich
1242 2991 167 70 fort?

340 3078 414 88 Antigone:
790 3083 184 69 Noch
1007 3084 84 68 ist
1125 3085 165 66 mein
1326 3083 321 69 Schicksal
1680 3083 174 71 nicht
1887 3113 77 39 zu
1999 3083 197 71 Ende.

264 3172 93 66 Du
388 3172 176 71 lebst.
601 3174 107 71 Ich
744 3175 156 69 muß
935 3206 144 39 zum
1112 3173 186 72 Tode
1332 3177 187 81 gehn.

344 3262 284 72 Ismene
659 3288 85 66 (zu
782 3281 233 75 Kreon):
1051 3266 187 80 Herr,
1274 3267 217 70 mache
1528 3267 109 68 das
1671 3266 390 85 Verhängnis
2094 3297 193 55 unge-

264 3363 110 66 Du,
407 3354 107 70 der
546 3357 86 69 du
668 3357 213 84 König
915 3358 144 79 bist,
1096 3357 114 70 hilf
1241 3358 204 69 dieser
1479 3358 151 69 Not.
2108 3358 317 83 [schehen.

918 3457 198 75 (Kreon
1153 3457 161 56 bleibt
1346 3456 398 75 unbeweglich.)

348 3545 319 63 ismene:
684 3540 206 71 Willst
915 3542 87 69 du
1034 3541 102 69 die
1155 3541 194 67 Braut
1378 3540 108 70 des
1519 3544 223 78 eignen
1761 3539 243 69 Sohnes
2020 3540 361 71 schlachten
2398 3547 29 64 ?

343 3621 277 79 Kreon:
654 3633 164 69 Eher
851 3633 104 69 die
988 3634 183 67 letzte
1204 3633 254 69 Sklavin
1492 3635 236 67 meines
1769 3630 267 81 Herdes,

266 3707 91 74 Als
387 3719 131 70 eine
550 3721 199 72 Dirne
783 3724 157 70 ihm.

344 3823 316 61 ismene:
691 3813 292 85 Tyrann!

272 3907 87 56 Du
390 3903 150 70 reißt
570 3908 90 67 sie
691 3937 110 39 aus
837 3908 120 68 den
990 3906 239 69 Armen
1265 3906 217 69 deines
1520 3906 243 69 Kindes
1777 3912 30 63 ?
