3399 4572
846 480 220 50 Eduard
1096 479 275 51 Bernstein
1407 497 22 24 *
1475 478 189 52 Völker
1689 494 66 36 zu
1782 478 188 52 Hause

2485 476 15 57 1

835 1129 463 104 VÖLKER
1354 1149 157 84 ZU
1574 1154 384 81 HAUSE

1008 976 296 82 Eduard
1353 976 445 82 Bernstein

1110 1299 597 59 ERINNERUNGEN

1327 1438 84 71 X.

652 1557 191 74 VON
866 1560 493 74 ENGLANDS
1392 1563 795 73 SOZIALISTISCHEN

970 1667 876 76 INTELLEKTUELLEN

414 1806 120 70 Die
581 1804 445 72 sozialistische
1061 1806 360 85 Bewegung
1467 1836 261 42 unserer
1762 1808 138 70 Zeit
1946 1807 169 71 zieht
2158 1810 133 69 ihre
2326 1808 188 71 Kraft

333 1896 414 72 vornehmlich
781 1928 111 39 aus
927 1900 152 68 zwei
1115 1900 235 82 großen
1387 1901 215 71 Adern
1637 1902 110 69 des
1782 1901 269 70 sozialen
2079 1901 275 71 Lebens.
2387 1902 127 69 Die

332 1991 126 67 eine
489 1992 78 66 ist
598 1990 111 68 der
723 1987 491 88 Klassenkampf
1246 1992 114 69 der
1392 1994 349 68 modernen
1762 1992 465 72 Lohnarbeiter
2252 1992 103 70 für
2379 1994 136 68 ihre

333 2080 343 79 materielle,
710 2080 332 84 politische
1073 2084 135 67 und
1241 2083 558 71 kulturell-soziale
1835 2084 299 84 Hebung,
2183 2086 106 69 die
2319 2086 196 69 andre

334 2173 101 68 das
480 2171 108 69 auf
630 2173 102 68 die
776 2174 228 69 soziale
1048 2174 262 71 Reform
1355 2175 347 84 gerichtete
1747 2175 425 85 ideologische
2216 2177 295 69 Denken.

334 2264 139 83 Jede
505 2264 196 69 dieser
714 2264 213 73 Adern
972 2265 168 70 steht
1171 2269 118 68 mit
1322 2269 112 69 der
1467 2269 240 69 andern
1740 2271 68 67 in
1834 2271 207 67 einem
2068 2271 301 81 gewissen
2384 2269 85 69 Zu-

336 2354 450 87 sammenhang,
823 2358 159 69 wird
997 2358 201 70 durch
1214 2361 91 67 sie
1321 2359 349 72 beeinflußt
1682 2362 137 69 und
1832 2361 183 70 wirkt
2029 2361 110 68 auf
2149 2363 92 68 sie
2256 2362 256 70 zurück.

334 2446 158 70 Aber
524 2448 198 70 dieser
756 2448 555 87 Zusammenhang
1344 2455 137 67 tritt
1515 2452 180 71 nicht
1725 2484 80 39 zu
1835 2453 163 70 allen
2040 2452 218 71 Zeiten
2293 2453 128 72 klar
2446 2456 66 69 in

337 2539 93 69 die
459 2536 451 89 Erscheinung,
958 2544 160 68 wird
1162 2574 125 39 von
1336 2545 121 68 den
1494 2544 369 83 Beteiligten
1909 2544 177 71 nicht
2131 2545 199 71 selten
2374 2574 104 42 ver-

336 2627 195 82 kannt,
564 2632 324 84 zeitweilig
921 2662 183 56 sogar
1133 2635 365 81 abgelehnt.
1543 2636 127 70 Die
1707 2635 335 85 Ideologen
2078 2638 112 68 des
2222 2636 254 84 spekula-

337 2721 152 70 tiven
505 2721 425 84 Sozialismus,
967 2726 101 70 die
1084 2728 364 82 Utopisten,
1484 2729 265 69 standen
1783 2730 88 70 im
1905 2729 121 79 16,,
2070 2729 119 79 17.,
2233 2729 117 77 18.,
2378 2730 134 69 und

337 2812 546 74 verschiedentlich
916 2818 196 70 selbst
1146 2817 164 71 noch
1345 2819 87 69 im
1474 2819 97 71 19,
1607 2818 425 85 Jahrhundert
2065 2820 122 69 den
2208 2818 265 72 Klassen-

338 2902 273 86 kämpfen
647 2908 108 70 des
786 2908 534 74 aufkommenden
1335 2909 395 73 Proletariats
1766 2912 207 70 fremd
1998 2912 359 84 gegenüber
2375 2913 137 70 und

339 2994 226 72 fühlten
581 2998 128 70 sich
727 3031 119 40 von
868 3002 193 70 deren
1076 3001 274 71 Rauheit
1364 3002 409 84 abgestoßen.
1809 3003 126 70 Die
1955 3003 557 85 Klassenkämpfer

339 3088 320 72 wiederum
705 3092 273 73 blickten
1024 3095 109 70 auf
1178 3096 102 69 die
1315 3095 338 84 Ideologen
1697 3095 89 70 als
1830 3096 112 70 auf
1984 3097 526 80 wohlmeinende,

339 3175 134 71 aber
502 3182 441 83 unpraktische
974 3185 563 72 Weltverbesserer
1579 3187 216 72 herab.
1842 3187 143 70 Erst
2031 3189 111 70 das
2196 3190 102 69 19.
2332 3190 144 83 Jahr-

344 3270 251 71 hundert
639 3276 160 69 sieht
830 3280 141 66 eine
1010 3279 295 79 stärkere,
1340 3279 122 70 den
1496 3278 371 83 Beteiligten
1894 3280 227 70 immer
2153 3280 179 70 mehr
2364 3308 148 41 zum

342 3355 375 80 Bewußtsein
751 3368 383 72 kommende
1156 3373 420 82 gegenseitige
1592 3369 566 86 Durchdringung,
2194 3373 101 68 die
2307 3373 68 68 in
2401 3373 111 68 der

343 3445 624 96 Marx-Engelsschen
1016 3462 207 71 Lehre
1249 3492 147 40 vom
1423 3462 360 70 Verhältnis
1820 3463 111 69 der
1956 3463 386 70 materiellen
2375 3464 139 70 und

343 3538 438 90 ideologischen
846 3552 224 71 Kräfte
1132 3557 65 67 in
1274 3556 111 68 der
1451 3553 382 71 Geschichte
1891 3553 136 71 ihre
2093 3555 421 71 theoretische

346 3626 397 98 Begründung
775 3642 221 74 findet.

1429 1438 64 92 *)

423 3767 42 58 *)
495 3771 120 49 Siehe
645 3777 74 45 das
753 3779 326 50 Dezemberheft
1112 3782 75 47 der
1220 3783 175 47 Weißen
1430 3782 172 52 Blätter,
1639 3782 40 47 2.
1712 3782 223 56 Jahrgang,
1983 3783 75 47 das
2096 3783 222 55 Februar-,
2354 3785 158 53 März-,

347 3847 10 25 L
391 3853 65 35 ai<%
614 3846 88 45 und
723 3848 354 56 Septemberheft,
1125 3853 42 45 3.
1188 3852 224 57 Jahrgang,
1459 3851 74 47 das
1555 3852 191 55 Januar-,
1797 3851 354 50 Februar-März-
2175 3855 88 46 und
2286 3855 226 55 Aprilheft,

346 3900 34 44 4«
409 3903 203 63 Jahrgang.
