3332 4572
696 476 245 54 Kasimir
1242 483 74 52 Edschmid
1317 500 64 25 ♦
1382 487 112 51 Die
1495 488 392 55 abenteuerliche
1912 494 177 52 Nacht

2413 498 71 56 89

302 669 221 82 liegen.
808 703 63 39 es
921 675 142 70 lebe
1109 679 110 69 das
1267 683 501 87 ungeschlagene
1802 688 189 71 Herz.
1999 698 37 23 44
2097 690 238 82 Jedoch
2379 696 102 68 die

298 758 240 70 Trauer
570 789 111 42 um
715 764 101 69 die
842 764 251 72 Fürstin
1120 769 338 74 überwand
1482 777 166 68 mich
1683 805 109 42 vor
1815 779 231 71 Ylonas
2072 782 246 85 Augen,
2347 787 132 67 und

297 849 99 70 ich
444 853 172 67 starb
665 852 121 71 fast
835 886 112 39 vor
980 858 300 72 Schmerz
1328 867 135 67 und
1512 868 204 70 nichts
1769 869 170 72 hatte
1972 873 172 70 Wert
2184 875 179 69 mehr
2412 880 64 66 in

296 941 200 69 dieser
546 943 297 73 Sekunde
896 979 197 56 gegen
1148 953 179 70 ihren
1384 956 179 72 Leib.
1637 960 154 71 Und
1845 967 631 70 zusammensinkend

293 1031 282 71 flüsterte
608 1036 135 79 ich;
792 1040 132 68 und
960 1042 117 69 rief
1112 1043 99 70 ihr
1244 1045 144 71 Bild
1421 1078 110 40 vor
1575 1080 205 42 meine
1810 1054 256 85 Augen:
2126 1057 152 78 ~Ich
2312 1059 163 70 habe

292 1126 199 83 wenig
541 1126 159 71 Lust
747 1159 78 39 an
875 1134 274 70 anderen
1190 1136 265 83 Frauen,
1507 1141 103 70 die
1656 1144 235 71 Fasane
1942 1149 134 67 und
2121 1149 101 70 die
2272 1153 202 68 runde

292 1215 225 70 Mauer
548 1220 135 67 und
716 1221 102 70 die
852 1221 203 73 Rehin
1100 1229 143 67 sind
1291 1230 163 70 ohne
1488 1233 252 86 Belang.
1792 1237 180 71 Mich
2020 1254 157 55 stört
2225 1242 99 69 die
2373 1245 65 68 in-

293 1306 322 87 brünstige
634 1309 157 71 Glut
816 1313 112 70 der
952 1317 378 73 sterbenden
1349 1322 284 72 Weiden.
1671 1327 180 70 Mein
1871 1329 210 69 Ruhm
2100 1333 80 69 ist
2197 1333 234 71 Lächer-

292 1397 249 71 lichkeit
575 1430 325 54 gemessen
932 1436 81 41 an
1046 1409 252 71 deinem
1333 1411 188 73 Knie.
1571 1417 171 70 Alles
1788 1421 184 68 wilde
2004 1419 150 73 Tun
2199 1426 82 67 ist
2316 1428 153 66 irrer

292 1489 171 84 Weg,
491 1493 135 69 und
661 1494 86 69 du
781 1526 121 39 nur
938 1498 122 69 bist
1092 1498 156 81 Ziel,
1285 1502 123 71 bist
1441 1504 102 72 die
1581 1508 425 74 Sehnsucht.“

378 1579 250 73 Wieder
661 1586 112 70 sah
805 1588 99 69 ich
938 1591 169 70 mich
1139 1592 204 70 selber
1377 1596 245 82 gekniet
1656 1601 63 69 in
1754 1602 103 68 die
1888 1602 409 83 Landschaft,
2333 1609 134 68 und

289 1698 130 43 lern
456 1701 84 41 im
574 1675 242 72 weißen
851 1680 186 71 Licht
1072 1682 204 71 kniete
1308 1685 201 71 Ylona
1540 1689 110 69 auf
1680 1691 111 69 der
1822 1692 235 80 Kbene,
2092 1698 134 67 und
2259 1698 207 69 hinter

286 1762 96 70 ihr
414 1766 298 71 wuchsen
762 1772 118 68 wie
928 1772 257 72 lichtere
1219 1775 325 74 Flammen
1592 1784 233 67 andere
1871 1814 80 40 zu
1995 1789 173 67 einer
2201 1790 263 84 riesigen

288 1851 188 73 Kette
508 1856 157 70 über
706 1860 103 69 die
842 1861 232 82 Ebene,
1125 1866 133 68 und
1308 1868 117 70 alle
1472 1872 246 72 schrien
1770 1874 97 70 ihr
1901 1877 157 69 Leid
2092 1880 134 69 sich
2259 1882 64 67 in
2359 1882 101 70 die

286 1943 295 75 Gesichte
612 1952 135 67 und
780 1955 260 69 wurden
1074 1955 276 85 langsam
1385 1962 183 82 ruhig
1599 1966 134 67 und
1768 1967 144 68 still.

373 2038 172 70 Aber
589 2042 88 67 als
725 2043 98 69 ich
869 2048 113 66 mit
1027 2048 620 75 zurückkehrendem
1681 2057 173 70 Blick
1888 2059 124 70 den
2045 2061 234 71 Ylonas
2316 2063 143 79 traf,

286 2128 235 71 härtete
555 2132 101 71 ich
689 2137 169 67 mein
898 2138 353 71 zuckendes
1288 2141 166 70 Herz
1484 2146 134 67 und
1651 2147 99 69 ich
1797 2169 169 64 sagte
2008 2152 115 78 ihr,
2173 2153 123 69 daß
2340 2157 120 68 mir

284 2218 169 70 nicht
508 2222 324 72 bestimmt
877 2230 111 76 sei,
1037 2258 79 40 an
1152 2230 359 73 Sehnsucht
1543 2265 76 40 zu
1664 2240 274 68 sterben.
1990 2242 152 69 Und
2188 2245 122 68 daß
2357 2247 102 70 ich

282 2310 152 68 über
468 2312 103 69 die
604 2313 243 73 Leiden
880 2320 342 84 springend
1267 2324 187 68 vieles
1500 2344 109 51 tun
1660 2330 198 69 wolle.
1916 2331 144 70 Daß
2108 2336 352 71 zahlreiche

333 2430 189 42 rauen
548 2405 110 69 auf
681 2409 168 70 mich
876 2430 319 61 warteten,
1223 2411 123 71 daß
1373 2416 99 68 ich
1493 2416 207 73 Ehren
1721 2423 118 81 geil
1860 2425 292 79 erstrebe,
2183 2425 272 73 Fahrten

284 2495 336 71 unendlich
653 2527 40 38 u
710 2501 369 69 nternähme
1123 2504 132 69 und
1300 2507 360 72 strahlende
1694 2510 606 91 Großherzoginnen
2347 2520 72 69 be-

278 2584 163 80 säße,
477 2589 218 67 stürbe
725 2592 157 68 auch
918 2593 296 70 darunter
1248 2625 135 56 weg
1422 2599 108 69 das
1558 2599 166 71 Herz
1760 2632 109 41 vor
1893 2604 244 73 Trauer
2172 2612 114 67 wie
2316 2612 140 67 eine

278 2675 404 84 abgebissene
716 2678 257 76 Frucht.

363 2767 98 68 Da
495 2771 109 68 sah
639 2773 89 68 sie
759 2774 167 69 mich
960 2804 80 40 an
1074 2777 132 70 und
1243 2778 282 74 lächelte.

362 2858 151 71 Und
541 2862 96 70 ihr
664 2863 277 73 Lächeln
964 2868 172 69 ward
1162 2899 68 38 so
1257 2872 84 68 irr
1366 2874 134 67 und
1529 2874 138 78 süß,
1697 2876 121 69 daß
1858 2879 103 69 ich
1989 2880 146 70 wild
2163 2885 287 70 erschrak

274 2950 147 78 und,
460 2951 229 74 Höllen
726 2955 273 81 ahnend,
1035 2959 103 69 die
1171 2961 100 70 ich
1304 2962 173 70 nicht
1502 2964 249 81 kannte,
1787 2969 100 68 die
1914 2970 363 74 Sehnsucht
2309 2976 104 69 auf-

274 3041 188 70 schoß
496 3074 193 54 gegen
725 3049 104 68 die
862 3048 401 73 Einsamkeit.

359 3134 168 70 Aber
561 3139 90 67 sie
684 3157 91 52 tat
806 3138 98 71 ihr
929 3140 281 70 Lächeln
1239 3144 174 70 nicht
1431 3175 153 55 weg,
1605 3149 132 67 und
1773 3149 77 69 da
1878 3152 151 70 hielt
2057 3155 99 69 ich
2185 3185 63 40 es
2276 3159 172 70 nicht

272 3224 170 69 mehr
472 3255 132 41 aus.

338 3314 101 69 Ich
457 3321 182 67 stand
653 3321 128 69 auf.
799 3319 108 71 Ich
928 3323 148 83 ging
1093 3321 267 72 hinüber
1383 3327 65 67 in
1463 3326 122 70 den
1609 3328 164 70 Saal.
1798 3329 125 73 Mit
1940 3333 343 73 bronzener
2300 3338 108 71 Rei-

272 3408 304 82 terpauke,
606 3413 99 68 die
719 3413 109 69 des
851 3413 260 70 Großen
1143 3415 350 72 Friedrichs
1511 3418 399 85 Regimenter
1935 3427 65 68 in
2027 3427 103 69 die
2146 3429 299 74 Schlacht

273 3498 320 83 gedröhnt,
654 3505 246 82 begann
959 3505 99 68 ich
1107 3506 125 69 den
1281 3507 275 85 Umzug.
1617 3511 172 70 Starr
1841 3516 132 69 und
2020 3524 422 70 zeremoniell.

319 3590 241 71 eierlich
595 3595 230 81 paukte
858 3595 101 70 ich
993 3596 198 70 durch
1225 3599 120 68 den
1380 3600 299 71 endlosen
1704 3601 188 88 Gang
1915 3609 133 67 und
2074 3610 167 80 jedes
2268 3610 130 74 Zim-

270 3705 140 45 mer.
471 3683 155 71 Und
674 3686 172 80 jeder
880 3686 343 70 Bewohner
1271 3689 220 70 schloß
1540 3694 131 67 sich
1721 3724 100 41 an.
1881 3697 185 71 Einer
2102 3704 161 70 nach
2295 3705 144 70 dem

269 3773 227 72 andern
532 3778 65 68 in
627 3778 244 71 weißen
913 3779 303 70 Kleidern
1267 3783 226 82 gingen
1544 3787 111 67 wir
1699 3787 201 72 durch
1945 3790 102 70 die
2081 3792 186 72 Flure
2305 3799 134 69 und

322 3874 193 71 äume,
569 3868 167 81 jedes
785 3868 256 86 Gesang
1083 3900 125 40 war
1252 3873 215 69 wilder
1510 3877 134 68 und
1676 3879 154 69 irrer
1872 3882 65 69 in
1970 3882 202 72 dieser
2207 3887 227 72 Nacht-
