3060 4572
811 833 225 72 Europa
1150 831 196 57 soweit
1374 849 62 35 es
1463 847 67 36 zu
1557 827 207 55 reinem
1785 821 186 58 Sehen
1999 818 148 71 fähig
2147 840 5 10 1
2172 837 111 36 war
2395 808 539 75 impressionistisch,

810 906 263 60 während,
1100 906 166 56 heute
1294 902 112 57 sich
1426 900 208 57 wieder
1653 901 125 53 eine
1804 917 143 36 neue
2310 887 102 57 des
2433 886 216 57 Sehens
2669 883 265 56 anbahnt.

886 980 129 57 Daß
1060 1001 46 34 z.
1148 978 62 56 B.
1251 981 71 52 im
1361 973 319 57 Mittelalter
1727 971 100 56 das
1867 967 188 60 Sehen
2103 963 138 57 noch
2279 960 110 58 viel
2427 959 358 70 allgemeiner
2820 976 112 34 von

814 1056 100 56 der
951 1054 183 56 Kunst
1172 1048 309 60 beeinflußt
1516 1070 113 34 war
1667 1046 80 55 als
1783 1048 148 67 jetzt,
1981 1040 150 56 halte
2178 1037 81 56 ich
2305 1034 84 57 für
2436 1033 188 58 sicher.
2704 1029 120 58 Uns
2864 1032 72 52 ist

814 1131 103 54 das
943 1126 334 58 Kunstwerk
1316 1126 88 54 ein
1431 1122 199 66 Luxus,
1656 1118 277 72 Wenigen
1958 1110 344 75 zugänglich,
2340 1105 262 59 während
2630 1126 61 34 es
2720 1104 212 55 damals

815 1204 103 55 das
960 1200 265 67 Höchste,
1266 1197 277 71 Heiligste
1580 1214 129 46 war,
1749 1212 141 35 zwar
1928 1189 144 56 nicht
2112 1185 81 56 als
2231 1179 419 72 „Kunstwerk,
2692 1178 243 56 sondern

816 1278 82 56 als
937 1275 126 56 Bild
1110 1274 100 56 der
1248 1270 275 66 Gottheit,
1572 1268 128 56 dem
1747 1265 111 57 sich
1906 1267 53 52 in
2009 1260 142 57 allen
2189 1258 191 71 Lagen
2427 1255 103 55 des
2568 1251 221 57 Lebens
2838 1251 102 54 der

816 1350 154 58 Blick
1007 1348 211 57 betend
1256 1344 307 58 zuwandte.

890 1424 184 57 Wenn
1115 1423 133 56 aber
1288 1441 109 34 nun
1436 1414 311 74 klargelegt
1793 1414 86 63 ist,
1926 1430 205 36 warum
2172 1405 158 72 jeder
2368 1405 120 53 Zeit
2535 1405 115 51 ihre
2699 1418 241 52 eigenen

819 1498 370 71 Erzeugnisse
1216 1498 54 52 in
1299 1494 111 54 den
1436 1489 304 58 bildenden
1761 1486 250 56 Künsten
2033 1477 371 63 naturähnlich
2433 1475 335 62 erschienen,
2799 1472 143 55 nicht

819 1574 136 56 aber
1002 1573 91 54 die
1140 1568 240 57 fremder
1426 1562 400 65 Kulturkreise,
1881 1581 64 35 so
1991 1557 178 56 bleibt
2216 1552 140 57 doch
2404 1551 91 55 die
2542 1547 181 71 Frage
2770 1545 171 66 offen,

819 1668 217 35 warum
1077 1645 89 56 die
1189 1641 340 59 Menschheit
1564 1637 120 58 sich
1724 1640 56 51 in
1821 1635 107 54 den
1964 1628 425 59 verschiedenen
2428 1623 255 70 Epochen
2720 1642 64 33 so
2822 1640 90 34 ver-

819 1720 259 57 schieden
1119 1714 368 75 ausgedrückt
1524 1712 110 56 hat.
1695 1708 173 56 Diese
1909 1706 175 70 Frage
2122 1724 67 34 zu
2229 1702 398 60 beantworten,
2668 1693 163 57 sollte

821 1795 210 58 scheint
1058 1794 101 53 mir
1300 1792 122 52 eine
1450 1787 100 55 der
1575 1783 392 59 vornehmsten
1994 1776 299 72 Aufgaben
2325 1775 98 53 der
2450 1769 495 70 Kunstgeschichte

821 1872 136 55 sein.
1023 1865 127 57 Daß
1191 1867 81 54 sie
1312 1862 144 56 nicht
1490 1863 72 53 im
1590 1858 170 58 Sinne
1788 1852 519 74 Riegl-Worringer
2342 1846 180 72 gelöst
2547 1842 225 57 werden
2800 1841 144 54 kann

823 1942 167 56 durch
1041 1936 372 71 Ausstoßung
1460 1933 101 56 der
1606 1938 386 65 sogenannten
2043 1922 386 70 „abstrakten“
2480 1917 140 56 Stile
2678 1937 98 33 aus
2836 1916 109 52 den

824 2015 306 59 bildenden
1157 2012 251 57 Künsten
1436 2008 118 56 und
1581 2007 116 56 ihre
1723 2004 382 66 Verbannung
2140 2002 53 51 in
2230 1997 93 54 die
2351 1990 383 61 Ornamentik,
2763 1990 184 53 haben

824 2095 98 53 wir
961 2088 264 73 gesehen.
1303 2083 95 57 Sie
1434 2082 137 56 wird
1610 2079 118 56 also
1770 2076 290 58 innerhalb
2088 2073 95 56 des
2208 2070 291 56 Rahmens
2533 2065 97 55 der
2657 2063 290 56 bildenden

824 2164 216 58 Künste
1075 2183 67 35 zu
1182 2156 362 59 untersuchen
1585 2157 136 53 sein.

899 2237 159 56 Auch
1077 2234 137 57 wird
1242 2255 124 34 man
1393 2228 286 58 innerhalb
1708 2225 187 55 dieses
1915 2222 279 55 Rahmens
2222 2218 92 54 die
2330 2215 301 66 Trennung
2653 2232 54 31 in
2732 2216 184 59 „natur-

827 2310 279 58 ähnliche“
1150 2307 113 57 und
1295 2299 549 74 „naturunähnliche“
1874 2291 538 69 Kunstäußerungen
2439 2285 144 56 nicht
2611 2284 80 54 als
2719 2283 200 54 schroff-

828 2383 338 60 scheidende
1204 2371 717 66 Wesensverschiedenheit
1967 2368 279 56 auffassen
2287 2361 215 57 dürfen.
2580 2359 136 53 Eine;
2763 2359 186 51 solche

830 2462 157 54 Basis
1025 2463 146 51 wäre
1218 2450 382 67 schwankend,
1646 2444 331 60 wechselnd.
2055 2441 184 57 Sahen
2277 2440 98 52 wir
2414 2435 160 63 doch,
2622 2432 111 55 daß
2763 2432 186 70 jedem

830 2533 259 58 Zeitalter
1126 2533 150 53 seine
1313 2524 255 58 bildliche
1606 2520 343 58 Produktion
1989 2510 395 61 naturähnlich
2424 2506 289 65 erscheint,
2765 2510 160 47 riatur-

835 2605 309 59 unähnlich
1186 2604 132 57 aber
1354 2601 89 56 die
1454 2597 240 74 fremde.
1752 2592 131 59 Und
1924 2590 147 57 doch
2111 2591 72 53 ist
2221 2586 91 56 die
2349 2604 181 52 ganze
2566 2580 390 56 künstlerische

833 2680 350 58 Produktion
1224 2678 99 54 der
1357 2672 350 59 Menschheit
1750 2664 406 73 wesensgleich,
2205 2661 348 55 wesenseins.
2812 2656 146 48 ihrer

834 2752 424 61 Wesenseinheit
1293 2749 148 56 wird
1484 2746 89 56 die
1610 2744 179 71 Frage
1832 2741 149 55 ihrer
2023 2735 394 57 wandelbaren
2456 2728 386 68 Erscheinung
2884 2744 71 33 zu

835 2831 373 55 beantworten
1244 2826 138 53 sein.

1175 649 212 60 Daniel
1407 648 199 71 Henry
1645 678 13 14 ♦
1698 645 135 57 Vom
1861 641 184 59 Sehen
2074 639 123 58 und
2218 659 129 36 vom
2374 634 199 57 Bilden

805 656 114 58 322
