<?xml version="1.0" encoding="UTF-8"?>
<alto xmlns:xsi="http://www.w3.org/2001/XMLSchema-instance" xmlns="http://www.loc.gov/standards/alto/ns-v2#" xsi:schemaLocation="http://www.loc.gov/standards/alto/ns-v2# http://www.loc.gov/standards/alto/v2/alto-2-0.xsd" xmlns:xlink="http://www.w3.org/1999/xlink">
	<Description>
		<MeasurementUnit>mm10</MeasurementUnit>
		<sourceImageInformation>
			<fileName>./bmtnabr_1917-07_01_0007.jp2</fileName>
		</sourceImageInformation>
		<OCRProcessing ID="OCRPROCESSING_1">
			<preProcessingStep>
				<processingSoftware>
					<softwareCreator>CCS Content Conversion Specialists GmbH, Germany</softwareCreator>
					<softwareName>CCS docWorks</softwareName>
					<softwareVersion>6.9-1.27</softwareVersion>
				</processingSoftware>
			</preProcessingStep>
			<ocrProcessingStep>
				<processingSoftware>
					<softwareCreator>ABBYY (BIT Software), Russia</softwareCreator>
					<softwareName>FineReader</softwareName>
					<softwareVersion>11.0</softwareVersion>
				</processingSoftware>
			</ocrProcessingStep>
			<postProcessingStep>
				<processingSoftware>
					<softwareCreator>CCS Content Conversion Specialists GmbH, Germany</softwareCreator>
					<softwareName>CCS docWorks</softwareName>
					<softwareVersion>6.9-1.27</softwareVersion>
					<applicationDescription>docWorks: Text modified manually, or automatically replaced</applicationDescription>
				</processingSoftware>
			</postProcessingStep>
		</OCRProcessing>
	</Description>
	<Styles>
		<TextStyle ID="TXT_0" FONTSIZE="21" FONTFAMILY="Times New Roman"/>
		<TextStyle ID="TXT_1" FONTSIZE="19" FONTFAMILY="Times New Roman" FONTSTYLE="bold italics"/>
		<TextStyle ID="TXT_2" FONTSIZE="19" FONTFAMILY="Times New Roman"/>
		<TextStyle ID="TXT_3" FONTSIZE="60" FONTFAMILY="Arial"/>
		<ParagraphStyle ID="PAR_LEFT" ALIGN="Left"/>
		<ParagraphStyle ID="PAR_RIGHT" ALIGN="Right"/>
	</Styles>
	<Layout>
		<Page ID="P7" PHYSICAL_IMG_NR="7" HEIGHT="4572" WIDTH="3052" PRINTED_IMG_NR="295" PC="0.962">
			<TopMargin ID="P7_TM00001" HPOS="0" VPOS="0" WIDTH="3052" HEIGHT="281"/>
			<LeftMargin ID="P7_LM00001" HPOS="0" VPOS="281" WIDTH="0" HEIGHT="4010"/>
			<RightMargin ID="P7_RM00001" HPOS="2864" VPOS="281" WIDTH="188" HEIGHT="4010"/>
			<BottomMargin ID="P7_BM00001" HPOS="0" VPOS="4291" WIDTH="3052" HEIGHT="281"/>
			<PrintSpace ID="P7_PS00001" HPOS="0" VPOS="281" WIDTH="2864" HEIGHT="4010">
				<TextBlock ID="P7_TB00001" HPOS="224" VPOS="812" WIDTH="2103" HEIGHT="3143" STYLEREFS="TXT_0 PAR_LEFT">
					<TextLine ID="P7_TL00001" HPOS="226" VPOS="814" WIDTH="2097" HEIGHT="82">
						<String ID="P7_ST00001" HPOS="226" VPOS="824" WIDTH="288" HEIGHT="72" CONTENT="Philipp;" WC="0.99" CC="01271017"/>
						<SP ID="P7_SP00001" HPOS="514" VPOS="896" WIDTH="37"/>
						<String ID="P7_ST00002" HPOS="551" VPOS="823" WIDTH="236" HEIGHT="56" CONTENT="Höhnen" WC="0.98" CC="067602"/>
						<SP ID="P7_SP00002" HPOS="787" VPOS="896" WIDTH="28"/>
						<String ID="P7_ST00003" HPOS="815" VPOS="821" WIDTH="94" HEIGHT="56" CONTENT="Sie" WC="0.99" CC="030"/>
						<SP ID="P7_SP00003" HPOS="909" VPOS="896" WIDTH="28"/>
						<String ID="P7_ST00004" HPOS="937" VPOS="843" WIDTH="117" HEIGHT="44" CONTENT="nur," WC="0.98" CC="1342"/>
						<SP ID="P7_SP00004" HPOS="1054" VPOS="896" WIDTH="40"/>
						<String ID="P7_ST00005" HPOS="1094" VPOS="820" WIDTH="300" HEIGHT="67" CONTENT="Margaret;" WC="0.99" CC="006704106"/>
						<SP ID="P7_SP00005" HPOS="1394" VPOS="896" WIDTH="41"/>
						<String ID="P7_ST00006" HPOS="1435" VPOS="818" WIDTH="80" HEIGHT="55" CONTENT="ich" WC="0.99" CC="300"/>
						<SP ID="P7_SP00006" HPOS="1515" VPOS="896" WIDTH="27"/>
						<String ID="P7_ST00007" HPOS="1542" VPOS="815" WIDTH="142" HEIGHT="58" CONTENT="weiß" WC="0.99" CC="0060"/>
						<SP ID="P7_SP00007" HPOS="1684" VPOS="896" WIDTH="28"/>
						<String ID="P7_ST00008" HPOS="1712" VPOS="838" WIDTH="96" HEIGHT="34" CONTENT="aus" WC="1.00" CC="000"/>
						<SP ID="P7_SP00008" HPOS="1808" VPOS="896" WIDTH="29"/>
						<String ID="P7_ST00009" HPOS="1837" VPOS="818" WIDTH="239" HEIGHT="69" CONTENT="privater" WC="1.00" CC="04200002"/>
						<SP ID="P7_SP00009" HPOS="2076" VPOS="896" WIDTH="27"/>
						<String ID="P7_ST00010" HPOS="2103" VPOS="814" WIDTH="220" HEIGHT="66" CONTENT="Quelle," WC="0.99" CC="6006320"/>
					</TextLine>
					<TextLine ID="P7_TL00002" HPOS="298" VPOS="886" WIDTH="2027" HEIGHT="75">
						<String ID="P7_ST00011" HPOS="298" VPOS="919" WIDTH="109" HEIGHT="34" CONTENT="von" WC="0.98" CC="005"/>
						<SP ID="P7_SP00010" HPOS="407" VPOS="953" WIDTH="49"/>
						<String ID="P7_ST00012" HPOS="456" VPOS="898" WIDTH="231" HEIGHT="54" CONTENT="meinem" WC="0.99" CC="000306"/>
						<SP ID="P7_SP00011" HPOS="687" VPOS="953" WIDTH="49"/>
						<String ID="P7_ST00013" HPOS="736" VPOS="894" WIDTH="159" HEIGHT="67" CONTENT="Chef," WC="0.99" CC="00060"/>
						<SP ID="P7_SP00012" HPOS="895" VPOS="961" WIDTH="48"/>
						<String ID="P7_ST00014" HPOS="943" VPOS="893" WIDTH="111" HEIGHT="55" CONTENT="daß" WC="0.97" CC="503"/>
						<SP ID="P7_SP00013" HPOS="1054" VPOS="961" WIDTH="48"/>
						<String ID="P7_ST00015" HPOS="1102" VPOS="893" WIDTH="79" HEIGHT="54" CONTENT="ich" WC="0.99" CC="300"/>
						<SP ID="P7_SP00014" HPOS="1181" VPOS="961" WIDTH="48"/>
						<String ID="P7_ST00016" HPOS="1229" VPOS="914" WIDTH="119" HEIGHT="33" CONTENT="zum" WC="0.97" CC="320"/>
						<SP ID="P7_SP00015" HPOS="1348" VPOS="961" WIDTH="46"/>
						<String ID="P7_ST00017" HPOS="1394" VPOS="890" WIDTH="177" HEIGHT="57" CONTENT="Ritter" WC="1.00" CC="050000"/>
						<SP ID="P7_SP00016" HPOS="1571" VPOS="961" WIDTH="45"/>
						<String ID="P7_ST00018" HPOS="1616" VPOS="890" WIDTH="101" HEIGHT="55" CONTENT="des" WC="1.00" CC="000"/>
						<SP ID="P7_SP00017" HPOS="1717" VPOS="961" WIDTH="47"/>
						<String ID="P7_ST00019" HPOS="1764" VPOS="889" WIDTH="291" HEIGHT="56" CONTENT="britischen" WC="1.00" CC="6050100004"/>
						<SP ID="P7_SP00018" HPOS="2055" VPOS="961" WIDTH="42"/>
						<String ID="P7_ST00020" HPOS="2097" VPOS="886" WIDTH="228" HEIGHT="57" CONTENT="Reiches" WC="1.00" CC="4030000"/>
					</TextLine>
					<TextLine ID="P7_TL00003" HPOS="301" VPOS="970" WIDTH="468" HEIGHT="56">
						<String ID="P7_ST00021" HPOS="301" VPOS="981" WIDTH="228" HEIGHT="45" CONTENT="ernannt" WC="0.99" CC="0310004"/>
						<SP ID="P7_SP00019" HPOS="529" VPOS="1026" WIDTH="37"/>
						<String ID="P7_ST00022" HPOS="566" VPOS="970" WIDTH="203" HEIGHT="56" CONTENT="werde." WC="0.99" CC="400003"/>
					</TextLine>
					<TextLine ID="P7_TL00004" HPOS="227" VPOS="1039" WIDTH="746" HEIGHT="76">
						<String ID="P7_ST00023" HPOS="227" VPOS="1044" WIDTH="357" HEIGHT="71" CONTENT="Margaret:" WC="1.00" CC="000700002"/>
						<SP ID="P7_SP00020" HPOS="584" VPOS="1115" WIDTH="42"/>
						<String ID="P7_ST00024" HPOS="626" VPOS="1042" WIDTH="146" HEIGHT="55" CONTENT="Mein" WC="0.98" CC="0054"/>
						<SP ID="P7_SP00021" HPOS="772" VPOS="1115" WIDTH="41"/>
						<String ID="P7_ST00025" HPOS="813" VPOS="1039" WIDTH="160" HEIGHT="58" CONTENT="Gott!" WC="1.00" CC="00003"/>
					</TextLine>
					<TextLine ID="P7_TL00005" HPOS="226" VPOS="1107" WIDTH="2100" HEIGHT="81">
						<String ID="P7_ST00026" HPOS="226" VPOS="1117" WIDTH="286" HEIGHT="71" CONTENT="Philipp:" WC="0.99" CC="40613000"/>
						<SP ID="P7_SP00022" HPOS="512" VPOS="1188" WIDTH="41"/>
						<String ID="P7_ST00027" HPOS="553" VPOS="1116" WIDTH="115" HEIGHT="56" CONTENT="Das" WC="1.00" CC="000"/>
						<SP ID="P7_SP00023" HPOS="668" VPOS="1188" WIDTH="39"/>
						<String ID="P7_ST00028" HPOS="707" VPOS="1135" WIDTH="109" HEIGHT="36" CONTENT="war" WC="0.99" CC="003"/>
						<SP ID="P7_SP00024" HPOS="816" VPOS="1188" WIDTH="38"/>
						<String ID="P7_ST00029" HPOS="854" VPOS="1135" WIDTH="60" HEIGHT="34" CONTENT="es" WC="1.00" CC="00"/>
						<SP ID="P7_SP00025" HPOS="914" VPOS="1188" WIDTH="41"/>
						<String ID="P7_ST00030" HPOS="955" VPOS="1112" WIDTH="150" HEIGHT="66" CONTENT="auch," WC="1.00" CC="00000"/>
						<SP ID="P7_SP00026" HPOS="1105" VPOS="1188" WIDTH="39"/>
						<String ID="P7_ST00031" HPOS="1144" VPOS="1133" WIDTH="112" HEIGHT="34" CONTENT="was" WC="1.00" CC="000"/>
						<SP ID="P7_SP00027" HPOS="1256" VPOS="1188" WIDTH="42"/>
						<String ID="P7_ST00032" HPOS="1298" VPOS="1110" WIDTH="78" HEIGHT="56" CONTENT="ich" WC="1.00" CC="000"/>
						<SP ID="P7_SP00028" HPOS="1376" VPOS="1188" WIDTH="41"/>
						<String ID="P7_ST00033" HPOS="1417" VPOS="1110" WIDTH="165" HEIGHT="56" CONTENT="Ihnen" WC="0.99" CC="50300"/>
						<SP ID="P7_SP00029" HPOS="1582" VPOS="1188" WIDTH="40"/>
						<String ID="P7_ST00034" HPOS="1622" VPOS="1130" WIDTH="175" HEIGHT="50" CONTENT="sagen" WC="0.99" CC="00900"/>
						<SP ID="P7_SP00030" HPOS="1797" VPOS="1188" WIDTH="38"/>
						<String ID="P7_ST00035" HPOS="1835" VPOS="1107" WIDTH="183" HEIGHT="57" CONTENT="wollte" WC="0.99" CC="002600"/>
						<SP ID="P7_SP00031" HPOS="2018" VPOS="1188" WIDTH="29"/>
						<String ID="P7_ST00036" HPOS="2047" VPOS="1149" WIDTH="13" HEIGHT="13" CONTENT="." WC="0.59" CC="4"/>
						<SP ID="P7_SP00032" HPOS="2060" VPOS="1188" WIDTH="30"/>
						<String ID="P7_ST00037" HPOS="2090" VPOS="1149" WIDTH="13" HEIGHT="14" CONTENT="." WC="0.66" CC="3"/>
						<SP ID="P7_SP00033" HPOS="2103" VPOS="1188" WIDTH="32"/>
						<String ID="P7_ST00038" HPOS="2135" VPOS="1153" WIDTH="8" HEIGHT="10" CONTENT="." WC="0.85" CC="1"/>
						<SP ID="P7_SP00034" HPOS="2143" VPOS="1188" WIDTH="49"/>
						<String ID="P7_ST00039" HPOS="2192" VPOS="1107" WIDTH="134" HEIGHT="55" CONTENT="aber" WC="0.98" CC="0503"/>
					</TextLine>
					<TextLine ID="P7_TL00006" HPOS="299" VPOS="1180" WIDTH="2025" HEIGHT="77">
						<String ID="P7_ST00040" HPOS="299" VPOS="1188" WIDTH="94" HEIGHT="58" CONTENT="Sie" WC="0.99" CC="030"/>
						<SP ID="P7_SP00035" HPOS="393" VPOS="1246" WIDTH="47"/>
						<String ID="P7_ST00041" HPOS="440" VPOS="1188" WIDTH="182" HEIGHT="56" CONTENT="helfen" WC="0.98" CC="605402"/>
						<SP ID="P7_SP00036" HPOS="622" VPOS="1246" WIDTH="44"/>
						<String ID="P7_ST00042" HPOS="666" VPOS="1191" WIDTH="98" HEIGHT="51" CONTENT="mir" WC="0.98" CC="030"/>
						<SP ID="P7_SP00037" HPOS="764" VPOS="1246" WIDTH="46"/>
						<String ID="P7_ST00043" HPOS="810" VPOS="1207" WIDTH="98" HEIGHT="50" CONTENT="gar" WC="1.00" CC="000"/>
						<SP ID="P7_SP00038" HPOS="908" VPOS="1257" WIDTH="44"/>
						<String ID="P7_ST00044" HPOS="952" VPOS="1185" WIDTH="144" HEIGHT="56" CONTENT="nicht" WC="1.00" CC="01000"/>
						<SP ID="P7_SP00039" HPOS="1096" VPOS="1257" WIDTH="37"/>
						<String ID="P7_ST00045" HPOS="1133" VPOS="1188" WIDTH="189" HEIGHT="53" CONTENT="weiter" WC="1.00" CC="004000"/>
						<SP ID="P7_SP00040" HPOS="1322" VPOS="1257" WIDTH="25"/>
						<String ID="P7_ST00046" HPOS="1347" VPOS="1227" WIDTH="56" HEIGHT="12" CONTENT=".." WC="0.71" CC="20"/>
						<SP ID="P7_SP00041" HPOS="1403" VPOS="1257" WIDTH="31"/>
						<String ID="P7_ST00047" HPOS="1434" VPOS="1227" WIDTH="12" HEIGHT="12" CONTENT="." WC="0.73" CC="2"/>
						<SP ID="P7_SP00042" HPOS="1446" VPOS="1257" WIDTH="42"/>
						<String ID="P7_ST00048" HPOS="1488" VPOS="1183" WIDTH="89" HEIGHT="55" CONTENT="die" WC="1.00" CC="010"/>
						<SP ID="P7_SP00043" HPOS="1577" VPOS="1257" WIDTH="45"/>
						<String ID="P7_ST00049" HPOS="1622" VPOS="1181" WIDTH="174" HEIGHT="57" CONTENT="Sache" WC="1.00" CC="00000"/>
						<SP ID="P7_SP00044" HPOS="1796" VPOS="1257" WIDTH="39"/>
						<String ID="P7_ST00050" HPOS="1835" VPOS="1181" WIDTH="133" HEIGHT="71" CONTENT="liegt" WC="0.99" CC="43000"/>
						<SP ID="P7_SP00045" HPOS="1968" VPOS="1257" WIDTH="40"/>
						<String ID="P7_ST00051" HPOS="2008" VPOS="1201" WIDTH="80" HEIGHT="34" CONTENT="so." WC="0.99" CC="002"/>
						<SP ID="P7_SP00046" HPOS="2088" VPOS="1257" WIDTH="76"/>
						<String ID="P7_ST00052" HPOS="2164" VPOS="1180" WIDTH="160" HEIGHT="69" CONTENT="Jetzt," WC="0.99" CC="400100"/>
					</TextLine>
					<TextLine ID="P7_TL00007" HPOS="302" VPOS="1252" WIDTH="2023" HEIGHT="72">
						<String ID="P7_ST00053" HPOS="302" VPOS="1266" WIDTH="71" HEIGHT="53" CONTENT="da" WC="1.00" CC="00"/>
						<SP ID="P7_SP00047" HPOS="373" VPOS="1319" WIDTH="38"/>
						<String ID="P7_ST00054" HPOS="411" VPOS="1261" WIDTH="230" HEIGHT="57" CONTENT="Michael" WC="1.00" CC="0000000"/>
						<SP ID="P7_SP00048" HPOS="641" VPOS="1319" WIDTH="46"/>
						<String ID="P7_ST00055" HPOS="687" VPOS="1261" WIDTH="108" HEIGHT="56" CONTENT="fort" WC="0.97" CC="6050"/>
						<SP ID="P7_SP00049" HPOS="795" VPOS="1319" WIDTH="45"/>
						<String ID="P7_ST00056" HPOS="840" VPOS="1262" WIDTH="87" HEIGHT="62" CONTENT="ist," WC="0.99" CC="1202"/>
						<SP ID="P7_SP00050" HPOS="927" VPOS="1324" WIDTH="53"/>
						<String ID="P7_ST00057" HPOS="980" VPOS="1258" WIDTH="111" HEIGHT="57" CONTENT="sich" WC="1.00" CC="0000"/>
						<SP ID="P7_SP00051" HPOS="1091" VPOS="1324" WIDTH="47"/>
						<String ID="P7_ST00058" HPOS="1138" VPOS="1257" WIDTH="103" HEIGHT="56" CONTENT="alle" WC="0.99" CC="0230"/>
						<SP ID="P7_SP00052" HPOS="1241" VPOS="1324" WIDTH="40"/>
						<String ID="P7_ST00059" HPOS="1281" VPOS="1257" WIDTH="263" HEIGHT="57" CONTENT="Chancen" WC="1.00" CC="2400001"/>
						<SP ID="P7_SP00053" HPOS="1544" VPOS="1324" WIDTH="39"/>
						<String ID="P7_ST00060" HPOS="1583" VPOS="1256" WIDTH="313" HEIGHT="56" CONTENT="verdorben" WC="1.00" CC="000000000"/>
						<SP ID="P7_SP00054" HPOS="1896" VPOS="1324" WIDTH="47"/>
						<String ID="P7_ST00061" HPOS="1943" VPOS="1253" WIDTH="109" HEIGHT="65" CONTENT="hat," WC="0.98" CC="7003"/>
						<SP ID="P7_SP00055" HPOS="2052" VPOS="1324" WIDTH="50"/>
						<String ID="P7_ST00062" HPOS="2102" VPOS="1252" WIDTH="92" HEIGHT="57" CONTENT="Sie" WC="1.00" CC="000"/>
						<SP ID="P7_SP00056" HPOS="2194" VPOS="1324" WIDTH="41"/>
						<String ID="P7_ST00063" HPOS="2235" VPOS="1253" WIDTH="90" HEIGHT="55" CONTENT="ihn" WC="0.99" CC="003"/>
					</TextLine>
					<TextLine ID="P7_TL00008" HPOS="302" VPOS="1327" WIDTH="2023" HEIGHT="74">
						<String ID="P7_ST00064" HPOS="302" VPOS="1337" WIDTH="142" HEIGHT="55" CONTENT="nicht" WC="1.00" CC="02000"/>
						<SP ID="P7_SP00057" HPOS="444" VPOS="1392" WIDTH="56"/>
						<String ID="P7_ST00065" HPOS="500" VPOS="1337" WIDTH="243" HEIGHT="55" CONTENT="heiraten" WC="1.00" CC="00500100"/>
						<SP ID="P7_SP00058" HPOS="743" VPOS="1392" WIDTH="57"/>
						<String ID="P7_ST00066" HPOS="800" VPOS="1333" WIDTH="195" HEIGHT="56" CONTENT="wollen" WC="0.99" CC="026300"/>
						<SP ID="P7_SP00059" HPOS="995" VPOS="1392" WIDTH="37"/>
						<String ID="P7_ST00067" HPOS="1032" VPOS="1375" WIDTH="13" HEIGHT="13" CONTENT="." WC="0.66" CC="3"/>
						<SP ID="P7_SP00060" HPOS="1045" VPOS="1392" WIDTH="38"/>
						<String ID="P7_ST00068" HPOS="1083" VPOS="1375" WIDTH="13" HEIGHT="14" CONTENT="." WC="0.85" CC="1"/>
						<SP ID="P7_SP00061" HPOS="1096" VPOS="1392" WIDTH="37"/>
						<String ID="P7_ST00069" HPOS="1133" VPOS="1375" WIDTH="12" HEIGHT="13" CONTENT="." WC="0.63" CC="3"/>
						<SP ID="P7_SP00062" HPOS="1145" VPOS="1392" WIDTH="51"/>
						<String ID="P7_ST00070" HPOS="1196" VPOS="1354" WIDTH="125" HEIGHT="44" CONTENT="nun," WC="0.98" CC="3003"/>
						<SP ID="P7_SP00063" HPOS="1321" VPOS="1398" WIDTH="60"/>
						<String ID="P7_ST00071" HPOS="1381" VPOS="1352" WIDTH="60" HEIGHT="35" CONTENT="es" WC="1.00" CC="00"/>
						<SP ID="P7_SP00064" HPOS="1441" VPOS="1398" WIDTH="48"/>
						<String ID="P7_ST00072" HPOS="1489" VPOS="1334" WIDTH="70" HEIGHT="53" CONTENT="ist" WC="0.99" CC="200"/>
						<SP ID="P7_SP00065" HPOS="1559" VPOS="1398" WIDTH="38"/>
						<String ID="P7_ST00073" HPOS="1597" VPOS="1332" WIDTH="56" HEIGHT="69" CONTENT="ja" WC="0.96" CC="00"/>
						<SP ID="P7_SP00066" HPOS="1653" VPOS="1401" WIDTH="46"/>
						<String ID="P7_ST00074" HPOS="1699" VPOS="1329" WIDTH="161" HEIGHT="56" CONTENT="keine" WC="0.99" CC="00500"/>
						<SP ID="P7_SP00067" HPOS="1860" VPOS="1401" WIDTH="47"/>
						<String ID="P7_ST00075" HPOS="1907" VPOS="1327" WIDTH="272" HEIGHT="67" CONTENT="Schande," WC="1.00" CC="00000002"/>
						<SP ID="P7_SP00068" HPOS="2179" VPOS="1401" WIDTH="60"/>
						<String ID="P7_ST00076" HPOS="2239" VPOS="1331" WIDTH="86" HEIGHT="52" CONTENT="ein" WC="0.99" CC="002"/>
					</TextLine>
					<TextLine ID="P7_TL00009" HPOS="299" VPOS="1402" WIDTH="2026" HEIGHT="75">
						<String ID="P7_ST00077" HPOS="299" VPOS="1409" WIDTH="174" HEIGHT="55" CONTENT="Ritter" WC="1.00" CC="020000"/>
						<SP ID="P7_SP00069" HPOS="473" VPOS="1464" WIDTH="45"/>
						<String ID="P7_ST00078" HPOS="518" VPOS="1430" WIDTH="66" HEIGHT="34" CONTENT="zu" WC="0.83" CC="30"/>
						<SP ID="P7_SP00070" HPOS="584" VPOS="1464" WIDTH="42"/>
						<String ID="P7_ST00079" HPOS="626" VPOS="1409" WIDTH="132" HEIGHT="64" CONTENT="sein," WC="0.99" CC="00402"/>
						<SP ID="P7_SP00071" HPOS="758" VPOS="1473" WIDTH="48"/>
						<String ID="P7_ST00080" HPOS="806" VPOS="1406" WIDTH="290" HEIGHT="71" CONTENT="Margaret." WC="1.00" CC="000002003"/>
						<SP ID="P7_SP00072" HPOS="1096" VPOS="1477" WIDTH="78"/>
						<String ID="P7_ST00081" HPOS="1174" VPOS="1404" WIDTH="247" HEIGHT="56" CONTENT="Schauen" WC="1.00" CC="0000103"/>
						<SP ID="P7_SP00073" HPOS="1421" VPOS="1477" WIDTH="41"/>
						<String ID="P7_ST00082" HPOS="1462" VPOS="1403" WIDTH="93" HEIGHT="57" CONTENT="Sie" WC="1.00" CC="000"/>
						<SP ID="P7_SP00074" HPOS="1555" VPOS="1477" WIDTH="42"/>
						<String ID="P7_ST00083" HPOS="1597" VPOS="1402" WIDTH="134" HEIGHT="56" CONTENT="mich" WC="0.98" CC="5200"/>
						<SP ID="P7_SP00075" HPOS="1731" VPOS="1477" WIDTH="40"/>
						<String ID="P7_ST00084" HPOS="1771" VPOS="1402" WIDTH="140" HEIGHT="56" CONTENT="doch" WC="1.00" CC="0000"/>
						<SP ID="P7_SP00076" HPOS="1911" VPOS="1477" WIDTH="43"/>
						<String ID="P7_ST00085" HPOS="1954" VPOS="1403" WIDTH="149" HEIGHT="55" CONTENT="nicht" WC="0.99" CC="13002"/>
						<SP ID="P7_SP00077" HPOS="2103" VPOS="1477" WIDTH="30"/>
						<String ID="P7_ST00086" HPOS="2133" VPOS="1421" WIDTH="64" HEIGHT="35" CONTENT="so" WC="1.00" CC="00"/>
						<SP ID="P7_SP00078" HPOS="2197" VPOS="1477" WIDTH="42"/>
						<String ID="P7_ST00087" HPOS="2239" VPOS="1422" WIDTH="86" HEIGHT="33" CONTENT="an." WC="0.99" CC="003"/>
					</TextLine>
					<TextLine ID="P7_TL00010" HPOS="301" VPOS="1478" WIDTH="928" HEIGHT="71">
						<String ID="P7_ST00088" HPOS="301" VPOS="1481" WIDTH="56" HEIGHT="55" CONTENT="O" WC="1.00" CC="0"/>
						<SP ID="P7_SP00079" HPOS="357" VPOS="1536" WIDTH="43"/>
						<String ID="P7_ST00089" HPOS="400" VPOS="1479" WIDTH="153" HEIGHT="66" CONTENT="Gott," WC="1.00" CC="00000"/>
						<SP ID="P7_SP00080" HPOS="553" VPOS="1545" WIDTH="44"/>
						<String ID="P7_ST00090" HPOS="597" VPOS="1481" WIDTH="103" HEIGHT="54" CONTENT="das" WC="1.00" CC="000"/>
						<SP ID="P7_SP00081" HPOS="700" VPOS="1545" WIDTH="39"/>
						<String ID="P7_ST00091" HPOS="739" VPOS="1482" WIDTH="71" HEIGHT="52" CONTENT="ist" WC="0.99" CC="200"/>
						<SP ID="P7_SP00082" HPOS="810" VPOS="1545" WIDTH="34"/>
						<String ID="P7_ST00092" HPOS="844" VPOS="1482" WIDTH="55" HEIGHT="67" CONTENT="ja" WC="0.64" CC="60"/>
						<SP ID="P7_SP00083" HPOS="899" VPOS="1549" WIDTH="39"/>
						<String ID="P7_ST00093" HPOS="938" VPOS="1478" WIDTH="291" HEIGHT="56" CONTENT="furchtbar." WC="0.99" CC="6330063033"/>
					</TextLine>
					<TextLine ID="P7_TL00011" HPOS="227" VPOS="1547" WIDTH="2098" HEIGHT="78">
						<String ID="P7_ST00094" HPOS="227" VPOS="1554" WIDTH="354" HEIGHT="71" CONTENT="Margaret:" WC="1.00" CC="000003043"/>
						<SP ID="P7_SP00084" HPOS="581" VPOS="1625" WIDTH="50"/>
						<String ID="P7_ST00095" HPOS="631" VPOS="1552" WIDTH="147" HEIGHT="54" CONTENT="Mein" WC="0.99" CC="0023"/>
						<SP ID="P7_SP00085" HPOS="778" VPOS="1625" WIDTH="47"/>
						<String ID="P7_ST00096" HPOS="825" VPOS="1549" WIDTH="173" HEIGHT="57" CONTENT="lieber" WC="0.99" CC="640000"/>
						<SP ID="P7_SP00086" HPOS="998" VPOS="1625" WIDTH="36"/>
						<String ID="P7_ST00097" HPOS="1034" VPOS="1550" WIDTH="196" HEIGHT="72" CONTENT="Junge," WC="0.99" CC="540000"/>
						<SP ID="P7_SP00087" HPOS="1230" VPOS="1625" WIDTH="49"/>
						<String ID="P7_ST00098" HPOS="1279" VPOS="1549" WIDTH="80" HEIGHT="55" CONTENT="ich" WC="0.97" CC="107"/>
						<SP ID="P7_SP00088" HPOS="1359" VPOS="1625" WIDTH="49"/>
						<String ID="P7_ST00099" HPOS="1408" VPOS="1548" WIDTH="291" HEIGHT="72" CONTENT="gratuliere" WC="1.00" CC="0000005050"/>
						<SP ID="P7_SP00089" HPOS="1699" VPOS="1625" WIDTH="38"/>
						<String ID="P7_ST00100" HPOS="1737" VPOS="1548" WIDTH="164" HEIGHT="56" CONTENT="Ihnen" WC="0.99" CC="40000"/>
						<SP ID="P7_SP00090" HPOS="1901" VPOS="1625" WIDTH="39"/>
						<String ID="P7_ST00101" HPOS="1940" VPOS="1567" WIDTH="110" HEIGHT="37" CONTENT="von" WC="0.95" CC="066"/>
						<SP ID="P7_SP00091" HPOS="2050" VPOS="1625" WIDTH="40"/>
						<String ID="P7_ST00102" HPOS="2090" VPOS="1547" WIDTH="235" HEIGHT="55" CONTENT="Herzen." WC="1.00" CC="0000000"/>
					</TextLine>
					<TextLine ID="P7_TL00012" HPOS="298" VPOS="1620" WIDTH="2028" HEIGHT="76">
						<String ID="P7_ST00103" HPOS="298" VPOS="1627" WIDTH="95" HEIGHT="57" CONTENT="Sie" WC="0.98" CC="220"/>
						<SP ID="P7_SP00092" HPOS="393" VPOS="1684" WIDTH="53"/>
						<String ID="P7_ST00104" HPOS="446" VPOS="1647" WIDTH="203" HEIGHT="49" CONTENT="passen" WC="1.00" CC="000101"/>
						<SP ID="P7_SP00093" HPOS="649" VPOS="1696" WIDTH="39"/>
						<String ID="P7_ST00105" HPOS="688" VPOS="1624" WIDTH="231" HEIGHT="56" CONTENT="herrlich" WC="1.00" CC="00005300"/>
						<SP ID="P7_SP00094" HPOS="919" VPOS="1696" WIDTH="38"/>
						<String ID="P7_ST00106" HPOS="957" VPOS="1644" WIDTH="65" HEIGHT="36" CONTENT="zu" WC="0.91" CC="01"/>
						<SP ID="P7_SP00095" HPOS="1022" VPOS="1696" WIDTH="48"/>
						<String ID="P7_ST00107" HPOS="1070" VPOS="1624" WIDTH="99" HEIGHT="55" CONTENT="der" WC="1.00" CC="000"/>
						<SP ID="P7_SP00096" HPOS="1169" VPOS="1696" WIDTH="37"/>
						<String ID="P7_ST00108" HPOS="1206" VPOS="1623" WIDTH="174" HEIGHT="56" CONTENT="Rolle." WC="0.99" CC="004703"/>
						<SP ID="P7_SP00097" HPOS="1380" VPOS="1696" WIDTH="79"/>
						<String ID="P7_ST00109" HPOS="1459" VPOS="1623" WIDTH="80" HEIGHT="53" CONTENT="Ich" WC="0.98" CC="500"/>
						<SP ID="P7_SP00098" HPOS="1539" VPOS="1696" WIDTH="39"/>
						<String ID="P7_ST00110" HPOS="1578" VPOS="1624" WIDTH="145" HEIGHT="52" CONTENT="kann" WC="0.98" CC="3012"/>
						<SP ID="P7_SP00099" HPOS="1723" VPOS="1696" WIDTH="39"/>
						<String ID="P7_ST00111" HPOS="1762" VPOS="1624" WIDTH="100" HEIGHT="52" CONTENT="mir" WC="1.00" CC="000"/>
						<SP ID="P7_SP00100" HPOS="1862" VPOS="1696" WIDTH="39"/>
						<String ID="P7_ST00112" HPOS="1901" VPOS="1620" WIDTH="82" HEIGHT="56" CONTENT="für" WC="0.97" CC="601"/>
						<SP ID="P7_SP00101" HPOS="1983" VPOS="1696" WIDTH="37"/>
						<String ID="P7_ST00113" HPOS="2020" VPOS="1620" WIDTH="96" HEIGHT="57" CONTENT="Sie" WC="1.00" CC="000"/>
						<SP ID="P7_SP00102" HPOS="2116" VPOS="1696" WIDTH="38"/>
						<String ID="P7_ST00114" HPOS="2154" VPOS="1620" WIDTH="172" HEIGHT="56" CONTENT="nichts" WC="1.00" CC="040000"/>
					</TextLine>
					<TextLine ID="P7_TL00013" HPOS="301" VPOS="1693" WIDTH="2025" HEIGHT="77">
						<String ID="P7_ST00115" HPOS="301" VPOS="1700" WIDTH="404" HEIGHT="70" CONTENT="Geeigneteres" WC="1.00" CC="000191000000"/>
						<SP ID="P7_SP00103" HPOS="705" VPOS="1770" WIDTH="40"/>
						<String ID="P7_ST00116" HPOS="745" VPOS="1698" WIDTH="235" HEIGHT="56" CONTENT="denken." WC="1.00" CC="0000003"/>
						<SP ID="P7_SP00104" HPOS="980" VPOS="1770" WIDTH="60"/>
						<String ID="P7_ST00117" HPOS="1040" VPOS="1696" WIDTH="108" HEIGHT="58" CONTENT="Wo" WC="0.77" CC="40"/>
						<SP ID="P7_SP00105" HPOS="1148" VPOS="1770" WIDTH="39"/>
						<String ID="P7_ST00118" HPOS="1187" VPOS="1695" WIDTH="222" HEIGHT="56" CONTENT="werden" WC="0.99" CC="007000"/>
						<SP ID="P7_SP00106" HPOS="1409" VPOS="1770" WIDTH="41"/>
						<String ID="P7_ST00119" HPOS="1450" VPOS="1693" WIDTH="94" HEIGHT="57" CONTENT="Sie" WC="0.99" CC="020"/>
						<SP ID="P7_SP00107" HPOS="1544" VPOS="1770" WIDTH="41"/>
						<String ID="P7_ST00120" HPOS="1585" VPOS="1694" WIDTH="106" HEIGHT="55" CONTENT="den" WC="1.00" CC="001"/>
						<SP ID="P7_SP00108" HPOS="1691" VPOS="1770" WIDTH="31"/>
						<String ID="P7_ST00121" HPOS="1722" VPOS="1693" WIDTH="195" HEIGHT="57" CONTENT="Orden" WC="1.00" CC="00000"/>
						<SP ID="P7_SP00109" HPOS="1917" VPOS="1770" WIDTH="35"/>
						<String ID="P7_ST00122" HPOS="1952" VPOS="1693" WIDTH="238" HEIGHT="71" CONTENT="tragen?" WC="1.00" CC="0200040"/>
						<SP ID="P7_SP00110" HPOS="2190" VPOS="1770" WIDTH="64"/>
						<String ID="P7_ST00123" HPOS="2254" VPOS="1693" WIDTH="72" HEIGHT="54" CONTENT="Im" WC="0.41" CC="56"/>
					</TextLine>
					<TextLine ID="P7_TL00014" HPOS="302" VPOS="1769" WIDTH="987" HEIGHT="73">
						<String ID="P7_ST00124" HPOS="302" VPOS="1771" WIDTH="311" HEIGHT="71" CONTENT="Knopfloch" WC="0.99" CC="405072300"/>
						<SP ID="P7_SP00111" HPOS="613" VPOS="1842" WIDTH="41"/>
						<String ID="P7_ST00125" HPOS="654" VPOS="1771" WIDTH="137" HEIGHT="55" CONTENT="oder" WC="1.00" CC="1000"/>
						<SP ID="P7_SP00112" HPOS="791" VPOS="1842" WIDTH="38"/>
						<String ID="P7_ST00126" HPOS="829" VPOS="1793" WIDTH="90" HEIGHT="33" CONTENT="um" WC="1.00" CC="00"/>
						<SP ID="P7_SP00113" HPOS="919" VPOS="1842" WIDTH="42"/>
						<String ID="P7_ST00127" HPOS="961" VPOS="1770" WIDTH="107" HEIGHT="56" CONTENT="den" WC="0.99" CC="003"/>
						<SP ID="P7_SP00114" HPOS="1068" VPOS="1842" WIDTH="42"/>
						<String ID="P7_ST00128" HPOS="1110" VPOS="1769" WIDTH="179" HEIGHT="56" CONTENT="Hals?" WC="0.99" CC="00600"/>
					</TextLine>
					<TextLine ID="P7_TL00015" HPOS="228" VPOS="1839" WIDTH="2099" HEIGHT="77">
						<String ID="P7_ST00129" HPOS="228" VPOS="1846" WIDTH="284" HEIGHT="70" CONTENT="Philipp:" WC="0.99" CC="00103006"/>
						<SP ID="P7_SP00115" HPOS="512" VPOS="1916" WIDTH="43"/>
						<String ID="P7_ST00130" HPOS="555" VPOS="1845" WIDTH="80" HEIGHT="56" CONTENT="Ich" WC="0.99" CC="010"/>
						<SP ID="P7_SP00116" HPOS="635" VPOS="1916" WIDTH="40"/>
						<String ID="P7_ST00131" HPOS="675" VPOS="1845" WIDTH="144" HEIGHT="55" CONTENT="habe" WC="1.00" CC="0000"/>
						<SP ID="P7_SP00117" HPOS="819" VPOS="1916" WIDTH="42"/>
						<String ID="P7_ST00132" HPOS="861" VPOS="1846" WIDTH="98" HEIGHT="52" CONTENT="mir" WC="0.98" CC="040"/>
						<SP ID="P7_SP00118" HPOS="959" VPOS="1916" WIDTH="24"/>
						<String ID="P7_ST00133" HPOS="983" VPOS="1842" WIDTH="254" HEIGHT="73" CONTENT="gedacht," WC="1.00" CC="00000600"/>
						<SP ID="P7_SP00119" HPOS="1237" VPOS="1916" WIDTH="29"/>
						<String ID="P7_ST00134" HPOS="1266" VPOS="1841" WIDTH="109" HEIGHT="56" CONTENT="daß" WC="0.99" CC="030"/>
						<SP ID="P7_SP00120" HPOS="1375" VPOS="1916" WIDTH="28"/>
						<String ID="P7_ST00135" HPOS="1403" VPOS="1840" WIDTH="111" HEIGHT="67" CONTENT="Sie," WC="0.98" CC="0600"/>
						<SP ID="P7_SP00121" HPOS="1514" VPOS="1916" WIDTH="43"/>
						<String ID="P7_ST00136" HPOS="1557" VPOS="1841" WIDTH="71" HEIGHT="55" CONTENT="da" WC="1.00" CC="00"/>
						<SP ID="P7_SP00122" HPOS="1628" VPOS="1916" WIDTH="27"/>
						<String ID="P7_ST00137" HPOS="1655" VPOS="1839" WIDTH="94" HEIGHT="57" CONTENT="Sie" WC="1.00" CC="010"/>
						<SP ID="P7_SP00123" HPOS="1749" VPOS="1916" WIDTH="27"/>
						<String ID="P7_ST00138" HPOS="1776" VPOS="1862" WIDTH="185" HEIGHT="49" CONTENT="gegen" WC="1.00" CC="00003"/>
						<SP ID="P7_SP00124" HPOS="1961" VPOS="1916" WIDTH="40"/>
						<String ID="P7_ST00139" HPOS="2001" VPOS="1839" WIDTH="101" HEIGHT="56" CONTENT="das" WC="1.00" CC="000"/>
						<SP ID="P7_SP00125" HPOS="2102" VPOS="1916" WIDTH="26"/>
						<String ID="P7_ST00140" HPOS="2128" VPOS="1839" WIDTH="199" HEIGHT="56" CONTENT="Militär" WC="0.99" CC="0031042"/>
					</TextLine>
					<TextLine ID="P7_TL00016" HPOS="302" VPOS="1911" WIDTH="2024" HEIGHT="78">
						<String ID="P7_ST00141" HPOS="302" VPOS="1921" WIDTH="86" HEIGHT="52" CONTENT="ein" WC="0.97" CC="043"/>
						<SP ID="P7_SP00126" HPOS="388" VPOS="1973" WIDTH="38"/>
						<String ID="P7_ST00142" HPOS="426" VPOS="1917" WIDTH="171" HEIGHT="70" CONTENT="völlig" WC="0.98" CC="025640"/>
						<SP ID="P7_SP00127" HPOS="597" VPOS="1987" WIDTH="39"/>
						<String ID="P7_ST00143" HPOS="636" VPOS="1916" WIDTH="471" HEIGHT="73" CONTENT="gerechtfertigtes" WC="1.00" CC="0000000501050000"/>
						<SP ID="P7_SP00128" HPOS="1107" VPOS="1989" WIDTH="19"/>
						<String ID="P7_ST00144" HPOS="1126" VPOS="1914" WIDTH="277" HEIGHT="58" CONTENT="Vorurteil" WC="1.00" CC="000020006"/>
						<SP ID="P7_SP00129" HPOS="1403" VPOS="1989" WIDTH="38"/>
						<String ID="P7_ST00145" HPOS="1441" VPOS="1914" WIDTH="198" HEIGHT="66" CONTENT="haben," WC="1.00" CC="000013"/>
						<SP ID="P7_SP00130" HPOS="1639" VPOS="1989" WIDTH="43"/>
						<String ID="P7_ST00146" HPOS="1682" VPOS="1935" WIDTH="60" HEIGHT="33" CONTENT="es" WC="1.00" CC="00"/>
						<SP ID="P7_SP00131" HPOS="1742" VPOS="1989" WIDTH="38"/>
						<String ID="P7_ST00147" HPOS="1780" VPOS="1911" WIDTH="271" HEIGHT="57" CONTENT="vielleicht" WC="0.99" CC="0604005050"/>
						<SP ID="P7_SP00132" HPOS="2051" VPOS="1989" WIDTH="26"/>
						<String ID="P7_ST00148" HPOS="2077" VPOS="1915" WIDTH="97" HEIGHT="52" CONTENT="mit" WC="0.99" CC="020"/>
						<SP ID="P7_SP00133" HPOS="2174" VPOS="1989" WIDTH="27"/>
						<String ID="P7_ST00149" HPOS="2201" VPOS="1911" WIDTH="125" HEIGHT="56" CONTENT="dem" WC="0.98" CC="004"/>
					</TextLine>
					<TextLine ID="P7_TL00017" HPOS="302" VPOS="1983" WIDTH="2023" HEIGHT="73">
						<String ID="P7_ST00150" HPOS="302" VPOS="1991" WIDTH="371" HEIGHT="56" CONTENT="Staatsdienst" WC="1.00" CC="000000030010"/>
						<SP ID="P7_SP00134" HPOS="673" VPOS="2047" WIDTH="57"/>
						<String ID="P7_ST00151" HPOS="730" VPOS="1990" WIDTH="297" HEIGHT="56" CONTENT="versuchen" WC="1.00" CC="000020005"/>
						<SP ID="P7_SP00135" HPOS="1027" VPOS="2047" WIDTH="61"/>
						<String ID="P7_ST00152" HPOS="1088" VPOS="1990" WIDTH="257" HEIGHT="54" CONTENT="könnten." WC="1.00" CC="07001000"/>
						<SP ID="P7_SP00136" HPOS="1345" VPOS="2047" WIDTH="77"/>
						<String ID="P7_ST00153" HPOS="1422" VPOS="1986" WIDTH="217" HEIGHT="57" CONTENT="Wollen" WC="0.98" CC="906600"/>
						<SP ID="P7_SP00137" HPOS="1639" VPOS="2047" WIDTH="47"/>
						<String ID="P7_ST00154" HPOS="1686" VPOS="1985" WIDTH="112" HEIGHT="67" CONTENT="Sie," WC="0.99" CC="3000"/>
						<SP ID="P7_SP00138" HPOS="1798" VPOS="2052" WIDTH="48"/>
						<String ID="P7_ST00155" HPOS="1846" VPOS="1983" WIDTH="320" HEIGHT="73" CONTENT="Margaret?" WC="1.00" CC="000004000"/>
						<SP ID="P7_SP00139" HPOS="2166" VPOS="2056" WIDTH="78"/>
						<String ID="P7_ST00156" HPOS="2244" VPOS="1985" WIDTH="81" HEIGHT="54" CONTENT="Ich" WC="0.98" CC="600"/>
					</TextLine>
					<TextLine ID="P7_TL00018" HPOS="301" VPOS="2057" WIDTH="2025" HEIGHT="74">
						<String ID="P7_ST00157" HPOS="301" VPOS="2063" WIDTH="157" HEIGHT="68" CONTENT="weiß," WC="0.99" CC="00500"/>
						<SP ID="P7_SP00140" HPOS="458" VPOS="2131" WIDTH="42"/>
						<String ID="P7_ST00158" HPOS="500" VPOS="2063" WIDTH="108" HEIGHT="56" CONTENT="daß" WC="1.00" CC="000"/>
						<SP ID="P7_SP00141" HPOS="608" VPOS="2131" WIDTH="41"/>
						<String ID="P7_ST00159" HPOS="649" VPOS="2063" WIDTH="94" HEIGHT="56" CONTENT="Sie" WC="0.98" CC="420"/>
						<SP ID="P7_SP00142" HPOS="743" VPOS="2131" WIDTH="40"/>
						<String ID="P7_ST00160" HPOS="783" VPOS="2063" WIDTH="108" HEIGHT="55" CONTENT="den" WC="1.00" CC="000"/>
						<SP ID="P7_SP00143" HPOS="891" VPOS="2131" WIDTH="42"/>
						<String ID="P7_ST00161" HPOS="933" VPOS="2062" WIDTH="212" HEIGHT="56" CONTENT="Namen" WC="1.00" CC="00000"/>
						<SP ID="P7_SP00144" HPOS="1145" VPOS="2131" WIDTH="41"/>
						<String ID="P7_ST00162" HPOS="1186" VPOS="2061" WIDTH="330" HEIGHT="56" CONTENT="Henderson" WC="0.96" CC="000002000"/>
						<SP ID="P7_SP00145" HPOS="1516" VPOS="2131" WIDTH="42"/>
						<String ID="P7_ST00163" HPOS="1558" VPOS="2060" WIDTH="199" HEIGHT="56" CONTENT="hassen" WC="1.00" CC="000000"/>
						<SP ID="P7_SP00146" HPOS="1757" VPOS="2131" WIDTH="40"/>
						<String ID="P7_ST00164" HPOS="1797" VPOS="2065" WIDTH="221" HEIGHT="49" CONTENT="müssen" WC="1.00" CC="000000"/>
						<SP ID="P7_SP00147" HPOS="2018" VPOS="2131" WIDTH="28"/>
						<String ID="P7_ST00165" HPOS="2046" VPOS="2105" WIDTH="11" HEIGHT="12" CONTENT="." WC="0.62" CC="3"/>
						<SP ID="P7_SP00148" HPOS="2057" VPOS="2131" WIDTH="32"/>
						<String ID="P7_ST00166" HPOS="2089" VPOS="2100" WIDTH="13" HEIGHT="13" CONTENT="." WC="0.64" CC="3"/>
						<SP ID="P7_SP00149" HPOS="2102" VPOS="2131" WIDTH="31"/>
						<String ID="P7_ST00167" HPOS="2133" VPOS="2100" WIDTH="13" HEIGHT="13" CONTENT="." WC="0.55" CC="4"/>
						<SP ID="P7_SP00150" HPOS="2146" VPOS="2131" WIDTH="41"/>
						<String ID="P7_ST00168" HPOS="2187" VPOS="2057" WIDTH="139" HEIGHT="56" CONTENT="doch" WC="1.00" CC="0000"/>
					</TextLine>
					<TextLine ID="P7_TL00019" HPOS="302" VPOS="2131" WIDTH="2023" HEIGHT="76">
						<String ID="P7_ST00169" HPOS="302" VPOS="2141" WIDTH="70" HEIGHT="52" CONTENT="ist" WC="1.00" CC="000"/>
						<SP ID="P7_SP00151" HPOS="372" VPOS="2193" WIDTH="39"/>
						<String ID="P7_ST00170" HPOS="411" VPOS="2159" WIDTH="57" HEIGHT="34" CONTENT="er" WC="0.78" CC="04"/>
						<SP ID="P7_SP00152" HPOS="468" VPOS="2193" WIDTH="37"/>
						<String ID="P7_ST00171" HPOS="505" VPOS="2140" WIDTH="87" HEIGHT="52" CONTENT="ein" WC="0.97" CC="043"/>
						<SP ID="P7_SP00153" HPOS="592" VPOS="2193" WIDTH="35"/>
						<String ID="P7_ST00172" HPOS="627" VPOS="2157" WIDTH="139" HEIGHT="50" CONTENT="ganz" WC="0.97" CC="0336"/>
						<SP ID="P7_SP00154" HPOS="766" VPOS="2207" WIDTH="27"/>
						<String ID="P7_ST00173" HPOS="793" VPOS="2136" WIDTH="239" HEIGHT="56" CONTENT="üblicher" WC="0.99" CC="02410006"/>
						<SP ID="P7_SP00155" HPOS="1032" VPOS="2207" WIDTH="27"/>
						<String ID="P7_ST00174" HPOS="1059" VPOS="2135" WIDTH="175" HEIGHT="55" CONTENT="Name" WC="0.99" CC="3000"/>
						<SP ID="P7_SP00156" HPOS="1234" VPOS="2207" WIDTH="29"/>
						<String ID="P7_ST00175" HPOS="1263" VPOS="2178" WIDTH="97" HEIGHT="12" CONTENT="..." WC="0.98" CC="031"/>
						<SP ID="P7_SP00157" HPOS="1360" VPOS="2207" WIDTH="32"/>
						<String ID="P7_ST00176" HPOS="1392" VPOS="2155" WIDTH="59" HEIGHT="34" CONTENT="es" WC="0.94" CC="10"/>
						<SP ID="P7_SP00158" HPOS="1451" VPOS="2207" WIDTH="28"/>
						<String ID="P7_ST00177" HPOS="1479" VPOS="2133" WIDTH="121" HEIGHT="70" CONTENT="gibt" WC="0.98" CC="0260"/>
						<SP ID="P7_SP00159" HPOS="1600" VPOS="2207" WIDTH="27"/>
						<String ID="P7_ST00178" HPOS="1627" VPOS="2132" WIDTH="287" HEIGHT="71" CONTENT="unzählige" WC="0.99" CC="005466301"/>
						<SP ID="P7_SP00160" HPOS="1914" VPOS="2207" WIDTH="28"/>
						<String ID="P7_ST00179" HPOS="1942" VPOS="2131" WIDTH="383" HEIGHT="56" CONTENT="Hendersons." WC="0.97" CC="00000000003"/>
					</TextLine>
					<TextLine ID="P7_TL00020" HPOS="301" VPOS="2206" WIDTH="2025" HEIGHT="75">
						<String ID="P7_ST00180" HPOS="301" VPOS="2211" WIDTH="75" HEIGHT="54" CONTENT="Es" WC="0.90" CC="20"/>
						<SP ID="P7_SP00161" HPOS="376" VPOS="2265" WIDTH="47"/>
						<String ID="P7_ST00181" HPOS="423" VPOS="2211" WIDTH="203" HEIGHT="56" CONTENT="könnte" WC="0.99" CC="007300"/>
						<SP ID="P7_SP00162" HPOS="626" VPOS="2267" WIDTH="40"/>
						<String ID="P7_ST00182" HPOS="666" VPOS="2211" WIDTH="164" HEIGHT="54" CONTENT="Ihnen" WC="0.99" CC="00302"/>
						<SP ID="P7_SP00163" HPOS="830" VPOS="2267" WIDTH="40"/>
						<String ID="P7_ST00183" HPOS="870" VPOS="2210" WIDTH="160" HEIGHT="55" CONTENT="leicht" WC="0.99" CC="603000"/>
						<SP ID="P7_SP00164" HPOS="1030" VPOS="2267" WIDTH="38"/>
						<String ID="P7_ST00184" HPOS="1068" VPOS="2212" WIDTH="300" HEIGHT="69" CONTENT="passieren," WC="1.00" CC="0000004000"/>
						<SP ID="P7_SP00165" HPOS="1368" VPOS="2281" WIDTH="48"/>
						<String ID="P7_ST00185" HPOS="1416" VPOS="2208" WIDTH="108" HEIGHT="55" CONTENT="den" WC="1.00" CC="000"/>
						<SP ID="P7_SP00166" HPOS="1524" VPOS="2281" WIDTH="40"/>
						<String ID="P7_ST00186" HPOS="1564" VPOS="2210" WIDTH="158" HEIGHT="53" CONTENT="einen" WC="1.00" CC="04000"/>
						<SP ID="P7_SP00167" HPOS="1722" VPOS="2281" WIDTH="40"/>
						<String ID="P7_ST00187" HPOS="1762" VPOS="2207" WIDTH="138" HEIGHT="56" CONTENT="oder" WC="0.98" CC="2004"/>
						<SP ID="P7_SP00168" HPOS="1900" VPOS="2281" WIDTH="38"/>
						<String ID="P7_ST00188" HPOS="1938" VPOS="2206" WIDTH="109" HEIGHT="54" CONTENT="den" WC="1.00" CC="000"/>
						<SP ID="P7_SP00169" HPOS="2047" VPOS="2281" WIDTH="39"/>
						<String ID="P7_ST00189" HPOS="2086" VPOS="2207" WIDTH="240" HEIGHT="53" CONTENT="anderen" WC="1.00" CC="0000003"/>
					</TextLine>
					<TextLine ID="P7_TL00021" HPOS="303" VPOS="2277" WIDTH="2023" HEIGHT="62">
						<String ID="P7_ST00190" HPOS="303" VPOS="2283" WIDTH="332" HEIGHT="56" CONTENT="Henderson" WC="0.91" CC="000005020"/>
						<SP ID="P7_SP00170" HPOS="635" VPOS="2339" WIDTH="57"/>
						<String ID="P7_ST00191" HPOS="692" VPOS="2305" WIDTH="65" HEIGHT="33" CONTENT="zu" WC="0.70" CC="23"/>
						<SP ID="P7_SP00171" HPOS="757" VPOS="2339" WIDTH="61"/>
						<String ID="P7_ST00192" HPOS="818" VPOS="2282" WIDTH="261" HEIGHT="56" CONTENT="heiraten." WC="1.00" CC="000000031"/>
						<SP ID="P7_SP00172" HPOS="1079" VPOS="2339" WIDTH="79"/>
						<String ID="P7_ST00193" HPOS="1158" VPOS="2281" WIDTH="206" HEIGHT="56" CONTENT="Darum" WC="1.00" CC="30000"/>
						<SP ID="P7_SP00173" HPOS="1364" VPOS="2339" WIDTH="48"/>
						<String ID="P7_ST00194" HPOS="1412" VPOS="2279" WIDTH="193" HEIGHT="56" CONTENT="dachte" WC="1.00" CC="000000"/>
						<SP ID="P7_SP00174" HPOS="1605" VPOS="2339" WIDTH="48"/>
						<String ID="P7_ST00195" HPOS="1653" VPOS="2279" WIDTH="80" HEIGHT="56" CONTENT="ich" WC="1.00" CC="000"/>
						<SP ID="P7_SP00175" HPOS="1733" VPOS="2339" WIDTH="37"/>
						<String ID="P7_ST00196" HPOS="1770" VPOS="2321" WIDTH="98" HEIGHT="14" CONTENT="..." WC="0.96" CC="333"/>
						<SP ID="P7_SP00176" HPOS="1868" VPOS="2339" WIDTH="49"/>
						<String ID="P7_ST00197" HPOS="1917" VPOS="2279" WIDTH="74" HEIGHT="55" CONTENT="da" WC="1.00" CC="00"/>
						<SP ID="P7_SP00177" HPOS="1991" VPOS="2339" WIDTH="37"/>
						<String ID="P7_ST00198" HPOS="2028" VPOS="2281" WIDTH="96" HEIGHT="53" CONTENT="wir" WC="0.98" CC="033"/>
						<SP ID="P7_SP00178" HPOS="2124" VPOS="2339" WIDTH="39"/>
						<String ID="P7_ST00199" HPOS="2163" VPOS="2277" WIDTH="163" HEIGHT="56" CONTENT="beide" WC="0.99" CC="70300"/>
					</TextLine>
					<TextLine ID="P7_TL00022" HPOS="302" VPOS="2356" WIDTH="1146" HEIGHT="71">
						<String ID="P7_ST00200" HPOS="302" VPOS="2378" WIDTH="100" HEIGHT="35" CONTENT="uns" WC="0.98" CC="050"/>
						<SP ID="P7_SP00179" HPOS="402" VPOS="2413" WIDTH="41"/>
						<String ID="P7_ST00201" HPOS="443" VPOS="2359" WIDTH="192" HEIGHT="52" CONTENT="immer" WC="0.98" CC="46006"/>
						<SP ID="P7_SP00180" HPOS="635" VPOS="2413" WIDTH="38"/>
						<String ID="P7_ST00202" HPOS="673" VPOS="2367" WIDTH="99" HEIGHT="60" CONTENT="gut" WC="0.94" CC="960"/>
						<SP ID="P7_SP00181" HPOS="772" VPOS="2427" WIDTH="37"/>
						<String ID="P7_ST00203" HPOS="809" VPOS="2364" WIDTH="291" HEIGHT="63" CONTENT="vertragen" WC="0.99" CC="000000904"/>
						<SP ID="P7_SP00182" HPOS="1100" VPOS="2427" WIDTH="40"/>
						<String ID="P7_ST00204" HPOS="1140" VPOS="2356" WIDTH="181" HEIGHT="55" CONTENT="haben" WC="0.99" CC="60000"/>
						<SP ID="P7_SP00183" HPOS="1321" VPOS="2427" WIDTH="29"/>
						<String ID="P7_ST00205" HPOS="1350" VPOS="2397" WIDTH="11" HEIGHT="13" CONTENT="." WC="0.71" CC="2"/>
						<SP ID="P7_SP00184" HPOS="1361" VPOS="2427" WIDTH="31"/>
						<String ID="P7_ST00206" HPOS="1392" VPOS="2396" WIDTH="14" HEIGHT="14" CONTENT="." WC="0.97" CC="0"/>
						<SP ID="P7_SP00185" HPOS="1406" VPOS="2427" WIDTH="30"/>
						<String ID="P7_ST00207" HPOS="1436" VPOS="2396" WIDTH="12" HEIGHT="13" CONTENT="." WC="0.79" CC="2"/>
					</TextLine>
					<TextLine ID="P7_TL00023" HPOS="231" VPOS="2422" WIDTH="2094" HEIGHT="78">
						<String ID="P7_ST00208" HPOS="231" VPOS="2431" WIDTH="347" HEIGHT="69" CONTENT="Margaret:" WC="1.00" CC="075000000"/>
						<SP ID="P7_SP00186" HPOS="578" VPOS="2500" WIDTH="62"/>
						<String ID="P7_ST00209" HPOS="640" VPOS="2428" WIDTH="72" HEIGHT="67" CONTENT="O," WC="1.00" CC="00"/>
						<SP ID="P7_SP00187" HPOS="712" VPOS="2500" WIDTH="42"/>
						<String ID="P7_ST00210" HPOS="754" VPOS="2428" WIDTH="92" HEIGHT="57" CONTENT="Sie" WC="0.97" CC="140"/>
						<SP ID="P7_SP00188" HPOS="846" VPOS="2500" WIDTH="40"/>
						<String ID="P7_ST00211" HPOS="886" VPOS="2429" WIDTH="189" HEIGHT="66" CONTENT="lieber," WC="0.99" CC="5600002"/>
						<SP ID="P7_SP00189" HPOS="1075" VPOS="2500" WIDTH="41"/>
						<String ID="P7_ST00212" HPOS="1116" VPOS="2428" WIDTH="136" HEIGHT="57" CONTENT="alter" WC="0.99" CC="05000"/>
						<SP ID="P7_SP00190" HPOS="1252" VPOS="2500" WIDTH="33"/>
						<String ID="P7_ST00213" HPOS="1285" VPOS="2425" WIDTH="161" HEIGHT="58" CONTENT="Narr!" WC="1.00" CC="00030"/>
						<SP ID="P7_SP00191" HPOS="1446" VPOS="2500" WIDTH="65"/>
						<String ID="P7_ST00214" HPOS="1511" VPOS="2425" WIDTH="95" HEIGHT="58" CONTENT="Sie" WC="0.98" CC="050"/>
						<SP ID="P7_SP00192" HPOS="1606" VPOS="2500" WIDTH="37"/>
						<String ID="P7_ST00215" HPOS="1643" VPOS="2425" WIDTH="196" HEIGHT="56" CONTENT="wollen" WC="1.00" CC="000300"/>
						<SP ID="P7_SP00193" HPOS="1839" VPOS="2500" WIDTH="39"/>
						<String ID="P7_ST00216" HPOS="1878" VPOS="2424" WIDTH="137" HEIGHT="55" CONTENT="mich" WC="0.98" CC="0106"/>
						<SP ID="P7_SP00194" HPOS="2015" VPOS="2500" WIDTH="41"/>
						<String ID="P7_ST00217" HPOS="2056" VPOS="2422" WIDTH="269" HEIGHT="57" CONTENT="heiraten!" WC="0.99" CC="001020045"/>
					</TextLine>
					<TextLine ID="P7_TL00024" HPOS="306" VPOS="2497" WIDTH="2021" HEIGHT="74">
						<String ID="P7_ST00218" HPOS="306" VPOS="2502" WIDTH="118" HEIGHT="69" CONTENT="(Sie" WC="1.00" CC="0020"/>
						<SP ID="P7_SP00195" HPOS="424" VPOS="2571" WIDTH="39"/>
						<String ID="P7_ST00219" HPOS="463" VPOS="2505" WIDTH="70" HEIGHT="53" CONTENT="ist" WC="1.00" CC="100"/>
						<SP ID="P7_SP00196" HPOS="533" VPOS="2571" WIDTH="40"/>
						<String ID="P7_ST00220" HPOS="573" VPOS="2500" WIDTH="220" HEIGHT="58" CONTENT="äußerst" WC="0.99" CC="0500700"/>
						<SP ID="P7_SP00197" HPOS="793" VPOS="2571" WIDTH="39"/>
						<String ID="P7_ST00221" HPOS="832" VPOS="2503" WIDTH="238" HEIGHT="68" CONTENT="gerührt," WC="0.99" CC="90600100"/>
						<SP ID="P7_SP00198" HPOS="1070" VPOS="2571" WIDTH="44"/>
						<String ID="P7_ST00222" HPOS="1114" VPOS="2502" WIDTH="111" HEIGHT="54" CONTENT="ihre" WC="0.99" CC="0050"/>
						<SP ID="P7_SP00199" HPOS="1225" VPOS="2571" WIDTH="27"/>
						<String ID="P7_ST00223" HPOS="1252" VPOS="2499" WIDTH="203" HEIGHT="72" CONTENT="Augen" WC="1.00" CC="01000"/>
						<SP ID="P7_SP00200" HPOS="1455" VPOS="2571" WIDTH="29"/>
						<String ID="P7_ST00224" HPOS="1484" VPOS="2499" WIDTH="165" HEIGHT="55" CONTENT="füllen" WC="0.99" CC="405500"/>
						<SP ID="P7_SP00201" HPOS="1649" VPOS="2571" WIDTH="28"/>
						<String ID="P7_ST00225" HPOS="1677" VPOS="2499" WIDTH="111" HEIGHT="56" CONTENT="sich" WC="1.00" CC="0000"/>
						<SP ID="P7_SP00202" HPOS="1788" VPOS="2571" WIDTH="30"/>
						<String ID="P7_ST00226" HPOS="1818" VPOS="2500" WIDTH="96" HEIGHT="52" CONTENT="mit" WC="0.98" CC="040"/>
						<SP ID="P7_SP00203" HPOS="1914" VPOS="2571" WIDTH="25"/>
						<String ID="P7_ST00227" HPOS="1939" VPOS="2497" WIDTH="234" HEIGHT="66" CONTENT="Tränen," WC="1.00" CC="0000000"/>
						<SP ID="P7_SP00204" HPOS="2173" VPOS="2571" WIDTH="40"/>
						<String ID="P7_ST00228" HPOS="2213" VPOS="2497" WIDTH="114" HEIGHT="54" CONTENT="ihre" WC="1.00" CC="0000"/>
					</TextLine>
					<TextLine ID="P7_TL00025" HPOS="305" VPOS="2568" WIDTH="2020" HEIGHT="76">
						<String ID="P7_ST00229" HPOS="305" VPOS="2575" WIDTH="227" HEIGHT="55" CONTENT="Stimme" WC="0.99" CC="405000"/>
						<SP ID="P7_SP00205" HPOS="532" VPOS="2630" WIDTH="39"/>
						<String ID="P7_ST00230" HPOS="571" VPOS="2575" WIDTH="220" HEIGHT="69" CONTENT="zittert.)" WC="1.00" CC="000000030"/>
						<SP ID="P7_SP00206" HPOS="791" VPOS="2644" WIDTH="63"/>
						<String ID="P7_ST00231" HPOS="854" VPOS="2573" WIDTH="94" HEIGHT="57" CONTENT="Sie" WC="0.98" CC="040"/>
						<SP ID="P7_SP00207" HPOS="948" VPOS="2644" WIDTH="39"/>
						<String ID="P7_ST00232" HPOS="987" VPOS="2596" WIDTH="179" HEIGHT="33" CONTENT="waren" WC="1.00" CC="00004"/>
						<SP ID="P7_SP00208" HPOS="1166" VPOS="2644" WIDTH="39"/>
						<String ID="P7_ST00233" HPOS="1205" VPOS="2577" WIDTH="189" HEIGHT="52" CONTENT="immer" WC="0.98" CC="40800"/>
						<SP ID="P7_SP00209" HPOS="1394" VPOS="2644" WIDTH="40"/>
						<String ID="P7_ST00234" HPOS="1434" VPOS="2575" WIDTH="86" HEIGHT="51" CONTENT="ein" WC="0.99" CC="010"/>
						<SP ID="P7_SP00210" HPOS="1520" VPOS="2644" WIDTH="33"/>
						<String ID="P7_ST00235" HPOS="1553" VPOS="2570" WIDTH="392" HEIGHT="56" CONTENT="wunderlicher" WC="1.00" CC="000006500002"/>
						<SP ID="P7_SP00211" HPOS="1945" VPOS="2644" WIDTH="37"/>
						<String ID="P7_ST00236" HPOS="1982" VPOS="2570" WIDTH="136" HEIGHT="55" CONTENT="alter" WC="1.00" CC="01001"/>
						<SP ID="P7_SP00212" HPOS="2118" VPOS="2644" WIDTH="27"/>
						<String ID="P7_ST00237" HPOS="2145" VPOS="2568" WIDTH="180" HEIGHT="57" CONTENT="Kauz!" WC="0.99" CC="40200"/>
					</TextLine>
					<TextLine ID="P7_TL00026" HPOS="230" VPOS="2655" WIDTH="2096" HEIGHT="78">
						<String ID="P7_ST00238" HPOS="230" VPOS="2663" WIDTH="284" HEIGHT="70" CONTENT="Philipp:" WC="0.99" CC="00555000"/>
						<SP ID="P7_SP00213" HPOS="514" VPOS="2733" WIDTH="39"/>
						<String ID="P7_ST00239" HPOS="553" VPOS="2663" WIDTH="119" HEIGHT="53" CONTENT="Das" WC="0.97" CC="600"/>
						<SP ID="P7_SP00214" HPOS="672" VPOS="2733" WIDTH="40"/>
						<String ID="P7_ST00240" HPOS="712" VPOS="2660" WIDTH="173" HEIGHT="71" CONTENT="klingt" WC="0.98" CC="053490"/>
						<SP ID="P7_SP00215" HPOS="885" VPOS="2733" WIDTH="39"/>
						<String ID="P7_ST00241" HPOS="924" VPOS="2662" WIDTH="141" HEIGHT="54" CONTENT="nicht" WC="1.00" CC="00000"/>
						<SP ID="P7_SP00216" HPOS="1065" VPOS="2733" WIDTH="41"/>
						<String ID="P7_ST00242" HPOS="1106" VPOS="2660" WIDTH="204" HEIGHT="71" CONTENT="gerade" WC="1.00" CC="005000"/>
						<SP ID="P7_SP00217" HPOS="1310" VPOS="2733" WIDTH="40"/>
						<String ID="P7_ST00243" HPOS="1350" VPOS="2658" WIDTH="258" HEIGHT="57" CONTENT="tröstlich." WC="0.99" CC="0500165000"/>
						<SP ID="P7_SP00218" HPOS="1608" VPOS="2733" WIDTH="64"/>
						<String ID="P7_ST00244" HPOS="1672" VPOS="2658" WIDTH="83" HEIGHT="54" CONTENT="Ich" WC="1.00" CC="000"/>
						<SP ID="P7_SP00219" HPOS="1755" VPOS="2733" WIDTH="41"/>
						<String ID="P7_ST00245" HPOS="1796" VPOS="2658" WIDTH="148" HEIGHT="54" CONTENT="hätte" WC="1.00" CC="00000"/>
						<SP ID="P7_SP00220" HPOS="1944" VPOS="2733" WIDTH="37"/>
						<String ID="P7_ST00246" HPOS="1981" VPOS="2657" WIDTH="143" HEIGHT="55" CONTENT="wohl" WC="0.99" CC="0005"/>
						<SP ID="P7_SP00221" HPOS="2124" VPOS="2733" WIDTH="28"/>
						<String ID="P7_ST00247" HPOS="2152" VPOS="2655" WIDTH="174" HEIGHT="71" CONTENT="gleich" WC="0.99" CC="050500"/>
					</TextLine>
					<TextLine ID="P7_TL00027" HPOS="302" VPOS="2729" WIDTH="2025" HEIGHT="76">
						<String ID="P7_ST00248" HPOS="302" VPOS="2735" WIDTH="169" HEIGHT="54" CONTENT="damit" WC="1.00" CC="00000"/>
						<SP ID="P7_SP00222" HPOS="471" VPOS="2789" WIDTH="48"/>
						<String ID="P7_ST00249" HPOS="519" VPOS="2734" WIDTH="273" HEIGHT="71" CONTENT="anfangen" WC="0.99" CC="36005900"/>
						<SP ID="P7_SP00223" HPOS="792" VPOS="2805" WIDTH="48"/>
						<String ID="P7_ST00250" HPOS="840" VPOS="2740" WIDTH="219" HEIGHT="49" CONTENT="müssen" WC="1.00" CC="000000"/>
						<SP ID="P7_SP00224" HPOS="1059" VPOS="2805" WIDTH="30"/>
						<String ID="P7_ST00251" HPOS="1089" VPOS="2776" WIDTH="49" HEIGHT="13" CONTENT=".." WC="0.88" CC="02"/>
						<SP ID="P7_SP00225" HPOS="1138" VPOS="2805" WIDTH="31"/>
						<String ID="P7_ST00252" HPOS="1169" VPOS="2776" WIDTH="12" HEIGHT="13" CONTENT="." WC="0.79" CC="2"/>
						<SP ID="P7_SP00226" HPOS="1181" VPOS="2805" WIDTH="40"/>
						<String ID="P7_ST00253" HPOS="1221" VPOS="2742" WIDTH="93" HEIGHT="45" CONTENT="tue" WC="1.00" CC="010"/>
						<SP ID="P7_SP00227" HPOS="1314" VPOS="2805" WIDTH="41"/>
						<String ID="P7_ST00254" HPOS="1355" VPOS="2753" WIDTH="60" HEIGHT="33" CONTENT="es" WC="0.83" CC="03"/>
						<SP ID="P7_SP00228" HPOS="1415" VPOS="2805" WIDTH="40"/>
						<String ID="P7_ST00255" HPOS="1455" VPOS="2731" WIDTH="132" HEIGHT="55" CONTENT="auch" WC="1.00" CC="0000"/>
						<SP ID="P7_SP00229" HPOS="1587" VPOS="2805" WIDTH="41"/>
						<String ID="P7_ST00256" HPOS="1628" VPOS="2734" WIDTH="261" HEIGHT="52" CONTENT="meistens" WC="1.00" CC="00050020"/>
						<SP ID="P7_SP00230" HPOS="1889" VPOS="2805" WIDTH="30"/>
						<String ID="P7_ST00257" HPOS="1919" VPOS="2773" WIDTH="54" HEIGHT="13" CONTENT=".." WC="0.67" CC="33"/>
						<SP ID="P7_SP00231" HPOS="1973" VPOS="2805" WIDTH="31"/>
						<String ID="P7_ST00258" HPOS="2004" VPOS="2771" WIDTH="12" HEIGHT="15" CONTENT="." WC="0.57" CC="4"/>
						<SP ID="P7_SP00232" HPOS="2016" VPOS="2805" WIDTH="41"/>
						<String ID="P7_ST00259" HPOS="2057" VPOS="2729" WIDTH="140" HEIGHT="56" CONTENT="doch" WC="1.00" CC="0200"/>
						<SP ID="P7_SP00233" HPOS="2197" VPOS="2805" WIDTH="40"/>
						<String ID="P7_ST00260" HPOS="2237" VPOS="2729" WIDTH="90" HEIGHT="71" CONTENT="lag" WC="1.00" CC="000"/>
					</TextLine>
					<TextLine ID="P7_TL00028" HPOS="302" VPOS="2800" WIDTH="2025" HEIGHT="71">
						<String ID="P7_ST00261" HPOS="302" VPOS="2812" WIDTH="99" HEIGHT="50" CONTENT="mir" WC="0.95" CC="437"/>
						<SP ID="P7_SP00234" HPOS="401" VPOS="2862" WIDTH="47"/>
						<String ID="P7_ST00262" HPOS="448" VPOS="2806" WIDTH="226" HEIGHT="56" CONTENT="diesmal" WC="0.99" CC="0500507"/>
						<SP ID="P7_SP00235" HPOS="674" VPOS="2862" WIDTH="46"/>
						<String ID="P7_ST00263" HPOS="720" VPOS="2828" WIDTH="62" HEIGHT="34" CONTENT="so" WC="0.53" CC="44"/>
						<SP ID="P7_SP00236" HPOS="782" VPOS="2862" WIDTH="39"/>
						<String ID="P7_ST00264" HPOS="821" VPOS="2806" WIDTH="108" HEIGHT="56" CONTENT="viel" WC="0.98" CC="0602"/>
						<SP ID="P7_SP00237" HPOS="929" VPOS="2862" WIDTH="40"/>
						<String ID="P7_ST00265" HPOS="969" VPOS="2806" WIDTH="185" HEIGHT="65" CONTENT="daran," WC="0.99" CC="003104"/>
						<SP ID="P7_SP00238" HPOS="1154" VPOS="2871" WIDTH="50"/>
						<String ID="P7_ST00266" HPOS="1204" VPOS="2804" WIDTH="109" HEIGHT="56" CONTENT="daß" WC="1.00" CC="000"/>
						<SP ID="P7_SP00239" HPOS="1313" VPOS="2871" WIDTH="42"/>
						<String ID="P7_ST00267" HPOS="1355" VPOS="2805" WIDTH="87" HEIGHT="55" CONTENT="ich" WC="1.00" CC="000"/>
						<SP ID="P7_SP00240" HPOS="1442" VPOS="2871" WIDTH="40"/>
						<String ID="P7_ST00268" HPOS="1482" VPOS="2805" WIDTH="91" HEIGHT="53" CONTENT="die" WC="0.98" CC="050"/>
						<SP ID="P7_SP00241" HPOS="1573" VPOS="2871" WIDTH="40"/>
						<String ID="P7_ST00269" HPOS="1613" VPOS="2803" WIDTH="219" HEIGHT="57" CONTENT="Nerven" WC="0.99" CC="006012"/>
						<SP ID="P7_SP00242" HPOS="1832" VPOS="2871" WIDTH="40"/>
						<String ID="P7_ST00270" HPOS="1872" VPOS="2803" WIDTH="194" HEIGHT="57" CONTENT="verlor." WC="0.99" CC="0046013"/>
						<SP ID="P7_SP00243" HPOS="2066" VPOS="2871" WIDTH="77"/>
						<String ID="P7_ST00271" HPOS="2143" VPOS="2800" WIDTH="184" HEIGHT="57" CONTENT="Sehen" WC="0.99" CC="00014"/>
					</TextLine>
					<TextLine ID="P7_TL00029" HPOS="302" VPOS="2876" WIDTH="2024" HEIGHT="75">
						<String ID="P7_ST00272" HPOS="302" VPOS="2880" WIDTH="91" HEIGHT="56" CONTENT="Sie" WC="0.98" CC="050"/>
						<SP ID="P7_SP00244" HPOS="393" VPOS="2936" WIDTH="39"/>
						<String ID="P7_ST00273" HPOS="432" VPOS="2925" WIDTH="11" HEIGHT="11" CONTENT="." WC="0.63" CC="3"/>
						<SP ID="P7_SP00245" HPOS="443" VPOS="2936" WIDTH="39"/>
						<String ID="P7_ST00274" HPOS="482" VPOS="2925" WIDTH="10" HEIGHT="11" CONTENT="." WC="0.77" CC="2"/>
						<SP ID="P7_SP00246" HPOS="492" VPOS="2936" WIDTH="40"/>
						<String ID="P7_ST00275" HPOS="532" VPOS="2918" WIDTH="9" HEIGHT="13" CONTENT="." WC="0.62" CC="3"/>
						<SP ID="P7_SP00247" HPOS="541" VPOS="2936" WIDTH="43"/>
						<String ID="P7_ST00276" HPOS="584" VPOS="2880" WIDTH="274" HEIGHT="71" CONTENT="Margaret" WC="0.99" CC="05700005"/>
						<SP ID="P7_SP00248" HPOS="858" VPOS="2951" WIDTH="29"/>
						<String ID="P7_ST00277" HPOS="887" VPOS="2922" WIDTH="97" HEIGHT="14" CONTENT="..." WC="0.96" CC="343"/>
						<SP ID="P7_SP00249" HPOS="984" VPOS="2951" WIDTH="42"/>
						<String ID="P7_ST00278" HPOS="1026" VPOS="2881" WIDTH="79" HEIGHT="54" CONTENT="ich" WC="0.99" CC="300"/>
						<SP ID="P7_SP00250" HPOS="1105" VPOS="2951" WIDTH="42"/>
						<String ID="P7_ST00279" HPOS="1147" VPOS="2880" WIDTH="144" HEIGHT="55" CONTENT="liebe" WC="0.98" CC="64060"/>
						<SP ID="P7_SP00251" HPOS="1291" VPOS="2951" WIDTH="40"/>
						<String ID="P7_ST00280" HPOS="1331" VPOS="2878" WIDTH="92" HEIGHT="57" CONTENT="Sie" WC="0.99" CC="030"/>
						<SP ID="P7_SP00252" HPOS="1423" VPOS="2951" WIDTH="40"/>
						<String ID="P7_ST00281" HPOS="1463" VPOS="2879" WIDTH="343" HEIGHT="65" CONTENT="wahnsinnig" WC="1.00" CC="0070030004"/>
						<SP ID="P7_SP00253" HPOS="1806" VPOS="2951" WIDTH="28"/>
						<String ID="P7_ST00282" HPOS="1834" VPOS="2919" WIDTH="11" HEIGHT="14" CONTENT="." WC="0.97" CC="0"/>
						<SP ID="P7_SP00254" HPOS="1845" VPOS="2951" WIDTH="32"/>
						<String ID="P7_ST00283" HPOS="1877" VPOS="2921" WIDTH="11" HEIGHT="11" CONTENT="." WC="0.66" CC="3"/>
						<SP ID="P7_SP00255" HPOS="1888" VPOS="2951" WIDTH="31"/>
						<String ID="P7_ST00284" HPOS="1919" VPOS="2921" WIDTH="12" HEIGHT="12" CONTENT="." WC="0.61" CC="3"/>
						<SP ID="P7_SP00256" HPOS="1931" VPOS="2951" WIDTH="40"/>
						<String ID="P7_ST00285" HPOS="1971" VPOS="2876" WIDTH="355" HEIGHT="70" CONTENT="wahnsinnig." WC="1.00" CC="00000300003"/>
					</TextLine>
					<TextLine ID="P7_TL00030" HPOS="302" VPOS="2947" WIDTH="2024" HEIGHT="75">
						<String ID="P7_ST00286" HPOS="302" VPOS="2954" WIDTH="81" HEIGHT="54" CONTENT="Ich" WC="0.98" CC="600"/>
						<SP ID="P7_SP00257" HPOS="383" VPOS="3008" WIDTH="42"/>
						<String ID="P7_ST00287" HPOS="425" VPOS="2954" WIDTH="141" HEIGHT="53" CONTENT="kann" WC="1.00" CC="0000"/>
						<SP ID="P7_SP00258" HPOS="566" VPOS="3008" WIDTH="43"/>
						<String ID="P7_ST00288" HPOS="609" VPOS="2954" WIDTH="169" HEIGHT="54" CONTENT="nichts" WC="0.99" CC="100600"/>
						<SP ID="P7_SP00259" HPOS="778" VPOS="3008" WIDTH="42"/>
						<String ID="P7_ST00289" HPOS="820" VPOS="2952" WIDTH="172" HEIGHT="56" CONTENT="dafür." WC="0.99" CC="007003"/>
						<SP ID="P7_SP00260" HPOS="992" VPOS="3008" WIDTH="64"/>
						<String ID="P7_ST00290" HPOS="1056" VPOS="2951" WIDTH="71" HEIGHT="56" CONTENT="Es" WC="1.00" CC="00"/>
						<SP ID="P7_SP00261" HPOS="1127" VPOS="3008" WIDTH="30"/>
						<String ID="P7_ST00291" HPOS="1157" VPOS="2955" WIDTH="70" HEIGHT="52" CONTENT="ist" WC="1.00" CC="100"/>
						<SP ID="P7_SP00262" HPOS="1227" VPOS="3008" WIDTH="27"/>
						<String ID="P7_ST00292" HPOS="1254" VPOS="2955" WIDTH="121" HEIGHT="52" CONTENT="eine" WC="0.99" CC="0310"/>
						<SP ID="P7_SP00263" HPOS="1375" VPOS="3008" WIDTH="22"/>
						<String ID="P7_ST00293" HPOS="1397" VPOS="2951" WIDTH="321" HEIGHT="71" CONTENT="jahrelange" WC="1.00" CC="3000060000"/>
						<SP ID="P7_SP00264" HPOS="1718" VPOS="3022" WIDTH="29"/>
						<String ID="P7_ST00294" HPOS="1747" VPOS="2949" WIDTH="385" HEIGHT="57" CONTENT="Gewohnheit." WC="1.00" CC="00000000401"/>
						<SP ID="P7_SP00265" HPOS="2132" VPOS="3022" WIDTH="66"/>
						<String ID="P7_ST00295" HPOS="2198" VPOS="2947" WIDTH="128" HEIGHT="58" CONTENT="Und" WC="0.99" CC="200"/>
					</TextLine>
					<TextLine ID="P7_TL00031" HPOS="303" VPOS="3025" WIDTH="1268" HEIGHT="71">
						<String ID="P7_ST00296" HPOS="303" VPOS="3025" WIDTH="308" HEIGHT="57" CONTENT="schließlich" WC="1.00" CC="00054006000"/>
						<SP ID="P7_SP00266" HPOS="611" VPOS="3082" WIDTH="42"/>
						<String ID="P7_ST00297" HPOS="653" VPOS="3027" WIDTH="146" HEIGHT="55" CONTENT="habe" WC="0.99" CC="0030"/>
						<SP ID="P7_SP00267" HPOS="799" VPOS="3082" WIDTH="40"/>
						<String ID="P7_ST00298" HPOS="839" VPOS="3026" WIDTH="79" HEIGHT="55" CONTENT="ich" WC="0.96" CC="306"/>
						<SP ID="P7_SP00268" HPOS="918" VPOS="3082" WIDTH="41"/>
						<String ID="P7_ST00299" HPOS="959" VPOS="3025" WIDTH="95" HEIGHT="57" CONTENT="Sie" WC="1.00" CC="000"/>
						<SP ID="P7_SP00269" HPOS="1054" VPOS="3082" WIDTH="39"/>
						<String ID="P7_ST00300" HPOS="1093" VPOS="3034" WIDTH="181" HEIGHT="47" CONTENT="zuerst" WC="1.00" CC="020000"/>
						<SP ID="P7_SP00270" HPOS="1274" VPOS="3082" WIDTH="38"/>
						<String ID="P7_ST00301" HPOS="1312" VPOS="3025" WIDTH="259" HEIGHT="71" CONTENT="gekannt." WC="1.00" CC="00004003"/>
					</TextLine>
					<TextLine ID="P7_TL00032" HPOS="230" VPOS="3093" WIDTH="2097" HEIGHT="77">
						<String ID="P7_ST00302" HPOS="230" VPOS="3100" WIDTH="356" HEIGHT="70" CONTENT="Margaret:" WC="1.00" CC="010000005"/>
						<SP ID="P7_SP00271" HPOS="586" VPOS="3170" WIDTH="42"/>
						<String ID="P7_ST00303" HPOS="628" VPOS="3100" WIDTH="80" HEIGHT="67" CONTENT="Ja," WC="1.00" CC="000"/>
						<SP ID="P7_SP00272" HPOS="708" VPOS="3170" WIDTH="42"/>
						<String ID="P7_ST00304" HPOS="750" VPOS="3099" WIDTH="79" HEIGHT="54" CONTENT="ich" WC="0.98" CC="600"/>
						<SP ID="P7_SP00273" HPOS="829" VPOS="3170" WIDTH="41"/>
						<String ID="P7_ST00305" HPOS="870" VPOS="3099" WIDTH="92" HEIGHT="54" CONTENT="bin" WC="0.98" CC="040"/>
						<SP ID="P7_SP00274" HPOS="962" VPOS="3170" WIDTH="41"/>
						<String ID="P7_ST00306" HPOS="1003" VPOS="3097" WIDTH="164" HEIGHT="57" CONTENT="Ihnen" WC="0.98" CC="66030"/>
						<SP ID="P7_SP00275" HPOS="1167" VPOS="3170" WIDTH="28"/>
						<String ID="P7_ST00307" HPOS="1195" VPOS="3097" WIDTH="126" HEIGHT="56" CONTENT="sehr" WC="0.99" CC="0060"/>
						<SP ID="P7_SP00276" HPOS="1321" VPOS="3170" WIDTH="26"/>
						<String ID="P7_ST00308" HPOS="1347" VPOS="3097" WIDTH="272" HEIGHT="65" CONTENT="dankbar;" WC="1.00" CC="00100004"/>
						<SP ID="P7_SP00277" HPOS="1619" VPOS="3170" WIDTH="41"/>
						<String ID="P7_ST00309" HPOS="1660" VPOS="3095" WIDTH="92" HEIGHT="57" CONTENT="Sie" WC="1.00" CC="000"/>
						<SP ID="P7_SP00278" HPOS="1752" VPOS="3170" WIDTH="30"/>
						<String ID="P7_ST00310" HPOS="1782" VPOS="3096" WIDTH="242" HEIGHT="56" CONTENT="könnten" WC="1.00" CC="0070000"/>
						<SP ID="P7_SP00279" HPOS="2024" VPOS="3170" WIDTH="28"/>
						<String ID="P7_ST00311" HPOS="2052" VPOS="3116" WIDTH="100" HEIGHT="49" CONTENT="gar" WC="0.99" CC="002"/>
						<SP ID="P7_SP00280" HPOS="2152" VPOS="3170" WIDTH="27"/>
						<String ID="P7_ST00312" HPOS="2179" VPOS="3093" WIDTH="148" HEIGHT="56" CONTENT="nicht" WC="0.98" CC="05060"/>
					</TextLine>
					<TextLine ID="P7_TL00033" HPOS="303" VPOS="3176" WIDTH="393" HEIGHT="67">
						<String ID="P7_ST00313" HPOS="303" VPOS="3176" WIDTH="216" HEIGHT="67" CONTENT="gütiger" WC="0.99" CC="9002002"/>
						<SP ID="P7_SP00281" HPOS="519" VPOS="3243" WIDTH="41"/>
						<String ID="P7_ST00314" HPOS="560" VPOS="3177" WIDTH="136" HEIGHT="50" CONTENT="sein." WC="0.99" CC="20023"/>
					</TextLine>
					<TextLine ID="P7_TL00034" HPOS="231" VPOS="3239" WIDTH="2096" HEIGHT="75">
						<String ID="P7_ST00315" HPOS="231" VPOS="3246" WIDTH="281" HEIGHT="68" CONTENT="Philipp:" WC="1.00" CC="00503000"/>
						<SP ID="P7_SP00282" HPOS="512" VPOS="3314" WIDTH="49"/>
						<String ID="P7_ST00316" HPOS="561" VPOS="3243" WIDTH="196" HEIGHT="71" CONTENT="Gütig!" WC="0.99" CC="300101"/>
						<SP ID="P7_SP00283" HPOS="757" VPOS="3314" WIDTH="77"/>
						<String ID="P7_ST00317" HPOS="834" VPOS="3245" WIDTH="88" HEIGHT="54" CONTENT="Du" WC="0.75" CC="40"/>
						<SP ID="P7_SP00284" HPOS="922" VPOS="3314" WIDTH="48"/>
						<String ID="P7_ST00318" HPOS="970" VPOS="3243" WIDTH="173" HEIGHT="56" CONTENT="lieber" WC="0.99" CC="400104"/>
						<SP ID="P7_SP00285" HPOS="1143" VPOS="3314" WIDTH="40"/>
						<String ID="P7_ST00319" HPOS="1183" VPOS="3243" WIDTH="238" HEIGHT="55" CONTENT="Himmel" WC="0.98" CC="028405"/>
						<SP ID="P7_SP00286" HPOS="1421" VPOS="3314" WIDTH="34"/>
						<String ID="P7_ST00320" HPOS="1455" VPOS="3284" WIDTH="13" HEIGHT="13" CONTENT="." WC="0.63" CC="3"/>
						<SP ID="P7_SP00287" HPOS="1468" VPOS="3314" WIDTH="38"/>
						<String ID="P7_ST00321" HPOS="1506" VPOS="3284" WIDTH="14" HEIGHT="14" CONTENT="." WC="0.93" CC="0"/>
						<SP ID="P7_SP00288" HPOS="1520" VPOS="3314" WIDTH="35"/>
						<String ID="P7_ST00322" HPOS="1555" VPOS="3284" WIDTH="13" HEIGHT="14" CONTENT="." WC="0.62" CC="3"/>
						<SP ID="P7_SP00289" HPOS="1568" VPOS="3314" WIDTH="47"/>
						<String ID="P7_ST00323" HPOS="1615" VPOS="3242" WIDTH="88" HEIGHT="55" CONTENT="ich" WC="0.97" CC="106"/>
						<SP ID="P7_SP00290" HPOS="1703" VPOS="3314" WIDTH="42"/>
						<String ID="P7_ST00324" HPOS="1745" VPOS="3242" WIDTH="92" HEIGHT="53" CONTENT="bin" WC="0.96" CC="440"/>
						<SP ID="P7_SP00291" HPOS="1837" VPOS="3314" WIDTH="40"/>
						<String ID="P7_ST00325" HPOS="1877" VPOS="3239" WIDTH="133" HEIGHT="58" CONTENT="bloß" WC="0.99" CC="0600"/>
						<SP ID="P7_SP00292" HPOS="2010" VPOS="3314" WIDTH="40"/>
						<String ID="P7_ST00326" HPOS="2050" VPOS="3239" WIDTH="277" HEIGHT="56" CONTENT="furchtbar" WC="0.99" CC="702050000"/>
					</TextLine>
					<TextLine ID="P7_TL00035" HPOS="303" VPOS="3313" WIDTH="2023" HEIGHT="73">
						<String ID="P7_ST00327" HPOS="303" VPOS="3317" WIDTH="316" HEIGHT="69" CONTENT="egoistisch." WC="1.00" CC="00000000053"/>
						<SP ID="P7_SP00293" HPOS="619" VPOS="3386" WIDTH="78"/>
						<String ID="P7_ST00328" HPOS="697" VPOS="3317" WIDTH="93" HEIGHT="55" CONTENT="Sie" WC="0.97" CC="150"/>
						<SP ID="P7_SP00294" HPOS="790" VPOS="3386" WIDTH="53"/>
						<String ID="P7_ST00329" HPOS="843" VPOS="3318" WIDTH="216" HEIGHT="64" CONTENT="wissen," WC="1.00" CC="0100032"/>
						<SP ID="P7_SP00295" HPOS="1059" VPOS="3386" WIDTH="51"/>
						<String ID="P7_ST00330" HPOS="1110" VPOS="3314" WIDTH="109" HEIGHT="56" CONTENT="daß" WC="0.99" CC="001"/>
						<SP ID="P7_SP00296" HPOS="1219" VPOS="3386" WIDTH="48"/>
						<String ID="P7_ST00331" HPOS="1267" VPOS="3314" WIDTH="88" HEIGHT="56" CONTENT="ich" WC="0.99" CC="200"/>
						<SP ID="P7_SP00297" HPOS="1355" VPOS="3386" WIDTH="48"/>
						<String ID="P7_ST00332" HPOS="1403" VPOS="3314" WIDTH="300" HEIGHT="68" CONTENT="egoistisch" WC="1.00" CC="0900040000"/>
						<SP ID="P7_SP00298" HPOS="1703" VPOS="3386" WIDTH="40"/>
						<String ID="P7_ST00333" HPOS="1743" VPOS="3314" WIDTH="110" HEIGHT="65" CONTENT="bin," WC="0.96" CC="1574"/>
						<SP ID="P7_SP00299" HPOS="1853" VPOS="3386" WIDTH="48"/>
						<String ID="P7_ST00334" HPOS="1901" VPOS="3313" WIDTH="287" HEIGHT="71" CONTENT="Margaret," WC="1.00" CC="004000003"/>
						<SP ID="P7_SP00300" HPOS="2188" VPOS="3386" WIDTH="51"/>
						<String ID="P7_ST00335" HPOS="2239" VPOS="3313" WIDTH="87" HEIGHT="55" CONTENT="ich" WC="0.96" CC="207"/>
					</TextLine>
					<TextLine ID="P7_TL00036" HPOS="305" VPOS="3388" WIDTH="725" HEIGHT="69">
						<String ID="P7_ST00336" HPOS="305" VPOS="3389" WIDTH="142" HEIGHT="55" CONTENT="kann" WC="0.99" CC="0003"/>
						<SP ID="P7_SP00301" HPOS="447" VPOS="3444" WIDTH="42"/>
						<String ID="P7_ST00337" HPOS="489" VPOS="3411" WIDTH="58" HEIGHT="33" CONTENT="es" WC="1.00" CC="00"/>
						<SP ID="P7_SP00302" HPOS="547" VPOS="3444" WIDTH="42"/>
						<String ID="P7_ST00338" HPOS="589" VPOS="3389" WIDTH="146" HEIGHT="55" CONTENT="nicht" WC="0.99" CC="15000"/>
						<SP ID="P7_SP00303" HPOS="735" VPOS="3444" WIDTH="39"/>
						<String ID="P7_ST00339" HPOS="774" VPOS="3388" WIDTH="256" HEIGHT="69" CONTENT="leugnen." WC="1.00" CC="60000010"/>
					</TextLine>
					<TextLine ID="P7_TL00037" HPOS="231" VPOS="3458" WIDTH="2096" HEIGHT="75">
						<String ID="P7_ST00340" HPOS="231" VPOS="3463" WIDTH="350" HEIGHT="70" CONTENT="Margaret:" WC="1.00" CC="005000000"/>
						<SP ID="P7_SP00304" HPOS="581" VPOS="3533" WIDTH="50"/>
						<String ID="P7_ST00341" HPOS="631" VPOS="3462" WIDTH="88" HEIGHT="54" CONTENT="Ich" WC="0.97" CC="600"/>
						<SP ID="P7_SP00305" HPOS="719" VPOS="3533" WIDTH="39"/>
						<String ID="P7_ST00342" HPOS="758" VPOS="3460" WIDTH="226" HEIGHT="68" CONTENT="fürchte," WC="1.00" CC="50000000"/>
						<SP ID="P7_SP00306" HPOS="984" VPOS="3533" WIDTH="51"/>
						<String ID="P7_ST00343" HPOS="1035" VPOS="3481" WIDTH="58" HEIGHT="35" CONTENT="es" WC="1.00" CC="00"/>
						<SP ID="P7_SP00307" HPOS="1093" VPOS="3533" WIDTH="40"/>
						<String ID="P7_ST00344" HPOS="1133" VPOS="3460" WIDTH="94" HEIGHT="56" CONTENT="hat" WC="1.00" CC="000"/>
						<SP ID="P7_SP00308" HPOS="1227" VPOS="3533" WIDTH="39"/>
						<String ID="P7_ST00345" HPOS="1266" VPOS="3460" WIDTH="196" HEIGHT="55" CONTENT="keinen" WC="1.00" CC="004001"/>
						<SP ID="P7_SP00309" HPOS="1462" VPOS="3533" WIDTH="39"/>
						<String ID="P7_ST00346" HPOS="1501" VPOS="3459" WIDTH="151" HEIGHT="70" CONTENT="Sinn," WC="0.99" CC="05020"/>
						<SP ID="P7_SP00310" HPOS="1652" VPOS="3533" WIDTH="41"/>
						<String ID="P7_ST00347" HPOS="1693" VPOS="3460" WIDTH="236" HEIGHT="73" CONTENT="Philipp." WC="0.99" CC="00340003"/>
						<SP ID="P7_SP00311" HPOS="1929" VPOS="3533" WIDTH="72"/>
						<String ID="P7_ST00348" HPOS="2001" VPOS="3459" WIDTH="126" HEIGHT="56" CONTENT="Von" WC="1.00" CC="000"/>
						<SP ID="P7_SP00312" HPOS="2127" VPOS="3533" WIDTH="43"/>
						<String ID="P7_ST00349" HPOS="2170" VPOS="3458" WIDTH="157" HEIGHT="55" CONTENT="allem" WC="0.98" CC="06702"/>
					</TextLine>
					<TextLine ID="P7_TL00038" HPOS="302" VPOS="3530" WIDTH="2025" HEIGHT="75">
						<String ID="P7_ST00350" HPOS="302" VPOS="3535" WIDTH="240" HEIGHT="55" CONTENT="anderen" WC="1.00" CC="0300003"/>
						<SP ID="P7_SP00313" HPOS="542" VPOS="3590" WIDTH="23"/>
						<String ID="P7_ST00351" HPOS="565" VPOS="3534" WIDTH="316" HEIGHT="71" CONTENT="abgesehen" WC="1.00" CC="040000002"/>
						<SP ID="P7_SP00314" HPOS="881" VPOS="3605" WIDTH="23"/>
						<String ID="P7_ST00352" HPOS="904" VPOS="3575" WIDTH="85" HEIGHT="14" CONTENT="..." WC="0.98" CC="302"/>
						<SP ID="P7_SP00315" HPOS="989" VPOS="3605" WIDTH="29"/>
						<String ID="P7_ST00353" HPOS="1018" VPOS="3554" WIDTH="60" HEIGHT="35" CONTENT="es" WC="1.00" CC="00"/>
						<SP ID="P7_SP00316" HPOS="1078" VPOS="3605" WIDTH="23"/>
						<String ID="P7_ST00354" HPOS="1101" VPOS="3534" WIDTH="119" HEIGHT="70" CONTENT="gibt" WC="1.00" CC="0100"/>
						<SP ID="P7_SP00317" HPOS="1220" VPOS="3605" WIDTH="21"/>
						<String ID="P7_ST00355" HPOS="1241" VPOS="3537" WIDTH="157" HEIGHT="52" CONTENT="einen" WC="1.00" CC="04000"/>
						<SP ID="P7_SP00318" HPOS="1398" VPOS="3605" WIDTH="28"/>
						<String ID="P7_ST00356" HPOS="1426" VPOS="3533" WIDTH="241" HEIGHT="56" CONTENT="anderen" WC="1.00" CC="0000100"/>
						<SP ID="P7_SP00319" HPOS="1667" VPOS="3605" WIDTH="112"/>
						<String ID="P7_ST00357" HPOS="1779" VPOS="3534" WIDTH="112" HEIGHT="55" CONTENT="und" WC="1.00" CC="000"/>
						<SP ID="P7_SP00320" HPOS="1891" VPOS="3605" WIDTH="21"/>
						<String ID="P7_ST00358" HPOS="1912" VPOS="3554" WIDTH="59" HEIGHT="35" CONTENT="er" WC="0.85" CC="02"/>
						<SP ID="P7_SP00321" HPOS="1971" VPOS="3605" WIDTH="26"/>
						<String ID="P7_ST00359" HPOS="1997" VPOS="3533" WIDTH="143" HEIGHT="53" CONTENT="kann" WC="1.00" CC="0001"/>
						<SP ID="P7_SP00322" HPOS="2140" VPOS="3605" WIDTH="23"/>
						<String ID="P7_ST00360" HPOS="2163" VPOS="3530" WIDTH="164" HEIGHT="73" CONTENT="jeden" WC="1.00" CC="40000"/>
					</TextLine>
					<TextLine ID="P7_TL00039" HPOS="305" VPOS="3605" WIDTH="2022" HEIGHT="74">
						<String ID="P7_ST00361" HPOS="305" VPOS="3608" WIDTH="355" HEIGHT="71" CONTENT="Augenblick" WC="1.00" CC="6000000300"/>
						<SP ID="P7_SP00323" HPOS="660" VPOS="3679" WIDTH="38"/>
						<String ID="P7_ST00362" HPOS="698" VPOS="3608" WIDTH="116" HEIGHT="54" CONTENT="hier" WC="0.98" CC="5102"/>
						<SP ID="P7_SP00324" HPOS="814" VPOS="3679" WIDTH="38"/>
						<String ID="P7_ST00363" HPOS="852" VPOS="3609" WIDTH="133" HEIGHT="53" CONTENT="sein." WC="1.00" CC="00003"/>
						<SP ID="P7_SP00325" HPOS="985" VPOS="3679" WIDTH="65"/>
						<String ID="P7_ST00364" HPOS="1050" VPOS="3607" WIDTH="88" HEIGHT="54" CONTENT="Ich" WC="0.98" CC="500"/>
						<SP ID="P7_SP00326" HPOS="1138" VPOS="3679" WIDTH="36"/>
						<String ID="P7_ST00365" HPOS="1174" VPOS="3617" WIDTH="224" HEIGHT="47" CONTENT="erwarte" WC="1.00" CC="0000430"/>
						<SP ID="P7_SP00327" HPOS="1398" VPOS="3679" WIDTH="41"/>
						<String ID="P7_ST00366" HPOS="1439" VPOS="3607" WIDTH="90" HEIGHT="55" CONTENT="ihn" WC="1.00" CC="000"/>
						<SP ID="P7_SP00328" HPOS="1529" VPOS="3679" WIDTH="28"/>
						<String ID="P7_ST00367" HPOS="1557" VPOS="3608" WIDTH="171" HEIGHT="54" CONTENT="schon" WC="1.00" CC="00000"/>
						<SP ID="P7_SP00329" HPOS="1728" VPOS="3679" WIDTH="29"/>
						<String ID="P7_ST00368" HPOS="1757" VPOS="3610" WIDTH="105" HEIGHT="54" CONTENT="seit" WC="1.00" CC="0020"/>
						<SP ID="P7_SP00330" HPOS="1862" VPOS="3679" WIDTH="36"/>
						<String ID="P7_ST00369" HPOS="1898" VPOS="3607" WIDTH="139" HEIGHT="57" CONTENT="zehn" WC="1.00" CC="0000"/>
						<SP ID="P7_SP00331" HPOS="2037" VPOS="3679" WIDTH="28"/>
						<String ID="P7_ST00370" HPOS="2065" VPOS="3605" WIDTH="262" HEIGHT="55" CONTENT="Minuten." WC="0.99" CC="03400004"/>
					</TextLine>
					<TextLine ID="P7_TL00040" HPOS="231" VPOS="3679" WIDTH="2096" HEIGHT="74">
						<String ID="P7_ST00371" HPOS="231" VPOS="3681" WIDTH="287" HEIGHT="72" CONTENT="Philipp:" WC="1.00" CC="00422000"/>
						<SP ID="P7_SP00332" HPOS="518" VPOS="3753" WIDTH="42"/>
						<String ID="P7_ST00372" HPOS="560" VPOS="3681" WIDTH="181" HEIGHT="56" CONTENT="Meine" WC="0.99" CC="00220"/>
						<SP ID="P7_SP00333" HPOS="741" VPOS="3753" WIDTH="28"/>
						<String ID="P7_ST00373" HPOS="769" VPOS="3679" WIDTH="402" HEIGHT="72" CONTENT="Taktlosigkeit" WC="1.00" CC="6000500000000"/>
						<SP ID="P7_SP00334" HPOS="1171" VPOS="3753" WIDTH="38"/>
						<String ID="P7_ST00374" HPOS="1209" VPOS="3680" WIDTH="164" HEIGHT="56" CONTENT="Ihnen" WC="0.99" CC="60100"/>
						<SP ID="P7_SP00335" HPOS="1373" VPOS="3753" WIDTH="39"/>
						<String ID="P7_ST00375" HPOS="1412" VPOS="3680" WIDTH="325" HEIGHT="73" CONTENT="gegenüber" WC="1.00" CC="000000000"/>
						<SP ID="P7_SP00336" HPOS="1737" VPOS="3753" WIDTH="37"/>
						<String ID="P7_ST00376" HPOS="1774" VPOS="3681" WIDTH="198" HEIGHT="69" CONTENT="gehört" WC="0.98" CC="905004"/>
						<SP ID="P7_SP00337" HPOS="1972" VPOS="3753" WIDTH="38"/>
						<String ID="P7_ST00377" HPOS="2010" VPOS="3680" WIDTH="208" HEIGHT="54" CONTENT="bereits" WC="1.00" CC="0030000"/>
						<SP ID="P7_SP00338" HPOS="2218" VPOS="3753" WIDTH="27"/>
						<String ID="P7_ST00378" HPOS="2245" VPOS="3680" WIDTH="82" HEIGHT="52" CONTENT="ins" WC="0.98" CC="040"/>
					</TextLine>
					<TextLine ID="P7_TL00041" HPOS="303" VPOS="3751" WIDTH="2023" HEIGHT="73">
						<String ID="P7_ST00379" HPOS="303" VPOS="3754" WIDTH="207" HEIGHT="56" CONTENT="Gebiet" WC="1.00" CC="000010"/>
						<SP ID="P7_SP00339" HPOS="510" VPOS="3810" WIDTH="46"/>
						<String ID="P7_ST00380" HPOS="556" VPOS="3754" WIDTH="98" HEIGHT="54" CONTENT="der" WC="1.00" CC="000"/>
						<SP ID="P7_SP00340" HPOS="654" VPOS="3810" WIDTH="38"/>
						<String ID="P7_ST00381" HPOS="692" VPOS="3754" WIDTH="194" HEIGHT="54" CONTENT="Kunst." WC="0.99" CC="043003"/>
						<SP ID="P7_SP00341" HPOS="886" VPOS="3810" WIDTH="78"/>
						<String ID="P7_ST00382" HPOS="964" VPOS="3754" WIDTH="89" HEIGHT="53" CONTENT="Ich" WC="0.95" CC="506"/>
						<SP ID="P7_SP00342" HPOS="1053" VPOS="3810" WIDTH="47"/>
						<String ID="P7_ST00383" HPOS="1100" VPOS="3751" WIDTH="167" HEIGHT="68" CONTENT="hoffe," WC="0.99" CC="005402"/>
						<SP ID="P7_SP00343" HPOS="1267" VPOS="3819" WIDTH="46"/>
						<String ID="P7_ST00384" HPOS="1313" VPOS="3753" WIDTH="95" HEIGHT="57" CONTENT="Sie" WC="0.97" CC="530"/>
						<SP ID="P7_SP00344" HPOS="1408" VPOS="3819" WIDTH="46"/>
						<String ID="P7_ST00385" HPOS="1454" VPOS="3753" WIDTH="221" HEIGHT="55" CONTENT="werden" WC="1.00" CC="000000"/>
						<SP ID="P7_SP00345" HPOS="1675" VPOS="3819" WIDTH="47"/>
						<String ID="P7_ST00386" HPOS="1722" VPOS="3754" WIDTH="126" HEIGHT="54" CONTENT="sehr" WC="0.99" CC="0003"/>
						<SP ID="P7_SP00346" HPOS="1848" VPOS="3819" WIDTH="38"/>
						<String ID="P7_ST00387" HPOS="1886" VPOS="3751" WIDTH="264" HEIGHT="73" CONTENT="glücklich" WC="1.00" CC="030000100"/>
						<SP ID="P7_SP00347" HPOS="2150" VPOS="3824" WIDTH="42"/>
						<String ID="P7_ST00388" HPOS="2192" VPOS="3753" WIDTH="134" HEIGHT="63" CONTENT="sein," WC="1.00" CC="00002"/>
					</TextLine>
					<TextLine ID="P7_TL00042" HPOS="302" VPOS="3824" WIDTH="2025" HEIGHT="67">
						<String ID="P7_ST00389" HPOS="302" VPOS="3828" WIDTH="239" HEIGHT="55" CONTENT="Liebste." WC="1.00" CC="00000003"/>
						<SP ID="P7_SP00348" HPOS="541" VPOS="3883" WIDTH="77"/>
						<String ID="P7_ST00390" HPOS="618" VPOS="3826" WIDTH="164" HEIGHT="57" CONTENT="Seien" WC="0.99" CC="04500"/>
						<SP ID="P7_SP00349" HPOS="782" VPOS="3883" WIDTH="42"/>
						<String ID="P7_ST00391" HPOS="824" VPOS="3826" WIDTH="93" HEIGHT="56" CONTENT="Sie" WC="0.98" CC="040"/>
						<SP ID="P7_SP00350" HPOS="917" VPOS="3883" WIDTH="48"/>
						<String ID="P7_ST00392" HPOS="965" VPOS="3826" WIDTH="196" HEIGHT="56" CONTENT="einmal" WC="0.99" CC="001503"/>
						<SP ID="P7_SP00351" HPOS="1161" VPOS="3883" WIDTH="47"/>
						<String ID="P7_ST00393" HPOS="1208" VPOS="3836" WIDTH="147" HEIGHT="46" CONTENT="ernst" WC="0.99" CC="00400"/>
						<SP ID="P7_SP00352" HPOS="1355" VPOS="3883" WIDTH="44"/>
						<String ID="P7_ST00394" HPOS="1399" VPOS="3826" WIDTH="112" HEIGHT="56" CONTENT="und" WC="1.00" CC="000"/>
						<SP ID="P7_SP00353" HPOS="1511" VPOS="3883" WIDTH="51"/>
						<String ID="P7_ST00395" HPOS="1562" VPOS="3826" WIDTH="274" HEIGHT="56" CONTENT="erkennen" WC="1.00" CC="00000005"/>
						<SP ID="P7_SP00354" HPOS="1836" VPOS="3883" WIDTH="41"/>
						<String ID="P7_ST00396" HPOS="1877" VPOS="3828" WIDTH="110" HEIGHT="63" CONTENT="Sie," WC="0.99" CC="0300"/>
						<SP ID="P7_SP00355" HPOS="1987" VPOS="3891" WIDTH="49"/>
						<String ID="P7_ST00397" HPOS="2036" VPOS="3824" WIDTH="107" HEIGHT="57" CONTENT="daß" WC="1.00" CC="000"/>
						<SP ID="P7_SP00356" HPOS="2143" VPOS="3891" WIDTH="42"/>
						<String ID="P7_ST00398" HPOS="2185" VPOS="3826" WIDTH="142" HEIGHT="52" CONTENT="mein" WC="0.98" CC="5060"/>
					</TextLine>
					<TextLine ID="P7_TL00043" HPOS="303" VPOS="3899" WIDTH="1186" HEIGHT="56">
						<String ID="P7_ST00399" HPOS="303" VPOS="3900" WIDTH="247" HEIGHT="55" CONTENT="Wunsch" WC="0.98" CC="042606"/>
						<SP ID="P7_SP00357" HPOS="550" VPOS="3955" WIDTH="44"/>
						<String ID="P7_ST00400" HPOS="594" VPOS="3921" WIDTH="98" HEIGHT="34" CONTENT="aus" WC="0.98" CC="040"/>
						<SP ID="P7_SP00358" HPOS="692" VPOS="3955" WIDTH="38"/>
						<String ID="P7_ST00401" HPOS="730" VPOS="3900" WIDTH="240" HEIGHT="55" CONTENT="tiefstem" WC="1.00" CC="06040000"/>
						<SP ID="P7_SP00359" HPOS="970" VPOS="3955" WIDTH="42"/>
						<String ID="P7_ST00402" HPOS="1012" VPOS="3899" WIDTH="215" HEIGHT="56" CONTENT="Herzen" WC="0.99" CC="003202"/>
						<SP ID="P7_SP00360" HPOS="1227" VPOS="3955" WIDTH="40"/>
						<String ID="P7_ST00403" HPOS="1267" VPOS="3899" WIDTH="222" HEIGHT="56" CONTENT="kommt." WC="1.00" CC="000003"/>
					</TextLine>
				</TextBlock>
				<TextBlock ID="P7_TB00002" HPOS="480" VPOS="638" WIDTH="1590" HEIGHT="81" STYLEREFS="TXT_1 PAR_LEFT">
					<TextLine ID="P7_TL00044" HPOS="481" VPOS="639" WIDTH="1587" HEIGHT="80">
						<String ID="P7_ST00404" HPOS="481" VPOS="649" WIDTH="250" HEIGHT="70" CONTENT="Douglas" WC="0.99" CC="0664000"/>
						<SP ID="P7_SP00361" HPOS="731" VPOS="719" WIDTH="42"/>
						<String ID="P7_ST00405" HPOS="773" VPOS="645" WIDTH="270" HEIGHT="72" CONTENT="Goldring" WC="0.98" CC="54300529"/>
						<SP ID="P7_SP00362" HPOS="1043" VPOS="719" WIDTH="57"/>
						<String ID="P7_ST00406" HPOS="1100" VPOS="677" WIDTH="12" HEIGHT="11" CONTENT="•" WC="0.54" CC="4" STYLEREFS="TXT_2"/>
						<SP ID="P7_SP00363" HPOS="1112" VPOS="719" WIDTH="58"/>
						<String ID="P7_ST00407" HPOS="1170" VPOS="644" WIDTH="117" HEIGHT="56" CONTENT="Der" WC="1.00" CC="000"/>
						<SP ID="P7_SP00364" HPOS="1287" VPOS="719" WIDTH="37"/>
						<String ID="P7_ST00408" HPOS="1324" VPOS="641" WIDTH="220" HEIGHT="73" CONTENT="Kampf" WC="0.99" CC="04020"/>
						<SP ID="P7_SP00365" HPOS="1544" VPOS="719" WIDTH="30"/>
						<String ID="P7_ST00409" HPOS="1574" VPOS="663" WIDTH="94" HEIGHT="34" CONTENT="um" WC="0.75" CC="50"/>
						<SP ID="P7_SP00366" HPOS="1668" VPOS="719" WIDTH="40"/>
						<String ID="P7_ST00410" HPOS="1708" VPOS="640" WIDTH="88" HEIGHT="56" CONTENT="die" WC="1.00" CC="000"/>
						<SP ID="P7_SP00367" HPOS="1796" VPOS="719" WIDTH="36"/>
						<String ID="P7_ST00411" HPOS="1832" VPOS="639" WIDTH="236" HEIGHT="57" CONTENT="Freiheit" WC="1.00" CC="00400000"/>
						<SP ID="P7_SP00368" HPOS="2068" VPOS="719" WIDTH="0"/>
					</TextLine>
				</TextBlock>
				<TextBlock ID="P7_TB00003" HPOS="2212" VPOS="639" WIDTH="109" HEIGHT="58" STYLEREFS="TXT_3 PAR_RIGHT">
					<TextLine ID="P7_TL00045" HPOS="2212" VPOS="639" WIDTH="109" HEIGHT="58">
						<String ID="P7_ST00412" HPOS="2212" VPOS="639" WIDTH="109" HEIGHT="58" CONTENT="295" WC="1.00" CC="000"/>
					</TextLine>
				</TextBlock>
			</PrintSpace>
		</Page>
	</Layout>
</alto>
