3052 4572
201 829 412 74 Jahrhunderts.
678 825 125 57 Daß
844 825 101 56 des
973 820 288 57 Künstlers
1302 818 284 57 bewußtes
1613 816 237 57 Streben
1891 837 136 50 ganz
2067 814 112 56 und
2206 835 99 49 gar

204 903 193 58 darauf
434 901 266 73 gerichtet
738 901 117 55 sein
903 895 203 67 mußte,
1154 894 90 54 die
1284 891 195 56 Kirche
1524 913 65 33 zu
1637 890 362 70 befriedigen,
2047 887 121 56 darf
2213 887 91 55 bei

204 979 127 55 dem
373 973 459 59 Geisteszustand
871 970 98 55 der
996 967 119 56 Zeit
1154 966 79 56 als
1272 964 408 57 unbestreitbar
1719 962 201 72 gelten.
1986 960 71 56 Es
2098 960 208 57 scheint

206 1051 118 56 also
527 1054 231 56 erwiesen,
759 1045 41 56 daß
814 1045 99 55 der
1680 1040 381 58 mittelalterliche
2062 1034 61 55 wollte.
2189 1034 116 54 Das

207 1124 215 56 Gleiche
462 1122 97 72 gilt
598 1120 131 54 aber
768 1117 131 56 auch
941 1115 84 56 für
1064 1115 108 54 den
1199 1111 332 63 Bildhauer;
1587 1110 134 54 auch
1761 1111 151 53 seine
1939 1107 203 56 Werke
2183 1106 123 56 sind

206 1196 444 70 Darstellungen,
691 1194 78 54 sei
811 1211 60 36 es
908 1210 109 34 von
1058 1186 481 71 Einzelpersonen,
1581 1186 80 53 sei
1700 1204 60 34 es
1799 1204 110 33 von
1949 1180 216 55 Szenen
2203 1182 102 52 wie

207 1271 101 55 das
343 1272 218 68 jüngste
603 1265 238 57 Gericht.
918 1261 125 57 Daß
1083 1261 154 54 diese
1279 1257 289 67 Gemälde,
1609 1257 154 55 diese
1802 1253 352 71 Skulpturen,
2196 1252 110 56 sich

207 1347 52 52 in
300 1343 108 55 den
448 1340 342 57 Gesamtbau
830 1336 276 70 einfügen,
1147 1332 119 57 darf
1304 1332 136 55 über
1479 1331 113 54 ihre
1633 1331 377 66 Bestimmung
2051 1326 80 55 als
2170 1324 103 56 Dar-

208 1416 307 70 stellungen
556 1412 142 55 nicht
736 1407 496 74 hinwegtäuschen.
1291 1403 216 67 Gewiß,
1549 1406 79 53 sie
1669 1402 123 57 sind
1831 1403 137 53 auch
2004 1399 302 68 dekorativ,

207 1492 80 52 sie
326 1486 323 57 schmücken
689 1483 91 55 die
813 1482 203 65 Wand,
1057 1481 99 54 das
1197 1477 289 66 Gebäude,
1529 1475 137 58 doch
1708 1475 142 55 nicht
1888 1474 158 55 dafür
2085 1472 222 57 schufen

207 1566 80 50 sie
328 1561 99 54 der
465 1558 171 56 Maler
674 1555 113 56 und
827 1555 99 55 der
951 1553 310 56 Bildhauer.
1327 1552 114 54 Der
1469 1552 338 54 Baumeister
1845 1557 111 47 erst
1992 1547 315 55 verwandte

207 1637 80 53 sie
328 1637 53 51 in
422 1632 209 54 diesem
670 1628 172 57 Sinne
881 1630 52 52 in
973 1632 204 50 seinem
1217 1624 222 57 Werke.

279 1704 168 57 Wohl
485 1707 71 52 ist
595 1724 59 35 es
695 1704 121 52 eine
843 1699 314 56 besondere
1184 1696 105 56 Art
1312 1695 386 64 Wirklichkeit,
1738 1715 89 34 um
1864 1693 168 54 deren
2060 1690 214 57 Wieder-

209 1779 145 72 gabe
383 1799 60 35 es
471 1778 109 56 sich
608 1774 248 57 handelt:
886 1796 99 33 nur
1011 1773 203 71 heilige
1242 1771 278 55 Personen
1548 1768 188 55 bilden
1765 1768 151 54 ihren
1944 1765 163 56 Stoff.
2155 1764 156 56 Aber

211 1853 155 56 diese
405 1850 194 57 stellen
640 1849 109 56 sich
778 1848 99 54 dar
916 1850 71 52 im
1016 1844 286 58 Gewände
1341 1844 99 54 der
1464 1840 347 58 Außenwelt.
1877 1840 129 55 Und
2032 1859 157 34 wenn
2216 1840 95 52 wir

211 1948 100 33 uns
349 1945 66 35 zu
443 1924 108 54 den
579 1921 415 73 gleichzeitigen
1022 1919 344 56 Beschauern
1392 1916 249 66 wenden,
1683 1935 63 34 so
1775 1912 248 56 erfahren
2050 1915 111 63 wir,
2202 1910 109 56 daß

211 2001 78 54 sie
330 1997 155 55 diese
524 1994 427 69 Darstellungen
992 1992 80 55 als
1111 1991 100 55 der
1247 1989 333 59 Außenwelt
1625 1986 289 72 gleichend
1959 1983 351 73 empfanden.

283 2084 296 71 Aussagen
627 2083 137 54 über
810 2079 380 67 Kunstwerke,
1246 2080 53 52 in
1347 2076 179 55 denen
1573 2074 157 56 diese
1777 2074 78 54 als

211 2157 318 56 bezeichnet
549 2155 240 62 werden,
818 2154 122 54 sind
968 2149 468 58 außerordentlich
1459 2149 206 68 häufig.
1712 2146 107 57 Um
1846 2168 100 33 nur
2073 2143 240 72 Beispiel

212 2230 348 60 anzuführen,
602 2236 126 54 sagt
766 2226 90 55 die
884 2225 499 65 Künstlerlegende
1424 2222 101 56 des
1545 2220 219 56 Tuotilo
1803 2241 109 33 von
1939 2218 81 56 St.
2052 2217 197 56 Gallen

213 2305 249 70 (Anfang
509 2304 100 54 des
650 2305 88 52 11.
764 2298 421 73 Jahrhunderts)
1232 2320 108 33 von
1388 2298 177 52 einem
1603 2293 204 57 Werke
1853 2293 184 55 dieses
2076 2291 237 65 Tuotilo,

217 2381 150 51 einer
392 2377 391 54 Marienstatue
811 2376 54 51 in
893 2372 167 55 Metz:
1106 2371 149 66 „Sed
1295 2378 55 47 et
1375 2372 183 67 imago
1586 2371 122 67 ipsa
1736 2366 218 66 sedens,
1984 2367 327 70 quasiviva,

214 2452 211 53 cunctis
463 2446 436 72 inspectantibus
938 2444 182 55 adhuc
1158 2443 166 56 hodie
1352 2455 84 44 est
1460 2442 366 55 veneranda“.
1892 2438 114 55 Der
2033 2436 280 66 Einwand,

216 2545 61 33 es
316 2522 201 55 handle
557 2521 110 54 sich
714 2521 91 53 bei
844 2519 200 65 dieser,
1092 2517 113 54 und
1251 2517 108 53 den
1397 2516 180 55 vielen
1625 2512 284 57 ähnlichen
1948 2511 226 66 Stellen,
2222 2531 91 34 um

216 2594 244 56 einfache
468 2592 436 70 Wiederholung
913 2611 108 35 von
1032 2589 258 65 Phrasen,
1303 2588 89 56 die
1403 2608 97 36 aus
1512 2585 367 73 griechischen
1890 2584 111 55 und
2012 2583 303 56 römischen

214 2667 267 57 Schriften
503 2665 245 56 kritiklos
771 2664 390 55 übernommen
1178 2662 242 66 wurden,
1441 2660 121 55 darf
1580 2659 142 55 wohl
1744 2658 80 54 als
1845 2657 144 55 nicht
2008 2655 307 71 stichhaltig

216 2740 203 72 gelten.
482 2738 87 56 aEs
607 2742 142 50 wäre
789 2734 453 66 unverständlich,
1291 2733 111 56 daß
1443 2734 90 55 die
1573 2729 484 58 mittelalterlichen
2097 2728 191 56 Schrift-

216 2813 185 57 steller
439 2812 143 55 nicht
620 2812 91 54 die
750 2809 155 56 Kluft
941 2808 265 57 zwischen
1247 2808 152 54 ihren
1438 2806 231 58 Worten
1709 2804 113 56 und
1862 2804 108 54 den
2009 2801 306 56 Tatsachen

213 2886 479 70 wahrgenommen
740 2883 206 67 hätten,
1002 2903 159 34 wenn
1206 2883 80 52 sie
1336 2880 142 55 nicht
1524 2879 143 56 eben
2069 2878 103 53 wie
2219 2875 99 55 der

214 2959 260 54 Künstler
815 2955 287 57 darstellte.

288 3031 156 56 Aber
482 3031 136 56 noch
659 3032 159 54 einen
856 3030 258 53 weiteren
1154 3026 229 67 Beweis,
1421 3026 91 55 bei
1553 3025 127 54 dem
1719 3024 101 54 der
1858 3022 143 55 eben
2041 3030 275 62 genannte

217 3104 236 57 Einwurf
498 3102 142 56 nicht
686 3101 233 71 möglich
966 3104 85 62 ist,
1100 3099 190 55 liefern
1337 3099 90 54 die
1474 3106 380 62 sogenannten
2301 3135 14 23 ,

221 3177 90 55 die
355 3177 176 65 „nicht
568 3198 108 34 von
703 3172 447 57 Menschenhand
1190 3171 421 71 geschaffenen“
1643 3168 276 56 Christus-
1946 3167 113 55 und
2085 3166 198 54 Marien-

217 3250 197 64 bilder,
453 3250 170 54 deren
664 3248 100 55 das
804 3246 313 54 Mittelalter
1156 3248 123 51 eine
1318 3265 173 49 ganze
1531 3242 172 55 Reihe
1742 3242 219 53 kannte.
2039 3239 153 65 Hier,
2230 3261 86 34 wo

221 3342 60 33 es
308 3322 110 53 sich
447 3341 89 33 um
562 3318 289 70 angeblich
871 3317 328 55 wunderbar
1224 3316 361 56 entstandene
1606 3313 183 56 Bilder
1810 3311 274 67 handelte,
2112 3312 206 56 konnte

220 3393 85 55 für
343 3393 108 55 den
490 3389 484 58 mittelalterlichen
1012 3389 306 55 Beschauer
1355 3410 108 33 von
1505 3391 175 52 einem
1721 3386 222 63 Mangel
1981 3407 67 33 an
2084 3384 234 56 Können

220 3467 138 56 doch
386 3464 179 65 gewiß
594 3464 142 56 nicht
763 3463 90 55 die
880 3462 155 56 Rede
1063 3466 134 52 sein.
1234 3462 168 57 Wohl
1427 3462 134 56 wird
1589 3482 139 46 man,
1761 3463 98 52 mit
1885 3458 316 57 Dobschütz

220 3540 323 65 annehmen,
590 3537 110 57 daß
748 3535 274 72 derartige
1063 3534 184 56 Bilder
1291 3535 174 56 selten
1514 3537 219 70 gezeigt
1770 3533 243 66 wurden,
2060 3535 258 52 meistens

221 3614 134 55 aber
392 3612 239 57 bedeckt
669 3609 241 56 blieben.
974 3608 156 56 Aber
1154 3629 158 35 wenn
1341 3608 132 56 auch
1504 3629 97 35 nur
1625 3609 214 69 wenige
1867 3607 344 68 Bevorzugte
2239 3607 79 53 sie

221 3688 197 54 sahen:
458 3687 192 54 diesen
672 3680 292 75 jedenfalls
990 3681 315 56 erschienen
1333 3685 79 52 sie
1440 3681 79 56 als
1545 3680 323 56 deutlichste
1897 3678 421 71 Darstellungen

2259 2217 54 70 *)

278 3801 39 50 *)
349 3801 258 46 Ekkehardi
639 3800 72 45 IV.
734 3798 143 46 Casus
909 3797 50 46 S.
983 3796 133 55 Galli,
1148 3797 98 44 hier
1276 3798 117 45 nach
1425 3797 253 46 Schlosser:
1711 3814 39 26 a.
1773 3814 39 26 a.
1836 3794 59 46 O.
1929 3793 47 46 S.
2001 3793 98 45 153.

2212 3457 104 71 **),

278 3861 63 57 **)
376 3861 367 45 Christusbilder.
813 3857 406 57 Untersuchungen
1250 3873 77 28 zur
1357 3858 163 44 christl.
1554 3857 216 56 Legende
1802 3854 159 57 (Texte
1998 3853 91 46 und
2125 3852 193 52 Unters.,

221 3920 79 45 Bd.
326 3919 69 55 18,
427 3920 186 56 Leipzig
635 3915 148 60 1899),
819 3916 47 46 S.
889 3915 56 46 65
976 3916 53 45 ff.

551 652 210 56 Daniel
783 649 196 70 Henry
1020 680 12 12 •
1071 647 133 56 Vom
1232 644 182 56 Sehen
1443 643 119 56 und
1583 664 129 35 vom
1740 642 198 54 Bilden

2188 640 111 57 317
