3052 4572
174 850 559 78 Ankunftsabend,
781 875 99 40 wo
929 873 68 41 er
1041 847 266 66 trunken
1354 871 125 40 von
1529 844 129 69 Ost
1704 844 163 67 nach
1900 845 199 80 West,
2147 871 127 39 von

178 939 182 68 Nord
407 938 164 67 nach
607 937 134 68 Süd
787 934 344 88 getaumelt
1176 960 145 52 war,
1371 932 200 67 selbst
1618 957 79 41 an
1747 932 124 67 den
1905 930 156 68 Fluß
2109 932 167 66 noch

175 1028 173 68 nicht
394 1028 400 85 gekommen.

268 1117 185 66 Noch
501 1116 103 82 lag
651 1113 113 66 der
810 1112 205 66 hinter
1060 1111 510 66 Häusermauern
1624 1112 100 62 ein
1780 1107 496 67 schimmerndes

175 1203 432 68 Weihbecken
672 1206 61 61 in
782 1200 141 77 das,
990 1211 127 55 erst
1171 1198 218 66 besser
1437 1196 393 85 aufgeblüht,
1895 1223 67 39 er
2006 1195 271 67 tauchen

179 1291 197 78 dürfe,
440 1290 129 67 und
631 1289 105 67 auf
783 1287 113 68 des
938 1290 374 81 jenseitigen
1364 1283 185 68 Ufers
1599 1283 245 86 Bergen
1891 1309 120 58 zog
2058 1282 176 66 himm-

179 1379 231 66 lischer
456 1377 218 66 Rauch
721 1376 188 78 noch,
978 1374 129 67 und
1153 1372 265 68 Amseln
1468 1371 298 67 schienen
1815 1376 61 61 in
1924 1369 354 68 biblischen

174 1466 274 66 Winden
495 1490 74 40 zu
617 1464 354 66 schwirren.

265 1551 357 69 Historisch
658 1550 129 67 und
818 1577 125 39 von
978 1549 184 66 allem
1195 1548 261 85 Anfang
1490 1573 78 41 an
1600 1548 211 66 wollte
1845 1550 170 62 eines
2048 1545 190 67 Rhein-

174 1642 253 66 länders
476 1640 201 66 Natur
724 1664 64 40 er
837 1643 61 61 in
946 1635 133 69 sich
1129 1634 334 69 aufbauen.
1556 1635 154 65 Was
1759 1639 61 61 in
1845 1634 433 66 Wirklichkeit

175 1755 111 39 aus
321 1725 329 86 Ungefähr
697 1724 130 66 und
874 1724 90 66 als
998 1723 155 66 Muß
1201 1728 224 61 naiven
1458 1720 312 68 Werdens
1818 1720 134 66 sich
1994 1722 285 66 entwirkt

175 1816 193 77 hatte,
395 1814 212 68 wollte
639 1812 260 67 lernend
924 1812 92 66 als
1049 1809 218 79 Ethos,
1295 1809 255 78 Gesetz,
1582 1809 200 66 Norm
1808 1808 130 66 und
1964 1807 313 86 Synthese

175 1930 67 39 er
287 1901 453 87 geschichtlich
788 1899 345 87 begreifen.
1211 1898 216 66 Durch
1478 1897 116 66 das
1628 1897 203 66 Mittel
1862 1896 417 67 zweckhafter

176 1991 374 66 Erkenntnis
628 1988 185 68 sollte
890 1993 169 61 einer
1148 1986 306 84 richtigen
1533 1983 397 68 rheinischen
2010 1985 269 66 Kreatur

176 2078 305 67 seelische
552 2076 341 67 Mechanik
960 2073 542 86 tausendjähriger
1572 2072 377 85 Schöpfung
2019 2077 60 61 in
2150 2071 126 66 ihm

176 2166 400 84 nachgebaut
622 2164 276 67 werden.

265 2255 117 66 Mit
414 2254 231 67 Cäsars
677 2251 335 68 Auftreten
1045 2277 100 40 am
1180 2249 203 67 Rhein
1431 2249 255 85 begann
1722 2274 65 41 er
1820 2247 115 66 das
1963 2246 313 69 Studium.

179 2340 129 67 Sah
335 2341 225 84 Beiger
593 2339 104 68 auf
730 2339 145 66 dem
910 2339 228 75 linken,
1177 2338 276 76 Marsen,
1488 2335 409 85 Sugambrer,
1933 2335 341 66 Tencterer

179 2428 104 65 auf
344 2429 145 65 dem
554 2428 257 66 rechten
861 2426 173 68 Ufer.
1130 2424 403 84 Kriegerisch
1581 2421 211 68 erfuhr
1839 2449 66 40 er
1952 2421 325 68 sämtliche

179 2515 282 68 Stämme
522 2515 127 65 und
698 2541 219 58 wegen
965 2514 163 65 ihrer
1172 2512 517 86 Abgelegenheit
1733 2512 348 66 römischer
2125 2510 114 66 Ver-

178 2602 456 85 weichlichung
678 2602 156 66 fern.
904 2602 146 65 Von
1100 2600 386 67 Novaesium
1534 2597 234 85 (Neuß)
1816 2598 156 66 über
2005 2597 274 67 Colonia

176 2691 379 83 Agrippina,
627 2691 243 76 Bonna,
943 2687 436 72 Confluendes
1427 2686 357 85 (Coblenz),
1857 2686 266 83 Bingum
2179 2686 99 64 bis

180 2777 343 67 Casteilum
601 2776 114 68 sah
778 2802 66 41 er
905 2781 90 61 sie
1058 2774 169 68 ohne
1285 2772 305 68 Unterlaß
1652 2773 409 66 aufeinander
2123 2772 156 67 oder

178 2865 104 66 auf
338 2866 101 65 die
487 2863 233 68 Römer
767 2862 329 79 einhauen,
1154 2887 74 41 so
1277 2861 127 67 daß
1451 2887 74 40 zu
1573 2861 261 84 prallem
1883 2860 394 77 Muskelbau,

179 2952 358 66 stählernen
587 2952 251 66 Nerven
902 2955 60 62 in
1026 2950 189 66 ihnen
1265 2950 226 66 Grund
1550 2948 215 87 gelegt
1817 2948 233 66 wurde.
2145 2948 134 65 Des

179 3040 250 66 Flusses
476 3039 185 67 Lärm
710 3039 131 66 und
889 3042 133 63 sein
1054 3036 350 67 Widerhall
1451 3063 79 40 an
1580 3036 434 86 Bergwänden
2061 3061 218 59 zwang

179 3134 109 71 sie,
336 3129 130 65 laut
512 3154 75 40 zu
634 3126 330 87 sprechen,
1016 3125 94 67 oft
1154 3152 74 39 zu
1275 3125 306 76 schreien,
1630 3125 252 66 wollten
1930 3129 89 61 sie
2051 3124 228 84 gehört

179 3215 272 65 werden.
542 3214 344 84 Jedenfalls
947 3213 197 66 Laute
1205 3211 300 85 klingend
1567 3211 130 65 und
1759 3209 382 86 rhythmisch
2203 3235 74 40 zu

180 3302 238 76 bilden,
490 3302 128 64 daß
686 3328 146 40 vom
881 3299 489 85 Stromgebraus
1434 3303 92 62 sie
1590 3298 171 67 nicht
1821 3296 456 87 verschlungen

181 3387 279 67 wurden.

270 3474 64 66 In
382 3474 230 66 Divitia
659 3474 269 83 (Deutz),
987 3473 115 66 das
1150 3473 105 66 auf
1300 3472 264 67 deutsch
1620 3472 280 78 „Kasse“
1954 3473 323 76 bedeutet,

180 3562 255 67 häuften
484 3567 110 72 sie,
642 3589 129 40 was
810 3561 236 67 Schiffe
1093 3561 507 85 herschleppten,
1651 3562 129 66 und
1826 3562 240 66 lernten
2113 3561 132 67 früh-

179 3655 203 81 zeitig,
433 3676 68 41 es
548 3649 285 67 fremden
882 3647 375 67 Einkäufern
1304 3674 74 40 zu
1423 3649 376 84 gesalzenen
1849 3649 253 65 Preisen
2150 3648 96 66 auf-

180 3738 269 85 hängen.
545 3738 133 66 Ihre
739 3737 173 85 Lage
983 3737 89 65 als
1136 3736 262 67 Fechter
1459 3742 60 60 in
1577 3737 559 84 Auslagestellung
2198 3763 79 39 an

179 3825 542 86 Landesgrenzen,
772 3826 90 66 als
910 3826 388 84 Importeure
1345 3825 131 66 und
1507 3823 386 86 Exporteure
1942 3850 78 41 an
2067 3823 210 67 Toren

178 3912 235 85 großer
457 3912 505 85 Absatzgebiete
1025 3911 174 69 hatte
1247 3911 129 67 sich
1425 3912 99 66 bis
1570 3938 137 40 zum
1756 3912 296 85 heutigen
2100 3912 177 85 Tage

655 673 137 55 Carl
828 671 308 56 Sternkeim
1196 702 12 11 •
1265 670 115 56 Der
1417 669 378 56 Rheinländer

2167 669 107 54 309
