3060 4572
776 785 304 58 Fräulein
1119 782 328 56 Lambert:
1488 778 78 59 So
1608 783 68 53 ist
1717 780 108 56 den
1867 780 234 53 meisten
2140 775 404 57 verheirateten
2586 773 211 57 Frauen
2836 795 65 33 zu

851 858 171 68 Mute,
1045 856 153 68 bloß,
1227 853 110 57 daß
1364 858 80 52 sie
1467 853 143 56 nicht
1632 853 116 56 ihre
1778 851 241 57 Gefühle
2043 850 243 55 anderen
2309 847 208 56 Leuten
2541 848 360 70 aufdrängen.

851 933 108 57 Um
1008 930 385 58 Gotteswillen
1441 928 167 66 Kind,
1668 930 167 53 nimm
1896 924 137 56 Dich
2092 942 332 37 zusammen.
2503 921 107 57 Die
2670 924 233 53 meisten

852 1006 320 72 Tragödien
1196 1025 230 35 unseres
1448 1003 220 56 Lebens
1695 1002 183 55 haben
1900 1003 96 52 wir
2031 998 176 56 selbst
2229 999 339 69 gezimmert.
2621 996 281 55 Versuche

853 1081 160 66 doch,
1054 1081 121 54 dies
1215 1076 327 57 krankhafte
1571 1074 207 57 Gefühl
1815 1074 99 55 der
1941 1072 386 70 Beschämung
2353 1091 65 33 zu
2446 1069 359 56 überwinden

855 1177 61 34 es
955 1158 72 53 ist
1064 1175 101 50 gar
1203 1152 175 56 nichts
1417 1148 421 74 Tugendhaftes
1878 1147 165 56 dabei
2075 1187 56 14 ..
2162 1189 12 11 .
2253 1143 196 57 Scham
2492 1145 70 52 ist
2601 1142 135 57 bloß
2777 1145 126 52 eine

855 1228 565 67 Zusammensetzung
1459 1246 98 34 aus
1586 1223 256 56 Eitelkeit
1881 1220 114 56 und
2035 1218 351 56 moralischer
2414 1215 266 73 Feigheit.
2733 1215 173 71 Jedes

855 1302 255 72 Unglück
1151 1304 69 52 ist
1260 1303 87 52 ein
1388 1299 274 55 Prüfstein
1703 1297 84 55 für
1826 1295 109 56 den
1976 1293 323 59 Charakter.
2352 1289 114 56 Laß
2506 1290 218 56 Deinen
2766 1290 106 55 hüb-

855 1377 165 57 schen
1049 1374 154 72 Kopf
1241 1374 145 56 nicht
1425 1394 63 35 so
1529 1371 239 70 hängen.
1845 1368 150 57 Blick
2036 1366 99 56 der
2163 1365 151 56 Welt
2353 1368 83 52 ins
2479 1363 243 57 Gesicht.

782 1454 331 70 Margaret
1152 1448 135 72 (sich
1317 1445 335 71 erhebend):
1695 1444 75 67 O,
1800 1444 80 56 ich
1909 1441 89 57 laß
2028 1441 93 56 ihn
2148 1440 144 56 nicht
2320 1439 217 71 hängen
2563 1481 11 12 .
2606 1482 11 11 .
2649 1485 9 8 .
2692 1436 139 56 810ß
2856 1479 50 13 ..

855 1548 160 33 wenn
1055 1524 80 56 ich
1179 1544 67 33 an
1288 1519 197 58 Oliver
1532 1519 199 66 denke,
1778 1516 215 57 verläßt
2041 1515 133 56 mich
2226 1516 145 52 mein
2412 1512 137 55 Mut.
2625 1511 128 56 Wie
2803 1510 105 56 soll

857 1600 82 56 ich
987 1599 126 56 ihm
1162 1600 84 52 ins
1288 1595 228 57 Gesicht
1565 1591 261 59 schauen!
1887 1591 104 56 Mir
2036 1589 189 57 wurde
2277 1596 168 47 etwas
2493 1585 255 72 geraubt,
2794 1605 114 34 was

857 1674 109 56 ihm
1008 1671 162 56 allein
1209 1670 253 71 gehörte.

784 1746 303 59 Fräulein
1126 1744 329 55 Lambert:
1499 1741 294 71 Margaret,
1835 1737 90 55 Du
1967 1735 207 57 machst
2221 1732 137 57 mich
2405 1730 221 67 rasend,
2676 1730 235 71 sprichst

857 1824 103 54 wie
1001 1822 123 54 eine
1165 1817 242 56 Sklavin.
1474 1813 246 70 Solange
1759 1811 137 56 Dich
1938 1811 277 70 derartige
2244 1806 240 57 Gefühle
2525 1803 385 66 beherrschen,

859 1900 149 52 wirst
1046 1895 91 54 Du
1180 1891 137 56 Dich
1378 1893 52 53 in
1471 1890 105 56 alle
1633 1887 268 57 törichten
1944 1882 314 57 Fallstricke
2311 1881 317 70 verfangen,
2687 1878 92 56 die
2819 1878 92 55 die

857 1968 155 58 Welt
1077 1968 105 55 seit
1246 1962 381 58 zehntausend
1673 1961 204 71 Jahren
1943 1958 84 55 für
2085 1977 102 35 uns
2245 1954 211 56 Frauen
2516 1952 225 71 gestellt
2798 1951 109 54 hat.

864 2042 207 57 Wohin
1113 2043 69 52 ist
1210 2038 178 56 Deine
1429 2037 171 56 Liebe
1640 2056 94 34 zur
1773 2032 237 57 Freiheit
2059 2026 471 60 entschwunden?
2559 2026 184 55 Rüttle
2775 2024 136 55 Dich

861 2114 116 59 auf!
1017 2114 108 56 Die
1153 2113 240 56 Freiheit
1431 2114 71 55 ist
1542 2113 87 54 ein
1659 2107 292 57 herrliches
1976 2104 173 66 Ideal;
2191 2126 59 34 es
2292 2106 69 52 ist
2389 2099 133 57 bloß
2550 2099 220 65 schade,
2800 2097 111 57 daß

861 2196 144 67 jene,
1048 2189 90 55 die
1177 2188 137 56 über
1355 2188 80 55 sie
1477 2207 85 34 am
1604 2183 389 56 extatischsten
2033 2179 191 65 reden,
2273 2179 160 52 meist
2474 2197 84 33 am
2606 2177 306 67 wenigsten

862 2286 110 35 von
1012 2263 83 56 ihr
1133 2260 312 58 verstehen.
1525 2258 73 56 Es
1637 2260 70 53 ist
1746 2258 212 63 besser,
2009 2253 98 54 frei
2155 2273 65 33 zu
2268 2253 136 62 sein,
2455 2249 80 55 als
2574 2248 249 70 geliebt.
2855 2288 13 13 .
2899 2288 13 14 .

862 2342 127 53 weit
1010 2338 210 63 besser,
1245 2335 97 55 frei
1365 2356 65 33 zu
1453 2335 136 64 sein,
1613 2332 79 54 als
1708 2352 108 34 von
1840 2328 233 56 anderer
2094 2325 172 56 Leute
2290 2323 260 70 Achtung
2568 2324 344 67 eingezäunt.

865 2413 117 56 Nur
1020 2432 112 34 wer
1170 2410 118 65 frei,
1330 2429 111 35 wer
1482 2408 144 53 Herr
1665 2408 182 53 seiner
1890 2405 235 68 eigenen
2167 2398 165 57 Seele
2383 2400 85 64 ist,
2518 2395 99 55 der
2656 2394 259 71 Angriffe

866 2487 236 55 anderer
1129 2483 145 56 nicht
1313 2481 179 56 achtet
1608 2501 99 33 nur
1745 2479 102 55 der
1883 2497 226 48 vermag
2149 2495 66 32 zu
2253 2470 314 65 verstehen,
2605 2490 114 33 was
2746 2467 170 55 Liebe

864 2561 287 56 bedeutet.
1205 2558 73 54 Ist
1304 2555 99 56 Dir
1443 2555 122 55 dies
1604 2551 198 57 einmal
1838 2549 115 56 klar
1981 2548 318 72 geworden,
2328 2567 62 34 so
2431 2545 148 53 wirst
2606 2541 90 56 Du
2725 2542 191 64 sehen,

867 2634 110 56 daß
1027 2633 92 55 die
1167 2630 165 56 halbe
1380 2626 342 57 Menschheit
1775 2619 594 75 selbstgeschmiedete
2418 2616 206 56 Ketten
2670 2620 147 66 trägt

867 2710 115 55 ihre
1012 2705 226 57 Fesseln
1279 2705 135 70 hegt
1453 2702 113 56 und
1607 2696 325 60 idealisiert!
1991 2696 277 55 Nationen
2304 2692 110 55 und
2443 2688 343 68 Individuen,
2822 2691 96 52 wir

870 2782 103 56 alle
1013 2779 224 57 bleiben
1279 2776 175 56 lieber
1492 2775 174 65 blind,
1708 2772 79 56 als
1835 2770 111 57 daß
1993 2772 95 52 wir
2135 2788 195 35 unsere
2371 2763 206 72 Augen
2624 2762 293 64 benützen,

869 2856 124 59 sind
1031 2855 174 56 lieber
1245 2851 238 57 Sklaven
1533 2850 80 54 als
1652 2847 117 68 frei,
1819 2843 312 74 gehorchen
2172 2842 174 55 lieber
2385 2838 205 71 jedem,
2630 2837 101 55 der
2770 2845 147 62 sagt:

872 2941 93 56 „tu
1006 2929 154 55 dies“
1210 2926 113 55 und
1386 2935 91 57 „tu
1525 2923 155 65 das“,
1721 2921 80 54 als
1861 2939 101 35 uns
2022 2917 90 55 die
2153 2913 167 57 Mühe
2369 2934 64 34 zu
2493 2912 257 63 nehmen,
2809 2909 109 55 den

870 3005 264 56 Geboten
1175 3021 228 35 unseres
1445 3001 235 67 eigenen
1720 2995 266 55 Daimons
2035 3014 64 31 zu
2141 2988 257 57 lauschen
2446 2984 112 56 und
2598 3006 65 34 zu
2711 2983 207 71 folgen.

869 3077 238 59 Wieviel
1148 3071 636 71 Glücksmöglichkeiten
1826 3067 183 55 dieser
2036 3063 151 57 Welt
2223 3061 205 55 werfen
2469 3061 94 52 wir
2602 3056 131 57 fort!
2790 3056 131 55 Und

871 3175 98 34 aus
992 3152 183 55 dieser
1190 3152 354 67 verspäteten
1566 3144 326 56 Erkenntnis
1909 3139 134 56 wird
2066 3139 90 55 die
2178 3137 133 54 Pein
2333 3136 98 54 der
2449 3133 165 55 Hölle
2631 3130 290 58 bestehen.

799 3242 352 69 Margaret:
1193 3236 81 56 Ich
1314 3233 185 57 wußte
1541 3235 104 64 nie,
1688 3229 110 56 daß
1839 3228 89 55 Du
1970 3226 225 71 religiös
2235 3224 127 64 bist,
2403 3219 193 56 Tante-

799 3313 297 59 Fräulein
1137 3310 326 57 Lambert:
1506 3307 162 56 Dann
1709 3306 124 54 hast
1859 3302 90 56 Du
1991 3299 155 68 mich,
2187 3298 243 64 Liebste,
2471 3294 84 55 für
2595 3297 120 52 eine
2757 3292 165 56 Törin

874 3387 274 72 gehalten.
1228 3382 140 57 810ß
1408 3381 183 57 Toren
1651 3379 124 55 sind
1834 3376 317 69 unreligiös.
2230 3370 235 65 Schade,
2507 3367 108 56 daß
2675 3368 91 53 bei
2827 3365 98 55 der

874 3461 324 57 kirchlichen
1226 3458 254 56 Karriere
1521 3457 91 53 die
1640 3450 320 59 Dummheit
1999 3471 63 35 so
2101 3448 108 56 viel
2250 3454 166 56 nützt,
2459 3443 138 54 doch
2634 3440 127 55 muß
2802 3440 122 55 dies

876 3539 54 52 in
970 3555 254 35 unserem
1267 3528 505 60 materialistischen
1812 3523 258 57 Zeitalter
2107 3520 146 57 wohl
2294 3541 63 34 so
2399 3520 133 54 sein.

801 3610 331 70 Margaret
1181 3605 196 72 (steif):
1427 3603 73 56 Es
1560 3600 198 57 deucht
1825 3599 137 55 mich
2031 3594 355 58 entschieden
2446 3588 318 71 unreligiös,
2824 3585 102 56 das

875 3682 398 73 Vorgefallene
1312 3701 63 34 so
1417 3677 160 57 leicht
1617 3698 64 33 zu
1723 3674 254 56 nehmen.

803 3759 302 56 Fräulein
1146 3754 326 57 Lambert:
1759 3748 256 70 Religion
2055 3743 187 57 würde
2283 3741 101 55 Dir
2422 3737 203 65 helfen,
2667 3757 61 33 es
2767 3735 161 53 leicht

876 3856 65 33 zu
991 3831 254 56 nehmen.
1275 3872 13 13 .
1318 3871 12 13 .
1398 3826 140 56 Sind
1585 3825 90 55 bei
1726 3823 100 54 Dir
1864 3821 163 56 Geist
2075 3818 113 55 und
2230 3814 163 57 Seele
2441 3815 116 52 rein
2609 3807 317 73 geblieben,

879 3928 63 34 so
983 3908 70 53 ist
1093 3903 134 55 alles
1267 3903 196 68 übrige
1513 3898 308 69 unwichtig.
1899 3894 89 56 Du
2037 3889 344 58 enttäuschst
2428 3885 156 67 mich,
2626 3884 301 69 Margaret;

1034 605 255 71 Douglas
1334 603 276 72 Goldring
1663 632 12 14 •
1733 602 118 55 Der
1888 600 221 73 Kampf
2142 621 94 34 um
2277 598 89 56 die
2403 596 235 58 Freiheit

773 612 112 54 290
