<?xml version="1.0" encoding="UTF-8"?>
<alto xmlns:xsi="http://www.w3.org/2001/XMLSchema-instance" xmlns="http://www.loc.gov/standards/alto/ns-v2#" xsi:schemaLocation="http://www.loc.gov/standards/alto/ns-v2# http://www.loc.gov/standards/alto/v2/alto-2-0.xsd" xmlns:xlink="http://www.w3.org/1999/xlink">
	<Description>
		<MeasurementUnit>mm10</MeasurementUnit>
		<sourceImageInformation>
			<fileName>./bmtnabr_1917-07_01_0080.jp2</fileName>
		</sourceImageInformation>
		<OCRProcessing ID="OCRPROCESSING_1">
			<preProcessingStep>
				<processingSoftware>
					<softwareCreator>CCS Content Conversion Specialists GmbH, Germany</softwareCreator>
					<softwareName>CCS docWorks</softwareName>
					<softwareVersion>6.8-1.27</softwareVersion>
				</processingSoftware>
			</preProcessingStep>
			<ocrProcessingStep>
				<processingSoftware>
					<softwareCreator>ABBYY (BIT Software), Russia</softwareCreator>
					<softwareName>FineReader</softwareName>
					<softwareVersion>11.0</softwareVersion>
				</processingSoftware>
			</ocrProcessingStep>
			<postProcessingStep>
				<processingSoftware>
					<softwareCreator>CCS Content Conversion Specialists GmbH, Germany</softwareCreator>
					<softwareName>CCS docWorks</softwareName>
					<softwareVersion>6.8-1.27</softwareVersion>
					<applicationDescription>docWorks: Text modified manually, or automatically replaced</applicationDescription>
				</processingSoftware>
			</postProcessingStep>
		</OCRProcessing>
	</Description>
	<Styles>
		<TextStyle ID="TXT_0" FONTSIZE="18" FONTFAMILY="Times New Roman" FONTSTYLE="bold italics"/>
		<TextStyle ID="TXT_1" FONTSIZE="9" FONTFAMILY="Times New Roman"/>
		<TextStyle ID="TXT_2" FONTSIZE="20" FONTFAMILY="Times New Roman"/>
		<TextStyle ID="TXT_3" FONTSIZE="24" FONTFAMILY="Times New Roman"/>
		<ParagraphStyle ID="PAR_RIGHT" ALIGN="Right"/>
		<ParagraphStyle ID="PAR_LEFT" ALIGN="Left"/>
	</Styles>
	<Layout>
		<Page ID="P80" PHYSICAL_IMG_NR="80" HEIGHT="4572" WIDTH="3858" PRINTED_IMG_NR="80" PC="0.970">
			<TopMargin ID="P80_TM00001" HPOS="0" VPOS="0" WIDTH="3858" HEIGHT="543">
				<TextBlock ID="P80_TB00001" HPOS="1883" VPOS="473" WIDTH="1277" HEIGHT="67" STYLEREFS="TXT_0 PAR_RIGHT">
					<TextLine ID="P80_TL00001" HPOS="1885" VPOS="474" WIDTH="1275" HEIGHT="66">
						<String ID="P80_ST00001" HPOS="1885" VPOS="480" WIDTH="183" HEIGHT="52" CONTENT="Albert" WC="0.98" CC="510367"/>
						<SP ID="P80_SP00001" HPOS="2068" VPOS="532" WIDTH="26"/>
						<String ID="P80_ST00002" HPOS="2094" VPOS="478" WIDTH="319" HEIGHT="54" CONTENT="Ehrenstein" WC="0.99" CC="2162036415"/>
						<SP ID="P80_SP00002" HPOS="2413" VPOS="532" WIDTH="33"/>
						<String ID="P80_ST00003" HPOS="2446" VPOS="497" WIDTH="27" HEIGHT="19" CONTENT="♦" WC="0.64" CC="3" STYLEREFS="TXT_1"/>
						<SP ID="P80_SP00003" HPOS="2473" VPOS="532" WIDTH="38"/>
						<String ID="P80_ST00004" HPOS="2511" VPOS="476" WIDTH="118" HEIGHT="52" CONTENT="Das" WC="0.95" CC="263"/>
						<SP ID="P80_SP00004" HPOS="2629" VPOS="532" WIDTH="25"/>
						<String ID="P80_ST00005" HPOS="2654" VPOS="474" WIDTH="261" HEIGHT="52" CONTENT="sterbende" WC="1.00" CC="040000520"/>
						<SP ID="P80_SP00005" HPOS="2915" VPOS="532" WIDTH="28"/>
						<String ID="P80_ST00006" HPOS="2943" VPOS="475" WIDTH="217" HEIGHT="65" CONTENT="Europa" WC="0.98" CC="350069"/>
					</TextLine>
				</TextBlock>
				<TextBlock ID="P80_TB00002" HPOS="1415" VPOS="480" WIDTH="70" HEIGHT="60" STYLEREFS="TXT_2 PAR_LEFT">
					<TextLine ID="P80_TL00002" HPOS="1415" VPOS="480" WIDTH="70" HEIGHT="60">
						<String ID="P80_ST00007" HPOS="1415" VPOS="480" WIDTH="70" HEIGHT="60" CONTENT="80" WC="1.00" CC="00"/>
					</TextLine>
				</TextBlock>
			</TopMargin>
			<LeftMargin ID="P80_LM00001" HPOS="0" VPOS="543" WIDTH="58" HEIGHT="3698"/>
			<RightMargin ID="P80_RM00001" HPOS="3616" VPOS="543" WIDTH="242" HEIGHT="3698"/>
			<BottomMargin ID="P80_BM00001" HPOS="0" VPOS="4241" WIDTH="3858" HEIGHT="331"/>
			<PrintSpace ID="P80_PS00001" HPOS="58" VPOS="543" WIDTH="3558" HEIGHT="3698">
				<TextBlock ID="P80_TB00003" HPOS="1415" VPOS="670" WIDTH="2201" HEIGHT="2642" STYLEREFS="TXT_3 PAR_LEFT">
					<TextLine ID="P80_TL00003" HPOS="1416" VPOS="671" WIDTH="1744" HEIGHT="89">
						<String ID="P80_ST00008" HPOS="1416" VPOS="681" WIDTH="61" HEIGHT="71" CONTENT="0" WC="1.00" CC="0"/>
						<SP ID="P80_SP00006" HPOS="1477" VPOS="752" WIDTH="33"/>
						<String ID="P80_ST00009" HPOS="1510" VPOS="682" WIDTH="189" HEIGHT="78" CONTENT="Erde," WC="0.98" CC="31702"/>
						<SP ID="P80_SP00007" HPOS="1699" VPOS="760" WIDTH="37"/>
						<String ID="P80_ST00010" HPOS="1736" VPOS="711" WIDTH="96" HEIGHT="40" CONTENT="wo" WC="0.81" CC="03"/>
						<SP ID="P80_SP00008" HPOS="1832" VPOS="760" WIDTH="37"/>
						<String ID="P80_ST00011" HPOS="1869" VPOS="677" WIDTH="233" HEIGHT="73" CONTENT="Leiche" WC="0.98" CC="416070"/>
						<SP ID="P80_SP00009" HPOS="2102" VPOS="760" WIDTH="34"/>
						<String ID="P80_ST00012" HPOS="2136" VPOS="677" WIDTH="112" HEIGHT="70" CONTENT="der" WC="0.94" CC="905"/>
						<SP ID="P80_SP00010" HPOS="2248" VPOS="760" WIDTH="34"/>
						<String ID="P80_ST00013" HPOS="2282" VPOS="675" WIDTH="236" HEIGHT="71" CONTENT="Leiche" WC="0.98" CC="706070"/>
						<SP ID="P80_SP00011" HPOS="2518" VPOS="760" WIDTH="33"/>
						<String ID="P80_ST00014" HPOS="2551" VPOS="676" WIDTH="126" HEIGHT="68" CONTENT="den" WC="1.00" CC="000"/>
						<SP ID="P80_SP00012" HPOS="2677" VPOS="760" WIDTH="34"/>
						<String ID="P80_ST00015" HPOS="2711" VPOS="671" WIDTH="206" HEIGHT="72" CONTENT="Staub" WC="0.99" CC="00037"/>
						<SP ID="P80_SP00013" HPOS="2917" VPOS="760" WIDTH="32"/>
						<String ID="P80_ST00016" HPOS="2949" VPOS="671" WIDTH="211" HEIGHT="79" CONTENT="raubt," WC="0.98" CC="100751"/>
					</TextLine>
					<TextLine ID="P80_TL00004" HPOS="1416" VPOS="770" WIDTH="1018" HEIGHT="77">
						<String ID="P80_ST00017" HPOS="1416" VPOS="807" WIDTH="38" HEIGHT="38" CONTENT="o" WC="0.77" CC="2"/>
						<SP ID="P80_SP00014" HPOS="1454" VPOS="845" WIDTH="37"/>
						<String ID="P80_ST00018" HPOS="1491" VPOS="774" WIDTH="318" HEIGHT="70" CONTENT="Finsterer" WC="1.00" CC="063000000"/>
						<SP ID="P80_SP00015" HPOS="1809" VPOS="845" WIDTH="35"/>
						<String ID="P80_ST00019" HPOS="1844" VPOS="772" WIDTH="113" HEIGHT="70" CONTENT="der" WC="1.00" CC="000"/>
						<SP ID="P80_SP00016" HPOS="1957" VPOS="845" WIDTH="35"/>
						<String ID="P80_ST00020" HPOS="1992" VPOS="770" WIDTH="442" HEIGHT="77" CONTENT="Finsternisse," WC="1.00" CC="1630005010000"/>
					</TextLine>
					<TextLine ID="P80_TL00005" HPOS="1417" VPOS="863" WIDTH="1027" HEIGHT="78">
						<String ID="P80_ST00021" HPOS="1417" VPOS="870" WIDTH="88" HEIGHT="67" CONTENT="du" WC="1.00" CC="00"/>
						<SP ID="P80_SP00017" HPOS="1505" VPOS="937" WIDTH="34"/>
						<String ID="P80_ST00022" HPOS="1539" VPOS="868" WIDTH="330" HEIGHT="68" CONTENT="Bitterster" WC="1.00" CC="0500020005"/>
						<SP ID="P80_SP00018" HPOS="1869" VPOS="937" WIDTH="33"/>
						<String ID="P80_ST00023" HPOS="1902" VPOS="865" WIDTH="113" HEIGHT="70" CONTENT="der" WC="0.99" CC="001"/>
						<SP ID="P80_SP00019" HPOS="2015" VPOS="937" WIDTH="35"/>
						<String ID="P80_ST00024" HPOS="2050" VPOS="863" WIDTH="394" HEIGHT="78" CONTENT="Bitternisse," WC="1.00" CC="000000260000"/>
					</TextLine>
					<TextLine ID="P80_TL00006" HPOS="1420" VPOS="950" WIDTH="1587" HEIGHT="90">
						<String ID="P80_ST00025" HPOS="1420" VPOS="957" WIDTH="519" HEIGHT="80" CONTENT="Höllenhimmel," WC="1.00" CC="0206027200021"/>
						<SP ID="P80_SP00020" HPOS="1939" VPOS="1037" WIDTH="37"/>
						<String ID="P80_ST00026" HPOS="1976" VPOS="955" WIDTH="491" HEIGHT="85" CONTENT="pestschwarzer" WC="1.00" CC="3000000005004"/>
						<SP ID="P80_SP00021" HPOS="2467" VPOS="1040" WIDTH="32"/>
						<String ID="P80_ST00027" HPOS="2499" VPOS="951" WIDTH="137" HEIGHT="70" CONTENT="und" WC="0.99" CC="300"/>
						<SP ID="P80_SP00022" HPOS="2636" VPOS="1040" WIDTH="33"/>
						<String ID="P80_ST00028" HPOS="2669" VPOS="950" WIDTH="338" HEIGHT="79" CONTENT="lastender," WC="1.00" CC="3000050000"/>
					</TextLine>
					<TextLine ID="P80_TL00007" HPOS="1420" VPOS="1044" WIDTH="1323" HEIGHT="80">
						<String ID="P80_ST00029" HPOS="1420" VPOS="1054" WIDTH="99" HEIGHT="70" CONTENT="dir" WC="0.97" CC="053"/>
						<SP ID="P80_SP00023" HPOS="1519" VPOS="1124" WIDTH="34"/>
						<String ID="P80_ST00030" HPOS="1553" VPOS="1052" WIDTH="208" HEIGHT="70" CONTENT="brülle" WC="0.99" CC="700420"/>
						<SP ID="P80_SP00024" HPOS="1761" VPOS="1124" WIDTH="32"/>
						<String ID="P80_ST00031" HPOS="1793" VPOS="1051" WIDTH="103" HEIGHT="71" CONTENT="ich" WC="0.96" CC="207"/>
						<SP ID="P80_SP00025" HPOS="1896" VPOS="1124" WIDTH="34"/>
						<String ID="P80_ST00032" HPOS="1930" VPOS="1049" WIDTH="230" HEIGHT="70" CONTENT="Armer" WC="0.99" CC="05000"/>
						<SP ID="P80_SP00026" HPOS="2160" VPOS="1124" WIDTH="32"/>
						<String ID="P80_ST00033" HPOS="2192" VPOS="1048" WIDTH="137" HEIGHT="69" CONTENT="und" WC="0.98" CC="500"/>
						<SP ID="P80_SP00027" HPOS="2329" VPOS="1124" WIDTH="37"/>
						<String ID="P80_ST00034" HPOS="2366" VPOS="1044" WIDTH="377" HEIGHT="73" CONTENT="Fastender:" WC="0.99" CC="3000060134"/>
					</TextLine>
					<TextLine ID="P80_TL00008" HPOS="1422" VPOS="1178" WIDTH="2194" HEIGHT="97">
						<String ID="P80_ST00035" HPOS="1422" VPOS="1190" WIDTH="338" HEIGHT="85" CONTENT="„Erdgott," WC="0.99" CC="403054000"/>
						<SP ID="P80_SP00028" HPOS="1760" VPOS="1275" WIDTH="18"/>
						<String ID="P80_ST00036" HPOS="1778" VPOS="1189" WIDTH="241" HEIGHT="71" CONTENT="flüchte" WC="1.00" CC="0000000"/>
						<SP ID="P80_SP00029" HPOS="2019" VPOS="1275" WIDTH="20"/>
						<String ID="P80_ST00037" HPOS="2039" VPOS="1186" WIDTH="177" HEIGHT="72" CONTENT="nicht" WC="0.99" CC="06000"/>
						<SP ID="P80_SP00030" HPOS="2216" VPOS="1275" WIDTH="18"/>
						<String ID="P80_ST00038" HPOS="2234" VPOS="1188" WIDTH="64" HEIGHT="67" CONTENT="in" WC="0.64" CC="70"/>
						<SP ID="P80_SP00031" HPOS="2298" VPOS="1275" WIDTH="21"/>
						<String ID="P80_ST00039" HPOS="2319" VPOS="1186" WIDTH="233" HEIGHT="69" CONTENT="deinen" WC="0.99" CC="006000"/>
						<SP ID="P80_SP00032" HPOS="2552" VPOS="1275" WIDTH="18"/>
						<String ID="P80_ST00040" HPOS="2570" VPOS="1184" WIDTH="151" HEIGHT="70" CONTENT="Bart" WC="0.98" CC="2050"/>
						<SP ID="P80_SP00033" HPOS="2721" VPOS="1275" WIDTH="17"/>
						<String ID="P80_ST00041" HPOS="2738" VPOS="1211" WIDTH="114" HEIGHT="41" CONTENT="vor" WC="1.00" CC="000"/>
						<SP ID="P80_SP00034" HPOS="2852" VPOS="1275" WIDTH="18"/>
						<String ID="P80_ST00042" HPOS="2870" VPOS="1181" WIDTH="147" HEIGHT="70" CONTENT="dem" WC="1.00" CC="000"/>
						<SP ID="P80_SP00035" HPOS="3017" VPOS="1275" WIDTH="22"/>
						<String ID="P80_ST00043" HPOS="3039" VPOS="1178" WIDTH="577" HEIGHT="74" CONTENT="Kanonendonner!" WC="1.00" CC="60200020000064"/>
					</TextLine>
					<TextLine ID="P80_TL00009" HPOS="1418" VPOS="1279" WIDTH="919" HEIGHT="75">
						<String ID="P80_ST00044" HPOS="1418" VPOS="1313" WIDTH="125" HEIGHT="41" CONTENT="was" WC="1.00" CC="000"/>
						<SP ID="P80_SP00036" HPOS="1543" VPOS="1354" WIDTH="35"/>
						<String ID="P80_ST00045" HPOS="1578" VPOS="1282" WIDTH="244" HEIGHT="71" CONTENT="tränkst" WC="0.99" CC="0204500"/>
						<SP ID="P80_SP00037" HPOS="1822" VPOS="1354" WIDTH="36"/>
						<String ID="P80_ST00046" HPOS="1858" VPOS="1282" WIDTH="87" HEIGHT="68" CONTENT="du" WC="0.67" CC="06"/>
						<SP ID="P80_SP00038" HPOS="1945" VPOS="1354" WIDTH="36"/>
						<String ID="P80_ST00047" HPOS="1981" VPOS="1279" WIDTH="356" HEIGHT="70" CONTENT="Menschen" WC="1.00" CC="10000001"/>
					</TextLine>
					<TextLine ID="P80_TL00010" HPOS="1418" VPOS="1365" WIDTH="1548" HEIGHT="80">
						<String ID="P80_ST00048" HPOS="1418" VPOS="1379" WIDTH="118" HEIGHT="66" CONTENT="mit" WC="0.97" CC="070"/>
						<SP ID="P80_SP00039" HPOS="1536" VPOS="1445" WIDTH="28"/>
						<String ID="P80_ST00049" HPOS="1564" VPOS="1376" WIDTH="127" HEIGHT="69" CONTENT="den" WC="1.00" CC="000"/>
						<SP ID="P80_SP00040" HPOS="1691" VPOS="1445" WIDTH="26"/>
						<String ID="P80_ST00050" HPOS="1717" VPOS="1373" WIDTH="311" HEIGHT="71" CONTENT="ätzenden" WC="1.00" CC="20000000"/>
						<SP ID="P80_SP00041" HPOS="2028" VPOS="1445" WIDTH="41"/>
						<String ID="P80_ST00051" HPOS="2069" VPOS="1371" WIDTH="382" HEIGHT="71" CONTENT="Abwässern" WC="1.00" CC="070000000"/>
						<SP ID="P80_SP00042" HPOS="2451" VPOS="1445" WIDTH="27"/>
						<String ID="P80_ST00052" HPOS="2478" VPOS="1369" WIDTH="111" HEIGHT="70" CONTENT="der" WC="0.99" CC="002"/>
						<SP ID="P80_SP00043" HPOS="2589" VPOS="1445" WIDTH="27"/>
						<String ID="P80_ST00053" HPOS="2616" VPOS="1365" WIDTH="350" HEIGHT="73" CONTENT="Schakale?" WC="0.99" CC="307050206"/>
					</TextLine>
					<TextLine ID="P80_TL00011" HPOS="1422" VPOS="1458" WIDTH="1684" HEIGHT="89">
						<String ID="P80_ST00054" HPOS="1422" VPOS="1468" WIDTH="271" HEIGHT="71" CONTENT="Schufst" WC="0.99" CC="0004600"/>
						<SP ID="P80_SP00044" HPOS="1693" VPOS="1539" WIDTH="35"/>
						<String ID="P80_ST00055" HPOS="1728" VPOS="1468" WIDTH="88" HEIGHT="69" CONTENT="du" WC="1.00" CC="00"/>
						<SP ID="P80_SP00045" HPOS="1816" VPOS="1539" WIDTH="35"/>
						<String ID="P80_ST00056" HPOS="1851" VPOS="1468" WIDTH="113" HEIGHT="69" CONTENT="der" WC="0.98" CC="006"/>
						<SP ID="P80_SP00046" HPOS="1964" VPOS="1539" WIDTH="32"/>
						<String ID="P80_ST00057" HPOS="1996" VPOS="1463" WIDTH="545" HEIGHT="83" CONTENT="Wirbelschlange" WC="1.00" CC="50070300020563"/>
						<SP ID="P80_SP00047" HPOS="2541" VPOS="1546" WIDTH="30"/>
						<String ID="P80_ST00058" HPOS="2571" VPOS="1462" WIDTH="162" HEIGHT="85" CONTENT="Weg" WC="0.98" CC="500"/>
						<SP ID="P80_SP00048" HPOS="2733" VPOS="1547" WIDTH="33"/>
						<String ID="P80_ST00059" HPOS="2766" VPOS="1462" WIDTH="86" HEIGHT="69" CONTENT="im" WC="0.93" CC="10"/>
						<SP ID="P80_SP00049" HPOS="2852" VPOS="1547" WIDTH="37"/>
						<String ID="P80_ST00060" HPOS="2889" VPOS="1458" WIDTH="217" HEIGHT="79" CONTENT="Wind," WC="1.00" CC="00000"/>
					</TextLine>
					<TextLine ID="P80_TL00012" HPOS="1420" VPOS="1552" WIDTH="1126" HEIGHT="94">
						<String ID="P80_ST00061" HPOS="1420" VPOS="1559" WIDTH="520" HEIGHT="87" CONTENT="Stumpf-Schlaf" WC="0.99" CC="0340074040106"/>
						<SP ID="P80_SP00050" HPOS="1940" VPOS="1646" WIDTH="32"/>
						<String ID="P80_ST00062" HPOS="1972" VPOS="1560" WIDTH="66" HEIGHT="68" CONTENT="in" WC="0.65" CC="60"/>
						<SP ID="P80_SP00051" HPOS="2038" VPOS="1646" WIDTH="37"/>
						<String ID="P80_ST00063" HPOS="2075" VPOS="1559" WIDTH="126" HEIGHT="69" CONTENT="den" WC="0.99" CC="003"/>
						<SP ID="P80_SP00052" HPOS="2201" VPOS="1646" WIDTH="33"/>
						<String ID="P80_ST00064" HPOS="2234" VPOS="1552" WIDTH="312" HEIGHT="76" CONTENT="Ämtern?" WC="0.98" CC="5000169"/>
					</TextLine>
					<TextLine ID="P80_TL00013" HPOS="1420" VPOS="1641" WIDTH="2061" HEIGHT="90">
						<String ID="P80_ST00065" HPOS="1420" VPOS="1655" WIDTH="134" HEIGHT="70" CONTENT="Bist" WC="0.98" CC="0700"/>
						<SP ID="P80_SP00053" HPOS="1554" VPOS="1725" WIDTH="36"/>
						<String ID="P80_ST00066" HPOS="1590" VPOS="1655" WIDTH="87" HEIGHT="69" CONTENT="du" WC="1.00" CC="00"/>
						<SP ID="P80_SP00054" HPOS="1677" VPOS="1725" WIDTH="36"/>
						<String ID="P80_ST00067" HPOS="1713" VPOS="1653" WIDTH="113" HEIGHT="69" CONTENT="der" WC="1.00" CC="000"/>
						<SP ID="P80_SP00055" HPOS="1826" VPOS="1725" WIDTH="33"/>
						<String ID="P80_ST00068" HPOS="1859" VPOS="1650" WIDTH="221" HEIGHT="79" CONTENT="Fluch," WC="0.99" CC="440003"/>
						<SP ID="P80_SP00056" HPOS="2080" VPOS="1729" WIDTH="36"/>
						<String ID="P80_ST00069" HPOS="2116" VPOS="1651" WIDTH="105" HEIGHT="69" CONTENT="die" WC="0.97" CC="060"/>
						<SP ID="P80_SP00057" HPOS="2221" VPOS="1729" WIDTH="32"/>
						<String ID="P80_ST00070" HPOS="2253" VPOS="1646" WIDTH="673" HEIGHT="85" CONTENT="mondgeschwängert" WC="1.00" CC="0340000000744010"/>
						<SP ID="P80_SP00058" HPOS="2926" VPOS="1731" WIDTH="34"/>
						<String ID="P80_ST00071" HPOS="2960" VPOS="1641" WIDTH="248" HEIGHT="71" CONTENT="fremde" WC="0.99" CC="600000"/>
						<SP ID="P80_SP00059" HPOS="3208" VPOS="1731" WIDTH="32"/>
						<String ID="P80_ST00072" HPOS="3240" VPOS="1641" WIDTH="241" HEIGHT="79" CONTENT="Wolke," WC="1.00" CC="005000"/>
					</TextLine>
					<TextLine ID="P80_TL00014" HPOS="1423" VPOS="1739" WIDTH="1168" HEIGHT="89">
						<String ID="P80_ST00073" HPOS="1423" VPOS="1746" WIDTH="186" HEIGHT="70" CONTENT="Geist" WC="0.99" CC="20600"/>
						<SP ID="P80_SP00060" HPOS="1609" VPOS="1816" WIDTH="34"/>
						<String ID="P80_ST00074" HPOS="1643" VPOS="1776" WIDTH="121" HEIGHT="40" CONTENT="uns" WC="0.98" CC="040"/>
						<SP ID="P80_SP00061" HPOS="1764" VPOS="1816" WIDTH="37"/>
						<String ID="P80_ST00075" HPOS="1801" VPOS="1743" WIDTH="411" HEIGHT="85" CONTENT="ansprühend" WC="1.00" CC="0500000000"/>
						<SP ID="P80_SP00062" HPOS="2212" VPOS="1828" WIDTH="36"/>
						<String ID="P80_ST00076" HPOS="2248" VPOS="1744" WIDTH="116" HEIGHT="70" CONTENT="mit" WC="0.98" CC="060"/>
						<SP ID="P80_SP00063" HPOS="2364" VPOS="1828" WIDTH="39"/>
						<String ID="P80_ST00077" HPOS="2403" VPOS="1739" WIDTH="188" HEIGHT="71" CONTENT="Gift?" WC="0.98" CC="14700"/>
					</TextLine>
					<TextLine ID="P80_TL00015" HPOS="1422" VPOS="1826" WIDTH="2089" HEIGHT="86">
						<String ID="P80_ST00078" HPOS="1422" VPOS="1838" WIDTH="440" HEIGHT="72" CONTENT="Umwimmelt" WC="1.00" CC="400600010"/>
						<SP ID="P80_SP00064" HPOS="1862" VPOS="1910" WIDTH="33"/>
						<String ID="P80_ST00079" HPOS="1895" VPOS="1867" WIDTH="127" HEIGHT="40" CONTENT="von" WC="1.00" CC="000"/>
						<SP ID="P80_SP00065" HPOS="2022" VPOS="1910" WIDTH="31"/>
						<String ID="P80_ST00080" HPOS="2053" VPOS="1834" WIDTH="253" HEIGHT="73" CONTENT="weißen" WC="0.99" CC="006000"/>
						<SP ID="P80_SP00066" HPOS="2306" VPOS="1910" WIDTH="36"/>
						<String ID="P80_ST00081" HPOS="2342" VPOS="1833" WIDTH="275" HEIGHT="79" CONTENT="Haaren," WC="1.00" CC="0000000"/>
						<SP ID="P80_SP00067" HPOS="2617" VPOS="1912" WIDTH="37"/>
						<String ID="P80_ST00082" HPOS="2654" VPOS="1833" WIDTH="126" HEIGHT="68" CONTENT="den" WC="1.00" CC="000"/>
						<SP ID="P80_SP00068" HPOS="2780" VPOS="1912" WIDTH="34"/>
						<String ID="P80_ST00083" HPOS="2814" VPOS="1830" WIDTH="208" HEIGHT="70" CONTENT="Boten" WC="1.00" CC="00000"/>
						<SP ID="P80_SP00069" HPOS="3022" VPOS="1912" WIDTH="35"/>
						<String ID="P80_ST00084" HPOS="3057" VPOS="1828" WIDTH="111" HEIGHT="70" CONTENT="der" WC="0.97" CC="007"/>
						<SP ID="P80_SP00070" HPOS="3168" VPOS="1912" WIDTH="35"/>
						<String ID="P80_ST00085" HPOS="3203" VPOS="1826" WIDTH="308" HEIGHT="81" CONTENT="Würmer," WC="0.99" CC="0050003"/>
					</TextLine>
					<TextLine ID="P80_TL00016" HPOS="1422" VPOS="1928" WIDTH="680" HEIGHT="80">
						<String ID="P80_ST00086" HPOS="1422" VPOS="1933" WIDTH="88" HEIGHT="70" CONTENT="du" WC="1.00" CC="00"/>
						<SP ID="P80_SP00071" HPOS="1510" VPOS="2003" WIDTH="35"/>
						<String ID="P80_ST00087" HPOS="1545" VPOS="1932" WIDTH="127" HEIGHT="70" CONTENT="bist" WC="0.97" CC="7600"/>
						<SP ID="P80_SP00072" HPOS="1672" VPOS="2003" WIDTH="36"/>
						<String ID="P80_ST00088" HPOS="1708" VPOS="1929" WIDTH="176" HEIGHT="73" CONTENT="nicht" WC="0.98" CC="40070"/>
						<SP ID="P80_SP00073" HPOS="1884" VPOS="2003" WIDTH="35"/>
						<String ID="P80_ST00089" HPOS="1919" VPOS="1928" WIDTH="183" HEIGHT="80" CONTENT="Gott," WC="1.00" CC="20000"/>
					</TextLine>
					<TextLine ID="P80_TL00017" HPOS="1423" VPOS="2018" WIDTH="1687" HEIGHT="88">
						<String ID="P80_ST00090" HPOS="1423" VPOS="2026" WIDTH="88" HEIGHT="70" CONTENT="du" WC="1.00" CC="00"/>
						<SP ID="P80_SP00074" HPOS="1511" VPOS="2096" WIDTH="37"/>
						<String ID="P80_ST00091" HPOS="1548" VPOS="2025" WIDTH="124" HEIGHT="69" CONTENT="bist" WC="0.97" CC="7600"/>
						<SP ID="P80_SP00075" HPOS="1672" VPOS="2096" WIDTH="36"/>
						<String ID="P80_ST00092" HPOS="1708" VPOS="2025" WIDTH="110" HEIGHT="67" CONTENT="der" WC="0.98" CC="004"/>
						<SP ID="P80_SP00076" HPOS="1818" VPOS="2096" WIDTH="36"/>
						<String ID="P80_ST00093" HPOS="1854" VPOS="2021" WIDTH="330" HEIGHT="85" CONTENT="Ergrauer," WC="0.93" CC="000000023"/>
						<SP ID="P80_SP00077" HPOS="2184" VPOS="2106" WIDTH="37"/>
						<String ID="P80_ST00094" HPOS="2221" VPOS="2020" WIDTH="114" HEIGHT="69" CONTENT="der" WC="1.00" CC="000"/>
						<SP ID="P80_SP00078" HPOS="2335" VPOS="2106" WIDTH="35"/>
						<String ID="P80_ST00095" HPOS="2370" VPOS="2018" WIDTH="740" HEIGHT="75" CONTENT="Brüstezertrümmerer," WC="0.91" CC="0300020010300000033"/>
					</TextLine>
					<TextLine ID="P80_TL00018" HPOS="1423" VPOS="2114" WIDTH="604" HEIGHT="73">
						<String ID="P80_ST00096" HPOS="1423" VPOS="2119" WIDTH="88" HEIGHT="68" CONTENT="du" WC="1.00" CC="00"/>
						<SP ID="P80_SP00079" HPOS="1511" VPOS="2187" WIDTH="36"/>
						<String ID="P80_ST00097" HPOS="1547" VPOS="2117" WIDTH="127" HEIGHT="69" CONTENT="bist" WC="0.99" CC="0600"/>
						<SP ID="P80_SP00080" HPOS="1674" VPOS="2187" WIDTH="34"/>
						<String ID="P80_ST00098" HPOS="1708" VPOS="2116" WIDTH="113" HEIGHT="69" CONTENT="der" WC="1.00" CC="000"/>
						<SP ID="P80_SP00081" HPOS="1821" VPOS="2187" WIDTH="32"/>
						<String ID="P80_ST00099" HPOS="1853" VPOS="2114" WIDTH="174" HEIGHT="69" CONTENT="Tod." WC="0.99" CC="2002"/>
					</TextLine>
					<TextLine ID="P80_TL00019" HPOS="1425" VPOS="2251" WIDTH="1232" HEIGHT="83">
						<String ID="P80_ST00100" HPOS="1425" VPOS="2256" WIDTH="499" HEIGHT="71" CONTENT="Gramverheert" WC="1.00" CC="000000270000"/>
						<SP ID="P80_SP00082" HPOS="1924" VPOS="2327" WIDTH="34"/>
						<String ID="P80_ST00101" HPOS="1958" VPOS="2284" WIDTH="127" HEIGHT="39" CONTENT="von" WC="0.96" CC="036"/>
						<SP ID="P80_SP00083" HPOS="2085" VPOS="2327" WIDTH="36"/>
						<String ID="P80_ST00102" HPOS="2121" VPOS="2251" WIDTH="536" HEIGHT="83" CONTENT="Dämonsjahren," WC="1.00" CC="2001007000000"/>
					</TextLine>
					<TextLine ID="P80_TL00020" HPOS="1425" VPOS="2343" WIDTH="730" HEIGHT="75">
						<String ID="P80_ST00103" HPOS="1425" VPOS="2380" WIDTH="81" HEIGHT="38" CONTENT="zu" WC="0.88" CC="02"/>
						<SP ID="P80_SP00084" HPOS="1506" VPOS="2418" WIDTH="34"/>
						<String ID="P80_ST00104" HPOS="1540" VPOS="2348" WIDTH="210" HEIGHT="70" CONTENT="Asche" WC="1.00" CC="00000"/>
						<SP ID="P80_SP00085" HPOS="1750" VPOS="2418" WIDTH="34"/>
						<String ID="P80_ST00105" HPOS="1784" VPOS="2343" WIDTH="371" HEIGHT="74" CONTENT="verkohlten" WC="1.00" CC="0000004004"/>
					</TextLine>
					<TextLine ID="P80_TL00021" HPOS="1427" VPOS="2431" WIDTH="1614" HEIGHT="88">
						<String ID="P80_ST00106" HPOS="1427" VPOS="2444" WIDTH="106" HEIGHT="68" CONTENT="die" WC="0.97" CC="060"/>
						<SP ID="P80_SP00086" HPOS="1533" VPOS="2512" WIDTH="31"/>
						<String ID="P80_ST00107" HPOS="1564" VPOS="2440" WIDTH="300" HEIGHT="70" CONTENT="Wächter" WC="1.00" CC="0000000"/>
						<SP ID="P80_SP00087" HPOS="1864" VPOS="2512" WIDTH="33"/>
						<String ID="P80_ST00108" HPOS="1897" VPOS="2439" WIDTH="114" HEIGHT="68" CONTENT="der" WC="1.00" CC="000"/>
						<SP ID="P80_SP00088" HPOS="2011" VPOS="2512" WIDTH="33"/>
						<String ID="P80_ST00109" HPOS="2044" VPOS="2435" WIDTH="220" HEIGHT="72" CONTENT="sieben" WC="0.98" CC="060702"/>
						<SP ID="P80_SP00089" HPOS="2264" VPOS="2512" WIDTH="37"/>
						<String ID="P80_ST00110" HPOS="2301" VPOS="2435" WIDTH="278" HEIGHT="84" CONTENT="heiligen" WC="0.99" CC="70706000"/>
						<SP ID="P80_SP00090" HPOS="2579" VPOS="2519" WIDTH="36"/>
						<String ID="P80_ST00111" HPOS="2615" VPOS="2431" WIDTH="426" HEIGHT="77" CONTENT="Sternmeere," WC="1.00" CC="00010000000"/>
					</TextLine>
					<TextLine ID="P80_TL00022" HPOS="1427" VPOS="2526" WIDTH="1138" HEIGHT="89">
						<String ID="P80_ST00112" HPOS="1427" VPOS="2535" WIDTH="103" HEIGHT="69" CONTENT="die" WC="0.97" CC="070"/>
						<SP ID="P80_SP00091" HPOS="1530" VPOS="2604" WIDTH="36"/>
						<String ID="P80_ST00113" HPOS="1566" VPOS="2534" WIDTH="221" HEIGHT="70" CONTENT="Sonne" WC="1.00" CC="00100"/>
						<SP ID="P80_SP00092" HPOS="1787" VPOS="2604" WIDTH="34"/>
						<String ID="P80_ST00114" HPOS="1821" VPOS="2530" WIDTH="295" HEIGHT="85" CONTENT="verglüht" WC="1.00" CC="00102000"/>
						<SP ID="P80_SP00093" HPOS="2116" VPOS="2615" WIDTH="33"/>
						<String ID="P80_ST00115" HPOS="2149" VPOS="2557" WIDTH="114" HEIGHT="42" CONTENT="vor" WC="0.99" CC="002"/>
						<SP ID="P80_SP00094" HPOS="2263" VPOS="2615" WIDTH="34"/>
						<String ID="P80_ST00116" HPOS="2297" VPOS="2526" WIDTH="268" HEIGHT="73" CONTENT="Scham!" WC="1.00" CC="000000"/>
					</TextLine>
					<TextLine ID="P80_TL00023" HPOS="1427" VPOS="2628" WIDTH="366" HEIGHT="70">
						<String ID="P80_ST00117" HPOS="1427" VPOS="2628" WIDTH="158" HEIGHT="70" CONTENT="Und" WC="0.99" CC="100"/>
						<SP ID="P80_SP00095" HPOS="1585" VPOS="2698" WIDTH="33"/>
						<String ID="P80_ST00118" HPOS="1618" VPOS="2628" WIDTH="175" HEIGHT="68" CONTENT="du?“" WC="0.97" CC="0508"/>
					</TextLine>
					<TextLine ID="P80_TL00024" HPOS="1432" VPOS="2752" WIDTH="1706" HEIGHT="97">
						<String ID="P80_ST00119" HPOS="1432" VPOS="2765" WIDTH="155" HEIGHT="80" CONTENT="„Ich" WC="0.98" CC="4300"/>
						<SP ID="P80_SP00096" HPOS="1587" VPOS="2845" WIDTH="35"/>
						<String ID="P80_ST00120" HPOS="1622" VPOS="2764" WIDTH="231" HEIGHT="85" CONTENT="glaube" WC="0.99" CC="010470"/>
						<SP ID="P80_SP00097" HPOS="1853" VPOS="2849" WIDTH="34"/>
						<String ID="P80_ST00121" HPOS="1887" VPOS="2762" WIDTH="126" HEIGHT="70" CONTENT="den" WC="1.00" CC="000"/>
						<SP ID="P80_SP00098" HPOS="2013" VPOS="2849" WIDTH="38"/>
						<String ID="P80_ST00122" HPOS="2051" VPOS="2759" WIDTH="199" HEIGHT="85" CONTENT="Krieg" WC="0.98" CC="52300"/>
						<SP ID="P80_SP00099" HPOS="2250" VPOS="2849" WIDTH="37"/>
						<String ID="P80_ST00123" HPOS="2287" VPOS="2759" WIDTH="246" HEIGHT="78" CONTENT="nicht“," WC="0.98" CC="0607084"/>
						<SP ID="P80_SP00100" HPOS="2533" VPOS="2849" WIDTH="36"/>
						<String ID="P80_ST00124" HPOS="2569" VPOS="2759" WIDTH="168" HEIGHT="81" CONTENT="singt" WC="0.99" CC="07300"/>
						<SP ID="P80_SP00101" HPOS="2737" VPOS="2849" WIDTH="34"/>
						<String ID="P80_ST00125" HPOS="2771" VPOS="2755" WIDTH="104" HEIGHT="70" CONTENT="die" WC="0.98" CC="050"/>
						<SP ID="P80_SP00102" HPOS="2875" VPOS="2849" WIDTH="33"/>
						<String ID="P80_ST00126" HPOS="2908" VPOS="2752" WIDTH="230" HEIGHT="82" CONTENT="Natur," WC="0.99" CC="000623"/>
					</TextLine>
					<TextLine ID="P80_TL00025" HPOS="1436" VPOS="2845" WIDTH="1887" HEIGHT="91">
						<String ID="P80_ST00127" HPOS="1436" VPOS="2858" WIDTH="178" HEIGHT="78" CONTENT="„Das" WC="0.99" CC="3300"/>
						<SP ID="P80_SP00103" HPOS="1614" VPOS="2936" WIDTH="35"/>
						<String ID="P80_ST00128" HPOS="1649" VPOS="2856" WIDTH="252" HEIGHT="70" CONTENT="Wasser" WC="0.99" CC="020004"/>
						<SP ID="P80_SP00104" HPOS="1901" VPOS="2936" WIDTH="35"/>
						<String ID="P80_ST00129" HPOS="1936" VPOS="2856" WIDTH="82" HEIGHT="68" CONTENT="ist" WC="0.98" CC="600"/>
						<SP ID="P80_SP00105" HPOS="2018" VPOS="2936" WIDTH="34"/>
						<String ID="P80_ST00130" HPOS="2052" VPOS="2854" WIDTH="104" HEIGHT="77" CONTENT="da," WC="1.00" CC="001"/>
						<SP ID="P80_SP00106" HPOS="2156" VPOS="2936" WIDTH="37"/>
						<String ID="P80_ST00131" HPOS="2193" VPOS="2853" WIDTH="104" HEIGHT="70" CONTENT="die" WC="0.98" CC="060"/>
						<SP ID="P80_SP00107" HPOS="2297" VPOS="2936" WIDTH="36"/>
						<String ID="P80_ST00132" HPOS="2333" VPOS="2850" WIDTH="147" HEIGHT="70" CONTENT="blau" WC="0.98" CC="7400"/>
						<SP ID="P80_SP00108" HPOS="2480" VPOS="2936" WIDTH="36"/>
						<String ID="P80_ST00133" HPOS="2516" VPOS="2846" WIDTH="499" HEIGHT="87" CONTENT="schwingenden" WC="1.00" CC="007074003000"/>
						<SP ID="P80_SP00109" HPOS="3015" VPOS="2936" WIDTH="31"/>
						<String ID="P80_ST00134" HPOS="3046" VPOS="2845" WIDTH="277" HEIGHT="79" CONTENT="Ströme," WC="0.99" CC="0050002"/>
					</TextLine>
					<TextLine ID="P80_TL00026" HPOS="1430" VPOS="2944" WIDTH="1204" HEIGHT="84">
						<String ID="P80_ST00135" HPOS="1430" VPOS="2952" WIDTH="103" HEIGHT="68" CONTENT="die" WC="0.98" CC="060"/>
						<SP ID="P80_SP00110" HPOS="1533" VPOS="3020" WIDTH="34"/>
						<String ID="P80_ST00136" HPOS="1567" VPOS="2949" WIDTH="166" HEIGHT="71" CONTENT="Welt" WC="0.99" CC="0040"/>
						<SP ID="P80_SP00111" HPOS="1733" VPOS="3020" WIDTH="35"/>
						<String ID="P80_ST00137" HPOS="1768" VPOS="2948" WIDTH="135" HEIGHT="70" CONTENT="sich" WC="0.99" CC="0600"/>
						<SP ID="P80_SP00112" HPOS="1903" VPOS="3020" WIDTH="37"/>
						<String ID="P80_ST00138" HPOS="1940" VPOS="2945" WIDTH="421" HEIGHT="83" CONTENT="bewegender" WC="1.00" CC="7000006003"/>
						<SP ID="P80_SP00113" HPOS="2361" VPOS="3028" WIDTH="31"/>
						<String ID="P80_ST00139" HPOS="2392" VPOS="2944" WIDTH="242" HEIGHT="69" CONTENT="Bäume" WC="0.99" CC="00600"/>
					</TextLine>
					<TextLine ID="P80_TL00027" HPOS="1427" VPOS="3034" WIDTH="1291" HEIGHT="88">
						<String ID="P80_ST00140" HPOS="1427" VPOS="3043" WIDTH="136" HEIGHT="70" CONTENT="und" WC="1.00" CC="000"/>
						<SP ID="P80_SP00114" HPOS="1563" VPOS="3113" WIDTH="34"/>
						<String ID="P80_ST00141" HPOS="1597" VPOS="3042" WIDTH="103" HEIGHT="68" CONTENT="die" WC="0.97" CC="060"/>
						<SP ID="P80_SP00115" HPOS="1700" VPOS="3113" WIDTH="36"/>
						<String ID="P80_ST00142" HPOS="1736" VPOS="3037" WIDTH="700" HEIGHT="85" CONTENT="himmelanjubelnden" WC="1.00" CC="77000305360010000"/>
						<SP ID="P80_SP00116" HPOS="2436" VPOS="3122" WIDTH="34"/>
						<String ID="P80_ST00143" HPOS="2470" VPOS="3034" WIDTH="248" HEIGHT="78" CONTENT="Felsen," WC="1.00" CC="4020000"/>
					</TextLine>
					<TextLine ID="P80_TL00028" HPOS="1427" VPOS="3130" WIDTH="884" HEIGHT="78">
						<String ID="P80_ST00144" HPOS="1427" VPOS="3137" WIDTH="137" HEIGHT="69" CONTENT="und" WC="0.95" CC="660"/>
						<SP ID="P80_SP00117" HPOS="1564" VPOS="3206" WIDTH="33"/>
						<String ID="P80_ST00145" HPOS="1597" VPOS="3136" WIDTH="113" HEIGHT="68" CONTENT="der" WC="0.98" CC="005"/>
						<SP ID="P80_SP00118" HPOS="1710" VPOS="3206" WIDTH="32"/>
						<String ID="P80_ST00146" HPOS="1742" VPOS="3164" WIDTH="90" HEIGHT="39" CONTENT="sie" WC="1.00" CC="000"/>
						<SP ID="P80_SP00119" HPOS="1832" VPOS="3206" WIDTH="35"/>
						<String ID="P80_ST00147" HPOS="1867" VPOS="3133" WIDTH="116" HEIGHT="70" CONTENT="alle" WC="0.98" CC="0440"/>
						<SP ID="P80_SP00120" HPOS="1983" VPOS="3206" WIDTH="49"/>
						<String ID="P80_ST00148" HPOS="2032" VPOS="3161" WIDTH="70" HEIGHT="41" CONTENT="so" WC="1.00" CC="00"/>
						<SP ID="P80_SP00121" HPOS="2102" VPOS="3206" WIDTH="34"/>
						<String ID="P80_ST00149" HPOS="2136" VPOS="3130" WIDTH="175" HEIGHT="78" CONTENT="liebt," WC="0.99" CC="550000"/>
					</TextLine>
					<TextLine ID="P80_TL00029" HPOS="1431" VPOS="3218" WIDTH="1584" HEIGHT="93">
						<String ID="P80_ST00150" HPOS="1431" VPOS="3226" WIDTH="310" HEIGHT="85" CONTENT="Frühling" WC="0.99" CC="00073610"/>
						<SP ID="P80_SP00122" HPOS="1741" VPOS="3311" WIDTH="33"/>
						<String ID="P80_ST00151" HPOS="1774" VPOS="3227" WIDTH="171" HEIGHT="68" CONTENT="mein" WC="0.99" CC="0040"/>
						<SP ID="P80_SP00123" HPOS="1945" VPOS="3311" WIDTH="36"/>
						<String ID="P80_ST00152" HPOS="1981" VPOS="3221" WIDTH="290" HEIGHT="72" CONTENT="Freund:" WC="0.99" CC="5300000"/>
						<SP ID="P80_SP00124" HPOS="2271" VPOS="3311" WIDTH="34"/>
						<String ID="P80_ST00153" HPOS="2305" VPOS="3222" WIDTH="114" HEIGHT="69" CONTENT="der" WC="1.00" CC="000"/>
						<SP ID="P80_SP00125" HPOS="2419" VPOS="3311" WIDTH="36"/>
						<String ID="P80_ST00154" HPOS="2455" VPOS="3218" WIDTH="560" HEIGHT="86" CONTENT="Grünsprecher.“" WC="1.00" CC="02000040000548"/>
					</TextLine>
				</TextBlock>
			</PrintSpace>
		</Page>
	</Layout>
</alto>
