3060 4572
778 854 337 71 vereinzelt
1145 850 195 68 Eiche
1388 845 132 68 und
1553 842 187 69 Birke
1789 845 96 62 ins
1918 837 143 69 Bild
2108 833 132 69 und
2286 829 264 70 brachte
2584 833 111 62 mit
2727 831 171 63 einer

782 942 338 73 Schwalbe
1168 960 329 64 sparsame
1546 932 360 83 Bewegung
1906 955 5 10 1
1958 931 61 61 in
2069 925 104 66 die
2222 917 409 71 Landschaft.

869 1034 148 67 Von
1068 1030 114 67 des
1217 1025 274 70 Knaben
1515 1017 452 71 Wunderhorn
2015 1014 158 67 über
2206 1007 378 88 Klopstock,
2636 1005 262 72 Geliert,

785 1124 118 69 alle
952 1118 324 70 Klassiker
1323 1113 131 68 und
1487 1108 413 71 Romantiker
1946 1104 99 67 bis
2093 1129 74 40 zu
2216 1100 126 67 den
2377 1097 324 66 Neuesten
2749 1090 153 67 fand

786 1219 83 61 im
927 1209 158 69 Lied
1154 1203 358 71 besonders
1584 1226 67 39 er
1716 1198 136 66 dies
1902 1193 237 67 Gesetz
2203 1186 315 70 durchaus
2574 1184 327 80 bestätigt.

785 1304 133 65 Der
966 1296 336 69 Hölderlin
1365 1290 130 68 und
1548 1287 263 68 Novalis
1859 1279 374 70 Ausnahme
2297 1276 257 66 dienten
2619 1270 129 67 ihm
2813 1269 91 65 als

786 1391 348 80 Warnung,
1200 1387 117 62 wie
1382 1379 114 68 der
1556 1401 127 42 von
1746 1374 243 66 diesem
2037 1368 140 85 Typ
2243 1365 114 66 der
2401 1363 229 66 Poesie
2695 1363 176 80 eigen-

790 1478 283 84 mächtig
1119 1468 399 73 Absehende
1567 1463 104 69 auf
1720 1457 452 89 sangesfroher
2201 1453 523 84 Volksgenossen
2774 1447 102 64 Bei-

790 1567 107 68 fall
966 1562 176 70 nicht
1209 1558 277 69 rechnen
1553 1552 159 78 darf,
1783 1548 122 70 will
1967 1574 67 39 er
2098 1557 161 55 etwa
2314 1544 174 64 seine
2542 1534 367 70 besondere

794 1657 311 66 Herzens-
1168 1647 132 69 und
1350 1641 523 84 Geisteshaltung
1919 1632 461 71 verherrlichen
2432 1627 159 69 oder
2638 1651 114 39 nur
2799 1627 112 62 mit

794 1739 536 73 Bescheidenheit
1377 1732 339 69 andeuten.

885 1831 201 70 Nein!
1180 1826 143 68 Wie
1394 1819 339 89 angeblich
1797 1816 123 66 Tat
1987 1811 130 69 und
2181 1807 476 82 Lebenskampf
2729 1807 184 60 sollte

799 1918 457 72 dichterisches
1290 1910 329 73 Gleichnis
1669 1908 211 66 davon
1915 1903 113 66 der
2062 1901 239 65 Nation
2334 1899 390 82 gemeinsam
2758 1892 155 72 sein,

797 2011 133 67 und
993 2035 67 42 es
1126 2003 261 70 drückte
1449 1997 292 87 gewollte
1789 1989 366 71 Fremdheit
2219 2012 132 49 aus,
2422 1983 284 64 brüstete
2769 2002 146 39 man

800 2101 135 66 sich
998 2101 112 63 mit
1156 2088 466 81 Abweichung.
1718 2084 65 65 In
1843 2079 213 88 jedem
2104 2074 132 69 Fall
2300 2070 173 70 blieb
2532 2069 102 66 die
2683 2066 201 66 Privat-

801 2188 211 80 sache,
1079 2182 131 69 und
1272 2182 242 65 konnte
1575 2181 84 61 im
1704 2165 372 78 Vaterland,
2140 2190 114 40 vor
2316 2160 183 69 allem
2564 2182 100 41 am
2714 2153 204 67 Rhein

803 2277 174 68 nicht
1038 2273 105 68 auf
1214 2271 126 67 den
1387 2262 396 74 Donnerhall
1850 2257 242 76 hoffen,
2165 2253 113 66 der
2341 2259 180 58 sonst
2584 2271 124 41 von
2758 2245 164 63 aLen

805 2366 217 67 Seiten
1074 2364 278 64 brauste.
1431 2353 182 69 Aber
1661 2348 160 69 auch
1869 2351 84 61 im
2001 2343 177 85 Epos
2226 2338 130 67 und
2405 2341 82 61 im
2523 2334 237 66 Drama
2808 2331 113 63 sah

808 2450 456 84 Schwarzberg
1311 2444 218 69 solche
1576 2437 373 82 Forderung
1996 2431 224 67 erfüllt.
2493 2422 103 66 auf
2644 2426 281 61 innerem

808 2538 492 76 menschlichen,
1380 2544 153 57 statt
1599 2517 799 94 biologisch-politischem
2466 2511 460 82 Widersprucn

806 2658 209 60 gegen
1046 2623 501 90 Allgemeinheit
1586 2626 258 75 ertappt
1874 2602 177 85 wird,
2099 2614 99 71 ist,
2248 2611 117 61 wie
2400 2610 80 60 im
2515 2602 218 65 Leben
2769 2621 157 41 auco

810 2727 84 62 im
914 2718 196 77 Buch,
1142 2717 91 66 als
1253 2709 309 72 Scheusal
1585 2733 126 41 von
1739 2704 114 66 der
1871 2700 207 69 Scene
2102 2694 315 89 gestoßen
2443 2689 131 68 und
2592 2689 154 64 wird
2765 2689 162 62 nach

815 2808 300 70 Schillers
1147 2802 373 84 Forderung
1568 2797 92 67 als
1707 2799 62 60 in
1805 2788 241 70 Schuld
2092 2781 327 69 verstrickt
2465 2804 146 40 vom
2661 2798 268 61 eigenen

817 2900 331 67 Gewissen
1212 2891 269 67 entlarvt
1526 2884 131 68 und
1707 2883 184 65 meist
1938 2874 202 69 schon
2188 2896 147 42 vom
2386 2868 230 66 dritten
2666 2865 133 64 Akt
2849 2865 80 60 ab

814 3014 75 39 zu
961 2985 115 67 des
1148 2980 395 68 Zuschauers
1605 2968 203 71 Kitzel
1864 2962 311 71 zwischen
2248 2959 113 66 der
2409 2954 211 86 Scylla
2690 2974 245 44 innerer

817 3077 177 66 Reue
1041 3071 130 69 und
1222 3070 113 66 der
1383 3061 366 87 Charybdis
1797 3054 265 70 äußerer
2084 3049 480 79 Verdammung
2611 3067 125 42 von
2771 3042 161 63 allen

819 3165 219 67 Seiten
1115 3161 268 84 gezeigt.
1491 3152 143 66 Wie
1712 3145 212 76 sollte,
2003 3140 106 67 fiel
2188 3165 67 39 es
2337 3134 146 67 dem
2563 3128 372 69 entzückten

820 3250 459 83 Schwarzberg
1326 3250 122 71 ein,
1500 3268 68 40 es
1618 3236 161 70 auch
1813 3232 232 69 anders
2080 3232 134 62 sein
2250 3225 251 67 dürfen.
2583 3223 249 64 Scnwai
2850 3227 89 54 mt

823 3341 174 69 nicht
1063 3339 98 67 für
1218 3336 103 66 die
1370 3334 259 66 Heimat
1681 3353 115 39 vor
1852 3321 182 67 allem
2093 3317 114 66 der
2255 3308 479 78 Unverbildete,
2808 3307 131 64 und

822 3430 232 84 gehört
1116 3424 174 69 nicht
1337 3423 95 66 ihr
1479 3428 206 58 zuerst
1733 3414 115 66 der
1896 3404 401 77 Mitmensch,
2362 3427 159 61 ganz
2570 3396 370 85 abgesehen

828 3522 231 72 davon,
1134 3513 127 69 daß
1312 3512 433 67 Christentum
1819 3526 115 42 uns
1998 3496 104 69 auf
2164 3494 122 66 den
2352 3489 307 68 nächsten
2716 3486 209 62 weist.

825 3609 145 66 Wie
1032 3602 252 70 dürften
1341 3601 135 66 also
1528 3597 103 66 die
1684 3589 198 70 durch
1930 3585 264 68 Dichter
2243 3607 112 41 aus
2405 3578 145 67 dem
2598 3575 345 80 Labyrinth

831 3698 114 66 der
993 3695 225 67 Brüste
1279 3687 545 86 hochgezogenen
1872 3673 411 85 Ahndungen
2348 3665 134 69 sich
2546 3663 145 66 dem
2742 3670 171 55 natür-

829 3786 209 69 lichen
1083 3781 370 82 Verlangen
1504 3771 330 71 entziehen
1860 3767 40 66 ?

922 3872 184 70 Nach
1157 3867 413 85 dreijähriger
1601 3860 249 76 Arbeit,
1901 3860 61 62 in
2012 3852 114 66 der
2173 3875 65 41 er
2287 3846 94 67 oft
2428 3844 175 66 hatte
2636 3861 308 60 verzagen

834 3963 247 76 wollen,
1144 3984 130 42 war
1321 3950 457 82 Schwarzberg
1831 3938 332 92 glücklich,
2230 3941 60 62 in
2339 3932 371 70 markanten
2758 3929 189 63 Lehr-

1258 668 139 57 Carl
1432 664 317 59 Sternheim.
1810 694 10 12 •
1880 661 115 55 Der
2032 653 382 61 Rheinländer

775 679 114 58 312
