3425 4572
883 450 226 52 Eduard
1131 451 280 55 Bernstein
1522 454 192 54 Völker
1737 474 67 35 zu
1832 457 183 52 Hause

2518 460 32 59 5

356 654 193 68 einem
581 645 339 83 zynischen
955 647 432 83 Spaßmacher
1422 682 77 40 zu
1532 672 140 53 tun.
1707 656 177 71 Aber
1914 657 113 71 das
2063 659 80 70 ist
2170 657 190 72 Shaw
2393 689 157 57 ganz

352 742 127 72 und
512 766 106 58 gar
651 739 197 70 nicht.
883 738 84 71 Er
1000 742 79 69 ist
1113 742 141 70 eine
1286 744 144 70 sehr
1463 746 199 71 solide
1690 747 205 72 Natur
1919 751 138 70 und
2081 752 104 70 ein
2212 755 299 82 gewissen-

355 833 190 75 hafter
559 832 310 71 Arbeiter.
906 831 190 72 Seine
1109 833 323 84 Aufsätze,
1469 869 80 39 zu
1566 841 206 71 denen
1790 870 113 42 wir
1917 844 629 74 selbstverständlich

353 926 152 74 auch
539 926 100 69 die
672 925 324 70 Vorreden
1032 957 77 39 zu
1145 957 219 43 seinen
1400 929 452 87 Schauspielen
1886 967 79 39 zu
2001 939 273 70 rechnen
2308 938 234 82 haben,

353 1038 274 52 verraten
674 1019 184 67 einen
893 1016 348 83 Verfasser,
1288 1021 115 70 der
1436 1023 120 71 viel
1592 1024 651 77 Wissenschaftliches
2290 1031 249 86 gelesen

351 1111 124 72 und
506 1141 63 39 es
605 1111 116 68 mit
751 1109 573 88 Eindringlichkeit
1367 1114 251 84 gelesen
1669 1119 126 71 hat.
1848 1120 214 88 Lange
2095 1123 138 72 Zeit
2283 1125 259 86 gehörte

350 1231 61 44 er
440 1233 75 39 zu
559 1202 121 70 den
727 1202 334 85 ständigen
1095 1204 363 74 Besuchern
1494 1209 110 70 des
1657 1211 345 73 britischen
2036 1214 361 84 Museums,
2443 1247 99 41 wo

350 1326 137 41 man
535 1296 108 68 ihn
695 1293 93 70 oft
836 1297 65 68 in
947 1296 294 72 Büchern
1288 1302 344 84 vergraben
1678 1306 193 70 sehen
1917 1306 258 73 konnte.
2236 1308 144 71 Von
2425 1311 114 70 der

351 1386 464 72 vorerwähnten
831 1387 560 89 Sammelausgabe
1405 1395 112 68 der
1531 1393 327 83 Fabianer,
1900 1399 102 69 die
2018 1400 194 71 Shaw
2227 1402 310 85 besorgte,

350 1480 260 71 schreibt
644 1479 271 71 Edward
949 1480 76 71 R.
1061 1482 188 71 Pease
1282 1514 66 41 in
1383 1514 206 43 seiner
1622 1489 281 73 kürzlich
1937 1491 447 74 erschienenen
2407 1494 88 71 Ge-

348 1574 267 70 schichte
663 1574 112 68 der
811 1573 307 72 Fabianer
1155 1575 447 76 Gesellschaft:
1657 1583 321 78 „Bernard
2011 1585 190 71 Shaw
2248 1616 125 42 war
2426 1588 114 70 der

350 1666 423 84 Herausgeber
818 1669 137 69 und
1000 1668 377 85 diejenigen,
1430 1673 103 70 die
1579 1694 117 50 mit
1739 1675 133 71 ihm
1919 1679 343 80 gearbeitet
2308 1680 229 80 haben,

347 1760 235 78 wissen,
618 1757 125 71 daß
776 1786 66 42 er
875 1762 174 68 seine
1084 1760 691 89 Redaktionspflichten
1823 1768 178 71 nicht
2046 1769 193 71 leicht
2286 1774 251 70 nimmt.

347 1849 76 69 Er
449 1849 316 84 korrigiert
788 1853 174 69 seine
980 1856 260 82 eigenen
1269 1854 320 73 Schriften
1623 1861 326 84 ausgiebig
1979 1861 135 70 und
2145 1863 392 83 wiederholt,

347 1942 122 69 und
502 1962 94 50 tut
628 1943 360 71 ebensoviel
1023 1946 104 70 für
1143 1946 172 81 alles,
1349 1978 126 40 was
1510 1976 67 42 er
1611 1981 77 39 zu
1717 1952 305 87 besorgen
2050 1955 126 71 hat.
2212 1956 133 70 Das
2372 1956 167 72 hohe

346 2034 368 72 literarische
755 2035 268 84 Niveau,
1074 2040 110 70 das
1232 2041 106 70 die
1383 2040 431 75 fabianischen
1848 2045 303 72 Traktate
2195 2050 342 81 einhalten,

345 2147 75 49 ist
460 2126 375 85 großenteils
886 2131 111 70 das
1049 2131 309 87 Ergebnis
1411 2135 402 86 beständiger
1856 2138 288 86 Prüfung
2200 2143 135 68 und
2379 2141 119 73 Ver-

346 2219 347 85 besserung,
740 2223 101 68 die
874 2223 478 84 hauptsächlich
1397 2257 125 41 von
1557 2228 240 85 Sidney
1831 2230 208 71 Webb
2083 2234 132 69 und
2255 2234 282 73 Bernard

343 2309 174 72 Shaw
548 2314 367 81 herrühren,
952 2346 185 41 wenn
1171 2318 162 70 auch
1368 2319 113 71 der
1508 2352 70 38 so
1604 2323 389 72 verbesserte
2016 2324 264 73 Traktat
2305 2328 88 70 als
2420 2329 113 70 das

345 2402 172 70 Werk
550 2407 165 70 eines
751 2408 241 70 andern
1028 2409 329 87 Mitglieds
1394 2413 466 73 veröffentlicht
1891 2418 254 70 werden
2180 2449 165 54 mag.

426 2495 141 71 Daß
613 2528 64 39 es
727 2498 132 71 ihm
905 2503 117 68 mit
1057 2502 145 70 dem
1237 2502 326 73 Eintreten
1598 2505 102 71 für
1735 2508 123 69 den
1893 2508 411 73 Sozialismus
2342 2511 191 74 Ernst

343 2586 91 79 ist,
469 2589 100 69 hat
602 2590 190 71 Shaw
825 2592 199 70 durch
1062 2596 170 69 seine
1267 2595 377 84 Jahrzehnte
1676 2600 335 71 währende
2043 2602 378 87 Betätigung
2467 2609 63 67 in

343 2677 101 69 der
460 2679 347 89 Bewegung
840 2685 89 70 als
958 2685 481 72 Mitwirkender
1471 2719 80 40 an
1585 2690 164 71 allen
1784 2693 358 83 möglichen
2177 2724 314 59 propagan-

342 2773 328 71 distischen
701 2775 307 73 Arbeiten
1046 2779 332 72 bewiesen.
1416 2780 83 70 Er
1535 2782 105 71 hat
1673 2785 136 69 sich
1843 2787 80 68 da
1956 2785 102 70 für
2091 2787 209 72 nichts
2321 2820 78 39 zu
2419 2809 111 65 gut

342 2860 272 83 gehalten
658 2870 135 69 und
839 2873 116 67 mit
1002 2872 535 86 gleichgesinnten
1585 2873 339 75 Freunden
1970 2879 123 70 den
2142 2882 387 71 streitenden

346 2950 289 89 Gruppen
668 2962 136 68 und
840 2962 232 71 Sekten
1107 2967 360 83 gegenüber
1500 2970 140 68 eine
1674 2970 196 81 große
1904 2970 511 88 Weitherzigkeit
2448 3006 81 40 an

342 3043 108 71 den
469 3048 132 88 Tag
630 3053 223 85 gelegt.
891 3056 104 70 Sie
1029 3057 365 73 verfochten
1429 3058 136 73 ihre
1601 3061 362 72 bestimmte
1989 3065 249 81 Politik,
2272 3069 153 69 aber
2439 3071 89 67 sie

343 3136 187 74 ließen
563 3143 130 70 sich
741 3146 281 72 dadurch
1071 3151 174 70 nicht
1289 3151 319 80 abhalten,
1655 3155 163 70 auch
1862 3155 89 71 als
1984 3155 541 86 Propagandisten

342 3225 89 72 für
463 3236 435 74 sozialistische
931 3241 268 71 Vereine
1234 3274 78 38 zu
1345 3245 328 83 sprechen,
1707 3248 106 68 die
1846 3250 141 67 eine
2032 3250 233 71 andere
2297 3250 229 73 Politik

341 3323 376 86 verfochten,
761 3333 140 70 weil
948 3334 193 71 ihnen
1189 3337 103 69 die
1336 3337 360 86 Bewegung
1740 3339 88 70 als
1877 3343 103 68 ein
2026 3340 252 73 Ganzes
2325 3344 201 71 höher

342 3417 188 78 stand,
564 3420 84 69 als
681 3424 100 70 die
815 3428 218 83 eigene
1067 3428 474 71 Besonderheit.
1593 3432 177 79 „Wir
1803 3433 233 70 hielten
2069 3465 118 39 uns
2225 3437 177 70 nicht
2444 3469 81 38 zu

341 3514 169 71 uns“,
545 3512 272 73 schreibt
845 3517 188 72 Shaw
1063 3522 295 79 darüber,
1399 3524 155 77 „wir
1587 3522 209 71 halfen
1831 3524 123 72 den
1980 3527 508 85 Arbeiterorgani-

342 3615 260 58 sationen
637 3607 64 70 in
733 3610 174 81 jeder
940 3613 357 85 möglichen
1334 3615 229 80 Weise,
1598 3617 136 70 und
1766 3620 89 68 sie
1899 3646 206 42 waren
2142 3622 179 70 recht
2355 3622 168 82 froh,

343 3692 111 62 ciad
487 3695 86 67 sie
601 3725 118 43 uns
755 3701 233 74 hatten.
1037 3704 405 73 Tatsächlich
1465 3734 128 43 war
1618 3709 112 68 der
1757 3707 428 77 Unterschied
2212 3716 311 71 zwischen

342 3801 36 75 ?
383 3805 64 42 ns
638 3791 188 73 ihnen
861 3796 131 80 der,
1028 3799 124 70 daß
1184 3801 113 69 wir
1333 3799 103 71 für
1465 3800 119 70 alle
1616 3801 345 74 arbeiteten
1994 3806 136 70 und
2157 3809 91 67 sie
2274 3837 119 42 nur
2421 3810 104 69 für

346 3876 118 63 iliie
494 3904 253 59 eigenen
774 3885 328 76 Vereine.“
1143 3892 83 68 Er
1277 3911 159 52 setzt
1483 3893 161 71 dazu
1684 3897 68 68 in
1786 3894 377 76 Klammern
2198 3902 109 68 das
2341 3902 182 70 Wort
