3407 4572
856 451 222 51 Eduard
1105 450 282 52 Bernstein
1424 466 20 27 +
1491 450 189 52 Völker
1706 466 65 36 zu
1799 450 185 52 Hause

2494 449 31 56 7

339 647 389 89 Engländern
760 646 340 86 überlegen
1137 675 147 52 war,
1335 649 164 69 doch
1545 649 110 69 das
1691 647 415 84 vollständige
2138 646 387 85 Eindringen

337 751 61 67 in
430 745 97 69 die
560 740 318 84 englische
908 740 360 70 Volksseele
1302 759 244 66 versagt
1581 740 192 71 blieb.

422 834 208 70 Kurze
662 831 159 79 Zeit,
856 831 311 72 nachdem
1199 835 88 65 im
1315 833 186 82 Jahre
1542 833 160 70 1893
1739 835 65 68 in
1830 831 313 73 Bradford
2176 830 110 71 auf
2318 833 206 68 einem

339 923 313 88 Kongreß,
703 923 120 71 den
859 925 112 68 wir
1004 923 185 71 beide
1223 923 399 85 beigewohnt
1650 927 239 77 hatten,
1942 925 103 69 die
2088 923 437 84 Independent

339 1021 244 71 Labour
614 1016 185 82 Party
847 1017 348 84 gegründet
1247 1017 258 68 worden
1552 1044 145 52 war,
1748 1017 339 70 verblüffte
2131 1017 172 71 mich
2336 1014 189 73 Shaw

338 1117 60 66 in
428 1112 198 67 einem
663 1106 328 85 Gespräch
1024 1107 203 71 durch
1260 1108 102 70 die
1396 1107 420 85 Bemerkung,
1867 1135 66 42 er
1975 1108 230 85 glaube
2237 1107 175 71 nicht
2444 1138 78 40 an

339 1207 169 66 einen
530 1199 488 85 Klassenkampf
1042 1200 111 70 der
1171 1200 295 70 Arbeiter
1490 1202 66 68 in
1584 1200 309 85 England.
1928 1201 85 69 Er
2040 1200 171 71 halte
2235 1204 64 66 in
2324 1200 159 70 Brad-

338 1294 131 72 ford
494 1292 162 70 rund
682 1292 222 70 heraus
935 1291 246 79 erklärt,
1217 1291 105 70 die
1340 1289 305 72 Fabianer
1669 1292 259 70 würden
1956 1294 112 68 der
2087 1292 435 84 Independent

338 1388 240 71 Labour
598 1384 183 82 Party
800 1384 173 70 nicht
992 1385 327 78 beitreten,
1353 1384 134 70 und
1506 1412 126 43 war
1658 1416 122 39 von
1815 1388 122 67 mir
1970 1386 326 84 deswegen
2329 1388 161 67 inter-

337 1479 230 85 pelliert
611 1477 278 69 worden.
941 1477 172 68 Aber
1156 1477 119 69 ehe
1321 1478 166 70 noch
1533 1479 100 67 ein
1669 1478 149 82 Jahr
1851 1480 95 66 ins
1981 1477 186 71 Land
2199 1506 323 56 gegangen

337 1597 136 52 war,
521 1568 244 71 schrieb
809 1568 286 70 derselbe
1128 1567 189 72 Shaw
1350 1571 85 67 im
1471 1568 231 71 Verein
1735 1572 116 66 mit
1885 1569 241 83 Sidney
2155 1569 207 69 Webb
2395 1569 127 69 den

341 1660 317 81 Kriegsruf
695 1660 116 80 „In
846 1661 187 68 deine
1063 1660 178 69 Zelte
1273 1661 254 79 zurück,
1574 1661 255 80 Israel“,
1881 1662 112 69 der
2041 1679 208 50 zuerst
2299 1663 63 66 in
2413 1662 109 67 der

342 1752 422 84 „Fortnightly
798 1751 293 71 Review“
1146 1752 133 70 und
1315 1752 169 70 dann
1518 1755 66 67 in
1618 1751 526 85 Sonderausgabe
2176 1751 89 70 als
2300 1750 185 71 Fabia-

342 1845 232 71 nischer
603 1844 266 71 Traktat
904 1846 285 70 erschien
1221 1846 137 70 und
1391 1845 104 70 die
1539 1846 453 83 organisierten
2026 1845 293 69 Arbeiter
2352 1842 128 85 Eng-

338 1938 165 68 lands
535 1935 246 79 aufrief,
835 1936 110 70 der
995 1936 301 70 liberalen
1327 1935 204 70 Partei
1574 1936 123 70 den
1725 1935 260 71 Rücken
2013 1966 78 39 zu
2126 1935 234 70 kehren
2387 1935 134 70 und

338 2032 169 67 einen
532 2028 237 85 großen
797 2028 213 71 Fonds
1044 2054 113 44 zur
1181 2029 388 83 Betreibung
1602 2058 124 40 von
1753 2027 265 72 Wahlen
2051 2028 471 82 unabhängiger

338 2121 655 69 Arbeiterkandidaten
1028 2151 77 38 zu
1142 2121 236 78 bilden,
1415 2121 135 68 und
1584 2140 184 50 etwas
1802 2132 211 71 später
2044 2119 120 84 gab
2199 2121 113 67 der
2346 2119 140 71 Voll-

339 2212 602 84 ziehungsausschuß
991 2213 113 69 der
1155 2212 307 71 Fabianer
1495 2211 445 81 Gesellschaft,
1992 2213 146 69 dem
2172 2212 190 71 Shaw
2411 2242 73 40 an-

339 2305 261 81 gehörte,
634 2306 124 70 den
791 2305 210 84 Zweig
1006 2307 292 69 vereinen
1332 2307 67 68 in
1432 2305 111 70 der
1576 2305 266 70 Provinz
1876 2306 124 69 den
2035 2305 141 78 Rat,
2210 2334 184 39 wenn
2418 2334 102 42 am

339 2395 289 84 gleichem
676 2395 121 71 Ort
852 2399 141 68 eine
1043 2396 509 85 Mitgliedschaft
1609 2397 112 69 der
1768 2396 438 83 Independent
2265 2395 256 71 Labour

339 2485 171 84 Party
544 2489 275 79 bestehe,
855 2489 204 70 dieser
1094 2488 392 71 beizutreten
1518 2489 137 68 und
1687 2489 106 68 die
1825 2490 219 83 eigene
2077 2486 443 85 Organisation

339 2578 351 85 aufzgeben.
724 2580 189 71 Shaw
945 2580 396 83 praktizierte
1376 2580 129 70 also
1531 2609 146 41 zum
1703 2598 191 65 guten
1920 2578 145 71 Teil
2098 2579 134 80 das,
2261 2609 122 40 was
2408 2580 113 69 wir

343 2670 304 73 Deutsche
661 2691 184 51 unter
864 2672 490 84 Klassenkampf
1381 2674 348 76 verstehen,
1766 2672 381 85 akzeptierte
2177 2672 151 70 aber
2345 2673 175 70 nicht

343 2759 109 70 den
487 2762 265 81 Namen,
800 2764 141 70 weil
978 2792 65 42 er
1076 2767 117 66 mit
1228 2766 131 68 ihm
1396 2766 180 67 einen
1612 2794 157 54 ganz
1802 2763 275 70 anderen
2112 2762 238 86 Begriff
2380 2790 105 43 ver-

343 2851 174 71 band.
551 2855 125 69 Für
708 2857 109 70 ihn
852 2856 186 84 greift
1071 2857 104 69 die
1207 2856 448 71 sozialistische
1679 2856 358 84 Bewegung
2061 2857 147 67 weit
2233 2856 159 68 über
2417 2855 104 71 die

346 2942 203 71 Klasse
598 2949 243 80 hinaus,
891 2951 63 67 in
1005 2949 113 69 der
1166 2951 113 67 wir
1329 2949 177 69 ihren
1552 2947 422 83 eigentlichen
2017 2946 241 85 Träger
2303 2949 214 77 sehen,

341 3036 122 68 und
503 3040 127 67 sein
666 3039 345 72 Vertrauen
1057 3043 66 68 in
1172 3041 103 70 die
1322 3039 470 84 schöpferische
1828 3037 185 72 Kraft
2058 3039 205 71 dieser
2296 3039 225 70 Klasse

342 3145 71 50 ist
441 3131 227 86 gering.
704 3133 81 70 Er
816 3135 81 69 ist
929 3134 133 70 sich
1099 3133 278 78 bewußt,
1412 3133 481 70 sozialistischer
1922 3131 296 84 Ideologe
2249 3162 78 39 zu
2360 3134 157 77 sein,

341 3217 134 69 aber
498 3248 64 42 er
583 3225 79 68 ist
690 3227 101 67 ein
816 3256 78 38 zu
921 3224 326 73 kritischer
1268 3224 203 78 Geist,
1505 3253 109 40 um
1641 3224 135 70 sich
1801 3223 108 70 auf
1933 3223 269 85 Begriffe
2228 3224 153 70 oder
2404 3224 76 69 ab-

343 3311 211 71 strakte
587 3314 188 73 Ideen
821 3317 534 71 einzuschwören.
1407 3316 82 69 Er
1520 3318 79 66 ist
1650 3318 62 66 in
1763 3317 113 67 der
1909 3314 319 85 Ideologie
2260 3316 256 78 Realist,

343 3425 132 46 man
507 3403 245 85 könnte,
786 3439 69 38 so
891 3411 275 81 paradox
1200 3440 63 38 es
1298 3408 254 83 klingen
1586 3438 166 53 mag,
1802 3436 211 55 sagen,
2051 3410 103 67 ein
2187 3407 332 71 kritischer

346 3490 271 90 Ideologe
668 3502 134 68 und
856 3504 216 67 würde
1129 3504 116 68 mit
1303 3502 238 69 diesem
1597 3500 368 68 Paradoxon
2021 3498 315 72 vielleicht
2393 3501 126 70 den

344 3576 294 81 Schlüssel
671 3620 79 39 zu
783 3592 309 72 manchen
1138 3592 415 72 scheinbaren
1583 3591 539 83 Widersprüchen
2167 3592 63 69 in
2279 3594 238 67 seinem

347 3674 310 77 Auftreten
692 3683 226 71 haben.

426 3765 101 71 Als
563 3770 442 75 Schriftsteller
1056 3778 105 70 hat
1193 3777 190 69 Shaw
1426 3775 176 70 seine
1646 3774 244 84 Sporen
1941 3777 86 68 im
2064 3775 453 83 Journalismus

349 3862 282 80 verdient,
668 3866 109 68 der
811 3868 101 70 die
929 3868 237 71 Schule
1188 3900 71 39 so
1283 3868 190 71 vieler
1499 3867 434 71 bedeutender
1950 3867 569 72 Persönlichkeiten
