3814 4572
1354 457 66 59 70

1998 459 194 53 Walter
2216 459 348 53 Hasenclever
2603 478 19 21 *
2663 459 269 66 Antigone

1452 660 226 69 Erste
1714 657 589 75 Kammerfrau:
2352 657 122 71 Ein
2510 656 504 72 Schreckensruf
3047 656 150 84 gellt
3233 657 199 70 durch
3468 662 94 71 die

1358 750 330 73 Flammen

1451 842 298 72 Herold
1782 858 280 76 (erscheint
2110 859 72 55 im
2231 856 289 73 Eingang).

1452 935 432 84 Eurydike:
1919 936 145 70 Was
2100 936 125 69 ist?

1452 1028 332 70 Herold:
1818 1028 322 85 Antigone
2175 1030 80 68 ist
2288 1033 158 65 tot!!

1358 1136 151 72 (Eine
1554 1136 163 57 uralte
1752 1135 152 64 Frau,
1950 1133 226 68 krumm,
2225 1133 362 65 mumienhaft,
2633 1132 203 58 kriecht
2868 1132 89 57 auf
2991 1133 223 57 Händen
3248 1132 109 57 und
3390 1132 170 64 Füßen

2185 1213 86 56 die
2302 1211 189 58 Stufen
2520 1211 222 70 hinauf.)

1455 1307 334 73 Mumie:
1824 1305 315 85 Königin!
2176 1306 314 85 Königin!

1451 1399 428 84 Eurydike:
1913 1399 149 71 Wer
2095 1397 174 70 ruft?

1453 1493 329 68 Mumie:
1819 1493 220 70 Meine
2074 1491 198 70 Enkel
2309 1491 221 69 braten
2563 1521 103 40 am
2702 1488 225 72 Feuer.

1457 1584 431 84 Eurydike:
1921 1584 148 71 Wer
2104 1584 125 70 bist
2266 1584 132 69 du?

1456 1677 77 70 M
1546 1678 239 71 umie:
1822 1676 108 71 Ich
1966 1677 111 70 bin
2111 1678 142 69 eine
2290 1676 272 71 Mumie.
2603 1673 109 72 Ich
2749 1674 110 70 bin
2896 1704 160 54 ganz
3101 1673 144 85 gelb
3291 1704 122 40 von
3461 1676 98 71 der

1363 1767 189 71 Plitzc

1452 1861 428 84 Eurydike:
1916 1860 119 72 Ein
2073 1861 183 71 Tier!

2003 1968 107 72 (Sie
2143 1969 204 57 wendet
2380 1966 112 59 sich
2525 1966 161 59 voller
2725 1966 208 73 Angst.)

1453 2062 79 70 M
1542 2063 243 71 umie:
1822 2059 313 87 Königin!
2166 2060 159 70 Hier
2339 2062 146 70 sind
2499 2062 316 71 Würmer.
2839 2060 108 70 Ich
2963 2062 206 81 speise
3186 2060 102 70 die
3305 2059 250 73 Gräber.

1686 2168 165 71 (Setzt
1883 2168 110 58 sich
2027 2168 91 58 auf
2149 2170 85 56 die
2267 2168 206 65 Stufen,
2507 2167 183 57 nestelt
2722 2191 66 33 an
2822 2167 148 57 ihren
3004 2165 248 74 Haaren.)

1363 2261 104 71 Ihr
1502 2261 182 71 werft
1720 2261 238 79 Steine,
1993 2292 185 40 wenn
2213 2261 104 70 ich
2354 2262 218 69 bettle.

1452 2355 404 83 Eurydike
1917 2369 212 71 (nimmt
2170 2370 83 55 ein
2290 2368 210 65 Kissen,
2533 2369 123 67 geht
2694 2369 151 56 einen
2874 2366 197 59 Schritt
3103 2369 84 56 die
3210 2368 185 57 Stufen
3417 2366 139 56 hinab

2192 2446 111 58 und
2336 2445 164 59 reicht
2533 2471 54 31 es
2620 2445 121 73 ihr.)

1441 2533 77 70 M
1532 2533 241 71 umie:
1809 2530 209 82 Dank,
2055 2532 126 71 daß
2215 2532 102 71 ich
2344 2530 200 73 weich
2573 2532 182 85 liege.
2791 2529 200 72 Feuer
3017 2533 81 67 ist
3123 2529 219 72 schön.
3371 2529 184 70 Feuer

1359 2627 82 68 ist
1475 2654 217 43 warm.

1452 2717 230 70 Erste
1717 2714 586 74 Kammerfrau:
2339 2716 161 70 Eine
2535 2714 454 72 Rauchwolke!

2314 2822 313 73 (Geschrei.)

1444 2918 294 71 Zweite
1776 2916 587 74 Kammerfrau:
2384 2919 125 69 Die
2524 2916 359 74 Flammen!
2901 2916 109 72 Sie
3024 2918 146 68 sind
3191 2946 152 55 ganz
3358 2913 115 72 nah

1452 3010 229 70 Erste
1717 3009 555 74 Kammerfrau
2304 3024 295 73 (klammert
2641 3024 106 56 sich
2788 3047 65 33 an
2896 3024 117 71 sie):
3043 3008 159 80 Hilf,
3240 3007 291 83 Königin!

2032 3117 89 71 (Es
2153 3117 221 57 raschelt
2407 3117 89 57 auf
2530 3118 102 56 den
2666 3116 233 72 Stufen.)

1441 3211 433 84 Eurydike:
1912 3212 124 70 Die
2060 3210 171 72 Welt
2264 3211 146 85 geht
2443 3230 210 51 unter.

1698 3318 124 71 (Die
1855 3318 201 69 Rampe
2089 3318 119 59 füllt
2239 3318 129 59 sich.
2412 3318 101 56 Die
2541 3318 201 59 Frauen
2777 3318 191 59 kehren
3008 3316 234 71 zurück.)

1444 3407 244 74 Die
1700 3410 619 73 Kammerfrauen:
2356 3412 139 70 Wir
2530 3410 253 70 können
2819 3412 176 68 nicht
3032 3409 234 70 helfen.

1443 3504 433 84 Eurydike:
1911 3503 119 71 Wo
2064 3506 81 68 ist
2181 3502 262 71 Kreon?
2479 3504 119 70 Wo
2633 3506 80 68 ist
2746 3504 174 69 mein
2956 3503 222 70 Sohn?

1442 3597 193 70 Eine
1668 3597 362 73 Stimme:
2067 3597 321 73 Niemand
2422 3597 104 70 hat
2561 3597 112 71 ihn
2709 3596 256 86 gesehn.

2369 3704 210 72 (Stille.)

1443 3797 431 83 Eurydike:
1911 3798 125 71 Die
2069 3827 221 42 armen
2326 3797 390 72 Menschen!

1806 3913 298 72 (Windstoß
2145 3915 110 55 und
2289 3912 343 58 Feuerschein
2667 3913 131 57 über
2830 3913 91 56 der
2953 3913 179 70 Burg.)
