3060 4572
792 849 198 71 Ohne
1021 844 213 68 Eltern
1265 836 175 71 lebte
1470 859 72 43 er
1569 854 127 43 von
1730 828 205 67 einem
1966 813 241 74 Erbteil
2238 813 106 66 bei
2372 801 452 76 Verwandten.

708 943 84 68 Er
838 935 211 71 wollte
1095 928 172 71 noch
1323 930 102 64 ein
1473 922 206 82 wenig
1732 912 107 71 auf
1884 902 460 76 Hochschulen
2395 900 236 71 lernen,
2687 900 105 55 not-

711 1027 295 78 wendige
1051 1019 224 71 Tricks
1321 1014 271 74 kennen,
1641 1029 106 43 um
1793 1009 320 61 zerstören
2159 991 134 69 und
2339 1011 64 44 in
2451 991 104 58 die
2603 991 229 56 Sterne

716 1118 94 69 als
843 1113 302 76 Befreier,
1173 1100 361 76 Sendbote,
1575 1100 142 66 eine
1740 1090 396 69 Detonation
2166 1075 132 71 und
2331 1098 102 45 ein
2456 1070 378 68 Verkünder

716 1204 142 72 sich
907 1222 320 66 sprengen
1275 1217 76 43 zu
1397 1189 277 69 können.
1755 1179 81 69 Er
1879 1176 178 66 hätte
2095 1174 150 81 jetzt
2283 1161 203 71 schon
2525 1182 76 43 zu
2636 1166 198 56 tonen

719 1291 360 78 vermocht;
1153 1283 173 71 doch
1387 1278 213 69 wollte
1661 1298 69 41 er
1796 1265 208 71 nichts
2065 1260 409 66 überstürzen
2558 1242 281 72 sondern

724 1387 371 69 abströmen
1143 1385 132 58 erst
1318 1372 422 84 Vergorenes,
1790 1382 105 43 um
1940 1344 331 76 blendend
2316 1367 76 43 zu
2438 1344 287 81 glanzen.

813 1494 358 76 Gründlich
1227 1486 264 92 glaubte
1544 1507 86 50 er,
1686 1474 135 71 sich
1884 1496 74 44 zu
2011 1469 272 66 kennen.
2400 1456 206 68 Hörte
2659 1476 69 41 er
2781 1474 64 40 in

726 1593 137 69 sich
922 1588 236 74 hinein,
1216 1580 262 66 brauste
1526 1568 242 78 Musik;
1823 1557 171 72 hoch
2044 1565 214 74 wogte
2304 1575 68 41 er
2418 1570 63 43 m.
2527 1537 318 74 Dickicht

729 1682 91 68 Zu
868 1682 206 63 einem
1122 1669 133 71 Ziel
1300 1664 290 74 verklärt,
1638 1682 130 41 war
1816 1677 68 40 er
1930 1644 175 71 nicht
2149 1641 152 69 klar.
2398 1631 187 71 Doch
2634 1629 216 68 wurde

734 1766 200 71 durch
983 1758 381 71 Erkenntnis
1412 1750 157 69 über
1618 1748 101 63 ein
1757 1735 333 71 Weilchen
2136 1756 68 40 er
2250 1723 198 71 blank
2494 1743 158 43 sein.
2728 1712 124 69 Die

734 1855 213 71 wollte
995 1877 69 41 er
1110 1844 106 72 auf
1255 1839 279 72 Schulen
1580 1829 261 71 suchen.
1920 1824 84 69 Er
2039 1827 254 66 meinte,
2329 1809 104 71 auf
2471 1832 102 43 ein
2613 1799 239 71 überall

736 1949 188 66 freies
957 1941 181 69 Meer
1176 1938 114 66 mit
1328 1926 348 91 geblähten
1709 1916 236 86 Segeln
1986 1908 135 71 sich
2161 1903 206 71 schon
2405 1893 450 73 hinausblasen

740 2038 210 65 lassen
999 2056 75 41 zu
1119 2027 278 71 können,
1447 2015 93 68 als
1587 2023 195 56 etwas
1829 1999 302 91 geschah.

833 2152 101 66 Ins
983 2137 358 94 Zugabteil,
1389 2134 120 69 das
1557 2129 325 81 Sonntags
1930 2119 107 66 ihn
2085 2111 137 71 aufs
2268 2104 183 73 Land
2497 2106 99 64 ins
2641 2096 221 69 Grüne

744 2243 277 84 bringen
1054 2233 208 76 sollte,
1298 2231 165 78 stieg
1496 2246 89 43 er.
1663 2215 133 69 Ihm
1829 2203 370 94 gegenüber
2232 2198 117 68 saß
2631 2187 140 66 Mut

749 2327 130 74 und
927 2322 284 71 Tochter
1262 2319 175 66 einer
1491 2304 282 76 Familie,
1831 2299 125 76 die,
2009 2317 132 43 was
2189 2314 82 41 im
2316 2279 221 73 Leben
2593 2274 107 68 auf

752 2416 284 71 anderen
1092 2408 178 71 Seite
1323 2398 193 79 steht,
1569 2393 432 81 verkörperte.
2095 2375 188 71 Doch
2331 2398 56 41 w
2387 2368 84 137 f|l
2474 2363 160 73 rend

752 2502 475 82 Fremdartiges
1282 2492 110 69 ihn
1442 2482 305 74 feindlich
1801 2485 213 66 reizte,
2065 2467 183 89 giftig
2304 2459 266 74 anbhes,
2624 2474 129 44 war
2804 2472 71 40 er

754 2599 137 68 hier
952 2599 64 61 in
1082 2528 340 129 zftternder
1481 2568 309 77 Andacht
1851 2553 425 79 unvermittelt

759 2688 186 66 Ganz
993 2670 335 86 unlogisch
1376 2670 308 66 zerrissen
1740 2655 106 68 die
1892 2647 518 79 Erscheinungen
2464 2637 109 66 ihn
2629 2637 99 58 bis
2781 2650 97 40 ms

762 2703 429 142 Eingeweide!
1257 2756 132 69 und
1453 2739 513 99 augenblicklich
2027 2733 223 69 blühte
2311 2751 69 41 er
2438 2749 81 40 an
2573 2711 307 73 Fremdes

764 2800 264 132 zärtlich
1059 2855 132 69 hin.
1280 2848 84 68 Es
1399 2843 219 68 schien
1651 2835 129 69 ihm
1816 2830 114 69 der
1958 2825 198 68 Vater
2187 2815 284 71 erhaben

769 2952 107 68 die
917 2947 264 73 Mutter;
1227 2937 157 68 aber
1422 2934 114 64 mit
1575 2924 271 71 Sternen
1884 2942 87 43 im
2009 2904 358 94 Angesicht
2408 2901 117 66 das
2565 2901 320 59 Mädchen

766 3047 142 63 eine
952 3033 287 87 Engelin.

868 3147 183 79 Über
1105 3142 320 77 Instinkte,
1486 3137 104 69 die
1651 3137 63 61 in
1778 3130 190 66 ihnen
2017 3120 104 66 die
2169 3107 391 76 natürlichen
2608 3102 282 81 Gegner,

782 3244 368 71 Ausbeuter
1196 3231 302 71 niederen
1536 3219 244 71 Volkes
1829 3211 104 71 auf
1978 3203 232 74 Grund
2258 3201 117 66 des

782 3341 335 66 witterten,
1163 3320 130 71 ließ
1338 3325 64 61 in
1463 3310 175 74 nicht
1681 3305 343 91 geahntem
2075 3292 155 71 Maß
2276 3313 127 43 voni
2458 3282 163 69 allen
2677 3277 218 66 dreien

790 3452 66 41 er
889 3419 134 71 sich
1056 3422 224 63 immer
1303 3435 127 40 von
1463 3424 228 49 neuem
1714 3389 353 73 entzücken
2090 3379 132 73 und
2245 3401 120 46 wie
2387 3399 127 41 von
2542 3391 36 46 r
2593 3376 201 59 ruhhn
2796 3386 46 59 K

787 3526 267 58 wettern
1125 3501 391 83 erschlagen.
1610 3488 84 68 Es
1763 3485 271 87 spreizte
2103 3473 119 68 des
2291 3468 269 68 Mannes
2629 3450 271 73 irdische

792 3595 389 76 Gewißheit,
1242 3587 114 68 der
1409 3582 249 68 Frauen
1712 3562 437 78 überirdische
2202 3546 368 79 Zuversicht
2631 3541 107 69 ihn

790 3719 78 38 so
914 3681 346 76 fröhlicher
1303 3671 203 76 Kraft,
1559 3663 127 74 daß
1735 3689 68 40 er
1857 3655 261 74 merkte,
2174 3671 135 45 sein
2354 3635 191 74 Trieb
2601 3635 101 64 bis
2756 3635 124 59 heu

792 3785 92 64 sei
914 3775 493 71 Ressentiment,
1450 3760 117 68 des
1605 3752 285 71 Fuchses
1917 3737 298 76 Verzicht
2253 3732 104 71 auf
2395 3749 185 46 saure
2611 3716 297 72 Trauben

792 3889 315 69 gewesen,
1158 3856 130 71 und
1336 3856 134 66 sein
1519 3841 299 94 plötzlich
1859 3831 356 94 geöffneter
2250 3810 330 79 Erdmund
2616 3808 294 81 verlange

795 3962 120 64 wie
962 3958 90 64 sie
1099 3943 246 92 gleiche
1394 3939 251 85 Speise.

1193 661 138 59 Carl
1367 654 314 61 Sternheim
1714 679 34 37 ,•
1804 646 118 57 Der
1959 635 377 65 Rheinländer

701 676 112 61 304
