3867 4572
2047 479 197 52 Walter
2272 475 346 54 Hasenclever
2654 496 23 20 *
2715 473 273 68 Antigone

1408 480 71 58 50

1413 681 185 71 Doch
1632 679 267 86 prallten
1931 677 94 70 sie
2056 675 105 80 ab,
2197 673 170 72 denn
2400 672 291 85 gewaltig
2724 670 169 71 lebte
2924 670 113 71 der
3070 667 298 72 Mensch.

1414 771 157 73 Und
1601 771 232 73 wieder
1868 770 114 71 sah
2015 767 102 72 ich
2151 766 105 71 die
2289 765 224 71 Meere
2545 762 282 80 stocken.

1412 865 402 71 Geborstene
1846 860 245 74 Schiffe
2124 859 360 80 versinken,
2519 856 250 73 Häuser
2801 855 301 71 flammen

1413 958 126 71 Die
1572 955 457 85 irrgewordene
2061 952 199 72 Schar
2293 952 113 69 der
2440 949 380 72 Menschen.

1414 1053 136 70 Der
1582 1048 319 72 kristallne
1935 1047 161 84 Berg
2127 1044 114 71 der
2270 1042 463 86 Jahrtausende
2764 1067 231 57 sprang
3026 1038 141 71 auf:

1417 1142 110 72 Ich
1562 1142 113 70 sah
1709 1142 66 69 in
1809 1141 113 70 der
1957 1138 194 71 Mitte
2183 1138 128 70 den
2343 1136 221 71 Mord.

1413 1236 405 83 Todesangst
1850 1231 147 88 griff
2028 1261 112 40 um
2175 1231 194 80 mich.

1417 1328 134 71 Wir
1583 1328 285 69 könnten
1898 1324 117 71 alle
2048 1322 255 73 sterben
2336 1319 422 78 aneinander;

1419 1421 125 72 Die
1578 1418 238 86 großen
1851 1415 266 81 Kanäle,
2152 1416 106 69 die
2288 1415 113 70 wir
2437 1414 233 70 bauten
2706 1411 66 69 in
2802 1410 111 71 der
2937 1409 248 80 Wüste,

1418 1514 212 71 Sahen
1666 1509 312 75 höhnisch
2013 1537 260 43 unserm
2306 1505 181 71 Ende
2521 1536 104 49 zu.

1419 1606 304 72 Lebloser
1757 1602 168 73 Stoff
1954 1601 113 72 auf
2096 1602 126 70 den
2256 1599 254 71 Ruinen
2543 1598 111 71 des
2691 1595 273 72 Lebens.

1422 1700 109 69 Ich
1563 1696 208 72 wollte
1804 1693 517 74 hinausschreien
2353 1691 136 71 und
2522 1717 287 45 warnen:
2842 1688 146 70 hört
3022 1684 132 83 auf,
3190 1684 376 73 Menschen!

1423 1791 107 71 Ihr
1560 1794 116 68 irrt
1708 1787 186 83 euch,
1929 1787 137 71 seid
2096 1787 328 83 betrogen.

1418 1884 264 72 Vereint
1713 1881 184 80 euch,
1932 1877 161 75 helft
2126 1905 214 45 eurem
2380 1875 245 81 Geiste,

1423 1975 259 71 Werdet
1717 1971 249 73 Brüder

1422 2068 104 71 Da
1557 2067 111 72 sah
1704 2067 103 71 ich
1839 2064 128 71 den
2005 2064 231 85 eignen
2269 2062 245 71 Bruder
2546 2060 104 70 die
2683 2056 418 74 Brandfackel

1424 2159 395 73 Schleudern
1854 2187 199 56 gegen
2086 2157 106 70 die
2223 2154 277 71 Mauern
2533 2153 116 71 der
2681 2152 207 71 Stadt.

1427 2253 108 71 Ich
1569 2250 310 74 verhüllte
1913 2250 177 69 mein
2122 2247 261 79 Antlitz,
2418 2247 161 83 stieg
2612 2244 222 72 nieder

1426 2345 155 72 Und
1611 2344 236 80 wußte,
1880 2342 129 70 daß
2042 2342 104 71 ich
2181 2368 120 44 nur
2333 2341 141 70 eine
2508 2337 165 71 Frau
2707 2337 132 71 bin.

1520 2439 148 70 Die
1703 2436 332 84 Bürger:
2068 2432 111 72 Sie
2212 2431 105 71 hat
2350 2430 198 72 recht.
2692 2429 107 72 Sie
2832 2429 170 83 klagt
3039 2426 137 71 sich
3208 2432 113 65 an!

1518 2531 149 72 Die
1700 2529 340 70 Frauen:
2072 2526 210 70 Wenn
2315 2523 122 72 alle
2468 2523 252 71 sterben
2862 2552 99 40 wo
2995 2520 253 72 bleiben
3281 2521 112 68 wir
3425 2519 193 70 dann?

1518 2623 152 71 Die
1710 2622 366 83 Krieger:
2113 2618 235 85 Genug
2378 2629 262 73 getötet.
2783 2613 176 72 Gebt
2992 2611 254 74 endlich
3280 2610 164 71 Ruh.

1521 2716 150 69 Die
1701 2713 465 85 Jünglinge:
2200 2709 230 85 Sprich
2462 2712 241 77 weiter,
2735 2708 343 83 Antigone.
3222 2705 175 70 Rede
3427 2702 113 71 du!

1520 2808 437 83 Antigone:
1993 2806 108 70 Ich
2137 2802 121 86 gab
2291 2803 124 70 den
2451 2801 245 71 Bruder
2726 2801 116 70 der
2875 2798 169 71 Erde
3077 2798 232 71 wieder

1431 2900 157 71 Und
1620 2898 155 72 feire
1807 2900 118 68 mit
1958 2897 159 71 euch
2153 2893 498 84 Auferstehung.

1428 2992 165 84 Jetzt
1629 2992 146 72 sind
1807 2994 115 68 wir
1954 2989 248 71 Brüder
2233 2991 70 68 in
2334 2986 423 73 Schmerzen!

1430 3085 165 84 Jetzt
1625 3084 167 71 weiß
1825 3084 135 71 ich:
1995 3081 245 71 Frauen
2273 3080 265 70 können
2571 3075 391 75 unsterblich
2997 3076 159 80 sein,

1431 3178 211 71 Wenn
1677 3179 89 69 sie
1800 3177 103 69 die
1935 3175 326 70 sinnlosen
2294 3172 196 85 Wege
2522 3173 113 70 der
2667 3170 359 71 Menschen

1432 3271 131 71 Mit
1595 3271 148 69 dem
1779 3268 181 85 Krug
1993 3268 113 71 der
2140 3264 198 73 Liebe
2371 3263 343 85 begießen;

1431 3363 211 73 Wenn
1673 3393 112 40 aus
1818 3360 259 73 Tränen
2112 3361 166 71 ihrer
2311 3361 232 70 Armut

1433 3457 126 70 Die
1596 3455 174 72 Hilfe
1802 3453 277 84 sprießt;

1433 3547 207 73 Wenn
1673 3547 106 72 die
1809 3546 130 70 Tat
1973 3546 109 70 des
2119 3544 380 85 lebendigen
2533 3541 286 73 Herzens

1437 3641 338 72 Umstürzt
1809 3639 278 71 Mauern
2120 3638 113 71 der
2269 3635 434 72 Feindschaft.

1530 3734 154 70 Das
1717 3732 231 71 Volk:
1983 3730 82 71 Es
2101 3729 138 71 lebe
2272 3730 346 84 Antigone!

1532 3826 431 85 Antigone:
2005 3823 277 70 Brüder!

1441 3918 109 70 Ich
1583 3917 149 71 rede
1766 3948 79 38 zu
1877 3916 162 71 euch
2072 3916 273 71 Witwen
2377 3914 137 70 und
2545 3911 279 79 Waisen,
