3052 4572
878 620 107 55 Leo
1023 618 75 56 H,
1123 616 151 73 Wolf
1329 648 11 13 *
1401 614 118 58 Tod

2149 613 108 56 329

155 792 344 72 Anpassung
533 794 151 69 jener
722 789 297 65 Momente,
1056 808 87 34 wo
1182 785 103 56 das
1310 784 337 57 Verlöschen
1686 806 109 34 von
1830 783 429 57 Leuchtraketen

158 888 68 33 an
265 867 272 69 gewissen
563 862 207 58 Stellen
807 859 461 71 vorübergehend
1296 856 220 58 Dunkel
1554 858 170 56 schuf.
1785 856 69 55 Er
1892 856 171 56 fühlte
2091 855 168 67 mehr,

160 939 80 56 als
279 961 58 33 er
376 938 109 56 sich
525 936 200 56 dessen
764 933 222 58 bewußt
1022 931 168 68 ward,
1237 933 99 54 das
1383 930 247 57 heimlich
1677 929 353 57 erwachende
2070 929 189 56 Leben

158 1016 259 68 ringsum.
495 1009 155 57 Audi
697 1030 58 33 er
798 1008 285 55 versuchte
1129 1027 66 34 zu
1242 1005 266 56 kriechen.
1587 1004 117 56 Nur
1753 1005 507 55 zentimeterweise.

160 1085 118 56 Nur
322 1088 55 52 in
424 1081 209 74 großen
678 1080 348 72 Zeitpausen.
1102 1077 157 56 Aber
1313 1077 100 56 das
1460 1076 122 56 Blut
1635 1081 229 51 strömte
1919 1075 228 66 stärker,
2204 1095 59 35 er

161 1159 174 56 besaß
374 1157 159 56 keine
574 1155 189 56 Kräfte
803 1154 169 57 mehr.

235 1231 162 57 Eines
424 1230 264 56 durchaus
715 1227 349 57 beherrschte
1092 1225 109 56 ihn.
1253 1222 530 68 Hinüberkommen,
1811 1222 116 56 hier
1954 1221 139 57 oder
2119 1220 142 66 dort,

165 1305 189 72 gleich.
414 1302 115 56 Nur
566 1311 157 47 unter
760 1300 238 57 lebende
1024 1296 317 60 Menschen!
1400 1296 242 57 Wunsch
1681 1296 114 54 und
1819 1295 166 55 Wille
2009 1293 254 56 wuchsen

165 1380 136 53 über
339 1380 188 53 seinen
552 1375 292 67 Verstand,
885 1395 58 34 er
981 1375 221 69 begann
1229 1371 231 72 kläglich
1488 1370 112 55 und
1621 1368 328 74 jämmerlich
1976 1390 66 33 zu
2068 1367 195 66 bitten,

163 1472 124 33 man
326 1450 136 55 solle
500 1448 91 55 ihn
632 1448 138 56 doch
811 1470 88 32 um
941 1444 378 59 Gotteswillen
1358 1453 195 47 retten.

236 1522 195 55 Flüche
478 1542 179 33 waren
704 1519 91 56 die
833 1518 271 67 Antwort,
1150 1518 355 55 Aufflackern
1549 1516 269 55 zahlloser
1856 1514 249 56 Raketen
2152 1512 113 57 und

162 1601 201 49 wüstes
402 1592 287 57 Schießen.

236 1665 185 58 Alarm
461 1688 110 33 war
609 1664 224 57 überall.
904 1663 371 57 Verwundete
1314 1662 113 56 und
1466 1660 313 58 Sterbende
1821 1660 244 56 erhoben
2107 1658 157 56 Rufe.

163 1740 129 55 Man
332 1738 135 57 solle
501 1738 141 56 nicht
670 1735 273 68 schießen,
983 1739 80 53 sie
1088 1740 180 51 wären
1295 1738 52 68 ja
1372 1735 167 56 schon
1564 1733 337 57 verwundet.
1962 1731 129 58 Und
2118 1753 112 33 man-

163 1814 140 66 cher,
345 1813 107 54 den
485 1813 145 56 wohl
654 1833 120 33 zum
801 1813 227 53 zweiten
1054 1810 113 55 und
1192 1809 142 57 öfter
1361 1810 88 54 ein
1475 1806 183 58 Schuß
1684 1806 122 66 traf,
1846 1806 172 56 schrie
2046 1804 221 72 gellend

166 1886 107 56 auf.
349 1884 100 56 Ein
495 1884 203 71 großes
741 1884 275 71 Jammern
1064 1903 112 35 war
1220 1903 109 35 von
1376 1881 198 66 denen,
1624 1879 91 56 die
1761 1883 55 52 in
1863 1879 99 56 der
2007 1879 115 54 Not
2167 1878 101 54 des

166 1958 439 71 Todeskampfes
643 1958 110 55 sich
792 1956 244 56 wälzten.
1112 1955 107 56 Die
1259 1954 305 56 Gesunden
1604 1954 134 54 aber
1776 1955 52 52 in
1869 1952 109 55 den
2020 1950 214 57 Graben-

166 2032 187 55 reihen
391 2052 66 34 zu
485 2030 202 60 beiden
713 2029 190 57 Seiten
941 2029 261 56 schossen
1240 2027 300 72 blindlings
1578 2030 71 52 im
1680 2026 222 56 Grauen
1940 2045 100 36 vor
2077 2025 160 54 heran-

166 2104 380 57 kriechendem
585 2102 125 57 Tod
748 2102 182 68 dahin,
969 2124 86 34 wo
1094 2102 319 70 Bewegung
1449 2121 122 35 war.

241 2177 376 68 Befremdlich,
664 2176 273 56 anekelnd
980 2196 111 36 war
1135 2176 127 55 dem
1310 2173 182 56 hilflos
1538 2172 318 73 Liegenden
1906 2171 121 56 dies
2066 2170 170 57 Schau-

168 2251 140 70 spiel
346 2251 338 56 bodenloser
722 2248 379 73 Kläglichkeit.
1178 2247 71 56 Er
1286 2247 172 56 fühlte
1496 2246 162 56 heiße
1700 2245 211 67 Scham,
1959 2247 54 52 in
2052 2243 220 56 solcher

168 2323 155 56 Tiefe
363 2345 65 33 zu
467 2327 135 52 sein.
661 2322 70 56 Er
767 2322 101 57 rief
906 2322 144 55 nicht
1087 2321 170 68 mehr,
1298 2342 58 35 er
1393 2319 183 56 wollte
1611 2318 111 57 sich
1751 2318 367 71 überzeugen,
2161 2316 109 54 daß

172 2397 98 56 das
311 2396 354 56 menschliche
692 2396 188 56 Leben
919 2396 188 53 keiner
1134 2393 177 71 Klage
1348 2402 135 47 wert
1521 2396 97 53 sei.
1679 2392 69 54 Er
1781 2394 136 68 ging
1943 2391 91 55 die
2061 2389 211 55 Reihen

171 2468 470 71 philosophischer
679 2468 112 55 und
829 2468 286 70 religiöser
1140 2466 252 72 Systeme
1427 2466 183 66 durch,
1652 2486 63 34 so
1741 2464 142 55 viele
1910 2463 109 55 ihm
2047 2460 227 58 bewußt

171 2563 198 35 waren.
463 2540 156 56 Aber
683 2540 189 56 keines
936 2539 134 56 hielt
1125 2538 175 57 Stand
1356 2560 99 34 vor
1503 2543 164 66 jenen
1724 2537 277 71 dürftigen
2054 2535 188 56 lebens-

172 2612 292 58 bewußten
492 2613 426 71 Erinnerungen,
958 2612 91 55 die
1077 2614 151 52 seine
1248 2610 221 71 Jugend
1496 2632 99 33 ans
1621 2609 206 56 Dasein
1868 2608 273 56 fesselten.
2206 2607 69 55 Er

172 2685 99 57 saß
313 2708 85 33 am
439 2685 413 68 Familientisch,
891 2685 113 55 und
1042 2687 153 54 seine
1229 2684 201 55 Mutter
1468 2683 99 57 sah
1606 2681 257 56 liebevoll
1902 2680 91 56 auf
2032 2681 91 55 ihn
2162 2681 113 55 und

172 2761 98 54 bat
309 2759 91 55 ihn
447 2761 189 53 immer
680 2759 113 55 und
840 2761 190 53 immer
1091 2756 222 66 wieder,
1372 2777 66 34 zu
1499 2777 160 34 essen
1705 2777 109 33 von
1861 2756 207 54 seinem
2117 2754 127 56 Leib-

174 2833 217 71 gericht.
471 2833 70 54 Er
579 2833 132 55 hielt
749 2834 89 53 ein
877 2830 267 57 Mädchen
1183 2834 71 51 im
1291 2827 155 58 Arm.
1521 2827 354 58 Abendwind
1915 2827 247 58 rauschte
2222 2830 53 52 in

174 2905 273 71 Zweigen,
496 2908 134 52 zwei
676 2904 211 57 feuchte
936 2902 204 73 Augen
1186 2904 357 54 klammerten
1591 2902 109 55 sich
1747 2923 67 33 an
1863 2904 120 53 sein
2032 2899 241 57 Gesicht.

283 2977 358 56 Mondschein
679 2999 111 34 war
826 2980 258 67 ringsum.
1145 2975 97 56 Ein
1282 2975 216 56 Freund
1536 2975 323 56 diskutierte
1898 2976 97 55 mit
2033 2975 109 53 ihm
2183 2974 91 54 die

175 3051 199 56 letzten
401 3050 287 56 Probleme
838 3051 199 55 letzten
1066 3048 289 56 Probleme
1393 3080 87 24 —.
1541 3047 71 56 Er
1647 3047 170 56 schrie
1844 3046 113 56 laut
1983 3046 107 56 auf.
2150 3046 128 55 Kalt

175 3145 108 33 war
329 3125 127 66 ihm,
504 3123 312 56 entsetzlich
864 3123 129 56 kalt.
1066 3121 126 57 Wie
1239 3122 92 70 lag
1376 3144 60 33 er
1480 3141 108 34 nun
1635 3121 73 53 da
1755 3120 131 54 nach
1934 3141 63 34 so
2044 3120 233 54 reichem

177 3196 204 56 Leben.
457 3195 100 55 Ein
594 3217 67 35 zu
699 3196 158 56 Tode
896 3195 305 72 gequältes,
1242 3197 205 52 einsam
1484 3192 384 56 verendendes
1906 3191 148 56 Tier!

251 3281 107 56 Die
401 3282 197 55 Vision
652 3286 151 53 eines
857 3282 349 71 angefaulten
1253 3280 264 71 Körpers,
1571 3282 101 52 wie
1728 3300 58 33 er
1837 3278 143 56 viele
2035 3278 243 71 gesehen

179 3355 166 66 hatte,
387 3355 231 69 drängte
656 3357 109 53 sich
807 3355 106 55 auf.
985 3353 363 68 Zerfließend,
1389 3357 53 51 in
1482 3352 218 56 Fäulnis
1739 3352 275 67 stinkend,
2054 3352 187 56 maden-

180 3426 390 66 überkrochen,
610 3426 578 71 fliegenumschwärmt
1226 3426 99 56 sah
1366 3446 59 34 er
1463 3424 109 58 sich
1612 3424 191 56 selbst.

251 3499 227 56 Wieder
523 3499 170 56 schrie
741 3521 57 33 er
844 3502 53 52 in
942 3499 305 56 Wahnsinn
1294 3498 111 56 und
1455 3498 222 57 Grauen
1723 3498 112 55 und
1880 3497 233 57 befreite
2167 3498 111 55 sich

180 3573 169 56 damit
388 3583 186 45 etwas.
650 3572 212 56 Mitleid
900 3574 95 54 mit
1033 3573 108 55 sich
1182 3572 173 57 selbst
1394 3572 210 56 erfaßte
1649 3572 110 54 ihn.
1835 3570 106 56 Nie
1988 3570 289 56 beachtete

179 3645 370 56 Einzelheiten
584 3648 181 55 seines
792 3645 215 56 Lebens
1035 3645 266 58 entrollen
1328 3645 110 56 sich
1468 3648 53 53 in
1546 3644 237 56 tausend
1822 3644 457 71 glückatmenden

179 3719 235 56 Bildern.

256 3791 122 68 „Du
414 3791 205 68 Stolz“,
660 3802 157 62 sagte
857 3814 75 46 er,
970 3791 169 69 „Hier
1163 3791 164 72 liegst
1353 3791 92 68 du,
1473 3791 183 72 gelöst
1679 3812 107 34 von
1817 3790 140 56 allen
1985 3789 263 56 Beziehun-

179 3885 125 50 gen.
383 3864 132 56 Eine
560 3864 174 71 große
782 3864 203 57 Trauer
1030 3868 148 53 wirst
1224 3865 72 55 du
1343 3866 118 55 sein
1507 3864 225 66 zuhaus,
1789 3868 88 50 ein
1925 3861 197 57 Traum
2169 3863 111 54 und
