3060 4572
748 875 101 56 des
876 872 180 57 Herrn
1097 867 114 57 und
1251 867 181 54 seiner
1458 859 222 56 Mutter.
1737 855 108 56 Die
1872 847 311 64 Annahme,
2225 842 157 55 diese
2409 836 185 57 Bilder
2620 835 247 56 konnten

747 969 128 36 vom
898 941 246 60 Zeitstile
1172 935 409 64 verschiedene,
1608 929 109 58 viel
1743 920 469 63 naturähnlichere
2232 914 186 57 Bilder
2445 930 257 52 gewesen
2732 926 137 43 sein,

750 1027 70 52 ist
848 1042 67 34 an
945 1018 111 56 und
1079 1016 84 55 für
1190 1013 110 57 sich
1328 1002 418 80 psychologisch
1769 1020 140 52 ganz
1937 994 342 58 undenkbar.
2339 987 159 56 Aber
2525 983 137 56 noch
2691 983 184 52 mehr:

753 1100 123 54 eine
924 1094 183 54 dieser
1154 1086 418 70 Achiropoiiten
1620 1084 71 52 ist
1736 1096 103 37 uns
1887 1071 244 57 erhalten
2180 1062 299 75 gebheben
2552 1060 102 52 das
2709 1060 161 64 (nach

754 1165 465 71 Dobschütz)7s2
1235 1157 282 71 erstmalig
1535 1152 278 60 erwähnte
1825 1141 376 65 Christusbild
2220 1138 101 56 der
2329 1133 545 60 SanctaSanctorum

757 1250 53 51 in
860 1244 157 54 Rom.
1092 1236 255 71 Wilpert,
1403 1231 99 56 der
1550 1228 101 56 das
1699 1217 415 79 ursprüngliche
2163 1212 123 57 Bild
2334 1209 267 68 freilegen
2649 1204 226 63 konnte,

757 1319 177 57 bildet
956 1316 205 55 dessen
1182 1307 268 75 spärliche
1472 1301 230 71 Reste*)
1724 1300 91 64 ab,
1836 1298 151 54 seine
2010 1288 347 67 Entstehung
2377 1291 140 49 setzt
2538 1301 58 33 er
2612 1274 266 59 zwischen

759 1395 109 54 450
889 1389 114 57 und
1026 1389 107 54 550
1162 1408 87 33 an.
1305 1382 204 55 Dieses
1534 1376 142 65 Bild,
1705 1372 102 56 das
1834 1390 95 35 wir
1949 1366 149 56 denn
2124 1357 279 62 sicherlich
2431 1352 447 59 naturunahnlich

762 1485 217 38 nennen
1025 1460 243 64 würden,
1318 1455 116 71 galt
1478 1452 127 55 dem
1652 1443 318 60 Mittelalter
2017 1438 81 56 als
2145 1441 350 67 genauestes,
2550 1423 334 58 wunderbar

764 1537 397 61 entstandenes
1201 1531 212 56 Bildnis
1453 1526 226 57 Christi.
1743 1518 129 57 Daß
1912 1516 118 55 also
2071 1512 127 56 dem
2229 1505 313 71 damaligen
2573 1500 311 55 Beschauer

766 1616 90 56 die
875 1612 209 58 Werke
1112 1609 181 55 seiner
1318 1599 262 60 Künstler
1606 1602 353 65 naturgetreu
1989 1585 330 60 erschienen,
2351 1583 120 52 darf
2499 1583 79 49 als
2608 1583 276 46 bewiesen

767 1687 242 60 erachtet
1045 1681 244 58 werden.
2386 1740 15 19 ,
2605 1736 11 13 .
2818 1729 13 20 ,

843 1777 182 57 Unser
1064 1768 273 73 Ergebnis
1375 1766 201 67 zwingt
1614 1780 102 34 uns
1754 1776 100 35 vor
1893 1750 181 65 allem,
2114 1748 90 53 die
2245 1733 643 81 Riegl-Wornngersche

769 1850 367 66 Auffassung,
1186 1842 80 57 als
1313 1839 109 56 ihm
1469 1825 501 78 widersprechend,
2025 1819 366 71 aufzugeben.
2476 1814 73 52 Es
2594 1815 149 61 zeigt
2789 1824 101 34 uns

773 1927 135 55 aber
946 1921 137 57 noch
1112 1919 182 55 ferner
1321 1914 78 55 als
1427 1909 268 69 unrichtig
1722 1904 91 56 die
1841 1903 108 54 alte
1976 1898 267 66 Meinung
2267 1913 109 34 von
2405 1888 99 56 der
2531 1880 363 70 Unfähigkeit

773 2001 101 56 der
913 1988 489 65 mittelalterlichen
1430 1982 277 64 Künstler,
1749 1979 90 53 die
1867 1974 175 56 Natur
2069 1965 420 60 nachzuahmen.
2547 1955 347 57 Mindestens

776 2078 53 53 in
870 2073 183 55 dieser
1093 2068 144 55 ihrer
1276 2057 414 76 gewöhnlichen
1718 2051 252 68 Fassung
2009 2054 70 47 ist
2113 2044 154 53 diese
2295 2039 264 63 Momung
2599 2026 298 58 zweifellos

777 2147 185 57 falsch.
1040 2142 156 56 Ihren
1235 2137 401 68 Zeitgenossen
1676 2125 316 59 erschienen
2034 2119 92 54 die
2164 2114 207 57 Werke
2413 2111 184 52 dieser
2636 2111 263 47 Künstler

772 2224 56 71 ja
870 2228 227 63 getreue
1138 2198 652 76 Naturnachahmungen!
1846 2198 94 54 Sie
1981 2191 218 57 stellten
2240 2187 91 55 die
2366 2182 175 56 Natur
2580 2200 32 33 a
2657 2196 59 36 er
2752 2195 90 33 nie

781 2318 63 36 so
885 2294 118 66 dar,
1041 2293 104 53 wie
1172 2289 95 53 wir
1307 2285 80 55 sie
1427 2280 189 64 sehen,
1657 2279 290 52 antwortet
1987 2286 122 36 man
2140 2284 115 34 mir.
2320 2258 118 56 Das
2465 2255 179 56 führte
2678 2270 102 35 uns
2808 2267 94 35 zur

782 2369 335 70 Folgerung,
1166 2358 110 57 daß
1324 2356 155 55 diese
1521 2349 262 58 Künstler
1933 2341 111 56 und
2093 2338 114 55 ihre
2257 2333 400 70 Zeitgenossen
2809 2328 93 49 die

782 2439 338 61 Außenwelt
1157 2455 65 36 so
1262 2431 189 64 sahen,
1492 2429 98 54 wie
1630 2426 82 55 sie
1752 2424 80 53 sie
1874 2413 338 60 darstellten.

860 2514 141 58 810ß
1041 2514 122 53 eine
1199 2501 449 67 Einschränkung
1685 2500 145 51 wäre
1872 2488 136 59 noch
2047 2481 405 62 vorzunehmen
2513 2479 90 50 die
2644 2492 143 43 man,
2828 2479 81 44 als

787 2579 560 69 selbstverständlich,
1397 2598 99 49 gar
1534 2573 145 56 nicht
1719 2567 294 62 erwähnte,
2052 2580 144 35 wäre
2238 2577 80 36 sie
2358 2551 144 58 nicht
2540 2551 169 54 schon
2748 2551 129 48 über-

790 2665 172 57 sehen
988 2659 245 58 worden.
1291 2653 117 56 Der
1446 2642 452 64 mittelalterliche
1926 2634 308 59 Beschauer
2291 2650 103 35 wie
2419 2623 155 74 jeder
2601 2618 308 57 Beschauer

791 2740 102 54 des
929 2740 58 65 ja
1032 2754 101 35 nur
1178 2730 108 54 den
1336 2725 199 57 Schein
1583 2717 300 74 gebenden
1931 2704 376 65 Kunstwerks,
2356 2700 97 58 sah
2500 2717 110 35 von
2658 2693 72 54 de
2815 2711 65 33 zu
2881 2711 28 62 !

792 2813 330 64 Erzeugung
1149 2805 102 54 des
1275 2799 231 58 Scheins
1542 2788 400 76 angewandten
1972 2782 213 56 Mitteln
2216 2778 89 66 ab,
2344 2793 158 37 wenn
2538 2789 59 35 er
2622 2766 102 55 das
2742 2763 137 57 Wer

795 2827 369 116 naturähnlich
1222 2883 218 47 nannte.
1533 2868 71 56 Er
1661 2864 161 57 nahm
1884 2882 45 33 z.
1978 2858 61 55 B.
2097 2850 304 69 einfarbige
2448 2841 338 70 Skulpturen
2834 2835 80 56 als

794 2954 381 73 Wiedergabe
1204 2951 99 54 der
1331 2942 406 70 mehrfarbigen
1760 2929 334 62 Außenwelt
2119 2926 111 67 hin,
2259 2923 92 57 dm
2377 2907 537 69 zwmdimenswnale

796 3033 229 57 Malerei
1065 3029 84 55 für
1188 3024 108 55 den
1338 3010 559 66 dreidimensionalen
1937 3005 191 55 Raum.
2146 3073 47 43 r
2198 2996 699 120 Y°Nordau**)

800 3109 183 56 dieser
1011 3097 449 67 Einschränkung
1487 3092 162 63 führt,
1677 3093 150 65 zeigt,

799 3203 160 36 wenn
988 3200 58 34 er
1073 3175 109 56 den
1209 3167 503 72 Impressionismus
1740 3156 113 59 und
1881 3155 108 55 den
2015 3146 391 60 Pointillismus
2433 3142 80 54 als
2536 3142 210 65 böigen
2775 3150 150 37 einer

801 3248 499 79 Augenkrankheit
1317 3243 98 56 der
1432 3238 173 57 Maler
1620 3231 322 60 betrachtet.
1978 3225 157 56 Aber
2166 3230 97 47 mit

804 3330 100 68 gilt
943 3328 102 54 das
1073 3324 269 69 Gesagte.
1399 3315 129 57 Wie
1566 3333 111 34 war
1704 3329 61 34 es
1794 3327 108 35 nun
1931 3302 135 55 aber
2094 3294 253 73 möglich,
2389 3287 109 57 daß
2526 3285 241 72 Jahihun

804 3353 63 107 l
889 3401 186 64 sahen,
1107 3395 128 65 daß,
1262 3413 114 35 was
1398 3387 205 58 andere
1613 3377 404 78 Jahrhunderte
2039 3372 176 73 grobe
2238 3358 410 65 Zeichenfehler
2669 3363 258 54 nannten,

806 3480 164 55 ihnen
1012 3473 142 55 nicht
1188 3469 80 56 als
1295 3465 183 57 solche
1507 3460 337 60 erschienen,
1884 3451 148 55 denn
2060 3450 91 53 bei
2179 3445 193 54 diesen
2404 3434 486 70 „Deformationen

809 3548 261 60 handelte
1098 3567 61 34 es
1188 3541 111 57 sich
1323 3542 55 68 ja
1404 3536 144 56 nicht
1576 3532 152 56 mehr
1749 3550 88 34 um
1857 3522 179 59 Mittel
2064 3541 92 36 zur
2177 3517 327 66 Erzeugung
2532 3508 100 55 des
2660 3495 272 65 Scheins?

883 3551 340 129 Palenwir
1264 3561 99 107 di
1391 3607 257 58 Problem
1688 3604 92 56 bei
1820 3601 183 56 seiner
2026 3589 246 63 Wurzel!
2318 3586 140 59 Was
2483 3581 191 69 fragen
2702 3594 94 35 w,r
2829 3591 104 36 uns

1209 3688 120 58 Wir
1376 3686 191 66 fragen
1615 3700 121 44 uns,
1783 3697 103 35 wie
1934 3694 61 34 es
2041 3666 235 73 möglich
2324 3681 127 44 war,
2500 3666 72 44 da
2589 3666 40 53 5,
2678 3666 89 40 bei
2817 3666 109 36 den

812 3721 592 119 !naturunähnliohen“
1434 3756 196 66 Stilen,
1670 3751 84 56 für
1790 3749 91 56 die
1909 3744 404 71 Zeitgenossen
2341 3734 142 55 ihrer
2509 3723 289 74 Schöpfer,
2824 3739 101 35 w.e

1651 1301 51 67 *)

1211 3882 237 45 Mosaiken
1487 3876 91 45 und
1611 3870 248 47 Malereien
1898 3866 83 45 der
2011 3861 155 47 kirchl.
2201 3859 172 44 Bauten
2408 3868 101 27 vom
2541 3847 42 46 4.
2613 3846 73 44 bis
2716 3842 73 46 13.
2805 3838 104 60 Jahr-

816 3951 197 46 hundert
1046 3945 242 58 (Freiburg
1319 3942 28 44 i.
1370 3940 50 43 B.
1454 3935 136 54 1916)
1622 3932 97 45 Taf.
1743 3929 101 44 139.

879 4010 62 58 ♦*)
978 4005 308 57 „Entartung“
1322 4016 108 28 usw.

1107 683 212 61 Daniel
1339 680 197 71 Henry
1574 710 13 14 •
1628 675 134 59 Vom
1790 671 183 58 Sehen
2004 666 120 59 und
2148 685 131 36 vom
2307 660 199 57 Bilden

737 695 116 60 318
