2300 3772
623 196 58 27 UN
717 196 150 27 GRAND
900 197 270 27 VIOLONISTE
1204 198 55 25 DE
1293 183 203 41 L'ANCIEN
1532 188 168 35 RÉGIME

2090 196 73 37 553

152 293 199 52 Baptiste
384 303 19 25 »
430 291 113 40 dans
578 291 38 41 le
649 305 102 27 sens
769 293 54 39 de
858 306 19 25 «
914 293 202 53 Baptiste
1152 294 39 39 le
1227 294 192 51 jeune»,
1448 294 239 52 «Baptiste
1730 293 39 40 le
1799 292 125 41 cadet
1967 303 35 28 ».
2037 291 130 55 Jean-

150 362 200 51 Baptiste
384 358 34 40 II
453 362 117 38 avait
592 374 53 37 40
667 374 80 26 ans
770 374 53 26 en
850 375 118 36 1701,
995 370 40 32 et
1057 375 57 27 on
1137 364 217 50 pourrait,
1380 367 21 35 à
1420 362 90 41 bon
1533 364 132 47 droit,
1693 376 46 27 se
1773 370 201 32 montrer
1997 362 170 51 surpris

150 431 52 39 de
220 430 96 40 voir
340 429 152 39 traiter
521 443 59 25 un
601 428 182 41 homme
808 430 53 39 de
897 438 65 32 cet
992 433 83 47 âge
1117 443 175 27 comme
1322 445 60 25 un
1424 439 95 32 tout
1561 432 130 51 jeune
1736 431 257 41 adolescent
2016 442 9 34 ;
2051 431 115 40 mais

150 500 92 39 rien
262 496 274 52 n'empêche,
562 496 126 41 selon
711 510 130 34 nous,
863 498 53 39 de
937 498 171 40 donner
1129 502 20 35 à
1172 498 39 40 la
1235 496 307 54 qualification
1565 500 58 39 du
1653 499 195 40 Mercure
1867 515 61 26 un
1952 513 101 27 sens
2078 505 88 35 très

148 565 201 42 différent
366 565 54 40 de
442 565 113 40 celui
580 567 75 51 qui
679 574 167 32 ressort
870 567 58 38 du
953 574 114 32 texte
1086 571 21 34 à
1140 569 221 49 première
1389 567 181 40 lecture.
1610 567 126 42 Nous
1773 568 150 42 ferons
1957 569 40 40 la
2018 572 146 37 même

148 635 284 41 observation
456 639 20 35 à
501 647 168 40 propos
689 634 54 41 de
761 635 292 52 l'expression
1086 635 230 52 employée
1356 649 80 38 par
1460 634 161 42 Lecerf
1651 650 54 27 en
1745 651 120 37 1702,
1904 639 260 51 expression

148 705 74 51 qui
238 712 105 43 peut
367 705 123 38 avoir
509 716 87 27 une
629 701 305 53 signification
959 705 331 51 rétrospective.
1317 703 89 40 Des
1424 705 225 52 exemples
1676 706 247 51 analogues
1944 720 55 26 ne
2039 720 93 26 man-

148 781 133 44 quent
322 785 81 38 pas
420 772 113 39 dans
553 780 127 32 notre
702 772 186 40 histoire
912 772 230 47 musicale,
1167 781 42 31 et
1232 785 113 27 nous
1370 774 193 39 citerons
1586 786 54 27 en
1664 775 257 51 particulier
1944 775 62 40 les
2049 775 112 40 deux

145 840 187 51 Leclair,
358 840 108 41 dont
486 840 39 41 le
545 841 127 40 cadet
695 840 234 53 s'appelait
951 840 175 41 Leclair
1148 841 39 39 le
1227 842 130 51 jeune
1392 854 57 27 ou
1485 842 83 39 «le
1603 842 130 52 jeune
1751 841 176 42 Leclair
1965 856 38 28 ».
2048 844 111 40 Bien

142 910 113 52 plus,
282 908 28 40 il
332 922 114 27 nous
466 918 67 32 est
553 908 178 41 loisible
751 909 53 40 de
820 909 217 52 procéder
1058 914 21 34 à
1115 923 87 27 une
1219 914 368 47 contre-épreuve
1613 910 51 39 de
1688 910 40 40 la
1749 911 184 39 validité
1952 912 53 39 de
2029 920 127 32 notre

146 978 260 52 hypothèse,
429 978 204 40 cardans
658 978 39 40 le
717 992 72 29 cas
809 978 106 40 d'un
941 983 105 47 père
1068 986 41 32 et
1132 976 105 42 d'un
1262 976 70 42 fils
1349 986 179 44 portant
1551 978 64 40 les
1639 981 169 37 mêmes
1830 983 227 47 prénoms,
2084 993 73 27 cas

144 1048 73 52 qui
238 1060 45 26 se
306 1051 207 47 présente
535 1061 114 39 pour
672 1048 62 39 les
767 1047 114 40 deux
903 1047 343 54 Jean-Baptiste
1269 1046 196 51 Sénallé,
1493 1047 38 40 le
1556 1046 69 41 fils
1654 1056 65 31 est
1744 1048 203 52 toujours
1971 1048 187 50 désigné

145 1129 101 27 sous
270 1115 38 40 le
333 1129 105 27 nom
471 1116 54 40 de
540 1115 347 55 Jean-Baptiste
909 1115 183 42 Senallé
1115 1117 37 38 le
1161 1116 96 54 fils.
1289 1115 127 42 Nous
1449 1130 114 27 nous
1598 1129 191 39 croyons
1821 1116 114 41 donc
1963 1129 55 27 en
2041 1117 116 40 droit

142 1185 51 40 de
225 1185 206 40 conclure
451 1198 86 39 que
555 1184 347 55 Jean-Baptiste
920 1185 34 40 II
980 1195 64 31 est
1062 1185 40 40 le
1122 1184 113 41 frère
1272 1185 125 40 cadet
1417 1185 53 40 de
1493 1185 336 54 Jean-Baptiste
1852 1184 14 41 I
1894 1183 76 54 (1).

197 1251 88 42 Sur
302 1266 81 27 son
406 1253 202 51 enfance,
647 1254 64 40 les
727 1254 263 40 documents
1014 1256 143 51 précis
1190 1254 96 40 font
1308 1253 150 41 défaut
1478 1265 8 37 ;
1507 1254 61 40 les
1590 1263 181 31 auteurs
1794 1255 362 51 contemporains

141 1330 204 32 assurent
368 1322 107 52 qu'il
490 1336 203 39 voyagea
711 1336 55 26 en
787 1321 283 52 Allemagne,
1096 1336 54 26 en
1185 1322 206 51 Pologne
1423 1332 42 31 et
1493 1336 54 26 en
1585 1322 138 50 Italie,
1762 1331 41 32 et
1828 1323 107 51 qu'il
1975 1331 120 43 reçut
2132 1327 22 35 à

143 1391 141 41 Rome
305 1391 63 40 les
392 1391 152 51 leçons
568 1392 54 39 de
644 1388 184 43 Corelli.
863 1390 160 41 Lecerf
1043 1391 207 52 l'appelle
1277 1404 19 25 «
1319 1392 39 39 le
1381 1390 70 41 fils
1484 1390 242 53 adoptifde
1762 1390 169 41 Corelli
1967 1404 19 24 »
2011 1389 76 55 (2),
2112 1399 41 32 et

141 1459 145 41 l'abbé
308 1459 171 41 Pluche
498 1460 186 52 prétend
709 1474 86 38 que
828 1460 39 40 le
891 1464 158 36 maître
1084 1460 171 50 italien,
1290 1460 254 40 émerveillé
1566 1460 54 40 de
1643 1460 40 40 la
1719 1461 220 51 précocité
1975 1460 54 39 de
2071 1473 81 27 son

140 1528 150 48 talent,
317 1528 60 41 lui
401 1527 48 43 fit
471 1528 90 41 don
583 1529 54 40 de
661 1542 82 27 son
767 1529 150 40 archet
935 1527 74 53 (3).
1037 1528 239 41 L'histoire
1314 1529 76 39 des
1431 1541 198 39 voyages
1668 1529 53 39 de
1758 1528 335 53 Jean-Baptiste
2116 1527 35 40 II

141 1605 111 32 reste
273 1601 22 36 à
313 1599 137 39 écrire
469 1612 8 25 :
501 1599 203 51 toujours
724 1598 117 40 est-il
866 1611 101 38 que,
995 1611 173 26 comme
1208 1611 114 26 nous
1347 1597 39 40 le
1406 1610 184 27 verrons
1626 1597 102 51 plus
1752 1597 107 47 loin,
1886 1609 82 26 son
2001 1609 152 27 œuvre

140 1666 161 51 reflète,
339 1670 21 37 à
386 1666 101 41 n'en
509 1680 80 39 pas
613 1667 173 46 douter,
806 1667 251 40 l'influence
1075 1667 53 38 de
1145 1665 184 49 Corelli,
1352 1674 41 31 et
1417 1679 86 38 que
1530 1677 115 28 nous
1669 1665 39 38 le
1744 1673 215 31 trouvons
1977 1668 20 35 à
2024 1663 128 40 Paris

138 1748 52 27 en
219 1748 121 38 1701,
360 1735 112 40 dans
495 1749 88 26 une
604 1737 305 39 circonstance
929 1736 75 51 qui
1027 1734 171 41 semble
1231 1735 154 39 devoir
1406 1733 109 40 faire
1545 1741 230 44 suspecter
1796 1730 279 42 l'exactitude
2098 1733 53 39 de

138 1801 244 43 l'anecdote
414 1808 236 48 rapportée
682 1818 82 37 par
801 1804 119 39 Fétis
953 1818 53 25 au
1038 1804 113 51 sujet
1183 1803 59 39 du
1279 1816 85 38 peu
1387 1802 54 40 de
1472 1807 150 35 succès
1648 1815 85 38 que
1771 1801 201 52 Baptiste
2006 1802 144 40 aurait

137 1877 221 47 remporté
391 1878 162 46 auprès
573 1872 54 40 de
648 1870 140 42 Louis
813 1871 114 41 XIV.
955 1871 118 41 Tout
1097 1872 39 39 le
1161 1871 162 40 monde
1346 1875 180 35 connaît
1550 1878 111 32 cette
1685 1870 229 39 anecdote.
1954 1868 64 42 Or
2036 1870 112 39 voici

136 1954 44 27 ce
200 1942 136 52 qu'on
354 1941 48 41 lit
422 1941 112 41 dans
552 1941 40 40 le
607 1940 196 40 Mercure
836 1940 154 54 galant
1014 1940 52 40 de
1088 1953 121 37 1701,
1235 1953 107 27 sous
1378 1940 38 38 la
1440 1938 214 52 rubrique
1677 1952 19 24 «
1719 1938 186 54 Journal
1942 1938 52 39 de
2029 1938 90 39 Fon-

135 2009 253 41 tainebleau
420 2023 20 24 »
469 2021 7 27 :
503 2023 19 25 «
548 2008 63 41 Le
637 2024 46 35 23
731 2008 197 49 octobre,
973 2008 38 41 le
1048 2011 64 38 roi
1148 2008 201 40 entendit
1385 2013 129 47 après
1556 2021 81 27 son
1680 2020 166 38 souper
1880 2022 60 24 un
1973 2015 174 31 concert

134 2079 151 52 exquis
308 2079 136 40 d'airs
461 2078 179 41 italiens
666 2082 208 36 exécutés
898 2091 81 38 par
1002 2077 63 40 les
1087 2076 30 41 S
1124 2081 28 17 rs
1175 2076 245 52 Couperin,
1447 2076 211 52 Forcroy,
1681 2084 41 32 et
1757 2076 35 38 le
1801 2075 134 53 jeune
1956 2074 193 54 Baptiste

135 2149 71 50 qui
230 2156 65 32 est
317 2152 21 35 à
362 2147 63 40 M.
445 2147 39 40 le
507 2147 95 40 Duc
624 2145 260 48 d'Orléans,
918 2159 114 38 pour
1066 2147 39 38 le
1136 2145 171 41 violon.
1338 2145 63 40 Le
1425 2147 64 38 roi
1519 2154 129 43 parut
1672 2145 171 51 surpris
1877 2144 54 39 de
1971 2143 152 40 l'excel-

132 2216 119 40 lence
273 2216 54 40 de
350 2229 47 27 ce
420 2216 177 40 dernier
621 2216 108 51 qu'il
752 2216 165 39 n'avait
937 2229 79 38 pas
1036 2228 159 27 encore
1215 2214 197 40 entendu
1437 2212 75 54 (4).
1540 2227 19 24 »
1580 2213 32 40 Il
1635 2218 73 35 eût
1732 2217 70 36 été
1835 2213 187 51 piquant
2057 2225 87 38 que

131 2283 135 43 Louis
286 2284 115 50 XIV,
428 2286 75 51 qui
527 2298 54 27 ne
595 2285 234 51 manquait
845 2297 80 39 pas
948 2283 198 52 d'esprit,
1173 2296 45 27 se
1232 2282 64 41 fût
1326 2286 157 37 amusé
1511 2286 21 35 à
1557 2294 193 39 opposer
1758 2280 334 55 Jean-Baptiste
2108 2279 30 49 I,

131 2354 221 40 ordinaire
371 2354 54 40 de
444 2367 47 27 sa
510 2352 214 41 chambre
743 2361 41 31 et
801 2353 269 51 dépositaire
1089 2352 54 40 de
1168 2365 19 24 «
1213 2364 81 27 son
1317 2356 110 45 goût
1448 2355 22 35 à
1491 2350 61 40 lui
1577 2366 37 31 »,
1641 2354 21 35 à
1684 2363 82 27 son
1799 2349 143 40 cadet.

184 2421 86 42 Les
287 2423 200 40 archives
504 2430 268 45 permettent
791 2422 53 39 de
861 2423 148 38 suivre
1027 2421 39 39 la
1087 2422 188 38 carrière
1295 2420 53 40 de
1367 2427 126 33 notre
1510 2419 218 39 musicien
1740 2422 22 36 à
1782 2418 141 52 partir
1941 2417 53 40 de
2019 2432 118 37 1717.

127 2491 84 42 Les
229 2491 127 41 Etats
377 2491 77 41 des
490 2490 375 41 Menus-Plaisirs
889 2490 54 40 de
980 2498 112 32 cette
1121 2488 204 41 année-là
1350 2497 230 31 nomment
1599 2485 41 57 J.
1655 2487 75 40 -B.
1758 2485 191 41 Annette
1992 2487 145 50 parmi

129 2561 59 40 les
212 2561 336 52 symphonistes
573 2561 74 51 qui
672 2559 210 40 touchent
900 2561 80 49 850
1001 2559 132 39 livres
1151 2571 113 40 pour
1281 2557 94 40 leur
1390 2558 307 39 nourritureet
1716 2556 94 40 leur
1822 2556 217 39 entretien
2056 2552 79 54 (5).

128 2628 116 43 C'est
264 2634 22 36 à
316 2630 38 40 la
380 2631 210 50 musique
610 2629 54 40 de
684 2628 39 40 la
742 2628 202 52 chapelle
962 2627 151 53 royale
1137 2640 86 39 que
1239 2635 176 44 compte
1437 2626 40 39 le
1499 2625 255 50 violoniste,
1782 2625 111 39 ainsi
1914 2637 85 39 que
2020 2636 116 28 nous

126 2698 37 40 le
183 2707 257 32 constatons
465 2711 75 27 sur
564 2697 24 40 Y
595 2697 103 40 Etat
719 2698 48 39 de
788 2697 42 40 la
848 2695 166 42 France
1037 2697 49 38 de
1113 2711 109 38 7722
1246 2693 78 55 (6).
1350 2694 69 41 En
1452 2693 160 42 février
1648 2697 119 48 1726,
1810 2693 39 40 le
1879 2692 195 39 Mercure
2097 2692 40 39 le

127 2768 78 39 cite
223 2781 172 27 comme
420 2775 132 44 ayant
571 2768 91 51 pris
687 2775 96 43 part
808 2780 83 26 aux
914 2773 200 33 concerts
1137 2764 53 40 de
1213 2765 170 52 janvier
1399 2768 21 35 à
1436 2763 147 52 Marly
1596 2760 76 55 (7),
1698 2771 41 31 et
1759 2775 113 26 nous
1903 2761 39 39 le
1964 2769 145 31 retrou-

124 2850 108 26 vons
255 2850 75 27 sur
352 2837 24 39 Y
382 2836 102 40 Etat
507 2836 50 39 de
581 2836 40 39 la
653 2835 168 40 France
843 2835 50 39 de
915 2848 109 40 1717
1068 2848 54 26 au
1147 2832 187 40 nombre
1351 2832 77 40 des
1445 2835 50 37 26
1514 2831 334 52 symphonistes
1868 2829 54 40 de
1964 2829 39 39 la
2027 2829 78 39 cha-

120 2904 127 52 pelle,
273 2910 22 35 à
315 2907 96 38 côté
432 2905 54 40 de
509 2905 214 49 François
742 2903 156 51 Rebel,
915 2904 39 39 le
977 2901 71 41 fils
1059 2902 53 40 de
1135 2901 290 55 Jean-Ferry,
1451 2900 53 40 de
1527 2898 351 42 Charles-Henri
1898 2897 63 40 Le
1985 2897 145 50 Roux,

124 2981 39 32 et
179 2971 235 43 d'Antoine
440 2973 207 40 Forcroix
672 2971 73 54 (8).
769 2972 38 40 A
830 2980 111 32 cette
963 2976 190 48 époque,
1195 2971 38 39 la
1256 2983 106 27 cour
1390 2979 40 31 et
1454 2969 40 39 la
1527 2968 104 40 ville
1670 2968 221 52 portaient
1927 2966 203 52 Baptiste

165 3096 46 43 (1)
234 3098 46 31 M.
306 3099 40 30 A.
369 3096 144 43 Pougin
531 3096 71 33 cite
628 3106 70 22 une
721 3095 175 33 assertion
922 3095 45 32 de
994 3094 245 33 Castil-Blaze
1266 3091 63 43 qui
1352 3088 245 35 confirmerait
1617 3096 103 25 notre
1745 3088 113 33 thèse.
1884 3086 244 34 Castil-Blaze

119 3145 137 43 signale
274 3158 43 22 en
340 3147 95 38 effet,
462 3147 116 40 parmi
616 3149 51 30 les
690 3145 274 43 symphonistes
988 3155 70 31 que
1087 3144 95 32 Lulli
1205 3142 170 43 dirigeait
1392 3152 44 23 en
1465 3142 87 43 1673
1575 3147 33 25 et
1635 3140 91 42 1674
1762 3151 7 20 :
1795 3138 159 43 Baptiste
1974 3139 81 29 aîné
2091 3142 34 27 et

119 3194 158 44 Baptiste
293 3198 107 31 cadet.
425 3196 214 43 (Ménestrel,
662 3199 68 30 loc.
753 3195 74 40 cit.,
849 3208 36 29 p.
914 3195 73 43 91.)

163 3245 47 43 (2)
237 3247 132 38 Lecerf,
388 3247 64 32 loc.
482 3247 70 38 cit.,
576 3253 23 26 t.
625 3246 40 39 11,
690 3257 35 29 p.
752 3245 81 33 118.

159 3295 48 44 (3)
235 3297 148 38 Pluche,
409 3296 179 43 Spectacle
609 3297 39 31 de
672 3297 33 30 la
729 3296 142 32 Nature
876 3320 8 13 ,
906 3302 24 26 t.
954 3295 77 37 VII,
1052 3306 34 29 p.
1119 3305 78 33 103.

162 3346 50 41 (4)
235 3346 156 32 Mercure
409 3347 140 40 galant,
567 3347 198 32 novembre
790 3356 105 32 1701,
919 3356 36 30 p.
981 3355 82 32 207.

162 3395 47 43 (5)
231 3397 104 32 Arch.
361 3404 72 25 nat.
459 3397 30 32 O
509 3397 5 20 1
547 3397 105 41 2846,
670 3397 25 31 f°
719 3406 57 21 22.

162 3445 46 41 (6)
230 3446 84 32 Etat
336 3448 38 30 de
390 3447 33 31 la
441 3448 137 30 France
598 3453 93 36 pour
721 3457 100 31 1722
830 3471 7 13 ,
860 3453 28 26 t.
921 3445 24 38 I,
971 3455 35 30 p.
1036 3444 79 43 156.

162 3494 46 43 (7)
230 3496 170 41 Mercure,
417 3495 129 35 février
571 3495 103 45 1726,
698 3508 36 29 p.
754 3496 81 45 389.

163 3543 47 44 (8)
230 3546 83 31 Etat
346 3547 40 31 de
410 3547 33 31 la
463 3547 137 32 France
612 3551 95 39 pour
729 3558 47 30 17
783 3557 61 32 27,
872 3553 23 26 t.
915 3545 24 41 I,
960 3556 35 30 p.
1020 3544 78 33 186.
