2255 3777
116 200 79 47 498

866 208 259 26 GRAMMAIRE
1158 206 219 28 MUSICALE

780 354 357 42 Grammaire
1173 353 300 41 musicale.

172 476 125 41 Nous
313 482 188 47 pensons
534 473 223 40 intéresser
778 487 78 26 nos
879 474 174 39 lecteurs
1084 487 50 25 en
1159 473 88 39 leur
1270 479 250 45 annonçant
1541 487 77 39 que
1657 472 39 40 la
1722 472 152 42 Revue
1907 472 215 41 musicale

110 545 198 55 publiera
348 546 45 39 in
412 553 197 41 extenso,
637 544 166 54 d'après
846 543 39 39 la
905 540 323 56 sténographie,
1256 541 35 40 le
1313 555 123 26 cours
1470 556 77 39 que
1569 556 79 25 son
1671 541 224 52 directeur,
1919 541 62 40 M.
1995 541 127 50 Jules

120 613 274 52 Combarieu,
419 612 92 41 doit
523 612 117 53 faire
663 618 99 35 cette
786 614 133 38 année
959 626 53 25 au
1037 610 179 54 Collège
1245 611 51 39 de
1330 609 182 52 France,
1538 611 72 39 dès
1633 609 33 40 le
1688 616 353 34 commencement
2075 611 49 38 de

117 683 163 48 Vhiver,
315 689 38 33 et
373 681 73 55 qui
465 697 93 25 sera
581 696 80 25 une
684 681 306 41 Introduction
1013 680 338 51 grammaticale
1374 688 40 32 et
1436 680 236 51 technique
1696 683 20 36 à
1739 677 229 42 l'Histoire
1988 684 107 46 géné-

117 753 91 39 rale
221 752 56 40 de
298 750 109 42 l'Art
428 751 202 41 musical.
658 749 60 41 M.
746 749 254 41 Combarieu
1019 764 42 24 se
1081 757 181 46 propose
1282 746 205 42 d'étudier
1505 748 86 40 Les
1616 748 164 40 formes
1801 748 54 40 de
1878 748 40 40 la
1935 761 155 39 compo-

117 823 147 38 sition.
299 820 121 40 Voici
443 820 35 40 le
499 820 108 54 sujet
630 821 71 38 des
713 819 264 55 principales
997 819 141 50 leçons
1161 833 11 23 :

310 902 32 40 I.
369 902 95 40 Idée
485 902 204 53 générale
708 901 70 39 des
788 902 169 53 formes
991 899 239 40 musicales.
1255 899 244 41 Indication
1516 900 71 39 des
1610 898 196 41 éléments
1828 899 73 54 qui
1923 899 58 40 les
2019 914 79 26 con-

449 970 186 40 stituent.
661 969 117 40 Plan
802 969 56 39 du
878 983 135 25 cours.
1040 967 214 41 Nécessité
1277 968 50 39 de
1357 968 171 40 notions
1556 967 267 40 d'harmonie
1849 976 111 46 pour
1982 968 115 40 l'ana-

452 1039 83 52 lyse
558 1036 123 41 d'une
701 1037 195 40 mélodie.

282 1107 54 41 IL
372 1107 63 40 La
456 1121 171 38 gamme
644 1105 234 56 primitive.
905 1105 76 40 Ses
1014 1105 183 40 diverses
1219 1105 174 48 formes.

266 1175 75 39 111.
376 1174 58 40 Le
449 1175 122 39 mode
597 1188 19 24 «
635 1174 163 53 majeur
823 1187 18 24 »
869 1171 185 55 [actuel).
1077 1173 77 39 Ses
1177 1173 194 53 origines
1395 1173 268 55 historiques.

268 1242 78 40 IV.
371 1242 224 40 Relations
616 1248 36 34 et
662 1242 229 53 fonctions
910 1242 210 41 variables
1139 1242 65 40 des
1225 1247 130 35 notes.
1385 1242 75 40 Les
1483 1244 189 40 accords.

299 1311 44 41 V.
373 1312 55 39 Le
444 1312 122 39 mode
585 1325 19 24 a
629 1310 166 40 mineur
819 1324 19 24 »
866 1310 183 54 [actuel).

280 1380 68 40 VI.
374 1378 210 42 Vaccord
607 1380 49 39 de
679 1379 231 41 neuvième.

264 1448 91 40 VIL
377 1448 85 40 Des
485 1448 175 40 accords
680 1447 83 40 dits
788 1461 19 24 «
830 1448 149 40 altérés
1003 1461 38 27 ».

251 1516 111 40 VIII.
385 1515 261 40 Mécanisme
667 1522 38 33 et
727 1515 195 56 principe
939 1517 49 38 de
1014 1516 39 39 la
1078 1516 284 40 modulation.

282 1584 76 40 IX.
389 1585 27 38 L
424 1600 19 24 e
457 1586 122 38 mode
591 1584 145 40 dorien
750 1591 38 33 et
803 1585 36 39 le
852 1586 122 38 mode
987 1584 264 55 hypodorien
1262 1597 14 37 ;
1288 1587 119 38 étude
1419 1586 242 53 analytique
1678 1587 50 39 de
1744 1587 91 40 leur
1849 1584 268 55 mécanisme.

302 1652 58 41 X.
388 1653 56 39 Le
468 1653 122 39 mode
607 1651 219 56 phrygien
847 1659 37 32 et
906 1653 37 38 le
974 1653 124 39 mode
1119 1652 341 55 hypophrygien.

285 1721 79 40 XL
391 1722 57 39 Le
467 1722 123 39 mode
614 1721 143 53 lydien
779 1728 36 33 et
839 1722 36 39 le
892 1722 122 39 mode
1035 1721 270 55 hypolydien.

256 1789 102 41 XII.
384 1790 58 40 Le
463 1791 124 39 mode
602 1790 265 52 mixolydieu
891 1797 35 33 et
945 1790 35 39 le
1000 1790 123 39 mode
1143 1789 392 55 hypomixolydien.

238 1858 120 42 XIII.
384 1860 58 38 Le
463 1860 121 38 mode
603 1858 137 40 éolien
764 1865 36 32 et
821 1859 36 38 le
878 1858 123 39 mode
1020 1857 267 55 hypoèolien.

239 1926 123 42 XIV.
390 1928 57 38 Le
466 1928 122 38 mode
607 1926 146 40 ionien
774 1933 37 33 et
847 1927 35 38 le
904 1927 121 39 mode
1048 1925 279 55 liypoionien.

265 1996 101 40 XV.
391 1995 275 55 Digression.
693 1994 121 56 Coup
838 1994 117 40 d'oeil
976 2009 71 25 sur
1080 1994 206 40 l'histoire
1308 1996 50 38 de
1381 1996 40 39 la
1442 1996 159 39 théorie
1618 1996 214 40 musicale.

249 2063 124 42 XVI.
400 2065 62 40 La
487 2063 181 41 mélodie
689 2070 37 33 et
743 2079 62 24 ses
829 2065 197 38 éléments
1050 2063 273 55 constitutifs.

225 2132 144 42 XVII.
394 2133 59 39 Le
476 2132 142 41 motif.
647 2131 223 41 Comment
885 2147 55 25 on
966 2138 121 33 traite
1106 2147 58 24 un
1186 2133 138 54 motif
1328 2147 50 24 en
1402 2133 205 53 musique.

195 2202 164 41 XVIII.
389 2202 77 39 Les
499 2201 202 40 membres
724 2202 49 39 de
796 2200 152 52 phrase
970 2207 37 34 et
1028 2201 90 39 leur
1136 2201 334 40 enchaînement.

242 2270 122 41 XIX.
388 2270 61 40 La
466 2270 153 54 phrase
635 2276 37 33 et
696 2270 40 39 la
757 2269 190 55 période.

264 2339 103 41 XX.
394 2338 117 41 L'air
532 2338 225 55 populaire
772 2338 201 52 [chanté).
996 2338 83 39 Air
1095 2353 96 25 avec
1213 2340 99 39 trio.

243 2407 123 42 XXL
392 2407 177 41 Formes
604 2407 49 39 de
694 2406 284 56 composition
1000 2406 322 41 instrumentale
1344 2407 74 53 qui
1434 2408 231 54 procèdent
1684 2409 50 39 de
1757 2406 96 42 l'air
1874 2408 240 56 populaire.

223 2476 149 41 XXII.
402 2476 76 40 Les
500 2474 318 41 combinaisons
837 2476 50 38 de
901 2474 189 55 phrases.
1112 2475 122 40 —Le
1256 2476 161 41 Rondo
1437 2481 37 34 et
1494 2490 64 24 ses
1577 2475 97 54 cinq
1678 2481 186 50 formes.

419 2544 114 50 Etc.,
553 2553 82 31 etc.

173 2639 67 42 Un
273 2639 127 41 choix
434 2641 50 38 de
506 2644 130 35 textes
658 2638 236 50 musicaux,
929 2644 169 35 servant
1132 2639 50 39 de
1214 2638 96 40 base
1333 2639 24 38 à
1389 2637 39 40 la
1452 2636 357 54 démonstration,
1842 2654 94 25 sera
1957 2640 112 51 joint
2091 2644 24 37 à

115 2711 157 53 chaque
296 2709 119 51 leçon
431 2719 16 41 ç
466 2723 64 25 ces
563 2714 142 42 textes,
731 2721 78 41 que
843 2719 109 26 nous
972 2706 249 54 publierons
1257 2705 72 49 ici,
1362 2711 143 34 seront
1539 2709 93 36 tous
1654 2709 240 52 empruntés
1933 2708 84 40 soit
2038 2723 86 25 aux

115 2778 196 42 Recueils
335 2779 49 39 de
408 2777 211 41 chansons
635 2775 250 57 populaires
905 2774 58 39 les
981 2775 99 54 plus
1099 2778 221 46 autorisés,
1345 2778 84 36 soit
1447 2789 86 25 aux
1552 2787 162 28 œuvres
1733 2776 73 39 des
1826 2778 169 52 grands
2016 2775 84 42 clas-

113 2849 139 53 siques
270 2859 12 27 :
304 2845 338 51 HcendefJ.-S.
668 2844 135 51 Bach,
825 2843 259 52 Beethoven,
1104 2843 183 52 Mozart,
1311 2843 210 47 Rameau,
1566 2843 170 52 Weber,
1766 2843 186 57 Chopin,
1983 2846 133 51 Bizet,

117 2916 52 41 R.
203 2916 214 54 Wagner,
437 2922 111 33 etc...
578 2913 115 41 Cette
710 2908 268 59 publication
1001 2926 290 26 commencera
1312 2912 36 39 le
1369 2926 49 42 75
1437 2912 232 40 décembre.

171 2986 124 40 Pour
317 2985 36 39 le
374 2989 202 45 moment,
600 2997 108 26 nous
729 2981 208 41 achevons
960 2982 50 41 de
1031 2980 168 56 publier
1221 2981 40 39 la
1291 2983 205 51 première
1517 2982 311 48 introduction,
1855 2980 100 42 d'un
1980 2998 117 26 carac-

117 3055 83 39 tère
218 3051 331 58 philosophique
581 3055 37 37 et
635 3049 313 56 sociologique,
981 3053 24 37 à
1044 3050 179 54 laquelle
1242 3048 63 41 M.
1331 3049 256 41 Combarieu
1608 3066 24 25 a
1670 3054 198 37 consacré
1902 3067 78 25 son
2001 3067 120 25 cours

118 3123 49 38 de
190 3122 86 39 lan
299 3121 183 40 dernier.
508 3121 139 54 Après
668 3118 63 41 La
758 3121 207 50 musique
981 3127 40 32 et
1045 3119 40 39 la
1108 3119 165 50 magie,
1298 3131 71 27 sur
1386 3118 179 54 laquelle
1602 3134 106 25 nous
1731 3118 295 43 n'insisterons
2046 3130 75 45 pas

117 3191 257 52 davantage,
409 3203 108 25 nous
536 3187 250 56 publierons
806 3187 58 40 les
885 3187 142 51 leçons
1060 3187 214 40 suivantes
1294 3198 6 28 :
1326 3186 63 41 La
1414 3189 207 50 musique
1644 3198 42 30 et
1709 3188 192 41 l'amour
1926 3187 193 56 [critique

117 3260 56 39 du
191 3260 174 51 système
378 3258 49 39 de
442 3257 183 40 Darwin
635 3257 8 52 )
661 3271 9 35 ;
692 3255 63 41 La
771 3258 207 51 musique
1000 3264 41 32 et
1062 3256 37 40 le
1120 3255 193 51 langage
1336 3253 16 54 (
1356 3256 176 54 critique
1551 3257 55 38 du
1625 3260 175 50 système
1820 3258 50 39 de
1889 3257 204 54 Spencer)
2110 3269 7 37 ;

117 3327 63 41 La
214 3328 207 50 musique
459 3335 41 31 et
536 3325 38 40 le
614 3326 157 40 travail
816 3325 136 40 social
977 3325 194 54 [critique
1196 3325 53 39 du
1272 3327 170 50 système
1482 3325 50 39 de
1551 3324 112 41 Karl
1682 3324 202 54 Bûcher).
1983 3326 137 39 Entre

115 3403 130 48 temps
337 3394 321 56 probablement
695 3395 107 38 dans
838 3409 56 25 un
919 3397 175 36 numéro
1133 3393 160 55 spécial
1388 3394 40 39 la
1447 3393 152 41 Revue
1628 3395 216 39 musicale
1867 3395 193 39 donnera
2079 3394 40 40 la

117 3480 19 24 «
160 3462 336 57 Bibliographie
518 3464 49 38 de
586 3461 223 41 l'Histoire
829 3462 201 54 générale
1066 3462 49 39 de
1139 3462 41 40 la
1200 3461 189 55 musique
1413 3474 38 35 »,
1474 3464 23 36 à
1522 3461 179 55 laquelle
1722 3460 63 40 M.
1811 3460 253 41 Combarieu
2095 3476 24 25 a

115 3535 198 39 consacré
334 3544 79 28 son
437 3544 119 27 cours
576 3531 54 38 du
643 3530 128 53 jeudi
793 3545 49 23 en
870 3544 256 38 1904-1905.
