3007 3968
438 486 113 32 avec
585 476 47 42 et
665 486 113 32 sans
815 473 230 58 chapeau,
1077 472 321 46 emmitouflée
1426 475 46 42 et
1500 485 144 46 gorge
1672 485 111 43 nue,
1813 472 218 55 blanche,
2060 476 132 43 verte
2220 476 45 43 et
2291 473 155 58 bleue,
2478 475 57 45 de
2563 476 100 55 dos,

438 570 58 44 de
528 569 121 54 face,
689 570 58 44 de
781 567 155 60 profil,
974 569 154 45 assise
1162 571 46 42 et
1243 569 192 53 debout,
1473 570 160 44 sévère
1667 571 47 42 et
1745 567 160 46 rieuse
1933 571 143 43 etc...
2114 574 150 42 etc...

254 666 51 44 Z.
434 666 131 44 Donc
599 679 122 31 nous
757 678 343 43 commençons
1135 665 28 45 à
1195 666 244 44 connaître
1483 668 135 42 notre
1662 668 125 42 terre
1806 677 9 31 :
1863 679 119 31 nous
2025 679 59 32 en
2127 680 147 32 avons
2320 666 89 46 fait
2452 669 42 43 le
2539 672 121 41 tour.

439 763 92 44 Les
565 763 209 56 artistes,
814 776 93 31 eux
938 763 149 53 aussi,
1124 766 84 41 ont
1241 777 58 30 eu
1332 763 46 43 la
1411 762 223 44 curiosité
1670 763 57 44 de
1761 766 242 41 connaître
2036 764 102 45 leur
2171 764 185 46 modèle
2390 768 46 42 et
2466 766 69 44 les
2556 778 81 45 pre-

439 860 148 44 miers
621 860 209 44 cubistes
866 862 108 41 sont
1006 858 69 46 les
1110 858 240 59 Magellan
1384 858 57 45 de
1474 858 46 46 la
1552 858 233 59 peinture.

439 955 104 44 Une
581 957 126 42 carte
743 955 209 44 suffisait
984 969 95 30 aux
1111 955 217 54 anciens,
1365 955 33 43 il
1432 967 122 32 nous
1586 953 103 46 faut
1722 967 94 32 une
1849 956 362 57 mappemonde.

438 1053 104 44 Une
578 1053 114 43 noix
724 1055 72 42 est
827 1055 148 52 verte,
1013 1065 95 32 une
1142 1053 115 44 noix
1302 1055 69 42 est
1404 1055 166 55 jaune,
1620 1067 93 29 une
1761 1053 113 44 noix
1919 1055 71 42 est
2033 1054 217 53 blanche,
2300 1068 94 32 une
2437 1055 113 45 noix
2592 1058 71 43 est

438 1149 133 53 dure,
608 1163 94 31 une
736 1149 112 45 noix
880 1153 71 42 est
984 1150 158 44 molle.

437 1244 76 44 Un
548 1243 103 46 œuf
681 1247 69 42 est
783 1246 155 53 blanc,
975 1258 66 30 un
1075 1243 105 46 œuf
1209 1247 71 42 est
1308 1247 166 54 jaune,
1512 1258 65 30 un
1611 1244 105 45 œuf
1745 1247 71 42 est
1849 1244 166 55 solide,
2052 1260 65 29 un
2152 1246 105 43 œuf
2285 1249 71 41 est
2389 1247 195 58 liquide.

435 1341 106 44 Une
574 1341 188 44 maison
796 1343 72 42 est
900 1343 175 52 carrée,
1114 1354 95 30 une
1242 1340 185 45 maison
1468 1343 71 42 est
1571 1341 165 53 ronde,
1774 1354 95 31 une
1905 1341 184 44 maison
2136 1345 70 42 est
2248 1342 57 45 de
2344 1342 170 57 pierre,
2564 1356 93 32 une

435 1439 188 44 maison
659 1441 70 42 est
766 1439 57 44 de
856 1437 89 55 fer,
981 1451 96 31 une
1110 1437 186 45 maison
1329 1440 72 42 est
1435 1437 56 45 de
1524 1437 120 44 bois.

434 1534 65 44 Le
533 1533 139 57 profil
706 1531 123 47 n'est
861 1547 84 44 pas
976 1534 46 44 la
1054 1533 119 54 face,
1210 1545 52 33 ce
1295 1545 92 46 que
1420 1533 95 44 l'on
1548 1533 100 45 voit
1680 1531 123 46 n'est
1836 1547 85 43 pas
1964 1536 103 41 tout
2108 1547 51 31 ce
2193 1533 142 59 qu'on
2380 1536 115 56 peut
2537 1535 118 55 voir,

434 1629 217 46 l'artifice
684 1630 122 45 n'est
839 1644 83 45 pas
957 1630 58 45 de
1048 1629 123 55 l'art,
1209 1633 46 42 et
1286 1629 299 59 l'apparence
1619 1633 72 42 est
1724 1630 107 58 plus
1864 1632 145 57 petite
2043 1644 89 45 que
2165 1630 46 46 la
2243 1632 176 44 réalité.

432 1726 90 44 Les
556 1724 189 46 enfants
780 1740 58 30 ne
872 1726 322 44 ressemblent
1219 1727 178 57 jamais
1430 1724 338 58 parfaitement
1801 1728 25 42 à
1867 1727 130 43 leurs
2043 1729 208 54 parents,
2296 1727 58 43 ils
2400 1731 108 40 sont
2551 1728 107 56 plus

433 1823 178 59 grands
646 1837 61 30 ou
741 1823 107 58 plus
881 1823 164 58 petits,
1083 1823 59 44 ils
1177 1826 83 42 ont
1291 1823 44 45 le
1375 1836 87 32 nez
1506 1823 108 58 plus
1658 1825 115 58 long
1811 1837 61 31 ou
1917 1825 108 56 plus
2075 1827 149 51 court,
2269 1825 69 44 les
2382 1837 127 46 yeux
2551 1826 107 56 plus

433 1919 140 44 clairs
607 1933 60 30 ou
696 1919 108 57 plus
837 1919 178 54 foncés,
1054 1923 145 40 etc...
1237 1923 146 41 etc...
1420 1921 45 42 et
1497 1923 225 53 pourtant
1755 1933 51 30 ce
1841 1921 107 42 sont
1981 1919 81 44 des
2097 1921 215 43 hommes
2345 1923 47 41 et
2425 1921 82 43 des
2540 1920 89 46 fem-

432 2028 102 32 mes
569 2029 184 31 comme
786 2018 112 54 père
932 2018 46 42 et
1011 2018 144 40 mère.

433 2113 121 44 Mais
588 2114 251 54 attention,
877 2127 66 29 un
981 2113 188 44 tableau
1205 2112 122 44 n'est
1360 2126 84 43 pas
1478 2124 94 32 une
1605 2112 203 56 planche
1844 2110 242 46 d'histoire
2121 2112 231 44 naturelle
2378 2126 120 43 pour
2530 2112 127 44 école

432 2211 243 57 primaire,
707 2225 66 28 un
808 2211 190 43 tableau
1034 2208 121 46 n'est
1187 2222 85 43 pas
1308 2222 65 29 un
1399 2207 102 44 film
1528 2221 138 43 parce
1699 2221 90 44 que
1816 2208 68 45 les
1905 2211 118 42 états
2051 2221 58 32 ne
2138 2211 107 42 sont
2272 2221 82 44 pas
2381 2207 271 56 successifs,

430 2307 124 43 mais
588 2307 297 43 simultanés.

247 2406 56 42 A.
433 2403 140 44 Enfin
607 2404 300 44 maintenant
938 2417 79 30 me
1063 2403 124 45 voici
1241 2401 134 46 initié
1409 2404 27 42 à
1474 2405 73 42 cet
1591 2405 74 41 art
1712 2400 355 60 d'avant-garde
2118 2404 47 42 et
2210 2404 49 54 je
2302 2401 102 45 vais
2455 2401 198 57 pouvoir

430 2500 328 58 comprendre.

246 2599 50 44 Z.
429 2634 39 9 ..
493 2598 87 43 .Ah
600 2599 9 42 !
647 2612 91 43 que
761 2611 113 40 non,
909 2611 118 30 vous
1062 2611 58 30 ne
1153 2596 132 45 l'êtes
1318 2596 133 57 point
1484 2608 186 41 encore,
1695 2594 32 44 il
1755 2608 117 32 vous
1900 2598 123 41 reste
2050 2596 243 55 beaucoup
2321 2596 28 42 à
2368 2593 280 57 apprendre,

430 2697 47 42 et
509 2695 161 57 quand
702 2707 119 32 vous
854 2707 144 32 aurez
1031 2696 102 41 tout
1159 2693 160 58 appris
1352 2706 120 31 vous
1501 2706 58 29 ne
1594 2705 166 30 saurez
1793 2705 168 32 encore
1995 2705 81 43 pas
2104 2693 118 41 tout.

1300 2998 289 94 XXVII

249 3189 236 90 L'art
567 3187 440 89 moderne
1092 3184 211 89 tend
1371 3194 50 77 à
1491 3184 350 87 donner
1911 3182 156 88 des
2146 3189 493 106 originaux,

246 3347 297 91 tandis
630 3380 174 82 que
877 3344 411 115 jusqu'ici
1361 3341 191 89 l'art
1637 3341 133 88 n'a
1857 3340 301 87 donné
2238 3372 172 81 que
2485 3337 155 89 des

245 3505 584 90 traductions.
