3007 3968
321 378 50 43 Z.
407 379 148 44 —Et
585 379 144 45 voilà.
795 381 54 44 Je
882 379 73 45 dis
988 393 89 50 que
1110 395 134 40 vous,
1283 381 81 58 qui
1397 381 161 47 n'avez
1590 397 63 32 vu
1686 385 47 44 M
1737 391 47 20 me
1813 385 44 43 X
1897 398 89 46 que
2032 387 115 45 trois
2192 387 107 55 fois,
2347 390 46 43 la
2433 390 274 44 connaissez

499 475 162 44 mieux
693 489 90 44 que
816 489 53 31 ce
902 476 185 57 peintre
1120 476 81 58 qui
1234 475 61 45 l'a
1327 477 187 56 plantée
1547 480 175 44 devant
1754 481 71 42 lui
1851 481 238 56 peut-êtro
2119 482 60 45 20
2211 496 61 31 ou
2304 484 58 44 30
2395 484 89 45 fois
2518 485 116 44 dans
2663 486 44 43 la

499 572 154 45 même
686 574 130 53 robe,
852 574 47 44 la
931 574 155 44 même
1120 574 201 47 attitude
1354 576 45 42 et
1434 575 62 43 du
1529 575 154 46 même
1716 576 116 45 côté.

315 688 56 43 A.
496 687 58 45 Je
587 701 273 33 commence
893 689 28 42 à
952 689 103 43 voir
1088 692 61 40 où
1182 702 118 32 vous
1332 689 165 45 voulez
1529 702 60 32 en
1620 691 151 44 venir.
1813 689 183 60 L'objet
2029 706 49 30 se
2111 697 215 52 présente
2361 694 345 47 effectivement

498 797 110 31 sous
646 783 85 45 des
764 787 187 53 aspects
997 787 95 42 très
1140 785 245 44 différents
1427 786 132 44 selon
1604 787 43 45 le
1690 790 153 54 temps
1888 791 46 42 et
1977 790 69 44 les
2092 790 360 54 circonstances,
2500 795 45 42 et
2588 805 117 33 vous

495 884 193 42 trouvez
721 893 92 45 que
844 881 45 43 le
921 880 185 57 peintre
1142 881 99 45 doit
1272 885 299 53 représenter
1603 896 77 32 ces
1713 884 244 45 différents
2000 889 198 53 aspects.
2267 887 68 44 En
2370 901 179 32 somme
2593 887 114 46 c'est

494 981 96 41 très
634 978 215 54 faisable,
895 992 61 31 on
998 978 60 45 l'a
1098 978 89 45 fait
1232 992 58 33 en
1335 980 149 56 partie
1501 993 10 32 :
1550 994 115 43 pour
1708 981 44 44 la
1803 981 113 45 noix
1958 981 226 59 qu'est-ce
2225 984 80 57 qui
2338 984 279 58 empêchera
2660 985 42 43 le

494 1077 185 56 peintre
712 1075 57 46 de
802 1078 169 42 mettre
999 1091 83 29 sur
1114 1089 95 32 une
1241 1075 125 46 table
1401 1091 92 31 une
1526 1077 115 45 noix
1671 1080 146 53 verte,
1854 1092 93 33 une
1980 1083 133 42 autre
2140 1096 110 29 sans
2278 1083 141 53 écale,
2448 1094 94 33 une
2568 1084 133 43 autre

493 1174 175 53 cassée,
705 1186 94 30 une
832 1174 134 42 autre
999 1173 243 57 épluchée.
1279 1173 127 43 Pour
1437 1187 67 29 un
1530 1174 197 56 portrait
1754 1188 61 31 on
1843 1174 76 46 n'a
1944 1176 108 57 qu'à
2078 1176 115 45 faire
2219 1178 59 45 20
2302 1180 399 55 représentations

495 1270 273 44 différentes
801 1270 59 44 de
893 1270 45 43 la
970 1270 155 44 même
1157 1282 233 45 personne
1425 1272 45 42 et
1501 1270 95 44 l'on
1631 1285 114 30 aura
1777 1271 124 44 ainsi
1934 1285 94 32 une
2061 1274 335 45 connaissance
2431 1276 105 56 plus
2574 1287 95 32 com-

493 1367 122 58 plète
649 1380 112 31 sans
792 1366 106 45 rien
931 1367 209 58 changer
1172 1381 94 31 aux
1299 1366 267 46 habitudes.

311 1484 50 42 Z.
488 1483 205 53 Pardon,
730 1484 133 42 votre
896 1483 190 43 tableau
1119 1482 57 44 de
1210 1483 46 43 la
1288 1483 113 43 noix
1434 1486 70 42 est
1537 1496 92 30 une
1662 1484 201 55 planche
1897 1483 243 47 d'histoire
2173 1486 231 44 naturelle
2431 1498 116 45 pour
2573 1488 124 42 école

493 1580 243 57 primaire,
788 1581 103 42 tant
923 1577 109 60 qu'à
1073 1581 132 42 votre
1251 1577 139 57 façon
1436 1578 57 46 de
1535 1580 310 57 comprendre
1890 1595 64 29 un
2000 1581 213 57 portrait,
2259 1594 52 31 ce
2358 1580 122 47 n'est
2526 1595 89 44 que
2658 1581 44 46 le

491 1675 214 60 principe
739 1675 63 44 du
835 1675 432 57 cinématographe.
1305 1674 65 44 Or
1402 1686 183 32 comme
1618 1688 119 30 nous
1771 1674 181 45 l'avons
1984 1689 78 40 vu,
2099 1674 106 47 l'art
2236 1676 168 45 ancien
2431 1675 76 46 n'a
2528 1676 172 57 jamais

491 1775 73 43 été
592 1774 57 44 de
675 1774 46 43 la
748 1773 361 58 photographie,
1139 1770 105 46 l'art
1271 1771 225 45 moderne
1524 1784 58 32 ne
1610 1774 112 53 peut
1749 1784 83 43 pas
1863 1771 263 59 davantage
2154 1771 98 46 être
2283 1771 57 46 de
2367 1773 46 43 la
2445 1771 226 45 cinémato-

490 1870 213 59 graphie.

308 1986 55 43 A.
491 1983 233 46 Pourtant
768 1982 112 46 bien
926 1981 82 46 des
1041 1981 195 44 anciens
1283 1983 81 42 ont
1408 1980 87 45 fait
1538 1981 114 43 cela.
1722 1981 128 44 Nous
1896 1994 179 45 voyons
2122 1982 118 43 dans
2287 1982 56 45 de
2389 1982 308 45 nombreuses

490 2083 193 41 natures
716 2080 175 43 mortes
919 2077 83 46 des
1023 2076 141 45 fruits
1197 2090 112 31 sous
1343 2076 127 45 leurs
1505 2076 157 46 divers
1694 2079 184 53 aspects
1895 2089 9 42 ;
1942 2090 64 29 un
2038 2076 241 46 chaudron
2311 2080 73 41 est
2415 2076 284 45 intéressant

489 2175 392 46 intérieurement
914 2175 45 43 et
1004 2173 414 53 extérieurement,
1465 2171 58 44 ils
1570 2174 82 42 ont
1697 2171 91 44 mis
1832 2171 125 45 deux
1998 2171 283 55 chaudrons,
2329 2171 99 45 l'un
2474 2171 57 45 de
2574 2171 119 54 face,

489 2272 169 45 l'autre
691 2274 223 43 renversé
935 2283 8 41 ;
989 2283 120 45 pour
1140 2269 69 45 les
1242 2269 297 57 portraits...
1581 2282 62 32 on
1677 2282 59 32 en
1769 2268 162 46 faisait
1970 2269 237 57 plusieurs
2225 2282 9 41 ;
2283 2269 173 43 maints
2502 2282 167 43 person-

489 2382 147 47 nages
656 2371 108 42 sont
788 2381 153 32 venus
970 2364 191 60 jusqu'à
1186 2378 119 31 nous
1335 2364 116 45 dans
1482 2364 81 45 des
1591 2377 153 45 poses,
1777 2366 80 43 des
1886 2367 254 52 costumes,
2172 2364 81 45 des
2279 2366 112 56 âges
2433 2363 260 46 différents.

310 2486 48 42 Z.
485 2484 279 57 Reprenons
799 2483 134 41 notre
968 2479 128 45 noix.
1161 2479 176 43 Disons
1370 2491 121 44 pour
1523 2477 248 58 simplifier
1804 2490 91 45 que
1939 2491 121 31 nous
2100 2490 145 33 avons
2288 2480 207 41 constaté
2539 2479 26 42 à
2607 2490 86 31 son

494 2583 126 54 sujet
655 2579 114 46 trois
805 2578 194 52 formes,
1025 2578 164 56 quatre
1213 2575 235 52 couleurs,
1469 2574 115 43 trois
1605 2574 238 44 matières.
1882 2573 227 44 Combien
2142 2573 311 43 avions-nous
2475 2571 56 45 de
2551 2571 141 44 noix?

308 2682 56 43 A.
486 2679 120 45 Mais
640 2691 94 32 une
768 2677 212 57 parbleu.

308 2778 50 44 Z.
491 2776 117 44 Une.
675 2773 138 45 Voilà
844 2773 42 44 le
921 2772 132 57 point
1084 2771 187 56 capital.
1340 2768 123 46 C'est
1496 2782 94 32 une
1623 2770 129 44 seule
1787 2772 44 42 et
1863 2768 154 45 même
2051 2768 112 43 noix
2194 2767 82 58 qui
2309 2767 115 44 dans
2457 2766 43 44 le
2540 2766 153 44 même

490 2876 155 52 temps
679 2872 74 44 est
786 2871 28 42 à
844 2871 46 42 la
923 2869 92 43 fois
1067 2869 115 43 trois
1232 2866 191 53 formes,
1481 2869 163 54 quatre
1691 2866 235 52 couleurs,
1977 2865 113 43 trois
2140 2864 236 53 matières,
2412 2862 157 45 tandis
2602 2875 89 44 que

491 2969 120 44 dans
644 2968 68 44 les
747 2966 223 45 tableaux
1003 2965 114 43 dont
1149 2977 118 31 vous
1302 2963 156 57 parlez
1490 2975 49 31 ce
1576 2964 105 41 sont
1713 2960 45 55 2,
1794 2961 44 52 3,
1873 2960 29 45 4
1935 2960 112 45 noix
2078 2973 114 32 vues
2231 2961 27 41 à
2292 2959 79 43 des
2413 2963 151 50 temps
2605 2956 66 45 dif-

490 3063 179 44 férents
687 3076 10 39 ;
747 3074 62 32 en
848 3074 65 30 un
959 3063 99 41 mot
1101 3072 118 32 vous
1266 3058 182 44 donnez
1491 3058 68 42 les
1605 3057 164 43 choses
1815 3068 180 32 comme
2041 3057 128 42 étant
2212 3054 280 45 successives
2535 3052 156 44 tandis

490 3156 198 59 qu'elles
722 3158 107 42 sont
861 3153 320 47 simultanées.

307 3259 59 43 A.
493 3253 127 47 C'est
650 3255 226 57 pourtant
908 3252 112 45 bien
1053 3251 169 57 simple
1256 3252 46 42 et
1330 3251 47 56 je
1411 3247 79 59 n'y
1521 3247 131 45 avais
1679 3260 84 43 pas
1797 3248 142 54 pensé
1958 3246 8 40 !

308 3353 51 43 Z.
486 3353 250 43 Revenons
772 3351 27 41 à
832 3349 45 43 M
882 3355 46 19 rac
959 3349 56 42 X.
1040 3382 39 9 ..

308 3449 58 43 A.
494 3446 194 54 Parfait,
726 3444 189 57 parfait,
947 3446 51 54 je
1031 3440 297 57 comprends.
1368 3440 45 43 M
1420 3445 43 21 œe
1490 3439 40 42 X
1563 3440 71 42 est
1667 3450 118 43 pour
1817 3436 94 44 moi
1945 3448 93 32 une
2083 3435 45 43 M
2132 3441 46 18 me
2217 3434 41 43 X
2304 3433 386 44 simultanément
