2473 3926
534 1337 574 143 Critique
1186 1334 219 114 des
1504 1334 498 112 Mœurs

385 2059 25 25 «
446 2041 70 47 Le
536 2040 169 61 public
732 2039 185 48 éclairé
954 2056 24 27 »
1016 2039 132 47 offrit
1177 2040 340 56 récemment,
1548 2037 212 60 lorsque
1787 2036 74 47 fut
1886 2037 346 60 représentée,

318 2128 62 31 au
393 2111 303 50 Vaudeville
722 2110 47 46 la
798 2110 98 46 Fin
921 2107 297 57 d'Antonia,
1237 2110 62 46 de
1321 2107 281 49 l'excellent
1626 2107 151 61 poète
1790 2107 243 47 Edouard
2053 2107 76 47 Du
2135 2110 75 60 jar-

319 2183 103 58 din,
456 2195 99 34 une
576 2181 116 47 bien
724 2181 227 47 curieuse
979 2181 209 46 matière
1216 2183 26 44 à
1265 2178 335 61 l'expérience
1630 2180 64 45 du
1730 2178 376 61 pyschologue.
2138 2178 97 50 Ces

316 2257 176 46 dames
526 2266 61 33 en
619 2253 226 46 toilettes
875 2252 291 60 précieuses
1193 2253 324 46 couronnant
1561 2251 75 47 les
1678 2265 203 45 rampes
1924 2252 90 47 des
2069 2252 164 60 loges,

315 2328 140 46 toute
478 2326 48 45 la
554 2324 305 47 basse-cour
885 2337 61 33 en
978 2323 141 47 habit
1136 2324 62 46 de
1222 2324 116 58 gala
1368 2323 85 61 qui
1473 2322 234 61 poussait
1735 2323 91 47 des
1852 2323 382 59 gloussements

316 2399 63 46 de
414 2397 182 47 dindes
633 2396 198 47 ahuries
874 2396 189 45 devant
1113 2396 48 45 la
1190 2394 187 50 beauté
1420 2394 387 61 métaphysique
1859 2394 92 47 des
1997 2396 237 59 strophes

318 2468 129 47 dites
482 2481 88 47 par
606 2465 55 49 M
664 2465 59 33 lle
772 2465 201 60 Mellot,
1015 2479 82 35 me
1139 2464 326 61 rappelèrent
1501 2467 320 45 exactement
1865 2463 246 51 l'attitude
2143 2468 91 46 des

315 2553 192 47 voyous
539 2539 49 47 et
611 2539 90 47 des
732 2538 129 47 filles
883 2537 269 61 publiques
1184 2552 86 33 sur
1299 2538 47 47 le
1373 2538 283 47 boulevard
1684 2538 271 58 extérieur,
1976 2552 61 33 au
2065 2540 170 59 temps

315 2611 64 47 où
422 2610 74 47 les
531 2610 197 60 dandys
770 2609 300 47 arborèrent
1104 2623 128 46 pour
1271 2608 74 48 les
1386 2608 284 61 premières
1705 2609 95 47 fois
1848 2608 75 48 les
1974 2610 259 47 costumes

316 2681 218 49 collants
562 2681 48 46 et
647 2680 75 47 les
760 2681 257 59 jaquettes
1059 2679 228 48 étroites.
1324 2679 68 48 Se
1434 2680 337 47 souvient-on
1815 2680 62 47 de
1914 2683 133 45 cette
2082 2681 153 47 mode

318 2752 208 60 exquise
558 2752 123 46 dont
706 2764 187 47 sépara
921 2751 49 46 la
998 2750 270 60 jeunesse,
1299 2751 37 46 il
1368 2765 29 46 y
1438 2765 27 33 a
1506 2751 224 60 quelque
1764 2751 82 47 dix
1876 2765 112 33 ans.
2021 2752 81 47 Au
2139 2752 98 47 lieu

320 2825 61 46 de
412 2822 221 61 paraître
658 2824 126 44 dans
809 2821 74 47 les
922 2835 136 46 rues,
1091 2821 74 48 les
1197 2821 204 61 jambes
1433 2836 63 32 au
1524 2822 141 60 large
1699 2838 122 33 sous
1856 2824 91 47 des
1976 2826 165 46 sortes
2172 2825 61 47 de

318 2895 331 47 couvertures
680 2905 219 34 cousues
931 2892 142 47 selon
1103 2892 48 46 le
1184 2892 263 48 snobisme
1473 2893 63 47 de
1579 2907 85 35 ces
1705 2893 168 61 jours,
1917 2909 67 33 un
2031 2896 202 47 tailleur

316 2963 169 60 génial
542 2965 134 45 avait
725 2963 125 60 jugé
913 2963 235 47 meilleur
1203 2965 62 45 de
1316 2965 262 48 dénoncer
1630 2966 76 47 les
1754 2965 166 59 lignes
1967 2967 68 47 du
2083 2981 150 47 corps

316 3036 206 47 humain
545 3048 62 35 en
648 3048 32 46 y
714 3034 295 60 appliquant
1039 3048 100 35 une
1184 3033 150 48 étoffe
1365 3036 174 47 stricte
1572 3037 51 47 et
1660 3037 283 48 moulante.
1973 3036 69 49 Ce
2069 3037 72 48 fut
2171 3052 62 33 au

318 3121 152 34 cours
502 3108 62 46 de
595 3119 58 35 ce
683 3106 173 59 siècle,
888 3106 74 48 les
995 3106 167 49 seules
1198 3108 193 47 années
1434 3108 65 48 où
1524 3107 245 49 l'homme
1810 3109 75 47 fut
1932 3112 28 44 à
1989 3125 98 47 peu
2116 3111 121 61 près

316 3179 121 47 vêtu
468 3191 61 35 en
559 3178 202 47 beauté.

380 3248 71 49 Or
479 3249 184 61 jamais
694 3249 48 46 la
761 3246 108 60 joie
902 3248 90 47 des
1020 3248 128 48 filles
1176 3249 221 50 susdites
1447 3252 49 45 et
1528 3252 62 45 de
1619 3250 140 49 leurs
1791 3266 353 47 compagnons
2173 3266 64 33 ne

318 3335 56 35 se
403 3324 202 44 montra
629 3321 113 58 plus
771 3320 219 47 intense.
1037 3319 104 48 Dès
1175 3320 154 61 qu'un
1369 3320 200 62 éphèbe
1609 3335 55 35 se
1688 3324 262 46 hasardait
1997 3324 122 47 hors
2145 3325 92 47 des

315 3394 309 48 boulevards
662 3391 168 49 riches
854 3391 36 47 il
922 3393 202 47 excitait
1152 3393 92 48 des
1271 3394 204 61 quintes
1506 3394 247 48 d'hilarité
1791 3396 443 49 extraordinaires.

316 3467 97 47 Les
443 3462 219 49 femmes
695 3462 476 61 s'accroupissaient
1191 3465 126 47 dans
1348 3465 48 47 le
1426 3466 252 48 ruisseau.
1710 3467 101 47 Des
1835 3469 188 45 larmes
2053 3467 62 47 de
2131 3467 108 60 joie

319 3536 108 48 leur
459 3535 254 48 coulaient
762 3549 85 33 sur
878 3535 47 47 le
950 3536 191 60 visage.
1171 3535 99 49 Les
1324 3550 191 47 voyous
1558 3551 55 35 se
1645 3539 222 47 tenaient
1919 3539 48 47 le
2000 3540 181 48 ventre
2207 3537 27 49 à
