2473 3926
1297 410 38 60 6

372 565 90 55 est
495 562 222 59 élroite
771 565 57 57 et
856 562 370 60 inhumaine
1266 564 155 58 dans
1456 580 115 41 son
1599 561 318 61 ensemble
1953 565 58 57 et
2066 564 47 57 il
2156 584 38 44 v
2236 584 38 41 a

376 650 82 57 du
490 651 127 57 bon
651 651 155 59 dans
840 653 265 76 chaque.

451 740 45 57 Il
541 740 137 57 faut
726 740 269 76 prendre
1026 740 57 60 le
1125 742 128 58 bon
1301 743 59 57 et
1408 740 238 76 rejeter
1701 740 390 74 l'ensemble,
2135 748 100 53 tra-

379 827 226 58 vailler
636 833 37 52 à
726 829 159 57 faire
914 828 65 58 la
1017 828 98 58 vie
1162 829 238 60 sociale
1440 829 242 78 chaque
1709 829 149 78 jour
1897 830 142 78 plus
2071 834 160 56 maté-

378 915 352 60 riellement
777 918 333 71 heureuse,
1169 919 149 75 plus
1361 919 368 60 facilement
1789 919 480 74 intellectuelle,

377 1003 142 75 plus
550 1004 593 61 individuellement
1168 1007 182 71 libre,
1375 1011 59 56 et
1469 1025 244 43 comme
1747 1027 81 41 on
1865 1026 253 60 pourra,
2155 1027 117 60 par

373 1092 91 58 les
520 1111 262 58 moyens
814 1095 89 59 les
956 1096 145 76 plus
1152 1097 588 72 contracdictoires,
1785 1116 76 41 en
1917 1098 235 60 dehors
2197 1098 77 59 de

372 1185 141 54 tout
570 1182 402 61 catéchisme.
1013 1185 405 59 Anarchistes
1465 1186 214 76 quand
1741 1186 345 60 l'occasion
2142 1186 133 60 s'en

377 1272 319 68 trouvera,
763 1272 373 69 socialistes,
1215 1274 215 77 quand
1482 1275 45 57 il
1573 1293 140 40 sera
1761 1276 179 73 utile,
1994 1276 246 76 possibi-

373 1357 172 60 listes
578 1359 74 58 de
684 1366 142 54 tous
853 1363 88 57 les
974 1363 198 58 idéals
1204 1380 146 41 sans
1373 1366 129 56 être
1531 1364 92 58 les
1646 1365 296 58 sectaires
1971 1365 299 62 d'aucun.

448 1449 77 56 Et
553 1454 244 55 surtout
830 1468 113 58 pas
978 1453 73 57 de
1080 1453 308 77 politique
1420 1470 204 59 pure..

457 1538 173 57 Nous
674 1554 230 42 savons
941 1542 125 55 très
1120 1540 148 59 bien
1310 1558 120 59 que
1473 1540 373 60 l'humanité
1902 1547 329 72 contempo-

382 1624 173 60 raine
600 1627 157 57 n'est
800 1628 259 76 capable
1097 1628 75 60 de
1213 1629 174 59 vivre
1439 1648 118 59 que
1588 1650 152 40 sous
1781 1631 60 58 la
1878 1631 204 59 forme
2119 1652 116 57 gou-

369 1716 490 58 vernementale.
892 1717 288 60 Gardons
1220 1719 57 58 le
1322 1724 494 72 gouvernement
1848 1722 85 58 tel
1967 1721 154 77 qu'il
2154 1726 113 66 est,

372 1817 157 42 nous
574 1804 106 75 qui
715 1822 198 41 avons
947 1804 65 59 la
1051 1806 239 61 chance
1332 1808 267 57 relative
1646 1808 243 59 d'avoir
1919 1829 122 40 une
2082 1812 152 74 répu-

373 1890 216 71 blique
623 1910 118 58 que
783 1893 244 79 chaque
1073 1897 374 75 génération
1482 1902 152 71 peut
1660 1897 161 78 faite
1853 1909 34 47 à
1922 1919 106 38 son
2075 1898 200 80 image

379 1980 59 56 et
463 1978 244 60 animer
755 1981 75 58 de
872 2000 112 39 son
1014 1984 218 76 esprit.
1271 1984 165 71 Qu'il
1468 2005 37 57 y
1544 1986 85 57 ait
1663 2005 84 38 un
1778 1987 193 58 Sénat
2000 2005 81 41 ou
2114 2006 150 50 non,

373 2084 84 39 un
489 2069 326 75 président
859 2086 80 42 ou
972 2089 150 53 non,
1158 2090 123 59 peu
1322 2072 298 78 importe.
1657 2076 90 57 Au
1776 2075 212 60 diable
2038 2076 91 60 les
2175 2080 66 56 ré-

372 2155 263 74 visions,
682 2158 90 59 les
821 2160 458 74 révisionistes,
1323 2166 146 55 tous
1517 2163 90 59 les
1658 2163 404 77 politicards!
2112 2168 161 58 C'est

371 2249 203 72 temps
631 2248 201 75 perdu
892 2252 59 55 et
1003 2250 274 59 aubaine
1341 2252 73 58 de
1494 2252 370 59 charlatans
1926 2273 120 57 que
2109 2259 160 55 cette

374 2334 383 76 casuistique
800 2353 106 40 sur
942 2335 89 59 les
1069 2338 472 60 constitutions.

449 2422 117 57 Pas
626 2422 73 58 de
764 2424 329 76 politique.
1158 2429 117 56 Pas
1326 2427 73 58 de
1454 2428 297 62 théories.
1783 2431 118 58 Des
1957 2429 312 61 réformes

372 2509 268 60 sociales
673 2512 340 60 effectives.
1045 2513 179 61 Yoilà
1256 2516 355 61 seulement
1642 2533 68 44 ce
1745 2518 103 76 qui
1886 2518 276 79 importe
2208 2525 61 55 et

363 2613 67 41 ce
456 2598 105 76 qui
591 2617 233 60 presse.

1633 2766 211 63 HENRY
1877 2772 226 60 FÈVRE.
