<?xml version="1.0" encoding="UTF-8"?>
<alto xmlns:xsi="http://www.w3.org/2001/XMLSchema-instance" xmlns="http://www.loc.gov/standards/alto/ns-v2#" xsi:schemaLocation="http://www.loc.gov/standards/alto/ns-v2# http://www.loc.gov/standards/alto/alto-v2.0.xsd" xmlns:xlink="http://www.w3.org/1999/xlink">
	<Description>
		<MeasurementUnit>mm10</MeasurementUnit>
		<sourceImageInformation>
			<fileName>//fileserver7/IN2-2/Princeton/bmtnabb/1915/08_01/00000330.tif</fileName>
		</sourceImageInformation>
		<OCRProcessing ID="OCRPROCESSING_1">
			<preProcessingStep>
				<processingSoftware>
					<softwareCreator>CCS Content Conversion Specialists GmbH, Germany</softwareCreator>
					<softwareName>CCS docWorks</softwareName>
					<softwareVersion>6.7-1.24</softwareVersion>
				</processingSoftware>
			</preProcessingStep>
			<ocrProcessingStep>
				<processingSoftware>
					<softwareCreator>ABBYY (BIT Software), Russia</softwareCreator>
					<softwareName>FineReader</softwareName>
					<softwareVersion>10.0</softwareVersion>
				</processingSoftware>
			</ocrProcessingStep>
		</OCRProcessing>
	</Description>
	<Styles>
		<TextStyle ID="TXT_0" FONTSIZE="17" FONTFAMILY="swe.Fraktur"/>
		<TextStyle ID="TXT_1" FONTSIZE="21" FONTFAMILY="Times New Roman"/>
		<TextStyle ID="TXT_2" FONTSIZE="22" FONTFAMILY="swe.fontfile_5"/>
		<TextStyle ID="TXT_3" FONTSIZE="23" FONTFAMILY="swe.fontfile_5"/>
		<TextStyle ID="TXT_4" FONTSIZE="21" FONTFAMILY="swe.fontfile_5"/>
		<TextStyle ID="TXT_5" FONTSIZE="23" FONTFAMILY="swe.fontfile_6"/>
		<TextStyle ID="TXT_6" FONTSIZE="12" FONTFAMILY="Times New Roman"/>
		<TextStyle ID="TXT_7" FONTSIZE="22" FONTFAMILY="swe.Luftwaffe"/>
		<TextStyle ID="TXT_8" FONTSIZE="22" FONTFAMILY="swe.fontfile_7"/>
		<ParagraphStyle ID="PAR_CENTER" ALIGN="Center"/>
		<ParagraphStyle ID="PAR_BLOCK" ALIGN="Block"/>
		<ParagraphStyle ID="PAR_RIGHT" ALIGN="Right"/>
	</Styles>
	<Layout>
		<Page ID="P10" PHYSICAL_IMG_NR="10" HEIGHT="4389" WIDTH="2686" PRINTED_IMG_NR="322" PC="1.000">
			<TopMargin ID="P10_TM00001" HPOS="0" VPOS="0" WIDTH="2686" HEIGHT="511"/>
			<LeftMargin ID="P10_LM00001" HPOS="0" VPOS="511" WIDTH="302" HEIGHT="3571"/>
			<RightMargin ID="P10_RM00001" HPOS="2405" VPOS="511" WIDTH="281" HEIGHT="3571"/>
			<BottomMargin ID="P10_BM00001" HPOS="0" VPOS="4082" WIDTH="2686" HEIGHT="307">
				<TextBlock ID="P10_TB00001" HPOS="1308" VPOS="4085" WIDTH="87" HEIGHT="43" STYLEREFS="TXT_0 PAR_CENTER">
					<TextLine ID="P10_TL00001" HPOS="1309" VPOS="4086" WIDTH="86" HEIGHT="42">
						<String ID="P10_ST00001" HPOS="1309" VPOS="4086" WIDTH="86" HEIGHT="42" CONTENT="322" WC="1.00" CC="333"/>
					</TextLine>
				</TextBlock>
			</BottomMargin>
			<PrintSpace ID="P10_PS00001" HPOS="302" VPOS="511" WIDTH="2103" HEIGHT="3571">
				<TextBlock ID="P10_TB00002" HPOS="302" VPOS="511" WIDTH="2103" HEIGHT="1720" STYLEREFS="TXT_1 PAR_BLOCK">
					<TextLine ID="P10_TL00002" HPOS="304" VPOS="511" WIDTH="2100" HEIGHT="60">
						<String ID="P10_ST00002" HPOS="304" VPOS="526" WIDTH="108" HEIGHT="35" CONTENT="was" WC="1.00" CC="111" STYLEREFS="TXT_2"/>
						<SP ID="P10_SP00001" HPOS="412" VPOS="561" WIDTH="31"/>
						<String ID="P10_ST00003" HPOS="443" VPOS="514" WIDTH="151" HEIGHT="57" CONTENT="haben" WC="1.00" CC="22222" STYLEREFS="TXT_2"/>
						<SP ID="P10_SP00002" HPOS="594" VPOS="571" WIDTH="31"/>
						<String ID="P10_ST00004" HPOS="625" VPOS="511" WIDTH="57" HEIGHT="58" CONTENT="sie" WC="1.00" CC="111" STYLEREFS="TXT_2"/>
						<SP ID="P10_SP00003" HPOS="682" VPOS="571" WIDTH="30"/>
						<String ID="P10_ST00005" HPOS="712" VPOS="514" WIDTH="319" HEIGHT="56" CONTENT="miteinander," WC="1.00" CC="222222222222" STYLEREFS="TXT_2"/>
						<SP ID="P10_SP00004" HPOS="1031" VPOS="571" WIDTH="33"/>
						<String ID="P10_ST00006" HPOS="1064" VPOS="511" WIDTH="116" HEIGHT="59" CONTENT="diese" WC="1.00" CC="11111" STYLEREFS="TXT_2"/>
						<SP ID="P10_SP00005" HPOS="1180" VPOS="571" WIDTH="30"/>
						<String ID="P10_ST00007" HPOS="1210" VPOS="513" WIDTH="391" HEIGHT="57" CONTENT="eingewurzeltem" WC="1.00" CC="33333333333333" STYLEREFS="TXT_2"/>
						<SP ID="P10_SP00006" HPOS="1601" VPOS="571" WIDTH="33"/>
						<String ID="P10_ST00008" HPOS="1634" VPOS="511" WIDTH="305" HEIGHT="59" CONTENT="prosilierten," WC="1.00" CC="2222222222222" STYLEREFS="TXT_2"/>
						<SP ID="P10_SP00007" HPOS="1939" VPOS="571" WIDTH="36"/>
						<String ID="P10_ST00009" HPOS="1975" VPOS="511" WIDTH="235" HEIGHT="59" CONTENT="schweren," WC="1.00" CC="222222222" STYLEREFS="TXT_2"/>
						<SP ID="P10_SP00008" HPOS="2210" VPOS="571" WIDTH="33"/>
						<String ID="P10_ST00010" HPOS="2243" VPOS="525" WIDTH="135" HEIGHT="35" CONTENT="unver" SUBS_TYPE="HypPart1" SUBS_CONTENT="unverbrückten" WC="1.00" CC="22222" STYLEREFS="TXT_2"/>
						<HYP HPOS="2378" VPOS="525" WIDTH="26" CONTENT="-"/>
					</TextLine>
					<TextLine ID="P10_TL00003" HPOS="305" VPOS="596" WIDTH="2100" HEIGHT="62">
						<String ID="P10_ST00011" HPOS="305" VPOS="598" WIDTH="212" HEIGHT="51" CONTENT="brückten" SUBS_TYPE="HypPart2" SUBS_CONTENT="unverbrückten" WC="1.00" CC="11111111"/>
						<SP ID="P10_SP00009" HPOS="517" VPOS="649" WIDTH="30"/>
						<String ID="P10_ST00012" HPOS="547" VPOS="598" WIDTH="193" HEIGHT="60" CONTENT="Berge?" WC="1.00" CC="222222"/>
						<SP ID="P10_SP00010" HPOS="740" VPOS="658" WIDTH="46"/>
						<String ID="P10_ST00013" HPOS="786" VPOS="599" WIDTH="132" HEIGHT="58" CONTENT="Diese" WC="1.00" CC="11111"/>
						<SP ID="P10_SP00011" HPOS="918" VPOS="658" WIDTH="21"/>
						<String ID="P10_ST00014" HPOS="939" VPOS="596" WIDTH="286" HEIGHT="51" CONTENT="Brutalität" WC="1.00" CC="2222222222"/>
						<SP ID="P10_SP00012" HPOS="1225" VPOS="658" WIDTH="33"/>
						<String ID="P10_ST00015" HPOS="1258" VPOS="603" WIDTH="80" HEIGHT="43" CONTENT="der" WC="1.00" CC="111"/>
						<SP ID="P10_SP00013" HPOS="1338" VPOS="658" WIDTH="22"/>
						<String ID="P10_ST00016" HPOS="1360" VPOS="597" WIDTH="374" HEIGHT="59" CONTENT="Menschenliebe," WC="1.00" CC="22222222222222"/>
						<SP ID="P10_SP00014" HPOS="1734" VPOS="658" WIDTH="34"/>
						<String ID="P10_ST00017" HPOS="1768" VPOS="612" WIDTH="108" HEIGHT="33" CONTENT="was" WC="1.00" CC="111"/>
						<SP ID="P10_SP00015" HPOS="1876" VPOS="658" WIDTH="32"/>
						<String ID="P10_ST00018" HPOS="1908" VPOS="597" WIDTH="168" HEIGHT="60" CONTENT="dürfen" WC="1.00" CC="111111"/>
						<SP ID="P10_SP00016" HPOS="2076" VPOS="658" WIDTH="33"/>
						<String ID="P10_ST00019" HPOS="2109" VPOS="601" WIDTH="93" HEIGHT="45" CONTENT="wir" WC="1.00" CC="111"/>
						<SP ID="P10_SP00017" HPOS="2202" VPOS="658" WIDTH="31"/>
						<String ID="P10_ST00020" HPOS="2233" VPOS="599" WIDTH="55" HEIGHT="56" CONTENT="sie" WC="1.00" CC="111"/>
						<SP ID="P10_SP00018" HPOS="2288" VPOS="658" WIDTH="32"/>
						<String ID="P10_ST00021" HPOS="2320" VPOS="602" WIDTH="85" HEIGHT="44" CONTENT="mit" WC="1.00" CC="111"/>
					</TextLine>
					<TextLine ID="P10_TL00004" HPOS="304" VPOS="685" WIDTH="2101" HEIGHT="61">
						<String ID="P10_ST00022" HPOS="304" VPOS="688" WIDTH="135" HEIGHT="47" CONTENT="Liebe" WC="1.00" CC="11111" STYLEREFS="TXT_3"/>
						<SP ID="P10_SP00019" HPOS="439" VPOS="735" WIDTH="39"/>
						<String ID="P10_ST00023" HPOS="478" VPOS="685" WIDTH="290" HEIGHT="61" CONTENT="bedrängen;" WC="1.00" CC="3333333333" STYLEREFS="TXT_3"/>
						<SP ID="P10_SP00020" HPOS="768" VPOS="746" WIDTH="32"/>
						<String ID="P10_ST00024" HPOS="800" VPOS="686" WIDTH="116" HEIGHT="59" CONTENT="diese" WC="1.00" CC="11111" STYLEREFS="TXT_3"/>
						<SP ID="P10_SP00021" HPOS="916" VPOS="746" WIDTH="37"/>
						<String ID="P10_ST00025" HPOS="953" VPOS="685" WIDTH="327" HEIGHT="60" CONTENT="Verführung," WC="1.00" CC="11111111111" STYLEREFS="TXT_3"/>
						<SP ID="P10_SP00022" HPOS="1280" VPOS="746" WIDTH="41"/>
						<String ID="P10_ST00026" HPOS="1321" VPOS="688" WIDTH="70" HEIGHT="45" CONTENT="die" WC="1.00" CC="111" STYLEREFS="TXT_3"/>
						<SP ID="P10_SP00023" HPOS="1391" VPOS="746" WIDTH="33"/>
						<String ID="P10_ST00027" HPOS="1424" VPOS="685" WIDTH="269" HEIGHT="59" CONTENT="Ungleichen" WC="1.00" CC="1111111111" STYLEREFS="TXT_3"/>
						<SP ID="P10_SP00024" HPOS="1693" VPOS="746" WIDTH="44"/>
						<String ID="P10_ST00028" HPOS="1737" VPOS="688" WIDTH="84" HEIGHT="45" CONTENT="mit" WC="1.00" CC="111" STYLEREFS="TXT_3"/>
						<SP ID="P10_SP00025" HPOS="1821" VPOS="746" WIDTH="40"/>
						<String ID="P10_ST00029" HPOS="1861" VPOS="685" WIDTH="379" HEIGHT="58" CONTENT="umschließender" WC="1.00" CC="11111111111111" STYLEREFS="TXT_3"/>
						<SP ID="P10_SP00026" HPOS="2240" VPOS="746" WIDTH="29"/>
						<String ID="P10_ST00030" HPOS="2269" VPOS="687" WIDTH="136" HEIGHT="46" CONTENT="Liebe" WC="1.00" CC="22222" STYLEREFS="TXT_3"/>
					</TextLine>
					<TextLine ID="P10_TL00005" HPOS="303" VPOS="772" WIDTH="2101" HEIGHT="62">
						<String ID="P10_ST00031" HPOS="303" VPOS="774" WIDTH="515" HEIGHT="60" CONTENT="zusammenzuwerfenz" WC="1.00" CC="11111111111111111" STYLEREFS="TXT_2"/>
						<SP ID="P10_SP00027" HPOS="818" VPOS="834" WIDTH="32"/>
						<String ID="P10_ST00032" HPOS="850" VPOS="775" WIDTH="111" HEIGHT="56" CONTENT="diese" WC="1.00" CC="11111" STYLEREFS="TXT_2"/>
						<SP ID="P10_SP00028" HPOS="961" VPOS="834" WIDTH="28"/>
						<String ID="P10_ST00033" HPOS="989" VPOS="775" WIDTH="289" HEIGHT="57" CONTENT="Bedrohung" WC="1.00" CC="111111111" STYLEREFS="TXT_2"/>
						<SP ID="P10_SP00029" HPOS="1278" VPOS="834" WIDTH="31"/>
						<String ID="P10_ST00034" HPOS="1309" VPOS="777" WIDTH="80" HEIGHT="44" CONTENT="des" WC="1.00" CC="111" STYLEREFS="TXT_2"/>
						<SP ID="P10_SP00030" HPOS="1389" VPOS="834" WIDTH="29"/>
						<String ID="P10_ST00035" HPOS="1418" VPOS="772" WIDTH="246" HEIGHT="60" CONTENT="Menschen" WC="1.00" CC="22222222" STYLEREFS="TXT_2"/>
						<SP ID="P10_SP00031" HPOS="1664" VPOS="834" WIDTH="32"/>
						<String ID="P10_ST00036" HPOS="1696" VPOS="786" WIDTH="78" HEIGHT="34" CONTENT="um" WC="1.00" CC="11" STYLEREFS="TXT_2"/>
						<SP ID="P10_SP00032" HPOS="1774" VPOS="834" WIDTH="31"/>
						<String ID="P10_ST00037" HPOS="1805" VPOS="777" WIDTH="81" HEIGHT="43" CONTENT="des" WC="1.00" CC="111" STYLEREFS="TXT_2"/>
						<SP ID="P10_SP00033" HPOS="1886" VPOS="834" WIDTH="20"/>
						<String ID="P10_ST00038" HPOS="1906" VPOS="772" WIDTH="241" HEIGHT="59" CONTENT="Begrisses" WC="1.00" CC="222222222" STYLEREFS="TXT_2"/>
						<SP ID="P10_SP00034" HPOS="2147" VPOS="834" WIDTH="32"/>
						<String ID="P10_ST00039" HPOS="2179" VPOS="773" WIDTH="197" HEIGHT="58" CONTENT="»Mensch" SUBS_TYPE="HypPart1" SUBS_CONTENT="»Menschheit«" WC="1.00" CC="2222222" STYLEREFS="TXT_2"/>
						<HYP HPOS="2376" VPOS="773" WIDTH="28" CONTENT="-"/>
					</TextLine>
					<TextLine ID="P10_TL00006" HPOS="304" VPOS="845" WIDTH="2100" HEIGHT="75">
						<String ID="P10_ST00040" HPOS="304" VPOS="862" WIDTH="118" HEIGHT="56" CONTENT="heit«" SUBS_TYPE="HypPart2" SUBS_CONTENT="»Menschheit«" WC="1.00" CC="11111" STYLEREFS="TXT_3"/>
						<SP ID="P10_SP00035" HPOS="422" VPOS="918" WIDTH="34"/>
						<String ID="P10_ST00041" HPOS="456" VPOS="863" WIDTH="166" HEIGHT="56" CONTENT="willen," WC="1.00" CC="2222222" STYLEREFS="TXT_3"/>
						<SP ID="P10_SP00036" HPOS="622" VPOS="919" WIDTH="35"/>
						<String ID="P10_ST00042" HPOS="657" VPOS="862" WIDTH="115" HEIGHT="58" CONTENT="diese" WC="1.00" CC="11111" STYLEREFS="TXT_3"/>
						<SP ID="P10_SP00037" HPOS="772" VPOS="920" WIDTH="31"/>
						<String ID="P10_ST00043" HPOS="803" VPOS="861" WIDTH="368" HEIGHT="59" CONTENT="Leichenhaufem" WC="1.00" CC="3333333333333" STYLEREFS="TXT_3"/>
						<SP ID="P10_SP00038" HPOS="1171" VPOS="920" WIDTH="40"/>
						<String ID="P10_ST00044" HPOS="1211" VPOS="874" WIDTH="93" HEIGHT="36" CONTENT="von" WC="1.00" CC="111" STYLEREFS="TXT_3"/>
						<SP ID="P10_SP00039" HPOS="1304" VPOS="920" WIDTH="30"/>
						<String ID="P10_ST00045" HPOS="1334" VPOS="857" WIDTH="287" HEIGHT="61" CONTENT="Zzumanität" WC="1.00" CC="4444444444" STYLEREFS="TXT_3"/>
						<SP ID="P10_SP00040" HPOS="1621" VPOS="920" WIDTH="31"/>
						<String ID="P10_ST00046" HPOS="1652" VPOS="858" WIDTH="83" HEIGHT="60" CONTENT="für" WC="1.00" CC="111" STYLEREFS="TXT_3"/>
						<SP ID="P10_SP00041" HPOS="1735" VPOS="920" WIDTH="30"/>
						<String ID="P10_ST00047" HPOS="1765" VPOS="862" WIDTH="70" HEIGHT="45" CONTENT="die" WC="1.00" CC="111" STYLEREFS="TXT_3"/>
						<SP ID="P10_SP00042" HPOS="1835" VPOS="920" WIDTH="31"/>
						<String ID="P10_ST00048" HPOS="1866" VPOS="860" WIDTH="289" HEIGHT="59" CONTENT="Menschheit" WC="1.00" CC="2222222222" STYLEREFS="TXT_3"/>
						<SP ID="P10_SP00043" HPOS="2155" VPOS="920" WIDTH="32"/>
						<String ID="P10_ST00049" HPOS="2187" VPOS="845" WIDTH="217" HEIGHT="74" CONTENT="gehäuft!" WC="1.00" CC="33333333" STYLEREFS="TXT_3"/>
					</TextLine>
					<TextLine ID="P10_TL00007" HPOS="305" VPOS="947" WIDTH="2098" HEIGHT="61">
						<String ID="P10_ST00050" HPOS="305" VPOS="951" WIDTH="105" HEIGHT="45" CONTENT="Und" WC="1.00" CC="111" STYLEREFS="TXT_4"/>
						<SP ID="P10_SP00044" HPOS="410" VPOS="996" WIDTH="23"/>
						<String ID="P10_ST00051" HPOS="433" VPOS="963" WIDTH="107" HEIGHT="33" CONTENT="was" WC="1.00" CC="111" STYLEREFS="TXT_4"/>
						<SP ID="P10_SP00045" HPOS="540" VPOS="996" WIDTH="21"/>
						<String ID="P10_ST00052" HPOS="561" VPOS="951" WIDTH="51" HEIGHT="56" CONTENT="ist" WC="1.00" CC="222" STYLEREFS="TXT_4"/>
						<SP ID="P10_SP00046" HPOS="612" VPOS="1007" WIDTH="20"/>
						<String ID="P10_ST00053" HPOS="632" VPOS="963" WIDTH="92" HEIGHT="34" CONTENT="uns" WC="1.00" CC="111" STYLEREFS="TXT_4"/>
						<SP ID="P10_SP00047" HPOS="724" VPOS="1007" WIDTH="17"/>
						<String ID="P10_ST00054" HPOS="741" VPOS="949" WIDTH="246" HEIGHT="59" CONTENT="Menschen" WC="1.00" CC="11111111" STYLEREFS="TXT_4"/>
						<SP ID="P10_SP00048" HPOS="987" VPOS="1008" WIDTH="21"/>
						<String ID="P10_ST00055" HPOS="1008" VPOS="951" WIDTH="70" HEIGHT="45" CONTENT="die" WC="1.00" CC="111" STYLEREFS="TXT_4"/>
						<SP ID="P10_SP00049" HPOS="1078" VPOS="1008" WIDTH="17"/>
						<String ID="P10_ST00056" HPOS="1095" VPOS="949" WIDTH="293" HEIGHT="57" CONTENT="Menschheit," WC="1.00" CC="22222222222" STYLEREFS="TXT_4"/>
						<SP ID="P10_SP00050" HPOS="1388" VPOS="1008" WIDTH="22"/>
						<String ID="P10_ST00057" HPOS="1410" VPOS="960" WIDTH="135" HEIGHT="35" CONTENT="wenn" WC="1.00" CC="1111" STYLEREFS="TXT_4"/>
						<SP ID="P10_SP00051" HPOS="1545" VPOS="1008" WIDTH="23"/>
						<String ID="P10_ST00058" HPOS="1568" VPOS="949" WIDTH="116" HEIGHT="57" CONTENT="nicht" WC="1.00" CC="22222" STYLEREFS="TXT_4"/>
						<SP ID="P10_SP00052" HPOS="1684" VPOS="1008" WIDTH="17"/>
						<String ID="P10_ST00059" HPOS="1701" VPOS="947" WIDTH="208" HEIGHT="58" CONTENT="Feindin," WC="1.00" CC="22222222" STYLEREFS="TXT_4"/>
						<SP ID="P10_SP00053" HPOS="1909" VPOS="1008" WIDTH="24"/>
						<String ID="P10_ST00060" HPOS="1933" VPOS="961" WIDTH="63" HEIGHT="33" CONTENT="an" WC="1.00" CC="11" STYLEREFS="TXT_4"/>
						<SP ID="P10_SP00054" HPOS="1996" VPOS="1008" WIDTH="23"/>
						<String ID="P10_ST00061" HPOS="2019" VPOS="949" WIDTH="74" HEIGHT="57" CONTENT="ihr" WC="1.00" CC="111" STYLEREFS="TXT_4"/>
						<SP ID="P10_SP00055" HPOS="2093" VPOS="1008" WIDTH="20"/>
						<String ID="P10_ST00062" HPOS="2113" VPOS="961" WIDTH="54" HEIGHT="43" CONTENT="zu" WC="1.00" CC="11" STYLEREFS="TXT_4"/>
						<SP ID="P10_SP00056" HPOS="2167" VPOS="1008" WIDTH="17"/>
						<String ID="P10_ST00063" HPOS="2184" VPOS="949" WIDTH="219" HEIGHT="56" CONTENT="wachsen!" WC="1.00" CC="22222222" STYLEREFS="TXT_4"/>
					</TextLine>
					<TextLine ID="P10_TL00008" HPOS="422" VPOS="1035" WIDTH="1980" HEIGHT="60">
						<String ID="P10_ST00064" HPOS="422" VPOS="1040" WIDTH="44" HEIGHT="43" CONTENT="O" WC="1.00" CC="1" STYLEREFS="TXT_5"/>
						<SP ID="P10_SP00057" HPOS="466" VPOS="1083" WIDTH="31"/>
						<String ID="P10_ST00065" HPOS="497" VPOS="1039" WIDTH="148" HEIGHT="46" CONTENT="Wort" WC="1.00" CC="1111" STYLEREFS="TXT_3"/>
						<SP ID="P10_SP00058" HPOS="645" VPOS="1085" WIDTH="29"/>
						<String ID="P10_ST00066" HPOS="674" VPOS="1036" WIDTH="300" HEIGHT="59" CONTENT="Jzumanitåtz" WC="1.00" CC="44444444444" STYLEREFS="TXT_3"/>
						<SP ID="P10_SP00059" HPOS="974" VPOS="1095" WIDTH="41"/>
						<String ID="P10_ST00067" HPOS="1015" VPOS="1036" WIDTH="264" HEIGHT="59" CONTENT="geschaffen," WC="1.00" CC="22222222222" STYLEREFS="TXT_3"/>
						<SP ID="P10_SP00060" HPOS="1279" VPOS="1095" WIDTH="42"/>
						<String ID="P10_ST00068" HPOS="1321" VPOS="1038" WIDTH="174" HEIGHT="46" CONTENT="meinen" WC="1.00" CC="111111" STYLEREFS="TXT_3"/>
						<SP ID="P10_SP00061" HPOS="1495" VPOS="1095" WIDTH="40"/>
						<String ID="P10_ST00069" HPOS="1535" VPOS="1035" WIDTH="178" HEIGHT="48" CONTENT="idealen" WC="1.00" CC="1111111" STYLEREFS="TXT_3"/>
						<SP ID="P10_SP00062" HPOS="1713" VPOS="1095" WIDTH="40"/>
						<String ID="P10_ST00070" HPOS="1753" VPOS="1037" WIDTH="193" HEIGHT="46" CONTENT="Kontur" WC="1.00" CC="111111" STYLEREFS="TXT_3"/>
						<SP ID="P10_SP00063" HPOS="1946" VPOS="1095" WIDTH="38"/>
						<String ID="P10_ST00071" HPOS="1984" VPOS="1048" WIDTH="54" HEIGHT="42" CONTENT="zu" WC="1.00" CC="11" STYLEREFS="TXT_3"/>
						<SP ID="P10_SP00064" HPOS="2038" VPOS="1095" WIDTH="42"/>
						<String ID="P10_ST00072" HPOS="2080" VPOS="1037" WIDTH="322" HEIGHT="56" CONTENT="kennzeichnen," WC="1.00" CC="2222222222222" STYLEREFS="TXT_3"/>
					</TextLine>
					<TextLine ID="P10_TL00009" HPOS="305" VPOS="1122" WIDTH="2100" HEIGHT="62">
						<String ID="P10_ST00073" HPOS="305" VPOS="1125" WIDTH="258" HEIGHT="47" CONTENT="verdorben" WC="1.00" CC="222222222"/>
						<SP ID="P10_SP00065" HPOS="563" VPOS="1172" WIDTH="29"/>
						<String ID="P10_ST00074" HPOS="592" VPOS="1139" WIDTH="83" HEIGHT="41" CONTENT="zur" WC="1.00" CC="111"/>
						<SP ID="P10_SP00066" HPOS="675" VPOS="1180" WIDTH="27"/>
						<String ID="P10_ST00075" HPOS="702" VPOS="1123" WIDTH="294" HEIGHT="61" CONTENT="gefühllosen" WC="1.00" CC="22222222222"/>
						<SP ID="P10_SP00067" HPOS="996" VPOS="1184" WIDTH="20"/>
						<String ID="P10_ST00076" HPOS="1016" VPOS="1122" WIDTH="297" HEIGHT="61" CONTENT="Begreifung" WC="1.00" CC="1111111111"/>
						<SP ID="P10_SP00068" HPOS="1313" VPOS="1184" WIDTH="29"/>
						<String ID="P10_ST00077" HPOS="1342" VPOS="1125" WIDTH="120" HEIGHT="45" CONTENT="eines" WC="1.00" CC="11111"/>
						<SP ID="P10_SP00069" HPOS="1462" VPOS="1184" WIDTH="21"/>
						<String ID="P10_ST00078" HPOS="1483" VPOS="1123" WIDTH="271" HEIGHT="58" CONTENT="Schemens" WC="1.00" CC="44444444"/>
						<SP ID="P10_SP00070" HPOS="1754" VPOS="1184" WIDTH="50"/>
						<String ID="P10_ST00079" HPOS="1804" VPOS="1123" WIDTH="135" HEIGHT="58" CONTENT="Feige" WC="1.00" CC="22222"/>
						<SP ID="P10_SP00071" HPOS="1939" VPOS="1184" WIDTH="22"/>
						<String ID="P10_ST00080" HPOS="1961" VPOS="1123" WIDTH="343" HEIGHT="59" CONTENT="Verleugnung" WC="1.00" CC="11111111111"/>
						<SP ID="P10_SP00072" HPOS="2304" VPOS="1184" WIDTH="21"/>
						<String ID="P10_ST00081" HPOS="2325" VPOS="1126" WIDTH="80" HEIGHT="44" CONTENT="des" WC="1.00" CC="111"/>
					</TextLine>
					<TextLine ID="P10_TL00010" HPOS="303" VPOS="1209" WIDTH="1850" HEIGHT="62">
						<String ID="P10_ST00082" HPOS="303" VPOS="1212" WIDTH="293" HEIGHT="57" CONTENT="wirklichen," WC="1.00" CC="22222222222"/>
						<SP ID="P10_SP00073" HPOS="596" VPOS="1269" WIDTH="33"/>
						<String ID="P10_ST00083" HPOS="629" VPOS="1217" WIDTH="81" HEIGHT="42" CONTENT="des" WC="1.00" CC="111"/>
						<SP ID="P10_SP00074" HPOS="710" VPOS="1269" WIDTH="31"/>
						<String ID="P10_ST00084" HPOS="741" VPOS="1212" WIDTH="260" HEIGHT="59" CONTENT="Menschen," WC="1.00" CC="111111111"/>
						<SP ID="P10_SP00075" HPOS="1001" VPOS="1271" WIDTH="35"/>
						<String ID="P10_ST00085" HPOS="1036" VPOS="1225" WIDTH="78" HEIGHT="34" CONTENT="um" WC="1.00" CC="11"/>
						<SP ID="P10_SP00076" HPOS="1114" VPOS="1271" WIDTH="30"/>
						<String ID="P10_ST00086" HPOS="1144" VPOS="1212" WIDTH="141" HEIGHT="57" CONTENT="seines" WC="1.00" CC="111111"/>
						<SP ID="P10_SP00077" HPOS="1285" VPOS="1271" WIDTH="32"/>
						<String ID="P10_ST00087" HPOS="1317" VPOS="1213" WIDTH="116" HEIGHT="54" CONTENT="nicht" WC="1.00" CC="11111"/>
						<SP ID="P10_SP00078" HPOS="1433" VPOS="1271" WIDTH="32"/>
						<String ID="P10_ST00088" HPOS="1465" VPOS="1212" WIDTH="234" HEIGHT="57" CONTENT="eyistenten" WC="1.00" CC="3333333333"/>
						<SP ID="P10_SP00079" HPOS="1699" VPOS="1271" WIDTH="31"/>
						<String ID="P10_ST00089" HPOS="1730" VPOS="1209" WIDTH="219" HEIGHT="60" CONTENT="Begrisss" WC="1.00" CC="22222222"/>
						<SP ID="P10_SP00080" HPOS="1949" VPOS="1271" WIDTH="32"/>
						<String ID="P10_ST00090" HPOS="1981" VPOS="1211" WIDTH="172" HEIGHT="47" CONTENT="willen." WC="1.00" CC="1111111"/>
					</TextLine>
					<TextLine ID="P10_TL00011" HPOS="420" VPOS="1297" WIDTH="1983" HEIGHT="62">
						<String ID="P10_ST00091" HPOS="420" VPOS="1300" WIDTH="127" HEIGHT="47" CONTENT="Aber" WC="1.00" CC="2222"/>
						<SP ID="P10_SP00081" HPOS="547" VPOS="1347" WIDTH="21"/>
						<String ID="P10_ST00092" HPOS="568" VPOS="1299" WIDTH="173" HEIGHT="60" CONTENT="fangen" WC="1.00" CC="111111"/>
						<SP ID="P10_SP00082" HPOS="741" VPOS="1359" WIDTH="22"/>
						<String ID="P10_ST00093" HPOS="763" VPOS="1302" WIDTH="91" HEIGHT="45" CONTENT="wir" WC="1.00" CC="111"/>
						<SP ID="P10_SP00083" HPOS="854" VPOS="1359" WIDTH="22"/>
						<String ID="P10_ST00094" HPOS="876" VPOS="1302" WIDTH="104" HEIGHT="55" CONTENT="doch" WC="1.00" CC="2222"/>
						<SP ID="P10_SP00084" HPOS="980" VPOS="1359" WIDTH="23"/>
						<String ID="P10_ST00095" HPOS="1003" VPOS="1300" WIDTH="118" HEIGHT="47" CONTENT="beim" WC="1.00" CC="1111"/>
						<SP ID="P10_SP00085" HPOS="1121" VPOS="1359" WIDTH="20"/>
						<String ID="P10_ST00096" HPOS="1141" VPOS="1297" WIDTH="199" HEIGHT="60" CONTENT="nåchsten" WC="1.00" CC="22222222"/>
						<SP ID="P10_SP00086" HPOS="1340" VPOS="1359" WIDTH="23"/>
						<String ID="P10_ST00097" HPOS="1363" VPOS="1312" WIDTH="77" HEIGHT="42" CONTENT="an," WC="1.00" CC="111"/>
						<SP ID="P10_SP00087" HPOS="1440" VPOS="1359" WIDTH="24"/>
						<String ID="P10_ST00098" HPOS="1464" VPOS="1299" WIDTH="68" HEIGHT="47" CONTENT="bei" WC="1.00" CC="111"/>
						<SP ID="P10_SP00088" HPOS="1532" VPOS="1359" WIDTH="22"/>
						<String ID="P10_ST00099" HPOS="1554" VPOS="1297" WIDTH="162" HEIGHT="60" CONTENT="diesem" WC="1.00" CC="111111"/>
						<SP ID="P10_SP00089" HPOS="1716" VPOS="1359" WIDTH="22"/>
						<String ID="P10_ST00100" HPOS="1738" VPOS="1300" WIDTH="118" HEIGHT="57" CONTENT="hier:" WC="1.00" CC="11111"/>
						<SP ID="P10_SP00090" HPOS="1856" VPOS="1359" WIDTH="23"/>
						<String ID="P10_ST00101" HPOS="1879" VPOS="1302" WIDTH="44" HEIGHT="43" CONTENT="O" WC="1.00" CC="1"/>
						<SP ID="P10_SP00091" HPOS="1923" VPOS="1359" WIDTH="17"/>
						<String ID="P10_ST00102" HPOS="1940" VPOS="1299" WIDTH="211" HEIGHT="57" CONTENT="Bruder," WC="1.00" CC="2222222"/>
						<SP ID="P10_SP00092" HPOS="2151" VPOS="1359" WIDTH="19"/>
						<String ID="P10_ST00103" HPOS="2170" VPOS="1299" WIDTH="233" HEIGHT="56" CONTENT="Fremder," WC="1.00" CC="22222222"/>
					</TextLine>
					<TextLine ID="P10_TL00012" HPOS="305" VPOS="1383" WIDTH="2100" HEIGHT="63">
						<String ID="P10_ST00104" HPOS="305" VPOS="1391" WIDTH="80" HEIGHT="43" CONTENT="der" WC="1.00" CC="111" STYLEREFS="TXT_2"/>
						<SP ID="P10_SP00093" HPOS="385" VPOS="1434" WIDTH="22"/>
						<String ID="P10_ST00105" HPOS="407" VPOS="1391" WIDTH="61" HEIGHT="43" CONTENT="du" WC="1.00" CC="11" STYLEREFS="TXT_2"/>
						<SP ID="P10_SP00094" HPOS="468" VPOS="1434" WIDTH="22"/>
						<String ID="P10_ST00106" HPOS="490" VPOS="1387" WIDTH="141" HEIGHT="47" CONTENT="neben" WC="1.00" CC="11111" STYLEREFS="TXT_2"/>
						<SP ID="P10_SP00095" HPOS="631" VPOS="1434" WIDTH="23"/>
						<String ID="P10_ST00107" HPOS="654" VPOS="1389" WIDTH="89" HEIGHT="46" CONTENT="mir" WC="1.00" CC="111" STYLEREFS="TXT_2"/>
						<SP ID="P10_SP00096" HPOS="743" VPOS="1435" WIDTH="20"/>
						<String ID="P10_ST00108" HPOS="763" VPOS="1386" WIDTH="448" HEIGHT="60" CONTENT="zusammenbrachst," WC="1.00" CC="2222222222222222" STYLEREFS="TXT_2"/>
						<SP ID="P10_SP00097" HPOS="1211" VPOS="1446" WIDTH="24"/>
						<String ID="P10_ST00109" HPOS="1235" VPOS="1383" WIDTH="114" HEIGHT="49" CONTENT="über" WC="1.00" CC="2222" STYLEREFS="TXT_2"/>
						<SP ID="P10_SP00098" HPOS="1349" VPOS="1446" WIDTH="25"/>
						<String ID="P10_ST00110" HPOS="1374" VPOS="1389" WIDTH="91" HEIGHT="53" CONTENT="dich" WC="1.00" CC="1111" STYLEREFS="TXT_2"/>
						<SP ID="P10_SP00099" HPOS="1465" VPOS="1446" WIDTH="29"/>
						<String ID="P10_ST00111" HPOS="1494" VPOS="1386" WIDTH="142" HEIGHT="58" CONTENT="beuge" WC="1.00" CC="11111" STYLEREFS="TXT_2"/>
						<SP ID="P10_SP00100" HPOS="1636" VPOS="1446" WIDTH="30"/>
						<String ID="P10_ST00112" HPOS="1666" VPOS="1386" WIDTH="57" HEIGHT="56" CONTENT="ich" WC="1.00" CC="111" STYLEREFS="TXT_2"/>
						<SP ID="P10_SP00101" HPOS="1723" VPOS="1446" WIDTH="32"/>
						<String ID="P10_ST00113" HPOS="1755" VPOS="1387" WIDTH="120" HEIGHT="54" CONTENT="mich." WC="1.00" CC="11111" STYLEREFS="TXT_2"/>
						<SP ID="P10_SP00102" HPOS="1875" VPOS="1446" WIDTH="50"/>
						<String ID="P10_ST00114" HPOS="1925" VPOS="1385" WIDTH="90" HEIGHT="58" CONTENT="Ich" WC="1.00" CC="111" STYLEREFS="TXT_2"/>
						<SP ID="P10_SP00103" HPOS="2015" VPOS="1446" WIDTH="32"/>
						<String ID="P10_ST00115" HPOS="2047" VPOS="1386" WIDTH="140" HEIGHT="58" CONTENT="weiß," WC="1.00" CC="11111" STYLEREFS="TXT_2"/>
						<SP ID="P10_SP00104" HPOS="2187" VPOS="1446" WIDTH="31"/>
						<String ID="P10_ST00116" HPOS="2218" VPOS="1386" WIDTH="95" HEIGHT="57" CONTENT="daß" WC="1.00" CC="111" STYLEREFS="TXT_2"/>
						<SP ID="P10_SP00105" HPOS="2313" VPOS="1446" WIDTH="31"/>
						<String ID="P10_ST00117" HPOS="2344" VPOS="1389" WIDTH="61" HEIGHT="43" CONTENT="du" WC="1.00" CC="11" STYLEREFS="TXT_2"/>
					</TextLine>
					<TextLine ID="P10_TL00013" HPOS="306" VPOS="1472" WIDTH="2099" HEIGHT="60">
						<String ID="P10_ST00118" HPOS="306" VPOS="1476" WIDTH="89" HEIGHT="45" CONTENT="mir" WC="1.00" CC="111"/>
						<SP ID="P10_SP00106" HPOS="395" VPOS="1521" WIDTH="30"/>
						<String ID="P10_ST00119" HPOS="425" VPOS="1473" WIDTH="153" HEIGHT="59" CONTENT="fremd" WC="1.00" CC="11111"/>
						<SP ID="P10_SP00107" HPOS="578" VPOS="1532" WIDTH="33"/>
						<String ID="P10_ST00120" HPOS="611" VPOS="1474" WIDTH="173" HEIGHT="58" CONTENT="bleibst." WC="1.00" CC="11111111"/>
						<SP ID="P10_SP00108" HPOS="784" VPOS="1532" WIDTH="60"/>
						<String ID="P10_ST00121" HPOS="844" VPOS="1476" WIDTH="129" HEIGHT="45" CONTENT="Was" WC="1.00" CC="111"/>
						<SP ID="P10_SP00109" HPOS="973" VPOS="1532" WIDTH="32"/>
						<String ID="P10_ST00122" HPOS="1005" VPOS="1476" WIDTH="57" HEIGHT="54" CONTENT="ich" WC="1.00" CC="111"/>
						<SP ID="P10_SP00110" HPOS="1062" VPOS="1532" WIDTH="33"/>
						<String ID="P10_ST00123" HPOS="1095" VPOS="1473" WIDTH="176" HEIGHT="59" CONTENT="bringe," WC="1.00" CC="1111111"/>
						<SP ID="P10_SP00111" HPOS="1271" VPOS="1532" WIDTH="41"/>
						<String ID="P10_ST00124" HPOS="1312" VPOS="1474" WIDTH="91" HEIGHT="56" CONTENT="dich" WC="1.00" CC="1111"/>
						<SP ID="P10_SP00112" HPOS="1403" VPOS="1532" WIDTH="38"/>
						<String ID="P10_ST00125" HPOS="1441" VPOS="1487" WIDTH="53" HEIGHT="41" CONTENT="zu" WC="1.00" CC="11"/>
						<SP ID="P10_SP00113" HPOS="1494" VPOS="1532" WIDTH="40"/>
						<String ID="P10_ST00126" HPOS="1534" VPOS="1473" WIDTH="236" HEIGHT="58" CONTENT="beseligen," WC="1.00" CC="1111111111"/>
						<SP ID="P10_SP00114" HPOS="1770" VPOS="1532" WIDTH="38"/>
						<String ID="P10_ST00127" HPOS="1808" VPOS="1472" WIDTH="157" HEIGHT="58" CONTENT="fassest" WC="1.00" CC="1111111"/>
						<SP ID="P10_SP00115" HPOS="1965" VPOS="1532" WIDTH="42"/>
						<String ID="P10_ST00128" HPOS="2007" VPOS="1477" WIDTH="62" HEIGHT="43" CONTENT="du" WC="1.00" CC="11"/>
						<SP ID="P10_SP00116" HPOS="2069" VPOS="1532" WIDTH="31"/>
						<String ID="P10_ST00129" HPOS="2100" VPOS="1475" WIDTH="130" HEIGHT="55" CONTENT="nicht," WC="1.00" CC="111111"/>
						<SP ID="P10_SP00117" HPOS="2230" VPOS="1532" WIDTH="34"/>
						<String ID="P10_ST00130" HPOS="2264" VPOS="1474" WIDTH="141" HEIGHT="46" CONTENT="meine" WC="1.00" CC="11111"/>
					</TextLine>
					<TextLine ID="P10_TL00014" HPOS="305" VPOS="1560" WIDTH="1925" HEIGHT="59">
						<String ID="P10_ST00131" HPOS="305" VPOS="1563" WIDTH="154" HEIGHT="56" CONTENT="stillen," WC="1.00" CC="11111111" STYLEREFS="TXT_3"/>
						<SP ID="P10_SP00118" HPOS="459" VPOS="1619" WIDTH="33"/>
						<String ID="P10_ST00132" HPOS="492" VPOS="1560" WIDTH="244" HEIGHT="50" CONTENT="wütenden" WC="1.00" CC="11111111" STYLEREFS="TXT_3"/>
						<SP ID="P10_SP00119" HPOS="736" VPOS="1619" WIDTH="32"/>
						<String ID="P10_ST00133" HPOS="768" VPOS="1562" WIDTH="271" HEIGHT="56" CONTENT="Schmerzen" WC="1.00" CC="222222222" STYLEREFS="TXT_3"/>
						<SP ID="P10_SP00120" HPOS="1039" VPOS="1619" WIDTH="32"/>
						<String ID="P10_ST00134" HPOS="1071" VPOS="1574" WIDTH="78" HEIGHT="34" CONTENT="um" WC="1.00" CC="11" STYLEREFS="TXT_3"/>
						<SP ID="P10_SP00121" HPOS="1149" VPOS="1619" WIDTH="31"/>
						<String ID="P10_ST00135" HPOS="1180" VPOS="1563" WIDTH="112" HEIGHT="55" CONTENT="dich," WC="1.00" CC="11111" STYLEREFS="TXT_3"/>
						<SP ID="P10_SP00122" HPOS="1292" VPOS="1619" WIDTH="28"/>
						<String ID="P10_ST00136" HPOS="1320" VPOS="1574" WIDTH="78" HEIGHT="34" CONTENT="um" WC="1.00" CC="11" STYLEREFS="TXT_3"/>
						<SP ID="P10_SP00123" HPOS="1398" VPOS="1619" WIDTH="31"/>
						<String ID="P10_ST00137" HPOS="1429" VPOS="1562" WIDTH="157" HEIGHT="46" CONTENT="deinen" WC="1.00" CC="111111" STYLEREFS="TXT_3"/>
						<SP ID="P10_SP00124" HPOS="1586" VPOS="1619" WIDTH="33"/>
						<String ID="P10_ST00138" HPOS="1619" VPOS="1560" WIDTH="198" HEIGHT="59" CONTENT="Begriss" WC="1.00" CC="2222222" STYLEREFS="TXT_3"/>
						<SP ID="P10_SP00125" HPOS="1817" VPOS="1619" WIDTH="25"/>
						<String ID="P10_ST00139" HPOS="1842" VPOS="1562" WIDTH="132" HEIGHT="57" CONTENT="ahnst" WC="1.00" CC="11111" STYLEREFS="TXT_3"/>
						<SP ID="P10_SP00126" HPOS="1974" VPOS="1619" WIDTH="31"/>
						<String ID="P10_ST00140" HPOS="2005" VPOS="1565" WIDTH="62" HEIGHT="42" CONTENT="du" WC="1.00" CC="11" STYLEREFS="TXT_3"/>
						<SP ID="P10_SP00127" HPOS="2067" VPOS="1619" WIDTH="31"/>
						<String ID="P10_ST00141" HPOS="2098" VPOS="1563" WIDTH="132" HEIGHT="54" CONTENT="nicht." WC="1.00" CC="111111" STYLEREFS="TXT_3"/>
					</TextLine>
					<TextLine ID="P10_TL00015" HPOS="422" VPOS="1643" WIDTH="1228" HEIGHT="64">
						<String ID="P10_ST00142" HPOS="422" VPOS="1650" WIDTH="115" HEIGHT="47" CONTENT="Soll" WC="1.00" CC="1111"/>
						<SP ID="P10_SP00128" HPOS="537" VPOS="1697" WIDTH="31"/>
						<String ID="P10_ST00143" HPOS="568" VPOS="1651" WIDTH="59" HEIGHT="55" CONTENT="ich" WC="1.00" CC="222"/>
						<SP ID="P10_SP00129" HPOS="627" VPOS="1706" WIDTH="33"/>
						<String ID="P10_ST00144" HPOS="660" VPOS="1662" WIDTH="94" HEIGHT="35" CONTENT="nun" WC="1.00" CC="111"/>
						<SP ID="P10_SP00130" HPOS="754" VPOS="1706" WIDTH="32"/>
						<String ID="P10_ST00145" HPOS="786" VPOS="1652" WIDTH="90" HEIGHT="52" CONTENT="dich" WC="1.00" CC="1111"/>
						<SP ID="P10_SP00131" HPOS="876" VPOS="1706" WIDTH="31"/>
						<String ID="P10_ST00146" HPOS="907" VPOS="1662" WIDTH="54" HEIGHT="44" CONTENT="zu" WC="1.00" CC="11"/>
						<SP ID="P10_SP00132" HPOS="961" VPOS="1706" WIDTH="32"/>
						<String ID="P10_ST00147" HPOS="993" VPOS="1650" WIDTH="170" HEIGHT="47" CONTENT="meiner" WC="1.00" CC="111111"/>
						<SP ID="P10_SP00133" HPOS="1163" VPOS="1706" WIDTH="29"/>
						<String ID="P10_ST00148" HPOS="1192" VPOS="1648" WIDTH="135" HEIGHT="47" CONTENT="Liebe" WC="1.00" CC="11111"/>
						<SP ID="P10_SP00134" HPOS="1327" VPOS="1706" WIDTH="29"/>
						<String ID="P10_ST00149" HPOS="1356" VPOS="1647" WIDTH="245" HEIGHT="60" CONTENT="zwingen?" WC="1.00" CC="11111111"/>
						<SP ID="P10_SP00135" HPOS="1601" VPOS="1707" WIDTH="46"/>
						<String ID="P10_ST00150" HPOS="1647" VPOS="1643" WIDTH="3" HEIGHT="64" CONTENT="," WC="1.00" CC="8" STYLEREFS="TXT_6"/>
					</TextLine>
					<TextLine ID="P10_TL00016" HPOS="421" VPOS="1734" WIDTH="1984" HEIGHT="59">
						<String ID="P10_ST00151" HPOS="421" VPOS="1736" WIDTH="128" HEIGHT="46" CONTENT="Aber" WC="1.00" CC="2222" STYLEREFS="TXT_2"/>
						<SP ID="P10_SP00136" HPOS="549" VPOS="1782" WIDTH="29"/>
						<String ID="P10_ST00152" HPOS="578" VPOS="1737" WIDTH="102" HEIGHT="47" CONTENT="dein" WC="1.00" CC="1111" STYLEREFS="TXT_2"/>
						<SP ID="P10_SP00137" HPOS="680" VPOS="1784" WIDTH="31"/>
						<String ID="P10_ST00153" HPOS="711" VPOS="1741" WIDTH="142" HEIGHT="43" CONTENT="wund" WC="1.00" CC="1111" STYLEREFS="TXT_2"/>
						<SP ID="P10_SP00138" HPOS="853" VPOS="1784" WIDTH="32"/>
						<String ID="P10_ST00154" HPOS="885" VPOS="1736" WIDTH="365" HEIGHT="48" CONTENT="verwilderndes" WC="1.00" CC="1111111111111" STYLEREFS="TXT_2"/>
						<SP ID="P10_SP00139" HPOS="1250" VPOS="1784" WIDTH="21"/>
						<String ID="P10_ST00155" HPOS="1271" VPOS="1735" WIDTH="170" HEIGHT="58" CONTENT="Fleisch" WC="1.00" CC="1111111" STYLEREFS="TXT_2"/>
						<SP ID="P10_SP00140" HPOS="1441" VPOS="1793" WIDTH="22"/>
						<String ID="P10_ST00156" HPOS="1463" VPOS="1736" WIDTH="131" HEIGHT="57" CONTENT="stinkt" WC="1.00" CC="111111" STYLEREFS="TXT_2"/>
						<SP ID="P10_SP00141" HPOS="1594" VPOS="1793" WIDTH="34"/>
						<String ID="P10_ST00157" HPOS="1628" VPOS="1760" WIDTH="53" HEIGHT="8" CONTENT="--" WC="1.00" CC="11" STYLEREFS="TXT_7"/>
						<SP ID="P10_SP00142" HPOS="1681" VPOS="1793" WIDTH="34"/>
						<String ID="P10_ST00158" HPOS="1715" VPOS="1735" WIDTH="127" HEIGHT="58" CONTENT="aber," WC="1.00" CC="11111" STYLEREFS="TXT_2"/>
						<SP ID="P10_SP00143" HPOS="1842" VPOS="1793" WIDTH="33"/>
						<String ID="P10_ST00159" HPOS="1875" VPOS="1748" WIDTH="27" HEIGHT="36" CONTENT="o" WC="1.00" CC="1" STYLEREFS="TXT_2"/>
						<SP ID="P10_SP00144" HPOS="1902" VPOS="1793" WIDTH="23"/>
						<String ID="P10_ST00160" HPOS="1925" VPOS="1734" WIDTH="347" HEIGHT="59" CONTENT="menschliches," WC="1.00" CC="2222222222222" STYLEREFS="TXT_2"/>
						<SP ID="P10_SP00145" HPOS="2272" VPOS="1793" WIDTH="33"/>
						<String ID="P10_ST00161" HPOS="2305" VPOS="1737" WIDTH="100" HEIGHT="45" CONTENT="dein" WC="1.00" CC="1111" STYLEREFS="TXT_2"/>
					</TextLine>
					<TextLine ID="P10_TL00017" HPOS="305" VPOS="1822" WIDTH="2098" HEIGHT="60">
						<String ID="P10_ST00162" HPOS="305" VPOS="1828" WIDTH="193" HEIGHT="42" CONTENT="wundes" WC="1.00" CC="111111"/>
						<SP ID="P10_SP00146" HPOS="498" VPOS="1870" WIDTH="33"/>
						<String ID="P10_ST00163" HPOS="531" VPOS="1823" WIDTH="140" HEIGHT="48" CONTENT="Glied" WC="1.00" CC="22222"/>
						<SP ID="P10_SP00147" HPOS="671" VPOS="1871" WIDTH="40"/>
						<String ID="P10_ST00164" HPOS="711" VPOS="1822" WIDTH="210" HEIGHT="59" CONTENT="schmerzt" WC="1.00" CC="11111111"/>
						<SP ID="P10_SP00148" HPOS="921" VPOS="1881" WIDTH="38"/>
						<String ID="P10_ST00165" HPOS="959" VPOS="1825" WIDTH="86" HEIGHT="46" CONTENT="wie" WC="1.00" CC="111"/>
						<SP ID="P10_SP00149" HPOS="1045" VPOS="1881" WIDTH="38"/>
						<String ID="P10_ST00166" HPOS="1083" VPOS="1825" WIDTH="183" HEIGHT="46" CONTENT="meines." WC="1.00" CC="1111111"/>
						<SP ID="P10_SP00150" HPOS="1266" VPOS="1881" WIDTH="50"/>
						<String ID="P10_ST00167" HPOS="1316" VPOS="1823" WIDTH="127" HEIGHT="59" CONTENT="Ietzt" WC="1.00" CC="11111"/>
						<SP ID="P10_SP00151" HPOS="1443" VPOS="1882" WIDTH="39"/>
						<String ID="P10_ST00168" HPOS="1482" VPOS="1824" WIDTH="139" HEIGHT="46" CONTENT="kenne" WC="1.00" CC="11111"/>
						<SP ID="P10_SP00152" HPOS="1621" VPOS="1882" WIDTH="40"/>
						<String ID="P10_ST00169" HPOS="1661" VPOS="1824" WIDTH="60" HEIGHT="57" CONTENT="ich" WC="1.00" CC="111"/>
						<SP ID="P10_SP00153" HPOS="1721" VPOS="1882" WIDTH="40"/>
						<String ID="P10_ST00170" HPOS="1761" VPOS="1825" WIDTH="103" HEIGHT="55" CONTENT="dich," WC="1.00" CC="11111"/>
						<SP ID="P10_SP00154" HPOS="1864" VPOS="1882" WIDTH="44"/>
						<String ID="P10_ST00171" HPOS="1908" VPOS="1824" WIDTH="97" HEIGHT="56" CONTENT="hier" WC="1.00" CC="1111"/>
						<SP ID="P10_SP00155" HPOS="2005" VPOS="1882" WIDTH="33"/>
						<String ID="P10_ST00172" HPOS="2038" VPOS="1823" WIDTH="131" HEIGHT="57" CONTENT="halte" WC="1.00" CC="11111"/>
						<SP ID="P10_SP00156" HPOS="2169" VPOS="1882" WIDTH="39"/>
						<String ID="P10_ST00173" HPOS="2208" VPOS="1825" WIDTH="57" HEIGHT="54" CONTENT="ich" WC="1.00" CC="111"/>
						<SP ID="P10_SP00157" HPOS="2265" VPOS="1882" WIDTH="34"/>
						<String ID="P10_ST00174" HPOS="2299" VPOS="1824" WIDTH="104" HEIGHT="55" CONTENT="dich," WC="1.00" CC="11111"/>
					</TextLine>
					<TextLine ID="P10_TL00018" HPOS="304" VPOS="1911" WIDTH="1188" HEIGHT="58">
						<String ID="P10_ST00175" HPOS="304" VPOS="1911" WIDTH="186" HEIGHT="58" CONTENT="bekehre" WC="1.00" CC="1111111" STYLEREFS="TXT_4"/>
						<SP ID="P10_SP00158" HPOS="490" VPOS="1969" WIDTH="29"/>
						<String ID="P10_ST00176" HPOS="519" VPOS="1913" WIDTH="89" HEIGHT="54" CONTENT="dich" WC="1.00" CC="1111" STYLEREFS="TXT_4"/>
						<SP ID="P10_SP00159" HPOS="608" VPOS="1969" WIDTH="33"/>
						<String ID="P10_ST00177" HPOS="641" VPOS="1914" WIDTH="105" HEIGHT="55" CONTENT="noch" WC="1.00" CC="1111" STYLEREFS="TXT_4"/>
						<SP ID="P10_SP00160" HPOS="746" VPOS="1969" WIDTH="32"/>
						<String ID="P10_ST00178" HPOS="778" VPOS="1913" WIDTH="128" HEIGHT="55" CONTENT="nicht," WC="1.00" CC="111111" STYLEREFS="TXT_4"/>
						<SP ID="P10_SP00161" HPOS="906" VPOS="1969" WIDTH="33"/>
						<String ID="P10_ST00179" HPOS="939" VPOS="1911" WIDTH="113" HEIGHT="57" CONTENT="heile" WC="1.00" CC="11111" STYLEREFS="TXT_4"/>
						<SP ID="P10_SP00162" HPOS="1052" VPOS="1969" WIDTH="30"/>
						<String ID="P10_ST00180" HPOS="1082" VPOS="1912" WIDTH="104" HEIGHT="55" CONTENT="dich," WC="1.00" CC="22222" STYLEREFS="TXT_4"/>
						<SP ID="P10_SP00163" HPOS="1186" VPOS="1969" WIDTH="33"/>
						<String ID="P10_ST00181" HPOS="1219" VPOS="1911" WIDTH="273" HEIGHT="47" CONTENT="Kameradl" WC="1.00" CC="22222222" STYLEREFS="TXT_4"/>
					</TextLine>
					<TextLine ID="P10_TL00019" HPOS="421" VPOS="1997" WIDTH="1982" HEIGHT="60">
						<String ID="P10_ST00182" HPOS="421" VPOS="1998" WIDTH="94" HEIGHT="57" CONTENT="Du," WC="1.00" CC="111" STYLEREFS="TXT_2"/>
						<SP ID="P10_SP00164" HPOS="515" VPOS="2055" WIDTH="23"/>
						<String ID="P10_ST00183" HPOS="538" VPOS="2002" WIDTH="80" HEIGHT="43" CONTENT="der" WC="1.00" CC="111" STYLEREFS="TXT_2"/>
						<SP ID="P10_SP00165" HPOS="618" VPOS="2055" WIDTH="18"/>
						<String ID="P10_ST00184" HPOS="636" VPOS="2002" WIDTH="62" HEIGHT="43" CONTENT="du" WC="1.00" CC="11" STYLEREFS="TXT_2"/>
						<SP ID="P10_SP00166" HPOS="698" VPOS="2055" WIDTH="21"/>
						<String ID="P10_ST00185" HPOS="719" VPOS="2001" WIDTH="46" HEIGHT="44" CONTENT="in" WC="1.00" CC="11" STYLEREFS="TXT_2"/>
						<SP ID="P10_SP00167" HPOS="765" VPOS="2055" WIDTH="23"/>
						<String ID="P10_ST00186" HPOS="788" VPOS="2000" WIDTH="167" HEIGHT="45" CONTENT="meiner" WC="1.00" CC="111111" STYLEREFS="TXT_2"/>
						<SP ID="P10_SP00168" HPOS="955" VPOS="2055" WIDTH="11"/>
						<String ID="P10_ST00187" HPOS="966" VPOS="1998" WIDTH="134" HEIGHT="47" CONTENT="Welt" WC="1.00" CC="1111" STYLEREFS="TXT_2"/>
						<SP ID="P10_SP00169" HPOS="1100" VPOS="2055" WIDTH="23"/>
						<String ID="P10_ST00188" HPOS="1123" VPOS="1998" WIDTH="104" HEIGHT="57" CONTENT="bist;" WC="1.00" CC="11111" STYLEREFS="TXT_2"/>
						<SP ID="P10_SP00170" HPOS="1227" VPOS="2055" WIDTH="23"/>
						<String ID="P10_ST00189" HPOS="1250" VPOS="2002" WIDTH="63" HEIGHT="43" CONTENT="du" WC="1.00" CC="11" STYLEREFS="TXT_2"/>
						<SP ID="P10_SP00171" HPOS="1313" VPOS="2055" WIDTH="21"/>
						<String ID="P10_ST00190" HPOS="1334" VPOS="1998" WIDTH="116" HEIGHT="47" CONTENT="Bild" WC="1.00" CC="2222" STYLEREFS="TXT_2"/>
						<SP ID="P10_SP00172" HPOS="1450" VPOS="2055" WIDTH="24"/>
						<String ID="P10_ST00191" HPOS="1474" VPOS="1998" WIDTH="167" HEIGHT="47" CONTENT="meines" WC="1.00" CC="111111" STYLEREFS="TXT_2"/>
						<SP ID="P10_SP00173" HPOS="1641" VPOS="2055" WIDTH="20"/>
						<String ID="P10_ST00192" HPOS="1661" VPOS="1998" WIDTH="171" HEIGHT="59" CONTENT="Auges," WC="1.00" CC="222222" STYLEREFS="TXT_2"/>
						<SP ID="P10_SP00174" HPOS="1832" VPOS="2057" WIDTH="26"/>
						<String ID="P10_ST00193" HPOS="1858" VPOS="1998" WIDTH="117" HEIGHT="57" CONTENT="Gast" WC="1.00" CC="1111" STYLEREFS="TXT_2"/>
						<SP ID="P10_SP00175" HPOS="1975" VPOS="2057" WIDTH="21"/>
						<String ID="P10_ST00194" HPOS="1996" VPOS="1999" WIDTH="170" HEIGHT="45" CONTENT="meines" WC="1.00" CC="111111" STYLEREFS="TXT_2"/>
						<SP ID="P10_SP00176" HPOS="2166" VPOS="2057" WIDTH="20"/>
						<String ID="P10_ST00195" HPOS="2186" VPOS="1997" WIDTH="217" HEIGHT="56" CONTENT="Herzens," WC="1.00" CC="44444444" STYLEREFS="TXT_2"/>
					</TextLine>
					<TextLine ID="P10_TL00020" HPOS="305" VPOS="2084" WIDTH="2099" HEIGHT="59">
						<String ID="P10_ST00196" HPOS="305" VPOS="2090" WIDTH="62" HEIGHT="42" CONTENT="du" WC="1.00" CC="11"/>
						<SP ID="P10_SP00177" HPOS="367" VPOS="2132" WIDTH="22"/>
						<String ID="P10_ST00197" HPOS="389" VPOS="2085" WIDTH="85" HEIGHT="57" CONTENT="bist" WC="1.00" CC="1111"/>
						<SP ID="P10_SP00178" HPOS="474" VPOS="2142" WIDTH="22"/>
						<String ID="P10_ST00198" HPOS="496" VPOS="2088" WIDTH="88" HEIGHT="44" CONTENT="mir" WC="1.00" CC="111"/>
						<SP ID="P10_SP00179" HPOS="584" VPOS="2142" WIDTH="21"/>
						<String ID="P10_ST00199" HPOS="605" VPOS="2085" WIDTH="334" HEIGHT="58" CONTENT="wesentlich," WC="1.00" CC="11111111111"/>
						<SP ID="P10_SP00180" HPOS="939" VPOS="2143" WIDTH="23"/>
						<String ID="P10_ST00200" HPOS="962" VPOS="2090" WIDTH="62" HEIGHT="43" CONTENT="du" WC="1.00" CC="11"/>
						<SP ID="P10_SP00181" HPOS="1024" VPOS="2143" WIDTH="29"/>
						<String ID="P10_ST00201" HPOS="1053" VPOS="2099" WIDTH="91" HEIGHT="33" CONTENT="aus" WC="1.00" CC="111"/>
						<SP ID="P10_SP00182" HPOS="1144" VPOS="2143" WIDTH="30"/>
						<String ID="P10_ST00202" HPOS="1174" VPOS="2088" WIDTH="168" HEIGHT="45" CONTENT="meiner" WC="1.00" CC="111111"/>
						<SP ID="P10_SP00183" HPOS="1342" VPOS="2143" WIDTH="21"/>
						<String ID="P10_ST00203" HPOS="1363" VPOS="2085" WIDTH="156" HEIGHT="48" CONTENT="Welt!" WC="1.00" CC="11111"/>
						<SP ID="P10_SP00184" HPOS="1519" VPOS="2143" WIDTH="22"/>
						<String ID="P10_ST00204" HPOS="1541" VPOS="2111" WIDTH="58" HEIGHT="7" CONTENT="—-" WC="1.00" CC="22"/>
						<SP ID="P10_SP00185" HPOS="1599" VPOS="2143" WIDTH="22"/>
						<String ID="P10_ST00205" HPOS="1621" VPOS="2089" WIDTH="92" HEIGHT="44" CONTENT="und" WC="1.00" CC="111"/>
						<SP ID="P10_SP00186" HPOS="1713" VPOS="2143" WIDTH="22"/>
						<String ID="P10_ST00206" HPOS="1735" VPOS="2087" WIDTH="115" HEIGHT="54" CONTENT="nicht" WC="1.00" CC="11111"/>
						<SP ID="P10_SP00187" HPOS="1850" VPOS="2143" WIDTH="24"/>
						<String ID="P10_ST00207" HPOS="1874" VPOS="2085" WIDTH="127" HEIGHT="57" CONTENT="mehr" WC="1.00" CC="1111"/>
						<SP ID="P10_SP00188" HPOS="2001" VPOS="2143" WIDTH="22"/>
						<String ID="P10_ST00208" HPOS="2023" VPOS="2084" WIDTH="381" HEIGHT="57" CONTENT="Menschlichkeit!" WC="1.00" CC="111111111111111"/>
					</TextLine>
					<TextLine ID="P10_TL00021" HPOS="303" VPOS="2162" WIDTH="1429" HEIGHT="69">
						<String ID="P10_ST00209" HPOS="303" VPOS="2173" WIDTH="378" HEIGHT="56" CONTENT="Weltlichkeit" WC="1.00" CC="111111111111"/>
						<SP ID="P10_SP00189" HPOS="681" VPOS="2229" WIDTH="31"/>
						<String ID="P10_ST00210" HPOS="712" VPOS="2175" WIDTH="122" HEIGHT="45" CONTENT="wird" WC="1.00" CC="1111"/>
						<SP ID="P10_SP00190" HPOS="834" VPOS="2229" WIDTH="32"/>
						<String ID="P10_ST00211" HPOS="866" VPOS="2186" WIDTH="90" HEIGHT="35" CONTENT="uns" WC="1.00" CC="111"/>
						<SP ID="P10_SP00191" HPOS="956" VPOS="2229" WIDTH="31"/>
						<String ID="P10_ST00212" HPOS="987" VPOS="2172" WIDTH="193" HEIGHT="59" CONTENT="führen!" WC="1.00" CC="1111111"/>
						<SP ID="P10_SP00192" HPOS="1180" VPOS="2231" WIDTH="548"/>
						<String ID="P10_ST00213" HPOS="1728" VPOS="2162" WIDTH="4" HEIGHT="69" CONTENT="«" WC="1.00" CC="5" STYLEREFS="TXT_6"/>
					</TextLine>
				</TextBlock>
				<TextBlock ID="P10_TB00003" HPOS="1880" VPOS="2243" WIDTH="464" HEIGHT="59" STYLEREFS="TXT_2 PAR_RIGHT">
					<TextLine ID="P10_TL00022" HPOS="1882" VPOS="2243" WIDTH="462" HEIGHT="59">
						<String ID="P10_ST00214" HPOS="1882" VPOS="2243" WIDTH="187" HEIGHT="59" CONTENT="Rudolf" WC="1.00" CC="111111" STYLEREFS="TXT_8"/>
						<SP ID="P10_SP00193" HPOS="2069" VPOS="2302" WIDTH="29"/>
						<String ID="P10_ST00215" HPOS="2098" VPOS="2243" WIDTH="246" HEIGHT="59" CONTENT="Leonhard" WC="1.00" CC="22222222"/>
					</TextLine>
				</TextBlock>
			</PrintSpace>
		</Page>
	</Layout>
</alto>
