2659 4028
250 3718 66 35 LA
348 3715 123 38 CITE

1304 3703 90 47 248

2028 3717 270 47 JUIN-OCT.
2334 3720 90 35 1920

463 205 477 45 ECHOS
1080 204 146 44 ET
1367 198 910 48 NOUVELLES

126 424 116 82 Un
283 423 350 100 Congrès
670 422 203 80 d'art
908 420 388 82 moderne

198 597 143 43 Notre
370 600 183 47 époque
584 598 116 39 n'est
730 613 81 33 pas
841 598 188 48 propice
1059 597 25 38 à
1114 594 41 41 la
1186 594 110 41 lutte

131 660 83 42 des
252 660 127 41 idées
419 669 45 31 et
502 662 26 38 à
570 658 81 42 des
693 658 272 42 discussions
1006 656 212 42 d'écoles.
1266 655 29 41 11

128 721 178 43 semble
337 739 87 34 que
456 731 149 32 toutes
635 720 62 42 les
728 723 204 48 énergies
962 722 147 39 soient
1139 718 130 41 absor-

128 783 113 44 bées
268 801 84 35 par
381 782 194 44 l'œuvre
603 786 223 39 immense
856 782 59 42 de
944 781 41 42 la
1017 791 251 32 reconstruc-

130 849 96 40 tion
252 863 59 25 ou
337 844 249 53 s'épuisent
613 844 115 43 dans
753 844 41 42 le
821 843 156 43 labeur
1003 861 87 34 que
1119 842 62 42 les
1210 842 63 41 dif-

131 908 175 43 ficultés
332 907 274 43 matérielles
636 910 230 47 imposent
894 909 26 38 à
949 916 103 31 tous
1079 922 113 25 ceux
1222 907 73 48 qui

128 987 59 25 ne
217 970 187 43 veulent
436 974 96 38 être
566 969 81 43 des
678 969 244 52 profiteurs
954 968 59 41 de
1046 968 41 41 la
1120 983 170 35 guerre.

198 1032 124 52 Quoi
360 1032 108 52 qu'il
504 1049 57 26 en
596 1034 101 45 soit,
737 1030 28 43 il
801 1048 49 24 se
885 1030 82 42 fait
1002 1028 292 53 aujourd'hui

128 1105 165 33 autour
318 1093 61 44 de
404 1095 103 42 l'art
530 1093 225 43 moderne
780 1104 46 31 et
851 1092 59 42 de
936 1109 69 26 ses
1031 1091 235 43 manifesta-

130 1160 118 39 tions
276 1161 33 38 si
335 1174 89 34 peu
452 1156 58 41 de
535 1154 121 44 bruit
683 1173 88 34 que
798 1154 93 43 l'on
919 1156 204 50 pourrait
1151 1157 143 38 croire

127 1222 228 40 vraiment
382 1236 87 34 que
497 1229 131 31 notre
655 1220 168 40 société
852 1216 366 51 d'après-guerre
1248 1233 46 24 se

130 1281 300 43 désintéresse
464 1281 57 42 de
552 1297 52 24 ce
637 1297 87 34 que
756 1297 113 24 nous
903 1296 167 24 savons
1103 1283 95 36 être
1231 1277 62 42 les

129 1343 149 42 forces
298 1342 163 43 vitales
485 1342 58 42 de
567 1342 111 42 l'art.

198 1404 170 48 Certes,
401 1422 117 34 pour
544 1408 74 47 qui
648 1415 108 31 veut
786 1403 231 47 observer,
1049 1403 27 42 il
1108 1415 66 29 est
1202 1405 91 39 aisé

130 1467 60 44 de
208 1470 102 39 voir
330 1485 88 33 que
441 1467 196 42 derrière
659 1466 41 42 la
723 1465 197 43 veulerie
944 1465 57 42 de
1023 1465 41 42 la
1084 1469 74 38 vie
1181 1483 82 33 quo-

131 1529 202 43 tidienne
369 1530 212 50 s'agitent
617 1528 106 43 bien
765 1528 80 42 des
884 1531 206 48 passions
1129 1539 44 30 et

128 1596 131 38 rêves
293 1591 128 41 d'art.
459 1591 115 42 Mais
608 1591 91 42 afin
734 1591 57 41 de
824 1605 245 27 conserver
1102 1589 95 42 leur
1229 1589 63 41 foi

129 1669 58 28 en
215 1653 202 47 l'avenir,
452 1653 26 42 il
511 1653 98 42 faut
639 1669 87 35 que
756 1664 102 31 tous
887 1669 115 25 ceux
1033 1655 73 43 qui
1136 1655 156 38 vivent

130 1715 137 43 d'une
304 1718 153 40 même
492 1718 172 48 pensée
699 1717 214 49 puissent,
956 1716 56 41 de
1051 1725 149 40 temps
1238 1732 54 23 en

129 1788 163 41 temps,
319 1779 284 41 communier
626 1794 56 25 en
706 1777 95 42 leur
826 1777 132 41 idéal.

197 1839 125 43 C'est
344 1839 115 42 dans
479 1857 53 24 ce
551 1838 83 43 but
656 1857 89 33 que
767 1839 41 42 la
831 1839 178 42 Société
1031 1842 261 38 anversoise

132 1917 26 28 «
186 1901 229 43 Moderne
442 1901 147 43 Kunst
615 1918 23 25 »
671 1918 242 35 provoque
939 1918 88 25 une
1055 1911 239 32 rencontre

131 1964 58 42 de
226 1975 101 31 tous
361 1981 112 24 ceux
509 1967 73 48 qui
617 1964 306 42 s'intéressent
957 1980 88 25 aux
1080 1963 187 42 manifes-

130 2028 168 39 tations
324 2027 62 40 les
408 2025 100 52 plus
534 2029 202 38 récentes
760 2025 59 42 de
842 2025 114 43 l'art.
991 2041 21 26 «
1041 2024 126 43 Dans
1194 2036 100 30 tous

131 2088 62 42 les
227 2088 239 41 domaines
501 2088 57 41 de
591 2087 214 43 l'activité
837 2087 214 43 humaine
1142 2114 7 4 -
1180 2105 114 23 nous

132 2149 148 43 disent
303 2149 65 43 les
391 2152 334 48 organisateurs
744 2175 68 5 -
834 2166 46 25 se
901 2161 106 30 sont
1031 2159 161 32 ouvert
1215 2149 79 41 des

130 2215 310 48 perspectives
465 2211 247 43 nouvelles.
746 2212 29 42 11
802 2229 55 25 en
884 2223 67 30 est
977 2212 58 41 de
1061 2215 151 40 même
1238 2230 55 23 en

130 2285 82 31 art.
252 2274 85 42 Les
371 2284 219 42 concepts
622 2276 182 40 anciens
837 2274 69 50 s'y
939 2286 104 30 sont
1076 2277 127 39 mués
1238 2292 55 23 en

129 2346 119 32 cette
280 2339 185 48 passion
500 2339 74 48 qui
603 2353 167 34 pousse
803 2335 266 43 l'humanité
1103 2339 25 38 à
1162 2336 132 41 lutter

127 2409 161 31 contre
313 2397 64 43 les
403 2401 259 49 puissances
690 2398 61 42 du
776 2401 131 49 passé
932 2398 92 42 afin
1053 2399 57 41 de
1137 2415 130 25 recon-

130 2462 151 50 quérir
305 2477 48 25 sa
381 2459 160 43 liberté
565 2459 247 52 spirituelle
838 2471 44 31 et
907 2460 262 42 matérielle.
1202 2460 92 41 Des

130 2521 128 44 idées
287 2521 60 43 de
374 2521 100 52 plus
502 2539 56 26 en
587 2521 100 54 plus
715 2522 182 43 hardies
925 2540 30 33 y
983 2533 177 32 entrent
1187 2540 80 23 con-

130 2583 315 43 tinuellement
478 2601 54 25 en
567 2584 122 43 lutte.
727 2584 71 42 De
828 2583 95 44 leur
955 2584 208 42 violence
1198 2584 97 42 doit

131 2648 188 40 émaner
353 2664 61 24 un
452 2650 104 49 jour
607 2645 42 43 le
686 2647 272 42 fondement
1012 2647 108 41 d'un
1160 2647 135 41 ordre

131 2725 225 30 nouveau,
394 2708 279 43 c'est-à-dire
710 2709 106 42 d'un
851 2709 114 50 style
998 2726 224 25 nouveau.

199 2770 159 44 Avant
392 2770 42 43 la
468 2787 171 35 guerre,
676 2781 131 32 notre
839 2789 112 33 pays
986 2789 24 23 a
1042 2774 114 38 suivi
1191 2782 102 39 trop

132 2831 292 43 servilement
467 2833 41 41 le
550 2845 298 29 mouvement
890 2836 232 49 artistique
1167 2850 103 24 euro-

130 2897 131 48 péen.
314 2894 117 42 Mais
480 2895 40 41 le
567 2894 276 52 cataclysme
890 2895 204 42 mondial
1146 2896 57 41 lui
1270 2914 24 22 a

130 2959 197 49 apporté
361 2967 98 33 tant
493 2956 58 43 de
582 2956 218 44 ferments
831 2975 244 25 nouveaux
1110 2958 106 50 qu'il
1248 2975 47 23 se

130 3030 99 31 sent
255 3017 291 54 aujourd'hui
572 3019 183 51 grandir
784 3019 59 43 du
870 3020 278 42 substratum
1175 3019 119 42 idéal

132 3081 59 42 de
214 3091 128 32 toute
366 3092 133 32 notre
523 3084 194 49 époque,

198 3142 46 44 A
273 3145 197 50 présent,
504 3142 27 43 il
563 3153 108 33 veut
701 3161 47 25 se
779 3145 163 42 rendre
974 3148 232 39 conscient
1238 3145 56 40 de

130 3222 53 25 ce
204 3204 291 43 substratum.
527 3204 31 43 Il
584 3215 108 33 veut
716 3207 235 42 s'orienter
976 3224 57 25 au
1060 3207 151 42 milieu
1238 3207 58 40 de

130 3285 49 24 sa
214 3266 226 43 diversité.
476 3266 178 43 Tâcher
687 3268 104 43 d'en
824 3268 235 52 expliquer
1093 3268 64 42 les
1189 3287 79 22 con-

132 3329 267 43 tradictions
430 3340 45 31 et
504 3333 217 48 acquérir,
753 3348 84 33 par
883 3348 60 24 un
973 3348 194 24 examen
1216 3334 59 37 cri-

131 3395 123 48 tique
287 3391 297 52 approfondi,
622 3391 80 44 des
737 3391 204 44 données
972 3396 218 48 positives
1223 3395 72 48 qui

131 3456 225 40 serviront
386 3453 58 43 de
472 3453 136 51 guide
636 3457 116 39 aussi
779 3454 106 43 bien
915 3473 116 33 pour
1057 3459 124 37 créer
1210 3473 86 32 que

130 3533 118 33 pour
273 3515 210 51 analyser
509 3515 80 43 des
615 3533 180 25 œuvres
822 3516 129 42 d'art.

1443 403 63 43 Le
1531 402 157 43 Cercle
1718 418 22 26 «
1771 402 88 42 Art
1884 401 227 42 Moderne
2138 418 21 23 »
2192 419 24 22 a
2242 418 77 23 cru
2345 403 196 48 pouvoir

1376 469 151 38 mieux
1562 464 222 43 satisfaire
1822 481 74 24 ces
1950 465 269 49 aspirations
2259 480 54 23 en
2368 479 152 24 convo

1374 539 141 40 quant
1538 544 60 24 un
1624 526 218 50 Congrès.
1872 525 111 42 Cela
2009 542 92 25 non
2126 524 254 42 seulement
2404 541 136 32 parce

1377 607 86 35 que
1505 590 40 41 la
1588 589 344 41 confrontation
1974 590 172 38 sincère
2188 587 59 41 de
2289 597 148 31 toutes
2478 586 62 40 les

1376 655 212 49 opinions
1619 661 68 32 est
1719 649 42 44 le
1793 667 170 33 moyen
1993 649 42 42 le
2065 649 102 52 plus
2198 651 73 40 sûr
2305 648 235 41 d'éclairer

1375 714 63 42 les
1461 723 179 41 aspects
1666 712 151 43 divers
1844 712 79 42 des
1948 714 231 49 questions
2204 728 87 34 que
2316 709 94 43 l'on
2436 728 78 24 exa-

1373 778 135 45 mine,
1539 777 115 40 mais
1678 774 261 52 également
1963 773 93 43 afin
2084 773 59 42 de
2169 776 125 39 créer
2322 771 80 42 des
2429 772 111 41 liens

1374 849 127 31 entre
1540 837 62 42 les
1641 837 149 42 forces
1827 839 254 48 artistiques
2120 834 293 53 aujourd'hui
2453 834 64 40 dis-

1373 903 183 49 persées
1578 900 114 42 dont
1717 899 42 43 la
1783 901 301 48 coopération
2109 909 67 31 est
2199 896 340 52 indispensable

1372 965 28 40 à
1438 961 237 43 l'éclosion
1716 961 115 42 dans
1869 971 131 32 notre
2058 977 113 34 pays
2213 959 110 42 d'un
2365 963 173 38 intense

1372 1035 300 31 mouvement
1707 1026 232 48 artistique
1975 1023 58 40 de
2068 1022 301 50 signification
2406 1024 110 38 inter-

1373 1086 243 42 nationale.
1655 1085 88 43 Car
1775 1086 111 40 c'est
1918 1084 105 42 bien
2058 1084 41 42 là
2131 1083 40 43 le
2202 1084 82 41 but
2316 1102 87 32 que
2437 1094 101 30 tous

1372 1166 113 26 ceux
1518 1152 75 47 qui
1626 1159 243 40 partagent
1901 1164 84 25 nos
2018 1146 125 42 idées
2179 1147 189 40 doivent
2402 1163 108 33 pour-

1372 1215 168 43 suivre;
1581 1227 115 25 nous
1735 1227 56 24 ne
1832 1209 195 42 voulons
2068 1211 129 48 point
2236 1211 236 38 continuer
2512 1211 25 37 à

1372 1277 94 38 être
1504 1273 80 42 des
1636 1275 232 48 épigones,
1908 1288 115 25 nous
2076 1270 196 42 voulons
2326 1274 94 37 être
2458 1269 79 41 des

1370 1338 232 48 pionniers
1628 1352 57 24 au
1716 1338 171 37 service
1919 1333 57 42 de
2007 1333 265 41 l'humanité
2305 1343 125 30 toute
2461 1349 49 24 en-

1372 1399 111 41 tière
1511 1413 42 27 ».

1440 1459 61 42 Le
1526 1459 206 51 Congrès
1755 1476 108 23 aura
1888 1458 86 41 lieu
1999 1461 25 37 à
2048 1458 194 45 Anvers,
2272 1457 62 40 les
2361 1457 145 40 diman-

1372 1522 85 42 che
1499 1521 56 43 10
1591 1533 44 31 et
1670 1521 126 42 lundi
1840 1521 9 40 1
1875 1521 9 40 1
1933 1521 191 40 octobre
2169 1518 136 47 1920,
2348 1519 113 40 dans
2496 1517 41 42 la

1375 1601 22 24 «
1435 1582 120 44 Salle
1607 1582 265 43 Beethoven
1910 1599 41 30 »,
1997 1582 68 46 11,
2103 1598 77 24 rue
2231 1580 69 41 De
2336 1580 128 42 Bom.
2505 1580 29 40 Il

1370 1647 221 41 s'ouvrira
1630 1646 41 40 le
1708 1644 243 42 dimanche
1988 1647 25 37 à
2059 1644 8 40 1
2086 1643 26 41 0
2149 1643 41 41 h.
2235 1642 59 41 30
2333 1660 81 33 par
2447 1659 89 24 une

1371 1707 274 44 conférence
1701 1707 263 51 inaugurale
2019 1706 58 41 de
2131 1705 60 41 M.
2233 1705 131 49 Jozef
2402 1704 131 41 Muls.

1372 1770 338 52 L'après-midi,
1751 1769 60 42 M.
1852 1768 137 42 Huib.
2048 1767 145 42 Hoste
2247 1767 178 50 parlera
2479 1766 57 40 de

1377 1849 22 26 «
1438 1831 350 43 l'Architecture
1841 1842 43 30 et
1922 1831 41 41 la
2016 1830 178 42 Sdciété
2232 1829 224 41 moderne
2493 1845 40 29 »,

1371 1894 62 43 M.
1472 1894 45 42 L.
1554 1911 91 26 van
1678 1893 83 44 der
1791 1892 258 44 Swaelmen
2086 1907 22 26 «
2146 1891 92 42 Des
2270 1889 266 53 complexes

1372 1955 331 44 d'habitations
1724 1954 247 44 modernes
1995 1971 39 25 ».
2062 1954 43 42 A
2129 1953 27 43 8
2183 1953 241 46 heures,M.
2452 1952 56 41 Lo-

1372 2018 165 51 dewyk
1560 2017 183 52 Ontrop
1769 2016 177 53 parlera
1973 2017 79 41 des
2081 2032 22 25 «
2128 2015 272 42 Tendances
2425 2033 82 22 nou-

1369 2080 144 43 velles
1539 2097 57 26 en
1625 2082 207 50 musique
1861 2095 41 26 ».

1440 2141 63 46 Le
1522 2142 139 48 lundi,
1685 2144 28 40 à
1734 2140 29 44 8
1783 2140 42 43 h.
1855 2140 74 48 30,
1954 2140 276 43 conférence
2253 2140 56 41 de
2332 2140 60 41 M.
2420 2139 86 41 Hus-

1370 2222 77 26 zar
1469 2222 74 25 sur
1569 2220 22 26 «
1619 2204 65 42 La
1705 2202 231 53 sculpture
1959 2203 226 42 moderne
2208 2219 41 30 »,
2277 2203 58 41 de
2360 2202 61 41 M.
2450 2201 81 42 Ed.

1372 2266 214 43 Léonard
1620 2283 74 26 sur
1731 2281 22 27 «
1790 2265 123 43 L'art
1946 2265 233 42 industriel
2215 2278 33 28 >.
2287 2264 65 41 Ce
2386 2267 150 38 même

1370 2333 104 48 jour
1499 2328 81 44 des
1606 2328 297 43 conférences
1929 2344 75 26 sur
2031 2342 22 26 «
2082 2326 64 44 La
2172 2327 142 50 Jeune
2341 2325 195 42 Flandre

1373 2403 46 31 et
1452 2391 42 42 la
1544 2390 252 43 littérature
1829 2403 36 35 >,
1925 2405 22 27 «
1985 2389 64 42 Le
2079 2387 198 44 Théâtre
2312 2405 40 29 »,
2413 2405 21 24 «
2475 2387 61 41 La

1370 2452 334 52 psycoanalyse
1728 2470 57 25 en
1812 2462 98 32 tant
1936 2469 87 33 que
2049 2454 175 39 science
2249 2450 237 42 confinant
2512 2453 24 37 à

1372 2516 42 42 la
1443 2518 187 49 critique
1658 2517 233 49 artistique
1921 2531 40 30 »,
1999 2530 22 25 «
2054 2514 62 41 La
2146 2513 301 52 signification
2480 2513 57 40 de

1372 2577 233 43 l'élément
1631 2575 239 53 populaire
1898 2593 55 24 en
1981 2586 69 31 art
2077 2587 43 30 et
2147 2575 248 42 littérature
2425 2591 40 24 ».

1438 2638 243 53 Signalons
1706 2656 88 34 que
1820 2638 41 42 la
1887 2641 242 39 cotisation
2156 2656 57 23 au
2240 2638 206 50 Coingrès
2472 2648 65 30 est

1374 2702 59 42 de
1466 2700 22 44 5
1524 2701 161 42 francs.
1720 2700 85 43 Les
1834 2703 286 48 inscriptions
2150 2718 47 24 se
2228 2709 223 41 prennent
2482 2717 55 23 au

1373 2767 260 38 secrétariat
1666 2763 58 42 du
1762 2763 157 42 Cercle
1974 2779 21 25 «
2034 2762 226 41 Moderne
2313 2762 145 41 Kunst
2494 2779 40 28 »,

1374 2825 336 51 Begijnenvest,
1748 2824 104 48 101,
1882 2825 193 41 Anvers.

1675 2945 557 83 Concours

1442 3081 334 43 CONCOURS
1823 3081 254 42 ANNUEL
2122 3080 79 42 DE
2248 3080 286 46 RELEVES,

1374 3155 163 31 ouvert
1560 3161 83 33 par
1670 3143 41 42 la
1738 3143 178 43 Société
1943 3144 200 41 centrale
2172 3143 367 41 d'Architecture

1374 3206 57 41 de
1460 3206 228 51 Belgique.
1816 3206 61 41 Le
1907 3206 178 41 dernier
2113 3206 189 41 bulletin
2334 3205 57 41 de
2419 3216 118 30 cette

1372 3271 169 38 société
1568 3268 235 50 reproduit
1826 3268 41 41 le
1893 3285 295 34 programme
2214 3268 60 41 du
2299 3285 234 23 concours.

1376 3330 337 51 L'importance
1749 3330 80 41 des
1865 3333 166 47 primes
2082 3333 73 47 qui
2190 3340 153 31 seront
2395 3329 123 41 distri-

1372 3392 141 41 buées
1544 3395 114 38 n'est
1687 3410 82 33 pas
1800 3410 165 23 encore
1996 3393 293 40 déterminée.
2326 3392 81 40 Les
2440 3391 74 40 des-

1376 3457 88 39 sins
1503 3466 43 30 et
1585 3454 271 42 documents
1913 3455 197 41 devront
2163 3457 93 38 être
2312 3457 134 38 remis
2503 3453 36 40 le

1382 3517 8 39 1
1409 3516 26 40 8
1458 3520 175 46 janvier
1664 3516 134 42 1921.
