2659 4028
1274 3695 90 49 253

1996 3708 266 47 JUIN-OCT.
2296 3711 93 37 1920

261 3709 65 37 LA
377 3699 122 47 CITÉ

316 319 45 33 H.
394 319 116 33 Vaes.
625 317 28 34 L
670 317 227 42 Exposition
929 317 46 33 de
1008 316 34 33 la
1072 318 59 31 vie
1163 315 127 34 rurale
1322 329 49 19 au
1404 314 124 34 Palais
1559 315 22 33 d
1599 314 179 41 Egmont.
1813 313 51 33 Le

541 379 95 36 Sens
667 378 50 35 du
747 378 287 42 Régionalisme
1984 374 50 34 IV
2274 371 68 34 103

316 442 175 35 Léandre
515 441 157 34 Vaillat.
776 440 52 33 L»
852 440 192 41 Question
1071 440 65 32 des
1164 439 112 33 Plans
1300 439 341 41 d'aménagement
1668 451 46 20 en
1742 437 146 33 France
1965 436 67 34 VII
2273 433 69 33 132

314 517 76 21 van
417 505 70 33 der
513 503 229 35 Swaelme».
853 501 304 37 Concordances
2006 499 26 33 II
2295 495 47 34 25

310 579 75 21 van
410 567 68 33 der
502 565 230 34 Swaelme*.
836 564 227 42 Exposition
1091 563 45 34 de
1162 562 34 35 la
1222 563 338 34 Reconstruction.
1590 562 70 33 Les
1687 561 175 34 Sections

538 629 226 39 étrangères
790 625 274 35 d'Urbanisme
1092 628 187 38 comparé
1328 661 8 3 _
1927 621 109 36 IV-V
2254 661 5 4 _
2293 618 49 35 69

314 691 122 41 Raph.
460 689 264 42 Verwilgk®».
825 687 278 35 L'Urbanisme
1128 687 95 33 dans
1245 686 54 35 les
1323 686 202 34 différents
1550 700 94 27 pays
1979 683 52 34 VI
2292 681 48 33 93

311 752 123 41 Raph.
462 750 264 42 Verwilghen.
834 750 50 34 Le
913 749 204 35 Problème
1146 748 160 35 foncier.
1337 748 76 33 Son
1442 747 194 34 influence
1664 761 64 20 sur
1755 745 84 35 l'Ha-

539 814 95 33 bitat
664 815 156 31 ouvrier
1980 807 49 33 XI
2265 806 76 33 220

312 877 122 42 Raph.
463 876 265 39 Verwilfhea.
836 875 53 33 La
915 874 133 34 Grand
1068 873 112 34 Place
1206 874 47 34 de
1283 872 146 34 Furnes
1945 868 88 35 VIII
2271 868 7 33 1
2295 867 45 34 54

312 938 122 42 Raph.
466 937 265 41 Verwilghe*.
844 936 51 34 La
927 936 154 34 Section
1112 935 47 34 de
1190 934 188 35 l'Flabitat
1410 937 21 30 à
1462 933 256 43 l'Exposition
1749 932 47 34 de
1829 932 35 34 la

538 1000 325 34 Reconstruction
1927 993 107 35 IV-V
2292 992 50 34 87

312 1063 122 41 Raph.
465 1063 263 42 Verwilghen.
797 1082 17 5 -
840 1061 84 34 Une
954 1063 238 40 importante
1226 1058 168 36 réforme
1425 1058 46 35 de
1500 1066 114 27 notre
1645 1057 217 43 législation

538 1138 46 19 en
613 1126 161 32 matière
801 1122 285 35 d'Urbanisme.
1117 1119 244 38 L'arrêté-loi
1390 1121 49 34 du
1468 1120 18 34 2
1498 1119 17 35 5
1545 1122 92 32 août
1672 1117 96 36 1915
2021 1119 9 32 I
2300 1117 40 32 17

369 1187 103 34 Idem
2001 1179 29 35 II
2292 1178 47 34 33

311 1249 41 34 R.
381 1248 46 33 V.
537 1248 51 34 Le
616 1248 205 34 Concours
850 1261 99 28 pour
978 1247 34 33 la
1042 1248 310 33 reconstruction
1383 1246 50 34 du
1461 1244 161 35 Marché
1651 1258 76 19 aux
1756 1244 82 33 Pois-

538 1324 102 23 sons,
668 1313 20 30 à
713 1309 143 34 Lierre.
884 1308 59 34 Un
969 1322 253 28 programme
1250 1307 150 35 modèle
1979 1305 49 33 VI
2271 1306 5 29 1
2300 1305 38 30 14

312 1373 38 34 E.
374 1373 143 34 Vinck.
618 1371 174 35 L'Union
817 1371 65 33 des
906 1369 120 35 Villes
1049 1379 37 26 et
1110 1368 256 43 l'Exposition
1391 1369 46 35 de
1462 1368 36 34 la
1522 1368 325 34 Reconstruction
1925 1366 106 35 IV-V
2292 1364 47 35 58

313 1434 37 34 P.
376 1435 137 32 Vorin.
620 1433 102 34 Pour
747 1432 161 35 devenir
931 1432 75 35 bon
1035 1446 21 20 a
1062 1431 186 34 rchitecte
1979 1428 50 35 XI
2263 1428 45 32 23
2326 1428 6 32 1

748 1601 521 65 Classement
1324 1597 600 78 géographique

313 1727 205 34 Aerschot.
628 1725 227 43 Exposition
884 1724 46 35 de
958 1724 35 33 la
1020 1724 329 34 Reconstruction
1923 1718 102 36 IV-V
2290 1717 47 33 64

312 1790 165 33 Anvers.
589 1787 267 35 Conférences
887 1790 19 29 à
936 1785 254 42 l'Exposition
1220 1784 46 34 de
1295 1785 35 33 la
1360 1785 309 32 Reconstrucion
1978 1781 50 34 VI
2270 1781 5 30 1
2299 1780 4 47 1
2319 1780 18 31 2

313 1851 164 33 Anvers.
583 1849 51 34 Le
661 1849 205 34 Concours
892 1848 33 34 d*
2003 1843 25 33 II
2290 1842 19 32 2
2320 1843 18 31 4

372 1912 102 35 Idem
1986 1903 45 35 m
2293 1905 19 31 4
2326 1904 14 31 7

313 1973 274 35 Audenaerde.
695 1972 270 42 Dégagement
993 1971 46 34 de
1065 1970 146 42 l'église
2003 1967 25 32 II
2292 1966 17 31 2
2320 1966 19 31 9

314 2034 207 35 Bruxelles.
626 2034 52 33 La
702 2033 158 36 Grande
885 2033 216 34 Boucherie
1962 2028 67 34 VII
2269 2027 71 33 136

371 2097 101 34 Idem
1945 2090 84 34 VIII
2269 2089 71 34 170

1938 2151 35 34 X
2262 2150 77 34 204

312 2218 209 36 Bruxelles.
634 2218 69 35 Les
731 2232 209 21 nouveaux
969 2217 140 34 locaux
1136 2216 47 34 de
1213 2217 34 33 la
1276 2218 36 31 vi
1317 2216 47 35 lie
1537 2220 6 7 *
2001 2214 27 34 II
2291 2213 48 33 30

312 2280 208 36 Bruxelles.
548 2302 58 5 -
632 2281 256 34 L'université
918 2280 46 34 de
2002 2276 25 33 11
2294 2276 43 31 32

312 2342 208 35 Bruxelles.
626 2342 53 35 La
703 2342 218 42 Quinzaine
948 2340 302 35 internationale
1978 2338 50 33 XI
2262 2337 76 33 234

312 2404 209 35 Bruxelles.
637 2404 176 42 Congrès
845 2403 248 43 anglo-belge
1124 2402 219 42 d'Hygiène
1962 2399 67 35 VII
2269 2400 6 31 1
2292 2399 17 32 3
2323 2401 16 30 7

312 2466 208 34 Bruxelles.
625 2465 247 35 Conférence
896 2464 207 34 Nationale
1129 2464 45 34 de
1199 2462 257 36 l'Habitation
1483 2466 20 30 à
1528 2463 77 34 bon
1633 2477 62 19 ma
1702 2462 89 33 rché
1945 2461 83 34 VIII
2269 2460 68 34 165

314 2528 177 42 Chauny.
602 2528 206 33 Concours
2019 2524 9 34 I
2299 2525 5 31 1
2322 2524 15 30 3

314 2589 177 42 Chauny.
603 2590 318 41 Aménagement
950 2589 45 34 de
1022 2593 5 5 '
1994 2585 35 34 X
2262 2585 18 33 2
2298 2586 5 32 !
2319 2585 20 33 6

312 2651 157 35 Dînant.
573 2650 54 36 Le
654 2653 312 32 reconstruction
995 2650 46 35 de
2018 2647 313 34 111

312 2712 156 35 Dinant.
570 2712 229 42 Exposition
825 2712 45 35 de
897 2713 34 33 la
955 2713 326 33 Reconstruction
1925 2709 106 34 IV-V
2290 2709 20 33 6
2321 2710 17 32 7

312 2774 156 35 Dinant.
571 2775 206 34 Concours
2018 2772 10 33 I
2297 2772 6 31 1
2320 2771 16 32 5

311 2834 157 37 Dinant.
574 2836 206 35 Concours
806 2851 101 27 pour
931 2836 33 34 le
992 2850 118 27 genre
1137 2834 278 36 architectural
1984 2833 43 34 111
2290 2832 45 34 52

312 2897 155 35 Dinant.
566 2898 128 34 Genre
716 2897 278 35 architectural
1019 2900 20 30 à
1063 2897 165 41 adopter
1251 2912 99 27 pour
1374 2896 35 34 la
1434 2898 294 32 reconstrucion
1960 2895 67 33 VII
2267 2895 68 33 143

312 2958 155 36 Dinant.
573 2959 116 35 Hôtel
715 2960 46 35 de
784 2959 112 35 Ville.
925 2959 204 34 Concours
1960 2957 66 34 VII
2268 2958 68 32 144

312 3020 155 36 Dinant.
579 3021 116 35 Hôtel
726 3022 46 35 de
799 3020 101 35 Ville
1978 3019 49 33 XI
2260 3019 77 33 239

312 3081 156 36 Dinant.
492 3099 59 12 *—
574 3083 207 35 Concours
806 3083 303 35 d'architecture
1135 3097 101 28 pour
1260 3083 36 35 le
1321 3082 144 34 Casino
1943 3080 85 35 VIII
2267 3080 13 45 l
2293 3080 12 45 7
2318 3080 12 45 I

310 3142 205 37 Dîxmude.
623 3144 228 43 Exposition
880 3145 45 35 de
954 3145 35 33 la
1015 3144 328 35 Reconstruction
1924 3142 107 35 IV-V
2289 3143 47 34 62

314 3204 156 36 Furnes.
585 3206 50 35 Le
665 3205 94 35 Plan
788 3206 343 42 d'aménagement
1160 3206 46 35 de
1234 3205 146 35 Fûmes
1415 3220 7 19 :
1452 3205 115 35 Huib.
1598 3205 123 34 Hoste
1943 3203 84 35 VIII
2268 3204 70 34 158

314 3267 155 35 Furnes.
580 3268 52 34 La
659 3267 265 35 Grand'Flace
959 3283 7 19 :
994 3269 41 33 R.
1065 3267 250 43 Verwilghen
1943 3265 89 35 VIII'
2267 3266 70 34 154

313 3328 156 35 Furnes.
588 3330 272 43 Dégagement
893 3330 46 35 de
972 3329 146 43 l'église
1971 3349 7 3 -
2001 3328 26 34 II
2289 3328 49 34 29

312 3391 122 33 Gand.
539 3391 229 42 Exposition
793 3392 49 34 du
868 3391 194 35 Bâtiment
1087 3407 46 19 en
1167 3391 68 34 192
1251 3393 7 31 1
1993 3390 36 34 X
2260 3390 75 34 215

313 3452 34 33 H
352 3467 101 20 erve.
558 3453 229 42 Exposition
812 3454 45 34 de
883 3454 36 33 la
945 3454 327 33 Reconstruction
1924 3452 106 34 IV-V
2290 3454 49 33 66
