2659 4028
1264 3704 91 48 255

251 3721 64 36 LA
368 3710 122 48 CITÉ

1985 3716 265 48 JUIN-OCT.
2287 3718 91 37 1920

1028 333 513 62 Urbanisme

296 459 207 35 Manifeste
531 458 66 34 des
625 458 228 34 Urbanistes
880 457 131 42 belges
1969 453 44 33 111
2277 449 16 33 3
2308 449 16 33 7

296 521 278 34 L'Urbanisme
602 519 96 35 dans
726 520 53 33 les
807 519 203 35 différents
1038 533 95 28 pays
1167 533 7 19 :
1202 519 123 40 Raph.
1356 517 250 42 Verwilghen
1962 514 51 34 VI
2274 512 52 35 93/

297 583 305 34 Concordances
636 597 6 18 :
669 581 39 35 L.
738 595 75 20 van
842 582 68 33 der
937 579 218 36 Swaelmen
1987 575 27 34 II
2276 575 19 32 2
2312 575 5 31 I

298 645 260 34 L'Harmonie
587 642 279 43 Urbanistique
899 658 6 18 :
933 642 95 42 Jean
1056 641 56 35 De
1140 642 120 42 Ligne
1947 639 67 32 VII
2256 637 5 32 1
2277 637 18 32 2
2313 637 4 48 1

297 708 53 33 La
373 706 143 35 Beauté
542 706 67 34 des
633 705 119 35 Villes
784 720 6 18 :
816 705 167 42 Jacques
1007 703 138 35 Mesnil
1928 700 85 35 VIII
2253 698 71 33 149

295 769 103 33 Pour
426 768 35 34 la
488 768 312 33 Reconstitution
828 767 66 34 des
919 766 348 42 Agglomérations
1295 765 188 34 détruites
1515 780 7 17 :
1549 764 94 42 Eug.
1673 763 208 42 Dhuicque
1979 762 34 33 X
2247 761 76 32 206

296 832 52 33 La
371 830 144 34 Grand'
515 830 121 34 Place
661 829 47 34 de
734 829 145 34 Furnes
910 843 6 19 :
940 829 41 33 R.
1008 827 252 43 Verwilghen
1929 824 85 34 VIII
2255 823 5 32 1
2278 823 15 32 5
2304 825 19 30 4

296 894 51 33 Le
373 892 94 34 Plan
494 892 343 41 d'aménagement
864 890 46 34 de
937 889 146 35 Furnes
1115 905 7 19 :
1150 889 115 34 Huib.
1294 889 122 34 Hoste
1930 886 84 33 VIII
2255 885 69 32 158

296 955 28 34 L
341 954 143 35 Edifice
511 963 35 24 et
573 953 32 35 le
630 953 132 34 Milieu
795 968 6 18 :
826 953 46 33 A.
901 952 183 34 Dervaux
1966 947 50 36 IX
2255 947 67 32 185

297 1016 269 42 Dégagement
593 1016 65 33 des
684 1017 115 32 vieux
826 1015 155 34 édifices
1699 1035 6 6 •
1979 1010 37 33 X
2246 1008 76 34 213

296 1079 51 34 Le
378 1079 259 41 dégagement
672 1077 65 34 des
771 1077 136 42 églises
1987 1070 27 35 II
2276 1071 17 33 2
2305 1072 18 31 9

296 1140 271 43 Dégagement
593 1140 46 33 de
665 1138 145 43 l'église
836 1138 46 35 de
909 1138 145 34 Furnes
1080 1149 35 23 et
1141 1138 23 33 d
1181 1137 264 34 Audenaerde
1987 1135 26 33 II
2275 1133 49 33 29

299 1203 176 41 Congrès
506 1201 192 35 interallié
729 1201 273 35 d'Urbanisme
1987 1197 27 33 II
2278 1196 46 33 36

297 1263 61 35 Un
382 1263 209 34 Urbaniste
612 1262 111 42 belge
753 1277 7 19 :
783 1262 116 35 Louis
922 1276 74 20 van
1020 1262 69 34 der
1112 1260 229 38 Swaelmen,
1368 1274 72 30 par
1461 1259 136 35 André
1621 1260 47 34 de
1693 1258 143 35 Ridder
1965 1258 51 33 IX
2254 1258 6 32 1
2279 1258 45 33 76

298 1326 193 42 Politique
520 1325 173 34 foncière
1971 1320 44 35 111
2277 1320 16 32 5
2312 1321 5 31 1

299 1388 51 33 Le
384 1387 204 34 Problème
624 1387 161 34 foncier.
820 1386 76 34 Son
931 1386 194 34 influence
1160 1399 66 21 sur
1259 1384 187 35 l'Habitat
1481 1386 157 32 ouvrier
1679 1399 6 18 :
1721 1383 123 42 Raph.

524 1447 251 43 Verwilghen
1965 1445 49 33 XI
2248 1444 76 33 220

296 1511 85 34 Une
409 1511 49 34 loi
484 1519 242 25 concernant
750 1510 329 41 l'aménagement
1105 1510 66 33 des
1199 1522 229 21 communes
1455 1523 46 19 en
1530 1507 147 35 France
2004 1507 9 33 I
2274 1506 49 33 20

298 1573 200 42 Adoption
527 1572 67 34 des
623 1585 230 21 communes
2005 1570 8 32 I
2275 1569 48 32 20

298 1635 52 33 La
384 1635 328 33 Reconstruction
745 1635 21 33 d
783 1634 125 41 Ypres
1968 1630 43 34 111
2274 1630 48 34 50

298 1697 52 34 La
379 1698 327 33 Reconstruction
738 1696 45 34 de
814 1696 129 33 Reims
1986 1693 27 33 II
2274 1693 48 32 30

1026 1860 572 63 Architecture

299 2001 51 34 Le
373 2001 177 42 Congrès
574 1999 181 34 National
779 1999 67 34 des
870 1998 233 34 architectes
1133 2012 6 19 :
1162 1998 124 41 Raym
1310 1997 204 34 Moenaert
1966 1996 49 33 VI
2255 1994 70 33 106

301 2062 255 42 Impressions
586 2061 222 34 malinoises
841 2074 7 20 :
876 2060 182 34 Obu-Roi
2006 2057 9 33 I
2284 2057 40 31 14

299 2123 51 35 Le
374 2123 153 42 Village
556 2139 6 18 :
587 2123 135 41 Raym.
748 2122 206 34 Moenaert
1946 2119 67 34 VII
2255 2118 68 33 123

300 2186 53 34 La
377 2186 153 33 Maison
557 2184 124 35 Idéale
715 2199 6 19 :
746 2184 94 42 Jean
866 2184 190 42 Eggericx
1982 2180 33 34 X
2255 2180 69 32 197

300 2246 50 35 Le
378 2246 94 35 Rôle
501 2248 261 40 économique
790 2254 36 26 et
853 2245 118 35 social
998 2245 67 35 des
1091 2245 127 33 Tours
1251 2259 6 19 :
1283 2245 95 40 Jean
1405 2244 56 34 De
1489 2244 119 42 Ligne
1966 2242 50 35 IX
2255 2242 6 32 1
2280 2242 43 32 73

301 2309 104 33 Pour
428 2309 161 34 devenir
613 2309 76 33 bon
717 2308 215 34 architecte
965 2321 6 19 :
997 2306 122 35 Henri
1145 2306 148 35 Baudin
1967 2304 51 34 IX
2255 2304 70 32 188

301 2370 104 34 Pour
431 2370 160 34 devenir
618 2370 78 33 bon
725 2370 213 33 architecte
971 2384 7 18 :
1005 2369 38 34 P.
1073 2369 124 34 Vorin
1965 2366 51 34 XI
2248 2365 70 33 231

301 2433 35 33 A
360 2433 35 33 la
420 2434 189 32 mémoire
630 2431 48 35 de
699 2431 157 35 Gabriel
880 2431 106 34 Char
991 2431 32 35 le
1054 2445 7 19 :
1085 2430 36 34 F.
1147 2430 37 34 B.
1944 2429 43 33 111
2276 2428 42 33 41

300 2493 138 35 Victor
458 2494 126 34 Horta
612 2508 6 20 ;
642 2493 164 34 Charles
827 2492 207 42 Conrardy
1964 2490 52 34 XI
2060 2522 5 7 ,
2248 2489 77 34 217

301 2556 59 33 Un
386 2569 253 28 programme
663 2555 336 42 d'enseignement
1030 2569 6 18 :
1060 2554 138 33 Victor
1220 2553 212 43 Bourgeois
1952 2552 63 33 VII
2257 2552 69 32 127

301 2617 54 33 La
378 2617 156 34 Grande
560 2617 215 33 Boucherie
1950 2614 66 34 VII
2256 2614 70 32 136

365 2678 104 35 Idem
1933 2674 85 36 VIII
2257 2676 70 33 170

302 2741 34 33 A
364 2755 145 28 propos
538 2741 46 34 de
612 2741 37 34 la
676 2741 157 34 Grande
861 2740 216 34 Boucherie
1981 2737 35 33 X
2248 2737 76 34 204

300 2802 143 34 Lierre.
546 2803 53 33 La
622 2802 101 34 Ville
748 2804 191 32 ancienne
1947 2798 66 35 XII
2247 2799 71 33 241

301 2864 121 34 Créer
447 2873 36 25 et
507 2880 78 18 non
609 2866 130 32 imiter
1983 2862 32 32 X
2248 2862 18 32 2
2284 2862 39 32 14

301 2926 53 34 La
376 2926 130 35 Manie
531 2926 50 34 du
605 2928 115 33 vieux
744 2925 95 35 neuf
1968 2922 49 35 IX
2255 2925 6 31 1
2277 2923 47 33 90

300 2988 51 34 La
379 2988 109 34 Crise
517 2988 45 34 de
590 2988 100 34 l'Art
719 2987 186 35 moderne
1966 2984 52 35 IX
2255 2985 69 33 194

1028 3139 567 63 Construction

301 3265 233 34 L'industrie
566 3266 50 33 du
645 3264 194 35 Bâtiment
1972 3261 43 35 ilï
2278 3261 45 33 53

300 3326 50 34 Le
378 3327 87 33 Prix
490 3327 68 33 des
585 3329 218 31 matériaux
829 3325 46 35 de
901 3328 270 31 construction
1948 3323 67 35 VII
2255 3323 69 33 134

358 3388 103 35 Idem
1933 3385 83 34 VIII
2256 3386 6 32 1
2280 3386 46 33 70

301 3449 130 34 Exode
458 3450 66 33 des
550 3452 177 32 ouvriers
753 3449 50 35 du
831 3449 193 34 Bâtiment
1973 3448 42 34 111
2279 3447 16 33 5
2306 3447 17 33 3
