<?xml version="1.0" encoding="UTF-8"?>
<alto xmlns:xsi="http://www.w3.org/2001/XMLSchema-instance" xmlns="http://www.loc.gov/standards/alto/ns-v2#" xsi:schemaLocation="http://www.loc.gov/standards/alto/ns-v2# http://www.loc.gov/standards/alto/alto-v2.0.xsd" xmlns:xlink="http://www.w3.org/1999/xlink">
	<Description>
		<MeasurementUnit>mm10</MeasurementUnit>
		<sourceImageInformation>
			<fileName>//fileserver7/IN2/Princeton/Batch2/bmtnaaq/1916/10/25_01/00000343.tif</fileName>
		</sourceImageInformation>
		<OCRProcessing ID="OCRPROCESSING_1">
			<preProcessingStep>
				<processingSoftware>
					<softwareCreator>CCS Content Conversion Specialists GmbH, Germany</softwareCreator>
					<softwareName>CCS docWORKS</softwareName>
					<softwareVersion>6.6-0.29</softwareVersion>
				</processingSoftware>
			</preProcessingStep>
			<ocrProcessingStep>
				<processingSoftware>
					<softwareCreator>ABBYY (BIT Software), Russia</softwareCreator>
					<softwareName>FineReader</softwareName>
					<softwareVersion>10.0</softwareVersion>
				</processingSoftware>
			</ocrProcessingStep>
		</OCRProcessing>
	</Description>
	<Styles>
		<TextStyle ID="TXT_0" FONTSIZE="10" FONTFAMILY="Times New Roman"/>
		<ParagraphStyle ID="PAR_CENTER" ALIGN="Center"/>
		<ParagraphStyle ID="PAR_RIGHT" ALIGN="Right"/>
		<ParagraphStyle ID="PAR_LEFT" ALIGN="Left"/>
	</Styles>
	<Layout>
		<Page ID="P5" PHYSICAL_IMG_NR="5" HEIGHT="4313" WIDTH="3078" PRINTED_IMG_NR="1167" PC="0.956">
			<TopMargin ID="P5_TM00001" HPOS="0" VPOS="0" WIDTH="3078" HEIGHT="304">
				<TextBlock ID="P5_TB00001" HPOS="1262" VPOS="248" WIDTH="526" HEIGHT="42" STYLEREFS="TXT_0 PAR_CENTER">
					<TextLine ID="P5_TL00001" HPOS="1262" VPOS="248" WIDTH="526" HEIGHT="42">
						<String ID="P5_ST00001" HPOS="1262" VPOS="248" WIDTH="245" HEIGHT="42" CONTENT="BRUNO'S" WC="0.99" CC="2000240"/>
						<SP ID="P5_SP00001" HPOS="1507" VPOS="290" WIDTH="45"/>
						<String ID="P5_ST00002" HPOS="1552" VPOS="249" WIDTH="236" HEIGHT="41" CONTENT="WEEKLY" WC="0.99" CC="700004"/>
					</TextLine>
				</TextBlock>
				<TextBlock ID="P5_TB00002" HPOS="2812" VPOS="261" WIDTH="103" HEIGHT="41" STYLEREFS="TXT_0 PAR_RIGHT">
					<TextLine ID="P5_TL00002" HPOS="2813" VPOS="261" WIDTH="102" HEIGHT="40">
						<String ID="P5_ST00003" HPOS="2813" VPOS="261" WIDTH="102" HEIGHT="40" CONTENT="1167" WC="0.45" CC="7670"/>
					</TextLine>
				</TextBlock>
			</TopMargin>
			<LeftMargin ID="P5_LM00001" HPOS="0" VPOS="304" WIDTH="6" HEIGHT="4002"/>
			<RightMargin ID="P5_RM00001" HPOS="3070" VPOS="304" WIDTH="8" HEIGHT="4002"/>
			<BottomMargin ID="P5_BM00001" HPOS="0" VPOS="4306" WIDTH="3078" HEIGHT="7"/>
			<PrintSpace ID="P5_PS00001" HPOS="6" VPOS="304" WIDTH="3064" HEIGHT="4002">
				<TextBlock ID="P5_TB00003" HPOS="127" VPOS="347" WIDTH="1042" HEIGHT="73" STYLEREFS="TXT_0 PAR_LEFT">
					<TextLine ID="P5_TL00003" HPOS="127" VPOS="347" WIDTH="1042" HEIGHT="73">
						<String ID="P5_ST00004" HPOS="127" VPOS="347" WIDTH="274" HEIGHT="72" CONTENT="Eugene" WC="0.98" CC="307060"/>
						<SP ID="P5_SP00002" HPOS="401" VPOS="419" WIDTH="33"/>
						<String ID="P5_ST00005" HPOS="434" VPOS="347" WIDTH="248" HEIGHT="60" CONTENT="Field's" WC="0.98" CC="2503737"/>
						<SP ID="P5_SP00003" HPOS="682" VPOS="419" WIDTH="34"/>
						<String ID="P5_ST00006" HPOS="716" VPOS="348" WIDTH="207" HEIGHT="72" CONTENT="Early" WC="0.98" CC="00049"/>
						<SP ID="P5_SP00004" HPOS="923" VPOS="420" WIDTH="32"/>
						<String ID="P5_ST00007" HPOS="955" VPOS="349" WIDTH="214" HEIGHT="61" CONTENT="Verse" WC="0.99" CC="00360"/>
					</TextLine>
				</TextBlock>
				<TextBlock ID="P5_TB00004" HPOS="81" VPOS="441" WIDTH="1406" HEIGHT="3565" STYLEREFS="TXT_0 PAR_LEFT">
					<TextLine ID="P5_TL00004" HPOS="123" VPOS="441" WIDTH="1175" HEIGHT="44">
						<String ID="P5_ST00008" HPOS="123" VPOS="441" WIDTH="46" HEIGHT="36" CONTENT="In" WC="0.77" CC="40"/>
						<SP ID="P5_SP00005" HPOS="169" VPOS="477" WIDTH="20"/>
						<String ID="P5_ST00009" HPOS="189" VPOS="451" WIDTH="49" HEIGHT="24" CONTENT="an" WC="1.00" CC="00"/>
						<SP ID="P5_SP00006" HPOS="238" VPOS="477" WIDTH="22"/>
						<String ID="P5_ST00010" HPOS="260" VPOS="441" WIDTH="65" HEIGHT="36" CONTENT="old" WC="1.00" CC="000"/>
						<SP ID="P5_SP00007" HPOS="325" VPOS="477" WIDTH="19"/>
						<String ID="P5_ST00011" HPOS="344" VPOS="451" WIDTH="115" HEIGHT="33" CONTENT="scrap" WC="0.99" CC="00004"/>
						<SP ID="P5_SP00008" HPOS="459" VPOS="484" WIDTH="23"/>
						<String ID="P5_ST00012" HPOS="482" VPOS="441" WIDTH="99" HEIGHT="36" CONTENT="book" WC="1.00" CC="0010"/>
						<SP ID="P5_SP00009" HPOS="581" VPOS="484" WIDTH="20"/>
						<String ID="P5_ST00013" HPOS="601" VPOS="441" WIDTH="19" HEIGHT="35" CONTENT="I" WC="1.00" CC="0"/>
						<SP ID="P5_SP00010" HPOS="620" VPOS="484" WIDTH="19"/>
						<String ID="P5_ST00014" HPOS="639" VPOS="442" WIDTH="127" HEIGHT="40" CONTENT="found" WC="1.00" CC="00000"/>
						<SP ID="P5_SP00011" HPOS="766" VPOS="484" WIDTH="20"/>
						<String ID="P5_ST00015" HPOS="786" VPOS="441" WIDTH="66" HEIGHT="36" CONTENT="the" WC="1.00" CC="000"/>
						<SP ID="P5_SP00012" HPOS="852" VPOS="484" WIDTH="19"/>
						<String ID="P5_ST00016" HPOS="871" VPOS="441" WIDTH="206" HEIGHT="44" CONTENT="following" WC="1.00" CC="020040000"/>
						<SP ID="P5_SP00013" HPOS="1077" VPOS="485" WIDTH="21"/>
						<String ID="P5_ST00017" HPOS="1098" VPOS="445" WIDTH="147" HEIGHT="32" CONTENT="extract" WC="1.00" CC="0040001"/>
						<String ID="P5_ST00018" HPOS="1245" VPOS="463" WIDTH="53" HEIGHT="5" CONTENT="—" WC="0.20" CC="8"/>
					</TextLine>
					<TextLine ID="P5_TL00005" HPOS="178" VPOS="500" WIDTH="1307" HEIGHT="45">
						<String ID="P5_ST00019" HPOS="178" VPOS="501" WIDTH="94" HEIGHT="36" CONTENT="Who" WC="1.00" CC="000"/>
						<SP ID="P5_SP00014" HPOS="272" VPOS="537" WIDTH="24"/>
						<String ID="P5_ST00020" HPOS="296" VPOS="501" WIDTH="134" HEIGHT="36" CONTENT="knows" WC="0.98" CC="00560"/>
						<SP ID="P5_SP00015" HPOS="430" VPOS="537" WIDTH="24"/>
						<String ID="P5_ST00021" HPOS="454" VPOS="502" WIDTH="67" HEIGHT="35" CONTENT="but" WC="0.99" CC="001"/>
						<SP ID="P5_SP00016" HPOS="521" VPOS="537" WIDTH="22"/>
						<String ID="P5_ST00022" HPOS="543" VPOS="502" WIDTH="39" HEIGHT="34" CONTENT="in" WC="0.74" CC="05"/>
						<SP ID="P5_SP00017" HPOS="582" VPOS="537" WIDTH="21"/>
						<String ID="P5_ST00023" HPOS="603" VPOS="512" WIDTH="112" HEIGHT="25" CONTENT="some" WC="1.00" CC="0000"/>
						<SP ID="P5_SP00018" HPOS="715" VPOS="537" WIDTH="21"/>
						<String ID="P5_ST00024" HPOS="736" VPOS="512" WIDTH="115" HEIGHT="33" CONTENT="years" WC="1.00" CC="00000"/>
						<SP ID="P5_SP00019" HPOS="851" VPOS="545" WIDTH="24"/>
						<String ID="P5_ST00025" HPOS="875" VPOS="505" WIDTH="38" HEIGHT="32" CONTENT="to" WC="0.87" CC="20"/>
						<SP ID="P5_SP00020" HPOS="913" VPOS="545" WIDTH="23"/>
						<String ID="P5_ST00026" HPOS="936" VPOS="512" WIDTH="109" HEIGHT="25" CONTENT="come" WC="0.99" CC="0500"/>
						<SP ID="P5_SP00021" HPOS="1045" VPOS="545" WIDTH="23"/>
						<String ID="P5_ST00027" HPOS="1068" VPOS="512" WIDTH="188" HEIGHT="26" CONTENT="someone" WC="1.00" CC="5000000"/>
						<SP ID="P5_SP00022" HPOS="1256" VPOS="545" WIDTH="23"/>
						<String ID="P5_ST00028" HPOS="1279" VPOS="511" WIDTH="88" HEIGHT="32" CONTENT="may" WC="1.00" CC="000"/>
						<SP ID="P5_SP00023" HPOS="1367" VPOS="545" WIDTH="23"/>
						<String ID="P5_ST00029" HPOS="1390" VPOS="500" WIDTH="72" HEIGHT="43" CONTENT="hap" SUBS_TYPE="HypPart1" SUBS_CONTENT="happen," WC="0.99" CC="003"/>
						<HYP HPOS="1462" VPOS="500" WIDTH="23" CONTENT="-"/>
					</TextLine>
					<TextLine ID="P5_TL00006" HPOS="123" VPOS="560" WIDTH="1362" HEIGHT="44">
						<String ID="P5_ST00030" HPOS="123" VPOS="571" WIDTH="91" HEIGHT="33" CONTENT="pen," SUBS_TYPE="HypPart2" SUBS_CONTENT="happen," WC="0.97" CC="9104"/>
						<SP ID="P5_SP00024" HPOS="214" VPOS="604" WIDTH="24"/>
						<String ID="P5_ST00031" HPOS="238" VPOS="561" WIDTH="39" HEIGHT="35" CONTENT="in" WC="1.00" CC="00"/>
						<SP ID="P5_SP00025" HPOS="277" VPOS="604" WIDTH="24"/>
						<String ID="P5_ST00032" HPOS="301" VPOS="571" WIDTH="111" HEIGHT="24" CONTENT="some" WC="1.00" CC="0000"/>
						<SP ID="P5_SP00026" HPOS="412" VPOS="604" WIDTH="24"/>
						<String ID="P5_ST00033" HPOS="436" VPOS="561" WIDTH="232" HEIGHT="42" CONTENT="scrapbook," WC="0.86" CC="0000004504"/>
						<SP ID="P5_SP00027" HPOS="668" VPOS="604" WIDTH="25"/>
						<String ID="P5_ST00034" HPOS="693" VPOS="571" WIDTH="104" HEIGHT="32" CONTENT="upon" WC="1.00" CC="0000"/>
						<SP ID="P5_SP00028" HPOS="797" VPOS="604" WIDTH="24"/>
						<String ID="P5_ST00035" HPOS="821" VPOS="561" WIDTH="112" HEIGHT="35" CONTENT="these" WC="1.00" CC="10000"/>
						<SP ID="P5_SP00029" HPOS="933" VPOS="604" WIDTH="24"/>
						<String ID="P5_ST00036" HPOS="957" VPOS="560" WIDTH="100" HEIGHT="35" CONTENT="lines" WC="0.97" CC="00990"/>
						<SP ID="P5_SP00030" HPOS="1057" VPOS="604" WIDTH="25"/>
						<String ID="P5_ST00037" HPOS="1082" VPOS="561" WIDTH="78" HEIGHT="35" CONTENT="and" WC="1.00" CC="000"/>
						<SP ID="P5_SP00031" HPOS="1160" VPOS="604" WIDTH="25"/>
						<String ID="P5_ST00038" HPOS="1185" VPOS="571" WIDTH="71" HEIGHT="24" CONTENT="use" WC="1.00" CC="000"/>
						<SP ID="P5_SP00032" HPOS="1256" VPOS="604" WIDTH="24"/>
						<String ID="P5_ST00039" HPOS="1280" VPOS="560" WIDTH="105" HEIGHT="35" CONTENT="them" WC="1.00" CC="1000"/>
						<SP ID="P5_SP00033" HPOS="1385" VPOS="604" WIDTH="24"/>
						<String ID="P5_ST00040" HPOS="1409" VPOS="562" WIDTH="76" HEIGHT="33" CONTENT="too." WC="0.99" CC="0003"/>
					</TextLine>
					<TextLine ID="P5_TL00007" HPOS="129" VPOS="618" WIDTH="1358" HEIGHT="92">
						<String ID="P5_ST00041" HPOS="129" VPOS="621" WIDTH="83" HEIGHT="89" CONTENT="IN" WC="0.77" CC="40"/>
						<SP ID="P5_SP00034" HPOS="212" VPOS="710" WIDTH="23"/>
						<String ID="P5_ST00042" HPOS="235" VPOS="630" WIDTH="57" HEIGHT="31" CONTENT="an" WC="1.00" CC="00"/>
						<SP ID="P5_SP00035" HPOS="292" VPOS="710" WIDTH="24"/>
						<String ID="P5_ST00043" HPOS="316" VPOS="621" WIDTH="70" HEIGHT="41" CONTENT="old" WC="1.00" CC="000"/>
						<SP ID="P5_SP00036" HPOS="386" VPOS="710" WIDTH="21"/>
						<String ID="P5_ST00044" HPOS="407" VPOS="633" WIDTH="120" HEIGHT="38" CONTENT="scrap" WC="1.00" CC="01000"/>
						<SP ID="P5_SP00037" HPOS="527" VPOS="710" WIDTH="24"/>
						<String ID="P5_ST00045" HPOS="551" VPOS="621" WIDTH="110" HEIGHT="40" CONTENT="book" WC="1.00" CC="0000"/>
						<SP ID="P5_SP00038" HPOS="661" VPOS="710" WIDTH="24"/>
						<String ID="P5_ST00046" HPOS="685" VPOS="621" WIDTH="14" HEIGHT="40" CONTENT="I" WC="0.46" CC="5"/>
						<SP ID="P5_SP00039" HPOS="699" VPOS="710" WIDTH="25"/>
						<String ID="P5_ST00047" HPOS="724" VPOS="621" WIDTH="189" HEIGHT="51" CONTENT="recently" WC="1.00" CC="00000000"/>
						<SP ID="P5_SP00040" HPOS="913" VPOS="710" WIDTH="20"/>
						<String ID="P5_ST00048" HPOS="933" VPOS="621" WIDTH="227" HEIGHT="50" CONTENT="happened" WC="1.00" CC="00000000"/>
						<SP ID="P5_SP00041" HPOS="1160" VPOS="710" WIDTH="22"/>
						<String ID="P5_ST00049" HPOS="1182" VPOS="632" WIDTH="113" HEIGHT="38" CONTENT="upon" WC="1.00" CC="0020"/>
						<SP ID="P5_SP00042" HPOS="1295" VPOS="710" WIDTH="24"/>
						<String ID="P5_ST00050" HPOS="1319" VPOS="618" WIDTH="168" HEIGHT="44" CONTENT="several" WC="0.99" CC="0000292"/>
					</TextLine>
					<TextLine ID="P5_TL00008" HPOS="231" VPOS="678" WIDTH="1256" HEIGHT="53">
						<String ID="P5_ST00051" HPOS="231" VPOS="681" WIDTH="195" HEIGHT="49" CONTENT="gracious" WC="1.00" CC="00005500"/>
						<SP ID="P5_SP00043" HPOS="426" VPOS="730" WIDTH="26"/>
						<String ID="P5_ST00052" HPOS="452" VPOS="680" WIDTH="82" HEIGHT="40" CONTENT="bits" WC="0.99" CC="0300"/>
						<SP ID="P5_SP00044" HPOS="534" VPOS="730" WIDTH="28"/>
						<String ID="P5_ST00053" HPOS="562" VPOS="681" WIDTH="47" HEIGHT="38" CONTENT="of" WC="0.81" CC="30"/>
						<SP ID="P5_SP00045" HPOS="609" VPOS="730" WIDTH="24"/>
						<String ID="P5_ST00054" HPOS="633" VPOS="692" WIDTH="124" HEIGHT="29" CONTENT="verse" WC="1.00" CC="00020"/>
						<SP ID="P5_SP00046" HPOS="757" VPOS="730" WIDTH="27"/>
						<String ID="P5_ST00055" HPOS="784" VPOS="679" WIDTH="150" HEIGHT="51" CONTENT="signed" WC="0.99" CC="070000"/>
						<SP ID="P5_SP00047" HPOS="934" VPOS="730" WIDTH="25"/>
						<String ID="P5_ST00056" HPOS="959" VPOS="680" WIDTH="54" HEIGHT="51" CONTENT="by" WC="1.00" CC="00"/>
						<SP ID="P5_SP00048" HPOS="1013" VPOS="731" WIDTH="27"/>
						<String ID="P5_ST00057" HPOS="1040" VPOS="679" WIDTH="176" HEIGHT="50" CONTENT="Eugene" WC="1.00" CC="000000"/>
						<SP ID="P5_SP00049" HPOS="1216" VPOS="731" WIDTH="28"/>
						<String ID="P5_ST00058" HPOS="1244" VPOS="679" WIDTH="132" HEIGHT="49" CONTENT="Field," WC="0.99" CC="040400"/>
						<SP ID="P5_SP00050" HPOS="1376" VPOS="731" WIDTH="29"/>
						<String ID="P5_ST00059" HPOS="1405" VPOS="678" WIDTH="82" HEIGHT="41" CONTENT="and" WC="1.00" CC="000"/>
					</TextLine>
					<TextLine ID="P5_TL00009" HPOS="123" VPOS="736" WIDTH="1363" HEIGHT="53">
						<String ID="P5_ST00060" HPOS="123" VPOS="738" WIDTH="189" HEIGHT="41" CONTENT="credited" WC="1.00" CC="00006000"/>
						<SP ID="P5_SP00051" HPOS="312" VPOS="779" WIDTH="27"/>
						<String ID="P5_ST00061" HPOS="339" VPOS="744" WIDTH="42" HEIGHT="34" CONTENT="to" WC="1.00" CC="00"/>
						<SP ID="P5_SP00052" HPOS="381" VPOS="779" WIDTH="28"/>
						<String ID="P5_ST00062" HPOS="409" VPOS="740" WIDTH="167" HEIGHT="39" CONTENT="several" WC="1.00" CC="0000104"/>
						<SP ID="P5_SP00053" HPOS="576" VPOS="779" WIDTH="27"/>
						<String ID="P5_ST00063" HPOS="603" VPOS="739" WIDTH="195" HEIGHT="39" CONTENT="Western" WC="1.00" CC="7000000"/>
						<SP ID="P5_SP00054" HPOS="798" VPOS="779" WIDTH="28"/>
						<String ID="P5_ST00064" HPOS="826" VPOS="749" WIDTH="155" HEIGHT="40" CONTENT="papers" WC="1.00" CC="000040"/>
						<SP ID="P5_SP00055" HPOS="981" VPOS="789" WIDTH="26"/>
						<String ID="P5_ST00065" HPOS="1007" VPOS="750" WIDTH="114" HEIGHT="38" CONTENT="upon" WC="1.00" CC="0000"/>
						<SP ID="P5_SP00056" HPOS="1121" VPOS="789" WIDTH="27"/>
						<String ID="P5_ST00066" HPOS="1148" VPOS="736" WIDTH="136" HEIGHT="41" CONTENT="which" WC="0.99" CC="05110"/>
						<SP ID="P5_SP00057" HPOS="1284" VPOS="789" WIDTH="29"/>
						<String ID="P5_ST00067" HPOS="1313" VPOS="738" WIDTH="72" HEIGHT="40" CONTENT="the" WC="1.00" CC="000"/>
						<SP ID="P5_SP00058" HPOS="1385" VPOS="789" WIDTH="25"/>
						<String ID="P5_ST00068" HPOS="1410" VPOS="737" WIDTH="51" HEIGHT="39" CONTENT="hu" SUBS_TYPE="HypPart1" SUBS_CONTENT="humorist" WC="0.98" CC="00"/>
						<HYP HPOS="1461" VPOS="737" WIDTH="25" CONTENT="-"/>
					</TextLine>
					<TextLine ID="P5_TL00010" HPOS="122" VPOS="795" WIDTH="1363" HEIGHT="46">
						<String ID="P5_ST00069" HPOS="122" VPOS="796" WIDTH="149" HEIGHT="41" CONTENT="morist" SUBS_TYPE="HypPart2" SUBS_CONTENT="humorist" WC="0.99" CC="001600"/>
						<SP ID="P5_SP00059" HPOS="271" VPOS="837" WIDTH="19"/>
						<String ID="P5_ST00070" HPOS="290" VPOS="802" WIDTH="153" HEIGHT="39" CONTENT="served" WC="1.00" CC="000000"/>
						<SP ID="P5_SP00060" HPOS="443" VPOS="841" WIDTH="21"/>
						<String ID="P5_ST00071" HPOS="464" VPOS="797" WIDTH="66" HEIGHT="40" CONTENT="his" WC="0.99" CC="020"/>
						<SP ID="P5_SP00061" HPOS="530" VPOS="841" WIDTH="21"/>
						<String ID="P5_ST00072" HPOS="551" VPOS="795" WIDTH="218" HEIGHT="42" CONTENT="novitiate." WC="1.00" CC="0005020004"/>
						<SP ID="P5_SP00062" HPOS="769" VPOS="841" WIDTH="48"/>
						<String ID="P5_ST00073" HPOS="817" VPOS="795" WIDTH="138" HEIGHT="42" CONTENT="These" WC="1.00" CC="00000"/>
						<SP ID="P5_SP00063" HPOS="955" VPOS="841" WIDTH="21"/>
						<String ID="P5_ST00074" HPOS="976" VPOS="808" WIDTH="149" HEIGHT="29" CONTENT="verses" WC="1.00" CC="000000"/>
						<SP ID="P5_SP00064" HPOS="1125" VPOS="841" WIDTH="20"/>
						<String ID="P5_ST00075" HPOS="1145" VPOS="797" WIDTH="113" HEIGHT="40" CONTENT="have" WC="1.00" CC="0100"/>
						<SP ID="P5_SP00065" HPOS="1258" VPOS="841" WIDTH="22"/>
						<String ID="P5_ST00076" HPOS="1280" VPOS="801" WIDTH="75" HEIGHT="34" CONTENT="not" WC="1.00" CC="000"/>
						<SP ID="P5_SP00066" HPOS="1355" VPOS="841" WIDTH="20"/>
						<String ID="P5_ST00077" HPOS="1375" VPOS="795" WIDTH="110" HEIGHT="40" CONTENT="been" WC="1.00" CC="0001"/>
					</TextLine>
					<TextLine ID="P5_TL00011" HPOS="123" VPOS="852" WIDTH="1364" HEIGHT="55">
						<String ID="P5_ST00078" HPOS="123" VPOS="856" WIDTH="179" HEIGHT="51" CONTENT="thought" WC="1.00" CC="0000000"/>
						<SP ID="P5_SP00067" HPOS="302" VPOS="907" WIDTH="34"/>
						<String ID="P5_ST00079" HPOS="336" VPOS="856" WIDTH="47" HEIGHT="40" CONTENT="of" WC="0.90" CC="20"/>
						<SP ID="P5_SP00068" HPOS="383" VPOS="907" WIDTH="35"/>
						<String ID="P5_ST00080" HPOS="418" VPOS="855" WIDTH="209" HEIGHT="41" CONTENT="sufficient" WC="1.00" CC="0000024000"/>
						<SP ID="P5_SP00069" HPOS="627" VPOS="907" WIDTH="36"/>
						<String ID="P5_ST00081" HPOS="663" VPOS="856" WIDTH="261" HEIGHT="50" CONTENT="importance" WC="1.00" CC="0000408000"/>
						<SP ID="P5_SP00070" HPOS="924" VPOS="907" WIDTH="36"/>
						<String ID="P5_ST00082" HPOS="960" VPOS="861" WIDTH="41" HEIGHT="34" CONTENT="to" WC="1.00" CC="00"/>
						<SP ID="P5_SP00071" HPOS="1001" VPOS="907" WIDTH="37"/>
						<String ID="P5_ST00083" HPOS="1038" VPOS="855" WIDTH="268" HEIGHT="50" CONTENT="incorporate" WC="1.00" CC="30003042000"/>
						<SP ID="P5_SP00072" HPOS="1306" VPOS="907" WIDTH="35"/>
						<String ID="P5_ST00084" HPOS="1341" VPOS="855" WIDTH="43" HEIGHT="40" CONTENT="in" WC="0.85" CC="20"/>
						<SP ID="P5_SP00073" HPOS="1384" VPOS="907" WIDTH="35"/>
						<String ID="P5_ST00085" HPOS="1419" VPOS="852" WIDTH="68" HEIGHT="42" CONTENT="his" WC="0.99" CC="002"/>
					</TextLine>
					<TextLine ID="P5_TL00012" HPOS="122" VPOS="912" WIDTH="1364" HEIGHT="53">
						<String ID="P5_ST00086" HPOS="122" VPOS="914" WIDTH="227" HEIGHT="51" CONTENT="published" WC="1.00" CC="000040000"/>
						<SP ID="P5_SP00074" HPOS="349" VPOS="965" WIDTH="19"/>
						<String ID="P5_ST00087" HPOS="368" VPOS="915" WIDTH="152" HEIGHT="48" CONTENT="works," WC="1.00" CC="000023"/>
						<SP ID="P5_SP00075" HPOS="520" VPOS="965" WIDTH="20"/>
						<String ID="P5_ST00088" HPOS="540" VPOS="915" WIDTH="75" HEIGHT="39" CONTENT="but" WC="1.00" CC="000"/>
						<SP ID="P5_SP00076" HPOS="615" VPOS="965" WIDTH="18"/>
						<String ID="P5_ST00089" HPOS="633" VPOS="914" WIDTH="99" HEIGHT="51" CONTENT="they" WC="1.00" CC="0000"/>
						<SP ID="P5_SP00077" HPOS="732" VPOS="965" WIDTH="21"/>
						<String ID="P5_ST00090" HPOS="753" VPOS="926" WIDTH="72" HEIGHT="30" CONTENT="are" WC="1.00" CC="000"/>
						<SP ID="P5_SP00078" HPOS="825" VPOS="965" WIDTH="20"/>
						<String ID="P5_ST00091" HPOS="845" VPOS="913" WIDTH="252" HEIGHT="52" CONTENT="interesting" WC="1.00" CC="00003001300"/>
						<SP ID="P5_SP00079" HPOS="1097" VPOS="965" WIDTH="19"/>
						<String ID="P5_ST00092" HPOS="1116" VPOS="919" WIDTH="41" HEIGHT="35" CONTENT="to" WC="1.00" CC="00"/>
						<SP ID="P5_SP00080" HPOS="1157" VPOS="965" WIDTH="21"/>
						<String ID="P5_ST00093" HPOS="1178" VPOS="912" WIDTH="66" HEIGHT="42" CONTENT="his" WC="0.99" CC="030"/>
						<SP ID="P5_SP00081" HPOS="1244" VPOS="965" WIDTH="22"/>
						<String ID="P5_ST00094" HPOS="1266" VPOS="913" WIDTH="220" HEIGHT="49" CONTENT="admirers," WC="0.99" CC="900500110"/>
					</TextLine>
					<TextLine ID="P5_TL00013" HPOS="123" VPOS="972" WIDTH="1363" HEIGHT="53">
						<String ID="P5_ST00095" HPOS="123" VPOS="987" WIDTH="47" HEIGHT="28" CONTENT="as" WC="1.00" CC="00"/>
						<SP ID="P5_SP00082" HPOS="170" VPOS="1015" WIDTH="34"/>
						<String ID="P5_ST00096" HPOS="204" VPOS="975" WIDTH="99" HEIGHT="50" CONTENT="they" WC="1.00" CC="0000"/>
						<SP ID="P5_SP00083" HPOS="303" VPOS="1025" WIDTH="35"/>
						<String ID="P5_ST00097" HPOS="338" VPOS="973" WIDTH="148" HEIGHT="41" CONTENT="evince" WC="1.00" CC="002000"/>
						<SP ID="P5_SP00084" HPOS="486" VPOS="1025" WIDTH="36"/>
						<String ID="P5_ST00098" HPOS="522" VPOS="985" WIDTH="24" HEIGHT="28" CONTENT="a" WC="1.00" CC="0"/>
						<SP ID="P5_SP00085" HPOS="546" VPOS="1025" WIDTH="33"/>
						<String ID="P5_ST00099" HPOS="579" VPOS="973" WIDTH="160" HEIGHT="41" CONTENT="certain" WC="1.00" CC="0020020"/>
						<SP ID="P5_SP00086" HPOS="739" VPOS="1025" WIDTH="38"/>
						<String ID="P5_ST00100" HPOS="777" VPOS="972" WIDTH="211" HEIGHT="42" CONTENT="facetious" WC="1.00" CC="000006000"/>
						<SP ID="P5_SP00087" HPOS="988" VPOS="1025" WIDTH="35"/>
						<String ID="P5_ST00101" HPOS="1023" VPOS="973" WIDTH="123" HEIGHT="40" CONTENT="trend" WC="1.00" CC="00000"/>
						<SP ID="P5_SP00088" HPOS="1146" VPOS="1025" WIDTH="33"/>
						<String ID="P5_ST00102" HPOS="1179" VPOS="973" WIDTH="307" HEIGHT="50" CONTENT="subsequently" WC="1.00" CC="001000000020"/>
					</TextLine>
					<TextLine ID="P5_TL00014" HPOS="124" VPOS="1030" WIDTH="1361" HEIGHT="53">
						<String ID="P5_ST00103" HPOS="124" VPOS="1033" WIDTH="237" HEIGHT="50" CONTENT="developed" WC="1.00" CC="000010000"/>
						<SP ID="P5_SP00089" HPOS="361" VPOS="1083" WIDTH="31"/>
						<String ID="P5_ST00104" HPOS="392" VPOS="1038" WIDTH="42" HEIGHT="34" CONTENT="to" WC="1.00" CC="00"/>
						<SP ID="P5_SP00090" HPOS="434" VPOS="1083" WIDTH="34"/>
						<String ID="P5_ST00105" HPOS="468" VPOS="1033" WIDTH="54" HEIGHT="40" CONTENT="its" WC="1.00" CC="000"/>
						<SP ID="P5_SP00091" HPOS="522" VPOS="1083" WIDTH="31"/>
						<String ID="P5_ST00106" HPOS="553" VPOS="1032" WIDTH="213" HEIGHT="51" CONTENT="maturity." WC="1.00" CC="004000004"/>
						<SP ID="P5_SP00092" HPOS="766" VPOS="1083" WIDTH="62"/>
						<String ID="P5_ST00107" HPOS="828" VPOS="1030" WIDTH="115" HEIGHT="53" CONTENT="They" WC="1.00" CC="0000"/>
						<SP ID="P5_SP00093" HPOS="943" VPOS="1083" WIDTH="33"/>
						<String ID="P5_ST00108" HPOS="976" VPOS="1044" WIDTH="114" HEIGHT="30" CONTENT="were" WC="0.99" CC="0030"/>
						<SP ID="P5_SP00094" HPOS="1090" VPOS="1083" WIDTH="31"/>
						<String ID="P5_ST00109" HPOS="1121" VPOS="1043" WIDTH="118" HEIGHT="29" CONTENT="mere" WC="1.00" CC="0020"/>
						<SP ID="P5_SP00095" HPOS="1239" VPOS="1083" WIDTH="34"/>
						<String ID="P5_ST00110" HPOS="1273" VPOS="1030" WIDTH="125" HEIGHT="42" CONTENT="drifts" WC="0.99" CC="035000"/>
						<SP ID="P5_SP00096" HPOS="1398" VPOS="1083" WIDTH="32"/>
						<String ID="P5_ST00111" HPOS="1430" VPOS="1043" WIDTH="55" HEIGHT="28" CONTENT="on" WC="1.00" CC="00"/>
					</TextLine>
					<TextLine ID="P5_TL00015" HPOS="121" VPOS="1088" WIDTH="1366" HEIGHT="54">
						<String ID="P5_ST00112" HPOS="121" VPOS="1092" WIDTH="71" HEIGHT="40" CONTENT="the" WC="1.00" CC="000"/>
						<SP ID="P5_SP00097" HPOS="192" VPOS="1132" WIDTH="41"/>
						<String ID="P5_ST00113" HPOS="233" VPOS="1097" WIDTH="119" HEIGHT="45" CONTENT="great" WC="1.00" CC="03000"/>
						<SP ID="P5_SP00098" HPOS="352" VPOS="1142" WIDTH="38"/>
						<String ID="P5_ST00114" HPOS="390" VPOS="1103" WIDTH="74" HEIGHT="28" CONTENT="sea" WC="1.00" CC="000"/>
						<SP ID="P5_SP00099" HPOS="464" VPOS="1142" WIDTH="41"/>
						<String ID="P5_ST00115" HPOS="505" VPOS="1088" WIDTH="51" HEIGHT="43" CONTENT="of" WC="0.71" CC="05"/>
						<SP ID="P5_SP00100" HPOS="556" VPOS="1142" WIDTH="39"/>
						<String ID="P5_ST00116" HPOS="595" VPOS="1089" WIDTH="266" HEIGHT="52" CONTENT="journalism," WC="1.00" CC="31000040001"/>
						<SP ID="P5_SP00101" HPOS="861" VPOS="1142" WIDTH="42"/>
						<String ID="P5_ST00117" HPOS="903" VPOS="1090" WIDTH="83" HEIGHT="39" CONTENT="and" WC="0.97" CC="900"/>
						<SP ID="P5_SP00102" HPOS="986" VPOS="1142" WIDTH="41"/>
						<String ID="P5_ST00118" HPOS="1027" VPOS="1089" WIDTH="134" HEIGHT="40" CONTENT="found" WC="1.00" CC="00000"/>
						<SP ID="P5_SP00103" HPOS="1161" VPOS="1142" WIDTH="40"/>
						<String ID="P5_ST00119" HPOS="1201" VPOS="1102" WIDTH="57" HEIGHT="27" CONTENT="no" WC="0.73" CC="05"/>
						<SP ID="P5_SP00104" HPOS="1258" VPOS="1142" WIDTH="41"/>
						<String ID="P5_ST00120" HPOS="1299" VPOS="1100" WIDTH="188" HEIGHT="40" CONTENT="snugger" WC="1.00" CC="1000004"/>
					</TextLine>
					<TextLine ID="P5_TL00016" HPOS="120" VPOS="1146" WIDTH="1174" HEIGHT="53">
						<String ID="P5_ST00121" HPOS="120" VPOS="1151" WIDTH="156" HEIGHT="40" CONTENT="harbor" WC="0.99" CC="000032"/>
						<SP ID="P5_SP00105" HPOS="276" VPOS="1191" WIDTH="23"/>
						<String ID="P5_ST00122" HPOS="299" VPOS="1150" WIDTH="99" HEIGHT="40" CONTENT="than" WC="1.00" CC="0000"/>
						<SP ID="P5_SP00106" HPOS="398" VPOS="1191" WIDTH="25"/>
						<String ID="P5_ST00123" HPOS="423" VPOS="1151" WIDTH="71" HEIGHT="39" CONTENT="the" WC="1.00" CC="000"/>
						<SP ID="P5_SP00107" HPOS="494" VPOS="1191" WIDTH="23"/>
						<String ID="P5_ST00124" HPOS="517" VPOS="1148" WIDTH="207" HEIGHT="42" CONTENT="wrinkled" WC="0.99" CC="03400400"/>
						<SP ID="P5_SP00108" HPOS="724" VPOS="1191" WIDTH="23"/>
						<String ID="P5_ST00125" HPOS="747" VPOS="1159" WIDTH="135" HEIGHT="40" CONTENT="pages" WC="1.00" CC="00000"/>
						<SP ID="P5_SP00109" HPOS="882" VPOS="1199" WIDTH="26"/>
						<String ID="P5_ST00126" HPOS="908" VPOS="1146" WIDTH="50" HEIGHT="43" CONTENT="of" WC="0.72" CC="05"/>
						<SP ID="P5_SP00110" HPOS="958" VPOS="1199" WIDTH="23"/>
						<String ID="P5_ST00127" HPOS="981" VPOS="1161" WIDTH="24" HEIGHT="28" CONTENT="a" WC="0.22" CC="7"/>
						<SP ID="P5_SP00111" HPOS="1005" VPOS="1199" WIDTH="24"/>
						<String ID="P5_ST00128" HPOS="1029" VPOS="1149" WIDTH="265" HEIGHT="50" CONTENT="scrap-book." WC="1.00" CC="00000430004"/>
					</TextLine>
					<TextLine ID="P5_TL00017" HPOS="179" VPOS="1206" WIDTH="1307" HEIGHT="54">
						<String ID="P5_ST00129" HPOS="179" VPOS="1208" WIDTH="165" HEIGHT="52" CONTENT="During" WC="0.99" CC="001340"/>
						<SP ID="P5_SP00112" HPOS="344" VPOS="1260" WIDTH="30"/>
						<String ID="P5_ST00130" HPOS="374" VPOS="1210" WIDTH="71" HEIGHT="40" CONTENT="the" WC="1.00" CC="000"/>
						<SP ID="P5_SP00113" HPOS="445" VPOS="1260" WIDTH="31"/>
						<String ID="P5_ST00131" HPOS="476" VPOS="1220" WIDTH="124" HEIGHT="39" CONTENT="years" WC="1.00" CC="00000"/>
						<SP ID="P5_SP00114" HPOS="600" VPOS="1260" WIDTH="38"/>
						<String ID="P5_ST00132" HPOS="638" VPOS="1210" WIDTH="171" HEIGHT="38" CONTENT="1879-81" WC="0.68" CC="5036005"/>
						<SP ID="P5_SP00115" HPOS="809" VPOS="1260" WIDTH="39"/>
						<String ID="P5_ST00133" HPOS="848" VPOS="1206" WIDTH="118" HEIGHT="41" CONTENT="Field" WC="0.99" CC="04030"/>
						<SP ID="P5_SP00116" HPOS="966" VPOS="1260" WIDTH="30"/>
						<String ID="P5_ST00134" HPOS="996" VPOS="1220" WIDTH="88" HEIGHT="28" CONTENT="was" WC="1.00" CC="000"/>
						<SP ID="P5_SP00117" HPOS="1084" VPOS="1260" WIDTH="31"/>
						<String ID="P5_ST00135" HPOS="1115" VPOS="1219" WIDTH="53" HEIGHT="28" CONTENT="on" WC="1.00" CC="00"/>
						<SP ID="P5_SP00118" HPOS="1168" VPOS="1260" WIDTH="33"/>
						<String ID="P5_ST00136" HPOS="1201" VPOS="1208" WIDTH="72" HEIGHT="40" CONTENT="the" WC="1.00" CC="000"/>
						<SP ID="P5_SP00119" HPOS="1273" VPOS="1260" WIDTH="32"/>
						<String ID="P5_ST00137" HPOS="1305" VPOS="1207" WIDTH="102" HEIGHT="41" CONTENT="staff" WC="0.99" CC="00063"/>
						<SP ID="P5_SP00120" HPOS="1407" VPOS="1260" WIDTH="32"/>
						<String ID="P5_ST00138" HPOS="1439" VPOS="1207" WIDTH="47" HEIGHT="40" CONTENT="of" WC="0.78" CC="21"/>
					</TextLine>
					<TextLine ID="P5_TL00018" HPOS="122" VPOS="1266" WIDTH="1364" HEIGHT="52">
						<String ID="P5_ST00139" HPOS="122" VPOS="1268" WIDTH="71" HEIGHT="42" CONTENT="the" WC="1.00" CC="000"/>
						<SP ID="P5_SP00121" HPOS="193" VPOS="1310" WIDTH="35"/>
						<String ID="P5_ST00140" HPOS="228" VPOS="1268" WIDTH="166" HEIGHT="40" CONTENT="Kansas" WC="1.00" CC="000000"/>
						<SP ID="P5_SP00122" HPOS="394" VPOS="1310" WIDTH="32"/>
						<String ID="P5_ST00141" HPOS="426" VPOS="1267" WIDTH="99" HEIGHT="51" CONTENT="City" WC="1.00" CC="0000"/>
						<SP ID="P5_SP00123" HPOS="525" VPOS="1318" WIDTH="30"/>
						<String ID="P5_ST00142" HPOS="555" VPOS="1266" WIDTH="155" HEIGHT="41" CONTENT="Times." WC="0.99" CC="040002"/>
						<SP ID="P5_SP00124" HPOS="710" VPOS="1318" WIDTH="63"/>
						<String ID="P5_ST00143" HPOS="773" VPOS="1266" WIDTH="69" HEIGHT="40" CONTENT="He" WC="0.79" CC="40"/>
						<SP ID="P5_SP00125" HPOS="842" VPOS="1318" WIDTH="33"/>
						<String ID="P5_ST00144" HPOS="875" VPOS="1266" WIDTH="267" HEIGHT="41" CONTENT="contributed" WC="1.00" CC="00000610000"/>
						<SP ID="P5_SP00126" HPOS="1142" VPOS="1318" WIDTH="32"/>
						<String ID="P5_ST00145" HPOS="1174" VPOS="1272" WIDTH="41" HEIGHT="33" CONTENT="to" WC="0.94" CC="01"/>
						<SP ID="P5_SP00127" HPOS="1215" VPOS="1318" WIDTH="34"/>
						<String ID="P5_ST00146" HPOS="1249" VPOS="1266" WIDTH="71" HEIGHT="41" CONTENT="the" WC="1.00" CC="000"/>
						<SP ID="P5_SP00128" HPOS="1320" VPOS="1318" WIDTH="33"/>
						<String ID="P5_ST00147" HPOS="1353" VPOS="1278" WIDTH="133" HEIGHT="39" CONTENT="paper" WC="1.00" CC="00000"/>
					</TextLine>
					<TextLine ID="P5_TL00019" HPOS="121" VPOS="1324" WIDTH="1365" HEIGHT="50">
						<String ID="P5_ST00148" HPOS="121" VPOS="1326" WIDTH="295" HEIGHT="41" CONTENT="innumerable" WC="1.00" CC="30000020140"/>
						<SP ID="P5_SP00129" HPOS="416" VPOS="1367" WIDTH="48"/>
						<String ID="P5_ST00149" HPOS="464" VPOS="1326" WIDTH="193" HEIGHT="40" CONTENT="columns" WC="1.00" CC="0000020"/>
						<SP ID="P5_SP00130" HPOS="657" VPOS="1367" WIDTH="48"/>
						<String ID="P5_ST00150" HPOS="705" VPOS="1326" WIDTH="47" HEIGHT="40" CONTENT="of" WC="1.00" CC="00"/>
						<SP ID="P5_SP00131" HPOS="752" VPOS="1367" WIDTH="45"/>
						<String ID="P5_ST00151" HPOS="797" VPOS="1337" WIDTH="138" HEIGHT="36" CONTENT="verse," WC="1.00" CC="001003"/>
						<SP ID="P5_SP00132" HPOS="935" VPOS="1373" WIDTH="49"/>
						<String ID="P5_ST00152" HPOS="984" VPOS="1324" WIDTH="220" HEIGHT="50" CONTENT="criticsms," WC="0.84" CC="0410500003"/>
						<SP ID="P5_SP00133" HPOS="1204" VPOS="1374" WIDTH="48"/>
						<String ID="P5_ST00153" HPOS="1252" VPOS="1326" WIDTH="234" HEIGHT="40" CONTENT="humorous" WC="1.00" CC="00000005"/>
					</TextLine>
					<TextLine ID="P5_TL00020" HPOS="121" VPOS="1382" WIDTH="1361" HEIGHT="54">
						<String ID="P5_ST00154" HPOS="121" VPOS="1385" WIDTH="211" HEIGHT="47" CONTENT="sketches," WC="1.00" CC="000200003"/>
						<SP ID="P5_SP00134" HPOS="332" VPOS="1432" WIDTH="44"/>
						<String ID="P5_ST00155" HPOS="376" VPOS="1384" WIDTH="137" HEIGHT="52" CONTENT="jokes," WC="0.99" CC="400004"/>
						<SP ID="P5_SP00135" HPOS="513" VPOS="1436" WIDTH="45"/>
						<String ID="P5_ST00156" HPOS="558" VPOS="1383" WIDTH="153" HEIGHT="41" CONTENT="satires" WC="1.00" CC="0000004"/>
						<String ID="P5_ST00157" HPOS="711" VPOS="1396" WIDTH="83" HEIGHT="28" CONTENT="—a" WC="0.60" CC="80"/>
						<SP ID="P5_SP00136" HPOS="794" VPOS="1436" WIDTH="43"/>
						<String ID="P5_ST00158" HPOS="837" VPOS="1382" WIDTH="172" HEIGHT="53" CONTENT="literary" WC="1.00" CC="01000000"/>
						<SP ID="P5_SP00137" HPOS="1009" VPOS="1436" WIDTH="41"/>
						<String ID="P5_ST00159" HPOS="1050" VPOS="1383" WIDTH="312" HEIGHT="51" CONTENT="hodge-podge." WC="1.00" CC="000004000003"/>
						<SP ID="P5_SP00138" HPOS="1362" VPOS="1436" WIDTH="73"/>
						<String ID="P5_ST00160" HPOS="1435" VPOS="1383" WIDTH="47" HEIGHT="40" CONTENT="In" WC="0.80" CC="30"/>
					</TextLine>
					<TextLine ID="P5_TL00021" HPOS="119" VPOS="1441" WIDTH="1365" HEIGHT="54">
						<String ID="P5_ST00161" HPOS="119" VPOS="1457" WIDTH="70" HEIGHT="38" CONTENT="my" WC="1.00" CC="00"/>
						<SP ID="P5_SP00139" HPOS="189" VPOS="1495" WIDTH="31"/>
						<String ID="P5_ST00162" HPOS="220" VPOS="1444" WIDTH="111" HEIGHT="40" CONTENT="book" WC="0.98" CC="4020"/>
						<SP ID="P5_SP00140" HPOS="331" VPOS="1495" WIDTH="32"/>
						<String ID="P5_ST00163" HPOS="363" VPOS="1455" WIDTH="71" HEIGHT="28" CONTENT="are" WC="0.98" CC="040"/>
						<SP ID="P5_SP00141" HPOS="434" VPOS="1495" WIDTH="32"/>
						<String ID="P5_ST00164" HPOS="466" VPOS="1455" WIDTH="127" HEIGHT="38" CONTENT="many" WC="0.98" CC="0090"/>
						<SP ID="P5_SP00142" HPOS="593" VPOS="1495" WIDTH="31"/>
						<String ID="P5_ST00165" HPOS="624" VPOS="1443" WIDTH="333" HEIGHT="40" CONTENT="reminiscences" WC="1.00" CC="2002050000000"/>
						<SP ID="P5_SP00143" HPOS="957" VPOS="1495" WIDTH="32"/>
						<String ID="P5_ST00166" HPOS="989" VPOS="1443" WIDTH="46" HEIGHT="39" CONTENT="of" WC="0.78" CC="04"/>
						<SP ID="P5_SP00144" HPOS="1035" VPOS="1495" WIDTH="32"/>
						<String ID="P5_ST00167" HPOS="1067" VPOS="1443" WIDTH="121" HEIGHT="41" CONTENT="these" WC="1.00" CC="00000"/>
						<SP ID="P5_SP00145" HPOS="1188" VPOS="1495" WIDTH="34"/>
						<String ID="P5_ST00168" HPOS="1222" VPOS="1443" WIDTH="114" HEIGHT="50" CONTENT="days." WC="0.99" CC="00031"/>
						<SP ID="P5_SP00146" HPOS="1336" VPOS="1495" WIDTH="59"/>
						<String ID="P5_ST00169" HPOS="1395" VPOS="1441" WIDTH="89" HEIGHT="42" CONTENT="The" WC="0.97" CC="006"/>
					</TextLine>
					<TextLine ID="P5_TL00022" HPOS="121" VPOS="1501" WIDTH="1114" HEIGHT="51">
						<String ID="P5_ST00170" HPOS="121" VPOS="1502" WIDTH="220" HEIGHT="50" CONTENT="following" WC="0.99" CC="041430500"/>
						<SP ID="P5_SP00147" HPOS="341" VPOS="1552" WIDTH="24"/>
						<String ID="P5_ST00171" HPOS="365" VPOS="1502" WIDTH="83" HEIGHT="41" CONTENT="skit" WC="0.99" CC="0012"/>
						<SP ID="P5_SP00148" HPOS="448" VPOS="1552" WIDTH="25"/>
						<String ID="P5_ST00172" HPOS="473" VPOS="1502" WIDTH="35" HEIGHT="40" CONTENT="is" WC="0.85" CC="20"/>
						<SP ID="P5_SP00149" HPOS="508" VPOS="1552" WIDTH="26"/>
						<String ID="P5_ST00173" HPOS="534" VPOS="1503" WIDTH="126" HEIGHT="39" CONTENT="dated" WC="1.00" CC="00000"/>
						<SP ID="P5_SP00150" HPOS="660" VPOS="1552" WIDTH="25"/>
						<String ID="P5_ST00174" HPOS="685" VPOS="1502" WIDTH="106" HEIGHT="40" CONTENT="New" WC="1.00" CC="000"/>
						<SP ID="P5_SP00151" HPOS="791" VPOS="1552" WIDTH="23"/>
						<String ID="P5_ST00175" HPOS="814" VPOS="1501" WIDTH="147" HEIGHT="42" CONTENT="Year's" WC="1.00" CC="000020"/>
						<SP ID="P5_SP00152" HPOS="961" VPOS="1552" WIDTH="27"/>
						<String ID="P5_ST00176" HPOS="988" VPOS="1502" WIDTH="91" HEIGHT="50" CONTENT="Day" WC="0.99" CC="100"/>
						<SP ID="P5_SP00153" HPOS="1079" VPOS="1552" WIDTH="32"/>
						<String ID="P5_ST00177" HPOS="1111" VPOS="1503" WIDTH="124" HEIGHT="39" CONTENT="1880:" WC="0.78" CC="60004"/>
					</TextLine>
					<TextLine ID="P5_TL00023" HPOS="321" VPOS="1581" WIDTH="843" HEIGHT="43">
						<String ID="P5_ST00178" HPOS="321" VPOS="1582" WIDTH="102" HEIGHT="35" CONTENT="Four" WC="0.99" CC="0006"/>
						<SP ID="P5_SP00154" HPOS="423" VPOS="1617" WIDTH="22"/>
						<String ID="P5_ST00179" HPOS="445" VPOS="1592" WIDTH="132" HEIGHT="32" CONTENT="young" WC="0.97" CC="63560"/>
						<SP ID="P5_SP00155" HPOS="577" VPOS="1624" WIDTH="24"/>
						<String ID="P5_ST00180" HPOS="601" VPOS="1592" WIDTH="89" HEIGHT="25" CONTENT="men" WC="1.00" CC="000"/>
						<SP ID="P5_SP00156" HPOS="690" VPOS="1624" WIDTH="25"/>
						<String ID="P5_ST00181" HPOS="715" VPOS="1582" WIDTH="38" HEIGHT="34" CONTENT="in" WC="1.00" CC="00"/>
						<SP ID="P5_SP00157" HPOS="753" VPOS="1624" WIDTH="24"/>
						<String ID="P5_ST00182" HPOS="777" VPOS="1592" WIDTH="49" HEIGHT="25" CONTENT="an" WC="1.00" CC="00"/>
						<SP ID="P5_SP00158" HPOS="826" VPOS="1624" WIDTH="25"/>
						<String ID="P5_ST00183" HPOS="851" VPOS="1581" WIDTH="64" HEIGHT="35" CONTENT="old" WC="1.00" CC="000"/>
						<SP ID="P5_SP00159" HPOS="915" VPOS="1624" WIDTH="24"/>
						<String ID="P5_ST00184" HPOS="939" VPOS="1582" WIDTH="75" HEIGHT="34" CONTENT="box" WC="0.99" CC="002"/>
						<SP ID="P5_SP00160" HPOS="1014" VPOS="1624" WIDTH="23"/>
						<String ID="P5_ST00185" HPOS="1037" VPOS="1581" WIDTH="127" HEIGHT="43" CONTENT="sleigh" WC="1.00" CC="000000"/>
					</TextLine>
					<TextLine ID="P5_TL00024" HPOS="325" VPOS="1629" WIDTH="903" HEIGHT="44">
						<String ID="P5_ST00186" HPOS="325" VPOS="1630" WIDTH="186" HEIGHT="42" CONTENT="Whirling" WC="1.00" CC="00040000"/>
						<SP ID="P5_SP00161" HPOS="511" VPOS="1672" WIDTH="28"/>
						<String ID="P5_ST00187" HPOS="539" VPOS="1640" WIDTH="111" HEIGHT="32" CONTENT="away" WC="0.99" CC="0004"/>
						<SP ID="P5_SP00162" HPOS="650" VPOS="1672" WIDTH="27"/>
						<String ID="P5_ST00188" HPOS="677" VPOS="1640" WIDTH="50" HEIGHT="24" CONTENT="on" WC="0.69" CC="60"/>
						<SP ID="P5_SP00163" HPOS="727" VPOS="1672" WIDTH="26"/>
						<String ID="P5_ST00189" HPOS="753" VPOS="1630" WIDTH="65" HEIGHT="35" CONTENT="the" WC="1.00" CC="000"/>
						<SP ID="P5_SP00164" HPOS="818" VPOS="1672" WIDTH="27"/>
						<String ID="P5_ST00190" HPOS="845" VPOS="1630" WIDTH="97" HEIGHT="34" CONTENT="New" WC="0.97" CC="007"/>
						<SP ID="P5_SP00165" HPOS="942" VPOS="1672" WIDTH="30"/>
						<String ID="P5_ST00191" HPOS="972" VPOS="1629" WIDTH="131" HEIGHT="36" CONTENT="Year's" WC="0.99" CC="040040"/>
						<SP ID="P5_SP00166" HPOS="1103" VPOS="1672" WIDTH="26"/>
						<String ID="P5_ST00192" HPOS="1129" VPOS="1629" WIDTH="99" HEIGHT="44" CONTENT="Day," WC="0.99" CC="0003"/>
					</TextLine>
					<TextLine ID="P5_TL00025" HPOS="319" VPOS="1676" WIDTH="861" HEIGHT="45">
						<String ID="P5_ST00193" HPOS="319" VPOS="1678" WIDTH="144" HEIGHT="43" CONTENT="Happy" WC="1.00" CC="00000"/>
						<SP ID="P5_SP00167" HPOS="463" VPOS="1721" WIDTH="27"/>
						<String ID="P5_ST00194" HPOS="490" VPOS="1678" WIDTH="77" HEIGHT="34" CONTENT="and" WC="0.98" CC="060"/>
						<SP ID="P5_SP00168" HPOS="567" VPOS="1721" WIDTH="24"/>
						<String ID="P5_ST00195" HPOS="591" VPOS="1676" WIDTH="87" HEIGHT="43" CONTENT="free" WC="1.00" CC="0000"/>
						<SP ID="P5_SP00169" HPOS="678" VPOS="1721" WIDTH="27"/>
						<String ID="P5_ST00196" HPOS="705" VPOS="1688" WIDTH="45" HEIGHT="24" CONTENT="as" WC="1.00" CC="00"/>
						<SP ID="P5_SP00170" HPOS="750" VPOS="1721" WIDTH="25"/>
						<String ID="P5_ST00197" HPOS="775" VPOS="1678" WIDTH="66" HEIGHT="34" CONTENT="the" WC="1.00" CC="000"/>
						<SP ID="P5_SP00171" HPOS="841" VPOS="1721" WIDTH="25"/>
						<String ID="P5_ST00198" HPOS="866" VPOS="1678" WIDTH="58" HEIGHT="34" CONTENT="air" WC="0.97" CC="016"/>
						<SP ID="P5_SP00172" HPOS="924" VPOS="1721" WIDTH="24"/>
						<String ID="P5_ST00199" HPOS="948" VPOS="1688" WIDTH="102" HEIGHT="24" CONTENT="were" WC="1.00" CC="0000"/>
						<SP ID="P5_SP00173" HPOS="1050" VPOS="1721" WIDTH="27"/>
						<String ID="P5_ST00200" HPOS="1077" VPOS="1678" WIDTH="103" HEIGHT="43" CONTENT="they," WC="0.99" CC="10004"/>
					</TextLine>
					<TextLine ID="P5_TL00026" HPOS="520" VPOS="1724" WIDTH="413" HEIGHT="44">
						<String ID="P5_ST00201" HPOS="520" VPOS="1724" WIDTH="88" HEIGHT="36" CONTENT="And" WC="1.00" CC="000"/>
						<SP ID="P5_SP00174" HPOS="608" VPOS="1760" WIDTH="31"/>
						<String ID="P5_ST00202" HPOS="639" VPOS="1725" WIDTH="91" HEIGHT="43" CONTENT="they" WC="0.99" CC="4000"/>
						<SP ID="P5_SP00175" HPOS="730" VPOS="1768" WIDTH="32"/>
						<String ID="P5_ST00203" HPOS="762" VPOS="1725" WIDTH="171" HEIGHT="43" CONTENT="laughed" WC="1.00" CC="0000000"/>
					</TextLine>
					<TextLine ID="P5_TL00027" HPOS="520" VPOS="1773" WIDTH="386" HEIGHT="45">
						<String ID="P5_ST00204" HPOS="520" VPOS="1773" WIDTH="88" HEIGHT="35" CONTENT="And" WC="1.00" CC="000"/>
						<SP ID="P5_SP00176" HPOS="608" VPOS="1808" WIDTH="18"/>
						<String ID="P5_ST00205" HPOS="626" VPOS="1773" WIDTH="91" HEIGHT="42" CONTENT="they" WC="1.00" CC="0000"/>
						<SP ID="P5_SP00177" HPOS="717" VPOS="1815" WIDTH="21"/>
						<String ID="P5_ST00206" HPOS="738" VPOS="1773" WIDTH="168" HEIGHT="45" CONTENT="chaffed," WC="0.99" CC="08000004"/>
					</TextLine>
					<TextLine ID="P5_TL00028" HPOS="519" VPOS="1820" WIDTH="356" HEIGHT="44">
						<String ID="P5_ST00207" HPOS="519" VPOS="1820" WIDTH="56" HEIGHT="36" CONTENT="&gt;45" WC="0.30" CC="964"/>
						<SP ID="P5_SP00178" HPOS="575" VPOS="1856" WIDTH="28"/>
						<String ID="P5_ST00208" HPOS="603" VPOS="1822" WIDTH="134" HEIGHT="34" CONTENT="blocks" WC="1.00" CC="004000"/>
						<SP ID="P5_SP00179" HPOS="737" VPOS="1856" WIDTH="27"/>
						<String ID="P5_ST00209" HPOS="764" VPOS="1832" WIDTH="111" HEIGHT="32" CONTENT="away" WC="1.00" CC="0000"/>
					</TextLine>
					<TextLine ID="P5_TL00029" HPOS="321" VPOS="1869" WIDTH="853" HEIGHT="44">
						<String ID="P5_ST00210" HPOS="321" VPOS="1869" WIDTH="103" HEIGHT="43" CONTENT="They" WC="1.00" CC="0010"/>
						<SP ID="P5_SP00180" HPOS="424" VPOS="1912" WIDTH="28"/>
						<String ID="P5_ST00211" HPOS="452" VPOS="1869" WIDTH="156" HEIGHT="43" CONTENT="merrily" WC="1.00" CC="0000000"/>
						<SP ID="P5_SP00181" HPOS="608" VPOS="1912" WIDTH="26"/>
						<String ID="P5_ST00212" HPOS="634" VPOS="1869" WIDTH="110" HEIGHT="44" CONTENT="sped," WC="1.00" CC="00003"/>
						<SP ID="P5_SP00182" HPOS="744" VPOS="1913" WIDTH="28"/>
						<String ID="P5_ST00213" HPOS="772" VPOS="1869" WIDTH="99" HEIGHT="36" CONTENT="their" WC="1.00" CC="10000"/>
						<SP ID="P5_SP00183" HPOS="871" VPOS="1913" WIDTH="27"/>
						<String ID="P5_ST00214" HPOS="898" VPOS="1870" WIDTH="97" HEIGHT="35" CONTENT="calls" WC="1.00" CC="01000"/>
						<SP ID="P5_SP00184" HPOS="995" VPOS="1913" WIDTH="27"/>
						<String ID="P5_ST00215" HPOS="1022" VPOS="1873" WIDTH="39" HEIGHT="31" CONTENT="to" WC="0.81" CC="30"/>
						<SP ID="P5_SP00185" HPOS="1061" VPOS="1913" WIDTH="25"/>
						<String ID="P5_ST00216" HPOS="1086" VPOS="1879" WIDTH="88" HEIGHT="33" CONTENT="pay." WC="0.99" CC="0004"/>
					</TextLine>
					<TextLine ID="P5_TL00030" HPOS="318" VPOS="1965" WIDTH="856" HEIGHT="43">
						<String ID="P5_ST00217" HPOS="318" VPOS="1965" WIDTH="103" HEIGHT="34" CONTENT="Four" WC="0.99" CC="0030"/>
						<SP ID="P5_SP00186" HPOS="421" VPOS="1999" WIDTH="28"/>
						<String ID="P5_ST00218" HPOS="449" VPOS="1965" WIDTH="97" HEIGHT="34" CONTENT="little" WC="1.00" CC="003200"/>
						<SP ID="P5_SP00187" HPOS="546" VPOS="1999" WIDTH="30"/>
						<String ID="P5_ST00219" HPOS="576" VPOS="1965" WIDTH="177" HEIGHT="35" CONTENT="maidens" WC="1.00" CC="0000000"/>
						<SP ID="P5_SP00188" HPOS="753" VPOS="2000" WIDTH="30"/>
						<String ID="P5_ST00220" HPOS="783" VPOS="1965" WIDTH="39" HEIGHT="34" CONTENT="in" WC="1.00" CC="00"/>
						<SP ID="P5_SP00189" HPOS="822" VPOS="2000" WIDTH="27"/>
						<String ID="P5_ST00221" HPOS="849" VPOS="1965" WIDTH="116" HEIGHT="35" CONTENT="white" WC="1.00" CC="00020"/>
						<SP ID="P5_SP00190" HPOS="965" VPOS="2000" WIDTH="28"/>
						<String ID="P5_ST00222" HPOS="993" VPOS="1965" WIDTH="181" HEIGHT="43" CONTENT="pekay*—" WC="0.66" CC="0200578"/>
					</TextLine>
					<TextLine ID="P5_TL00031" HPOS="317" VPOS="2012" WIDTH="935" HEIGHT="45">
						<String ID="P5_ST00223" HPOS="317" VPOS="2012" WIDTH="159" HEIGHT="36" CONTENT="Maudie" WC="0.92" CC="400000"/>
						<SP ID="P5_SP00191" HPOS="476" VPOS="2048" WIDTH="27"/>
						<String ID="P5_ST00224" HPOS="503" VPOS="2013" WIDTH="78" HEIGHT="35" CONTENT="and" WC="1.00" CC="000"/>
						<SP ID="P5_SP00192" HPOS="581" VPOS="2048" WIDTH="23"/>
						<String ID="P5_ST00225" HPOS="604" VPOS="2013" WIDTH="141" HEIGHT="35" CONTENT="Bessie" WC="1.00" CC="000000"/>
						<SP ID="P5_SP00193" HPOS="745" VPOS="2048" WIDTH="26"/>
						<String ID="P5_ST00226" HPOS="771" VPOS="2013" WIDTH="78" HEIGHT="35" CONTENT="and" WC="1.00" CC="000"/>
						<SP ID="P5_SP00194" HPOS="849" VPOS="2048" WIDTH="23"/>
						<String ID="P5_ST00227" HPOS="872" VPOS="2013" WIDTH="105" HEIGHT="35" CONTENT="Ruth" WC="1.00" CC="0020"/>
						<SP ID="P5_SP00195" HPOS="977" VPOS="2048" WIDTH="26"/>
						<String ID="P5_ST00228" HPOS="1003" VPOS="2014" WIDTH="78" HEIGHT="34" CONTENT="and" WC="1.00" CC="000"/>
						<SP ID="P5_SP00196" HPOS="1081" VPOS="2048" WIDTH="24"/>
						<String ID="P5_ST00229" HPOS="1105" VPOS="2014" WIDTH="147" HEIGHT="43" CONTENT="May—" WC="0.97" CC="6008"/>
					</TextLine>
					<TextLine ID="P5_TL00032" HPOS="321" VPOS="2060" WIDTH="858" HEIGHT="44">
						<String ID="P5_ST00230" HPOS="321" VPOS="2060" WIDTH="185" HEIGHT="35" CONTENT="Watched" WC="1.00" CC="0000000"/>
						<SP ID="P5_SP00197" HPOS="506" VPOS="2095" WIDTH="23"/>
						<String ID="P5_ST00231" HPOS="529" VPOS="2061" WIDTH="78" HEIGHT="35" CONTENT="and" WC="1.00" CC="000"/>
						<SP ID="P5_SP00198" HPOS="607" VPOS="2096" WIDTH="21"/>
						<String ID="P5_ST00232" HPOS="628" VPOS="2061" WIDTH="120" HEIGHT="42" CONTENT="pined" WC="1.00" CC="00000"/>
						<SP ID="P5_SP00199" HPOS="748" VPOS="2103" WIDTH="22"/>
						<String ID="P5_ST00233" HPOS="770" VPOS="2060" WIDTH="83" HEIGHT="35" CONTENT="that" WC="0.99" CC="4000"/>
						<SP ID="P5_SP00200" HPOS="853" VPOS="2103" WIDTH="24"/>
						<String ID="P5_ST00234" HPOS="877" VPOS="2061" WIDTH="76" HEIGHT="35" CONTENT="live" WC="1.00" CC="0000"/>
						<SP ID="P5_SP00201" HPOS="953" VPOS="2103" WIDTH="25"/>
						<String ID="P5_ST00235" HPOS="978" VPOS="2062" WIDTH="92" HEIGHT="42" CONTENT="long" WC="1.00" CC="0000"/>
						<SP ID="P5_SP00202" HPOS="1070" VPOS="2104" WIDTH="22"/>
						<String ID="P5_ST00236" HPOS="1092" VPOS="2061" WIDTH="87" HEIGHT="43" CONTENT="day." WC="0.99" CC="0004"/>
					</TextLine>
					<TextLine ID="P5_TL00033" HPOS="519" VPOS="2107" WIDTH="400" HEIGHT="44">
						<String ID="P5_ST00237" HPOS="519" VPOS="2107" WIDTH="88" HEIGHT="37" CONTENT="And" WC="1.00" CC="000"/>
						<SP ID="P5_SP00203" HPOS="607" VPOS="2144" WIDTH="26"/>
						<String ID="P5_ST00238" HPOS="633" VPOS="2107" WIDTH="91" HEIGHT="44" CONTENT="they" WC="0.98" CC="4004"/>
						<SP ID="P5_SP00204" HPOS="724" VPOS="2151" WIDTH="29"/>
						<String ID="P5_ST00239" HPOS="753" VPOS="2109" WIDTH="166" HEIGHT="35" CONTENT="moaned" WC="1.00" CC="030000"/>
					</TextLine>
					<TextLine ID="P5_TL00034" HPOS="518" VPOS="2155" WIDTH="404" HEIGHT="44">
						<String ID="P5_ST00240" HPOS="518" VPOS="2155" WIDTH="89" HEIGHT="36" CONTENT="And" WC="1.00" CC="000"/>
						<SP ID="P5_SP00205" HPOS="607" VPOS="2191" WIDTH="24"/>
						<String ID="P5_ST00241" HPOS="631" VPOS="2156" WIDTH="93" HEIGHT="43" CONTENT="they" WC="1.00" CC="0000"/>
						<SP ID="P5_SP00206" HPOS="724" VPOS="2199" WIDTH="24"/>
						<String ID="P5_ST00242" HPOS="748" VPOS="2157" WIDTH="174" HEIGHT="42" CONTENT="groaned" WC="1.00" CC="0020000"/>
					</TextLine>
					<TextLine ID="P5_TL00035" HPOS="518" VPOS="2204" WIDTH="422" HEIGHT="45">
						<String ID="P5_ST00243" HPOS="518" VPOS="2204" WIDTH="45" HEIGHT="34" CONTENT="In" WC="0.75" CC="50"/>
						<SP ID="P5_SP00207" HPOS="563" VPOS="2238" WIDTH="23"/>
						<String ID="P5_ST00244" HPOS="586" VPOS="2214" WIDTH="23" HEIGHT="24" CONTENT="a" WC="1.00" CC="0"/>
						<SP ID="P5_SP00208" HPOS="609" VPOS="2238" WIDTH="21"/>
						<String ID="P5_ST00245" HPOS="630" VPOS="2204" WIDTH="190" HEIGHT="43" CONTENT="feminine" WC="1.00" CC="00000000"/>
						<SP ID="P5_SP00209" HPOS="820" VPOS="2247" WIDTH="21"/>
						<String ID="P5_ST00246" HPOS="841" VPOS="2215" WIDTH="99" HEIGHT="34" CONTENT="way," WC="0.99" CC="0004"/>
					</TextLine>
					<TextLine ID="P5_TL00036" HPOS="321" VPOS="2252" WIDTH="911" HEIGHT="45">
						<String ID="P5_ST00247" HPOS="321" VPOS="2252" WIDTH="201" HEIGHT="43" CONTENT="Watching" WC="1.00" CC="06000000"/>
						<SP ID="P5_SP00210" HPOS="522" VPOS="2295" WIDTH="22"/>
						<String ID="P5_ST00248" HPOS="544" VPOS="2252" WIDTH="39" HEIGHT="34" CONTENT="in" WC="1.00" CC="00"/>
						<SP ID="P5_SP00211" HPOS="583" VPOS="2295" WIDTH="22"/>
						<String ID="P5_ST00249" HPOS="605" VPOS="2253" WIDTH="89" HEIGHT="34" CONTENT="vain" WC="1.00" CC="0200"/>
						<SP ID="P5_SP00212" HPOS="694" VPOS="2295" WIDTH="23"/>
						<String ID="P5_ST00250" HPOS="717" VPOS="2253" WIDTH="66" HEIGHT="42" CONTENT="for" WC="0.99" CC="001"/>
						<SP ID="P5_SP00213" HPOS="783" VPOS="2295" WIDTH="21"/>
						<String ID="P5_ST00251" HPOS="804" VPOS="2253" WIDTH="83" HEIGHT="34" CONTENT="that" WC="0.99" CC="0040"/>
						<SP ID="P5_SP00214" HPOS="887" VPOS="2295" WIDTH="21"/>
						<String ID="P5_ST00252" HPOS="908" VPOS="2252" WIDTH="66" HEIGHT="35" CONTENT="old" WC="0.98" CC="400"/>
						<SP ID="P5_SP00215" HPOS="974" VPOS="2295" WIDTH="23"/>
						<String ID="P5_ST00253" HPOS="997" VPOS="2253" WIDTH="75" HEIGHT="35" CONTENT="box" WC="0.98" CC="040"/>
						<SP ID="P5_SP00216" HPOS="1072" VPOS="2295" WIDTH="22"/>
						<String ID="P5_ST00254" HPOS="1094" VPOS="2252" WIDTH="138" HEIGHT="45" CONTENT="sleigh." WC="0.99" CC="0000703"/>
					</TextLine>
					<TextLine ID="P5_TL00037" HPOS="1475" VPOS="2326" WIDTH="3" HEIGHT="13">
						<String ID="P5_ST00255" HPOS="1475" VPOS="2326" WIDTH="3" HEIGHT="13" CONTENT="\" WC="0.41" CC="5"/>
					</TextLine>
					<TextLine ID="P5_TL00038" HPOS="315" VPOS="2347" WIDTH="730" HEIGHT="44">
						<String ID="P5_ST00256" HPOS="315" VPOS="2348" WIDTH="102" HEIGHT="35" CONTENT="Four" WC="0.99" CC="0400"/>
						<SP ID="P5_SP00217" HPOS="417" VPOS="2383" WIDTH="27"/>
						<String ID="P5_ST00257" HPOS="444" VPOS="2347" WIDTH="90" HEIGHT="35" CONTENT="mad" WC="1.00" CC="000"/>
						<SP ID="P5_SP00218" HPOS="534" VPOS="2383" WIDTH="26"/>
						<String ID="P5_ST00258" HPOS="560" VPOS="2347" WIDTH="139" HEIGHT="36" CONTENT="horses" WC="1.00" CC="020000"/>
						<SP ID="P5_SP00219" HPOS="699" VPOS="2383" WIDTH="27"/>
						<String ID="P5_ST00259" HPOS="726" VPOS="2347" WIDTH="170" HEIGHT="44" CONTENT="running" WC="1.00" CC="0000000"/>
						<SP ID="P5_SP00220" HPOS="896" VPOS="2391" WIDTH="26"/>
						<String ID="P5_ST00260" HPOS="922" VPOS="2358" WIDTH="123" HEIGHT="33" CONTENT="away," WC="0.99" CC="00063"/>
					</TextLine>
					<TextLine ID="P5_TL00039" HPOS="315" VPOS="2395" WIDTH="916" HEIGHT="46">
						<String ID="P5_ST00261" HPOS="315" VPOS="2395" WIDTH="104" HEIGHT="36" CONTENT="Four" WC="1.00" CC="0000"/>
						<SP ID="P5_SP00221" HPOS="419" VPOS="2431" WIDTH="21"/>
						<String ID="P5_ST00262" HPOS="440" VPOS="2405" WIDTH="133" HEIGHT="33" CONTENT="young" WC="1.00" CC="00000"/>
						<SP ID="P5_SP00222" HPOS="573" VPOS="2438" WIDTH="24"/>
						<String ID="P5_ST00263" HPOS="597" VPOS="2406" WIDTH="87" HEIGHT="25" CONTENT="men" WC="1.00" CC="000"/>
						<SP ID="P5_SP00223" HPOS="684" VPOS="2438" WIDTH="26"/>
						<String ID="P5_ST00264" HPOS="710" VPOS="2396" WIDTH="38" HEIGHT="35" CONTENT="in" WC="1.00" CC="00"/>
						<SP ID="P5_SP00224" HPOS="748" VPOS="2438" WIDTH="24"/>
						<String ID="P5_ST00265" HPOS="772" VPOS="2406" WIDTH="51" HEIGHT="25" CONTENT="an" WC="1.00" CC="00"/>
						<SP ID="P5_SP00225" HPOS="823" VPOS="2438" WIDTH="24"/>
						<String ID="P5_ST00266" HPOS="847" VPOS="2396" WIDTH="221" HEIGHT="36" CONTENT="o'erturned" WC="0.85" CC="5300600000"/>
						<SP ID="P5_SP00226" HPOS="1068" VPOS="2438" WIDTH="23"/>
						<String ID="P5_ST00267" HPOS="1091" VPOS="2396" WIDTH="140" HEIGHT="45" CONTENT="sleigh," WC="1.00" CC="0000004"/>
					</TextLine>
					<TextLine ID="P5_TL00040" HPOS="316" VPOS="2443" WIDTH="841" HEIGHT="45">
						<String ID="P5_ST00268" HPOS="316" VPOS="2443" WIDTH="150" HEIGHT="36" CONTENT="Corner" WC="1.00" CC="400000"/>
						<SP ID="P5_SP00227" HPOS="466" VPOS="2479" WIDTH="24"/>
						<String ID="P5_ST00269" HPOS="490" VPOS="2444" WIDTH="44" HEIGHT="42" CONTENT="of" WC="1.00" CC="00"/>
						<SP ID="P5_SP00228" HPOS="534" VPOS="2486" WIDTH="29"/>
						<String ID="P5_ST00270" HPOS="563" VPOS="2444" WIDTH="87" HEIGHT="34" CONTENT="\3th" WC="0.65" CC="7600"/>
						<SP ID="P5_SP00229" HPOS="650" VPOS="2486" WIDTH="26"/>
						<String ID="P5_ST00271" HPOS="676" VPOS="2443" WIDTH="77" HEIGHT="35" CONTENT="and" WC="1.00" CC="000"/>
						<SP ID="P5_SP00230" HPOS="753" VPOS="2486" WIDTH="23"/>
						<String ID="P5_ST00272" HPOS="776" VPOS="2443" WIDTH="125" HEIGHT="35" CONTENT="North" WC="0.99" CC="00060"/>
						<SP ID="P5_SP00231" HPOS="901" VPOS="2486" WIDTH="24"/>
						<String ID="P5_ST00273" HPOS="925" VPOS="2444" WIDTH="232" HEIGHT="44" CONTENT="Broadway," WC="0.99" CC="000008334"/>
					</TextLine>
					<TextLine ID="P5_TL00041" HPOS="516" VPOS="2490" WIDTH="368" HEIGHT="44">
						<String ID="P5_ST00274" HPOS="516" VPOS="2490" WIDTH="89" HEIGHT="36" CONTENT="And" WC="1.00" CC="000"/>
						<SP ID="P5_SP00232" HPOS="605" VPOS="2526" WIDTH="22"/>
						<String ID="P5_ST00275" HPOS="627" VPOS="2490" WIDTH="91" HEIGHT="43" CONTENT="they" WC="0.97" CC="5008"/>
						<SP ID="P5_SP00233" HPOS="718" VPOS="2533" WIDTH="22"/>
						<String ID="P5_ST00276" HPOS="740" VPOS="2492" WIDTH="144" HEIGHT="42" CONTENT="fussed" WC="1.00" CC="000000"/>
					</TextLine>
					<TextLine ID="P5_TL00042" HPOS="517" VPOS="2538" WIDTH="386" HEIGHT="45">
						<String ID="P5_ST00277" HPOS="517" VPOS="2538" WIDTH="88" HEIGHT="35" CONTENT="And" WC="1.00" CC="000"/>
						<SP ID="P5_SP00234" HPOS="605" VPOS="2573" WIDTH="25"/>
						<String ID="P5_ST00278" HPOS="630" VPOS="2539" WIDTH="90" HEIGHT="43" CONTENT="they" WC="1.00" CC="0000"/>
						<SP ID="P5_SP00235" HPOS="720" VPOS="2582" WIDTH="26"/>
						<String ID="P5_ST00279" HPOS="746" VPOS="2539" WIDTH="157" HEIGHT="44" CONTENT="cussed," WC="1.00" CC="0000004"/>
					</TextLine>
					<TextLine ID="P5_TL00043" HPOS="517" VPOS="2586" WIDTH="335" HEIGHT="45">
						<String ID="P5_ST00280" HPOS="517" VPOS="2586" WIDTH="226" HEIGHT="43" CONTENT="Spectators" WC="1.00" CC="5001040300"/>
						<SP ID="P5_SP00236" HPOS="743" VPOS="2629" WIDTH="25"/>
						<String ID="P5_ST00281" HPOS="768" VPOS="2598" WIDTH="84" HEIGHT="33" CONTENT="say," WC="0.99" CC="0004"/>
					</TextLine>
					<TextLine ID="P5_TL00044" HPOS="315" VPOS="2633" WIDTH="858" HEIGHT="46">
						<String ID="P5_ST00282" HPOS="315" VPOS="2633" WIDTH="89" HEIGHT="37" CONTENT="And" WC="1.00" CC="000"/>
						<SP ID="P5_SP00237" HPOS="404" VPOS="2670" WIDTH="24"/>
						<String ID="P5_ST00283" HPOS="428" VPOS="2634" WIDTH="65" HEIGHT="35" CONTENT="the" WC="1.00" CC="000"/>
						<SP ID="P5_SP00238" HPOS="493" VPOS="2670" WIDTH="26"/>
						<String ID="P5_ST00284" HPOS="519" VPOS="2634" WIDTH="25" HEIGHT="35" CONTENT="d" WC="1.00" CC="0"/>
						<SP ID="P5_SP00239" HPOS="544" VPOS="2670" WIDTH="103"/>
						<String ID="P5_ST00285" HPOS="647" VPOS="2634" WIDTH="14" HEIGHT="35" CONTENT="1" WC="1.00" CC="0"/>
						<SP ID="P5_SP00240" HPOS="661" VPOS="2670" WIDTH="24"/>
						<String ID="P5_ST00286" HPOS="685" VPOS="2635" WIDTH="202" HEIGHT="43" CONTENT="generally" WC="1.00" CC="000000000"/>
						<SP ID="P5_SP00241" HPOS="887" VPOS="2678" WIDTH="25"/>
						<String ID="P5_ST00287" HPOS="912" VPOS="2645" WIDTH="82" HEIGHT="25" CONTENT="was" WC="1.00" CC="000"/>
						<SP ID="P5_SP00242" HPOS="994" VPOS="2678" WIDTH="27"/>
						<String ID="P5_ST00288" HPOS="1021" VPOS="2639" WIDTH="38" HEIGHT="32" CONTENT="to" WC="0.67" CC="24"/>
						<SP ID="P5_SP00243" HPOS="1059" VPOS="2678" WIDTH="26"/>
						<String ID="P5_ST00289" HPOS="1085" VPOS="2647" WIDTH="88" HEIGHT="32" CONTENT="pay." WC="0.99" CC="0004"/>
					</TextLine>
					<TextLine ID="P5_TL00045" HPOS="318" VPOS="2730" WIDTH="842" HEIGHT="47">
						<String ID="P5_ST00290" HPOS="318" VPOS="2730" WIDTH="87" HEIGHT="43" CONTENT="Pity" WC="1.00" CC="0000"/>
						<SP ID="P5_SP00244" HPOS="405" VPOS="2773" WIDTH="24"/>
						<String ID="P5_ST00291" HPOS="429" VPOS="2730" WIDTH="65" HEIGHT="35" CONTENT="the" WC="0.99" CC="200"/>
						<SP ID="P5_SP00245" HPOS="494" VPOS="2773" WIDTH="24"/>
						<String ID="P5_ST00292" HPOS="518" VPOS="2730" WIDTH="121" HEIGHT="42" CONTENT="youth" WC="1.00" CC="00010"/>
						<SP ID="P5_SP00246" HPOS="639" VPOS="2773" WIDTH="25"/>
						<String ID="P5_ST00293" HPOS="664" VPOS="2730" WIDTH="38" HEIGHT="35" CONTENT="in" WC="1.00" CC="00"/>
						<SP ID="P5_SP00247" HPOS="702" VPOS="2773" WIDTH="24"/>
						<String ID="P5_ST00294" HPOS="726" VPOS="2730" WIDTH="83" HEIGHT="35" CONTENT="that" WC="1.00" CC="0000"/>
						<SP ID="P5_SP00248" HPOS="809" VPOS="2773" WIDTH="24"/>
						<String ID="P5_ST00295" HPOS="833" VPOS="2731" WIDTH="66" HEIGHT="35" CONTENT="old" WC="1.00" CC="000"/>
						<SP ID="P5_SP00249" HPOS="899" VPOS="2773" WIDTH="24"/>
						<String ID="P5_ST00296" HPOS="923" VPOS="2731" WIDTH="75" HEIGHT="36" CONTENT="box" WC="0.98" CC="040"/>
						<SP ID="P5_SP00250" HPOS="998" VPOS="2773" WIDTH="23"/>
						<String ID="P5_ST00297" HPOS="1021" VPOS="2731" WIDTH="139" HEIGHT="46" CONTENT="sleigh," WC="0.99" CC="0001064"/>
					</TextLine>
					<TextLine ID="P5_TL00046" HPOS="317" VPOS="2778" WIDTH="788" HEIGHT="45">
						<String ID="P5_ST00298" HPOS="317" VPOS="2778" WIDTH="87" HEIGHT="43" CONTENT="Pity" WC="0.99" CC="0420"/>
						<SP ID="P5_SP00251" HPOS="404" VPOS="2821" WIDTH="25"/>
						<String ID="P5_ST00299" HPOS="429" VPOS="2778" WIDTH="65" HEIGHT="36" CONTENT="the" WC="1.00" CC="000"/>
						<SP ID="P5_SP00252" HPOS="494" VPOS="2821" WIDTH="25"/>
						<String ID="P5_ST00300" HPOS="519" VPOS="2778" WIDTH="147" HEIGHT="35" CONTENT="tumble" WC="1.00" CC="300000"/>
						<SP ID="P5_SP00253" HPOS="666" VPOS="2821" WIDTH="25"/>
						<String ID="P5_ST00301" HPOS="691" VPOS="2779" WIDTH="91" HEIGHT="42" CONTENT="they" WC="1.00" CC="1000"/>
						<SP ID="P5_SP00254" HPOS="782" VPOS="2821" WIDTH="25"/>
						<String ID="P5_ST00302" HPOS="807" VPOS="2779" WIDTH="78" HEIGHT="35" CONTENT="had" WC="1.00" CC="000"/>
						<SP ID="P5_SP00255" HPOS="885" VPOS="2821" WIDTH="23"/>
						<String ID="P5_ST00303" HPOS="908" VPOS="2779" WIDTH="83" HEIGHT="35" CONTENT="that" WC="1.00" CC="0000"/>
						<SP ID="P5_SP00256" HPOS="991" VPOS="2821" WIDTH="25"/>
						<String ID="P5_ST00304" HPOS="1016" VPOS="2780" WIDTH="89" HEIGHT="43" CONTENT="day," WC="0.99" CC="0004"/>
					</TextLine>
					<TextLine ID="P5_TL00047" HPOS="323" VPOS="2826" WIDTH="673" HEIGHT="45">
						<String ID="P5_ST00305" HPOS="323" VPOS="2826" WIDTH="87" HEIGHT="43" CONTENT="Pity" WC="1.00" CC="0001"/>
						<SP ID="P5_SP00257" HPOS="410" VPOS="2869" WIDTH="21"/>
						<String ID="P5_ST00306" HPOS="431" VPOS="2826" WIDTH="65" HEIGHT="36" CONTENT="the" WC="1.00" CC="000"/>
						<SP ID="P5_SP00258" HPOS="496" VPOS="2869" WIDTH="24"/>
						<String ID="P5_ST00307" HPOS="520" VPOS="2826" WIDTH="89" HEIGHT="35" CONTENT="bills" WC="1.00" CC="00000"/>
						<SP ID="P5_SP00259" HPOS="609" VPOS="2869" WIDTH="24"/>
						<String ID="P5_ST00308" HPOS="633" VPOS="2826" WIDTH="91" HEIGHT="43" CONTENT="they" WC="1.00" CC="0000"/>
						<SP ID="P5_SP00260" HPOS="724" VPOS="2869" WIDTH="22"/>
						<String ID="P5_ST00309" HPOS="746" VPOS="2827" WIDTH="78" HEIGHT="34" CONTENT="had" WC="1.00" CC="000"/>
						<SP ID="P5_SP00261" HPOS="824" VPOS="2869" WIDTH="21"/>
						<String ID="P5_ST00310" HPOS="845" VPOS="2829" WIDTH="39" HEIGHT="32" CONTENT="to" WC="0.75" CC="13"/>
						<SP ID="P5_SP00262" HPOS="884" VPOS="2869" WIDTH="22"/>
						<String ID="P5_ST00311" HPOS="906" VPOS="2836" WIDTH="90" HEIGHT="35" CONTENT="pay," WC="0.99" CC="0014"/>
					</TextLine>
					<TextLine ID="P5_TL00048" HPOS="523" VPOS="2874" WIDTH="408" HEIGHT="36">
						<String ID="P5_ST00312" HPOS="523" VPOS="2874" WIDTH="79" HEIGHT="35" CONTENT="But" WC="0.99" CC="002"/>
						<SP ID="P5_SP00263" HPOS="602" VPOS="2909" WIDTH="25"/>
						<String ID="P5_ST00313" HPOS="627" VPOS="2885" WIDTH="106" HEIGHT="24" CONTENT="more" WC="0.99" CC="0501"/>
						<SP ID="P5_SP00264" HPOS="733" VPOS="2909" WIDTH="25"/>
						<String ID="P5_ST00314" HPOS="758" VPOS="2875" WIDTH="94" HEIGHT="34" CONTENT="than" WC="1.00" CC="0000"/>
						<SP ID="P5_SP00265" HPOS="852" VPOS="2909" WIDTH="26"/>
						<String ID="P5_ST00315" HPOS="878" VPOS="2874" WIDTH="53" HEIGHT="36" CONTENT="all" WC="0.95" CC="750"/>
					</TextLine>
					<TextLine ID="P5_TL00049" HPOS="527" VPOS="2920" WIDTH="424" HEIGHT="45">
						<String ID="P5_ST00316" HPOS="527" VPOS="2921" WIDTH="112" HEIGHT="36" CONTENT="Their" WC="1.00" CC="00000"/>
						<SP ID="P5_SP00266" HPOS="639" VPOS="2957" WIDTH="28"/>
						<String ID="P5_ST00317" HPOS="667" VPOS="2923" WIDTH="79" HEIGHT="34" CONTENT="rise" WC="1.00" CC="2000"/>
						<SP ID="P5_SP00267" HPOS="746" VPOS="2957" WIDTH="26"/>
						<String ID="P5_ST00318" HPOS="772" VPOS="2920" WIDTH="79" HEIGHT="37" CONTENT="and" WC="0.99" CC="003"/>
						<SP ID="P5_SP00268" HPOS="851" VPOS="2957" WIDTH="24"/>
						<String ID="P5_ST00319" HPOS="875" VPOS="2922" WIDTH="76" HEIGHT="43" CONTENT="fall" WC="1.00" CC="0000"/>
					</TextLine>
					<TextLine ID="P5_TL00050" HPOS="522" VPOS="2970" WIDTH="331" HEIGHT="44">
						<String ID="P5_ST00320" HPOS="522" VPOS="2970" WIDTH="101" HEIGHT="44" CONTENT="Pity," WC="1.00" CC="00004"/>
						<SP ID="P5_SP00269" HPOS="623" VPOS="3014" WIDTH="30"/>
						<String ID="P5_ST00321" HPOS="653" VPOS="2980" WIDTH="58" HEIGHT="24" CONTENT="we" WC="0.98" CC="00"/>
						<SP ID="P5_SP00270" HPOS="711" VPOS="3014" WIDTH="32"/>
						<String ID="P5_ST00322" HPOS="743" VPOS="2980" WIDTH="110" HEIGHT="34" CONTENT="pray," WC="0.99" CC="00004"/>
					</TextLine>
					<TextLine ID="P5_TL00051" HPOS="323" VPOS="3017" WIDTH="856" HEIGHT="45">
						<String ID="P5_ST00323" HPOS="323" VPOS="3017" WIDTH="76" HEIGHT="35" CONTENT="The" WC="1.00" CC="000"/>
						<SP ID="P5_SP00271" HPOS="399" VPOS="3052" WIDTH="28"/>
						<String ID="P5_ST00324" HPOS="427" VPOS="3017" WIDTH="175" HEIGHT="35" CONTENT="maidens" WC="1.00" CC="0000000"/>
						<SP ID="P5_SP00272" HPOS="602" VPOS="3052" WIDTH="28"/>
						<String ID="P5_ST00325" HPOS="630" VPOS="3019" WIDTH="85" HEIGHT="33" CONTENT="lorn" WC="1.00" CC="0000"/>
						<SP ID="P5_SP00273" HPOS="715" VPOS="3052" WIDTH="28"/>
						<String ID="P5_ST00326" HPOS="743" VPOS="3018" WIDTH="38" HEIGHT="35" CONTENT="in" WC="1.00" CC="00"/>
						<SP ID="P5_SP00274" HPOS="781" VPOS="3053" WIDTH="27"/>
						<String ID="P5_ST00327" HPOS="808" VPOS="3017" WIDTH="65" HEIGHT="36" CONTENT="the" WC="0.99" CC="200"/>
						<SP ID="P5_SP00275" HPOS="873" VPOS="3053" WIDTH="25"/>
						<String ID="P5_ST00328" HPOS="898" VPOS="3018" WIDTH="116" HEIGHT="36" CONTENT="white" WC="1.00" CC="00100"/>
						<SP ID="P5_SP00276" HPOS="1014" VPOS="3054" WIDTH="26"/>
						<String ID="P5_ST00329" HPOS="1040" VPOS="3019" WIDTH="139" HEIGHT="43" CONTENT="pekay." WC="0.96" CC="000002"/>
					</TextLine>
					<TextLine ID="P5_TL00052" HPOS="175" VPOS="3088" WIDTH="1310" HEIGHT="54">
						<String ID="P5_ST00330" HPOS="175" VPOS="3089" WIDTH="119" HEIGHT="41" CONTENT="Field" WC="0.99" CC="05000"/>
						<SP ID="P5_SP00277" HPOS="294" VPOS="3130" WIDTH="24"/>
						<String ID="P5_ST00331" HPOS="318" VPOS="3090" WIDTH="83" HEIGHT="44" CONTENT="had" WC="1.00" CC="000"/>
						<SP ID="P5_SP00278" HPOS="401" VPOS="3134" WIDTH="27"/>
						<String ID="P5_ST00332" HPOS="428" VPOS="3102" WIDTH="23" HEIGHT="28" CONTENT="a" WC="1.00" CC="0"/>
						<SP ID="P5_SP00279" HPOS="451" VPOS="3134" WIDTH="25"/>
						<String ID="P5_ST00333" HPOS="476" VPOS="3090" WIDTH="118" HEIGHT="40" CONTENT="habit" WC="0.99" CC="00040"/>
						<SP ID="P5_SP00280" HPOS="594" VPOS="3134" WIDTH="25"/>
						<String ID="P5_ST00334" HPOS="619" VPOS="3090" WIDTH="47" HEIGHT="40" CONTENT="of" WC="1.00" CC="00"/>
						<SP ID="P5_SP00281" HPOS="666" VPOS="3134" WIDTH="24"/>
						<String ID="P5_ST00335" HPOS="690" VPOS="3088" WIDTH="202" HEIGHT="54" CONTENT="spinning" WC="0.99" CC="00600600"/>
						<SP ID="P5_SP00282" HPOS="892" VPOS="3142" WIDTH="23"/>
						<String ID="P5_ST00336" HPOS="915" VPOS="3090" WIDTH="118" HEIGHT="40" CONTENT="what" WC="1.00" CC="0000"/>
						<SP ID="P5_SP00283" HPOS="1033" VPOS="3142" WIDTH="24"/>
						<String ID="P5_ST00337" HPOS="1057" VPOS="3092" WIDTH="56" HEIGHT="40" CONTENT="he" WC="1.00" CC="00"/>
						<SP ID="P5_SP00284" HPOS="1113" VPOS="3142" WIDTH="26"/>
						<String ID="P5_ST00338" HPOS="1139" VPOS="3091" WIDTH="138" HEIGHT="42" CONTENT="called" WC="1.00" CC="002300"/>
						<SP ID="P5_SP00285" HPOS="1277" VPOS="3142" WIDTH="27"/>
						<String ID="P5_ST00339" HPOS="1304" VPOS="3090" WIDTH="151" HEIGHT="52" CONTENT='"Rhym' SUBS_TYPE="HypPart1" SUBS_CONTENT='"Rhyming' WC="0.99" CC="40000"/>
						<HYP HPOS="1455" VPOS="3090" WIDTH="30" CONTENT="-"/>
					</TextLine>
					<TextLine ID="P5_TL00053" HPOS="116" VPOS="3147" WIDTH="1368" HEIGHT="53">
						<String ID="P5_ST00340" HPOS="116" VPOS="3147" WIDTH="73" HEIGHT="53" CONTENT="ing" SUBS_TYPE="HypPart2" SUBS_CONTENT='"Rhyming' WC="1.00" CC="100"/>
						<SP ID="P5_SP00286" HPOS="189" VPOS="3200" WIDTH="28"/>
						<String ID="P5_ST00341" HPOS="217" VPOS="3148" WIDTH="239" HEIGHT="52" CONTENT='ribbonry,"' WC="0.83" CC="1500003015"/>
						<SP ID="P5_SP00287" HPOS="456" VPOS="3200" WIDTH="33"/>
						<String ID="P5_ST00342" HPOS="489" VPOS="3161" WIDTH="23" HEIGHT="28" CONTENT="a" WC="1.00" CC="0"/>
						<SP ID="P5_SP00288" HPOS="512" VPOS="3200" WIDTH="29"/>
						<String ID="P5_ST00343" HPOS="541" VPOS="3149" WIDTH="156" HEIGHT="51" CONTENT="phrase" WC="1.00" CC="010030"/>
						<SP ID="P5_SP00289" HPOS="697" VPOS="3200" WIDTH="28"/>
						<String ID="P5_ST00344" HPOS="725" VPOS="3150" WIDTH="150" HEIGHT="50" CONTENT="purely" WC="1.00" CC="000000"/>
						<SP ID="P5_SP00290" HPOS="875" VPOS="3200" WIDTH="29"/>
						<String ID="P5_ST00345" HPOS="904" VPOS="3149" WIDTH="207" HEIGHT="49" CONTENT="Fieldian," WC="0.83" CC="050005003"/>
						<SP ID="P5_SP00291" HPOS="1111" VPOS="3200" WIDTH="31"/>
						<String ID="P5_ST00346" HPOS="1142" VPOS="3151" WIDTH="83" HEIGHT="39" CONTENT="and" WC="1.00" CC="000"/>
						<SP ID="P5_SP00292" HPOS="1225" VPOS="3200" WIDTH="29"/>
						<String ID="P5_ST00347" HPOS="1254" VPOS="3156" WIDTH="75" HEIGHT="35" CONTENT="not" WC="1.00" CC="000"/>
						<SP ID="P5_SP00293" HPOS="1329" VPOS="3200" WIDTH="29"/>
						<String ID="P5_ST00348" HPOS="1358" VPOS="3156" WIDTH="42" HEIGHT="35" CONTENT="to" WC="1.00" CC="00"/>
						<SP ID="P5_SP00294" HPOS="1400" VPOS="3200" WIDTH="28"/>
						<String ID="P5_ST00349" HPOS="1428" VPOS="3151" WIDTH="56" HEIGHT="40" CONTENT="be" WC="0.87" CC="20"/>
					</TextLine>
					<TextLine ID="P5_TL00054" HPOS="118" VPOS="3206" WIDTH="1364" HEIGHT="54">
						<String ID="P5_ST00350" HPOS="118" VPOS="3208" WIDTH="135" HEIGHT="40" CONTENT="found" WC="0.99" CC="20030"/>
						<SP ID="P5_SP00295" HPOS="253" VPOS="3248" WIDTH="24"/>
						<String ID="P5_ST00351" HPOS="277" VPOS="3207" WIDTH="41" HEIGHT="40" CONTENT="in" WC="1.00" CC="00"/>
						<SP ID="P5_SP00296" HPOS="318" VPOS="3248" WIDTH="27"/>
						<String ID="P5_ST00352" HPOS="345" VPOS="3208" WIDTH="177" HEIGHT="40" CONTENT="modern" WC="1.00" CC="020000"/>
						<SP ID="P5_SP00297" HPOS="522" VPOS="3248" WIDTH="26"/>
						<String ID="P5_ST00353" HPOS="548" VPOS="3206" WIDTH="285" HEIGHT="42" CONTENT="dictionaries." WC="1.00" CC="0000600000003"/>
						<SP ID="P5_SP00298" HPOS="833" VPOS="3248" WIDTH="51"/>
						<String ID="P5_ST00354" HPOS="884" VPOS="3206" WIDTH="101" HEIGHT="42" CONTENT="This" WC="1.00" CC="0000"/>
						<SP ID="P5_SP00299" HPOS="985" VPOS="3248" WIDTH="27"/>
						<String ID="P5_ST00355" HPOS="1012" VPOS="3207" WIDTH="268" HEIGHT="53" CONTENT='"Ribbonry"' WC="0.90" CC="4020010001"/>
						<SP ID="P5_SP00300" HPOS="1280" VPOS="3260" WIDTH="27"/>
						<String ID="P5_ST00356" HPOS="1307" VPOS="3207" WIDTH="154" HEIGHT="43" CONTENT="consist" SUBS_TYPE="HypPart1" SUBS_CONTENT="consisted" WC="1.00" CC="0100000"/>
						<HYP HPOS="1461" VPOS="3207" WIDTH="21" CONTENT="-"/>
					</TextLine>
					<TextLine ID="P5_TL00055" HPOS="120" VPOS="3266" WIDTH="1366" HEIGHT="54">
						<String ID="P5_ST00357" HPOS="120" VPOS="3267" WIDTH="52" HEIGHT="39" CONTENT="ed" SUBS_TYPE="HypPart2" SUBS_CONTENT="consisted" WC="1.00" CC="00"/>
						<SP ID="P5_SP00301" HPOS="172" VPOS="3306" WIDTH="36"/>
						<String ID="P5_ST00358" HPOS="208" VPOS="3267" WIDTH="46" HEIGHT="39" CONTENT="of" WC="1.00" CC="00"/>
						<SP ID="P5_SP00302" HPOS="254" VPOS="3306" WIDTH="35"/>
						<String ID="P5_ST00359" HPOS="289" VPOS="3266" WIDTH="214" HEIGHT="51" CONTENT="curiously" WC="1.00" CC="000420020"/>
						<SP ID="P5_SP00303" HPOS="503" VPOS="3317" WIDTH="36"/>
						<String ID="P5_ST00360" HPOS="539" VPOS="3267" WIDTH="270" HEIGHT="40" CONTENT="constructed" WC="1.00" CC="00000100000"/>
						<SP ID="P5_SP00304" HPOS="809" VPOS="3317" WIDTH="35"/>
						<String ID="P5_ST00361" HPOS="844" VPOS="3266" WIDTH="112" HEIGHT="42" CONTENT="lines" WC="0.99" CC="14000"/>
						<SP ID="P5_SP00305" HPOS="956" VPOS="3317" WIDTH="34"/>
						<String ID="P5_ST00362" HPOS="990" VPOS="3267" WIDTH="174" HEIGHT="53" CONTENT="playing" WC="1.00" CC="0300400"/>
						<SP ID="P5_SP00306" HPOS="1164" VPOS="3320" WIDTH="33"/>
						<String ID="P5_ST00363" HPOS="1197" VPOS="3280" WIDTH="114" HEIGHT="39" CONTENT="upon" WC="1.00" CC="0000"/>
						<SP ID="P5_SP00307" HPOS="1311" VPOS="3320" WIDTH="36"/>
						<String ID="P5_ST00364" HPOS="1347" VPOS="3269" WIDTH="139" HEIGHT="40" CONTENT="words" WC="1.00" CC="03000"/>
					</TextLine>
					<TextLine ID="P5_TL00056" HPOS="122" VPOS="3325" WIDTH="311" HEIGHT="42">
						<String ID="P5_ST00365" HPOS="122" VPOS="3326" WIDTH="41" HEIGHT="40" CONTENT="in" WC="0.85" CC="20"/>
						<SP ID="P5_SP00308" HPOS="163" VPOS="3366" WIDTH="33"/>
						<String ID="P5_ST00366" HPOS="196" VPOS="3325" WIDTH="84" HEIGHT="42" CONTENT="this" WC="0.99" CC="0030"/>
						<SP ID="P5_SP00309" HPOS="280" VPOS="3367" WIDTH="29"/>
						<String ID="P5_ST00367" HPOS="309" VPOS="3325" WIDTH="124" HEIGHT="40" CONTENT="wise:" WC="0.99" CC="00004"/>
					</TextLine>
					<TextLine ID="P5_TL00057" HPOS="220" VPOS="3403" WIDTH="1163" HEIGHT="48">
						<String ID="P5_ST00368" HPOS="220" VPOS="3403" WIDTH="174" HEIGHT="44" CONTENT="Straight" WC="1.00" CC="01000000"/>
						<SP ID="P5_SP00310" HPOS="394" VPOS="3447" WIDTH="29"/>
						<String ID="P5_ST00369" HPOS="423" VPOS="3405" WIDTH="130" HEIGHT="35" CONTENT="where" WC="1.00" CC="00000"/>
						<SP ID="P5_SP00311" HPOS="553" VPOS="3447" WIDTH="30"/>
						<String ID="P5_ST00370" HPOS="583" VPOS="3405" WIDTH="72" HEIGHT="35" CONTENT="she" WC="1.00" CC="000"/>
						<SP ID="P5_SP00312" HPOS="655" VPOS="3447" WIDTH="30"/>
						<String ID="P5_ST00371" HPOS="685" VPOS="3405" WIDTH="171" HEIGHT="45" CONTENT="strayed," WC="0.99" CC="00051004"/>
						<SP ID="P5_SP00313" HPOS="856" VPOS="3450" WIDTH="29"/>
						<String ID="P5_ST00372" HPOS="885" VPOS="3405" WIDTH="93" HEIGHT="36" CONTENT="with" WC="0.99" CC="0330"/>
						<SP ID="P5_SP00314" HPOS="978" VPOS="3450" WIDTH="29"/>
						<String ID="P5_ST00373" HPOS="1007" VPOS="3407" WIDTH="122" HEIGHT="35" CONTENT="stride" WC="0.99" CC="700000"/>
						<SP ID="P5_SP00315" HPOS="1129" VPOS="3450" WIDTH="30"/>
						<String ID="P5_ST00374" HPOS="1159" VPOS="3409" WIDTH="49" HEIGHT="33" CONTENT="fie" WC="0.93" CC="619"/>
						<SP ID="P5_SP00316" HPOS="1208" VPOS="3450" WIDTH="30"/>
						<String ID="P5_ST00375" HPOS="1238" VPOS="3405" WIDTH="145" HEIGHT="46" CONTENT="strode," WC="0.98" CC="9105093"/>
					</TextLine>
					<TextLine ID="P5_TL00058" HPOS="221" VPOS="3452" WIDTH="830" HEIGHT="44">
						<String ID="P5_ST00376" HPOS="221" VPOS="3452" WIDTH="81" HEIGHT="36" CONTENT="Sad" WC="1.00" CC="000"/>
						<SP ID="P5_SP00317" HPOS="302" VPOS="3488" WIDTH="26"/>
						<String ID="P5_ST00377" HPOS="328" VPOS="3452" WIDTH="141" HEIGHT="44" CONTENT="sighed" WC="1.00" CC="000000"/>
						<SP ID="P5_SP00318" HPOS="469" VPOS="3496" WIDTH="26"/>
						<String ID="P5_ST00378" HPOS="495" VPOS="3453" WIDTH="49" HEIGHT="36" CONTENT="he" WC="1.00" CC="00"/>
						<SP ID="P5_SP00319" HPOS="544" VPOS="3496" WIDTH="26"/>
						<String ID="P5_ST00379" HPOS="570" VPOS="3464" WIDTH="53" HEIGHT="25" CONTENT="on" WC="0.65" CC="60"/>
						<SP ID="P5_SP00320" HPOS="623" VPOS="3496" WIDTH="27"/>
						<String ID="P5_ST00380" HPOS="650" VPOS="3453" WIDTH="65" HEIGHT="36" CONTENT="the" WC="1.00" CC="000"/>
						<SP ID="P5_SP00321" HPOS="715" VPOS="3496" WIDTH="27"/>
						<String ID="P5_ST00381" HPOS="742" VPOS="3454" WIDTH="74" HEIGHT="34" CONTENT="sod" WC="1.00" CC="000"/>
						<SP ID="P5_SP00322" HPOS="816" VPOS="3496" WIDTH="26"/>
						<String ID="P5_ST00382" HPOS="842" VPOS="3454" WIDTH="78" HEIGHT="35" CONTENT="and" WC="1.00" CC="000"/>
						<SP ID="P5_SP00323" HPOS="920" VPOS="3496" WIDTH="26"/>
						<String ID="P5_ST00383" HPOS="946" VPOS="3454" WIDTH="105" HEIGHT="35" CONTENT="said:" WC="0.99" CC="00007"/>
					</TextLine>
					<TextLine ID="P5_TL00059" HPOS="323" VPOS="3499" WIDTH="785" HEIGHT="45">
						<String ID="P5_ST00384" HPOS="323" VPOS="3499" WIDTH="23" HEIGHT="16" CONTENT="u" STYLE="superscript" WC="1.00" CC="9"/>
						<String ID="P5_ST00385" HPOS="347" VPOS="3500" WIDTH="92" HEIGHT="44" CONTENT="Say," WC="0.71" CC="0073"/>
						<SP ID="P5_SP00324" HPOS="439" VPOS="3544" WIDTH="26"/>
						<String ID="P5_ST00386" HPOS="465" VPOS="3511" WIDTH="69" HEIGHT="25" CONTENT="see" WC="1.00" CC="000"/>
						<SP ID="P5_SP00325" HPOS="534" VPOS="3544" WIDTH="26"/>
						<String ID="P5_ST00387" HPOS="560" VPOS="3501" WIDTH="18" HEIGHT="35" CONTENT="I" WC="1.00" CC="0"/>
						<SP ID="P5_SP00326" HPOS="578" VPOS="3544" WIDTH="25"/>
						<String ID="P5_ST00388" HPOS="603" VPOS="3501" WIDTH="89" HEIGHT="43" CONTENT="sigh" WC="1.00" CC="0000"/>
						<SP ID="P5_SP00327" HPOS="692" VPOS="3544" WIDTH="26"/>
						<String ID="P5_ST00389" HPOS="718" VPOS="3502" WIDTH="77" HEIGHT="35" CONTENT="and" WC="1.00" CC="000"/>
						<SP ID="P5_SP00328" HPOS="795" VPOS="3544" WIDTH="26"/>
						<String ID="P5_ST00390" HPOS="821" VPOS="3512" WIDTH="73" HEIGHT="24" CONTENT="sue" WC="1.00" CC="000"/>
						<SP ID="P5_SP00329" HPOS="894" VPOS="3544" WIDTH="25"/>
						<String ID="P5_ST00391" HPOS="919" VPOS="3511" WIDTH="78" HEIGHT="33" CONTENT="you" WC="1.00" CC="000"/>
						<SP ID="P5_SP00330" HPOS="997" VPOS="3544" WIDTH="26"/>
						<String ID="P5_ST00392" HPOS="1023" VPOS="3512" WIDTH="45" HEIGHT="26" CONTENT="so" WC="1.00" CC="00"/>
						<SP ID="P5_SP00331" HPOS="1068" VPOS="3544" WIDTH="15"/>
						<String ID="P5_ST00393" HPOS="1083" VPOS="3501" WIDTH="25" HEIGHT="16" CONTENT='"' WC="0.49" CC="5"/>
					</TextLine>
					<TextLine ID="P5_TL00060" HPOS="220" VPOS="3548" WIDTH="845" HEIGHT="45">
						<String ID="P5_ST00394" HPOS="220" VPOS="3548" WIDTH="80" HEIGHT="36" CONTENT="She" WC="1.00" CC="000"/>
						<SP ID="P5_SP00332" HPOS="300" VPOS="3584" WIDTH="23"/>
						<String ID="P5_ST00395" HPOS="323" VPOS="3549" WIDTH="78" HEIGHT="34" CONTENT="had" WC="1.00" CC="000"/>
						<SP ID="P5_SP00333" HPOS="401" VPOS="3584" WIDTH="24"/>
						<String ID="P5_ST00396" HPOS="425" VPOS="3559" WIDTH="48" HEIGHT="24" CONTENT="no" WC="1.00" CC="00"/>
						<SP ID="P5_SP00334" HPOS="473" VPOS="3584" WIDTH="26"/>
						<String ID="P5_ST00397" HPOS="499" VPOS="3549" WIDTH="112" HEIGHT="44" CONTENT="heed," WC="0.99" CC="00004"/>
						<SP ID="P5_SP00335" HPOS="611" VPOS="3593" WIDTH="26"/>
						<String ID="P5_ST00398" HPOS="637" VPOS="3549" WIDTH="67" HEIGHT="35" CONTENT="but" WC="1.00" CC="000"/>
						<SP ID="P5_SP00336" HPOS="704" VPOS="3593" WIDTH="24"/>
						<String ID="P5_ST00399" HPOS="728" VPOS="3549" WIDTH="67" HEIGHT="35" CONTENT="hid" WC="0.98" CC="040"/>
						<SP ID="P5_SP00337" HPOS="795" VPOS="3593" WIDTH="23"/>
						<String ID="P5_ST00400" HPOS="818" VPOS="3549" WIDTH="70" HEIGHT="35" CONTENT="her" WC="1.00" CC="000"/>
						<SP ID="P5_SP00338" HPOS="888" VPOS="3593" WIDTH="23"/>
						<String ID="P5_ST00401" HPOS="911" VPOS="3549" WIDTH="154" HEIGHT="36" CONTENT="head—" WC="0.99" CC="00008"/>
					</TextLine>
					<TextLine ID="P5_TL00061" HPOS="220" VPOS="3596" WIDTH="968" HEIGHT="46">
						<String ID="P5_ST00402" HPOS="220" VPOS="3596" WIDTH="157" HEIGHT="35" CONTENT="Maud's" WC="0.99" CC="800040"/>
						<SP ID="P5_SP00339" HPOS="377" VPOS="3631" WIDTH="25"/>
						<String ID="P5_ST00403" HPOS="402" VPOS="3596" WIDTH="115" HEIGHT="35" CONTENT="mood" WC="1.00" CC="0000"/>
						<SP ID="P5_SP00340" HPOS="517" VPOS="3631" WIDTH="23"/>
						<String ID="P5_ST00404" HPOS="540" VPOS="3597" WIDTH="65" HEIGHT="35" CONTENT="the" WC="0.98" CC="400"/>
						<SP ID="P5_SP00341" HPOS="605" VPOS="3632" WIDTH="23"/>
						<String ID="P5_ST00405" HPOS="628" VPOS="3597" WIDTH="94" HEIGHT="35" CONTENT="mud" WC="1.00" CC="000"/>
						<SP ID="P5_SP00342" HPOS="722" VPOS="3632" WIDTH="23"/>
						<String ID="P5_ST00406" HPOS="745" VPOS="3598" WIDTH="43" HEIGHT="42" CONTENT="of" WC="0.73" CC="50"/>
						<SP ID="P5_SP00343" HPOS="788" VPOS="3640" WIDTH="24"/>
						<String ID="P5_ST00407" HPOS="812" VPOS="3598" WIDTH="115" HEIGHT="35" CONTENT="mead" WC="1.00" CC="0000"/>
						<SP ID="P5_SP00344" HPOS="927" VPOS="3640" WIDTH="23"/>
						<String ID="P5_ST00408" HPOS="950" VPOS="3596" WIDTH="112" HEIGHT="37" CONTENT="made" WC="0.99" CC="0003"/>
						<SP ID="P5_SP00345" HPOS="1062" VPOS="3640" WIDTH="23"/>
						<String ID="P5_ST00409" HPOS="1085" VPOS="3598" WIDTH="103" HEIGHT="44" CONTENT="mad," WC="0.99" CC="0003"/>
					</TextLine>
					<TextLine ID="P5_TL00062" HPOS="219" VPOS="3643" WIDTH="838" HEIGHT="39">
						<String ID="P5_ST00410" HPOS="219" VPOS="3643" WIDTH="63" HEIGHT="35" CONTENT="No" WC="1.00" CC="00"/>
						<SP ID="P5_SP00346" HPOS="282" VPOS="3678" WIDTH="27"/>
						<String ID="P5_ST00411" HPOS="309" VPOS="3655" WIDTH="154" HEIGHT="25" CONTENT="answer" WC="1.00" CC="000000"/>
						<SP ID="P5_SP00347" HPOS="463" VPOS="3680" WIDTH="25"/>
						<String ID="P5_ST00412" HPOS="488" VPOS="3645" WIDTH="112" HEIGHT="35" CONTENT="knew" WC="0.98" CC="0800"/>
						<SP ID="P5_SP00348" HPOS="600" VPOS="3680" WIDTH="26"/>
						<String ID="P5_ST00413" HPOS="626" VPOS="3645" WIDTH="73" HEIGHT="35" CONTENT="she" WC="0.99" CC="100"/>
						<SP ID="P5_SP00349" HPOS="699" VPOS="3680" WIDTH="26"/>
						<String ID="P5_ST00414" HPOS="725" VPOS="3656" WIDTH="86" HEIGHT="25" CONTENT="now" WC="1.00" CC="000"/>
						<SP ID="P5_SP00350" HPOS="811" VPOS="3681" WIDTH="29"/>
						<String ID="P5_ST00415" HPOS="840" VPOS="3645" WIDTH="67" HEIGHT="35" CONTENT="but" WC="1.00" CC="000"/>
						<SP ID="P5_SP00351" HPOS="907" VPOS="3681" WIDTH="24"/>
						<String ID="P5_ST00416" HPOS="931" VPOS="3644" WIDTH="126" HEIGHT="38" CONTENT='"No."' WC="0.97" CC="50645"/>
					</TextLine>
					<TextLine ID="P5_TL00063" HPOS="174" VPOS="3715" WIDTH="1313" HEIGHT="53">
						<String ID="P5_ST00417" HPOS="174" VPOS="3715" WIDTH="89" HEIGHT="42" CONTENT="The" WC="1.00" CC="000"/>
						<SP ID="P5_SP00352" HPOS="263" VPOS="3757" WIDTH="22"/>
						<String ID="P5_ST00418" HPOS="285" VPOS="3718" WIDTH="210" HEIGHT="50" CONTENT="swinging" WC="1.00" CC="00300400"/>
						<SP ID="P5_SP00353" HPOS="495" VPOS="3768" WIDTH="23"/>
						<String ID="P5_ST00419" HPOS="518" VPOS="3729" WIDTH="221" HEIGHT="29" CONTENT="measures" WC="1.00" CC="00000000"/>
						<SP ID="P5_SP00354" HPOS="739" VPOS="3768" WIDTH="23"/>
						<String ID="P5_ST00420" HPOS="762" VPOS="3718" WIDTH="48" HEIGHT="40" CONTENT="of" WC="1.00" CC="00"/>
						<SP ID="P5_SP00355" HPOS="810" VPOS="3768" WIDTH="20"/>
						<String ID="P5_ST00421" HPOS="830" VPOS="3719" WIDTH="72" HEIGHT="39" CONTENT="the" WC="1.00" CC="000"/>
						<SP ID="P5_SP00356" HPOS="902" VPOS="3768" WIDTH="25"/>
						<String ID="P5_ST00422" HPOS="927" VPOS="3717" WIDTH="153" HEIGHT="41" CONTENT='"Little' WC="0.99" CC="4020040"/>
						<SP ID="P5_SP00357" HPOS="1080" VPOS="3768" WIDTH="25"/>
						<String ID="P5_ST00423" HPOS="1105" VPOS="3717" WIDTH="167" HEIGHT="42" CONTENT='Peach"' WC="0.99" CC="100324"/>
						<SP ID="P5_SP00358" HPOS="1272" VPOS="3768" WIDTH="25"/>
						<String ID="P5_ST00424" HPOS="1297" VPOS="3716" WIDTH="190" HEIGHT="42" CONTENT="attained" WC="1.00" CC="50004010"/>
					</TextLine>
					<TextLine ID="P5_TL00064" HPOS="119" VPOS="3776" WIDTH="1368" HEIGHT="52">
						<String ID="P5_ST00425" HPOS="119" VPOS="3790" WIDTH="23" HEIGHT="27" CONTENT="a" WC="1.00" CC="0"/>
						<SP ID="P5_SP00359" HPOS="142" VPOS="3817" WIDTH="44"/>
						<String ID="P5_ST00426" HPOS="186" VPOS="3777" WIDTH="277" HEIGHT="39" CONTENT="tremendous" WC="1.00" CC="0200086000"/>
						<SP ID="P5_SP00360" HPOS="463" VPOS="3817" WIDTH="42"/>
						<String ID="P5_ST00427" HPOS="505" VPOS="3776" WIDTH="241" HEIGHT="52" CONTENT="popularity" WC="1.00" CC="0005000400"/>
						<SP ID="P5_SP00361" HPOS="746" VPOS="3828" WIDTH="44"/>
						<String ID="P5_ST00428" HPOS="790" VPOS="3788" WIDTH="24" HEIGHT="28" CONTENT="a" WC="1.00" CC="0"/>
						<SP ID="P5_SP00362" HPOS="814" VPOS="3828" WIDTH="46"/>
						<String ID="P5_ST00429" HPOS="860" VPOS="3777" WIDTH="84" HEIGHT="40" CONTENT="few" WC="0.99" CC="200"/>
						<SP ID="P5_SP00363" HPOS="944" VPOS="3828" WIDTH="42"/>
						<String ID="P5_ST00430" HPOS="986" VPOS="3789" WIDTH="127" HEIGHT="39" CONTENT="years" WC="0.99" CC="00040"/>
						<SP ID="P5_SP00364" HPOS="1113" VPOS="3828" WIDTH="44"/>
						<String ID="P5_ST00431" HPOS="1157" VPOS="3788" WIDTH="92" HEIGHT="40" CONTENT="ago." WC="0.97" CC="9003"/>
						<SP ID="P5_SP00365" HPOS="1249" VPOS="3828" WIDTH="73"/>
						<String ID="P5_ST00432" HPOS="1322" VPOS="3776" WIDTH="165" HEIGHT="52" CONTENT="During" WC="0.98" CC="900007"/>
					</TextLine>
					<TextLine ID="P5_TL00065" HPOS="118" VPOS="3833" WIDTH="1366" HEIGHT="55">
						<String ID="P5_ST00433" HPOS="118" VPOS="3833" WIDTH="155" HEIGHT="42" CONTENT="Field's" WC="0.99" CC="0503020"/>
						<SP ID="P5_SP00366" HPOS="273" VPOS="3875" WIDTH="24"/>
						<String ID="P5_ST00434" HPOS="297" VPOS="3834" WIDTH="250" HEIGHT="42" CONTENT="connection" WC="1.00" CC="1060000500"/>
						<SP ID="P5_SP00367" HPOS="547" VPOS="3876" WIDTH="25"/>
						<String ID="P5_ST00435" HPOS="572" VPOS="3835" WIDTH="99" HEIGHT="42" CONTENT="with" WC="1.00" CC="0200"/>
						<SP ID="P5_SP00368" HPOS="671" VPOS="3877" WIDTH="26"/>
						<String ID="P5_ST00436" HPOS="697" VPOS="3837" WIDTH="71" HEIGHT="40" CONTENT="the" WC="1.00" CC="000"/>
						<SP ID="P5_SP00369" HPOS="768" VPOS="3877" WIDTH="27"/>
						<String ID="P5_ST00437" HPOS="795" VPOS="3836" WIDTH="165" HEIGHT="41" CONTENT="Kansas" WC="1.00" CC="000000"/>
						<SP ID="P5_SP00370" HPOS="960" VPOS="3877" WIDTH="25"/>
						<String ID="P5_ST00438" HPOS="985" VPOS="3836" WIDTH="98" HEIGHT="52" CONTENT="City" WC="1.00" CC="0000"/>
						<SP ID="P5_SP00371" HPOS="1083" VPOS="3888" WIDTH="23"/>
						<String ID="P5_ST00439" HPOS="1106" VPOS="3835" WIDTH="144" HEIGHT="43" CONTENT="Times" WC="1.00" CC="01001"/>
						<SP ID="P5_SP00372" HPOS="1250" VPOS="3888" WIDTH="23"/>
						<String ID="P5_ST00440" HPOS="1273" VPOS="3837" WIDTH="56" HEIGHT="40" CONTENT="he" WC="1.00" CC="00"/>
						<SP ID="P5_SP00373" HPOS="1329" VPOS="3888" WIDTH="24"/>
						<String ID="P5_ST00441" HPOS="1353" VPOS="3842" WIDTH="131" HEIGHT="35" CONTENT="wrote" WC="0.99" CC="01300"/>
					</TextLine>
					<TextLine ID="P5_TL00066" HPOS="117" VPOS="3893" WIDTH="1366" HEIGHT="53">
						<String ID="P5_ST00442" HPOS="117" VPOS="3904" WIDTH="24" HEIGHT="29" CONTENT="a" WC="1.00" CC="0"/>
						<SP ID="P5_SP00374" HPOS="141" VPOS="3933" WIDTH="31"/>
						<String ID="P5_ST00443" HPOS="172" VPOS="3893" WIDTH="153" HEIGHT="51" CONTENT="quaint" WC="1.00" CC="000500"/>
						<SP ID="P5_SP00375" HPOS="325" VPOS="3944" WIDTH="30"/>
						<String ID="P5_ST00444" HPOS="355" VPOS="3893" WIDTH="59" HEIGHT="41" CONTENT="bit" WC="0.99" CC="020"/>
						<SP ID="P5_SP00376" HPOS="414" VPOS="3944" WIDTH="32"/>
						<String ID="P5_ST00445" HPOS="446" VPOS="3895" WIDTH="48" HEIGHT="39" CONTENT="of" WC="0.92" CC="10"/>
						<SP ID="P5_SP00377" HPOS="494" VPOS="3944" WIDTH="29"/>
						<String ID="P5_ST00446" HPOS="523" VPOS="3893" WIDTH="211" HEIGHT="53" CONTENT="rambling" WC="1.00" CC="00024000"/>
						<SP ID="P5_SP00378" HPOS="734" VPOS="3946" WIDTH="30"/>
						<String ID="P5_ST00447" HPOS="764" VPOS="3895" WIDTH="160" HEIGHT="51" CONTENT="rhyme," WC="1.00" CC="200000"/>
						<SP ID="P5_SP00379" HPOS="924" VPOS="3946" WIDTH="33"/>
						<String ID="P5_ST00448" HPOS="957" VPOS="3895" WIDTH="43" HEIGHT="41" CONTENT="in" WC="1.00" CC="00"/>
						<SP ID="P5_SP00380" HPOS="1000" VPOS="3946" WIDTH="31"/>
						<String ID="P5_ST00449" HPOS="1031" VPOS="3894" WIDTH="136" HEIGHT="42" CONTENT="which" WC="1.00" CC="00000"/>
						<SP ID="P5_SP00381" HPOS="1167" VPOS="3946" WIDTH="32"/>
						<String ID="P5_ST00450" HPOS="1199" VPOS="3896" WIDTH="38" HEIGHT="41" CONTENT="is" WC="1.00" CC="00"/>
						<SP ID="P5_SP00382" HPOS="1237" VPOS="3946" WIDTH="31"/>
						<String ID="P5_ST00451" HPOS="1268" VPOS="3894" WIDTH="215" HEIGHT="42" CONTENT="traceable" WC="1.00" CC="000000030"/>
					</TextLine>
					<TextLine ID="P5_TL00067" HPOS="116" VPOS="3952" WIDTH="1368" HEIGHT="54">
						<String ID="P5_ST00452" HPOS="116" VPOS="3953" WIDTH="71" HEIGHT="39" CONTENT="the" WC="0.97" CC="080"/>
						<SP ID="P5_SP00383" HPOS="187" VPOS="3992" WIDTH="32"/>
						<String ID="P5_ST00453" HPOS="219" VPOS="3952" WIDTH="250" HEIGHT="52" CONTENT="inspiration" WC="1.00" CC="30000080410"/>
						<SP ID="P5_SP00384" HPOS="469" VPOS="4004" WIDTH="33"/>
						<String ID="P5_ST00454" HPOS="502" VPOS="3954" WIDTH="91" HEIGHT="40" CONTENT="that" WC="1.00" CC="0000"/>
						<SP ID="P5_SP00385" HPOS="593" VPOS="4004" WIDTH="30"/>
						<String ID="P5_ST00455" HPOS="623" VPOS="3953" WIDTH="217" HEIGHT="52" CONTENT="produced" WC="0.99" CC="05300500"/>
						<SP ID="P5_SP00386" HPOS="840" VPOS="4005" WIDTH="30"/>
						<String ID="P5_ST00456" HPOS="870" VPOS="3954" WIDTH="72" HEIGHT="42" CONTENT="the" WC="1.00" CC="000"/>
						<SP ID="P5_SP00387" HPOS="942" VPOS="4005" WIDTH="31"/>
						<String ID="P5_ST00457" HPOS="973" VPOS="3955" WIDTH="175" HEIGHT="51" CONTENT="tragedy" WC="0.99" CC="0077001"/>
						<SP ID="P5_SP00388" HPOS="1148" VPOS="4006" WIDTH="32"/>
						<String ID="P5_ST00458" HPOS="1180" VPOS="3955" WIDTH="48" HEIGHT="40" CONTENT="of" WC="1.00" CC="00"/>
						<SP ID="P5_SP00389" HPOS="1228" VPOS="4006" WIDTH="29"/>
						<String ID="P5_ST00459" HPOS="1257" VPOS="3954" WIDTH="110" HEIGHT="52" CONTENT="John" WC="0.98" CC="0027"/>
						<SP ID="P5_SP00390" HPOS="1367" VPOS="4006" WIDTH="33"/>
						<String ID="P5_ST00460" HPOS="1400" VPOS="3955" WIDTH="84" HEIGHT="41" CONTENT="and" WC="0.96" CC="830"/>
					</TextLine>
				</TextBlock>
				<TextBlock ID="P5_TB00005" HPOS="1535" VPOS="354" WIDTH="1395" HEIGHT="2268" STYLEREFS="TXT_0 PAR_LEFT">
					<TextLine ID="P5_TL00068" HPOS="1552" VPOS="354" WIDTH="1358" HEIGHT="60">
						<String ID="P5_ST00461" HPOS="1552" VPOS="354" WIDTH="67" HEIGHT="40" CONTENT="his" WC="0.99" CC="020"/>
						<SP ID="P5_SP00391" HPOS="1619" VPOS="394" WIDTH="23"/>
						<String ID="P5_ST00462" HPOS="1642" VPOS="354" WIDTH="128" HEIGHT="41" CONTENT="sister" WC="0.98" CC="033406"/>
						<SP ID="P5_SP00392" HPOS="1770" VPOS="395" WIDTH="25"/>
						<String ID="P5_ST00463" HPOS="1795" VPOS="355" WIDTH="99" HEIGHT="40" CONTENT="Sue." WC="0.97" CC="0605"/>
						<SP ID="P5_SP00393" HPOS="1894" VPOS="395" WIDTH="56"/>
						<String ID="P5_ST00464" HPOS="1950" VPOS="357" WIDTH="36" HEIGHT="39" CONTENT="It" WC="0.80" CC="03"/>
						<SP ID="P5_SP00394" HPOS="1986" VPOS="396" WIDTH="23"/>
						<String ID="P5_ST00465" HPOS="2009" VPOS="358" WIDTH="35" HEIGHT="40" CONTENT="is" WC="0.87" CC="02"/>
						<SP ID="P5_SP00395" HPOS="2044" VPOS="398" WIDTH="24"/>
						<String ID="P5_ST00466" HPOS="2068" VPOS="359" WIDTH="137" HEIGHT="49" CONTENT="styled" WC="1.00" CC="000200"/>
						<SP ID="P5_SP00396" HPOS="2205" VPOS="408" WIDTH="23"/>
						<String ID="P5_ST00467" HPOS="2228" VPOS="359" WIDTH="72" HEIGHT="41" CONTENT="the" WC="0.99" CC="300"/>
						<SP ID="P5_SP00397" HPOS="2300" VPOS="408" WIDTH="26"/>
						<String ID="P5_ST00468" HPOS="2326" VPOS="360" WIDTH="144" HEIGHT="51" CONTENT='"Song' WC="0.98" CC="50046"/>
						<SP ID="P5_SP00398" HPOS="2470" VPOS="411" WIDTH="25"/>
						<String ID="P5_ST00469" HPOS="2495" VPOS="362" WIDTH="47" HEIGHT="40" CONTENT="of" WC="1.00" CC="00"/>
						<SP ID="P5_SP00399" HPOS="2542" VPOS="411" WIDTH="22"/>
						<String ID="P5_ST00470" HPOS="2564" VPOS="363" WIDTH="73" HEIGHT="41" CONTENT="the" WC="0.97" CC="006"/>
						<SP ID="P5_SP00400" HPOS="2637" VPOS="411" WIDTH="25"/>
						<String ID="P5_ST00471" HPOS="2662" VPOS="364" WIDTH="248" HEIGHT="50" CONTENT='Phillaloo,"' WC="0.80" CC="40442400000"/>
					</TextLine>
					<TextLine ID="P5_TL00069" HPOS="1553" VPOS="411" WIDTH="733" HEIGHT="47">
						<String ID="P5_ST00472" HPOS="1553" VPOS="413" WIDTH="48" HEIGHT="39" CONTENT="of" WC="1.00" CC="00"/>
						<SP ID="P5_SP00401" HPOS="1601" VPOS="452" WIDTH="22"/>
						<String ID="P5_ST00473" HPOS="1623" VPOS="411" WIDTH="135" HEIGHT="42" CONTENT="which" WC="0.99" CC="50200"/>
						<SP ID="P5_SP00402" HPOS="1758" VPOS="453" WIDTH="25"/>
						<String ID="P5_ST00474" HPOS="1783" VPOS="414" WIDTH="72" HEIGHT="40" CONTENT="the" WC="1.00" CC="000"/>
						<SP ID="P5_SP00403" HPOS="1855" VPOS="454" WIDTH="25"/>
						<String ID="P5_ST00475" HPOS="1880" VPOS="415" WIDTH="90" HEIGHT="39" CONTENT="first" WC="0.99" CC="17200"/>
						<SP ID="P5_SP00404" HPOS="1970" VPOS="454" WIDTH="23"/>
						<String ID="P5_ST00476" HPOS="1993" VPOS="421" WIDTH="146" HEIGHT="35" CONTENT="stanza" WC="0.99" CC="002305"/>
						<SP ID="P5_SP00405" HPOS="2139" VPOS="456" WIDTH="25"/>
						<String ID="P5_ST00477" HPOS="2164" VPOS="429" WIDTH="122" HEIGHT="29" CONTENT="runs:" WC="0.99" CC="06000"/>
					</TextLine>
					<TextLine ID="P5_TL00070" HPOS="1706" VPOS="480" WIDTH="1056" HEIGHT="55">
						<String ID="P5_ST00478" HPOS="1706" VPOS="480" WIDTH="84" HEIGHT="35" CONTENT="Her" WC="1.00" CC="000"/>
						<SP ID="P5_SP00406" HPOS="1790" VPOS="515" WIDTH="28"/>
						<String ID="P5_ST00479" HPOS="1818" VPOS="482" WIDTH="92" HEIGHT="42" CONTENT="face" WC="0.99" CC="0220"/>
						<SP ID="P5_SP00407" HPOS="1910" VPOS="524" WIDTH="30"/>
						<String ID="P5_ST00480" HPOS="1940" VPOS="493" WIDTH="82" HEIGHT="25" CONTENT="was" WC="1.00" CC="000"/>
						<SP ID="P5_SP00408" HPOS="2022" VPOS="524" WIDTH="32"/>
						<String ID="P5_ST00481" HPOS="2054" VPOS="494" WIDTH="45" HEIGHT="25" CONTENT="as" WC="0.93" CC="01"/>
						<SP ID="P5_SP00409" HPOS="2099" VPOS="524" WIDTH="30"/>
						<String ID="P5_ST00482" HPOS="2129" VPOS="485" WIDTH="79" HEIGHT="42" CONTENT="fair" WC="1.00" CC="0000"/>
						<SP ID="P5_SP00410" HPOS="2208" VPOS="527" WIDTH="31"/>
						<String ID="P5_ST00483" HPOS="2239" VPOS="496" WIDTH="45" HEIGHT="25" CONTENT="as" WC="0.81" CC="03"/>
						<SP ID="P5_SP00411" HPOS="2284" VPOS="527" WIDTH="32"/>
						<String ID="P5_ST00484" HPOS="2316" VPOS="486" WIDTH="65" HEIGHT="36" CONTENT="the" WC="0.96" CC="009"/>
						<SP ID="P5_SP00412" HPOS="2381" VPOS="527" WIDTH="32"/>
						<String ID="P5_ST00485" HPOS="2413" VPOS="488" WIDTH="179" HEIGHT="44" CONTENT="noonday" WC="1.00" CC="2001002"/>
						<SP ID="P5_SP00413" HPOS="2592" VPOS="532" WIDTH="33"/>
						<String ID="P5_ST00486" HPOS="2625" VPOS="489" WIDTH="137" HEIGHT="46" CONTENT="bright," WC="0.99" CC="0005104"/>
					</TextLine>
					<TextLine ID="P5_TL00071" HPOS="1755" VPOS="528" WIDTH="787" HEIGHT="51">
						<String ID="P5_ST00487" HPOS="1755" VPOS="528" WIDTH="89" HEIGHT="36" CONTENT="And" WC="0.97" CC="260"/>
						<SP ID="P5_SP00414" HPOS="1844" VPOS="564" WIDTH="23"/>
						<String ID="P5_ST00488" HPOS="1867" VPOS="530" WIDTH="69" HEIGHT="34" CONTENT="her" WC="1.00" CC="000"/>
						<SP ID="P5_SP00415" HPOS="1936" VPOS="564" WIDTH="23"/>
						<String ID="P5_ST00489" HPOS="1959" VPOS="541" WIDTH="91" HEIGHT="32" CONTENT="eyes" WC="1.00" CC="0200"/>
						<SP ID="P5_SP00416" HPOS="2050" VPOS="573" WIDTH="24"/>
						<String ID="P5_ST00490" HPOS="2074" VPOS="542" WIDTH="102" HEIGHT="25" CONTENT="were" WC="0.99" CC="5000"/>
						<SP ID="P5_SP00417" HPOS="2176" VPOS="573" WIDTH="24"/>
						<String ID="P5_ST00491" HPOS="2200" VPOS="543" WIDTH="24" HEIGHT="24" CONTENT="a" WC="1.00" CC="0"/>
						<SP ID="P5_SP00418" HPOS="2224" VPOS="573" WIDTH="22"/>
						<String ID="P5_ST00492" HPOS="2246" VPOS="533" WIDTH="159" HEIGHT="44" CONTENT="dreamy" WC="1.00" CC="000000"/>
						<SP ID="P5_SP00419" HPOS="2405" VPOS="577" WIDTH="25"/>
						<String ID="P5_ST00493" HPOS="2430" VPOS="535" WIDTH="112" HEIGHT="44" CONTENT="blue;" WC="0.97" CC="31670"/>
					</TextLine>
					<TextLine ID="P5_TL00072" HPOS="1706" VPOS="575" WIDTH="1016" HEIGHT="53">
						<String ID="P5_ST00494" HPOS="1706" VPOS="575" WIDTH="84" HEIGHT="36" CONTENT="Her" WC="0.99" CC="300"/>
						<SP ID="P5_SP00420" HPOS="1790" VPOS="611" WIDTH="21"/>
						<String ID="P5_ST00495" HPOS="1811" VPOS="577" WIDTH="109" HEIGHT="35" CONTENT="voice" WC="1.00" CC="03000"/>
						<SP ID="P5_SP00421" HPOS="1920" VPOS="612" WIDTH="21"/>
						<String ID="P5_ST00496" HPOS="1941" VPOS="588" WIDTH="82" HEIGHT="25" CONTENT="was" WC="1.00" CC="000"/>
						<SP ID="P5_SP00422" HPOS="2023" VPOS="613" WIDTH="23"/>
						<String ID="P5_ST00497" HPOS="2046" VPOS="589" WIDTH="44" HEIGHT="24" CONTENT="as" WC="1.00" CC="00"/>
						<SP ID="P5_SP00423" HPOS="2090" VPOS="613" WIDTH="22"/>
						<String ID="P5_ST00498" HPOS="2112" VPOS="580" WIDTH="84" HEIGHT="42" CONTENT="soft" WC="1.00" CC="0000"/>
						<SP ID="P5_SP00424" HPOS="2196" VPOS="622" WIDTH="21"/>
						<String ID="P5_ST00499" HPOS="2217" VPOS="582" WIDTH="79" HEIGHT="34" CONTENT="and" WC="1.00" CC="000"/>
						<SP ID="P5_SP00425" HPOS="2296" VPOS="622" WIDTH="21"/>
						<String ID="P5_ST00500" HPOS="2317" VPOS="592" WIDTH="44" HEIGHT="24" CONTENT="as" WC="1.00" CC="00"/>
						<SP ID="P5_SP00426" HPOS="2361" VPOS="622" WIDTH="22"/>
						<String ID="P5_ST00501" HPOS="2383" VPOS="587" WIDTH="122" HEIGHT="31" CONTENT="sweet" WC="1.00" CC="00001"/>
						<SP ID="P5_SP00427" HPOS="2505" VPOS="622" WIDTH="21"/>
						<String ID="P5_ST00502" HPOS="2526" VPOS="584" WIDTH="79" HEIGHT="35" CONTENT="and" WC="1.00" CC="000"/>
						<SP ID="P5_SP00428" HPOS="2605" VPOS="622" WIDTH="20"/>
						<String ID="P5_ST00503" HPOS="2625" VPOS="585" WIDTH="97" HEIGHT="43" CONTENT="light" WC="0.99" CC="00400"/>
					</TextLine>
					<TextLine ID="P5_TL00073" HPOS="1705" VPOS="622" WIDTH="913" HEIGHT="52">
						<String ID="P5_ST00504" HPOS="1705" VPOS="622" WIDTH="56" HEIGHT="36" CONTENT="As" WC="1.00" CC="00"/>
						<SP ID="P5_SP00429" HPOS="1761" VPOS="658" WIDTH="25"/>
						<String ID="P5_ST00505" HPOS="1786" VPOS="624" WIDTH="65" HEIGHT="35" CONTENT="the" WC="0.99" CC="200"/>
						<SP ID="P5_SP00430" HPOS="1851" VPOS="659" WIDTH="22"/>
						<String ID="P5_ST00506" HPOS="1873" VPOS="625" WIDTH="65" HEIGHT="42" CONTENT="lay" WC="0.99" CC="001"/>
						<SP ID="P5_SP00431" HPOS="1938" VPOS="667" WIDTH="24"/>
						<String ID="P5_ST00507" HPOS="1962" VPOS="627" WIDTH="43" HEIGHT="41" CONTENT="of" WC="1.00" CC="00"/>
						<SP ID="P5_SP00432" HPOS="2005" VPOS="668" WIDTH="22"/>
						<String ID="P5_ST00508" HPOS="2027" VPOS="626" WIDTH="66" HEIGHT="36" CONTENT="the" WC="0.99" CC="200"/>
						<SP ID="P5_SP00433" HPOS="2093" VPOS="668" WIDTH="23"/>
						<String ID="P5_ST00509" HPOS="2116" VPOS="628" WIDTH="84" HEIGHT="34" CONTENT="lark" WC="0.99" CC="0003"/>
						<SP ID="P5_SP00434" HPOS="2200" VPOS="668" WIDTH="24"/>
						<String ID="P5_ST00510" HPOS="2224" VPOS="628" WIDTH="39" HEIGHT="35" CONTENT="in" WC="1.00" CC="00"/>
						<SP ID="P5_SP00435" HPOS="2263" VPOS="668" WIDTH="23"/>
						<String ID="P5_ST00511" HPOS="2286" VPOS="629" WIDTH="50" HEIGHT="34" CONTENT="its" WC="0.99" CC="020"/>
						<SP ID="P5_SP00436" HPOS="2336" VPOS="668" WIDTH="23"/>
						<String ID="P5_ST00512" HPOS="2359" VPOS="629" WIDTH="106" HEIGHT="43" CONTENT="fitful" WC="0.98" CC="347050"/>
						<SP ID="P5_SP00437" HPOS="2465" VPOS="672" WIDTH="22"/>
						<String ID="P5_ST00513" HPOS="2487" VPOS="630" WIDTH="131" HEIGHT="44" CONTENT="flighty" WC="0.99" CC="0000046"/>
					</TextLine>
					<TextLine ID="P5_TL00074" HPOS="1758" VPOS="670" WIDTH="723" HEIGHT="47">
						<String ID="P5_ST00514" HPOS="1758" VPOS="670" WIDTH="56" HEIGHT="37" CONTENT="Or" WC="0.82" CC="30"/>
						<SP ID="P5_SP00438" HPOS="1814" VPOS="707" WIDTH="27"/>
						<String ID="P5_ST00515" HPOS="1841" VPOS="672" WIDTH="65" HEIGHT="35" CONTENT="the" WC="0.99" CC="100"/>
						<SP ID="P5_SP00439" HPOS="1906" VPOS="707" WIDTH="27"/>
						<String ID="P5_ST00516" HPOS="1933" VPOS="673" WIDTH="110" HEIGHT="35" CONTENT="voice" WC="1.00" CC="03000"/>
						<SP ID="P5_SP00440" HPOS="2043" VPOS="708" WIDTH="29"/>
						<String ID="P5_ST00517" HPOS="2072" VPOS="675" WIDTH="44" HEIGHT="42" CONTENT="of" WC="0.45" CC="73"/>
						<SP ID="P5_SP00441" HPOS="2116" VPOS="717" WIDTH="27"/>
						<String ID="P5_ST00518" HPOS="2143" VPOS="675" WIDTH="65" HEIGHT="35" CONTENT="the" WC="0.99" CC="200"/>
						<SP ID="P5_SP00442" HPOS="2208" VPOS="717" WIDTH="29"/>
						<String ID="P5_ST00519" HPOS="2237" VPOS="675" WIDTH="244" HEIGHT="37" CONTENT="Phillaloo—" WC="0.89" CC="1000000108"/>
					</TextLine>
					<TextLine ID="P5_TL00075" HPOS="1861" VPOS="719" WIDTH="369" HEIGHT="46">
						<String ID="P5_ST00520" HPOS="1861" VPOS="719" WIDTH="165" HEIGHT="46" CONTENT="Toohoo," WC="0.83" CC="0050004"/>
						<SP ID="P5_SP00443" HPOS="2026" VPOS="765" WIDTH="27"/>
						<String ID="P5_ST00521" HPOS="2053" VPOS="724" WIDTH="63" HEIGHT="33" CONTENT="too" WC="0.98" CC="310"/>
						<SP ID="P5_SP00444" HPOS="2116" VPOS="765" WIDTH="29"/>
						<String ID="P5_ST00522" HPOS="2145" VPOS="723" WIDTH="85" HEIGHT="35" CONTENT="hoo." WC="0.84" CC="0006"/>
					</TextLine>
					<TextLine ID="P5_TL00076" HPOS="1760" VPOS="765" WIDTH="587" HEIGHT="46">
						<String ID="P5_ST00523" HPOS="1760" VPOS="765" WIDTH="77" HEIGHT="36" CONTENT="The" WC="0.98" CC="500"/>
						<SP ID="P5_SP00445" HPOS="1837" VPOS="801" WIDTH="22"/>
						<String ID="P5_ST00524" HPOS="1859" VPOS="768" WIDTH="111" HEIGHT="34" CONTENT="voice" WC="0.98" CC="50007"/>
						<SP ID="P5_SP00446" HPOS="1970" VPOS="802" WIDTH="21"/>
						<String ID="P5_ST00525" HPOS="1991" VPOS="769" WIDTH="45" HEIGHT="42" CONTENT="of" WC="1.00" CC="00"/>
						<SP ID="P5_SP00447" HPOS="2036" VPOS="811" WIDTH="21"/>
						<String ID="P5_ST00526" HPOS="2057" VPOS="769" WIDTH="65" HEIGHT="35" CONTENT="the" WC="1.00" CC="100"/>
						<SP ID="P5_SP00448" HPOS="2122" VPOS="811" WIDTH="22"/>
						<String ID="P5_ST00527" HPOS="2144" VPOS="769" WIDTH="203" HEIGHT="38" CONTENT="Phillaloo." WC="0.81" CC="2000000447"/>
					</TextLine>
					<TextLine ID="P5_TL00077" HPOS="1611" VPOS="823" WIDTH="1305" HEIGHT="55">
						<String ID="P5_ST00528" HPOS="1611" VPOS="823" WIDTH="88" HEIGHT="42" CONTENT="The" WC="0.98" CC="400"/>
						<SP ID="P5_SP00449" HPOS="1699" VPOS="865" WIDTH="40"/>
						<String ID="P5_ST00529" HPOS="1739" VPOS="827" WIDTH="95" HEIGHT="40" CONTENT="love" WC="0.99" CC="4000"/>
						<SP ID="P5_SP00450" HPOS="1834" VPOS="867" WIDTH="40"/>
						<String ID="P5_ST00530" HPOS="1874" VPOS="829" WIDTH="47" HEIGHT="38" CONTENT="of" WC="0.97" CC="00"/>
						<SP ID="P5_SP00451" HPOS="1921" VPOS="867" WIDTH="38"/>
						<String ID="P5_ST00531" HPOS="1959" VPOS="829" WIDTH="189" HEIGHT="41" CONTENT="children" WC="0.99" CC="00435400"/>
						<SP ID="P5_SP00452" HPOS="2148" VPOS="870" WIDTH="43"/>
						<String ID="P5_ST00532" HPOS="2191" VPOS="837" WIDTH="82" HEIGHT="38" CONTENT="and" WC="0.96" CC="064"/>
						<SP ID="P5_SP00453" HPOS="2273" VPOS="875" WIDTH="39"/>
						<String ID="P5_ST00533" HPOS="2312" VPOS="844" WIDTH="230" HEIGHT="32" CONTENT="reverence" WC="1.00" CC="400000000"/>
						<SP ID="P5_SP00454" HPOS="2542" VPOS="876" WIDTH="43"/>
						<String ID="P5_ST00534" HPOS="2585" VPOS="835" WIDTH="67" HEIGHT="40" CONTENT="for" WC="0.97" CC="006"/>
						<SP ID="P5_SP00455" HPOS="2652" VPOS="876" WIDTH="38"/>
						<String ID="P5_ST00535" HPOS="2690" VPOS="835" WIDTH="226" HEIGHT="43" CONTENT="childhood" WC="1.00" CC="301500000"/>
					</TextLine>
					<TextLine ID="P5_TL00078" HPOS="1554" VPOS="883" WIDTH="1361" HEIGHT="61">
						<String ID="P5_ST00536" HPOS="1554" VPOS="883" WIDTH="135" HEIGHT="40" CONTENT="which" WC="0.99" CC="60000"/>
						<SP ID="P5_SP00456" HPOS="1689" VPOS="923" WIDTH="42"/>
						<String ID="P5_ST00537" HPOS="1731" VPOS="885" WIDTH="313" HEIGHT="42" CONTENT="characterized" WC="1.00" CC="0002006005000"/>
						<SP ID="P5_SP00457" HPOS="2044" VPOS="927" WIDTH="40"/>
						<String ID="P5_ST00538" HPOS="2084" VPOS="889" WIDTH="103" HEIGHT="39" CONTENT="such" WC="1.00" CC="0000"/>
						<SP ID="P5_SP00458" HPOS="2187" VPOS="928" WIDTH="41"/>
						<String ID="P5_ST00539" HPOS="2228" VPOS="902" WIDTH="24" HEIGHT="27" CONTENT="a" WC="0.33" CC="6"/>
						<SP ID="P5_SP00459" HPOS="2252" VPOS="929" WIDTH="39"/>
						<String ID="P5_ST00540" HPOS="2291" VPOS="890" WIDTH="125" HEIGHT="41" CONTENT="share" WC="0.99" CC="00800"/>
						<SP ID="P5_SP00460" HPOS="2416" VPOS="931" WIDTH="40"/>
						<String ID="P5_ST00541" HPOS="2456" VPOS="893" WIDTH="48" HEIGHT="39" CONTENT="of" WC="1.00" CC="00"/>
						<SP ID="P5_SP00461" HPOS="2504" VPOS="932" WIDTH="39"/>
						<String ID="P5_ST00542" HPOS="2543" VPOS="893" WIDTH="176" HEIGHT="51" CONTENT="Eugene" WC="0.99" CC="154000"/>
						<SP ID="P5_SP00462" HPOS="2719" VPOS="944" WIDTH="40"/>
						<String ID="P5_ST00543" HPOS="2759" VPOS="894" WIDTH="156" HEIGHT="43" CONTENT="Field's" WC="0.99" CC="0300045"/>
					</TextLine>
					<TextLine ID="P5_TL00079" HPOS="1555" VPOS="945" WIDTH="1359" HEIGHT="54">
						<String ID="P5_ST00544" HPOS="1555" VPOS="948" WIDTH="188" HEIGHT="34" CONTENT="maturer" WC="0.80" CC="3000504"/>
						<SP ID="P5_SP00463" HPOS="1743" VPOS="982" WIDTH="26"/>
						<String ID="P5_ST00545" HPOS="1769" VPOS="945" WIDTH="115" HEIGHT="38" CONTENT="work" WC="0.99" CC="0040"/>
						<SP ID="P5_SP00464" HPOS="1884" VPOS="983" WIDTH="27"/>
						<String ID="P5_ST00546" HPOS="1911" VPOS="957" WIDTH="87" HEIGHT="29" CONTENT="was" WC="1.00" CC="001"/>
						<SP ID="P5_SP00465" HPOS="1998" VPOS="986" WIDTH="28"/>
						<String ID="P5_ST00547" HPOS="2026" VPOS="945" WIDTH="234" HEIGHT="42" CONTENT="evidenced" WC="1.00" CC="000000000"/>
						<SP ID="P5_SP00466" HPOS="2260" VPOS="987" WIDTH="26"/>
						<String ID="P5_ST00548" HPOS="2286" VPOS="949" WIDTH="54" HEIGHT="50" CONTENT="by" WC="1.00" CC="00"/>
						<SP ID="P5_SP00467" HPOS="2340" VPOS="999" WIDTH="24"/>
						<String ID="P5_ST00549" HPOS="2364" VPOS="952" WIDTH="125" HEIGHT="38" CONTENT="much" WC="1.00" CC="1000"/>
						<SP ID="P5_SP00468" HPOS="2489" VPOS="999" WIDTH="28"/>
						<String ID="P5_ST00550" HPOS="2517" VPOS="952" WIDTH="90" HEIGHT="40" CONTENT="that" WC="0.97" CC="1075"/>
						<SP ID="P5_SP00469" HPOS="2607" VPOS="999" WIDTH="25"/>
						<String ID="P5_ST00551" HPOS="2632" VPOS="953" WIDTH="54" HEIGHT="41" CONTENT="he" WC="1.00" CC="00"/>
						<SP ID="P5_SP00470" HPOS="2686" VPOS="999" WIDTH="27"/>
						<String ID="P5_ST00552" HPOS="2713" VPOS="960" WIDTH="132" HEIGHT="35" CONTENT="wrote" WC="0.99" CC="00406"/>
						<SP ID="P5_SP00471" HPOS="2845" VPOS="999" WIDTH="25"/>
						<String ID="P5_ST00553" HPOS="2870" VPOS="956" WIDTH="44" HEIGHT="40" CONTENT="in" WC="0.63" CC="15"/>
					</TextLine>
					<TextLine ID="P5_TL00080" HPOS="1554" VPOS="999" WIDTH="1360" HEIGHT="59">
						<String ID="P5_ST00554" HPOS="1554" VPOS="999" WIDTH="67" HEIGHT="40" CONTENT="his" WC="0.99" CC="020"/>
						<SP ID="P5_SP00472" HPOS="1621" VPOS="1039" WIDTH="31"/>
						<String ID="P5_ST00555" HPOS="1652" VPOS="1011" WIDTH="190" HEIGHT="42" CONTENT="younger" WC="1.00" CC="0000000"/>
						<SP ID="P5_SP00473" HPOS="1842" VPOS="1053" WIDTH="31"/>
						<String ID="P5_ST00556" HPOS="1873" VPOS="1004" WIDTH="115" HEIGHT="50" CONTENT="days." WC="0.98" CC="09013"/>
						<SP ID="P5_SP00474" HPOS="1988" VPOS="1054" WIDTH="59"/>
						<String ID="P5_ST00557" HPOS="2047" VPOS="1004" WIDTH="134" HEIGHT="42" CONTENT="When" WC="0.98" CC="6002"/>
						<SP ID="P5_SP00475" HPOS="2181" VPOS="1054" WIDTH="32"/>
						<String ID="P5_ST00558" HPOS="2213" VPOS="1007" WIDTH="55" HEIGHT="39" CONTENT="he" WC="1.00" CC="00"/>
						<SP ID="P5_SP00476" HPOS="2268" VPOS="1054" WIDTH="34"/>
						<String ID="P5_ST00559" HPOS="2302" VPOS="1007" WIDTH="182" HEIGHT="51" CONTENT='"helped' WC="1.00" CC="3002200"/>
						<SP ID="P5_SP00477" HPOS="2484" VPOS="1058" WIDTH="31"/>
						<String ID="P5_ST00560" HPOS="2515" VPOS="1015" WIDTH="42" HEIGHT="34" CONTENT="to" WC="0.68" CC="60"/>
						<SP ID="P5_SP00478" HPOS="2557" VPOS="1058" WIDTH="33"/>
						<String ID="P5_ST00561" HPOS="2590" VPOS="1022" WIDTH="78" HEIGHT="29" CONTENT="run" WC="0.95" CC="408"/>
						<SP ID="P5_SP00479" HPOS="2668" VPOS="1058" WIDTH="33"/>
						<String ID="P5_ST00562" HPOS="2701" VPOS="1012" WIDTH="70" HEIGHT="40" CONTENT="the" WC="1.00" CC="000"/>
						<SP ID="P5_SP00480" HPOS="2771" VPOS="1058" WIDTH="34"/>
						<String ID="P5_ST00563" HPOS="2805" VPOS="1013" WIDTH="109" HEIGHT="41" CONTENT="local" WC="1.00" CC="00003"/>
					</TextLine>
					<TextLine ID="P5_TL00081" HPOS="1555" VPOS="1060" WIDTH="1359" HEIGHT="59">
						<String ID="P5_ST00564" HPOS="1555" VPOS="1070" WIDTH="53" HEIGHT="29" CONTENT="on" WC="0.92" CC="10"/>
						<SP ID="P5_SP00481" HPOS="1608" VPOS="1099" WIDTH="37"/>
						<String ID="P5_ST00565" HPOS="1645" VPOS="1060" WIDTH="71" HEIGHT="40" CONTENT="the" WC="1.00" CC="000"/>
						<SP ID="P5_SP00482" HPOS="1716" VPOS="1100" WIDTH="37"/>
						<String ID="P5_ST00566" HPOS="1753" VPOS="1060" WIDTH="60" HEIGHT="40" CONTENT="St." WC="0.99" CC="003"/>
						<SP ID="P5_SP00483" HPOS="1813" VPOS="1100" WIDTH="34"/>
						<String ID="P5_ST00567" HPOS="1847" VPOS="1062" WIDTH="63" HEIGHT="49" CONTENT="Jo." WC="0.98" CC="204"/>
						<SP ID="P5_SP00484" HPOS="1910" VPOS="1111" WIDTH="38"/>
						<String ID="P5_ST00568" HPOS="1948" VPOS="1062" WIDTH="220" HEIGHT="49" CONTENT='Gazette,"' WC="0.99" CC="040000055"/>
						<SP ID="P5_SP00485" HPOS="2168" VPOS="1111" WIDTH="37"/>
						<String ID="P5_ST00569" HPOS="2205" VPOS="1077" WIDTH="126" HEIGHT="39" CONTENT="many" WC="1.00" CC="1000"/>
						<SP ID="P5_SP00486" HPOS="2331" VPOS="1116" WIDTH="36"/>
						<String ID="P5_ST00570" HPOS="2367" VPOS="1067" WIDTH="150" HEIGHT="40" CONTENT="tender" WC="0.99" CC="500004"/>
						<SP ID="P5_SP00487" HPOS="2517" VPOS="1116" WIDTH="33"/>
						<String ID="P5_ST00571" HPOS="2550" VPOS="1079" WIDTH="131" HEIGHT="40" CONTENT="songs" WC="0.99" CC="00400"/>
						<SP ID="P5_SP00488" HPOS="2681" VPOS="1119" WIDTH="33"/>
						<String ID="P5_ST00572" HPOS="2714" VPOS="1067" WIDTH="141" HEIGHT="45" CONTENT="found" WC="1.00" CC="00000"/>
						<SP ID="P5_SP00489" HPOS="2855" VPOS="1119" WIDTH="35"/>
						<String ID="P5_ST00573" HPOS="2890" VPOS="1084" WIDTH="24" HEIGHT="28" CONTENT="a" WC="0.44" CC="5"/>
					</TextLine>
					<TextLine ID="P5_TL00082" HPOS="1554" VPOS="1116" WIDTH="1360" HEIGHT="56">
						<String ID="P5_ST00574" HPOS="1554" VPOS="1116" WIDTH="314" HEIGHT="52" CONTENT="nesting-place" WC="1.00" CC="2004300243600"/>
						<SP ID="P5_SP00490" HPOS="1868" VPOS="1168" WIDTH="27"/>
						<String ID="P5_ST00575" HPOS="1895" VPOS="1119" WIDTH="41" HEIGHT="40" CONTENT="in" WC="0.66" CC="42"/>
						<SP ID="P5_SP00491" HPOS="1936" VPOS="1168" WIDTH="28"/>
						<String ID="P5_ST00576" HPOS="1964" VPOS="1133" WIDTH="126" HEIGHT="39" CONTENT="many" WC="1.00" CC="0000"/>
						<SP ID="P5_SP00492" HPOS="2090" VPOS="1172" WIDTH="26"/>
						<String ID="P5_ST00577" HPOS="2116" VPOS="1135" WIDTH="23" HEIGHT="27" CONTENT="a" WC="1.00" CC="0"/>
						<SP ID="P5_SP00493" HPOS="2139" VPOS="1172" WIDTH="27"/>
						<String ID="P5_ST00578" HPOS="2166" VPOS="1123" WIDTH="202" HEIGHT="41" CONTENT="mother's" WC="1.00" CC="00000430"/>
						<SP ID="P5_SP00494" HPOS="2368" VPOS="1172" WIDTH="25"/>
						<String ID="P5_ST00579" HPOS="2393" VPOS="1125" WIDTH="133" HEIGHT="41" CONTENT="heart." WC="0.99" CC="000304"/>
						<SP ID="P5_SP00495" HPOS="2526" VPOS="1172" WIDTH="57"/>
						<String ID="P5_ST00580" HPOS="2583" VPOS="1128" WIDTH="16" HEIGHT="38" CONTENT="I" WC="0.74" CC="2"/>
						<SP ID="P5_SP00496" HPOS="2599" VPOS="1172" WIDTH="28"/>
						<String ID="P5_ST00581" HPOS="2627" VPOS="1128" WIDTH="109" HEIGHT="40" CONTENT="have" WC="1.00" CC="0000"/>
						<SP ID="P5_SP00497" HPOS="2736" VPOS="1172" WIDTH="26"/>
						<String ID="P5_ST00582" HPOS="2762" VPOS="1129" WIDTH="152" HEIGHT="42" CONTENT="before" WC="1.00" CC="000000"/>
					</TextLine>
					<TextLine ID="P5_TL00083" HPOS="1553" VPOS="1176" WIDTH="1363" HEIGHT="60">
						<String ID="P5_ST00583" HPOS="1553" VPOS="1187" WIDTH="69" HEIGHT="28" CONTENT="me" WC="1.00" CC="00"/>
						<SP ID="P5_SP00498" HPOS="1622" VPOS="1215" WIDTH="25"/>
						<String ID="P5_ST00584" HPOS="1647" VPOS="1188" WIDTH="47" HEIGHT="28" CONTENT="as" WC="1.00" CC="00"/>
						<SP ID="P5_SP00499" HPOS="1694" VPOS="1216" WIDTH="25"/>
						<String ID="P5_ST00585" HPOS="1719" VPOS="1177" WIDTH="14" HEIGHT="39" CONTENT="I" WC="0.88" CC="1"/>
						<SP ID="P5_SP00500" HPOS="1733" VPOS="1216" WIDTH="26"/>
						<String ID="P5_ST00586" HPOS="1759" VPOS="1176" WIDTH="132" HEIGHT="51" CONTENT="write," WC="0.99" CC="014303"/>
						<SP ID="P5_SP00501" HPOS="1891" VPOS="1227" WIDTH="26"/>
						<String ID="P5_ST00587" HPOS="1917" VPOS="1179" WIDTH="327" HEIGHT="53" CONTENT="the.autograph" WC="1.00" CC="0007003082000"/>
						<SP ID="P5_SP00502" HPOS="2244" VPOS="1232" WIDTH="26"/>
						<String ID="P5_ST00588" HPOS="2270" VPOS="1194" WIDTH="106" HEIGHT="40" CONTENT="copy" WC="1.00" CC="0000"/>
						<SP ID="P5_SP00503" HPOS="2376" VPOS="1234" WIDTH="24"/>
						<String ID="P5_ST00589" HPOS="2400" VPOS="1184" WIDTH="48" HEIGHT="39" CONTENT="of" WC="1.00" CC="00"/>
						<SP ID="P5_SP00504" HPOS="2448" VPOS="1234" WIDTH="23"/>
						<String ID="P5_ST00590" HPOS="2471" VPOS="1196" WIDTH="52" HEIGHT="27" CONTENT="an" WC="1.00" CC="00"/>
						<SP ID="P5_SP00505" HPOS="2523" VPOS="1234" WIDTH="27"/>
						<String ID="P5_ST00591" HPOS="2550" VPOS="1186" WIDTH="209" HEIGHT="50" CONTENT="exquisite" WC="0.99" CC="003060500"/>
						<SP ID="P5_SP00506" HPOS="2759" VPOS="1236" WIDTH="24"/>
						<String ID="P5_ST00592" HPOS="2783" VPOS="1188" WIDTH="60" HEIGHT="41" CONTENT="bit" WC="0.98" CC="041"/>
						<SP ID="P5_SP00507" HPOS="2843" VPOS="1236" WIDTH="26"/>
						<String ID="P5_ST00593" HPOS="2869" VPOS="1189" WIDTH="47" HEIGHT="41" CONTENT="of" WC="0.83" CC="03"/>
					</TextLine>
					<TextLine ID="P5_TL00084" HPOS="1554" VPOS="1234" WIDTH="1165" HEIGHT="61">
						<String ID="P5_ST00594" HPOS="1554" VPOS="1234" WIDTH="149" HEIGHT="41" CONTENT="child's" WC="0.99" CC="0050030"/>
						<SP ID="P5_SP00508" HPOS="1703" VPOS="1275" WIDTH="25"/>
						<String ID="P5_ST00595" HPOS="1728" VPOS="1248" WIDTH="137" HEIGHT="37" CONTENT="verse," WC="1.00" CC="002003"/>
						<SP ID="P5_SP00509" HPOS="1865" VPOS="1285" WIDTH="26"/>
						<String ID="P5_ST00596" HPOS="1891" VPOS="1237" WIDTH="136" HEIGHT="40" CONTENT="which" WC="0.99" CC="00500"/>
						<SP ID="P5_SP00510" HPOS="2027" VPOS="1285" WIDTH="29"/>
						<String ID="P5_ST00597" HPOS="2056" VPOS="1239" WIDTH="14" HEIGHT="38" CONTENT="I" WC="1.00" CC="0"/>
						<SP ID="P5_SP00511" HPOS="2070" VPOS="1285" WIDTH="26"/>
						<String ID="P5_ST00598" HPOS="2096" VPOS="1239" WIDTH="110" HEIGHT="40" CONTENT="have" WC="1.00" CC="0000"/>
						<SP ID="P5_SP00512" HPOS="2206" VPOS="1285" WIDTH="25"/>
						<String ID="P5_ST00599" HPOS="2231" VPOS="1254" WIDTH="133" HEIGHT="27" CONTENT="never" WC="0.99" CC="00005"/>
						<SP ID="P5_SP00513" HPOS="2364" VPOS="1285" WIDTH="24"/>
						<String ID="P5_ST00600" HPOS="2388" VPOS="1254" WIDTH="103" HEIGHT="29" CONTENT="seen" WC="1.00" CC="0000"/>
						<SP ID="P5_SP00514" HPOS="2491" VPOS="1285" WIDTH="28"/>
						<String ID="P5_ST00601" HPOS="2519" VPOS="1243" WIDTH="42" HEIGHT="40" CONTENT="in" WC="0.78" CC="40"/>
						<SP ID="P5_SP00515" HPOS="2561" VPOS="1285" WIDTH="26"/>
						<String ID="P5_ST00602" HPOS="2587" VPOS="1243" WIDTH="132" HEIGHT="52" CONTENT="print:" WC="0.99" CC="035003"/>
					</TextLine>
					<TextLine ID="P5_TL00085" HPOS="1757" VPOS="1303" WIDTH="695" HEIGHT="48">
						<String ID="P5_ST00603" HPOS="1757" VPOS="1303" WIDTH="73" HEIGHT="46" CONTENT="Oh," WC="0.99" CC="003"/>
						<SP ID="P5_SP00516" HPOS="1830" VPOS="1349" WIDTH="27"/>
						<String ID="P5_ST00604" HPOS="1857" VPOS="1305" WIDTH="130" HEIGHT="35" CONTENT="where" WC="0.99" CC="00600"/>
						<SP ID="P5_SP00517" HPOS="1987" VPOS="1349" WIDTH="27"/>
						<String ID="P5_ST00605" HPOS="2014" VPOS="1307" WIDTH="33" HEIGHT="34" CONTENT="is" WC="1.00" CC="00"/>
						<SP ID="P5_SP00518" HPOS="2047" VPOS="1349" WIDTH="27"/>
						<String ID="P5_ST00606" HPOS="2074" VPOS="1307" WIDTH="98" HEIGHT="35" CONTENT="little" WC="1.00" CC="001000"/>
						<SP ID="P5_SP00519" HPOS="2172" VPOS="1349" WIDTH="30"/>
						<String ID="P5_ST00607" HPOS="2202" VPOS="1308" WIDTH="93" HEIGHT="43" CONTENT="Tiny" WC="0.99" CC="0040"/>
						<SP ID="P5_SP00520" HPOS="2295" VPOS="1351" WIDTH="31"/>
						<String ID="P5_ST00608" HPOS="2326" VPOS="1309" WIDTH="126" HEIGHT="36" CONTENT="Toes?" WC="1.00" CC="00002"/>
					</TextLine>
					<TextLine ID="P5_TL00086" HPOS="1759" VPOS="1351" WIDTH="816" HEIGHT="52">
						<String ID="P5_ST00609" HPOS="1759" VPOS="1351" WIDTH="95" HEIGHT="35" CONTENT="That" WC="1.00" CC="0010"/>
						<SP ID="P5_SP00521" HPOS="1854" VPOS="1386" WIDTH="31"/>
						<String ID="P5_ST00610" HPOS="1885" VPOS="1352" WIDTH="56" HEIGHT="42" CONTENT="elf" WC="1.00" CC="000"/>
						<SP ID="P5_SP00522" HPOS="1941" VPOS="1394" WIDTH="30"/>
						<String ID="P5_ST00611" HPOS="1971" VPOS="1354" WIDTH="90" HEIGHT="34" CONTENT="with" WC="1.00" CC="0010"/>
						<SP ID="P5_SP00523" HPOS="2061" VPOS="1394" WIDTH="31"/>
						<String ID="P5_ST00612" HPOS="2092" VPOS="1356" WIDTH="99" HEIGHT="33" CONTENT="such" WC="0.99" CC="0300"/>
						<SP ID="P5_SP00524" HPOS="2191" VPOS="1394" WIDTH="30"/>
						<String ID="P5_ST00613" HPOS="2221" VPOS="1368" WIDTH="23" HEIGHT="22" CONTENT="a" WC="1.00" CC="0"/>
						<SP ID="P5_SP00525" HPOS="2244" VPOS="1394" WIDTH="30"/>
						<String ID="P5_ST00614" HPOS="2274" VPOS="1357" WIDTH="161" HEIGHT="41" CONTENT="roguish" WC="1.00" CC="0050000"/>
						<SP ID="P5_SP00526" HPOS="2435" VPOS="1398" WIDTH="32"/>
						<String ID="P5_ST00615" HPOS="2467" VPOS="1369" WIDTH="108" HEIGHT="34" CONTENT="nose," WC="0.99" CC="00024"/>
					</TextLine>
					<TextLine ID="P5_TL00087" HPOS="1760" VPOS="1399" WIDTH="775" HEIGHT="49">
						<String ID="P5_ST00616" HPOS="1760" VPOS="1399" WIDTH="135" HEIGHT="36" CONTENT="Where" WC="1.00" CC="30000"/>
						<SP ID="P5_SP00527" HPOS="1895" VPOS="1435" WIDTH="28"/>
						<String ID="P5_ST00617" HPOS="1923" VPOS="1401" WIDTH="34" HEIGHT="33" CONTENT="is" WC="1.00" CC="00"/>
						<SP ID="P5_SP00528" HPOS="1957" VPOS="1435" WIDTH="28"/>
						<String ID="P5_ST00618" HPOS="1985" VPOS="1401" WIDTH="49" HEIGHT="35" CONTENT="he" WC="0.51" CC="09"/>
						<SP ID="P5_SP00529" HPOS="2034" VPOS="1436" WIDTH="26"/>
						<String ID="P5_ST00619" HPOS="2060" VPOS="1403" WIDTH="92" HEIGHT="34" CONTENT="with" WC="0.99" CC="0140"/>
						<SP ID="P5_SP00530" HPOS="2152" VPOS="1437" WIDTH="28"/>
						<String ID="P5_ST00620" HPOS="2180" VPOS="1403" WIDTH="60" HEIGHT="34" CONTENT="his" WC="1.00" CC="000"/>
						<SP ID="P5_SP00531" HPOS="2240" VPOS="1437" WIDTH="27"/>
						<String ID="P5_ST00621" HPOS="2267" VPOS="1405" WIDTH="142" HEIGHT="42" CONTENT="golden" WC="1.00" CC="030000"/>
						<SP ID="P5_SP00532" HPOS="2409" VPOS="1447" WIDTH="30"/>
						<String ID="P5_ST00622" HPOS="2439" VPOS="1406" WIDTH="96" HEIGHT="42" CONTENT="hair," WC="1.00" CC="02000"/>
					</TextLine>
					<TextLine ID="P5_TL00088" HPOS="1754" VPOS="1446" WIDTH="773" HEIGHT="43">
						<String ID="P5_ST00623" HPOS="1754" VPOS="1446" WIDTH="55" HEIGHT="35" CONTENT="/Is" WC="0.90" CC="888"/>
						<SP ID="P5_SP00533" HPOS="1809" VPOS="1481" WIDTH="28"/>
						<String ID="P5_ST00624" HPOS="1837" VPOS="1447" WIDTH="139" HEIGHT="42" CONTENT="yellow" WC="1.00" CC="000020"/>
						<SP ID="P5_SP00534" HPOS="1976" VPOS="1489" WIDTH="29"/>
						<String ID="P5_ST00625" HPOS="2005" VPOS="1459" WIDTH="44" HEIGHT="24" CONTENT="as" WC="1.00" CC="00"/>
						<SP ID="P5_SP00535" HPOS="2049" VPOS="1489" WIDTH="29"/>
						<String ID="P5_ST00626" HPOS="2078" VPOS="1450" WIDTH="64" HEIGHT="34" CONTENT="the" WC="0.99" CC="100"/>
						<SP ID="P5_SP00536" HPOS="2142" VPOS="1489" WIDTH="27"/>
						<String ID="P5_ST00627" HPOS="2169" VPOS="1451" WIDTH="213" HEIGHT="35" CONTENT="sunbeams" WC="0.99" CC="00640300"/>
						<SP ID="P5_SP00537" HPOS="2382" VPOS="1489" WIDTH="29"/>
						<String ID="P5_ST00628" HPOS="2411" VPOS="1453" WIDTH="116" HEIGHT="35" CONTENT="rare?" WC="0.99" CC="00007"/>
					</TextLine>
					<TextLine ID="P5_TL00089" HPOS="1753" VPOS="1494" WIDTH="682" HEIGHT="47">
						<String ID="P5_ST00629" HPOS="1753" VPOS="1494" WIDTH="131" HEIGHT="36" CONTENT="Nurse" WC="0.99" CC="06000"/>
						<SP ID="P5_SP00538" HPOS="1884" VPOS="1530" WIDTH="24"/>
						<String ID="P5_ST00630" HPOS="1908" VPOS="1506" WIDTH="93" HEIGHT="32" CONTENT="says" WC="0.98" CC="7000"/>
						<SP ID="P5_SP00539" HPOS="2001" VPOS="1538" WIDTH="27"/>
						<String ID="P5_ST00631" HPOS="2028" VPOS="1497" WIDTH="49" HEIGHT="34" CONTENT="he" WC="1.00" CC="00"/>
						<SP ID="P5_SP00540" HPOS="2077" VPOS="1538" WIDTH="25"/>
						<String ID="P5_ST00632" HPOS="2102" VPOS="1498" WIDTH="90" HEIGHT="35" CONTENT="isn't" WC="0.99" CC="00042"/>
						<SP ID="P5_SP00541" HPOS="2192" VPOS="1538" WIDTH="25"/>
						<String ID="P5_ST00633" HPOS="2217" VPOS="1500" WIDTH="218" HEIGHT="41" CONTENT="anywhere." WC="1.00" CC="000000006"/>
					</TextLine>
					<TextLine ID="P5_TL00090" HPOS="1755" VPOS="1590" WIDTH="821" HEIGHT="47">
						<String ID="P5_ST00634" HPOS="1755" VPOS="1590" WIDTH="85" HEIGHT="34" CONTENT="Has" WC="1.00" CC="100"/>
						<SP ID="P5_SP00542" HPOS="1840" VPOS="1624" WIDTH="31"/>
						<String ID="P5_ST00635" HPOS="1871" VPOS="1601" WIDTH="48" HEIGHT="23" CONTENT="no" WC="0.95" CC="00"/>
						<SP ID="P5_SP00543" HPOS="1919" VPOS="1624" WIDTH="30"/>
						<String ID="P5_ST00636" HPOS="1949" VPOS="1601" WIDTH="74" HEIGHT="25" CONTENT="one" WC="0.98" CC="600"/>
						<SP ID="P5_SP00544" HPOS="2023" VPOS="1626" WIDTH="27"/>
						<String ID="P5_ST00637" HPOS="2050" VPOS="1603" WIDTH="95" HEIGHT="24" CONTENT="seen" WC="1.00" CC="0000"/>
						<SP ID="P5_SP00545" HPOS="2145" VPOS="1627" WIDTH="29"/>
						<String ID="P5_ST00638" HPOS="2174" VPOS="1597" WIDTH="121" HEIGHT="32" CONTENT="sweet" WC="0.98" CC="00056"/>
						<SP ID="P5_SP00546" HPOS="2295" VPOS="1629" WIDTH="30"/>
						<String ID="P5_ST00639" HPOS="2325" VPOS="1594" WIDTH="93" HEIGHT="43" CONTENT="Tiny" WC="1.00" CC="0000"/>
						<SP ID="P5_SP00547" HPOS="2418" VPOS="1637" WIDTH="31"/>
						<String ID="P5_ST00640" HPOS="2449" VPOS="1596" WIDTH="127" HEIGHT="36" CONTENT="Toes?" WC="0.99" CC="04000"/>
					</TextLine>
					<TextLine ID="P5_TL00091" HPOS="1752" VPOS="1637" WIDTH="737" HEIGHT="49">
						<String ID="P5_ST00641" HPOS="1752" VPOS="1637" WIDTH="63" HEIGHT="35" CONTENT="He" WC="1.00" CC="00"/>
						<SP ID="P5_SP00548" HPOS="1815" VPOS="1672" WIDTH="24"/>
						<String ID="P5_ST00642" HPOS="1839" VPOS="1641" WIDTH="150" HEIGHT="42" CONTENT="totters," WC="0.99" CC="35000004"/>
						<SP ID="P5_SP00549" HPOS="1989" VPOS="1683" WIDTH="22"/>
						<String ID="P5_ST00643" HPOS="2011" VPOS="1641" WIDTH="195" HEIGHT="43" CONTENT="precious," WC="1.00" CC="500010004"/>
						<SP ID="P5_SP00550" HPOS="2206" VPOS="1684" WIDTH="24"/>
						<String ID="P5_ST00644" HPOS="2230" VPOS="1652" WIDTH="45" HEIGHT="24" CONTENT="as" WC="1.00" CC="00"/>
						<SP ID="P5_SP00551" HPOS="2275" VPOS="1684" WIDTH="23"/>
						<String ID="P5_ST00645" HPOS="2298" VPOS="1643" WIDTH="48" HEIGHT="34" CONTENT="he" WC="1.00" CC="00"/>
						<SP ID="P5_SP00552" HPOS="2346" VPOS="1684" WIDTH="25"/>
						<String ID="P5_ST00646" HPOS="2371" VPOS="1643" WIDTH="118" HEIGHT="43" CONTENT="goes!" WC="0.99" CC="02005"/>
					</TextLine>
					<TextLine ID="P5_TL00092" HPOS="1754" VPOS="1684" WIDTH="814" HEIGHT="48">
						<String ID="P5_ST00647" HPOS="1754" VPOS="1684" WIDTH="63" HEIGHT="35" CONTENT="He" WC="1.00" CC="00"/>
						<SP ID="P5_SP00553" HPOS="1817" VPOS="1719" WIDTH="31"/>
						<String ID="P5_ST00648" HPOS="1848" VPOS="1696" WIDTH="126" HEIGHT="25" CONTENT="wears" WC="0.99" CC="00800"/>
						<SP ID="P5_SP00554" HPOS="1974" VPOS="1721" WIDTH="32"/>
						<String ID="P5_ST00649" HPOS="2006" VPOS="1687" WIDTH="65" HEIGHT="34" CONTENT="the" WC="0.98" CC="400"/>
						<SP ID="P5_SP00555" HPOS="2071" VPOS="1721" WIDTH="34"/>
						<String ID="P5_ST00650" HPOS="2105" VPOS="1691" WIDTH="126" HEIGHT="32" CONTENT="cutest" WC="1.00" CC="000001"/>
						<SP ID="P5_SP00556" HPOS="2231" VPOS="1723" WIDTH="32"/>
						<String ID="P5_ST00651" HPOS="2263" VPOS="1689" WIDTH="101" HEIGHT="43" CONTENT="baby" WC="1.00" CC="2000"/>
						<SP ID="P5_SP00557" HPOS="2364" VPOS="1732" WIDTH="33"/>
						<String ID="P5_ST00652" HPOS="2397" VPOS="1691" WIDTH="171" HEIGHT="36" CONTENT="clothes!" WC="1.00" CC="00020080"/>
					</TextLine>
					<TextLine ID="P5_TL00093" HPOS="1753" VPOS="1731" WIDTH="651" HEIGHT="47">
						<String ID="P5_ST00653" HPOS="1753" VPOS="1731" WIDTH="87" HEIGHT="36" CONTENT="And" WC="1.00" CC="000"/>
						<SP ID="P5_SP00558" HPOS="1840" VPOS="1767" WIDTH="28"/>
						<String ID="P5_ST00654" HPOS="1868" VPOS="1744" WIDTH="84" HEIGHT="24" CONTENT="now" WC="0.96" CC="047"/>
						<SP ID="P5_SP00559" HPOS="1952" VPOS="1768" WIDTH="29"/>
						<String ID="P5_ST00655" HPOS="1981" VPOS="1734" WIDTH="49" HEIGHT="35" CONTENT="he" WC="1.00" CC="00"/>
						<SP ID="P5_SP00560" HPOS="2030" VPOS="1769" WIDTH="27"/>
						<String ID="P5_ST00656" HPOS="2057" VPOS="1735" WIDTH="90" HEIGHT="35" CONTENT="isn't" WC="1.00" CC="00040"/>
						<SP ID="P5_SP00561" HPOS="2147" VPOS="1770" WIDTH="28"/>
						<String ID="P5_ST00657" HPOS="2175" VPOS="1737" WIDTH="229" HEIGHT="41" CONTENT="anywhere!" WC="0.99" CC="030700004"/>
					</TextLine>
					<TextLine ID="P5_TL00094" HPOS="1752" VPOS="1779" WIDTH="708" HEIGHT="44">
						<String ID="P5_ST00658" HPOS="1752" VPOS="1779" WIDTH="76" HEIGHT="35" CONTENT="Did" WC="0.99" CC="200"/>
						<SP ID="P5_SP00562" HPOS="1828" VPOS="1814" WIDTH="26"/>
						<String ID="P5_ST00659" HPOS="1854" VPOS="1782" WIDTH="137" HEIGHT="41" CONTENT="angels" WC="0.99" CC="009000"/>
						<SP ID="P5_SP00563" HPOS="1991" VPOS="1823" WIDTH="25"/>
						<String ID="P5_ST00660" HPOS="2016" VPOS="1784" WIDTH="102" HEIGHT="34" CONTENT="steal" WC="1.00" CC="00010"/>
						<SP ID="P5_SP00564" HPOS="2118" VPOS="1823" WIDTH="25"/>
						<String ID="P5_ST00661" HPOS="2143" VPOS="1784" WIDTH="77" HEIGHT="34" CONTENT="him" WC="1.00" CC="000"/>
						<SP ID="P5_SP00565" HPOS="2220" VPOS="1823" WIDTH="28"/>
						<String ID="P5_ST00662" HPOS="2248" VPOS="1785" WIDTH="212" HEIGHT="35" CONTENT="unaware?" WC="1.00" CC="00000000"/>
					</TextLine>
					<TextLine ID="P5_TL00095" HPOS="1751" VPOS="1874" WIDTH="642" HEIGHT="49">
						<String ID="P5_ST00663" HPOS="1751" VPOS="1874" WIDTH="98" HEIGHT="36" CONTENT="He's" WC="0.99" CC="0040"/>
						<SP ID="P5_SP00566" HPOS="1849" VPOS="1910" WIDTH="18"/>
						<String ID="P5_ST00664" HPOS="1867" VPOS="1886" WIDTH="113" HEIGHT="35" CONTENT="gone," WC="0.98" CC="73003"/>
						<SP ID="P5_SP00567" HPOS="1980" VPOS="1921" WIDTH="18"/>
						<String ID="P5_ST00665" HPOS="1998" VPOS="1876" WIDTH="98" HEIGHT="45" CONTENT="alas," WC="0.99" CC="00004"/>
						<SP ID="P5_SP00568" HPOS="2096" VPOS="1921" WIDTH="18"/>
						<String ID="P5_ST00666" HPOS="2114" VPOS="1878" WIDTH="34" HEIGHT="34" CONTENT="is" WC="0.57" CC="08"/>
						<SP ID="P5_SP00569" HPOS="2148" VPOS="1921" WIDTH="21"/>
						<String ID="P5_ST00667" HPOS="2169" VPOS="1878" WIDTH="93" HEIGHT="43" CONTENT="Tiny" WC="0.99" CC="0040"/>
						<SP ID="P5_SP00570" HPOS="2262" VPOS="1921" WIDTH="20"/>
						<String ID="P5_ST00668" HPOS="2282" VPOS="1879" WIDTH="111" HEIGHT="44" CONTENT="Toes," WC="0.99" CC="05004"/>
					</TextLine>
					<TextLine ID="P5_TL00096" HPOS="1757" VPOS="1923" WIDTH="778" HEIGHT="47">
						<String ID="P5_ST00669" HPOS="1757" VPOS="1923" WIDTH="150" HEIGHT="43" CONTENT="Where," WC="1.00" CC="000004"/>
						<SP ID="P5_SP00571" HPOS="1907" VPOS="1966" WIDTH="24"/>
						<String ID="P5_ST00670" HPOS="1931" VPOS="1924" WIDTH="130" HEIGHT="35" CONTENT="where" WC="1.00" CC="00000"/>
						<SP ID="P5_SP00572" HPOS="2061" VPOS="1966" WIDTH="26"/>
						<String ID="P5_ST00671" HPOS="2087" VPOS="1926" WIDTH="85" HEIGHT="34" CONTENT="alas" WC="1.00" CC="0000"/>
						<SP ID="P5_SP00573" HPOS="2172" VPOS="1966" WIDTH="27"/>
						<String ID="P5_ST00672" HPOS="2199" VPOS="1927" WIDTH="153" HEIGHT="43" CONTENT="nobody" WC="1.00" CC="000300"/>
						<SP ID="P5_SP00574" HPOS="2352" VPOS="1970" WIDTH="25"/>
						<String ID="P5_ST00673" HPOS="2377" VPOS="1928" WIDTH="158" HEIGHT="37" CONTENT="knows!" WC="0.98" CC="004964"/>
					</TextLine>
					<TextLine ID="P5_TL00097" HPOS="1751" VPOS="1969" WIDTH="745" HEIGHT="48">
						<String ID="P5_ST00674" HPOS="1751" VPOS="1969" WIDTH="75" HEIGHT="46" CONTENT="Ah," WC="0.95" CC="364"/>
						<SP ID="P5_SP00575" HPOS="1826" VPOS="2015" WIDTH="22"/>
						<String ID="P5_ST00675" HPOS="1848" VPOS="1970" WIDTH="170" HEIGHT="37" CONTENT="cruelest" WC="0.72" CC="00590007"/>
						<SP ID="P5_SP00576" HPOS="2018" VPOS="2015" WIDTH="20"/>
						<String ID="P5_ST00676" HPOS="2038" VPOS="1972" WIDTH="78" HEIGHT="36" CONTENT="this" WC="0.99" CC="4000"/>
						<SP ID="P5_SP00577" HPOS="2116" VPOS="2015" WIDTH="22"/>
						<String ID="P5_ST00677" HPOS="2138" VPOS="1973" WIDTH="44" HEIGHT="44" CONTENT="of" WC="0.50" CC="90"/>
						<SP ID="P5_SP00578" HPOS="2182" VPOS="2017" WIDTH="20"/>
						<String ID="P5_ST00678" HPOS="2202" VPOS="1974" WIDTH="54" HEIGHT="35" CONTENT="all" WC="1.00" CC="000"/>
						<SP ID="P5_SP00579" HPOS="2256" VPOS="2017" WIDTH="22"/>
						<String ID="P5_ST00679" HPOS="2278" VPOS="1975" WIDTH="65" HEIGHT="36" CONTENT="the" WC="0.99" CC="200"/>
						<SP ID="P5_SP00580" HPOS="2343" VPOS="2017" WIDTH="21"/>
						<String ID="P5_ST00680" HPOS="2364" VPOS="1976" WIDTH="132" HEIGHT="36" CONTENT="woes!" WC="0.97" CC="94064"/>
					</TextLine>
					<TextLine ID="P5_TL00098" HPOS="1757" VPOS="2065" WIDTH="953" HEIGHT="53">
						<String ID="P5_ST00681" HPOS="1757" VPOS="2065" WIDTH="145" HEIGHT="36" CONTENT="Whafs" WC="0.69" CC="50090"/>
						<SP ID="P5_SP00581" HPOS="1902" VPOS="2101" WIDTH="25"/>
						<String ID="P5_ST00682" HPOS="1927" VPOS="2066" WIDTH="112" HEIGHT="36" CONTENT="that?" WC="0.99" CC="00060"/>
						<SP ID="P5_SP00582" HPOS="2039" VPOS="2102" WIDTH="34"/>
						<String ID="P5_ST00683" HPOS="2073" VPOS="2067" WIDTH="77" HEIGHT="36" CONTENT="The" WC="1.00" CC="000"/>
						<SP ID="P5_SP00583" HPOS="2150" VPOS="2103" WIDTH="26"/>
						<String ID="P5_ST00684" HPOS="2176" VPOS="2069" WIDTH="143" HEIGHT="42" CONTENT="rogue!" WC="1.00" CC="000002"/>
						<SP ID="P5_SP00584" HPOS="2319" VPOS="2111" WIDTH="26"/>
						<String ID="P5_ST00685" HPOS="2345" VPOS="2071" WIDTH="75" HEIGHT="34" CONTENT="His" WC="1.00" CC="000"/>
						<SP ID="P5_SP00585" HPOS="2420" VPOS="2111" WIDTH="26"/>
						<String ID="P5_ST00686" HPOS="2446" VPOS="2072" WIDTH="142" HEIGHT="43" CONTENT="golden" WC="0.98" CC="650006"/>
						<SP ID="P5_SP00586" HPOS="2588" VPOS="2115" WIDTH="27"/>
						<String ID="P5_ST00687" HPOS="2615" VPOS="2074" WIDTH="95" HEIGHT="44" CONTENT="hair," WC="0.98" CC="30503"/>
					</TextLine>
					<TextLine ID="P5_TL00099" HPOS="1750" VPOS="2112" WIDTH="856" HEIGHT="50">
						<String ID="P5_ST00688" HPOS="1750" VPOS="2112" WIDTH="118" HEIGHT="44" CONTENT="Eyes," WC="1.00" CC="00003"/>
						<SP ID="P5_SP00587" HPOS="1868" VPOS="2156" WIDTH="26"/>
						<String ID="P5_ST00689" HPOS="1894" VPOS="2124" WIDTH="108" HEIGHT="35" CONTENT="nose," WC="0.99" CC="02004"/>
						<SP ID="P5_SP00588" HPOS="2002" VPOS="2159" WIDTH="26"/>
						<String ID="P5_ST00690" HPOS="2028" VPOS="2116" WIDTH="78" HEIGHT="33" CONTENT="and" WC="1.00" CC="000"/>
						<SP ID="P5_SP00589" HPOS="2106" VPOS="2159" WIDTH="24"/>
						<String ID="P5_ST00691" HPOS="2130" VPOS="2117" WIDTH="54" HEIGHT="34" CONTENT="all" WC="1.00" CC="000"/>
						<SP ID="P5_SP00590" HPOS="2184" VPOS="2159" WIDTH="27"/>
						<String ID="P5_ST00692" HPOS="2211" VPOS="2118" WIDTH="143" HEIGHT="34" CONTENT="behind" WC="0.99" CC="400040"/>
						<SP ID="P5_SP00591" HPOS="2354" VPOS="2159" WIDTH="26"/>
						<String ID="P5_ST00693" HPOS="2380" VPOS="2130" WIDTH="62" HEIGHT="32" CONTENT="my" WC="1.00" CC="00"/>
						<SP ID="P5_SP00592" HPOS="2442" VPOS="2162" WIDTH="27"/>
						<String ID="P5_ST00694" HPOS="2469" VPOS="2120" WIDTH="137" HEIGHT="36" CONTENT="chair?" WC="0.99" CC="000067"/>
					</TextLine>
					<TextLine ID="P5_TL00100" HPOS="1750" VPOS="2159" WIDTH="824" HEIGHT="50">
						<String ID="P5_ST00695" HPOS="1750" VPOS="2159" WIDTH="70" HEIGHT="44" CONTENT="Sly" WC="1.00" CC="000"/>
						<SP ID="P5_SP00593" HPOS="1820" VPOS="2203" WIDTH="23"/>
						<String ID="P5_ST00696" HPOS="1843" VPOS="2172" WIDTH="121" HEIGHT="31" CONTENT="rogue" WC="1.00" CC="00000"/>
						<SP ID="P5_SP00594" HPOS="1964" VPOS="2203" WIDTH="23"/>
						<String ID="P5_ST00697" HPOS="1987" VPOS="2172" WIDTH="81" HEIGHT="24" CONTENT="was" WC="1.00" CC="000"/>
						<SP ID="P5_SP00595" HPOS="2068" VPOS="2203" WIDTH="24"/>
						<String ID="P5_ST00698" HPOS="2092" VPOS="2163" WIDTH="145" HEIGHT="45" CONTENT="hiding," WC="0.99" CC="0000074"/>
						<SP ID="P5_SP00596" HPOS="2237" VPOS="2208" WIDTH="23"/>
						<String ID="P5_ST00699" HPOS="2260" VPOS="2165" WIDTH="158" HEIGHT="44" CONTENT="smiling" WC="0.99" CC="8000007"/>
						<SP ID="P5_SP00597" HPOS="2418" VPOS="2209" WIDTH="23"/>
						<String ID="P5_ST00700" HPOS="2441" VPOS="2167" WIDTH="133" HEIGHT="36" CONTENT="there!" WC="0.99" CC="000094"/>
					</TextLine>
					<TextLine ID="P5_TL00101" HPOS="1606" VPOS="2218" WIDTH="1305" HEIGHT="57">
						<String ID="P5_ST00701" HPOS="1606" VPOS="2218" WIDTH="137" HEIGHT="44" CONTENT="There" WC="0.99" CC="60000"/>
						<SP ID="P5_SP00598" HPOS="1743" VPOS="2262" WIDTH="22"/>
						<String ID="P5_ST00702" HPOS="1765" VPOS="2233" WIDTH="132" HEIGHT="28" CONTENT="never" WC="1.00" CC="00000"/>
						<SP ID="P5_SP00599" HPOS="1897" VPOS="2262" WIDTH="23"/>
						<String ID="P5_ST00703" HPOS="1920" VPOS="2234" WIDTH="77" HEIGHT="28" CONTENT="can" WC="1.00" CC="000"/>
						<SP ID="P5_SP00600" HPOS="1997" VPOS="2262" WIDTH="24"/>
						<String ID="P5_ST00704" HPOS="2021" VPOS="2224" WIDTH="53" HEIGHT="39" CONTENT="be" WC="1.00" CC="00"/>
						<SP ID="P5_SP00601" HPOS="2074" VPOS="2263" WIDTH="24"/>
						<String ID="P5_ST00705" HPOS="2098" VPOS="2224" WIDTH="179" HEIGHT="40" CONTENT="another" WC="1.00" CC="0002004"/>
						<SP ID="P5_SP00602" HPOS="2277" VPOS="2264" WIDTH="21"/>
						<String ID="P5_ST00706" HPOS="2298" VPOS="2224" WIDTH="131" HEIGHT="42" CONTENT="Field." WC="0.99" CC="028003"/>
						<SP ID="P5_SP00603" HPOS="2429" VPOS="2266" WIDTH="55"/>
						<String ID="P5_ST00707" HPOS="2484" VPOS="2227" WIDTH="113" HEIGHT="42" CONTENT="Such" WC="0.99" CC="0040"/>
						<SP ID="P5_SP00604" HPOS="2597" VPOS="2269" WIDTH="24"/>
						<String ID="P5_ST00708" HPOS="2621" VPOS="2241" WIDTH="25" HEIGHT="28" CONTENT="a" WC="0.28" CC="7"/>
						<SP ID="P5_SP00605" HPOS="2646" VPOS="2269" WIDTH="24"/>
						<String ID="P5_ST00709" HPOS="2670" VPOS="2229" WIDTH="241" HEIGHT="46" CONTENT="diversified" WC="0.99" CC="06000043309"/>
					</TextLine>
					<TextLine ID="P5_TL00102" HPOS="1548" VPOS="2278" WIDTH="1362" HEIGHT="58">
						<String ID="P5_ST00710" HPOS="1548" VPOS="2278" WIDTH="260" HEIGHT="52" CONTENT="personality" WC="1.00" CC="40200000520"/>
						<SP ID="P5_SP00606" HPOS="1808" VPOS="2330" WIDTH="29"/>
						<String ID="P5_ST00711" HPOS="1837" VPOS="2292" WIDTH="147" HEIGHT="29" CONTENT="occurs" WC="1.00" CC="000000"/>
						<SP ID="P5_SP00607" HPOS="1984" VPOS="2330" WIDTH="28"/>
						<String ID="P5_ST00712" HPOS="2012" VPOS="2283" WIDTH="98" HEIGHT="50" CONTENT="only" WC="0.99" CC="0040"/>
						<SP ID="P5_SP00608" HPOS="2110" VPOS="2333" WIDTH="28"/>
						<String ID="P5_ST00713" HPOS="2138" VPOS="2295" WIDTH="105" HEIGHT="28" CONTENT="once" WC="0.99" CC="1020"/>
						<SP ID="P5_SP00609" HPOS="2243" VPOS="2333" WIDTH="29"/>
						<String ID="P5_ST00714" HPOS="2272" VPOS="2284" WIDTH="41" HEIGHT="40" CONTENT="in" WC="0.88" CC="20"/>
						<SP ID="P5_SP00610" HPOS="2313" VPOS="2333" WIDTH="30"/>
						<String ID="P5_ST00715" HPOS="2343" VPOS="2296" WIDTH="24" HEIGHT="27" CONTENT="a" WC="1.00" CC="0"/>
						<SP ID="P5_SP00611" HPOS="2367" VPOS="2333" WIDTH="26"/>
						<String ID="P5_ST00716" HPOS="2393" VPOS="2286" WIDTH="129" HEIGHT="50" CONTENT="cycle." WC="1.00" CC="000302"/>
						<SP ID="P5_SP00612" HPOS="2522" VPOS="2336" WIDTH="57"/>
						<String ID="P5_ST00717" HPOS="2579" VPOS="2287" WIDTH="37" HEIGHT="40" CONTENT="A" WC="1.00" CC="0"/>
						<SP ID="P5_SP00613" HPOS="2616" VPOS="2336" WIDTH="26"/>
						<String ID="P5_ST00718" HPOS="2642" VPOS="2290" WIDTH="268" HEIGHT="42" CONTENT="remarkable" WC="1.00" CC="8000300030"/>
					</TextLine>
					<TextLine ID="P5_TL00103" HPOS="1548" VPOS="2337" WIDTH="1362" HEIGHT="61">
						<String ID="P5_ST00719" HPOS="1548" VPOS="2337" WIDTH="285" HEIGHT="40" CONTENT="combination" WC="1.00" CC="04002060320"/>
						<SP ID="P5_SP00614" HPOS="1833" VPOS="2377" WIDTH="41"/>
						<String ID="P5_ST00720" HPOS="1874" VPOS="2339" WIDTH="47" HEIGHT="39" CONTENT="of" WC="0.86" CC="02"/>
						<SP ID="P5_SP00615" HPOS="1921" VPOS="2378" WIDTH="38"/>
						<String ID="P5_ST00721" HPOS="1959" VPOS="2341" WIDTH="261" HEIGHT="51" CONTENT="contrasting" WC="1.00" CC="00007000300"/>
						<SP ID="P5_SP00616" HPOS="2220" VPOS="2392" WIDTH="39"/>
						<String ID="P5_ST00722" HPOS="2259" VPOS="2342" WIDTH="132" HEIGHT="50" CONTENT="traits," WC="0.99" CC="0004004"/>
						<SP ID="P5_SP00617" HPOS="2391" VPOS="2392" WIDTH="40"/>
						<String ID="P5_ST00723" HPOS="2431" VPOS="2345" WIDTH="55" HEIGHT="39" CONTENT="he" WC="1.00" CC="00"/>
						<SP ID="P5_SP00618" HPOS="2486" VPOS="2392" WIDTH="38"/>
						<String ID="P5_ST00724" HPOS="2524" VPOS="2346" WIDTH="84" HEIGHT="41" CONTENT="had" WC="0.98" CC="060"/>
						<SP ID="P5_SP00619" HPOS="2608" VPOS="2392" WIDTH="39"/>
						<String ID="P5_ST00725" HPOS="2647" VPOS="2359" WIDTH="25" HEIGHT="28" CONTENT="a" WC="0.13" CC="8"/>
						<SP ID="P5_SP00620" HPOS="2672" VPOS="2392" WIDTH="38"/>
						<String ID="P5_ST00726" HPOS="2710" VPOS="2352" WIDTH="200" HEIGHT="46" CONTENT="personal" WC="0.99" CC="50000057"/>
					</TextLine>
					<TextLine ID="P5_TL00104" HPOS="1546" VPOS="2395" WIDTH="1363" HEIGHT="56">
						<String ID="P5_ST00727" HPOS="1546" VPOS="2395" WIDTH="239" HEIGHT="52" CONTENT="popularity" WC="1.00" CC="0000402500"/>
						<SP ID="P5_SP00621" HPOS="1785" VPOS="2447" WIDTH="23"/>
						<String ID="P5_ST00728" HPOS="1808" VPOS="2398" WIDTH="162" HEIGHT="39" CONTENT="seldom" WC="1.00" CC="003000"/>
						<SP ID="P5_SP00622" HPOS="1970" VPOS="2447" WIDTH="25"/>
						<String ID="P5_ST00729" HPOS="1995" VPOS="2398" WIDTH="191" HEIGHT="41" CONTENT="attained" WC="0.99" CC="00662000"/>
						<SP ID="P5_SP00623" HPOS="2186" VPOS="2447" WIDTH="22"/>
						<String ID="P5_ST00730" HPOS="2208" VPOS="2401" WIDTH="53" HEIGHT="50" CONTENT="by" WC="0.84" CC="30"/>
						<SP ID="P5_SP00624" HPOS="2261" VPOS="2451" WIDTH="23"/>
						<String ID="P5_ST00731" HPOS="2284" VPOS="2412" WIDTH="82" HEIGHT="29" CONTENT="one" WC="1.00" CC="000"/>
						<SP ID="P5_SP00625" HPOS="2366" VPOS="2451" WIDTH="23"/>
						<String ID="P5_ST00732" HPOS="2389" VPOS="2414" WIDTH="112" HEIGHT="29" CONTENT="man." WC="0.99" CC="0004"/>
						<SP ID="P5_SP00626" HPOS="2501" VPOS="2451" WIDTH="49"/>
						<String ID="P5_ST00733" HPOS="2550" VPOS="2404" WIDTH="36" HEIGHT="40" CONTENT="A" WC="1.00" CC="0"/>
						<SP ID="P5_SP00627" HPOS="2586" VPOS="2451" WIDTH="22"/>
						<String ID="P5_ST00734" HPOS="2608" VPOS="2417" WIDTH="115" HEIGHT="30" CONTENT="mass" WC="1.00" CC="0000"/>
						<SP ID="P5_SP00628" HPOS="2723" VPOS="2451" WIDTH="22"/>
						<String ID="P5_ST00735" HPOS="2745" VPOS="2408" WIDTH="47" HEIGHT="39" CONTENT="of" WC="0.85" CC="02"/>
						<SP ID="P5_SP00629" HPOS="2792" VPOS="2451" WIDTH="21"/>
						<String ID="P5_ST00736" HPOS="2813" VPOS="2419" WIDTH="72" HEIGHT="29" CONTENT="con" SUBS_TYPE="HypPart1" SUBS_CONTENT="contradictions," WC="0.96" CC="048"/>
						<HYP HPOS="2885" VPOS="2419" WIDTH="24" CONTENT="-"/>
					</TextLine>
					<TextLine ID="P5_TL00105" HPOS="1547" VPOS="2454" WIDTH="1361" HEIGHT="62">
						<String ID="P5_ST00737" HPOS="1547" VPOS="2454" WIDTH="259" HEIGHT="48" CONTENT="tradictions," SUBS_TYPE="HypPart2" SUBS_CONTENT="contradictions," WC="1.00" CC="510040150003"/>
						<SP ID="P5_SP00630" HPOS="1806" VPOS="2502" WIDTH="34"/>
						<String ID="P5_ST00738" HPOS="1840" VPOS="2455" WIDTH="54" HEIGHT="40" CONTENT="he" WC="0.78" CC="40"/>
						<SP ID="P5_SP00631" HPOS="1894" VPOS="2502" WIDTH="33"/>
						<String ID="P5_ST00739" HPOS="1927" VPOS="2468" WIDTH="86" HEIGHT="28" CONTENT="was" WC="1.00" CC="000"/>
						<SP ID="P5_SP00632" HPOS="2013" VPOS="2502" WIDTH="34"/>
						<String ID="P5_ST00740" HPOS="2047" VPOS="2463" WIDTH="42" HEIGHT="34" CONTENT="at" WC="1.00" CC="00"/>
						<SP ID="P5_SP00633" HPOS="2089" VPOS="2502" WIDTH="30"/>
						<String ID="P5_ST00741" HPOS="2119" VPOS="2459" WIDTH="134" HEIGHT="48" CONTENT="heart," WC="0.99" CC="100402"/>
						<SP ID="P5_SP00634" HPOS="2253" VPOS="2507" WIDTH="35"/>
						<String ID="P5_ST00742" HPOS="2288" VPOS="2471" WIDTH="24" HEIGHT="28" CONTENT="a" WC="1.00" CC="0"/>
						<SP ID="P5_SP00635" HPOS="2312" VPOS="2507" WIDTH="31"/>
						<String ID="P5_ST00743" HPOS="2343" VPOS="2460" WIDTH="166" HEIGHT="52" CONTENT="simple," WC="1.00" CC="0000502"/>
						<SP ID="P5_SP00636" HPOS="2509" VPOS="2512" WIDTH="34"/>
						<String ID="P5_ST00744" HPOS="2543" VPOS="2467" WIDTH="207" HEIGHT="47" CONTENT="wayward" WC="1.00" CC="0000030"/>
						<SP ID="P5_SP00637" HPOS="2750" VPOS="2514" WIDTH="33"/>
						<String ID="P5_ST00745" HPOS="2783" VPOS="2467" WIDTH="125" HEIGHT="49" CONTENT="child," WC="0.99" CC="000304"/>
					</TextLine>
					<TextLine ID="P5_TL00106" HPOS="1548" VPOS="2512" WIDTH="1361" HEIGHT="64">
						<String ID="P5_ST00746" HPOS="1548" VPOS="2513" WIDTH="82" HEIGHT="39" CONTENT="and" WC="1.00" CC="000"/>
						<SP ID="P5_SP00638" HPOS="1630" VPOS="2552" WIDTH="26"/>
						<String ID="P5_ST00747" HPOS="1656" VPOS="2512" WIDTH="31" HEIGHT="41" CONTENT="it" WC="0.64" CC="24"/>
						<SP ID="P5_SP00639" HPOS="1687" VPOS="2553" WIDTH="25"/>
						<String ID="P5_ST00748" HPOS="1712" VPOS="2513" WIDTH="36" HEIGHT="40" CONTENT="is" WC="0.87" CC="20"/>
						<SP ID="P5_SP00640" HPOS="1748" VPOS="2553" WIDTH="23"/>
						<String ID="P5_ST00749" HPOS="1771" VPOS="2514" WIDTH="184" HEIGHT="40" CONTENT="because" WC="1.00" CC="6000000"/>
						<SP ID="P5_SP00641" HPOS="1955" VPOS="2554" WIDTH="26"/>
						<String ID="P5_ST00750" HPOS="1981" VPOS="2516" WIDTH="46" HEIGHT="38" CONTENT="of" WC="1.00" CC="00"/>
						<SP ID="P5_SP00642" HPOS="2027" VPOS="2554" WIDTH="23"/>
						<String ID="P5_ST00751" HPOS="2050" VPOS="2516" WIDTH="67" HEIGHT="40" CONTENT="his" WC="0.98" CC="050"/>
						<SP ID="P5_SP00643" HPOS="2117" VPOS="2556" WIDTH="26"/>
						<String ID="P5_ST00752" HPOS="2143" VPOS="2517" WIDTH="95" HEIGHT="43" CONTENT="love" WC="0.97" CC="2009"/>
						<SP ID="P5_SP00644" HPOS="2238" VPOS="2560" WIDTH="27"/>
						<String ID="P5_ST00753" HPOS="2265" VPOS="2518" WIDTH="68" HEIGHT="40" CONTENT="for" WC="0.97" CC="501"/>
						<SP ID="P5_SP00645" HPOS="2333" VPOS="2560" WIDTH="23"/>
						<String ID="P5_ST00754" HPOS="2356" VPOS="2519" WIDTH="189" HEIGHT="43" CONTENT="children" WC="0.99" CC="00530500"/>
						<SP ID="P5_SP00646" HPOS="2545" VPOS="2562" WIDTH="27"/>
						<String ID="P5_ST00755" HPOS="2572" VPOS="2516" WIDTH="90" HEIGHT="47" CONTENT="tftat" WC="0.70" CC="07700"/>
						<SP ID="P5_SP00647" HPOS="2662" VPOS="2563" WIDTH="24"/>
						<String ID="P5_ST00756" HPOS="2686" VPOS="2524" WIDTH="100" HEIGHT="52" CONTENT="they" WC="0.97" CC="3008"/>
						<SP ID="P5_SP00648" HPOS="2786" VPOS="2576" WIDTH="25"/>
						<String ID="P5_ST00757" HPOS="2811" VPOS="2526" WIDTH="98" HEIGHT="41" CONTENT="look" WC="0.98" CC="2006"/>
					</TextLine>
					<TextLine ID="P5_TL00107" HPOS="1546" VPOS="2571" WIDTH="670" HEIGHT="49">
						<String ID="P5_ST00758" HPOS="1546" VPOS="2582" WIDTH="114" HEIGHT="38" CONTENT="upon" WC="1.00" CC="0000"/>
						<SP ID="P5_SP00649" HPOS="1660" VPOS="2620" WIDTH="27"/>
						<String ID="P5_ST00759" HPOS="1687" VPOS="2571" WIDTH="86" HEIGHT="41" CONTENT="him" WC="0.98" CC="040"/>
						<SP ID="P5_SP00650" HPOS="1773" VPOS="2620" WIDTH="29"/>
						<String ID="P5_ST00760" HPOS="1802" VPOS="2584" WIDTH="47" HEIGHT="28" CONTENT="as" WC="1.00" CC="00"/>
						<SP ID="P5_SP00651" HPOS="1849" VPOS="2620" WIDTH="27"/>
						<String ID="P5_ST00761" HPOS="1876" VPOS="2573" WIDTH="111" HEIGHT="40" CONTENT="their" WC="0.99" CC="00050"/>
						<SP ID="P5_SP00652" HPOS="1987" VPOS="2620" WIDTH="25"/>
						<String ID="P5_ST00762" HPOS="2012" VPOS="2575" WIDTH="204" HEIGHT="40" CONTENT="laureate." WC="1.00" CC="400000004"/>
					</TextLine>
				</TextBlock>
				<TextBlock ID="P5_TB00006" HPOS="1603" VPOS="3864" WIDTH="554" HEIGHT="55" STYLEREFS="TXT_0 PAR_RIGHT">
					<TextLine ID="P5_TL00108" HPOS="1604" VPOS="3873" WIDTH="553" HEIGHT="45">
						<String ID="P5_ST00763" HPOS="1604" VPOS="3873" WIDTH="194" HEIGHT="36" CONTENT='"Sower"' WC="0.99" CC="5032305"/>
						<SP ID="P5_SP00653" HPOS="1798" VPOS="3909" WIDTH="24"/>
						<String ID="P5_ST00764" HPOS="1822" VPOS="3874" WIDTH="53" HEIGHT="42" CONTENT="by" WC="0.71" CC="50"/>
						<SP ID="P5_SP00654" HPOS="1875" VPOS="3916" WIDTH="26"/>
						<String ID="P5_ST00765" HPOS="1901" VPOS="3875" WIDTH="89" HEIGHT="35" CONTENT="Van" WC="0.99" CC="100"/>
						<SP ID="P5_SP00655" HPOS="1990" VPOS="3916" WIDTH="23"/>
						<String ID="P5_ST00766" HPOS="2013" VPOS="3875" WIDTH="144" HEIGHT="43" CONTENT="Gough" WC="0.75" CC="15500"/>
					</TextLine>
				</TextBlock>
				<ComposedBlock ID="P5_CB00001" HPOS="1541" VPOS="2729" WIDTH="1393" HEIGHT="1104" STYLEREFS="TXT_0 PAR_LEFT" TYPE="Illustration">
					<GraphicalElement ID="P5_CB00001_SUB" HPOS="1541" VPOS="2729" WIDTH="1393" HEIGHT="1104"/>
				</ComposedBlock>
			</PrintSpace>
		</Page>
	</Layout>
</alto>
