3078 4313
406 274 1053 173 BRUNO'S
1592 289 1031 163 WEEKLY

414 473 198 55 Edited
662 478 72 61 by
781 481 182 52 Guido
1011 484 184 53 Bruno
1240 487 54 50 in
1341 486 99 53 His
1489 487 200 56 Garret
1736 510 74 34 on
1852 489 367 64 Washington
2266 490 213 62 Square

122 611 80 40 No.
231 612 46 39 19

1197 601 277 51 OCTOBER,
1496 605 101 39 25th
1618 605 226 42 MCMXVI

2741 610 94 41 Vol.
2860 610 59 41 11l

122 711 348 63 Eldorado

268 802 191 86 Gaily
484 802 169 46 bedight,

393 862 29 35 A
447 863 149 42 gallant
616 860 147 45 knight,

270 922 46 35 In
348 921 191 36 sunshine
572 920 78 35 and
682 920 39 35 in
753 917 174 45 shadow,

371 980 92 35 Had
486 979 219 44 journeyed
728 978 104 43 long,

370 1039 164 42 Singing
552 1048 24 24 a
593 1047 113 33 song,

269 1099 46 34 In
336 1098 140 36 search
498 1097 44 42 of
562 1095 207 36 Eldorado.

371 1214 79 35 But
471 1214 49 35 he
541 1223 104 34 grew
666 1212 78 44 old,

375 1273 89 36 This
487 1272 136 43 knight
643 1282 46 24 so
711 1270 103 45 bold,

272 1331 88 37 And
389 1331 80 36 o'er
499 1331 61 35 his
590 1331 111 35 heart
729 1339 24 25 a
782 1329 161 36 shadow

372 1390 83 36 Fell
476 1400 46 25 as
545 1389 49 36 he
614 1388 128 44 found

372 1449 62 36 No
457 1452 90 39 spot
570 1448 44 43 of
636 1447 153 44 ground

275 1508 94 36 That
395 1508 141 35 looked
563 1506 77 36 like
667 1505 207 36 Eldorado.

373 1625 100 44 And,
499 1635 44 25 as
570 1624 60 36 his
656 1623 175 43 strength

372 1684 134 35 Failed
530 1683 78 36 him
632 1686 41 32 at
695 1682 147 44 length,

273 1743 62 35 He
367 1746 77 32 met
473 1753 24 23 a
525 1742 155 43 pilgrim
710 1741 182 46 shadow;

635 1801 88 34 said
753 1800 61 42 he,

569 1870 72 24 can
667 1860 29 34 it
722 1859 59 44 be,

274 1920 89 35 This
389 1919 93 35 land
507 1919 44 43 of

531 2037 65 35 the
625 2035 222 37 mountains

374 2096 55 44 Of
455 2096 65 35 the
549 2105 127 36 moon,

270 2155 125 36 Down
421 2155 65 35 the
513 2155 128 42 valley
669 2155 43 42 of
738 2155 65 34 the
830 2154 174 44 shadow,

370 2214 112 44 Ride,
512 2214 131 42 boldly

374 2273 78 36 The
472 2272 124 35 shade
617 2272 202 43 replied—

362 2343 76 32 you
468 2332 94 34 seek
589 2332 66 43 for

996 2401 132 45 Edgar
1161 2400 117 37 Allan
1312 2400 92 36 Poe.

122 2522 196 60 Have
344 2521 152 61 You
523 2520 173 62 Ever
724 2520 174 62 Seen
921 2520 187 60 Your
1134 2518 262 62 Double
1424 2519 68 59 in

123 2627 42 36 a
193 2602 358 74 Painting?

127 2698 405 95 SOMEWHERE
556 2700 42 41 in
623 2698 83 40 this
729 2697 133 41 world
883 2696 37 41 is
941 2708 106 41 your
1070 2696 153 42 double
1224 2707 84 29 —a
1330 2695 159 40 human

258 2757 128 51 being
412 2758 145 40 whose
586 2758 96 39 face
710 2756 236 41 resembles
971 2767 128 40 yours
1127 2768 47 28 as
1200 2756 73 40 the
1300 2754 191 42 likeness

124 2817 163 51 staring
313 2823 43 35 at
380 2829 84 39 you
491 2817 110 40 from
629 2817 71 40 the
727 2815 174 41 mirrors
927 2816 124 41 when
1077 2827 84 40 you
1188 2815 132 40 shave
1347 2814 42 41 in
1418 2813 72 40 the

124 2877 198 50 morning
349 2888 47 28 or
423 2883 65 44 try
515 2881 41 35 to
587 2875 142 51 adjust
756 2876 91 39 that
875 2873 211 43 obstinate
1113 2872 87 42 veil
1228 2874 44 41 in
1301 2872 90 52 just
1418 2872 72 41 the

124 2936 196 55 peculiar
346 2947 92 39 way
465 2947 83 38 you
575 2933 105 42 wish
709 2940 41 34 to
779 2935 110 39 have
917 2935 44 40 it.

182 2994 87 42 The
293 2993 316 42 characteristic
631 2993 110 41 lines
764 2994 128 40 about
913 3004 106 40 your
1039 2992 161 50 mouth,
1223 2992 73 42 the
1318 2990 173 42 twinkle

126 3053 42 42 in
198 3054 73 41 the
299 3066 78 39 eye
405 3065 105 40 your
541 3052 165 41 friends
733 3053 74 40 tell
835 3064 83 40 you
948 3051 36 42 is
1012 3051 90 52 just
1127 3063 108 40 your
1263 3063 106 37 own,
1401 3051 89 40 also

127 3125 73 28 are
225 3113 120 40 there
371 3113 42 40 in
440 3113 71 39 the
538 3113 95 41 face
659 3109 52 43 of
734 3124 106 39 your
864 3111 168 40 double.
1087 3111 69 40 He
1183 3123 47 28 or
1254 3111 77 41 she
1355 3121 137 30 wears

125 3172 73 41 the
222 3172 95 40 hair
342 3184 46 28 as
414 3184 82 39 you
523 3172 66 48 do,
616 3171 120 40 trims
761 3171 72 41 the
859 3170 222 41 mustache
1106 3182 48 28 or
1178 3170 133 40 beard
1336 3180 49 30 as
1408 3180 84 41 you

127 3243 73 29 are
230 3231 43 41 in
304 3231 72 41 the
406 3230 118 41 habit
555 3231 47 40 of
630 3229 189 52 wearing
849 3231 129 47 them,
1009 3230 78 40 has
1117 3241 106 40 your
1252 3229 124 49 walk,
1409 3229 83 40 and

127 3303 108 29 even
263 3302 107 40 your
399 3296 109 35 taste
537 3291 43 40 in
611 3291 133 39 dress.
803 3289 115 42 Your
947 3289 164 41 friends
1140 3288 142 42 would
1309 3287 183 42 mistake

127 3350 85 40 this
242 3361 155 39 person
433 3350 66 39 for
530 3349 193 51 yourself
754 3349 152 41 should
937 3348 101 52 they
1068 3353 116 36 meet
1212 3347 89 42 him
1334 3360 54 29 on
1420 3347 72 42 the

126 3415 133 35 street
293 3410 84 39 and
410 3421 84 39 you
527 3409 193 51 yourself
753 3408 141 40 would
928 3413 117 37 stare
1080 3406 100 42 with
1216 3405 278 53 unbelieving

126 3480 102 39 eyes
250 3468 83 41 and
354 3479 202 39 murmur,

184 3542 162 40 Nature
377 3542 39 41 is
444 3540 300 52 mysteriously
774 3540 154 51 simple
960 3552 48 28 or
1038 3538 155 53 simply
1223 3537 269 54 mysterious.

182 3601 88 41 The
302 3600 277 52 philosopher
609 3600 254 41 confronted
892 3599 100 41 with
1024 3599 72 40 the
1129 3598 196 52 question
1358 3597 136 51 might

125 3666 159 46 martyr
311 3660 67 40 his
406 3659 144 42 brains
581 3660 83 40 and
694 3660 113 40 after
835 3659 241 50 protracted
1104 3657 239 52 pondering
1371 3668 121 30 come

125 3726 43 35 to
201 3720 72 40 the
307 3718 267 42 conclusion:

362 3792 120 42 there
513 3792 38 41 is
578 3792 179 51 nothing
785 3805 97 28 new
911 3792 42 41 in
984 3792 86 41 this
1097 3792 146 41 world.
1303 3792 189 42 Doubles

127 3851 163 41 existed
311 3853 233 40 thousands
567 3852 47 40 of
633 3864 124 40 years
779 3863 93 40 ago.
922 3850 117 54 They
1061 3852 108 41 exist
1190 3852 139 51 today.
1375 3850 118 54 They

125 3970 235 54 Copyright
392 3973 118 48 1916,
538 3972 54 52 by
621 3971 139 42 Guido
787 3972 145 41 Bruno

1555 709 85 41 will
1683 711 109 40 exist
1830 717 225 36 tomorrow
2096 714 83 40 and
2220 726 113 28 ever.
2404 715 141 40 How?
2614 715 141 51 Why?
2820 713 95 44 And

1557 767 275 43 wherefore?
1884 769 107 42 That
2015 772 35 40 is
2075 784 24 28 a
2122 778 186 46 mystery
2333 773 45 40 of
2402 778 164 36 nature.

1557 826 209 43 Paintings
1795 827 106 35 That
1927 828 112 35 Look
2064 829 96 35 Like
2187 831 91 34 You

1616 889 117 42 Then
1761 892 94 39 how
1882 905 78 27 can
1988 905 83 38 you
2097 894 99 50 help
2224 894 75 40 but
2324 894 98 40 look
2449 900 43 35 at
2517 896 33 40 it
2575 894 87 42 still
2689 908 47 28 as
2762 906 54 30 an
2841 906 52 31 un-

1557 949 148 40 solved
1739 952 288 48 puzzle—one
2063 953 47 39 of
2143 952 187 41 nature's
2364 953 253 51 pranks—if
2649 965 84 40 you
2766 954 153 41 should

1559 1009 119 40 learn
1713 1009 91 39 that
1835 1021 105 39 your
1973 1009 187 42 likeness
2195 1011 36 40 is
2266 1011 215 42 exhibited
2514 1025 156 38 among
2703 1014 71 40 the
2808 1018 112 37 most

1558 1068 133 49 costly
1721 1066 215 53 paintings
1969 1070 47 38 of
2047 1082 119 28 some
2199 1070 170 41 ancient
2400 1077 159 35 master
2559 1072 129 41 —the
2719 1072 119 50 pride
2872 1073 47 40 of

1559 1136 52 29 an
1644 1132 64 35 art
1739 1127 161 51 gallery
1931 1127 143 41 whose
2107 1140 144 29 owner
2280 1128 100 51 paid
2411 1141 25 28 a
2468 1130 199 41 fabulous
2698 1131 116 50 price
2845 1128 75 44 for

1559 1184 71 40 the
1658 1185 195 40 canvas?

1613 1242 137 42 There
1771 1256 87 28 was
1878 1257 52 28 an
1954 1245 246 42 exihibition
2223 1247 46 40 of
2288 1247 217 52 paintings
2524 1249 53 50 by
2597 1254 323 47 contemporary

1560 1301 183 51 Spanish
1779 1303 144 42 artists
1957 1306 41 39 in
2033 1305 72 40 the
2139 1305 76 41 Art
2249 1306 204 42 institute.
2517 1306 167 53 Among
2717 1308 71 40 the
2822 1320 96 29 can*-

1557 1373 148 28 vasses
1735 1361 214 42 exhibited
1978 1376 86 28 was
2399 1378 24 28 a
2452 1378 143 40 young
2625 1366 183 51 Spanish
2840 1367 79 51 girl

1557 1420 101 40 with
1690 1421 103 40 dark
1822 1421 105 49 hair,
1958 1423 150 50 parted
2138 1423 42 41 in
2211 1424 71 40 the
2312 1423 158 43 middle
2502 1426 84 40 and
2616 1425 202 52 covering
2846 1427 72 40 the

1558 1491 108 28 ears.
1722 1479 89 41 The
1840 1494 150 28 severe
2021 1483 155 51 beauty
2207 1484 47 38 of
2284 1482 153 52 simple
2467 1484 139 52 purity
2637 1486 209 40 attracted
2877 1491 43 36 at

1559 1537 106 50 first,
1687 1538 99 41 then
1807 1540 124 40 made
1951 1541 70 39 the
2043 1541 205 41 onlooker
2267 1548 143 35 return
2431 1548 41 35 to
2494 1544 150 49 glance
2665 1550 43 35 at
2726 1544 33 40 it
2779 1543 139 51 again.

1557 1597 131 50 Many
1715 1598 171 49 praised
1913 1599 32 40 it
1973 1611 47 29 as
2048 1600 71 40 the
2147 1601 95 41 best
2269 1601 194 52 painting
2491 1615 102 27 ever
2621 1602 216 42 exhibited
2864 1605 55 51 by

1559 1655 210 41 Hermoso
1793 1658 221 40 Martinez.

1614 1715 209 40 Martinez
1851 1716 174 51 painted
2348 1720 109 40 from
2489 1733 25 27 a
2541 1720 133 53 living
2703 1722 141 42 model
2874 1722 43 42 in

1555 1772 66 41 his
1656 1774 184 51 Spanish
1873 1776 126 42 home
2033 1783 124 35 town.
2220 1780 125 39 What
2377 1780 254 51 mysterious
2666 1781 251 42 connection

1555 1832 78 42 has
1652 1834 72 39 the
1742 1835 141 40 model
1903 1836 47 38 of
1967 1836 72 40 the
2060 1837 186 49 Spanish
2268 1839 168 50 painter
2454 1841 42 39 in
2517 1841 71 39 the
2608 1841 243 40 mountains
2872 1842 47 40 of

1555 1891 235 42 Andalusia
1821 1894 98 40 with
1952 1895 72 41 the
2055 1897 281 50 proprietress
2367 1899 47 39 of
2446 1910 24 28 a
2501 1899 418 42 delicatessen-store

1557 1962 52 28 on
1636 1951 132 41 North
1794 1953 130 41 Clark
1946 1960 144 44 street,
2115 1954 202 52 Chicago.

1612 2010 104 40 Mrs.
1742 2011 173 52 Skelley
1940 2013 76 40 has
2041 2014 71 41 the
2136 2027 118 28 same
2280 2016 153 51 deeply
2456 2023 66 34 set
2547 2030 99 38 eyes
2672 2030 45 28 as-

1729 2070 161 41 Should
1916 2072 76 40 she
2020 2073 90 39 doff
2136 2074 70 41 the
2233 2074 162 41 clothes
2421 2076 47 39 of
2493 2077 71 39 the
2592 2076 187 52 Chicago
2806 2077 91 41 busi-

1555 2141 101 28 ness
1677 2140 163 30 woman
1865 2133 81 39 and
1967 2131 164 42 discard
2154 2133 109 40 from
2284 2135 78 40 her
2381 2135 117 40 mind
2519 2136 71 40 the
2613 2136 163 40 eternal
2797 2136 98 51 prob-

1559 2188 83 39 lem
1681 2190 45 38 of
1761 2188 158 53 buying
1955 2191 82 39 and
2073 2191 155 51 selling
2263 2193 84 39 and
2383 2192 84 42 live
2504 2195 262 42 somewhere
2804 2207 52 28 on
2895 2208 24 28 a

1557 2247 101 51 high
1691 2248 219 41 mountain
1943 2250 42 40 in
2020 2262 130 39 green
2183 2258 150 33 nature
2365 2253 77 38 her
2475 2266 100 37 eyes
2606 2255 141 39 would
2778 2255 142 51 surely

1557 2307 109 39 have
1687 2307 89 40 that
1797 2309 71 38 far
1887 2321 129 38 away,
2039 2310 173 52 dreamy
2232 2311 98 39 look
2349 2312 135 40 which
2506 2312 149 42 makes
2675 2312 245 43 Martinez's

1558 2365 162 50 picture
1744 2366 252 42 distinctive.

1615 2424 95 41 And
1732 2437 53 28 on
1809 2427 70 40 the
1902 2427 122 40 other
2044 2428 126 49 hand,
2195 2429 36 40 if
2253 2430 70 41 the
2347 2427 183 52 Spanish
2555 2430 192 41 duanitta
2770 2431 152 42 should

1559 2485 217 50 exchange
1797 2486 77 40 her
1894 2486 192 41 mantilla
2107 2484 74 43 for
2202 2489 71 39 the
2296 2488 228 41 shirtwaist
2546 2490 46 39 of
2615 2502 24 27 a
2661 2489 260 51 Chicagoan,

1560 2542 36 40 if
1625 2544 76 39 she
1731 2545 152 40 should
1912 2551 178 45 attempt
2118 2552 41 34 to
2189 2547 84 52 buy
2302 2548 83 39 and
2415 2547 170 51 dispose
2615 2550 46 39 of
2691 2549 103 40 food
2821 2556 48 34 at
2898 2564 24 29 a

1559 2603 144 50 profit,
1733 2604 78 40 her
1841 2604 96 41 face
1966 2605 140 41 would
2135 2616 105 31 soon
2270 2606 118 41 show
2416 2607 72 42 the
2518 2619 119 29 same
2668 2608 229 42 determina-

1559 2662 88 40 tion
1689 2663 82 39 and
1810 2664 70 39 the
1921 2676 118 28 same
2079 2665 108 51 deep
2228 2664 109 43 lines
2376 2666 314 42 characteristic
2731 2669 47 39 of
2818 2669 104 41 Mrs.

1562 2720 210 52 Skelley's
1801 2723 109 40 face.

1558 2778 237 43 Chicagoan
1815 2780 97 35 Like
1934 2795 25 20 a
1981 2782 253 36 Rembrandt

1618 2844 259 40 Rembrandt
1917 2857 105 28 once
2063 2846 174 51 painted
2276 2848 71 42 the
2388 2847 190 43 likeness
2619 2850 47 40 of
2706 2850 216 43 Christian

1562 2902 105 40 Paul
1695 2903 91 41 Van
1818 2905 274 51 Beeresteyn.
2152 2906 36 40 It
2214 2907 117 51 hung
2358 2919 103 30 over
2488 2909 72 40 the
2589 2910 161 40 mantel
2778 2910 47 39 of
2852 2909 71 41 the

1561 2964 210 39 ancestral
1815 2963 92 41 hall
1953 2963 41 41 in
2041 2964 71 41 the
2159 2964 195 42 Chateau
2399 2967 182 50 Maurik,
2627 2980 105 29 near
2775 2968 148 42 Vecht.

1561 3020 216 42 Christian
1807 3022 106 42 Paul
1938 3036 87 28 was
2053 3024 295 51 burgomaster
2374 3027 47 38 of
2449 3027 121 41 Delft
2597 3028 68 40 for
2692 3040 24 28 a
2743 3032 107 36 term
2878 3027 48 41 of

1561 3091 124 39 years
1719 3081 83 40 and
1834 3087 43 34 at
1910 3083 70 40 the
2015 3083 102 40 time
2150 3084 72 40 the
2255 3084 194 53 painting
2481 3097 88 29 was
2602 3086 237 51 originated
2872 3088 54 52 by

1564 3139 258 42 Rembrandt
1846 3142 53 39 he
1925 3143 175 39 seemed
2124 3148 41 34 to
2190 3144 54 40 be
2269 3149 43 35 at
2335 3145 72 40 the
2431 3145 148 51 height
2602 3145 48 42 of
2673 3145 67 41 his
2764 3157 161 30 career.

1564 3198 36 40 It
1629 3211 88 28 was
1748 3198 42 41 in
1829 3201 117 39 1632.
2003 3199 88 42 The
2123 3203 285 52 Beeresteyns
2439 3204 85 40 had
2554 3217 103 29 seen
2689 3204 112 42 their
2832 3206 96 41 best

1563 3257 115 51 days.
1748 3258 249 42 Grandsons
2035 3261 272 50 squandered
2346 3262 72 41 the
2459 3260 201 44 fortunes
2701 3265 47 39 of
2789 3265 138 49 grand

1565 3317 162 40 fathers
1746 3318 93 40 who
1860 3319 83 39 had
1962 3319 204 51 provided
2186 3321 97 40 well
2306 3321 67 40 for
2392 3321 130 41 them.

1622 3380 46 40 In
1706 3382 105 38 1884
1843 3380 71 40 the
1945 3386 200 46 property
2176 3381 46 39 of
2253 3380 71 41 the
2357 3381 70 40 old
2460 3381 148 52 family
2639 3394 89 29 was
2758 3383 94 40 sold
2885 3389 43 35 at

1563 3438 142 52 public
1739 3439 182 41 auction.
1983 3438 169 54 Among
2183 3440 71 41 the
2288 3439 133 42 silver
2453 3441 83 41 and
2568 3441 100 51 gold
2700 3441 85 42 and
2815 3446 114 38 most

1562 3497 197 52 precious
1783 3497 143 52 things
1950 3499 73 42 the
2049 3499 220 50 appraiser
2292 3500 84 39 had
2402 3500 134 40 found
2562 3501 41 40 in
2630 3501 72 41 the
2730 3501 198 42 deserted

1562 3558 110 41 halls
1701 3558 47 40 of
1776 3558 71 40 the
1877 3556 170 42 ancient
2074 3559 132 40 castle
2237 3571 23 27 a
2291 3558 185 51 genuine
2507 3559 276 42 Rembrandt.
2837 3558 89 43 The

1563 3618 109 50 good
1700 3617 226 50 judgment
1956 3617 216 41 Christian
2206 3618 104 39 Paul
2340 3618 83 41 had
2451 3619 146 40 shown
2628 3620 148 51 nearly
2806 3619 121 42 three

1562 3676 195 40 hundred
1781 3688 124 40 years
1930 3676 150 40 before
2107 3677 41 39 in
2175 3676 208 52 selecting
2409 3678 70 40 the
2506 3678 121 41 artist
2651 3684 42 35 to
2718 3677 119 53 paint
2860 3678 67 42 his

1563 3734 189 41 likeness
1772 3741 145 34 meant
1938 3747 23 28 a
1985 3736 170 40 fortune
2178 3742 40 34 to
2239 3736 67 41 his
2329 3737 295 41 descendants.

1619 3794 65 40 An
1717 3794 226 41 American
1974 3806 89 30 was
2094 3795 71 40 the
2195 3795 172 51 highest
2398 3795 150 43 bidder
2579 3803 43 34 at
2653 3798 71 40 the
2757 3798 169 41 auction

1563 3853 104 40 sale.
1729 3853 80 41 For
1838 3851 182 51 $75,000
2050 3854 55 40 he
2136 3854 138 41 called
2305 3855 72 40 the
2407 3855 282 52 masterpiece
2719 3857 67 40 his
2818 3869 109 29 own.

1564 3913 68 40 He
1659 3913 100 40 took
1786 3912 31 42 it
1843 3918 41 35 to
1913 3913 106 41 New
2044 3912 113 41 York
2184 3913 88 40 and
2300 3913 215 43 exhibited
2541 3916 33 41 it
2600 3914 42 42 in
2670 3915 72 41 the
2769 3916 132 40 Metro-

1562 3972 160 50 politan
1743 3984 209 29 museum.
2002 3971 251 42 Thousands
2272 3985 122 30 came
2413 3979 41 35 to
2474 3986 74 29 see
2569 3975 83 40 and
2672 3975 162 41 admire
2855 3976 71 43 the
