3627 5331
862 4072 94 45 304

1249 1061 164 55 THE
1450 1061 257 55 GREAT
1744 1062 408 54 AMERICAN
2192 1061 486 55 BILLPOSTER

1013 1237 109 46 The
1148 1242 78 41 art
1251 1238 54 45 of
1330 1253 29 30 a
1385 1239 182 56 people
1593 1237 42 46 is
1662 1252 29 29 a
1714 1237 290 58 two-edged
2031 1237 188 44 sword:
2247 1237 38 44 it
2312 1236 174 58 spring
2512 1237 139 44 from
2678 1237 86 45 the
2788 1237 180 45 moods
2996 1238 101 44 and

850 1320 191 44 virtues
1082 1319 55 45 of
1177 1319 113 45 that
1330 1319 202 56 people;
1576 1319 102 44 and
1720 1317 39 46 it
1800 1317 171 46 works
2015 1317 216 57 secretly
2273 1317 102 45 and
2418 1315 238 59 mightily
2699 1320 51 41 to
2792 1317 179 45 mould
3014 1317 83 46 the

853 1398 187 47 virtues
1071 1397 54 45 of
1153 1399 111 45 that
1292 1398 197 56 people.
1555 1397 100 46 But
1684 1412 75 30 we
1789 1397 131 46 have
1949 1397 209 45 learned
2188 1397 226 56 recently
2446 1400 51 41 to
2528 1397 185 44 extend
2744 1397 85 45 the
2859 1396 241 56 meaning

850 1478 55 45 of
1120 1477 273 47 inasmuch
1422 1492 53 32 as
1504 1478 218 46 modern
1750 1492 123 31 man
1901 1491 264 44 expresses
2193 1476 211 47 himself
2431 1477 54 45 in
2513 1491 30 31 a
2570 1476 80 46 far
2678 1480 198 54 greater
2904 1474 196 59 variety

850 1559 55 45 of
935 1573 244 32 manners
1212 1559 129 45 than
1371 1558 87 46 did
1492 1558 308 59 prehistoric
1831 1573 57 31 or
1919 1557 234 47 classical
2186 1572 138 30 man.
2375 1556 80 46 An
2485 1557 344 57 ethnological
2863 1557 151 57 study
3047 1555 55 47 of

852 1654 29 31 a
912 1651 164 47 group
1109 1640 127 46 such
1270 1654 55 32 as
1359 1640 87 46 the
1477 1639 299 46 Americans
1819 1633 73 61 (of
1924 1639 86 45 the
2043 1637 188 47 United
2267 1638 163 46 States
2465 1637 53 45 of
2551 1631 254 61 America)
2847 1637 153 46 could
3033 1650 67 31 no

851 1722 177 56 longer
1061 1721 175 46 retrict
1268 1720 137 46 itself
1438 1723 52 43 to
1523 1720 62 46 its
1621 1719 219 58 politics,
1877 1719 277 56 sculpture,
2190 1718 103 45 and
2328 1717 322 58 mythology;
2689 1717 96 53 for,
2823 1716 191 46 thanks
3050 1719 51 42 to

855 1803 86 47 the
979 1802 286 60 aggressive
1303 1802 316 59 application
1657 1801 55 46 of
1748 1800 86 47 the
1871 1805 105 41 arts
2014 1805 51 41 to
2104 1814 115 31 new
2258 1798 307 55 inventions,
2604 1814 76 30 we
2720 1798 109 46 find
2868 1798 111 46 that
3016 1798 86 46 the

853 1883 316 45 automobile
1197 1882 40 46 is
1266 1896 69 31 oil
1362 1883 86 45 the
1476 1883 126 44 road
1632 1887 51 41 to
1711 1881 271 58 becoming
2011 1897 30 30 a
2067 1882 146 56 thing
2242 1881 55 45 of
2320 1882 191 56 beauty
2539 1881 102 44 and
2669 1880 113 44 that
2810 1879 84 44 the
2925 1877 146 45 adver-

850 1960 265 50 tisements
1148 1964 210 45 contain
1391 1965 86 45 the
1511 1963 165 47 fables
1710 1964 54 45 of
1796 1963 102 47 this
1931 1964 197 57 people.
2198 1961 95 47 We
2325 1961 188 54 would,
2549 1961 135 53 thus,
2718 1960 64 45 be
2816 1959 203 56 obliged
3052 1962 51 42 to

855 2043 212 46 observe
1110 2044 88 46 the
1241 2043 199 44 motion
1484 2043 213 58 picture,
1741 2044 86 45 the
1874 2045 185 55 sports,
2105 2043 87 46 the
2236 2042 319 56 machinery,
2602 2041 102 45 and
2750 2053 159 43 many
2957 2037 146 45 other

855 2126 199 55 aspects
1084 2123 54 45 of
1165 2124 86 46 the
1278 2123 207 57 group's
1514 2123 286 46 behaviour
1827 2124 55 45 in
1910 2124 150 45 order
2087 2127 52 42 to
2167 2123 161 58 really
2357 2121 155 46 know
2541 2121 64 45 its
2634 2120 215 46 culture.

988 2225 110 45 The
1138 2229 242 53 prospect
1421 2224 54 45 of
1516 2225 201 44 human
1759 2223 247 47 activities
2048 2223 54 46 in
2143 2222 238 47 America
2422 2222 42 45 is
2509 2221 128 45 such
2678 2235 29 30 a
2749 2219 111 45 rich
2907 2217 196 47 twisted

854 2306 301 45 bottomless
1187 2306 144 57 thing
1363 2306 113 44 that
1506 2305 39 46 it
1574 2305 41 46 is
1648 2306 68 44 all
1746 2319 77 32 we
1854 2319 98 32 can
1981 2305 66 44 do
2079 2308 51 41 to
2163 2306 256 55 segregate
2452 2317 30 30 a
2512 2301 100 46 few
2644 2303 200 55 aspects
2877 2298 55 46 of
2961 2298 142 45 these

855 2384 264 56 activities,
1155 2383 186 56 which,
1376 2385 202 45 studied
1613 2385 54 45 in
1701 2399 68 31 an
1801 2383 267 55 intensive,
2104 2383 247 47 localized
2386 2396 234 39 manner,
2658 2392 119 45 may
2815 2379 134 59 yield
2984 2390 89 34 con-

855 2466 227 46 clusions
1114 2466 247 58 applying
1392 2469 51 42 to
1476 2480 94 31 our
1601 2466 277 58 problems.

992 2567 43 45 It
1078 2567 93 45 has
1216 2566 131 45 been
1390 2566 328 57 complained
1763 2566 114 46 that
1921 2564 237 47 America
2201 2563 142 47 lacks
2390 2579 67 30 an
2502 2562 306 58 indigenous
2856 2566 94 50 art,
2993 2561 112 45 that

856 2644 298 48 Americans
1188 2658 88 33 are
1308 2649 92 41 not
1433 2646 380 46 autocthonous
1848 2645 220 57 enough,
2103 2645 112 44 that
2249 2645 121 56 they
2406 2658 85 31 are
2527 2658 29 30 a
2589 2644 152 44 babel
2776 2642 53 46 of
2863 2640 243 46 different

861 2743 157 31 races.
1093 2728 101 46 But
1234 2728 53 46 in
1327 2728 197 58 reality,
1568 2727 236 46 America
1841 2728 41 44 is
1926 2740 28 32 a
1996 2728 192 55 milieu,
2230 2740 55 32 as
2326 2724 270 47 Professor
2636 2724 335 58 Santayanna
3012 2722 92 45 has

853 2808 163 46 colled
1043 2808 50 54 it,
1121 2823 28 31 a
1177 2808 208 47 distinct
1766 2808 103 44 and
2328 2805 86 46 the
2440 2805 298 58 expression
2765 2805 55 44 of
2846 2819 29 30 a
2901 2806 205 55 present

861 2888 235 48 material
1567 2904 55 31 so
1651 2889 114 46 that
1943 2887 325 58 immigrants
2299 2890 51 42 at
2379 2901 127 31 once
2538 2887 98 45 feel
2667 2886 308 45 themselves
3005 2885 101 44 and

861 2972 226 58 actually
1116 2971 213 45 become
1358 2970 193 59 typical
1582 2969 314 54 Americans,
1929 2982 143 33 more
2102 2967 211 47 instinct
2343 2967 125 45 with
2500 2981 67 31 an
2597 2965 286 60 aggressive
2914 2965 160 45 Ameri-

862 3051 200 47 canism
1099 3053 129 45 than
1265 3052 88 46 the
1391 3051 198 46 natives
1628 3050 54 46 of
1722 3050 137 59 Gape
1899 3049 107 47 Cod
2044 3064 57 31 or
2141 3049 85 45 the
2265 3062 129 45 poor
2433 3047 182 45 whites
2655 3047 54 45 of
2747 3047 86 45 the
3092 3042 14 23 1

860 3131 108 47 The
1004 3131 260 58 difficulty
1303 3146 97 31 can
1438 3131 63 45 be
1540 3129 163 46 found
1741 3129 252 58 precisely
2031 3140 189 46 among
2259 3128 148 46 those
2445 3126 183 58 Thirty
2668 3125 299 46 Americans
3015 3120 69 59 (in-

861 3210 306 59 tellectuals)
1209 3212 117 46 who
1363 3211 326 46 contributed
1727 3214 51 43 to
2208 3208 55 48 in
2298 3209 87 46 the
2423 3208 188 46 United
2935 3207 44 45 It
3016 3206 90 44 has

863 3297 91 42 not
975 3294 129 45 been
1128 3293 268 59 perceived
1419 3293 69 58 by
1512 3293 143 45 them
1678 3292 112 45 that
1813 3292 142 45 there
1979 3291 42 45 is
2047 3305 67 30 an
2137 3290 262 45 informed
2716 3288 360 47 environment
3082 3286 8 17 5

866 3374 266 58 moulding
1172 3374 104 44 and
1313 3372 281 58 launching
1633 3373 86 45 the
1759 3370 272 46 American
2069 3374 135 55 type.
2988 3368 118 57 they

864 3468 104 44 cry,
1305 3453 62 45 be
1424 3451 242 45 removed
1723 3451 137 44 from
1920 3450 135 59 sight
2111 3450 125 45 with
2294 3451 69 44 all
2418 3449 225 58 possible
2901 3445 16 23 2
2976 3449 130 44 That

862 3534 120 57 they
1018 3534 174 44 would
1227 3531 201 46 abolish
1466 3531 85 46 the
1587 3530 266 56 billposter
1888 3529 41 45 is
1965 3529 171 55 ample
2170 3528 154 58 proof
2358 3528 54 45 of
2447 3528 132 45 their
2616 3528 185 45 failure
2836 3531 51 42 to
2924 3527 152 45 under-

866 3617 150 44 stand
1053 3616 85 45 the
1175 3612 297 48 unaffected
1507 3612 188 58 beauty
1733 3611 103 44 and
1871 3610 220 45 wisdom
2127 3609 55 46 of
2216 3610 86 45 the
2339 3608 273 46 American
2650 3610 192 45 milieu.

1021 3774 16 23 1
1078 3773 210 47 Marginal
1330 3771 132 37 Notes
1504 3782 54 26 on
1602 3769 265 39 Civilization
1908 3770 42 35 in
1993 3767 71 37 the
2105 3766 152 38 United
2297 3766 150 46 States,
2490 3766 53 47 by
2586 3766 42 38 G.
2672 3766 288 46 Santayanna,
2999 3764 104 46 Dial

861 3827 122 46 June,
1016 3827 113 37 1922.

1021 3880 17 24 2
1082 3879 264 38 Civilization
1390 3880 41 36 in
1474 3877 70 38 the
1586 3876 153 39 United
1780 3876 149 46 States,
1967 3875 65 36 An
2072 3874 177 46 Inquiry
2290 3873 53 47 by
2386 3872 148 47 Thirty
2572 3872 261 44 Americans,
2875 3871 140 38 edited
3057 3871 51 47 by

863 3935 164 38 Harold
1054 3936 172 37 Stearns
1253 3936 249 45 (Harcourt,
1531 3934 134 36 Brace
1692 3932 85 38 and
1805 3932 234 45 Company,
2065 3931 104 35 New
2197 3928 149 46 York.)
