3627 5331
2713 4225 92 45 287

548 901 330 73 proximity
906 904 66 55 of
995 904 103 55 the
1125 909 191 50 storm
1343 906 124 54 and
1493 903 164 57 cried
1682 909 128 50 out:
2133 919 115 38 can
2274 901 144 70 they
2445 901 75 53 be
2545 898 181 74 going
2753 903 59 50 at

547 1016 65 38 so
647 999 264 57 reckless
947 1018 37 37 a

709 1095 277 72 Plunged
1016 1096 63 55 in
1109 1095 262 73 thought
1400 1113 90 37 we
1522 1094 132 55 said
1685 1092 273 72 nothing,
1990 1092 110 54 but
2130 1093 81 53 let
2241 1091 306 55 ourselves
2577 1090 76 54 be
2685 1107 95 38 car-

548 1190 130 57 ried
703 1212 82 37 on
812 1194 102 54 the
939 1191 191 74 wings
1156 1193 66 55 of
1247 1210 113 37 our
1388 1190 234 56 furious
1648 1205 281 57 passage;
1958 1188 103 55 the
2089 1187 206 64 fisher,
2326 1185 203 72 seeing
2554 1203 71 37 us
2652 1202 157 53 pass,

548 1287 160 58 swift
742 1306 66 39 as
842 1289 383 64 albatrosses,
1261 1290 124 53 and
1416 1285 336 73 imagining
1785 1287 78 53 he
1895 1302 144 47 sees,
2076 1283 193 73 flying
2301 1282 212 55 before
2547 1280 130 55 him
2709 1281 103 54 the

556 1391 114 48 two
731 1388 366 68 mysterious
1161 1385 295 68 brothers,
1520 1401 65 38 as
1644 1384 145 69 they
1845 1399 157 37 were
2063 1380 213 64 called,
2337 1379 264 54 because
2659 1377 144 69 they

552 1498 156 37 were
751 1481 228 68 always
1021 1480 292 71 together,
1360 1478 247 72 quickly
1649 1479 214 54 makes
1905 1478 103 55 the
2051 1476 132 73 sign
2226 1476 66 54 of
2332 1474 102 55 the
2477 1490 164 39 cross
2685 1472 123 55 and

548 1574 173 56 hides
753 1574 248 53 himself
1030 1576 124 53 and
1183 1573 94 56 his
1308 1575 327 69 paralysed
1667 1575 118 69 dog
1813 1572 232 55 behind
2076 1589 168 38 some
2275 1572 151 69 deep
2458 1570 165 54 rock.
2684 1568 128 53 The

548 1667 232 57 natives
818 1668 67 55 of
918 1667 119 57 this
1075 1669 173 68 place
1285 1667 157 55 have
1476 1667 194 54 heard
1707 1673 242 65 strange
1984 1665 204 72 things
2222 1666 129 54 told
2386 1665 67 55 of
2486 1665 170 53 these
2692 1667 119 50 two

548 1763 233 69 people,
814 1762 139 55 who
985 1762 180 54 cloud
1194 1763 374 69 enwrapped
1597 1778 231 54 appear
1857 1780 80 35 on
1967 1761 190 64 earth,
2190 1765 62 49 at
2280 1759 244 72 periods
2552 1758 67 54 of
2645 1762 166 67 great

547 1855 311 71 calamity;
892 1875 44 36 w
937 1876 10 14 T
951 1858 122 52 hen
1106 1874 168 37 some
1306 1856 283 72 frightful
1619 1873 127 36 war
1763 1855 310 54 threatens
2090 1859 61 49 to
2170 1855 173 70 plant
2358 1853 74 55 its
2450 1854 282 68 harpoon
2749 1849 59 55 in

548 1952 102 54 the
676 1952 168 55 chest
870 1951 66 55 of
960 1956 119 50 two
1106 1950 153 55 rival
1284 1949 323 65 countries,
1636 1968 69 36 or
1731 1950 179 54 when
1936 1949 247 55 cholera
2207 1947 147 55 with
2378 1947 74 55 its
2479 1946 170 71 sling,
2680 1962 98 53 pre-

548 2063 177 53 pares
757 2052 62 49 to
852 2046 140 54 hurl
1023 2044 414 72 putrefaction
1470 2046 124 53 and
1627 2045 185 54 death
1844 2061 169 53 upon
2043 2043 198 55 whole
2274 2041 183 55 cities.
2493 2041 129 53 The
2653 2043 159 49 most

550 2139 243 56 ancient
813 2140 299 55 wreckers
1137 2139 133 57 knit
1293 2139 157 56 their
1473 2140 216 64 brows,
1715 2137 148 57 with
1889 2156 35 36 a
1948 2136 230 57 serious
2204 2135 106 66 air,
2337 2133 319 72 affirming
2678 2133 134 54 that

548 2236 102 54 the
678 2240 118 52 two
825 2235 332 71 phantoms
1187 2236 67 54 of
1279 2236 205 53 whom
1515 2235 150 54 each
1696 2234 221 72 during
1945 2232 358 56 hurricanes
2333 2231 126 54 had
2486 2229 326 55 remarked

544 2328 104 55 the
673 2335 132 49 vast
831 2331 222 69 spread
1078 2330 66 54 of
1167 2331 103 53 the
1296 2329 181 56 black
1504 2328 189 72 wings
1721 2328 193 55 above
1939 2328 104 55 the
2069 2328 155 54 sand
2249 2325 204 56 shoals
2481 2324 125 55 and
2630 2322 176 62 reefs,

550 2429 156 37 were
745 2412 102 54 the
886 2411 212 72 genius
1138 2411 66 55 of
1242 2412 174 54 earth
1457 2412 124 54 and
1620 2411 102 54 the
1761 2410 212 72 genius
2012 2410 66 54 of
2116 2409 103 54 the
2259 2425 117 46 sea,
2421 2405 194 72 airing
2653 2403 159 56 their

549 2506 260 70 majesty
834 2505 63 55 in
919 2507 104 54 the
1047 2507 112 69 sky
1185 2505 221 73 during
1429 2506 104 54 the
1557 2510 168 66 great
1747 2503 373 57 revolutions
2145 2502 65 55 of
2232 2507 234 58 nature,
2494 2499 211 55 united
2728 2499 80 68 by

549 2617 80 37 an
660 2603 231 53 eternal
923 2600 207 72 amity,
1165 2601 206 55 whose
1399 2600 189 71 rarity
1622 2601 124 54 and
1776 2617 252 37 renown
2058 2599 125 55 had
2213 2596 266 72 brought
2512 2595 166 55 forth
2708 2593 101 55 the

549 2694 447 59 astonishment
1029 2698 66 54 of
1128 2698 238 55 endless
1399 2694 161 58 links
1594 2696 67 55 of
1692 2693 402 74 generations.

711 2811 52 57 It
792 2830 124 39 was
947 2812 132 56 said
1108 2812 150 66 that,
1294 2812 193 74 flying
1518 2812 128 56 side
1675 2813 81 68 by
1788 2810 128 56 side
1945 2809 121 55 like
2095 2815 120 50 two
2249 2808 254 55 Andean
2536 2806 273 55 Condors

549 2906 144 72 they
719 2907 177 56 loved
924 2913 61 50 to
1016 2908 188 55 hover
1230 2908 64 55 in
1323 2907 346 56 concentric
1697 2907 210 56 circles
1936 2922 225 55 among
2188 2905 103 54 the
2321 2908 188 50 strata
2537 2902 66 55 of
2630 2901 89 55 air
2747 2901 62 54 in

549 3003 103 54 the
679 3001 511 73 neighbourhood
1217 3004 67 54 of
1309 3005 103 53 the
1442 3021 137 47 sun;
1610 3003 134 54 that
1772 3002 63 54 in
1863 3002 173 55 those
2063 3007 168 64 parts
2259 3001 143 68 they
2433 2999 137 54 feed
2599 3016 80 35 on
2707 2996 103 55 the

549 3105 209 62 purest
796 3115 244 39 essence
1078 3100 67 53 of
1178 3098 168 73 light,
1387 3100 109 54 but
1532 3099 134 54 that
1703 3098 144 69 they
1887 3098 143 69 only
2072 3095 210 56 decide
2320 3095 146 54 with
2506 3093 302 69 difficulty

550 3199 61 50 to
656 3195 185 54 lower
885 3195 103 54 the
1031 3195 177 71 angle
1253 3195 66 55 of
1361 3194 159 55 their
1563 3193 248 56 vertical
1857 3192 178 72 flight
2078 3192 265 54 towards
2388 3190 104 55 the
2536 3187 273 57 terrified

549 3289 159 54 orbit
730 3290 203 54 where
956 3295 173 50 turns
1153 3290 103 54 the
1277 3289 215 72 raging
1515 3291 237 53 human
1775 3289 192 72 globe,
1994 3287 336 72 populated
2352 3286 79 69 by
2459 3285 164 55 cruel
2647 3284 162 55 souls

553 3385 138 54 who
714 3403 307 37 massacre
1043 3385 151 55 each
1216 3385 176 55 other
1414 3384 63 55 in
1501 3385 173 53 fields
1694 3384 204 55 where
1921 3383 218 55 battles
2161 3399 143 38 roar
2334 3378 201 73 (when
2556 3380 145 69 they
2728 3380 77 53 do

553 3486 106 49 not
686 3479 105 55 kill
820 3482 152 54 each
1000 3482 174 53 other
1201 3481 272 69 secretly,
1502 3479 63 55 in
1592 3481 104 53 the
1721 3479 206 55 hearts
1954 3478 67 55 of
2043 3483 212 59 towns,
2284 3476 147 56 with
2460 3477 254 71 daggers
2741 3474 66 55 of

543 3576 141 54 hate
706 3593 69 37 or
797 3572 321 75 ambition)
1150 3576 124 55 and
1293 3576 139 55 who
1457 3576 139 54 feed
1617 3592 80 38 on
1719 3573 211 73 beings
1952 3573 113 56 full
2089 3572 66 57 of
2175 3571 106 56 life
2304 3570 120 56 like
2445 3571 364 55 themselves

547 3671 123 54 and
695 3672 217 70 placed
936 3689 37 38 a
997 3671 117 56 few
1139 3672 247 71 degrees
1410 3672 185 54 lower
1617 3670 63 55 in
1704 3670 103 55 the
1832 3670 160 55 scale
2017 3669 67 56 of
2107 3668 319 56 existence.
2475 3668 83 54 Or
2582 3666 223 62 rather,

546 3767 179 55 when
747 3768 144 70 they
916 3769 182 53 make
1123 3785 35 37 a
1182 3768 139 53 firm
1344 3766 351 64 resolution,
1721 3766 64 54 in
1807 3767 180 53 order
2008 3771 62 49 to
2094 3764 221 55 induce
2339 3781 147 36 man
2510 3768 62 48 to
2596 3765 214 66 repent

544 3861 80 71 by
652 3863 103 53 the
786 3862 279 70 strophes
1094 3862 67 55 of
1188 3861 157 55 their
1375 3860 377 71 prophecies,
1785 3865 60 50 to
1874 3858 189 65 swim,
2093 3857 146 56 with
2268 3858 159 70 huge
2459 3857 233 54 strokes
2721 3860 58 49 to-

548 3957 196 56 wards
774 3957 103 55 the
909 3956 258 56 sidereal
1199 3955 240 71 regions
1470 3956 204 55 where
1706 3974 35 37 a
1772 3956 208 66 planet
2012 3972 208 36 moves
2250 3952 64 55 in
2347 3953 185 54 dense
2564 3951 209 55 exhala-

545 4051 158 57 tions
729 4053 68 55 of
819 4052 257 65 avarice,
1104 4051 190 71 pride,
1323 4069 203 38 curses
1553 4052 123 54 and
1702 4049 389 73 swaggering,
2118 4048 202 56 which
2343 4048 118 55 rise
2485 4047 121 54 like
2630 4045 177 73 pesti-
