3627 5331
843 4133 98 47 290

832 821 24 55 I
889 819 201 57 raised
1122 834 103 56 my
1260 815 161 57 head
1452 813 121 57 like
1609 831 37 38 a
1678 810 239 57 vessel's
1950 827 169 54 prow
2151 807 175 56 lifted
2358 824 82 38 on
2473 824 37 38 a
2541 807 159 71 huge
2733 820 186 50 wave,
2957 802 122 56 and

833 917 133 56 said
993 923 62 50 to
1083 913 154 56 him:
1454 929 124 55 you
1605 907 245 73 crying?
1901 907 26 55 I
1956 906 110 55 ask
2094 920 140 56 you,
2266 901 146 72 king
2438 901 66 55 of
2532 919 167 37 snow
2727 901 123 54 and
2880 899 119 71 fog.
3049 896 26 55 I

829 1014 78 53 do
928 1016 107 50 not
1057 1027 97 38 see
1175 1014 160 51 tears
1357 1024 168 55 upon
1546 1022 154 55 your
1723 1003 150 64 face,
1898 1000 341 56 handsome
2262 1014 65 37 as
2347 996 104 55 the
2473 1000 204 50 cactus
2700 995 231 64 flower;
2957 992 122 56 and

832 1124 155 53 your
1018 1104 115 57 lids
1164 1121 103 38 are
1299 1103 112 70 dry
1445 1120 64 38 as
1540 1100 104 55 the
1673 1099 149 55 beds
1855 1096 67 57 of
1952 1098 285 60 torrents;
2272 1092 111 54 but
2414 1090 152 70 deep
2599 1089 64 54 in
2694 1106 155 53 your
2882 1106 138 52 eyes
3053 1087 26 54 I

833 1200 239 56 discern
1103 1219 35 37 a
1167 1205 103 50 vat
1301 1198 112 55 full
1442 1197 67 54 of
1536 1194 203 65 blood,
1770 1190 203 58 which
2002 1191 134 69 laps
2165 1205 83 54 up
2280 1185 350 64 innocence,
2663 1183 191 55 bitten
2883 1183 64 54 in
2976 1183 104 55 the

836 1299 155 55 neck
1024 1298 80 68 by
1137 1312 116 37 one
1285 1293 67 55 of
1381 1293 104 55 the
1515 1292 166 69 large
1713 1285 332 73 scorpions.
2120 1284 48 54 A
2202 1288 209 66 strong
2440 1279 166 57 wind
2638 1295 227 53 sweeps
2899 1279 178 54 down

834 1409 81 38 on
942 1393 102 54 the
1072 1389 113 55 fire
1210 1387 202 55 which
1437 1402 223 38 warms
1687 1383 103 56 the
1816 1386 104 51 vat
1946 1382 123 54 and
2096 1382 250 52 scatters
2373 1376 103 55 the
2504 1374 155 55 dark
2688 1373 216 55 flames
2932 1390 149 36 even

838 1487 236 56 outside
1100 1505 155 53 your
1282 1486 214 56 sacred
1524 1482 205 58 orbits.
1779 1482 26 54 I
1832 1482 156 54 have
2014 1484 111 67 put
2149 1496 105 52 my
2281 1475 137 56 hair
2443 1480 62 50 to
2533 1490 154 54 your
2713 1488 140 52 rosy
2880 1469 198 54 brows

839 1585 123 53 and
1005 1584 25 53 I
1072 1582 156 55 have
1270 1581 176 55 smelt
1488 1597 80 39 an
1610 1580 196 54 odour
1847 1576 68 56 of
1954 1573 267 72 burning
2262 1572 261 55 because
2563 1567 144 70 they
2751 1582 103 38 are
2893 1564 148 54 burn-

837 1678 118 72 ing.
1011 1679 152 54 Shut
1192 1694 156 53 your
1377 1692 156 54 eyes,
1568 1691 68 38 or
1666 1674 120 54 else
1815 1689 155 54 your
2001 1670 135 55 face
2166 1665 274 59 calcined
2468 1663 122 55 like
2619 1658 274 59 volcanic
2921 1659 155 61 lava,

834 1771 121 55 will
984 1772 108 54 fall
1118 1770 63 55 in
1210 1769 238 56 cinders
1474 1768 128 56 into
1629 1768 103 55 the
1760 1768 169 70 palm
1957 1765 66 56 of
2048 1781 104 53 my
2457 1758 135 54 And
2619 1757 77 53 he
2723 1752 247 71 turning
2998 1757 56 49 to-

834 1866 199 55 wards
1060 1882 116 47 me,
1209 1865 256 55 careless
1494 1862 67 56 of
1585 1862 104 56 the
1717 1860 161 56 reins
1907 1858 63 56 in
1998 1856 95 57 his
2122 1856 186 64 hand,
2340 1852 222 57 looked
2592 1856 61 50 at
2682 1866 98 38 me
2806 1846 276 68 tenderly

838 1961 178 56 while
1050 1961 209 71 slowly
1292 1960 77 55 he
1402 1958 264 56 lowered
1701 1957 123 54 and
1856 1954 202 57 raised
2091 1951 94 57 his
2219 1948 253 73 lily-like
2507 1946 132 65 lids,
2676 1944 120 55 like
2830 1942 103 55 the
2969 1938 114 56 ebb

837 2057 124 54 and
990 2056 143 55 flow
1158 2055 67 55 of
1250 2055 103 54 the
1381 2070 120 39 sea.
1555 2051 92 56 He
1674 2051 190 70 really
1890 2047 244 58 wanted
2159 2051 63 51 to
2248 2044 172 72 reply
2446 2048 62 49 to
2535 2058 104 52 my
2668 2036 216 72 daring
2911 2051 137 55 ques-

837 2149 129 58 tion
998 2152 123 54 and
1152 2149 119 56 this
1303 2148 49 56 is
1384 2146 140 58 how
1554 2148 77 54 he
1663 2144 106 57 did
1798 2144 68 56 it:
2101 2159 80 37 no
2214 2137 297 58 attention
2543 2141 62 50 to
2635 2150 118 38 me.
2816 2133 169 53 Even
3018 2146 65 37 as

840 2248 103 55 the
972 2246 171 55 mists
1175 2244 66 56 of
1268 2243 187 57 rivers
1485 2243 182 55 crawl
1700 2241 181 70 along
1906 2239 104 54 the
2041 2237 197 70 slopes
2269 2234 67 55 of
2363 2232 138 56 hills
2534 2231 138 63 and,
2705 2244 151 40 once
2887 2232 61 49 at
2977 2225 104 55 the

841 2343 266 66 summit,
1144 2344 137 70 leap
1314 2342 128 55 into
1475 2341 103 55 the
1612 2338 89 57 air
1735 2336 268 72 forming
2036 2335 226 63 clouds,
2300 2350 65 37 so
2398 2348 154 54 your
2584 2323 384 75 inquietudes
3002 2336 80 38 on

828 2458 105 53 my
958 2442 259 54 account
1237 2436 157 55 have
1414 2431 333 72 insensibly
1769 2428 427 60 accumulated
2215 2426 147 56 with
2383 2443 79 37 no
2484 2420 359 59 reasonable
2867 2426 217 45 excuse

842 2536 124 54 and
1006 2533 162 55 form
1208 2533 192 54 above
1439 2548 155 54 your
1631 2529 162 55 head
1829 2527 104 55 the
1973 2523 287 57 deceitful
2297 2521 165 69 body
2502 2518 66 56 of
2607 2534 37 37 a
2683 2511 402 58 disconsolate

839 2627 248 72 mirage.
1129 2628 25 55 I
1177 2643 208 39 assure
1404 2642 123 54 you
1547 2625 170 55 there
1738 2622 50 56 is
1806 2640 82 37 no
1911 2619 113 56 fire
2043 2618 63 56 in
2127 2635 105 53 my
2255 2633 156 53 eyes,
2435 2611 236 73 though
2692 2611 24 52 I
2738 2610 157 53 have
2917 2607 170 53 there

844 2742 36 37 a
920 2723 221 72 feeling
1181 2740 65 38 as
1284 2722 50 54 if
1369 2739 105 52 my
1514 2719 159 56 skull
1711 2734 157 39 were
1906 2714 269 73 plunged
2212 2712 129 56 into
2382 2727 37 38 a
2457 2709 228 55 helmet
2724 2704 66 55 of
2829 2699 257 74 glowing

842 2819 180 54 coals.
1075 2817 164 70 Why
1268 2817 78 55 do
1374 2833 122 53 you
1519 2813 152 56 wish
1701 2812 96 55 for
1822 2812 104 55 the
1954 2809 157 55 flesh
2138 2806 67 57 of
2228 2823 105 54 my
2360 2804 334 55 innocence
2719 2804 63 50 to
2809 2795 124 56 boil
2959 2795 64 54 in
3053 2812 34 36 a

841 2918 117 59 vat,
993 2911 165 56 since
1190 2912 24 54 I
1247 2910 149 56 hear
1426 2910 144 70 only
1601 2924 144 54 very
1779 2905 155 56 faint
1965 2904 124 56 and
2120 2900 297 58 confused
2448 2896 150 57 cries
2628 2893 201 56 which
2863 2892 96 53 for
2989 2906 98 38 me

842 3025 103 37 are
971 3008 109 55 but
1106 3006 103 54 the
1234 3004 322 73 moanings
1582 3004 67 55 of
1673 3002 103 56 the
1801 2999 165 57 wind
1990 2996 202 58 which
2219 3011 207 56 passes
2451 3009 144 38 over
2622 3007 111 37 our
2758 2988 226 54 heads?
3037 2984 51 53 It

841 3103 49 56 is
913 3110 107 49 not
1043 3101 264 74 possible
1329 3101 134 55 that
1485 3116 169 39 some
1677 3094 283 73 scorpion
1982 3094 114 55 has
2121 3091 166 56 fixed
2310 3088 94 57 his
2426 3088 185 55 home
2636 3085 123 54 and
2782 3081 94 57 his
2903 3081 183 68 sharp

842 3199 180 54 claws
1054 3198 150 71 deep
1236 3196 64 56 in
1328 3212 105 54 my
1465 3194 240 55 hacked
1733 3190 182 66 orbit;
1949 3189 26 55 I
2005 3187 178 57 think
2214 3184 206 57 rather
2450 3182 134 56 that
2614 3185 206 64 strong
2850 3176 239 72 pincers

844 3293 182 55 crush
1052 3310 106 53 my
1186 3290 161 72 optic
1375 3306 232 38 nerves.
1665 3285 419 57 Nevertheless
2112 3283 25 53 I
2167 3299 102 38 am
2296 3279 146 57 with
2468 3294 124 54 you
2618 3275 64 55 in
2708 3275 103 54 the
2840 3269 251 73 opinion

847 3391 132 54 that
1023 3389 103 54 the
1170 3387 187 55 blood
1399 3384 202 57 which
1668 3383 116 54 fills
1847 3380 104 56 the
2016 3394 227 54 copper
2286 3392 125 38 was
2479 3375 212 53 drawn
2757 3369 162 55 from
2984 3382 102 53 my

844 3480 167 58 veins
1043 3482 82 71 by
1158 3498 79 37 an
1269 3478 277 57 invisible
1579 3475 402 65 executioner,
2015 3472 179 57 while
2227 3472 25 53 I
2287 3471 155 69 slept
2473 3469 116 53 last
2620 3464 190 72 night.
2876 3463 25 52 I
2937 3462 154 52 have

846 3577 258 57 awaited
1127 3595 123 54 you
1276 3594 37 37 a
1334 3578 143 68 long
1501 3573 162 65 time,
1689 3571 256 56 beloved
1970 3587 111 37 son
2105 3568 67 55 of
2193 3566 104 55 the
2323 3580 214 47 ocean;
2565 3561 124 55 and
2711 3577 105 51 my
2842 3555 249 72 languid

843 3691 164 39 arms
1030 3672 272 73 engaged
1322 3670 64 56 in
1408 3669 142 56 vain
1573 3668 244 55 combat
1836 3685 44 36 w
1881 3685 9 15 T
1893 3665 89 55 ith
2004 3662 130 56 him
2154 3662 138 55 who
2314 3658 363 57 introduced
2696 3654 248 57 himself
2965 3653 126 54 into

845 3770 104 55 the
972 3767 293 56 vestibule
1289 3767 67 56 of
1377 3784 104 53 my
1506 3765 191 55 house
1724 3806 92 13 ...
1864 3761 114 55 Yes
2004 3760 24 54 I
2054 3758 116 56 feel
2194 3757 134 55 that
2351 3773 103 53 my
2480 3752 171 73 spirit
2675 3751 49 55 is
2749 3751 141 55 shut
2914 3748 148 72 tight-

845 3865 61 69 ly
936 3863 213 55 within
1179 3864 103 53 the
1311 3861 219 55 locked
1561 3859 180 55 doors
1773 3857 67 55 of
1867 3874 105 53 my
2004 3854 164 71 body
2200 3853 124 55 and
2352 3867 144 54 may
2528 3854 106 50 not
2666 3863 215 53 escape
2912 3850 60 49 to
3005 3844 86 69 fly

849 3960 95 54 far
971 3959 161 55 from
1156 3958 174 56 those
1356 3955 209 56 shores
1590 3954 221 55 beaten
1835 3953 81 71 by
1942 3951 103 56 the
2070 3950 237 54 human
2330 3964 119 48 sea,
2479 3963 113 37 nor
2617 3946 210 69 longer
2852 3941 239 56 witness
