3627 5331
951 736 111 47 The
1104 736 380 61 craftmanship
1530 737 56 48 of
1629 737 103 49 this
1776 741 238 57 example
2058 739 43 48 is
2146 742 264 56 excellent,
2455 745 279 60 beginning
2779 747 126 47 with
2949 747 86 45 the

782 821 276 46 statement
1113 819 56 47 of
1210 833 30 32 a
1280 821 207 58 general
1545 819 256 61 principle
1855 822 106 46 and
2019 821 192 61 ending
2267 822 56 47 in
2380 838 31 32 a
2451 827 197 57 perfect
2687 827 234 61 triumph
2980 828 55 47 of

776 894 299 59 precisions.
1123 898 110 48 The
1262 912 142 34 same
1431 913 208 45 process
1666 915 100 33 can
1792 901 65 48 be
1883 903 158 47 noted
2065 903 56 47 in
2148 903 86 47 the
2262 903 287 62 following:

1297 998 488 78 VfENICE
1837 1008 73 65 at
1961 995 135 78 her
2144 995 169 78 best
2352 1027 158 47 was

1428 1101 352 90 French,
1846 1132 95 47 so
2007 1108 232 71 Paris
2301 1105 210 95 only

1299 1208 374 80 borrows
1715 1210 221 78 from
1971 1211 151 78 her
2157 1242 182 49 own
2376 1213 134 78 for

1295 1316 144 78 the
1492 1347 181 47 new
1707 1325 417 73 Venetian
2174 1320 334 79 silhou*

1297 1438 188 65 ette.
1543 1425 196 79 Like
1790 1457 42 47 a
1880 1426 220 80 little
2140 1428 368 97 glimpse

1299 1533 95 80 of
1436 1538 307 75 Venice
1802 1548 79 65 at
1937 1535 151 78 her
2146 1540 362 74 carnival

1295 1650 202 71 time
1556 1672 236 49 come
1849 1643 286 80 frocks
2196 1647 95 77 of
2335 1647 173 77 soft

1295 1780 216 66 crepe
1563 1753 186 76 silks
1793 1784 87 47 or
1922 1753 295 80 chiffon
2259 1755 249 80 velvet

1295 1858 244 78 fitted
1590 1860 288 96 slimly
1917 1877 90 63 to
2051 1863 144 77 the
2230 1872 275 69 waist*

1295 1967 166 77 line
1521 1970 167 76 and
1746 1970 318 95 flaring
2113 1978 88 72 in
2254 2002 254 66 every

1297 2077 424 79 direction
1809 2080 309 91 below;
2206 2082 300 78 taffeta

1295 2185 310 78 dinner
1663 2216 95 49 or
1807 2195 361 88 evening
2215 2188 290 78 frocks

1294 2295 201 76 with
1541 2293 288 80 frilled
1868 2295 401 97 basques;
2323 2297 182 78 also

1294 2402 305 78 frocks
1665 2403 98 78 of
1824 2405 135 78 Ch
1975 2412 233 71 emit
2264 2407 239 78 wool

1294 2514 201 76 twill
1549 2514 204 77 with
1810 2515 356 78 circular
2222 2519 279 78 skirts.

942 2641 110 45 The
1094 2641 252 58 language
1388 2641 56 46 of
1483 2642 220 48 modern
1743 2647 182 56 poetry
1967 2646 240 47 becomes
2251 2647 121 48 thus
2414 2647 245 49 enriched
2701 2650 69 58 by
2813 2651 86 45 the
2940 2664 89 32 use

776 2723 55 45 of
872 2722 259 47 technical
1176 2723 324 60 expressions
1547 2726 106 46 and
1697 2740 180 33 names
1925 2727 173 46 which
2145 2728 133 47 have
2322 2729 231 47 attained
2600 2729 330 60 significance
2976 2731 52 47 in

773 2797 252 48 America.
1096 2800 111 49 One
1241 2806 142 43 must
1414 2803 146 46 work
1594 2817 146 34 more
1773 2805 323 61 cnunningly
2128 2806 55 47 in
2215 2808 232 59 devising
2482 2824 29 32 a
2545 2823 170 45 poem,
2752 2811 277 57 arranging

773 2880 64 47 its
873 2882 330 59 typography
1238 2884 104 46 and
1377 2883 64 47 its
1478 2888 190 52 stance,
1705 2886 130 47 than
1869 2886 89 47 did
1995 2901 95 32 our
2124 2889 375 58 predecessors.
2571 2889 115 48 And
2721 2892 155 46 when
2912 2891 40 48 it
2987 2892 42 47 is

773 2961 356 49 remembered
1160 2963 114 48 that
1306 2963 143 48 these
1480 2978 123 33 men
1634 2971 142 42 must
1806 2967 229 57 produce
2066 2983 116 32 new
2212 2972 200 55 aspects
2447 2970 54 46 of
2533 2971 88 46 the
2653 2985 143 33 same
2830 2971 200 59 subject

772 3044 296 58 constantly
1109 3044 104 46 and
1257 3043 213 62 freshly,
1514 3045 88 48 the
1644 3046 313 48 formidable
2001 3049 250 48 intellects
2295 3055 53 42 at
2391 3050 147 47 work
2581 3066 98 33 can
2722 3052 64 47 be
2830 3053 197 46 sensed.

774 3124 43 47 It
849 3125 43 47 is
924 3140 30 32 a
985 3124 233 63 thrilling
1246 3126 253 56 business,
1533 3143 30 32 a
1596 3127 312 63 fascinating
1941 3142 170 47 genre,
2146 3132 105 45 and
2281 3130 38 48 it
2351 3131 43 47 is
2426 3146 122 46 easy
2578 3137 54 43 to
2664 3146 82 34 see
2781 3135 120 58 why
2935 3149 94 33 our

775 3201 261 50 literature
1070 3206 42 46 is
1144 3221 57 32 so
1237 3206 384 59 impoverished
1654 3210 104 46 and
1792 3210 172 47 where
1998 3211 87 46 the
2119 3213 220 46 creative
2371 3215 180 55 genius
2584 3213 96 48 has
2715 3215 70 46 all
2815 3228 145 44 gone.

941 3284 412 62 Contemporary
1394 3286 277 49 American
1711 3289 206 60 writing
1958 3291 42 47 is
2041 3295 54 43 at
2134 3307 30 31 a
2202 3307 125 44 very
2369 3293 271 48 uncertain
2681 3294 148 59 point
2869 3295 54 46 in
2965 3296 63 45 its

773 3378 190 41 career,
1008 3365 312 49 bewildered
1366 3367 81 47 for
1492 3383 143 44 ways
1680 3373 52 43 to
1778 3370 192 47 follow.
2052 3371 47 47 If
2144 3386 96 32 our
2284 3384 232 48 younger
2561 3374 200 48 writers
2808 3376 123 45 tend
2977 3379 52 42 to

771 3444 215 48 become
1018 3458 146 35 more
1197 3447 241 48 sensitive
1472 3451 51 44 to
1558 3449 87 48 the
1678 3449 282 56 particular
1994 3452 237 57 qualities
2266 3452 55 46 in
2352 3453 133 46 their
2518 3453 238 47 material
2790 3454 207 47 environ-

775 3530 156 52 ment,
972 3541 99 33 one
1107 3527 166 60 might
1308 3530 117 46 well
1461 3528 225 61 imagine
1722 3530 135 48 their
1893 3531 174 60 giving
2104 3533 105 46 and
2245 3533 181 60 taking
2462 3535 143 45 fresh
2643 3535 241 47 stimulus
2923 3537 103 45 and

771 3607 210 61 novelty
1012 3607 56 47 of
1097 3608 87 48 the
1215 3607 264 50 literature
1511 3609 55 47 of
1596 3609 87 48 the
1711 3609 284 59 billposter.
2062 3610 161 48 What
2252 3627 117 32 new
2399 3613 202 48 devices
2635 3615 103 45 and
2772 3614 254 58 surprises

771 3688 167 59 might
979 3704 147 33 come
1170 3690 55 46 of
1266 3690 196 60 merely
1505 3690 370 59 appreciating,
1919 3690 82 48 for
2043 3691 248 56 instance,
2337 3693 86 47 the
2466 3693 331 58 possibilities
2843 3695 56 45 of
2941 3695 86 46 the

773 3771 381 59 salesmanship
1202 3771 254 60 principle
1505 3771 82 47 for
1635 3772 87 46 the
1770 3771 276 60 technique
2113 3773 55 45 of
2230 3773 220 59 writing.
2533 3774 112 47 The
2711 3775 314 59 advertising

773 3852 237 48 columns
1043 3852 55 48 in
1130 3851 237 49 America
1399 3867 88 33 are
1520 3868 55 33 as
1863 3852 127 48 with

2253 3943 308 50 MATTHEW
2595 3943 356 51 JOSEPHSON.

763 4110 201 42 Printed
983 4110 483 55 byich.Labisch&>
1481 4111 93 51 Co.,
1595 4112 297 54 Graphische
1910 4111 347 42 Kunstanstalt
2279 4111 171 41 G.m.b.
2466 4110 72 51 H.,
2556 4112 167 41 Berlin
2745 4113 280 55 (Germany)
