3627 5331
872 4074 95 45 274

890 768 172 47 When
1098 784 77 31 we
1209 769 152 47 think
1398 771 54 44 of
1486 770 174 58 Becky
1699 771 90 46 she
1825 772 200 44 startles
2062 785 60 31 us
2159 772 68 57 by
2266 772 89 45 her
2393 774 200 56 cynical
2630 779 262 42 entrance:
2932 775 91 46 she
3059 774 50 45 in-

891 849 157 47 herits
1095 850 137 45 from
1279 850 91 45 her
1414 854 209 55 parents
1670 851 103 46 bad
1817 850 252 59 qualities.
2134 851 106 46 Her
2283 851 117 46 first
2446 854 229 58 epigram
2721 870 142 32 sums
2909 856 92 45 her
3046 869 86 44 up.

1194 945 121 44 may
1350 932 62 45 be
1446 929 214 56 wicked,
1695 932 94 46 but
1822 930 80 48 it's
1936 933 221 44 natural.
2228 930 96 47 I'm
2356 946 69 32 no
2725 936 99 46 She
2858 936 276 45 fascinates

889 1009 136 48 Lord
1058 1011 115 54 Pitt,
1210 1011 234 47 Rawdon
1475 1011 233 61 Crawley
1740 1013 103 46 and
1877 1012 137 47 Lord
2049 1012 184 59 Steyne
2266 1011 55 47 in
2352 1026 30 31 a
2415 1027 116 44 way
2565 1013 209 47 Lisbeth
2807 1030 155 32 never
2994 1017 137 44 does.

888 1086 257 52 Lisbeth's
1179 1092 313 47 fascination
1526 1092 41 48 is
1603 1094 111 45 that
1749 1094 56 45 of
1837 1094 87 45 the
1957 1093 266 54 evil-doer;
2261 1094 92 45 she
2387 1093 41 45 is
2465 1093 227 55 envious,
2729 1095 222 57 spiteful,
2987 1096 116 46 mali-

886 1172 159 55 cious,
1081 1187 31 32 a
1145 1174 141 58 lying
1322 1173 284 59 hypocrite;
1643 1175 194 57 always
1873 1174 332 58 deliberately
2239 1174 123 46 bent
2396 1187 68 33 on
2499 1173 192 60 having
2725 1175 91 46 her
2850 1190 118 32 own
3001 1192 130 44 way,

886 1254 194 59 always
1116 1254 80 45 for
1231 1254 99 47 evil
1361 1268 272 45 purposes:
1670 1269 56 32 so
1758 1254 113 46 that
1904 1254 104 55 she,
2043 1254 57 47 in
2134 1254 91 46 her
2261 1254 204 46 sinister
2498 1254 302 60 effrontery,
2835 1270 177 33 causes
3047 1258 85 45 the

888 1335 119 46 ruin
1049 1335 55 46 of
1146 1349 160 44 many
1349 1335 55 46 of
1445 1336 87 45 the
1573 1335 124 46 lives
1741 1336 92 45 she
1871 1335 193 46 thrives
2108 1350 82 40 on,
2236 1336 165 59 feigns
2443 1339 53 42 to
2539 1336 135 58 help,
2719 1336 228 54 deludes;
2995 1340 135 57 only,

891 1414 90 46 she
1007 1429 154 31 never
1189 1415 208 46 deludes
1426 1430 54 32 as
1508 1414 200 47 Valerie
1734 1414 252 48 Marnette
2015 1416 136 46 does.
2195 1415 97 47 We
2319 1417 130 46 have
2477 1418 122 57 only
2626 1420 52 42 to
2707 1430 109 45 say:

889 1494 104 45 and
1026 1491 86 48 the
1146 1506 208 35 woman
1387 1493 41 48 is
1463 1492 177 49 before
1673 1508 75 33 us.
1814 1493 66 48 As
1915 1494 82 46 for
2030 1494 220 47 Valerie:
2463 1495 123 46 etait
2618 1496 131 45 belle
2783 1509 201 33 comme
3019 1501 114 41 sont

881 1572 156 49 belles
1080 1576 71 44 les
1196 1575 216 46 femmes
1455 1589 142 33 assez
1640 1575 171 55 belles,
1854 1591 134 44 pour
2030 1580 105 43 etre
2178 1578 156 46 belles
2376 1592 64 32 en
2824 1592 28 31 a
2896 1582 235 42 sentence

890 1655 248 59 certainly
1172 1656 194 58 lyrical.
1438 1657 251 46 Lisbeth's
1724 1657 267 47 character
2023 1659 94 46 has
2322 1659 122 46 dose
2477 1659 71 45 du
2582 1659 243 45 mordant

885 1734 324 56 Unmarried,
1252 1738 90 45 she
1381 1737 40 47 is
1462 1742 311 51 monstrous,
1814 1739 93 45 her
1946 1753 176 32 snares
2162 1754 88 31 are
2288 1738 290 55 inevitable,
2619 1740 91 45 her
2750 1739 378 47 dissimulation

885 1815 386 60 impenetrable.
1330 1817 101 47 But
1472 1818 90 46 she
1603 1819 40 48 is
1685 1834 154 31 never
1880 1819 149 59 given
2071 1834 30 31 a
2141 1834 149 32 scene
2333 1834 55 32 so
2431 1822 413 56 consummately
2885 1821 244 46 achieved

885 1897 53 46 in
980 1898 63 46 its
1086 1899 176 45 sordid
1306 1900 103 44 and
1451 1901 314 57 voluptuous
1808 1900 212 60 tragedy
2062 1915 56 32 as
2161 1901 88 46 the
2291 1916 150 31 scene
2484 1900 54 47 in
2583 1901 186 58 Vanity
2813 1902 120 45 Fair
2977 1902 151 45 when

885 1977 233 47 Rawdon
1145 1983 166 43 enters
1340 1981 79 46 his
1449 1980 160 47 house
1638 1985 52 42 at
1718 1979 272 61 midnight,
2021 1982 104 45 and
2151 1980 140 47 finds
2320 1981 174 59 Becky
2525 1982 206 45 dressed
2760 1982 53 45 in
2843 1996 30 31 a
2900 1982 229 45 brilliant

883 2059 206 55 toilette,
1128 2060 91 45 her
1256 2074 138 33 arms
1433 2062 102 45 and
1573 2061 92 45 her
1702 2060 192 61 fingers
1934 2061 266 60 sparkling
2238 2061 126 47 with
2401 2062 248 46 bracelets
2686 2064 104 44 and
2828 2062 157 59 rings:
3026 2063 102 45 and

884 2140 85 46 the
999 2140 255 47 brilliants
1286 2141 53 46 in
1372 2142 93 45 her
1491 2142 173 46 breast
1692 2142 173 46 which
1897 2142 186 60 Steyne
2116 2143 104 45 had
2250 2142 149 60 given
2432 2143 105 45 her.
2728 2143 104 45 had
2864 2144 91 45 her
2987 2143 141 45 hand

884 2220 54 46 in
980 2220 94 55 his,
1117 2223 104 44 and
1262 2237 106 31 was
1410 2222 206 59 bowing
1657 2226 52 43 to
1751 2223 107 47 kiss
1900 2223 51 54 it,
1996 2224 155 46 when
2190 2224 175 58 Becky
2409 2225 190 45 started
2642 2238 68 44 up
2755 2222 126 47 with
2923 2238 30 31 a
2995 2224 132 46 faint

888 2315 198 32 scream
1123 2316 55 32 as
1218 2303 90 45 she
1345 2303 189 59 caught
1571 2303 135 59 sight
1743 2303 55 46 of
1835 2303 274 47 Rawdon's
2148 2303 155 47 white
2575 2303 128 55 And,
2742 2318 54 33 as
2835 2305 86 46 the
2958 2304 172 46 writer

883 2382 141 53 adds,
1058 2383 126 45 with
1216 2397 67 31 an
1315 2382 160 47 entire
1507 2398 145 32 sense
1684 2384 55 46 of
1769 2385 87 45 the
1887 2383 161 58 tragic
2079 2385 104 45 and
2216 2384 165 46 comic
2412 2386 181 44 drama
2625 2386 112 44 that
2767 2385 41 48 is
2841 2399 139 31 over:

883 2463 91 46 her
1006 2463 90 46 lies
1129 2464 104 45 and
1266 2464 92 45 her
1388 2464 247 54 schemes,
1668 2466 69 44 all
1770 2464 93 46 her
1894 2463 298 48 selfishness
2226 2466 103 45 and
2362 2465 92 45 her
2486 2465 156 54 wiles,
2676 2467 69 44 all
2778 2466 90 45 her
2901 2465 89 46 wit
3024 2466 101 45 and

885 2541 67 45 all
978 2542 91 46 her
1095 2541 177 58 genius
1299 2542 103 47 had
1426 2557 145 33 come
1595 2547 52 43 to
1670 2544 101 46 this

1050 2624 20 44 I
1099 2625 129 46 have
1256 2640 155 31 never
1437 2626 105 45 had
1569 2640 102 44 any
1699 2628 170 44 actual
1896 2625 315 48 admiration
2237 2627 80 46 for
2344 2628 87 45 the
2460 2629 176 44 novels
2664 2628 55 45 of
2749 2627 191 60 George
2968 2628 154 53 Eliot;

881 2704 90 46 she
1001 2705 104 45 had
1134 2705 90 46 her
1253 2706 208 58 passing
1492 2706 152 54 fame,
1675 2706 93 46 her
1793 2707 312 59 popularity,
2137 2708 91 45 her
2258 2722 220 39 success;
2511 2709 183 58 people
2724 2709 280 58 compared
3035 2708 91 46 her

886 2797 149 44 prose
1178 2787 232 57 wrongly
1551 2786 126 45 with
1716 2786 86 47 the
1841 2790 181 54 poetry
2061 2787 56 46 of
2156 2787 119 46 Mrs.
2317 2787 297 58 Browning;
2658 2789 117 53 and,
2817 2803 55 30 as
2914 2789 81 44 for
3034 2788 92 45 her

881 2868 242 56 attempts
1155 2870 51 42 at
1234 2881 158 40 verse,
1425 2867 85 46 the
1543 2868 97 46 less
1672 2868 112 45 said
1815 2868 55 46 of
1899 2869 144 45 them
2073 2869 87 46 the
2189 2869 177 47 better.
2398 2869 60 47 In
2489 2870 186 45 favour
2707 2870 55 46 of
2791 2885 88 43 my
2911 2869 213 59 opinion

881 2945 20 44 I
942 2950 154 54 quote
1137 2947 102 46 this
1282 2948 233 58 scathing
1558 2952 237 42 sentence
1836 2949 55 45 of
1933 2949 327 46 Swinburne:
2584 2965 68 31 no
2712 2954 128 43 taste
2898 2951 82 45 for
3038 2951 86 45 the

880 3026 275 47 dissection
1188 3028 55 45 of
1274 3028 146 53 dolls,
1455 3029 21 44 I
1510 3029 133 46 shall
1675 3030 141 45 leave
1851 3029 183 47 Daniel
2068 3030 242 46 Deronda
2343 3031 53 46 in
2430 3030 79 46 his
2543 3032 208 45 natural
2783 3033 146 56 place
2963 3032 161 45 above

879 3107 85 46 the
991 3109 222 58 ragshop
1242 3109 144 54 door;
1416 3110 104 45 and
1546 3109 191 61 having
1762 3125 68 31 no
1856 3125 86 31 ear
1968 3111 82 45 for
2073 3111 87 46 the
2186 3111 246 47 melodies
2459 3111 54 46 of
2538 3126 30 30 a
2592 3111 151 47 Jew's
2770 3113 146 58 harp,
2945 3113 20 44 I
2992 3113 131 45 shall

878 3189 141 46 leave
1057 3190 87 46 the
1183 3190 222 58 Spanish
1445 3191 174 58 Gypsy
1655 3195 52 41 to
1745 3192 232 57 perform
2016 3206 67 30 on
2121 3192 112 46 that
2272 3192 311 46 instrument
2620 3197 52 42 to
2711 3193 127 46 such
2877 3193 246 46 audience

875 3281 55 32 as
974 3269 89 45 she
1104 3284 121 43 may
1555 3270 259 60 Certainly
1858 3271 260 47 Charlotte
2160 3272 192 47 Bronte
2395 3274 224 45 excelled
2663 3273 189 59 George
2894 3273 135 46 Eliot
3071 3272 52 46 in

877 3351 186 45 almost
1114 3364 151 45 every
1316 3352 215 58 quality;
1587 3352 87 45 the
1723 3353 149 45 latter
1922 3352 203 59 having,
2178 3353 241 59 perhaps,
2473 3369 142 32 more
2667 3354 303 59 knowledge
3019 3353 102 45 and

878 3432 212 52 culture,
1118 3431 92 45 but
1235 3436 92 41 not
1352 3433 81 44 for
1459 3446 29 31 a
1515 3437 230 42 moment
1771 3435 332 56 comparable
2131 3434 124 45 with
2286 3434 303 47 Charlotte's
2614 3435 175 59 purity
2817 3435 55 45 of
2896 3435 224 58 passion,

877 3511 158 58 depth
1070 3512 104 45 and
1209 3512 209 45 fervour
1450 3513 56 45 of
1541 3512 201 59 feeling,
1777 3513 324 59 inspiration,
2136 3513 340 60 imagination
2509 3517 104 44 and
2647 3530 29 31 a
2710 3519 134 43 most
2879 3516 242 57 masterly

876 3594 142 56 style.

1037 3672 65 48 As
1139 3673 81 47 for
1255 3673 217 47 Romola
1507 3674 19 45 I
1565 3674 113 47 find
1713 3675 37 46 it
1785 3676 186 45 almost
2006 3689 66 32 an
2106 3676 259 46 elaborate
2402 3677 184 45 failure
2621 3677 54 45 in
2707 3678 86 44 the
2828 3677 293 45 endeavour

880 3757 50 42 to
964 3758 167 42 create
1166 3755 85 45 the
1286 3755 329 59 atmosphere
1650 3755 54 45 of
1737 3757 87 45 the
1858 3756 180 59 period
2073 3756 55 45 of
2163 3756 317 47 Savonarola
2614 3758 112 46 that
2758 3756 237 60 amazing
3029 3770 93 46 age

880 3830 152 47 when
1067 3832 89 48 the
1189 3837 216 52 greatest
1444 3833 170 58 spirits
1651 3835 54 45 of
1740 3835 86 46 the
1863 3836 164 44 world
2063 3849 132 33 were
2232 3836 130 46 alive
2399 3838 104 44 and
2538 3835 287 61 producing
2860 3837 171 45 works
3067 3837 55 45 of

878 3916 401 57 unsurpassable
1320 3915 179 60 genius
1643 3917 103 45 and
1787 3917 52 46 in
1882 3918 91 45 her
2012 3921 85 43 too
2139 3919 312 46 anatomical
2493 3918 407 47 demonstration
2940 3918 55 46 of
3032 3919 87 46 the
