3627 5331
2704 4394 95 43 277

534 1011 93 47 has
672 1011 134 48 done
850 1014 254 61 anything
1147 1017 250 59 remotely
1440 1017 334 59 comparable
1818 1016 126 47 with
1986 1018 158 54 them,
2189 1020 104 45 and
2335 1019 200 47 neither
2578 1020 222 46 Schwob

531 1105 94 33 nor
652 1092 174 49 Andre
854 1094 125 50 Gide
1008 1097 94 48 has
1131 1096 200 62 heaped
1358 1100 248 59 mockery
1634 1114 55 31 so
1718 1099 125 59 high
1869 1114 56 33 as
1954 1099 54 48 in
2359 1104 85 45 the
2698 1103 102 46 and

535 1174 268 50 remained
839 1192 55 34 as
930 1190 118 36 sure
1083 1195 30 31 a
1148 1185 191 42 master
1375 1182 55 44 of
1463 1182 70 45 all
1567 1181 86 45 the
1689 1180 277 47 reticences
2003 1182 55 45 of
2091 1186 79 42 art
2207 1184 105 44 and
2346 1198 261 33 manners.
2675 1183 125 45 This

531 1257 211 48 learned
766 1261 249 60 mockery
1040 1263 94 46 has
1159 1277 67 32 an
1250 1263 337 46 undefinable
1611 1264 213 59 quality,
1850 1265 259 55 macabre,
2136 1265 292 55 diabolical,
2454 1280 30 31 a
2509 1265 291 47 witchcraft

531 1338 55 46 of
615 1338 63 48 its
709 1353 134 40 own,
875 1342 173 50 which
1079 1346 20 44 I
1130 1359 97 33 can
1259 1344 112 48 find
1402 1345 56 48 in
1485 1361 68 31 no
1584 1346 148 46 other
1762 1347 187 46 writer.

1624 1569 70 44 III

703 1672 47 45 Is
777 1678 90 41 not
893 1687 30 32 a
949 1671 248 49 criticism
1225 1675 54 46 of
1303 1674 235 61 primary
1563 1675 156 56 ideas,
1748 1678 85 45 the
1862 1679 123 58 only
2011 1678 128 46 kind
2167 1679 55 44 of
2248 1678 249 47 criticism
2524 1679 153 46 when
2705 1693 96 31 one

534 1752 266 49 considers
828 1756 51 55 it,
909 1756 112 47 that
1049 1756 41 49 is
1118 1760 161 57 really
1308 1760 168 46 worth
1506 1760 238 60 writing?
1774 1760 40 45 A
1842 1761 145 46 critic
2016 1776 121 45 may
2166 1764 87 44 tell
2281 1778 60 30 us
2369 1763 112 46 that
2508 1762 291 47 So-and-So

533 1832 93 51 has
657 1833 207 50 written
894 1852 29 31 a
954 1835 273 63 charming
1257 1838 153 56 hook,
1443 1839 112 48 that
1584 1841 39 46 it
1651 1841 42 45 is
1722 1842 87 46 the
1838 1842 111 46 best
1980 1843 55 45 of
2065 1843 78 45 his
2175 1844 272 59 charming
2478 1845 179 54 books,
2689 1844 112 46 that

535 1917 37 48 it
607 1919 42 46 is
686 1919 164 47 better
888 1935 57 30 or
982 1936 165 32 worse
1183 1923 130 45 than
1348 1924 220 46 another
1602 1925 137 46 book
1777 1926 69 59 by
1883 1927 219 45 another
2138 1927 172 47 writer
2347 1928 126 46 with
2511 1929 176 45 whom
2722 1943 77 31 we

531 2010 82 33 see
636 2015 69 31 no
727 2003 254 57 necessity
1000 2006 54 42 to
1076 2015 245 46 compare
1343 2004 124 55 him,
1491 2004 111 46 that
1625 2005 37 46 it
1684 2004 56 55 is,
1764 2006 53 46 in
1841 2007 158 53 short,
2024 2021 68 32 an
2407 2014 51 40 to

539 2081 113 46 well
679 2083 105 45 and
811 2084 151 57 good,
991 2084 123 47 here
1142 2084 40 47 is
1212 2085 287 46 someone's
1529 2086 231 59 opinion,
1789 2088 226 57 perhaps
2045 2088 152 58 right,
2225 2090 226 58 perhaps
2480 2102 200 46 wrong;
2711 2094 91 42 not

533 2176 123 48 very
690 2164 287 59 important
1011 2167 41 45 if
1087 2166 150 58 right,
1274 2173 90 41 not
1399 2182 121 44 easy
1554 2172 52 42 to
1644 2168 239 59 disprove
1919 2170 40 44 if
1993 2182 193 47 wrong.
2222 2170 101 48 But
2358 2173 66 45 let
2460 2171 110 46 him
2604 2174 86 45 tell
2726 2187 74 39 us,

531 2242 54 48 in
617 2245 181 62 noting
829 2247 87 47 the
949 2246 196 57 precise
1178 2247 199 61 quality
1411 2249 55 45 of
1498 2251 38 45 A
1572 2251 257 57 Rebours;
1861 2253 104 44 and
1999 2253 63 46 its
2096 2252 197 59 precise
2327 2253 302 60 divergence
2664 2255 138 45 from

532 2325 86 48 the
651 2326 248 49 tradition
933 2330 55 45 of
1020 2329 329 47 naturalism:
1493 2346 64 31 ne
1592 2331 284 60 s'aggissait
1910 2335 117 57 plus
2061 2339 112 43 tant
2207 2336 62 46 de
2304 2336 129 47 faire
2468 2341 169 42 entrer
2672 2338 129 45 dans

533 2408 129 56 l'art,
692 2424 95 44 par
815 2411 49 46 la
892 2413 424 56 representation,
1347 2413 330 49 l'exteriorite
1703 2416 164 55 brute,
1897 2431 100 44 que
2025 2418 62 46 de
2114 2418 122 46 tirer
2264 2420 61 45 de
2355 2424 127 42 cette
2511 2421 291 47 exteriorite

537 2504 168 34 meme
742 2492 88 47 des
866 2492 177 48 motifs
1080 2495 62 45 de
1177 2509 117 32 reve
1330 2500 49 41 et
1415 2497 61 44 de
1512 2498 48 44 la
1596 2497 282 47 revelation
2281 2502 67 45 let
2384 2500 111 47 him
2529 2503 88 44 tell
2653 2517 58 31 us
2749 2502 53 45 in

531 2568 289 65 discussing
850 2572 86 48 the
965 2573 239 57 question
1233 2575 55 46 of
1316 2573 210 62 literary
1556 2576 243 61 sincerity
1827 2578 112 47 that
1968 2594 30 30 a
2026 2579 196 47 certain
2252 2581 172 47 writer
2589 2583 211 53 sincere,

535 2665 106 32 non
668 2665 154 45 parce
850 2667 69 44 qu
938 2655 35 46 il
1001 2667 165 36 avoue
1195 2659 143 45 toute
1364 2672 55 32 sa
1445 2671 202 44 pensee,
1678 2660 130 47 mais
1834 2672 156 45 parce
2018 2657 124 62 qu'il
2170 2677 155 43 pense
2354 2668 112 43 tout
2496 2678 93 33 son

532 2732 92 50 has
654 2735 64 48 he
746 2742 91 42 not
866 2736 169 48 added
1065 2743 51 42 to
1146 2739 86 47 the
1262 2755 124 44 very
1417 2741 275 47 substance
1722 2743 55 45 of
1806 2757 94 31 our
1931 2744 235 58 thought,
2198 2760 58 30 or
2286 2747 224 46 touched
2540 2748 112 46 that
2683 2748 87 46 sub-

530 2818 177 47 stance
737 2818 126 48 with
895 2833 115 33 new
1041 2819 162 60 light?

665 2899 110 49 The
806 2902 208 50 curious
1044 2902 148 62 thing
1222 2904 53 46 in
1306 2907 184 57 regard
1519 2910 52 42 to
1601 2906 276 60 Benjamin
1909 2909 250 47 Constant
2190 2911 41 46 is
2261 2912 112 47 that
2402 2913 143 46 there
2575 2927 106 32 was
2711 2918 90 41 not

531 2995 29 31 a
596 2981 161 58 single
791 2982 225 57 interest,
1054 2991 89 41 out
1178 2987 55 45 of
1268 2987 85 46 the
1389 3002 160 46 many
1584 2989 111 46 that
1732 2991 250 58 occupied
2021 2992 78 46 his
2135 2993 104 55 life,
2277 2994 174 48 which
2488 2996 63 46 he
2589 2995 88 47 did
2711 3001 89 42 not

531 3060 207 63 destroy
770 3064 69 60 by
872 3078 142 36 some
1044 3065 414 62 inconsequence
1491 3071 55 45 of
1577 3071 186 55 action,
1797 3073 82 46 for
1910 3089 68 31 no
2011 3089 185 32 reason
2227 3075 53 47 in
2313 3077 85 47 the
2431 3080 178 53 world,
2642 3092 126 45 appa-

533 3148 183 58 rently,
762 3154 180 54 except
986 3164 144 33 some
1174 3151 270 49 irrational
1489 3155 254 59 necessity
1789 3157 55 45 of
1887 3158 156 58 doing
2089 3162 201 57 exactly
2334 3161 86 46 the
2465 3162 235 58 opposite
2745 3163 54 45 of

533 3224 141 49 what
701 3226 63 48 he
789 3230 161 57 ought
974 3235 53 41 to
1053 3231 130 47 have
1210 3234 148 54 done,
1387 3235 54 45 of
1467 3235 140 46 what
1635 3235 64 46 he
1725 3239 207 45 wanted
1957 3243 52 41 to
2035 3240 80 45 do.
2145 3240 66 45 So
2239 3241 63 45 he
2329 3247 193 41 creates
2547 3243 252 59 Adolphe,

535 3322 56 31 so
621 3311 157 46 much
812 3312 55 45 of
900 3312 210 47 himself
1141 3314 53 46 in
1222 3315 55 54 it,
1312 3318 103 44 and
1446 3318 180 45 makes
1659 3318 110 46 him
1802 3334 91 45 say
1924 3321 53 46 in
2008 3335 29 31 a
2070 3324 319 45 memorable
2421 3329 253 51 sentence,

539 3403 83 32 me
653 3392 245 58 reposais,
933 3407 132 44 pour
1099 3394 133 47 ainsi
1265 3396 123 55 dire,
1424 3397 129 47 dans
1586 3398 375 50 l'indifference
1995 3403 87 46 des
2116 3407 186 52 autres,
2336 3406 61 45 de
2429 3407 50 44 la
2512 3407 194 60 fatigue
2740 3410 62 44 de

540 3485 95 32 son
994 3475 77 47 He
1113 3490 107 33 was
1262 3492 155 31 never
1459 3479 131 46 tired
1634 3481 55 45 of
1729 3481 242 62 listening
2014 3488 51 41 to
2111 3484 224 56 himself,
2379 3489 104 44 and
2525 3489 87 45 the
2653 3495 148 41 acute

532 3549 211 51 interest
779 3555 55 45 of
872 3554 79 47 his
990 3554 218 48 Journal
1244 3557 219 48 consists
1500 3559 53 46 in
1589 3560 87 46 the
1712 3561 236 48 absolute
1987 3563 243 62 sincerity
2268 3567 55 45 of
2359 3567 64 46 its
2461 3568 338 56 confessions,

530 3634 105 44 and
667 3640 51 42 at
750 3636 86 47 the
871 3649 142 35 same
1045 3637 124 49 time
1202 3639 85 47 the
1322 3639 333 62 scrutinising
1689 3644 514 50 self-consciousness
2238 3650 54 44 of
2326 3664 152 46 every
2512 3653 145 45 word
2690 3653 111 46 that

534 3712 42 46 is
607 3715 204 48 written
843 3716 169 50 down.
1177 3736 32 44 y
1240 3737 29 30 a
1301 3736 63 32 en
1396 3723 106 46 moi
1534 3722 135 47 deux
1700 3738 298 44 personnes,
2032 3728 127 47 dont
2190 3725 106 51 l'un
2328 3731 213 47 observe
2573 3728 226 51 rautre.*'

536 3795 66 46 So
625 3800 117 45 cold
767 3799 214 49 hearted
1002 3802 43 46 is
1071 3802 66 46 he
1158 3802 112 49 that
1296 3804 153 47 when
1471 3805 227 60 perhaps
1724 3808 79 46 his
1827 3809 111 46 best
1962 3810 185 55 friend,
2174 3812 134 47 Mile.
2335 3814 199 55 Talma,
2559 3815 41 45 is
2627 3815 172 60 dying,

532 3876 64 50 he
632 3882 189 55 spends
859 3882 102 60 day
997 3885 105 45 and
1138 3884 148 60 night
1323 3887 68 59 by
1429 3887 91 46 her
1557 3888 226 56 bedside,
1823 3893 384 47 overwhelmed
2243 3894 126 47 with
2407 3896 147 59 grief;
2595 3898 105 45 and
2737 3898 64 45 he

535 3958 170 51 writes
738 3962 54 47 in
827 3963 79 48 his
940 3961 239 51 Journal:
1215 3962 114 65 "J'y
1361 3969 171 46 etudie
1563 3971 49 44 la
1891 3973 66 46 So
1991 3979 89 41 out
2113 3975 56 45 of
2201 3975 102 48 this
2338 3977 301 62 distressing
2672 3980 129 45 kind

532 4043 55 46 of
616 4045 184 60 reality
828 4047 175 46 which
1033 4048 197 49 afflicts
1259 4051 88 46 the
1375 4053 161 55 artist,
1569 4054 64 46 he
1662 4059 194 44 creates
1887 4057 79 48 his
1996 4062 94 51 art,
2121 4059 253 60 Adolphe,
2404 4076 30 31 a
2462 4064 337 59 masterpiece

531 4124 55 45 of
622 4124 389 63 psychological
1049 4130 275 56 narrative,
1364 4132 139 47 from
1540 4134 175 46 which
1752 4137 86 45 the
1877 4138 218 47 modern
2133 4142 153 45 novel
2322 4142 56 46 of
2413 4145 228 58 analysis
2679 4160 122 45 may

532 4201 130 50 have
690 4205 131 49 been
850 4208 112 49 said
991 4213 52 44 to
1072 4209 131 50 have
1232 4213 185 56 arisen,
1449 4215 172 48 which
1652 4216 42 47 is
1724 4218 192 59 simply
1945 4235 29 31 a
2004 4220 200 48 human
2236 4224 279 50 document
2543 4227 54 48 in
2628 4229 171 45 which
