3627 5331
2621 4278 96 46 279

451 918 132 47 slain
621 917 373 61 Agamemnon.
1068 918 144 48 With
1250 920 102 48 this
1389 934 244 45 compare
1672 934 30 31 a
1738 923 238 43 sentence
2014 918 21 45 I
2070 921 248 44 translate
2355 918 139 47 from
2531 918 181 46 Petrus

450 1000 165 46 Rorel.
758 1001 130 47 have
914 1001 143 47 often
1083 1002 162 47 heard
1269 1003 112 47 that
1405 1002 195 47 certain
1623 1001 187 47 insects
1835 1016 133 31 were
1994 1001 151 46 made
2171 1001 82 45 for
2276 1001 87 46 the
2387 1002 327 44 amusement

450 1082 55 46 of
533 1080 255 49 children:
818 1083 228 61 perhaps
1075 1099 126 33 man
1228 1087 109 44 also
1366 1100 106 32 was
1499 1086 204 45 created
1732 1083 83 45 for
1842 1083 87 46 the
1959 1096 142 32 same
2127 1084 239 57 pleasure
2395 1083 55 45 of
2479 1080 235 61 superior

450 1161 192 60 beings,
675 1165 120 48 who
826 1165 195 60 delight
1050 1168 55 46 in
1135 1167 254 59 torturing
1422 1166 124 54 him,
1577 1166 104 44 and
1713 1165 198 58 disport
1941 1164 307 46 themselves
2279 1164 55 46 in
2366 1164 79 46 his

450 1245 127 49 This
601 1249 43 48 is
669 1263 29 31 a
724 1254 239 42 sentence
988 1250 173 46 which
1185 1249 165 60 might
1375 1249 188 45 almost
1587 1248 131 45 have
1742 1248 130 45 been
1896 1246 204 47 written
2123 1247 70 58 by
2217 1245 195 59 Hardy,
2441 1260 56 32 so
2521 1246 192 58 clearly

454 1330 123 48 does
608 1331 39 46 it
677 1336 143 51 state,
853 1332 55 46 in
940 1347 68 32 an
1037 1333 168 60 image
1237 1333 102 46 like
1371 1347 97 32 one
1500 1332 55 46 of
1586 1332 79 46 his
1698 1346 133 39 own,
1864 1331 87 46 the
1983 1344 124 44 very
2139 1333 173 43 centre
2344 1329 55 46 of
2432 1328 80 47 his
2543 1328 140 59 philo-

452 1409 183 60 sophy.
693 1413 159 55 Take,
878 1413 83 46 for
985 1415 251 57 example,
1262 1413 143 46 these
1430 1416 264 43 sentences
1719 1412 54 46 in
1803 1413 106 46 The
1933 1412 195 47 Return
2156 1413 54 57 of
2236 1411 85 47 the
2344 1411 199 46 Native.

455 1507 143 45 upon
637 1493 87 49 the
765 1495 182 54 whole,
988 1495 201 47 neither
1227 1496 86 46 the
1355 1509 123 32 man
1517 1509 96 32 nor
1652 1495 86 46 the
1777 1509 209 31 woman
2025 1494 99 46 lost
2165 1492 198 61 dignity
2403 1492 69 59 by
2513 1491 201 47 sudden

454 1575 171 47 death.
707 1576 312 48 Misfortune
1065 1578 105 45 had
1217 1578 176 46 struck
1439 1578 143 45 them
1631 1576 299 60 gracefully,
1979 1575 196 61 cutting
2222 1575 81 47 off
2348 1574 134 47 their
2529 1573 185 46 erratic

458 1656 239 50 histories
736 1658 125 46 with
901 1673 29 31 a
968 1660 349 58 catastrophic

620 1750 324 57 Swinburne,
981 1752 120 47 who
1136 1751 292 61 invariably
1464 1752 342 59 over-praises
1841 1752 175 46 Victor
2051 1752 166 58 Hugo,
2255 1750 341 60 over-praises
2634 1749 80 46 his

452 1834 261 48 atrocious
750 1837 152 44 novel
940 1835 285 47 L'Homme
1265 1838 89 56 qui
1388 1837 79 44 rit.
1539 1834 102 45 But
1678 1834 20 45 I
1736 1834 197 59 forgive
1972 1833 111 46 him
2120 1832 302 60 everything
2459 1833 153 45 when
2649 1832 65 45 he

455 1915 170 47 writes
663 1917 129 45 such
829 1915 378 47 Baudelairean
1245 1920 264 42 sentences
1545 1929 57 32 as
1639 1916 163 45 these:
2283 1916 120 45 who
2440 1916 149 57 plays
2627 1913 87 45 the

455 2002 116 52 part
612 1998 56 46 of
708 1998 149 55 devil,
898 1999 43 46 is
981 2013 31 31 a
1052 1999 212 45 bastard
1305 1999 239 58 begotten
1583 1997 70 58 by
1695 1997 121 59 lago
1859 2011 142 44 upon
2041 1997 80 46 his
2164 1997 162 53 sister,
2369 1997 242 44 Madame
2653 1995 61 45 de

453 2075 255 60 Merteuil;
743 2078 192 60 having
968 2078 291 60 something
1290 2080 55 45 of
1376 2079 141 54 both,
1550 2078 93 46 but
1676 2077 316 48 diminished
2024 2078 104 45 and
2161 2077 275 59 degraded;
2470 2076 243 59 wanting,

454 2158 81 48 for
566 2159 248 56 instance,
848 2160 87 49 the
969 2160 127 60 deep
1131 2160 274 46 daemonic
1437 2161 137 44 calm
1607 2160 55 44 of
1693 2159 134 46 their
1860 2159 216 59 lifelong
2106 2158 250 59 patience.
2392 2159 77 45 He
2503 2159 93 47 has
2629 2162 85 42 too

455 2244 160 46 much
654 2244 121 45 heat
814 2243 56 46 of
908 2243 304 54 discontent,
1255 2248 84 40 too
1381 2243 159 45 much
1580 2242 141 46 fever
1761 2243 103 44 and
1905 2242 112 54 fire,
2057 2247 52 40 to
2149 2243 157 44 know
2344 2242 133 45 their
2516 2241 198 58 perfect

453 2336 157 44 peace
636 2325 55 45 of
715 2322 161 59 spirit,
903 2324 87 46 the
1015 2324 218 57 equable
1260 2324 220 45 element
1507 2322 55 46 of
1586 2322 134 47 their
1747 2324 154 52 souls,
1929 2323 86 46 the
2040 2321 141 60 quiet
2208 2322 56 46 of
2289 2321 147 47 mind
2460 2322 55 45 in
2542 2320 173 47 which

451 2403 124 61 they
603 2405 99 48 live
732 2407 105 46 and
867 2407 146 45 work
1046 2409 89 43 out
1164 2404 134 46 their
1328 2405 146 45 work
1504 2409 51 42 at
1583 2404 202 47 leisure.
1852 2404 77 47 He
1960 2405 121 45 does
2112 2409 91 41 not
2233 2403 80 48 sin
2343 2409 52 41 at
2424 2408 116 50 rest,
2572 2403 144 46 there

451 2485 43 48 is
525 2486 293 61 something
848 2488 56 46 of
934 2486 145 49 fume
1107 2488 105 46 and
1245 2487 99 47 fret
1374 2486 53 47 in
1458 2486 80 46 his
1568 2486 336 47 wickedness.
1970 2486 167 46 There
2168 2486 42 48 is
2241 2486 86 46 the
2356 2499 158 45 peace
2545 2485 55 46 of
2629 2485 88 46 the

452 2566 148 58 devil,
637 2568 173 47 which
843 2570 211 56 passeth
1089 2571 68 45 all

622 2652 276 60 Certainly,
957 2652 82 45 for
1096 2665 69 33 an
1220 2652 290 57 absolutely
1566 2650 276 46 diabolical
1900 2649 277 47 dissection
2233 2650 56 46 of
2326 2650 145 46 three
2510 2650 207 57 equally

454 2734 265 48 infamous
758 2734 310 54 characters,
1106 2733 102 47 this
1247 2732 42 47 is
1327 2732 420 59 unsurpassable.
1789 2732 119 58 lago
1947 2731 42 48 is
2028 2736 91 43 not
2156 2731 218 59 entirely
2412 2731 302 59 malignant,

455 2831 95 33 nor
587 2817 42 48 is
667 2817 67 47 he
768 2817 224 59 abjectly
1029 2816 114 54 vile,
1181 2828 97 34 nor
1315 2815 42 48 is
1395 2816 65 45 he
1498 2815 189 58 utterly
1725 2814 287 47 dishonest:
2051 2815 66 46 he
2152 2814 43 47 is
2233 2828 241 45 supreme
2511 2812 55 47 in
2603 2812 111 55 evil,

455 2901 105 45 and
596 2902 189 44 almost
820 2913 55 34 as
914 2899 82 45 far
1033 2898 163 46 above
1234 2896 109 47 vice
1379 2911 56 33 as
1472 2896 65 46 he
1571 2895 43 47 is
1650 2896 208 59 beyond
1894 2896 182 46 virtue.
2149 2895 77 47 He
2263 2896 94 46 has
2395 2900 90 42 not
2523 2910 127 33 even
2686 2908 30 31 a

454 2980 189 61 fleshly
668 2981 166 47 desire
857 2980 83 46 for
963 2978 348 55 Desdemona;
1338 2983 84 55 yet
1445 2978 64 45 he
1532 2977 42 46 is
1597 2978 87 46 the
1707 2977 353 60 impassioned
2083 2977 179 46 villain
2286 2977 119 46 who
2630 2976 86 46 the

671 3062 110 47 Can
822 3076 97 32 one
961 3061 255 54 conceive,
1260 3075 55 32 as
1356 3060 310 45 Swinburne
1709 3059 336 58 conjectures,
2454 3059 56 45 of
2552 3057 163 59 lago's

454 3143 217 48 attitude
694 3144 54 45 in
770 3145 104 46 hell
981 3143 55 46 of
1058 3143 81 45 his
1162 3142 321 45 unalterable
1506 3141 104 45 and
1632 3139 339 47 indomitable
1992 3143 212 55 posture
2228 3139 81 46 for
2331 3141 68 44 all

457 3227 66 47 As
564 3227 84 46 for
688 3226 242 46 Madame
969 3225 237 45 Merteuil
1248 3225 92 45 she
1380 3224 57 54 is,
1478 3224 54 46 in
1574 3224 95 45 Les
1709 3223 237 46 Liaisons
1988 3224 358 57 dangereuses,
2388 3226 93 42 not
2520 3222 123 58 only
2683 3235 31 31 a

457 3305 313 46 counterfoil
803 3305 83 46 for
919 3305 259 53 Valmont,
1213 3305 93 45 but
1339 3319 30 31 a
1402 3303 148 59 spirit
1582 3303 53 45 af
1668 3304 189 45 almost
1888 3302 386 46 inconceivable
2306 3301 292 58 malignity;
2633 3303 84 56 yet

457 3390 92 46 she
587 3391 41 45 is
668 3394 92 42 not
798 3403 55 34 as
892 3389 276 45 abnormal
1206 3403 56 30 as
1303 3387 135 58 lago.
1515 3386 100 45 She
1654 3386 93 46 has
1786 3399 31 31 a
1856 3384 221 47 sublime
2115 3386 118 44 lack
2273 3384 55 46 of
2366 3384 182 53 virtue,
2589 3381 127 48 with

455 3485 68 31 an
554 3469 252 49 immense
836 3483 146 33 sense
1013 3470 55 45 of
1098 3469 92 45 her
1221 3468 395 45 seductiveness.
1648 3467 167 46 There
1846 3467 41 46 is
1919 3480 68 33 no
2017 3467 260 58 grandeur
2307 3466 56 46 in
2392 3466 93 46 her
2515 3464 114 55 evil,
2662 3478 55 32 as

460 3550 143 49 there
629 3553 42 46 is
697 3552 53 46 in
776 3546 302 52 Valmont's.
1105 3552 60 45 In
1190 3551 87 46 the
1303 3551 201 58 longest
1528 3551 145 45 letter
1700 3550 91 45 she
1816 3548 187 55 writes,
2030 3549 115 46 that
2170 3547 307 47 Baudelaire
2504 3546 212 60 praises,

459 3635 90 45 she
579 3634 262 46 confesses
870 3633 194 46 herself
1092 3633 125 46 with
1249 3647 56 32 so
1333 3632 210 47 curious
1573 3647 31 31 a
1633 3632 405 46 shamelessness
2068 3646 55 31 as
2153 3634 52 42 to
2236 3629 222 59 intrigue
2488 3644 112 31 one.
2659 3629 58 45 In

456 3717 305 61 comparing
798 3717 102 47 this
940 3717 83 45 for
1059 3717 92 45 her
1190 3715 182 47 Laclos
1411 3715 172 46 shows
1621 3714 88 46 the
1747 3717 136 43 most
1919 3713 205 47 sinister
2162 3712 109 47 side
2310 3712 56 46 of
2402 3712 80 45 his
2520 3710 195 59 genius.

460 3799 78 47 He
566 3800 173 46 shows
769 3800 92 45 her
890 3798 230 60 sterility,
1151 3799 92 45 her
1273 3799 259 57 depraved
1560 3796 357 60 imagination,
1949 3796 91 45 her
2068 3795 164 48 deceit
2259 3795 106 45 and
2393 3795 92 44 her
2515 3793 173 46 dissim-

461 3882 245 45 ulations:
746 3882 169 57 rarely
954 3881 87 46 the
1081 3877 358 50 humiliations
1478 3879 93 46 she
1608 3878 94 45 has
1741 3877 246 46 endured.
2061 3876 67 46 As
2166 3876 91 46 she
2295 3874 43 47 is
2376 3873 233 48 resolved
2649 3887 68 32 on

454 3961 86 47 the
565 3962 119 45 ruin
711 3962 55 45 of
792 3960 245 47 Valmont
1063 3960 90 47 she
1179 3959 171 47 writes
1378 3958 55 46 in
1457 3957 103 47 this
1587 3957 230 46 fashion:
2114 3969 96 46 par
2235 3958 143 43 votre
2405 3952 310 61 reputation,

454 4043 34 45 il
518 4057 83 33 me
631 4042 239 47 sembloit
899 4055 99 44 que
1028 4055 128 33 vous
1186 4040 276 58 manquiez
1493 4054 29 30 a
1552 4054 86 30 ma
1666 4038 177 60 gloire;
1875 4038 49 59 je
1953 4038 197 45 brulois
2181 4038 63 45 de
2272 4050 129 32 vous
2431 4036 286 46 combattre

461 4141 150 44 corps
644 4142 28 30 a
976 4125 100 45 She
1108 4125 42 45 is
1181 4128 92 42 not
1303 4137 128 33 even
1463 4137 29 30 a
1524 4121 255 55 criminal,
1812 4125 91 41 not
1935 4135 127 30 even
2092 4120 90 45 the
2210 4119 205 59 symbol
2447 4118 55 47 of
2533 4133 98 32 one
2664 4118 53 46 of
