3627 5331
816 4101 99 45 310

831 768 224 50 amiable
1079 768 141 50 band
1243 769 56 49 of
1320 773 163 56 poets,
1508 770 222 49 without
1750 772 87 48 the
1860 771 150 61 piffle
2035 772 56 48 of
2113 773 87 48 the
2225 776 185 58 teacup
2435 779 136 56 type,
2595 779 133 46 their
2753 779 115 47 hair
2891 779 192 58 closely

829 848 260 58 trimmed,
1119 850 134 48 their
1282 851 153 48 shoes
1464 851 515 61 thought-inspiring.
2044 852 82 48 All
2154 852 181 61 design
2365 868 70 33 on
2463 855 354 62 immortality,
2849 874 68 32 on
2949 861 133 44 seats

831 928 54 50 in
909 931 86 47 the
1020 929 278 63 Academy,
1323 933 69 47 all
1417 933 234 48 schemes
1677 931 82 50 for
1784 933 374 61 hoodwinking
2183 933 266 61 posterity,
2475 935 132 48 have
2634 937 129 47 been
2787 939 295 48 renounced

830 1013 70 62 by
926 1014 144 48 them
1097 1013 52 50 in
1179 1015 150 48 favor
1357 1016 57 47 of
1441 1016 173 60 ample
1641 1016 211 48 salaries
1883 1016 105 47 and
2016 1016 264 61 smoothly
2306 1016 228 61 running
2562 1022 301 45 motorcars.

997 1215 111 48 The
1146 1218 130 46 need
1317 1216 82 48 for
1437 1218 206 58 dealing
1682 1219 126 46 with
1847 1219 216 48 definite
2103 1219 148 57 facts,
2308 1220 83 47 for
2430 1220 205 61 writing
2675 1237 31 32 a
2744 1221 129 48 little
2929 1237 153 44 poem

832 1295 160 49 about
1024 1312 69 32 an
1124 1298 319 50 automobile
1473 1298 96 49 tire
1599 1314 58 32 or
1689 1314 31 33 a
1750 1299 116 60 pair
1896 1300 57 48 of
1983 1301 279 61 stockings,
2294 1302 147 48 lends
2473 1301 134 49 their
2639 1304 146 45 work
2818 1317 69 34 an
2918 1304 165 47 exotic

823 1373 166 49 flavor
1019 1406 69 6 —
1121 1377 182 55 exotic,
1340 1379 22 45 I
1399 1392 107 47 say,
1543 1380 124 59 only
1701 1381 156 46 when
1889 1380 198 49 viewed
2122 1382 287 60 externally
2446 1384 104 46 and
2585 1382 321 61 objectively,
2944 1384 139 46 since

829 1455 38 48 it
887 1457 41 47 is
954 1473 30 30 a
1006 1458 251 60 perfectly
1280 1459 305 59 indigenous
1610 1462 237 58 product.
1906 1460 217 49 Outside
2145 1462 56 46 of
2223 1464 144 46 these
2390 1464 277 55 accidents,
2691 1464 134 48 their
2849 1464 234 55 motives,

832 1538 29 47 i.
890 1553 58 41 e.,
973 1543 53 43 to
1053 1541 91 46 sell
1169 1555 29 32 a
1225 1544 141 57 story
1392 1556 59 32 or
1474 1556 32 32 a
1530 1541 171 56 belief,
1725 1546 53 44 to
1803 1543 88 48 the
1914 1542 194 61 public,
2135 1543 127 48 with
2286 1544 227 61 burning
2540 1545 243 60 sincerity
2808 1548 106 47 and
2939 1546 144 60 vigor

828 1618 56 45 of
907 1620 145 57 style,
1077 1620 193 59 closely
1294 1621 218 58 parallel
1537 1622 147 47 those
1710 1621 56 47 of
1789 1623 87 47 the
1902 1624 86 45 old
2011 1623 394 61 minnesingers,
2433 1639 57 32 or
2516 1624 56 48 of
2597 1625 356 60 Shakespeare
2980 1626 103 46 and

831 1698 225 58 Moliere,
1095 1699 308 63 immensely
1441 1704 285 47 successful
2226 1705 55 47 in
2319 1706 137 47 their
2491 1707 119 60 day.

994 1943 94 47 Let
1115 1956 61 34 us
1204 1943 237 49 consider
1470 1944 83 49 for
1581 1960 31 33 a
1639 1950 235 44 moment
1904 1946 171 49 Keats'
2101 1946 170 49 adroit
2299 1947 120 48 line:

1017 2097 168 78 The
1234 2099 301 77 beaded
1585 2100 333 78 bubbles
1967 2100 358 97 winking
2374 2115 72 65 at
2496 2102 130 78 the
2677 2102 200 78 brim

827 2281 102 44 and
957 2280 109 45 also
1094 2281 240 48 consider
1360 2281 87 49 the
1475 2295 329 47 anonymous
1832 2283 180 59 genius
2038 2285 120 46 who
2186 2287 177 45 wrote:

1263 2444 272 56 MEATY
1578 2446 411 57 MARROWY
2033 2449 292 56 OXTAIL
2368 2450 275 56 JOINTS

990 2700 111 46 The
1145 2700 217 49 motives
1408 2701 57 47 of
1509 2701 145 49 these
1699 2706 103 44 two
1849 2716 176 48 young
2071 2718 121 33 men
2233 2734 68 6 —
2347 2705 22 46 I
2415 2706 121 47 take
2582 2706 39 47 it
2665 2707 114 48 that
2825 2708 86 47 the
2957 2723 90 32 con-

826 2783 300 57 temporary
1172 2785 122 55 poet
1340 2782 43 46 is
1432 2783 110 47 also
1590 2794 175 48 young
1813 2784 103 47 and
1961 2784 151 49 bears
2162 2800 31 32 a
2241 2785 241 48 sensitive
2529 2788 105 45 and
2684 2787 196 47 wistful
2930 2787 148 59 spirit

823 2860 223 47 beneath
1076 2861 87 47 the
1193 2861 150 47 mask
1374 2861 56 46 of
1458 2861 82 48 his
1569 2863 193 60 closely
1792 2863 243 49 trimmed
2065 2865 117 47 hair
2213 2866 103 46 and
2347 2866 81 47 his
2460 2866 132 47 Hart
2623 2866 276 49 Schaffner
2931 2868 147 45 Marx

823 2940 103 48 suit
956 2969 68 7 —
1059 2941 86 47 the
1182 2941 217 49 motives
1435 2957 88 33 are
1558 2943 354 61 superficially
1948 2943 262 57 different,
2245 2945 140 48 since
2421 2947 87 46 the
2544 2948 150 45 latter
2731 2962 107 32 was
2875 2946 205 47 written

823 3020 82 49 for
938 3022 86 48 the
1056 3022 347 59 glorification
1435 3024 56 46 of
1522 3024 311 60 Campbell's
1868 3038 131 47 soup
2032 3026 103 46 and
2169 3027 86 47 the
2287 3026 196 48 former
2516 3026 81 48 for
2631 3028 113 47 that
2777 3028 54 46 of
2862 3028 216 59 Psyche,

822 3104 95 46 but
947 3105 122 59 they
1103 3105 128 47 both
1265 3104 167 49 arrive
1496 3110 54 43 at
1579 3106 87 47 the
1701 3120 143 33 same
1877 3107 116 55 end,
2027 3121 31 32 a
2092 3107 104 47 line
2230 3107 56 46 of
2318 3121 128 45 pure
2479 3111 199 57 poetry,
2711 3109 71 59 by
2815 3109 86 47 the
2938 3124 141 32 same

823 3186 195 45 mental
1060 3197 282 45 processes.
1423 3187 129 47 Save
1596 3187 113 47 that
1753 3187 87 48 the
1885 3187 314 60 advertising
2244 3188 175 48 writer
2463 3189 153 58 being
2661 3189 234 47 immune
2942 3190 137 46 from

823 3264 86 46 the
944 3264 252 60 blighting
1231 3266 200 47 attacks
1467 3267 56 46 of
1556 3280 143 35 some
1733 3270 403 58 contemporary
2171 3268 308 59 Edinburgh
2515 3269 206 48 Review
2764 3264 191 66 (surely
2993 3269 87 47 the

823 3344 223 49 Atlantic
1074 3346 238 59 Monthly
1342 3347 175 47 would
1546 3362 157 33 never
1732 3362 103 45 pay
1866 3348 111 47 him
2006 3350 129 46 such
2166 3350 270 58 unseemly
2468 3351 101 45 and
2601 3352 140 45 cruel
2772 3344 299 61 attentions)

823 3442 99 33 can
955 3430 222 58 proceed
1213 3427 128 47 with
1378 3429 88 47 the
1499 3433 196 44 utmost
1731 3429 235 48 freedom
2003 3429 54 48 in
2093 3429 81 49 his
2210 3429 181 50 choice
2426 3431 56 47 of
2519 3431 138 47 form
2696 3446 60 33 or
2794 3431 195 49 diction
3026 3437 53 42 to

823 3507 127 47 such
983 3507 218 45 modern
1231 3506 177 59 flights
1440 3520 74 33 as:

1176 3697 199 60 velvety
1415 3698 172 47 clutch
1625 3700 252 57 responds
1916 3703 51 43 to
2007 3700 86 47 the
2129 3705 190 42 merest
2354 3715 241 46 pressure
2635 3738 10 10 .
2687 3739 11 10 .
2738 3739 9 10 .
2788 3704 87 46 the
2910 3703 166 59 pliant

823 3777 91 46 but
939 3779 219 57 positive
1179 3793 148 45 gears
1356 3792 190 46 engage
1572 3777 206 61 silently
1806 3785 52 41 at
1884 3794 31 32 a
1942 3780 155 47 touch
2125 3781 55 57 of
2207 3782 86 45 the
2320 3782 307 45 convenient
2655 3783 202 45 control
2884 3819 76 10 ...
2991 3783 85 46 the

823 3860 391 59 compensating
1246 3860 179 58 spring
1456 3860 309 58 suspension
1800 3859 245 48 cushions
2079 3860 86 46 the
2200 3874 86 34 car
2317 3860 173 60 gently
2526 3875 121 33 over
2680 3862 142 59 ridge
2856 3865 105 45 and
2993 3866 83 42 rut

824 3951 57 36 as
916 3942 37 45 it
985 3940 161 59 clings
1179 3947 50 41 to
1265 3943 61 44 its
1361 3954 181 33 course
1578 3940 388 61 unwaveringly
