3627 5331
2769 4145 97 49 247

618 804 111 49 face
767 805 86 48 the
894 804 187 61 stigma
1121 805 56 47 of
1214 805 114 49 that
1365 811 143 55 great
1546 807 284 54 weakness,
1869 810 223 50 treason,
2133 807 275 58 appeared.
2485 806 167 47 There
2692 820 107 31 was
2839 819 30 32 a

610 900 177 48 young
812 901 126 33 man
962 887 121 48 who
1107 887 58 49 in
1188 889 88 47 the
1303 904 173 33 excess
1502 889 56 47 of
1583 890 81 47 his
1690 901 189 48 energy
1907 902 106 34 saw
2041 903 57 32 so
2125 888 182 59 deeply
2334 888 108 48 into
2467 888 173 61 things
2667 888 113 48 that
2805 887 64 48 he

609 969 347 47 transcended
981 969 87 48 the
1094 969 160 50 limits
1282 971 57 48 of
1363 972 134 60 good
1524 972 105 46 and
1657 971 116 46 evil:
1803 970 65 46 he
1894 969 208 48 refused
2129 973 53 43 to
2209 969 130 47 heed
2365 984 98 41 me,
2491 970 94 47 but
2610 970 120 48 how
2756 973 113 44 vast

608 1047 78 51 his
730 1050 226 60 projects
1003 1052 152 46 were!
1222 1052 206 60 Finally
1474 1053 69 45 all
1589 1052 79 45 his
1717 1050 180 47 efforts
1943 1065 134 32 were
2141 1051 159 47 about
2363 1056 52 41 to
2478 1052 63 46 be
2604 1052 262 53 crowned;

612 1130 205 56 wealth,
853 1146 31 33 a
922 1130 321 64 desperately
1277 1132 170 61 lovely
1481 1131 215 56 fiancee,
1734 1131 245 47 fabulous
2016 1130 209 49 honors.
2295 1131 212 47 Success
2561 1131 21 46 I
2620 1146 120 40 saw,
2777 1131 92 46 but

614 1209 92 48 hid
768 1211 138 47 from
968 1213 126 56 him,
1157 1227 107 36 was
1326 1213 234 49 destined
1619 1218 53 43 to
1734 1213 257 49 demolish
2053 1215 69 46 all
2182 1228 128 32 even
2369 1214 88 47 the
2516 1227 238 46 memory
2816 1212 53 47 of

615 1292 81 49 his
726 1301 119 55 past
875 1295 383 61 irregularities.
1325 1297 161 56 Then,
1520 1298 125 47 then
1676 1297 20 46 I
1729 1296 298 48 insinuated
2056 1311 31 32 a
2117 1295 112 61 tiny
2263 1295 162 48 doubt
2457 1295 110 48 into
2599 1295 79 49 his
2711 1296 158 54 veins,

610 1378 106 46 and
747 1377 39 47 it
818 1377 204 48 twisted
1054 1378 80 48 his
1166 1378 171 48 whole
1369 1378 217 60 destiny.
1646 1378 162 48 What
1838 1393 31 32 a
1901 1378 155 61 sight:
2090 1378 22 46 I
2144 1378 243 47 attended
2418 1378 88 47 the
2539 1377 330 47 death-rattle

615 1455 57 46 of
692 1472 31 31 a
747 1457 201 48 human
971 1458 120 48 will.
1135 1460 111 45 The
1270 1472 175 48 young
1469 1474 124 31 man
1617 1461 296 45 renounced
1938 1461 67 44 all
2029 1460 114 46 that
2166 1460 65 46 he
2256 1460 104 45 had
2386 1473 57 33 so
2468 1458 175 60 avidly
2667 1458 201 59 sought,

613 1539 83 46 for
732 1539 174 47 which
945 1540 66 47 he
1046 1541 106 47 had
1188 1546 91 42 not
1315 1542 209 59 quailed
1561 1546 52 43 at
1650 1542 325 60 committing
2012 1542 202 48 crimes.
2286 1542 116 48 And
2441 1544 67 44 all
2547 1545 53 44 at
2637 1556 128 32 once
2804 1541 64 47 he

611 1621 245 58 accepted
887 1621 129 47 exile
1046 1637 55 32 as
1132 1637 30 32 a
1193 1623 188 59 beggar
1410 1627 53 43 to
1491 1623 89 48 the
1608 1623 332 59 possibilities
1970 1624 56 45 of
2055 1638 30 32 a
2116 1623 218 47 disaster
2364 1623 174 47 which
2568 1623 55 47 in
2652 1638 70 33 no
2751 1637 117 33 case

612 1704 176 45 would
822 1703 131 47 have
986 1702 151 61 given
1170 1703 112 46 him
1314 1718 56 33 as
1403 1704 160 46 much
1595 1703 190 60 misery
1818 1719 55 33 as
1908 1705 64 46 he
2005 1704 165 47 faced.
2235 1704 129 47 Now
2397 1704 113 48 that
2542 1705 87 47 the
2662 1709 207 55 serpent

610 1785 220 57 gnawed
858 1783 126 56 him,
1016 1785 143 47 what
1186 1798 107 35 was
1321 1785 40 46 it
1391 1785 64 46 he
1483 1796 126 47 gave
1638 1784 237 60 sneering
1904 1789 52 42 to
1986 1798 30 33 a
2045 1785 182 46 wench
2259 1785 57 46 of
2344 1787 87 45 the
2458 1785 307 60 provinces?
2824 1785 45 46 It

614 1875 108 35 was
752 1865 88 47 the
870 1863 331 61 photograph
1232 1865 55 46 of
1317 1865 80 47 his
1429 1863 201 48 fiancee
1660 1864 174 46 which
1867 1865 63 45 he
1962 1864 105 47 had
2099 1864 91 47 hid
2220 1865 56 46 in
2307 1865 78 47 his
2416 1866 172 47 breast
2620 1866 154 46 when
2805 1866 64 45 he

613 1941 91 49 did
731 1949 92 42 not
851 1944 129 61 keep
1010 1945 39 48 it
1075 1947 52 45 to
1158 1945 79 48 his
1266 1945 279 61 trembling
1571 1944 115 60 lips.
1741 1944 139 47 Such
1910 1961 134 39 men,
2075 1961 89 45 my
2194 1946 124 46 dear
2347 1947 83 55 sir,
2462 1947 21 45 I
2513 1947 133 47 have
2673 1947 196 47 known

610 2041 31 33 a
672 2027 242 47 hundred
944 2029 128 47 such
1104 2041 56 33 as
1191 2028 79 47 he.

781 2107 115 46 And
923 2106 88 48 the
1036 2120 219 42 women,
1283 2107 137 60 why,
1448 2107 42 46 if
1514 2121 90 46 my
1629 2107 252 47 demands
1909 2108 105 46 had
2040 2108 130 48 been
2198 2108 184 48 within
2408 2124 186 33 reason
2619 2124 123 45 very
2768 2111 101 46 few

613 2185 56 47 of
691 2185 143 48 them
858 2190 175 45 would
1056 2186 132 48 have
1210 2188 215 47 resisted
1449 2203 98 33 me.
1570 2188 104 48 But
1694 2189 39 47 it
1754 2194 140 42 must
1916 2191 157 46 needs
2096 2190 63 48 be
2182 2191 113 47 that
2318 2192 88 46 the
2429 2206 209 33 woman
2660 2192 209 47 forsake

615 2268 69 46 all
723 2273 52 42 to
817 2268 178 47 follow
1036 2284 98 40 me,
1176 2270 113 47 that
1331 2270 90 47 she
1461 2271 63 46 be
1565 2285 90 45 my
1696 2284 121 33 own
1857 2273 231 54 shadow,
2132 2288 127 31 even
2299 2274 88 46 the
2426 2274 216 46 shadow
2684 2274 55 46 of
2780 2289 89 44 my

611 2349 231 49 shadow.
892 2350 161 49 What
1077 2350 250 62 intrigues
1354 2352 22 48 I
1402 2355 231 45 resorted
1658 2357 53 43 to
1737 2355 124 59 only
1887 2358 53 43 to
1968 2369 82 33 see
2077 2355 100 48 rise
2202 2355 139 49 from
2366 2356 89 48 the
2481 2357 186 59 depths
2695 2356 55 48 of
2776 2357 92 46 her

610 2432 223 61 trusting
864 2433 175 60 pupils
1074 2433 86 48 the
1195 2438 198 55 spectre
1427 2434 55 48 of
1517 2435 164 47 doubt
1713 2436 105 46 and
1850 2437 287 59 treachery.
2204 2437 49 46 If
2285 2437 92 47 she
2409 2439 154 46 knew
2600 2454 84 32 me
2717 2442 53 43 to
2804 2438 64 47 be

610 2512 285 62 struggling
926 2513 127 47 with
1085 2529 143 33 some
1259 2516 210 47 terrible
1499 2516 157 56 force,
1688 2517 87 47 the
1807 2517 166 59 police
2007 2518 82 47 for
2121 2520 251 57 example,
2405 2519 23 46 I
2458 2520 167 46 tasted
2656 2523 54 44 at
2740 2521 128 46 least

611 2593 86 48 the
722 2594 393 60 incomparable
1137 2598 238 57 pleasure
1401 2597 56 46 of
1483 2597 93 47 her
1601 2598 315 60 complicity.
1964 2598 161 48 What
2149 2613 32 32 a
2206 2604 206 55 strange
2437 2600 194 60 delight
2654 2601 145 47 there
2824 2600 42 48 is

610 2674 55 47 in
691 2677 114 47 love
830 2678 337 58 exasperated
1194 2676 70 60 by
1292 2678 194 60 danger
1513 2678 106 47 and
1645 2678 174 48 crime.
1873 2680 216 58 Forgive
2116 2695 84 32 me
2226 2681 44 46 if
2297 2681 22 45 I
2347 2686 193 43 cannot
2563 2695 303 47 pronounce

611 2753 113 50 that
759 2758 147 45 word
939 2755 221 49 without
1193 2756 261 61 laughing.
1524 2757 205 48 Certain
1765 2760 55 45 of
1856 2761 342 58 catastrophe,
2236 2761 21 45 I
2293 2763 125 45 read
2452 2762 88 46 the
2573 2762 296 59 passionate

613 2834 239 49 disbelief
878 2836 55 48 in
956 2837 149 49 those
1127 2841 270 56 possessed
1424 2853 132 46 eyes,
1582 2840 89 47 the
1696 2843 195 45 mental
1916 2841 292 48 restriction
2234 2843 55 46 of
2314 2844 86 47 the
2426 2843 252 48 instincts.
2730 2844 137 47 Unto

615 2916 170 58 death,
825 2919 92 48 she
954 2918 129 56 said;
1124 2920 93 48 but
1254 2921 83 46 for
1375 2921 206 55 herself,
1619 2922 220 60 nothing
1876 2924 94 46 but
2005 2924 88 46 the
2127 2924 196 58 prison.
2396 2925 102 46 For
2534 2930 87 43 ten
2658 2940 148 45 years
2845 2926 21 45 I

613 3001 156 45 could
796 3005 93 42 not
914 3013 141 46 grow
1085 3002 131 47 tired
1243 3003 57 46 of
1326 3003 110 55 her;
1469 3018 68 32 on
1565 3005 92 46 her
1685 3005 116 46 face
1826 3006 143 45 there
1998 3021 106 32 was
2132 3007 87 45 the
2246 3021 123 45 very
2398 3021 142 33 same
2569 3008 300 60 expression

610 3095 56 33 as
699 3081 113 47 that
845 3081 55 47 of
932 3097 89 45 my
1052 3083 287 50 mistresses
1371 3088 54 43 at
1455 3084 88 47 the
1574 3090 232 43 moment
1838 3086 154 47 when
2023 3087 89 47 the
2142 3086 312 60 implacable
2486 3089 107 47 fate
2624 3089 242 47 knocked

610 3166 53 42 at
690 3163 87 46 the
807 3163 142 48 door.
1005 3163 41 46 A
1074 3176 124 46 gaze
1225 3179 145 32 more
1396 3165 272 61 charming
1696 3167 129 45 than
1853 3167 87 46 the
1970 3167 143 47 fresh
2141 3167 78 47 air
2247 3168 56 47 of
2331 3168 321 49 mountains:
2683 3174 52 43 at
2763 3169 103 49 this

610 3248 235 43 moment
874 3259 104 45 you
1009 3244 215 48 become
1252 3260 31 32 a
1311 3250 206 55 strange
1547 3248 105 45 and
1682 3247 158 60 living
1869 3248 319 60 personality
2218 3253 52 42 to
2303 3265 97 32 me.
2458 3250 169 48 Three
2657 3266 58 32 or
2746 3252 121 47 four

613 3335 134 34 were
773 3338 57 31 so
855 3323 256 48 beautiful
1134 3326 115 46 that
1273 3326 21 45 I
1320 3327 155 44 could
1499 3331 91 42 not
1614 3327 124 45 bear
1762 3327 113 48 that
1897 3329 123 58 they
2046 3329 190 46 should
2261 3330 206 47 survive
2490 3331 102 47 this
2619 3336 247 42 moment.

612 3404 159 48 What
794 3407 155 46 could
970 3407 123 60 they
1117 3407 132 47 have
1271 3407 151 61 given
1444 3423 85 32 me
1549 3410 134 46 after
1707 3410 128 46 such
1859 3424 30 32 a
1911 3411 121 46 look
2043 3413 23 44 ?
2112 3411 148 60 They
2280 3414 156 46 could
2457 3417 92 43 not
2572 3414 294 60 extinguish

613 3482 323 50 themselves.
992 3486 115 50 And
1136 3488 22 45 I
1188 3487 102 48 still
1321 3504 81 33 see
1431 3489 158 55 them,
1621 3492 274 57 strangled,
1928 3491 127 46 with
2085 3491 295 49 disheveled
2410 3493 130 49 hair.
2597 3495 181 55 Three,
2811 3510 58 31 or

610 3566 152 48 four?

780 3649 75 46 To
878 3651 94 45 ask
997 3665 152 45 every
1172 3666 98 31 one
1292 3652 81 46 for
1396 3666 30 31 a
1449 3658 232 41 moment
1704 3653 56 45 of
1783 3653 78 47 his
1886 3654 88 46 life
2084 3655 37 47 it
2146 3670 106 32 was
2275 3657 87 46 the
2386 3662 108 41 cost
2517 3658 55 45 of
2594 3659 102 44 this
2719 3672 118 44 prac-

608 3730 97 48 tice
729 3730 112 49 that
866 3733 152 47 made
1044 3748 83 32 me
1152 3734 201 46 neither
1379 3734 250 48 Lovelace
1653 3750 97 32 nor
1778 3736 158 47 Satan
1959 3737 94 46 but
2078 3737 238 49 Grindor.
2369 3739 232 47 Clement
2628 3739 236 56 Grindor,

608 3813 134 55 who,
777 3813 41 46 if
849 3813 65 48 he
946 3815 242 47 detaches
1221 3815 81 47 his
1337 3815 198 60 history
1569 3816 138 47 from
1738 3819 113 44 that
1884 3818 55 45 of
1969 3819 87 44 the
2088 3819 325 59 generations
2447 3824 52 42 to
2533 3820 193 57 follow,
2760 3822 106 46 will

609 3890 158 47 know
798 3890 213 50 himself
1040 3907 68 34 an
1139 3896 126 44 arch
1296 3897 137 57 type.
1492 3896 114 46 You
1637 3896 130 47 have
1797 3897 226 59 perhaps
2056 3897 258 60 forgotten
2344 3901 86 45 the
2462 3900 254 48 Eleonore
2747 3902 119 46 who

608 3971 307 52 introduced
940 3991 83 32 me
1046 3981 53 43 to
1122 3977 57 47 B.
1205 3979 106 46 and
1337 3982 52 43 to
1415 3978 468 62 Mau-la-Sagesse?
1933 3979 103 48 She
2060 3980 105 47 had
2188 3981 243 49 incurred
2456 3983 219 62 nothing
2700 3999 166 34 worse
