3627 5331
2819 4321 94 45 267

820 983 105 47 Her
965 999 117 45 eyes
1122 1000 137 48 grew
1298 991 139 61 large
1475 994 104 46 and
1617 995 189 47 looked
1843 1000 54 43 at
1935 1012 81 32 me
2057 998 195 61 fixedly
2292 1000 127 49 with
2458 1002 174 62 stupid
2670 1005 262 61 curiosity,

684 1075 56 33 as
773 1062 38 46 it
873 1068 204 45 seemed
1109 1072 53 43 to
1195 1085 83 32 me
1311 1077 52 42 at
1395 1073 130 48 first.
1592 1075 22 46 I
1649 1079 91 51 sat,
1773 1077 226 60 looking,
2033 1080 103 45 and
2170 1080 88 46 did
2292 1087 91 42 not
2414 1083 184 60 budge.
2669 1086 114 46 And
2814 1101 118 32 now

684 1145 257 61 suddenly
978 1148 21 45 I
1038 1165 107 34 was
1183 1156 186 45 moved
1406 1160 53 43 to
1498 1157 183 47 hatred
1719 1159 166 58 again.
1924 1160 101 47 But
2060 1176 124 45 very
2223 1177 128 33 soon
2389 1165 21 45 I
2448 1167 206 47 noticed
2692 1170 111 46 that
2841 1171 91 45 she

688 1236 106 36 was
830 1231 91 43 not
954 1229 171 49 afraid
1161 1233 55 46 of
1250 1249 81 33 me
1365 1241 52 42 at
1451 1238 82 54 all,
1570 1237 92 48 but
1693 1238 114 48 that
1842 1240 89 47 she
1966 1255 106 33 was
2105 1243 225 60 perhaps
2365 1245 53 47 in
2454 1261 29 31 a
2519 1247 255 48 delirium.
2841 1250 91 46 Yet

684 1307 92 46 she
816 1322 108 34 was
964 1316 93 43 not
1097 1314 276 50 delirious..
1415 1318 264 62 Suddenly
1720 1322 93 47 she
1850 1323 166 60 began
2056 1328 51 43 to
2149 1326 162 47 shake
2354 1327 90 47 her
2488 1329 133 46 head
2660 1335 53 42 at
2753 1347 82 31 me
2874 1346 56 33 as

682 1388 151 48 naive
866 1394 105 45 and
1003 1393 343 51 illmannered
1378 1402 184 57 people
1594 1402 66 46 do
1693 1402 55 46 in
1779 1405 267 58 reproach.
2079 1406 116 46 And
2228 1408 254 61 suddenly
2515 1411 90 47 she
2637 1410 171 48 raised
2840 1414 91 45 her

687 1467 127 49 little
847 1470 84 48 fist
962 1478 52 41 at
1045 1490 83 31 me
1159 1479 105 44 and
1295 1478 166 60 began
1492 1485 52 42 to
1576 1482 236 48 threaten
1842 1485 139 46 from
2013 1487 171 48 where
2217 1489 90 46 she
2340 1492 163 45 stood.
2571 1491 101 46 For
2703 1493 87 47 the
2822 1493 110 48 first

682 1557 235 42 moment
951 1554 102 48 this
1089 1561 203 54 gesture
1327 1563 203 44 seemed
1565 1563 169 60 funny
1766 1568 54 44 to
1855 1581 97 41 me,
1989 1568 92 47 but
2114 1570 189 48 almost
2339 1574 51 43 at
2426 1586 128 33 once
2590 1573 22 45 I
2649 1575 154 45 could
2839 1579 91 43 not

682 1629 124 48 bear
839 1632 53 47 it.
927 1634 167 49 There
1128 1651 107 33 was
1270 1641 129 45 such
1433 1642 206 59 despair
1671 1644 55 46 in
1762 1645 91 47 her
1889 1647 113 48 face
2035 1662 55 34 as
2124 1650 43 46 is
2201 1650 300 61 impossible
2536 1657 51 44 to
2623 1668 83 33 see
2740 1669 68 33 on
2841 1656 89 46 the

685 1708 113 50 face
830 1713 55 45 of
914 1728 30 31 a
974 1714 156 49 child.
1196 1718 103 48 She
1327 1722 123 59 kept
1481 1737 68 31 on
1580 1723 223 62 shaking
1831 1727 92 46 her
1952 1728 127 47 little
2108 1730 84 48 fist
2223 1735 51 43 at
2303 1748 82 30 me
2416 1734 378 61 threateningly
2825 1739 103 44 and

681 1793 235 60 wagging
953 1795 92 47 her
1081 1797 135 47 head
1252 1800 56 46 in
1343 1804 267 57 reproach.
1649 1805 22 45 I
1706 1811 86 54 got
1829 1822 69 44 up
1937 1811 104 44 and
2078 1812 188 45 moved
2300 1815 199 45 toward
2537 1816 90 45 her
2665 1817 261 61 fearfully,

682 1871 20 45 I
739 1872 168 61 began
944 1879 52 43 to
1033 1879 109 45 talk
1179 1883 55 43 to
1273 1881 93 46 her
1402 1882 185 60 kindly
1623 1884 55 47 in
1714 1899 31 32 a
1782 1887 116 55 low,
1937 1889 236 49 cautious
2209 1892 158 57 voice,
2407 1894 94 47 but
2538 1910 107 32 saw
2683 1898 114 47 that
2836 1899 91 46 she

680 1955 212 46 wouldn
912 1960 20 42 t
976 1959 319 47 understand
1340 1977 98 32 me.
1483 1964 148 46 Then
1675 1966 255 61 suddenly
1974 1970 91 45 she
2109 1971 166 47 threw
2321 1973 93 47 her
2457 1976 168 47 hands
2670 1992 121 32 over
2836 1980 91 44 her

684 2032 126 57 face,
843 2049 55 33 as
930 2037 90 47 she
1051 2038 105 47 had
1186 2041 132 47 done
1348 2043 137 55 then,
1518 2047 188 45 moved
1735 2060 149 47 away
1914 2051 104 44 and
2049 2053 147 44 stood
2228 2057 52 41 at
2309 2054 86 46 the
2426 2055 223 47 window
2680 2059 126 45 with
2836 2060 92 45 her

682 2113 133 47 back
839 2119 188 45 turned
1048 2122 201 45 toward
1273 2137 96 33 me.
1411 2123 21 45 I
1456 2127 244 44 returned
1723 2131 51 41 to
1798 2142 88 45 my
1911 2143 148 33 room
2082 2132 105 45 and
2209 2134 109 45 also
2344 2136 172 45 seated
2538 2138 189 57 myself
2749 2138 69 59 by
2841 2140 85 46 the

679 2194 240 50 window.
960 2198 21 45 I
1021 2205 192 42 cannot
1251 2203 232 59 possibly
1521 2206 320 47 understand
1879 2209 122 59 why
2041 2210 21 46 I
2101 2211 89 47 did
2228 2218 90 42 not
2357 2215 143 47 leave
2538 2216 139 56 then,
2719 2219 92 46 but
2851 2234 49 31 re-

678 2276 207 47 mained
915 2292 55 32 as
1001 2280 199 60 though
1231 2282 212 61 waiting
1472 2285 82 45 for
1582 2287 293 60 something
1903 2293 52 43 to
1986 2290 224 61 happen.
2242 2293 140 48 Soon
2412 2296 21 45 I
2464 2297 162 47 heard
2655 2299 92 46 her
2776 2300 149 59 rapid

681 2359 135 55 steps
847 2358 166 59 again.
1063 2360 101 47 She
1192 2365 186 55 passed
1406 2364 226 60 through
1662 2369 86 45 the
1779 2369 127 46 door
1935 2385 67 32 on
2030 2375 53 43 to
2112 2386 30 32 a
2172 2375 218 46 wooden
2419 2378 193 59 gallery
2642 2380 172 45 which
2844 2382 82 45 led

677 2437 154 48 down
865 2443 51 42 to
951 2441 89 47 the
1073 2442 165 56 stairs,
1275 2446 104 46 and
1414 2445 21 45 I
1469 2446 353 63 immediately
1856 2464 96 33 ran
1986 2456 52 42 to
2074 2468 88 44 my
2195 2455 144 56 door,
2375 2458 106 45 and
2515 2460 199 58 opened
2748 2461 38 46 it
2819 2461 105 59 just

678 2516 54 46 in
763 2519 124 47 time
918 2523 52 43 to
1001 2522 169 47 notice
1201 2523 112 47 that
1346 2524 286 49 Matriosha
1664 2529 104 45 had
1800 2534 213 56 stepped
2045 2533 109 46 into
2184 2549 31 31 a
2245 2536 112 59 tiny
2388 2537 212 57 cubicle,
2634 2542 291 59 something

674 2597 102 48 like
806 2613 30 32 a
864 2600 272 62 hen-coop,
1168 2604 240 59 adjacent
1436 2610 53 43 to
1517 2609 218 46 another
1765 2611 212 48 cubicle.
2008 2612 41 46 A
2079 2628 124 46 very
2233 2617 208 48 curious
2469 2619 222 61 thought
2719 2622 204 46 flashed

672 2675 225 64 through
929 2694 89 47 my
1050 2682 161 47 mind.
1278 2684 144 49 Even
1454 2700 119 33 now
1605 2688 22 45 I
1660 2695 192 42 cannot
1884 2692 320 49 understand
2236 2696 121 60 why
2388 2698 39 46 it
2458 2700 256 61 suddenly
2747 2717 146 31 occur-

675 2762 90 45 red
793 2766 52 42 to
875 2777 97 42 me,
1002 2765 173 59 things
1205 2772 140 42 must
1373 2769 132 47 have
1534 2772 83 45 led
1646 2775 52 42 to
1726 2772 54 47 it.
1813 2772 21 46 I
1865 2774 173 48 closed
2068 2777 88 46 the
2185 2777 127 48 door
2341 2781 107 46 and
2477 2782 151 59 again
2660 2788 78 44 sat
2767 2785 154 46 down

678 2846 53 42 at
769 2841 86 48 the
894 2844 240 49 window.
1211 2846 70 47 Of
1317 2861 196 43 course,
1554 2850 39 47 it
1631 2866 106 32 was
1777 2853 103 46 still
1917 2854 301 60 impossible
2254 2863 53 42 to
2344 2860 194 49 believe
2576 2863 88 47 the
2702 2865 220 60 thought

671 2920 111 48 that
822 2922 104 46 had
968 2939 145 32 come
1153 2931 51 42 to
1246 2943 82 33 me
1908 2973 9 9 .
2050 2932 41 61 (I
2132 2942 290 45 remember
2462 2945 314 60 everything,
2819 2948 101 45 and

674 3016 87 46 my
788 3004 147 49 heart
959 3006 119 48 beat
1103 3005 290 65 violently).

844 3166 40 45 A
916 3167 197 48 minute
1145 3170 127 46 later
1302 3171 21 45 I
1355 3173 188 46 looked
1573 3179 53 42 at
1655 3191 88 44 my
1774 3178 169 46 watch
1974 3183 52 42 to
2059 3194 81 32 see
2171 3184 200 57 exactly
2402 3184 141 46 what
2573 3185 125 47 time
2728 3186 39 47 it
2797 3202 122 33 was.

679 3243 139 61 Why
856 3247 20 44 I
916 3249 197 45 needed
1149 3251 113 45 that
1299 3252 258 57 precision
1596 3255 21 44 I
1657 3257 66 44 do
1763 3262 90 41 not
1892 3258 171 55 know,
2102 3260 94 47 but
2235 3262 21 45 I
2295 3277 106 32 was
2441 3266 217 57 capable
2695 3267 56 45 of
2790 3269 129 44 such

671 3326 333 56 carefulness,
1041 3330 106 44 and
1180 3333 275 57 generally,
1493 3338 51 41 at
1579 3334 113 47 that
1727 3341 244 52 moment,
2010 3339 21 45 I
2067 3342 206 46 wanted
2306 3346 54 43 to
2395 3343 169 48 notice
2600 3347 316 61 everything.

671 3406 67 45 So
771 3406 113 47 that
919 3407 140 48 what
1094 3410 21 44 I
1147 3410 206 47 noticed
1385 3412 138 55 then,
1561 3413 22 46 I
1617 3416 288 46 remember
1937 3433 120 31 now
2092 3420 263 61 distinctly
2389 3425 105 45 and
2528 3440 82 32 see
2643 3426 39 47 it
2715 3441 56 35 as
2805 3428 42 45 if
2881 3428 38 46 it

674 3502 131 32 were
842 3489 297 61 happening
1174 3492 179 48 before
1388 3509 89 45 my
1513 3510 123 46 very
1673 3512 132 44 eyes.
1842 3499 234 61 Evening
2112 3517 106 33 was
2255 3504 205 60 coming
2498 3522 83 33 on.
2619 3508 40 46 A
2698 3510 76 59 fly
2810 3524 106 33 was

675 3567 219 62 buzzing
919 3571 256 46 overhead
1198 3575 105 45 and
1326 3575 124 58 kept
1472 3576 248 60 alighting
1744 3594 68 33 on
1835 3595 89 44 my
1947 3582 127 46 face.
2118 3583 20 45 I
2162 3586 190 58 caught
2375 3586 51 55 it,
2451 3589 123 58 kept
2598 3589 38 47 it
2659 3591 188 47 awhile
2864 3592 54 45 in

671 3663 89 46 my
795 3650 208 61 fingers,
1041 3654 105 45 and
1181 3655 69 45 let
1284 3654 39 46 it
1358 3655 76 60 fly
1471 3661 90 44 out
1595 3658 56 46 of
1684 3660 87 46 the
1807 3661 239 50 window.
2085 3663 40 46 A
2162 3670 111 43 cart
2308 3668 240 47 rumbled
2583 3670 188 60 noisily
2806 3672 109 46 into

670 3730 87 48 the
793 3733 293 58 courtyard.
1125 3734 60 47 In
1220 3736 86 46 the
1341 3750 185 33 corner
1561 3739 56 46 of
1650 3740 88 48 the
1773 3745 279 57 courtyard
2086 3759 32 31 a
2151 3746 153 47 tailor
2339 3753 53 41 at
2428 3749 81 46 his
2545 3749 226 48 window
2808 3766 105 32 was

670 3810 202 62 singing
901 3827 30 32 a
960 3827 126 46 song
1115 3829 125 45 very
1270 3817 193 59 loudly.
1497 3818 79 47 He
1605 3834 108 34 was
1744 3821 175 61 sitting
1947 3828 53 43 at
2030 3825 78 46 his
2140 3827 146 46 work
2319 3829 104 45 and
2454 3829 22 45 I
2505 3832 154 44 could
2692 3846 81 33 see
2804 3832 109 46 him

670 3889 213 59 plainly.
910 3891 44 48 It
980 3897 247 44 occurred
1252 3898 52 44 to
1331 3911 81 33 me
1438 3898 112 47 that
1577 3898 138 48 since
1741 3901 211 60 nobody
1976 3909 104 41 met
2106 3920 83 31 me
2215 3906 153 47 when
2393 3908 21 45 I
2441 3923 106 32 was
2574 3910 230 60 entering
2828 3912 86 47 the

666 3976 141 55 gates
833 3976 105 44 and
965 3975 154 47 while
1146 3976 21 45 I
1195 3992 106 33 was
1328 3979 152 59 going
1507 3981 240 59 upstairs,
1775 3983 38 47 it
1838 3986 175 45 would
2038 3986 63 47 be
2129 3988 158 46 much
2313 3988 164 48 better
2501 3990 43 47 if
2569 3992 212 61 nobody
2807 4009 106 32 saw

670 4064 82 34 me
782 4065 55 34 as
870 4054 22 44 I
925 4058 137 43 went
1095 4056 321 58 downstairs,
1450 4062 104 44 and
1587 4061 21 45 I
1639 4062 291 61 cautiously
1963 4068 185 45 moved
2180 4082 89 45 my
2300 4069 146 47 chair
2477 4085 150 46 away
2658 4074 139 45 from
2828 4075 86 45 the

670 4132 222 48 window
921 4149 57 32 so
1007 4136 111 48 that
1146 4138 85 47 the
1259 4143 203 45 tenants
1492 4144 154 45 could
1675 4148 90 43 not
1794 4160 83 32 see
1904 4161 98 33 me.
2031 4148 22 45 I
2080 4149 123 46 took
2234 4163 30 33 a
2293 4151 137 47 book
2460 4153 94 49 but
2582 4169 127 33 soon
2738 4162 109 42 cast
2875 4158 37 46 it
