4140 5585
970 4906 38 55 4

1012 685 73 73 Si
1115 704 185 53 vous
1336 680 321 94 essayiez
1690 701 101 51 un
1823 704 144 70 peu
1998 677 67 73 le
2098 680 321 90 système
2453 680 112 68 dit
2599 674 103 72 du
2736 674 323 72 «Pardon
3093 670 127 75 des
3259 672 334 73 Offenses
3620 697 27 38 »
3672 669 39 74 ?

872 780 91 68 Je
994 802 186 46 vous
1214 801 249 49 assure
1495 777 183 90 qu'il
1710 797 44 48 a
1788 777 100 66 du
1921 775 150 68 bon
2104 796 97 47 au
2235 775 213 88 point
2482 774 91 66 de
2606 790 144 48 vue
2782 772 93 66 de
2909 775 211 63 notre
3154 768 192 90 petit
3378 768 335 66 bonheur

873 875 408 86 quotidien.
1334 873 91 68 Je
1476 892 92 46 ne
1617 890 117 46 me
1786 870 205 88 place
2042 868 174 88 qu'à
2269 887 79 47 ce
2397 867 212 88 point
2661 863 92 68 de
2800 884 168 61 vue,
3022 863 313 88 n'ayant
3385 862 74 67 ni
3510 879 203 50 assez

872 967 426 79 d'autorité,
1341 967 74 66 ni
1456 984 203 49 assez
1696 963 479 86 d'envergure
2214 980 187 69 pour
2443 980 88 48 en
2572 956 267 70 choisir
2875 978 101 46 un
3017 961 237 63 autre.

2744 1117 229 69 MAX
3012 1115 325 70 JACOB.

1512 1366 145 83 La
1737 1366 289 81 lettre
2086 1363 134 83 du
2272 1366 290 102 poète
2619 1361 469 83 moderne

1166 1569 227 70 Chère
1437 1568 196 67 Irma
1672 1568 198 88 (trop
1914 1566 210 68 chère
2162 1585 188 69 pour
2387 1585 103 47 un
2529 1563 273 89 poète),

1027 1706 107 68 La
1171 1705 345 68 berceuse
1555 1705 232 68 éclate
1826 1723 97 48 au
1962 1703 203 66 bruit
2204 1701 125 68 des
2372 1700 370 88 cymbales
2783 1701 76 63 et
2897 1698 66 66 le
3003 1696 434 68 chalumeau
3477 1698 43 66 à
3559 1715 123 46 sou-

888 1800 181 66 dure
1105 1798 362 86 autogène
1505 1798 364 85 remplace
1894 1796 110 66 les
2041 1795 422 67 allumettes
2500 1813 187 66 pour
2722 1791 102 66 les
2861 1791 279 87 lampes
3179 1791 41 64 à
3259 1808 157 46 arcs
3450 1788 15 66 !
3506 1786 90 68 Je
3633 1805 90 47 ne

888 1911 200 66 peux
1117 1910 117 45 me
1264 1891 342 66 rassasier
1638 1891 100 63 du
1772 1908 175 46 vase
1979 1888 89 64 de
2099 1891 212 61 votre
2345 1906 199 46 cœur
2602 1884 198 70 —la
2827 1901 176 48 vase
3035 1883 92 64 de
3156 1886 213 61 votre
3401 1898 200 47 cœur
3630 1915 93 8 —

888 1982 261 89 simple
1181 1982 368 67 d'ailleurs
1581 1981 211 66 bocal
1826 1981 90 64 de
1948 1998 408 57 conserves,
2392 1994 383 49 conserves
2808 1976 92 64 de
2934 1972 427 68 cornichons
3396 1971 124 86 qui
3554 1972 169 63 sont

890 2096 134 46 vos
1061 2079 293 63 amants
1395 2074 89 66 de
1523 2094 220 46 cœur.
1787 2072 136 66 Les
1962 2071 289 67 affaires
2292 2089 90 46 ne
2417 2074 187 61 vont
2643 2087 132 68 pas
2819 2091 13 42 :
2875 2067 127 87 j'ai
3040 2065 246 68 vendu
3325 2084 100 46 un
3465 2062 258 86 poème

892 2167 45 68 3
990 2169 88 64 fr.
1137 2167 112 78 95,
1306 2165 70 87 je
1432 2186 90 44 ne
1576 2165 162 87 puis
1794 2165 400 65 m'acheter
2248 2164 125 64 des
2431 2165 333 63 cravates
2820 2179 187 66 pour
3059 2157 400 85 remplacer
3513 2154 210 66 celles

892 2259 186 66 dont
1129 2277 183 48 vous
1364 2257 217 66 faites
1633 2257 127 64 des
1814 2255 404 86 chapeaux.
2275 2255 584 64 Heureusement
2913 2269 143 66 que
3108 2267 78 47 ce
3240 2247 124 86 qui
3418 2243 305 88 dépasse

892 2350 67 66 le
995 2350 212 86 point
1244 2350 91 64 de
1374 2350 180 63 mire
1593 2367 142 66 que
1772 2345 127 86 j'ai
1938 2365 97 46 au
2075 2365 222 46 creux
2334 2345 90 66 de
2461 2345 380 64 l'estomac
2880 2345 111 61 est
3030 2336 371 70 considéré
3440 2353 283 48 comme

893 2443 149 66 nul.
1076 2441 100 66 Et
1202 2441 196 66 voilà
1425 2441 102 66 les
1554 2441 457 85 vingt-et-un
2038 2436 202 88 jours
2270 2438 98 64 du
2399 2435 638 84 neurasthénique.
3069 2431 302 68 Parlons
3399 2428 320 68 affaires.

897 2533 540 83 Qu'avez-vous
1471 2531 140 66 fait
1645 2531 92 66 de
1770 2550 173 45 mon
1980 2528 424 88 parapluie?
2441 2528 323 84 J'espère
2800 2545 142 66 que
2974 2543 187 49 vous
3196 2541 90 46 ne
3320 2523 232 64 l'avez
3589 2538 130 68 pas

892 2624 230 68 brûlé.
1164 2628 76 64 M
1249 2634 90 36 me
1376 2624 264 85 Fayot,
1682 2641 121 49 ma
1842 2623 216 76 mère,
2102 2623 148 64 m'a
2289 2621 111 64 dit
2443 2619 198 66 :«Si
2688 2621 88 63 tu
2824 2636 196 48 veux
3076 2634 142 68 que
3272 2614 72 86 je
3396 2611 325 67 t'achète

893 2717 127 65 des
1073 2721 217 83 gants
1342 2716 276 76 blancs,
1676 2714 506 86 promets-moi
2234 2711 92 66 de
2378 2731 92 46 ne
2522 2729 131 68 pas
2705 2709 181 68 faire
2925 2707 90 66 de
3042 2707 439 66 littérature.
3508 2733 25 34 »
3572 2702 146 66 J'ai

893 2809 297 86 promis,
1242 2809 153 64 rien
1444 2809 352 85 n'engage
1845 2807 42 64 à
1938 2805 151 65 rien
2121 2827 19 56 ;
2189 2804 73 86 je
2307 2822 185 48 vous
2541 2802 179 66 ferai
2771 2800 276 66 cadeau
3095 2799 127 64 des
3269 2800 217 85 gants
3537 2812 186 68 pour

893 2919 132 46 vos
1071 2904 318 62 amants.
1440 2897 195 68 C'est
1681 2916 283 47 comme
2011 2914 83 64 ça
2141 2914 143 68 que
2329 2914 183 46 nous
2558 2910 337 60 sommes,
2944 2909 142 47 une
3134 2890 160 64 âme
3342 2888 90 65 de
3477 2888 205 65 soute-

895 3010 202 60 neur,
1137 2992 71 66 la
1246 2990 286 66 bouche
1571 3009 88 47 en
1701 3009 222 57 cœur,
1964 2988 67 65 le
2070 3007 202 46 cœur
2309 3007 90 46 en
2438 2985 306 78 bouche,
2785 2985 68 64 le
2888 2987 171 62 tout
3098 3000 88 48 en
3264 2978 459 70 caoutchouc

892 3081 398 68 vulcanisé.
1339 3081 205 67 Nous
1588 3100 91 46 ne
1725 3098 313 48 sommes
2084 3097 132 67 pas
2262 3078 291 66 saouls..
2604 3076 89 66 Je
2739 3093 90 48 ne
2875 3073 298 66 connais
3220 3071 152 66 rien
3418 3071 92 65 de
3555 3070 166 86 plus

892 3173 171 68 bête
1093 3193 142 68 que
1262 3175 72 64 la
1362 3173 417 68 littérature
1808 3173 91 64 de
1931 3171 148 66 X...
2109 3171 66 65 A
2204 3175 169 61 tous
2402 3170 102 66 les
2534 3173 193 61 mots
2758 3186 142 68 que
2929 3166 71 86 je
3027 3164 266 80 t'écris,
3325 3163 73 88 je
3427 3163 294 66 déchire

893 3285 144 47 une
1083 3281 186 71 page
1313 3264 90 66 de
1450 3285 121 45 ma
1616 3264 139 66 vie.
1808 3264 74 66 Si
1928 3263 403 66 seulement
2377 3280 183 47 vous
2605 3261 104 64 les
2754 3258 361 67 recousiez
3161 3258 91 64 de
3298 3275 132 47 vos
3477 3254 244 88 doigts

895 3376 217 59 roses,
1137 3376 125 46 sur
1283 3356 71 66 la
1378 3356 225 86 harpe
1627 3356 125 64 des
1776 3354 435 66 brocheuses
2234 3373 88 44 en
2348 3351 232 66 ficelle
2605 3351 98 86 (la
2727 3351 164 86 plus
2913 3349 149 68 sale
3086 3368 163 47 race
3272 3346 449 67 d'ouvrières

893 3452 207 61 entre
1151 3447 494 88 parenthèses,
1699 3447 102 65 les
1853 3444 490 86 brocheuses.)
2397 3444 173 66 Mon
2624 3462 200 46 cœur
2875 3446 111 62 est
3039 3439 389 67 embroché
3479 3457 125 48 sur
3655 3439 66 64 le

893 3540 232 78 vôtre,
1166 3539 352 86 portez-le
1555 3539 160 64 z'en
1754 3537 291 66 broche.
2089 3537 145 66 J'ai
2275 3556 100 45 un
2414 3535 147 66 ami
2600 3534 207 88 belge
2849 3554 17 44 :
2905 3534 52 66 il
2996 3532 348 88 s'appelle
3383 3530 286 66 Robert
3699 3552 20 56 ;

893 3632 180 66 c'est
1115 3650 100 46 un
1259 3630 293 66 homme
1594 3649 90 45 en
1728 3628 224 78 relief,
1997 3628 319 66 vantard
2360 3632 76 61 et
2477 3627 286 86 jésuite,
2807 3625 54 66 il
2902 3645 44 48 a
2986 3628 170 83 trop
3201 3625 90 64 de
3337 3623 332 66 cheveux
3697 3644 21 57 ;

890 3722 71 86 je
993 3742 185 47 vous
1210 3722 66 66 le
1308 3722 444 86 présenterai
1784 3720 224 86 jeudi.
2041 3720 119 66 Ah
2194 3722 13 64 !
2245 3718 359 88 pourquoi
2637 3716 287 70 n'avoir
2954 3737 130 68 pas
3120 3715 235 68 cueilli
3388 3716 101 67 les
3523 3735 198 46 roses

890 3816 93 65 de
1037 3815 415 86 septembre
1508 3816 42 65 à
1608 3815 362 66 Chartres.
2033 3813 196 66 Vous
2287 3832 179 47 avez
2522 3811 342 87 repoussé
2919 3830 172 47 mon
3147 3828 261 49 amour
3462 3808 254 78 altéré,

893 3906 293 66 Sidonie
1218 3904 14 66 !
1274 3906 66 64 A
1378 3904 228 78 lundi,
1647 3904 191 87 j'irai
1879 3923 281 47 comme
2199 3923 98 46 un
2338 3904 105 65 roi
2482 3920 211 71 mage
2729 3903 411 86 t'apporter
3179 3920 173 47 mon
3391 3899 330 88 fromage

890 4001 76 61 et
1017 4001 237 83 quant
1306 3999 43 65 à
1401 4016 171 46 mon
1625 4001 286 73 sonnet,
1965 3996 148 86 j'en
2165 3994 178 68 ferai
2395 3996 127 64 des
2576 3999 287 63 cornets
2915 4014 186 68 pour
3151 4013 50 66 y
3252 3996 271 63 mettre
3574 4011 145 48 une

890 4089 212 66 olive.
1161 4089 464 85 Interrompu
1674 4108 132 66 par
1853 4089 70 64 la
1972 4087 163 66 nuit
2184 4087 123 87 qui
2358 4087 313 66 descend
2720 4087 102 66 du
2869 4091 210 61 mont
3130 4086 219 78 Sinaï,
3399 4086 72 67 la
3520 4084 199 68 seule

892 4186 250 62 contre
1171 4182 312 86 laquelle
1513 4182 100 64 les
1645 4180 197 66 mille
1874 4180 156 66 œils
2063 4180 427 87 électriques
2522 4180 92 65 de
2646 4199 78 47 ce
2758 4179 157 67 café
2944 4199 91 47 ne
3068 4179 331 88 puissent
3430 4179 154 67 rien

893 4324 68 16 ...
1000 4272 283 66 J'avais
1317 4272 232 66 formé
1583 4272 64 66 le
1682 4270 243 88 projet
1958 4272 315 66 d'élever
2304 4277 213 61 votre
2551 4272 163 66 âme
2746 4270 294 88 jusqu'à
3074 4272 71 68 la
3179 4272 314 78 mienne,
3532 4268 187 68 mais

887 4370 88 61 tu
1015 4385 90 46 ne
1144 4384 257 67 penses
1444 4365 277 86 qu'aux
1760 4365 371 86 dancings,
2175 4368 159 61 mot
2375 4365 124 86 qui
2541 4385 90 46 ne
2671 4365 178 66 rime
2890 4384 132 67 pas
3062 4367 43 66 à
3145 4365 329 86 sphinge.
3521 4365 200 64 Tout

888 4455 280 79 enfant,
1213 4455 71 86 je
1325 4455 117 66 fus
1488 4456 198 65 élevé
1728 4456 183 66 dans
1955 4475 141 46 une
2140 4455 343 67 chambre
2526 4458 42 64 à
2612 4456 330 66 nourrice
2961 4456 327 68 dessinée
3308 4477 134 68 par
3481 4455 202 69 Stein-

888 4548 139 78 len,
1085 4550 177 64 c'est
1315 4548 361 86 pourquoi
1726 4548 280 86 j'adore
2058 4548 100 66 les
2214 4548 208 68 chats
2475 4548 152 86 (jeu
2697 4550 91 64 de
2856 4555 193 61 mots
3117 4546 548 88 intraduisible)
3697 4570 19 57 ;

887 4639 470 88 aujourd'hui
1400 4639 128 88 j'ai
1572 4641 99 64 du
1715 4641 145 68 mal
1904 4643 41 64 à
1987 4661 117 46 me
2145 4661 342 68 procurer
2527 4663 100 46 un
2671 4643 410 86 pardessus,
3129 4643 181 67 c'est
3350 4641 368 90 pourquoi

887 4731 61 68 si
988 4732 151 67 l'un
1181 4731 90 66 de
1310 4753 132 46 vos
1483 4736 293 64 amants
1818 4731 308 69 oubliait
2163 4734 65 66 le
2267 4734 154 68 sien
2460 4753 125 47 sur
2622 4734 66 66 le
2731 4734 159 68 coin
2930 4734 92 68 de
3061 4739 213 65 votre
3316 4734 400 79 cheminée,
