4140 5585
845 4823 38 58 8

948 541 654 81 Jacques-Emile
1635 539 398 68 Blanche.
2074 572 95 10 —
2208 529 113 70 Oh
2352 526 15 69 !
2409 546 102 48 un
2550 534 399 73 mensonge
2987 514 174 69 bien
3215 511 363 71 innocent
3610 512 16 70 !

948 636 115 68 La
1097 636 262 68 Dame.
1393 673 98 10 —
1525 632 114 70 Oh
1671 632 13 68 !
1725 627 369 70 Monsieur
2121 621 349 71 Blanche.

946 729 396 68 Vollard.
1415 766 97 9 —
1581 721 395 71 Dites-moi
2045 721 212 76 donc,
2331 709 369 72 Monsieur
2767 702 352 79 Blanche,
3210 719 137 49 vos
3439 719 187 47 amis

763 824 254 69 Genex
1056 827 75 63 et
1171 820 188 70 Jean
1395 819 318 79 Besand,
1756 836 184 47 vous
1977 814 104 66 les
2118 829 234 69 voyez
2387 802 364 88 toujours.
2794 798 116 68 Au
2949 795 166 81 fait,
3178 792 448 83 Cornilleau,

762 920 232 65 est-ce
1031 936 144 67 que
1210 914 73 88 je
1320 934 90 46 ne
1449 910 356 71 confonds
1842 927 132 70 pas
2011 924 180 51 avec
2228 895 368 76 Cocteau?

950 1005 650 81 Jacques-Emile
1634 1003 399 70 Blanche.
2072 1039 98 8 —
2206 997 198 67 Vous
2446 1012 92 47 ne
2577 1007 220 50 savez
2839 985 154 67 rien
3036 981 95 70 de
3171 980 452 71 Cornilleau.

762 1102 199 69 C'est
994 1122 149 47 une
1175 1102 225 67 farce.

950 1195 115 67 La
1104 1195 262 66 Dame.
1405 1232 97 8 —
1539 1191 118 68 Un
1696 1186 305 92 mythe?

948 1284 655 80 Jacques-Emile
1651 1283 399 67 Blanche.
2108 1317 95 10 —
2255 1276 139 68 Pas
2448 1274 175 66 tout
2677 1271 42 66 à
2773 1266 165 79 fait,
2999 1262 99 72 M.
3159 1262 309 70 Vollard
3525 1262 101 70 la

762 1379 137 80 dit,
948 1379 52 68 il
1046 1379 68 68 le
1163 1378 323 69 connaît.
1537 1378 205 67 Nous
1788 1376 68 68 le
1901 1372 471 70 connaissons
2418 1371 194 74 tous,
2663 1367 76 65 et
2787 1359 482 71 connaissons
3315 1361 178 66 tous
3542 1378 84 49 sa

762 1472 365 88 peinture,
1170 1474 271 66 autant
1480 1469 181 91 qu'il
1696 1469 71 66 la
1806 1466 378 69 connaît...

950 1565 116 67 La
1102 1564 261 68 Dame.
1403 1603 97 8 —
1535 1562 403 70 Charmant
1971 1560 15 66 !

948 1657 652 80 Jacques-Emile
1657 1655 400 66 Blanche.
2121 1691 97 8 —
2281 1648 72 68 Si
2414 1645 71 90 je
2548 1643 125 70 l'ai
2738 1640 343 91 présenté
3164 1657 292 51 comme
3522 1660 104 48 un

757 1750 352 80 inconnu,
1143 1750 152 88 j'en
1327 1748 364 70 demande
1722 1747 169 69 bien
1923 1745 307 90 pardon,
2265 1759 281 52 comme
2579 1738 223 68 d'une
2833 1733 289 81 sottise,
3159 1735 44 68 à
3236 1752 181 49 mon
3452 1733 174 68 cher

760 1843 256 68 André
1053 1843 206 68 Gide.

951 1936 115 68 La
1095 1936 263 68 Dame.
1386 1975 99 9 —
1510 1935 136 67 Les
1678 1935 230 67 Caves
1938 1933 102 68 du
2071 1930 430 69 Vaticinant
2535 1928 13 68 !

950 2028 653 79 Jacques-Emile
1652 2028 400 68 Blanche.
2108 2063 98 10 —
2257 2023 90 69 Je
2399 2023 68 66 le
2521 2019 193 70 situe
2768 2019 71 68 là
2897 2021 98 64 où
3048 2016 52 68 il
3158 2016 166 68 doit
3378 2014 244 82 l'être,

762 2123 242 86 parmi
1060 2123 105 67 les
1222 2124 173 65 tout
1453 2123 254 86 jeunes
1767 2119 321 90 peintres
2147 2116 357 90 auxquels
2562 2114 69 68 la
2692 2112 317 88 critique
3068 2109 393 69 reconnaît
3522 2111 104 67 du

760 2214 234 88 génie.
1051 2214 92 68 Je
1193 2212 151 70 suis
1397 2214 330 66 heureux
1776 2214 90 66 de
1915 2212 103 68 lui
2071 2209 206 69 avoir
2326 2209 139 68 fait
2516 2224 273 73 gagner
2838 2226 101 47 un
2993 2223 144 71 peu
3192 2202 430 90 d'argent...

950 2307 115 66 La
1102 2305 261 68 Dame.
1402 2346 96 9 —
1530 2305 187 68 Mais
1756 2305 179 68 c'est
1972 2302 468 71 abominable
2474 2302 13 66 !

950 2399 652 79 Jacques-Emile
1640 2400 398 66 Blanche.
2086 2438 96 10 —
2225 2395 93 70 Ce
2364 2395 125 88 qui
2536 2399 112 62 est
2692 2390 501 81 abominable,
3244 2392 378 79 madame,

762 2493 183 66 c'est
1002 2493 66 68 le
1126 2493 284 80 métier,
1469 2493 73 66 la
1600 2493 308 68 carrière
1964 2493 98 66 du
2121 2490 285 88 peintre
2463 2487 561 88 d'aujourd'hui
3056 2487 97 67 !...
3220 2485 273 85 Quand
3552 2485 74 90 je

762 2605 225 68 pense
1021 2607 145 68 que
1199 2587 104 67 les
1337 2587 193 67 seuls
1566 2587 513 88 compliments
2116 2605 141 68 que
2289 2583 308 68 m'aient
2629 2581 176 68 valu
2843 2602 154 46 mes
3031 2581 225 68 livres
3293 2600 120 48 me
3447 2585 179 63 sont

760 2697 235 49 venus
1027 2680 94 66 de
1153 2678 377 68 Tailhade.
1568 2680 100 66 Et
1701 2698 258 48 encore
1989 2678 49 68 il
2071 2697 116 47 me
2220 2676 289 90 prenait
2543 2695 186 69 pour
2760 2695 174 47 mon
2968 2673 120 69 fils
3122 2695 92 47 en
3246 2673 108 69 lui
3388 2673 198 69 ensei-

760 2775 237 83 gnant
1039 2775 44 66 à
1126 2769 354 90 mépriser
1517 2791 134 50 son
1695 2771 169 90 père
1896 2773 14 66 !

951 2864 127 68 Un
1119 2864 288 70 Valet.
1449 2905 97 8 —
1583 2864 371 70 Monsieur
1993 2863 247 69 André
2281 2863 262 69 Michel
2579 2863 13 69 !

950 2956 113 67 La
1095 2957 308 70 Bonne.
1441 2998 94 7 —
1568 2957 98 68 M.
1705 2957 294 70 Tristan
2037 2957 232 68 Tzara
2301 2957 95 68 !...

958 3049 152 86 (On
1144 3054 141 64 sert
1315 3051 117 67 des
1468 3052 308 88 gaufres,
1815 3052 117 66 des
1966 3051 316 67 tranches
2316 3051 81 67 de
2431 3071 154 47 coco
2621 3052 59 66 et
2714 3049 80 69 de
2829 3051 192 69 Veau
3054 3049 83 69 de
3180 3049 249 90 Vais).

1729 3283 428 86 CROQUIS
2209 3286 411 69 INTIMES

950 3421 486 72 Sadi-Carnot
1483 3423 430 70 demandait
1957 3447 100 46 un
2103 3425 167 90 jour
2314 3428 41 68 à
2399 3448 136 48 son
2580 3428 339 70 ministre
2966 3430 129 68 des
3139 3428 484 71 Beaux-Arts

762 3535 79 47 ce
887 3516 181 88 qu'il
1112 3516 244 68 fallait
1402 3537 260 67 penser
1707 3518 98 68 du
1854 3518 217 69 Salon
2116 3521 92 66 de
2248 3521 310 68 l'année.
2614 3523 58 66 Il
2719 3523 131 88 n'y
2894 3543 89 48 en
3031 3523 213 69 avait
3291 3523 238 90 qu'un
3578 3525 44 67 à

760 3611 198 64 cette
1000 3609 287 88 époque
1327 3611 483 68 somnolente.
1854 3611 381 69 L'homme
2277 3635 93 47 au
2411 3616 464 88 portefeuille
2919 3618 352 88 répondit
3315 3640 17 46 :

945 3740 98 10 —
1072 3701 260 69 Bonne
1371 3702 430 70 médiocrité
1837 3706 354 88 générale,
2233 3709 373 70 monsieur
2640 3711 67 68 le
2748 3711 413 69 Président.

951 3794 485 69 Sadi-Carnot
1466 3816 251 47 remua
1745 3797 195 68 deux
1966 3799 138 68 fois
2132 3801 71 67 la
2228 3802 176 80 tête,
2438 3804 649 90 mécaniquement
3117 3809 78 65 et
3224 3804 345 92 répliqua
3605 3828 15 46 :

945 3926 96 8 —
1078 3887 310 80 Parfait,
1434 3889 181 67 c'est
1654 3909 80 47 ce
1773 3892 177 86 qu'il
1989 3892 165 70 faut
2194 3894 183 69 dans
2414 3918 146 47 une
2597 3899 481 69 démocratie.

948 3980 317 68 Cormon
1315 4002 90 46 ne
1451 3982 352 90 s'appelle
1849 4006 130 67 pas
2028 3987 336 71 Cormon.
2423 3990 56 68 Il
2528 3997 113 63 est
2685 3994 120 67 fils
2856 3995 181 66 d'un
3085 3994 538 69 vaudevilliste

758 4070 151 90 qui,
956 4072 300 88 parfois,
1300 4094 78 47 se
1417 4073 269 70 haussa
1725 4075 344 105 jusqu'au
2111 4082 469 83 mélodrame,
2626 4090 74 65 et
2743 4087 129 88 qui
2912 4109 78 47 se
3031 4089 374 67 nommait
3447 4089 132 67 Fer-

758 4165 838 69 nand-Pierre-Etienne
1661 4170 279 68 Piestre
1972 4195 16 56 ;
2054 4173 184 70 mais
2301 4175 49 68 il
2414 4178 273 88 signait
2755 4182 316 67 Cormon
3137 4204 117 47 ses
3322 4202 300 49 œuvres

758 4260 534 88 dramatiques.
1327 4261 142 66 Son
1497 4263 120 66 fils
1646 4265 277 88 adopta
1949 4268 66 66 le
2042 4270 503 89 pseudonyme
2573 4278 334 83 paternel
2938 4282 76 62 et
3041 4278 234 88 garda
3302 4299 103 47 un
3435 4278 188 88 goût

757 4370 191 67 pour
1004 4353 68 66 le
1131 4354 449 68 mélodrame
1639 4358 421 71 assaisonné
2118 4365 90 66 de
2265 4368 442 81 vaudeville,
2770 4371 229 82 voire,
3061 4373 70 66 le
3190 4371 433 70 vaudeville

758 4444 693 92 mélodramatique.

1038 4554 311 90 Lorsque
1393 4578 159 49 avec
1593 4580 107 49 ses
1744 4563 210 69 élèves
1998 4566 191 70 vêtus
2233 4568 80 69 de
2352 4586 238 72 peaux
2633 4573 79 71 de
2760 4575 179 71 bêtes

1044 4646 302 71 Cormon
1392 4671 72 47 se
1505 4652 112 87 fut
1657 4656 202 88 enfui
1901 4658 80 69 de
2023 4659 251 70 devant
2319 4663 390 74 Cabanel...
