4140 5585
889 4822 75 74 12

801 656 103 64 Le
931 655 388 82 wagonnet
1346 651 165 64 vert
1543 648 208 64 étant
1783 644 281 83 charge,
2100 656 180 48 nous
2312 623 526 77 redescendons
2867 618 102 71 les
3001 617 499 91 perspectives
3533 616 92 66 de

799 748 71 64 la
911 743 406 87 nécropole.
1362 742 103 65 La
1504 739 191 65 fosse
1735 734 334 67 nouvelle
2108 734 110 62 est
2259 727 225 87 prête.
2528 722 99 65 Le
2665 715 322 90 gardien,
3030 712 212 86 après
3283 731 100 44 un
3424 709 201 66 salut

804 840 299 72 correct,
1163 853 181 47 nous
1400 830 459 74 abandonne,
1918 823 219 77 enfin,
2197 823 209 62 notre
2459 831 276 70 pauvre
2788 809 217 65 mort.
3066 804 446 74 Désoimais,
3572 803 51 62 il

804 947 253 66 repose
1089 947 85 44 en
1207 925 193 85 paix,
1437 920 314 67 enseveli
1781 917 478 71 décemment,
2295 928 166 47 sans
2490 903 222 77 bruit,
2747 919 167 48 sans
2944 896 217 67 vaine
3192 894 428 85 apotheose.

799 1018 326 76 Bientôt,
1174 1036 122 45 sur
1340 1016 71 63 la
1454 1012 275 76 tombe,
1778 1008 335 83 s'érigera
2157 1023 141 45 une
2344 1000 250 86 pierre,
2644 991 298 69 décorée
2987 988 407 66 seulement
3442 984 180 66 d'un

804 1109 392 65 médaillon
1240 1107 98 64 dû
1381 1107 41 64 à
1464 1106 95 62 M.
1611 1101 298 81 Queval,
1953 1119 98 43 un
2093 1095 257 67 artiste
2391 1090 349 72 modeste,
2784 1085 21 62 1
2840 1079 253 68 ancien
3138 1076 487 88 propriétaire

805 1203 90 63 de
953 1201 402 72 Rousseau,
1416 1201 72 59 et
1544 1194 123 84 qui
1722 1190 254 66 aimait
2029 1207 79 46 sa
2163 1184 354 87 peinture,
2576 1199 130 46 son
2761 1175 237 64 talent
3054 1172 89 64 de
3198 1167 421 78 violoniste,

806 1297 73 59 et
914 1289 194 66 aussi
1140 1290 101 64 les
1274 1288 221 64 belles
1524 1283 341 67 histoires
1902 1282 88 64 de
2021 1280 70 64 la
2125 1294 251 69 guerre
2410 1274 97 65 du
2542 1267 339 85 Mexique
2915 1283 142 67 que
3089 1263 66 64 le
3191 1260 170 66 cher
3394 1260 184 65 doua-

807 1382 152 65 nier
1002 1378 284 68 contait
1326 1377 60 67 si
1424 1377 190 65 bien.
1663 1401 25 34 »

990 1776 93 8 —
1132 1737 152 80 Que
1332 1754 76 46 se
1455 1730 408 90 passe-t-il?
1912 1723 425 72 demandait
2364 1742 99 46 un
2493 1715 402 91 provincial
2945 1717 39 66 à
3035 1734 97 45 un
3184 1710 301 88 gardien
3531 1712 92 66 de

807 1828 287 77 l'ordre,
1145 1849 87 42 en
1279 1825 298 66 suivant
1623 1825 123 63 des
1792 1840 195 66 yeux
2029 1820 65 63 le
2138 1818 159 63 flux
2342 1818 72 59 et
2458 1813 64 63 le
2569 1810 237 64 reflux
2850 1808 126 64 des
3025 1803 301 68 curieux
3372 1806 75 61 et
3492 1801 129 66 des

807 1923 396 71 amateurs,
1262 1918 125 63 des
1447 1913 599 68 collectionneurs
2102 1906 229 66 riches
2388 1908 71 61 et
2515 1903 126 64 des
2696 1898 295 68 artistes
3049 1915 340 67 pauvres,
3452 1894 40 66 à
3550 1894 71 65 la

807 2015 213 83 porte
1071 2010 220 66 d'une
1342 2006 264 87 galerie
1706 2003 406 88 parisienne
2165 2003 93 61 où
2307 1998 147 64 l'on
2508 1991 388 90 dispersait
2949 2010 149 45 aux
3150 1986 346 68 enchères
3550 1986 73 66 la

810 2099 381 68 collection
1235 2098 261 86 Degas.

990 2191 201 64 Avec
1227 2192 194 61 cette
1455 2187 185 65 belle
1675 2182 415 68 conviction
2126 2179 57 68 si
2217 2176 398 69 nécessaire
2649 2177 41 65 à
2722 2169 379 71 l'autorité
3135 2189 186 68 pour
3355 2165 268 90 qu'elle

808 2282 144 65 soit
990 2281 323 77 efficace,
1352 2279 276 84 l'agent
1663 2275 339 87 répondit
2038 2291 164 47 sans
2239 2291 75 45 se
2348 2267 326 68 troubler
2713 2287 14 44 :

990 2411 94 7 —
1125 2372 95 66 Ce
1259 2375 171 61 sont
1470 2372 126 64 des
1638 2385 171 70 gens
1853 2365 124 87 qui
2021 2363 362 67 célèbrent
2424 2362 64 62 le
2532 2355 427 71 Centenaire
3001 2357 92 64 de
3137 2353 240 87 Degas
3413 2352 13 66 !

991 2463 357 66 J'admire
1393 2462 69 64 la
1509 2462 303 83 réponse
1856 2460 89 64 de
1989 2457 294 84 l'agent.
2332 2452 205 66 Ainsi
2583 2452 100 64 les
2729 2448 259 87 gloires
3033 2448 104 64 les
3186 2446 162 85 plus
3397 2445 190 64 réser-

807 2553 167 66 vées
1017 2551 594 87 pénètrent-elles
1652 2550 181 66 dans
1870 2543 545 69 l'lmmortalité
2453 2562 132 66 par
2618 2545 170 61 tous
2827 2540 101 66 les
2969 2536 217 68 seuils
3228 2538 41 66 à
3308 2536 71 66 la
3418 2535 140 66 fois
3606 2557 13 42 :

807 2665 133 66 par
979 2645 68 64 le
1089 2643 351 85 Portique
1482 2643 98 64 du
1626 2639 254 67 Jardin
1926 2639 125 65 des
2095 2638 175 64 Elus
2314 2639 73 60 et
2429 2653 130 66 par
2598 2633 70 66 la
2708 2631 319 66 barrière
3067 2629 390 66 s'ouvrant
3499 2648 125 46 sur

805 2736 69 64 la
918 2755 175 45 cour
1132 2734 264 65 banale
1437 2733 123 64 des
1602 2729 385 68 dévotions
2031 2724 432 88 populaires.

990 2824 240 86 Degas
1264 2827 110 61 est
1404 2822 463 66 maintenant
1897 2817 254 68 inscrit
2182 2838 91 44 au
2307 2814 396 68 calendrier
2734 2814 123 66 des
2889 2811 260 89 gloires
3182 2809 439 68 nationales.

807 2917 199 66 Ceux
1047 2916 125 86 qui
1215 2914 516 66 continueront
1772 2914 39 64 à
1850 2912 338 85 l'ignorer
2226 2905 519 77 l'admireront,
2791 2905 90 66 de
2922 2902 399 68 confiance.
3370 2902 254 64 Est-ce

803 3009 70 64 la
917 3007 467 85 récompense
1426 3005 334 85 suprême
1804 3005 88 65 de
1936 3022 183 44 ceux
2161 2998 122 89 qui
2327 2998 332 67 n'eurent
2701 3000 41 65 à
2786 3015 312 66 opposer
3140 2997 42 66 à
3225 2995 71 66 la
3353 2995 271 85 longue

803 3095 683 86 incompréhension
1516 3115 142 65 que
1684 3095 156 64 leur
1865 3090 266 90 mépris
2160 3088 354 88 superbe?
2542 3088 400 66 Peut-être.

988 3442 66 66 A
1086 3442 249 66 l'issue
1369 3440 222 66 d'une
1625 3440 89 65 de
1748 3459 110 47 ses
1895 3439 361 66 dernières
2292 3439 254 66 visites
2581 3459 93 47 au
2712 3439 216 67 Salon
2966 3439 91 66 de
3089 3439 73 66 la
3198 3437 428 78 Nationale,

807 3534 294 66 Charles
1139 3532 267 66 Morice
1443 3530 410 66 m'écrivait
1894 3552 13 44 :

991 3650 27 33 «
1057 3623 195 66 C'est
1289 3625 71 63 la
1403 3622 337 66 citadelle
1780 3623 90 65 de
1909 3622 171 66 l'art
2119 3622 308 84 élégant,
2469 3620 434 88 intelligent,
2945 3618 170 70 bien
3157 3620 137 68 mis
3336 3625 77 61 et
3450 3618 173 66 bien

805 3718 337 81 pensant,
1198 3718 95 61 où
1343 3718 171 61 sont
1565 3711 452 66 habilement
2066 3711 251 66 dosées
2368 3711 332 66 l'audace
2752 3716 75 61 et
2876 3713 71 64 la
3001 3713 393 85 prudence.
3452 3711 174 65 Aux

807 3828 27 37 «
866 3805 320 66 Artistes
1220 3803 322 83 français
1580 3828 48 53 »,
1669 3823 91 44 on
1799 3808 112 61 est
1945 3821 254 46 rococo
2232 3825 16 56 ;
2288 3823 92 44 on
2419 3808 110 61 est
2563 3805 127 64 fou
2725 3823 149 48 aux
2911 3830 26 34 «
2977 3803 556 88 Indépendants
3574 3828 50 51 »,

805 3901 74 59 et
913 3896 49 64 il
1000 3916 49 65 y
1083 3915 42 45 a
1162 3896 90 64 de
1282 3896 72 64 la
1391 3894 403 87 perversité
1828 3915 93 45 au
1961 3920 24 35 «
2022 3894 212 66 Salon
2271 3894 447 66 d'Automne
2756 3921 45 41 ».
2839 3896 64 66 A
2935 3896 70 64 la
3045 3896 283 66 Société
3364 3894 217 66 Natio-

803 3987 185 77 nale,
1037 4006 93 46 on
1174 3991 115 61 est
1330 3986 493 86 simplement,
1872 3986 145 64 très
2060 3986 189 66 bien.
2298 3986 99 64 Et
2439 3987 146 65 l'on
2630 4006 41 46 a
2713 3986 381 88 beaucoup
3140 3987 90 66 de
3272 3986 274 67 succès.
3597 4011 27 34 »

988 4077 110 64 De
1135 4081 197 62 cette
1367 4077 337 66 citadelle
1738 4075 254 68 devait
2026 4077 367 76 s'élancer,
2432 4077 269 66 habillé
2734 4097 88 46 en
2856 4077 218 86 jeune
3106 4079 297 64 homme
3438 4096 188 67 pour

802 4170 245 63 tenter
1088 4170 194 63 cette
1320 4167 247 78 sortie,
1613 4167 94 66 M.
1753 4165 589 88 Jacques-Emile
2380 4167 343 66 Blanche.

987 4479 99 66 Le
1119 4479 235 66 matin
1386 4481 97 64 du
1515 4479 418 86 vernissage
1962 4479 123 64 des
2119 4477 525 86 Indépendants
2675 4481 88 64 de
2798 4479 136 68 19..
2985 4533 15 25 ,
3034 4501 100 46 un
3164 4482 459 85 mystérieux

802 4570 330 66 vieillard
1168 4591 88 45 en
1291 4572 283 83 paletot
1605 4569 223 86 jaune
1860 4570 424 66 distribuait
2317 4591 99 45 un
2448 4575 195 61 tract
2678 4572 124 86 qui
2836 4572 259 66 mérite
3129 4574 232 66 d'être
3393 4572 230 68 sauvé

805 4663 90 65 de
932 4662 254 66 l'oubli
1229 4662 12 66 !
1286 4684 14 44 :
