2319 3860
2069 251 74 54 361

804 257 231 29 CONCERTS
1070 260 51 26 ET
1155 261 333 27 INFORMATIONS

204 345 85 41 Les
328 357 198 32 concerts
564 347 349 41 d'abonnement
937 358 151 30 seront
1112 352 139 48 repris
1273 355 22 33 à
1320 350 129 40 Paris
1470 350 39 40 le
1529 364 25 36 4
1577 350 243 41 novembre
1852 366 114 36 pour
1988 353 103 42 finir
2112 357 38 39 le

150 428 43 36 31
223 428 120 27 mars
370 428 122 40 1907.

204 526 139 42 BILAN
373 542 209 27 MUSICAL.
611 551 43 4 —
683 526 202 43 GENÈVE.

912 551 43 5 —
992 528 63 41 La
1074 531 152 38 saison
1250 532 76 49 qui
1345 532 121 38 vient
1489 530 53 40 de
1567 544 46 27 se
1634 533 215 40 terminer
1873 547 21 26 a
1920 533 126 41 offert
2069 548 83 26 aux

146 604 228 33 amateurs
412 597 54 39 de
501 598 208 50 musique
731 611 60 26 un
828 598 108 40 total
961 599 53 38 de
1042 612 72 25 122
1140 607 217 39 concerts,
1382 621 52 5 —
1456 613 25 35 4
1501 599 53 40 de
1575 601 147 38 moins
1745 614 85 39 que
1854 601 86 40 l'an
1959 602 188 40 dernier.

146 677 47 36 41
219 664 54 40 de
297 678 70 27 ces
402 673 198 32 concerts
631 674 76 31 ont
742 670 67 36 été
828 666 173 40 donnés
1037 680 80 37 par
1139 667 77 39 des
1234 668 177 39 artistes
1434 667 52 40 de
1507 676 125 32 notre
1653 669 120 46 ville,
1798 672 46 37 16
1867 684 80 37 par
1966 670 77 40 des
2062 672 68 38 vir-

148 740 151 32 tuoses
339 733 55 40 de
432 747 208 38 passage,
684 747 45 37 53
753 748 80 37 par
853 734 76 39 des
954 735 187 40 sociétés
1165 736 265 48 génevoises
1455 744 41 31 et
1521 750 43 25 12
1590 750 80 38 par
1690 737 78 40 des
1794 739 187 39 sociétés
2004 743 123 35 étran-

146 805 146 44 gères.
322 805 49 46 36
412 802 53 39 de
507 815 71 26 ces
614 810 200 31 concerts
853 810 75 32 ont
951 817 60 25 un
1041 801 78 41 but
1140 803 137 40 social
1305 816 56 28 ou
1385 804 399 53 philanthropique
1805 821 8 32 ;
1841 820 47 37 27
1914 808 176 40 avaient
2114 808 38 39 le

147 881 219 27 concours
403 868 105 41 d'un
545 870 254 47 orchestre;
839 884 45 35 14
924 872 164 38 étaient
1127 876 233 35 consacrés
1385 876 21 35 à
1443 872 39 39 la
1505 874 207 50 musique
1732 874 53 39 de
1809 874 211 41 chambre
2040 887 9 34 ;
2067 884 42 31 et
2132 888 15 38 5

148 938 164 38 étaient
336 950 19 24 «
374 937 263 39 dénommés
657 938 257 52 populaires
933 952 19 23 »
969 954 8 32 ;
994 942 48 36 28
1067 939 54 39 de
1140 952 71 27 ces
1230 949 200 31 concerts
1449 949 76 31 ont
1542 954 53 26 eu
1614 941 86 40 lieu
1716 955 55 26 au
1788 941 361 49 Conservatoire,

148 1008 51 36 26
223 1008 22 35 à
267 1004 39 40 la
332 1003 326 49 Réformation,
690 1020 43 37 17
755 1020 54 26 au
830 1006 341 49 Victoria-Hall,
1195 1022 44 26 21
1260 1008 112 40 dans
1390 1008 77 40 des
1485 1007 180 41 édifices
1679 1009 213 50 religieux
1907 1020 41 30 et
1974 1023 49 37 30
2040 1011 112 42 dans

147 1072 78 40 des
263 1073 132 40 salles
432 1074 211 40 diverses.
680 1074 122 40 Dans
838 1075 62 40 les
942 1089 175 26 œuvres
1154 1077 291 51 interprétées
1486 1090 115 27 nous
1644 1091 172 38 voyons
1839 1091 10 26 :
1888 1078 41 39 la
1968 1077 184 41 Passion

146 1141 119 39 selon
301 1141 114 40 saint
436 1141 211 41 Matthieu
666 1143 54 40 de
740 1142 116 55 J.-S.
904 1143 137 47 Bach,
1076 1143 231 52 VEnfance
1336 1145 56 39 du
1424 1143 150 42 Christ
1592 1146 54 39 de
1663 1145 190 49 Berlioz,
1888 1146 38 40 le
1949 1145 203 55 Requiem

148 1209 54 40 de
233 1209 266 49 Cherubini,
541 1210 160 56 Joseph
739 1212 53 39 de
843 1211 170 50 Méhul,
1059 1213 100 51 plus
1205 1216 44 37 18
1294 1213 306 52 symphonies,
1645 1229 22 37 4
1710 1220 183 46 poèmes
1936 1215 186 52 sympho-

148 1279 176 50 niques,
349 1293 24 36 9
406 1281 154 45 suites,
598 1294 49 36 43
687 1289 276 42 ouvertures,
1004 1296 21 23 2
1062 1283 258 50 quintettes,
1370 1296 40 37 15
1450 1292 232 42 quatuors,
1715 1296 14 37 5
1759 1284 124 47 trios,
1910 1297 47 37 32
1978 1296 150 28 concer-

148 1354 84 40 tos,
270 1350 49 36 62
345 1356 181 30 sonates
548 1356 41 31 et
630 1361 103 27 1002
759 1361 235 28 morceaux
1034 1350 161 39 divers.
1232 1349 87 40 Les
1361 1352 262 50 interprètes
1646 1360 76 30 ont
1742 1356 68 35 été
1832 1352 54 39 de
1908 1366 51 36 92
1982 1364 113 40 pour
2114 1352 38 40 le

148 1413 150 49 chant,
322 1417 53 47 48
399 1428 114 38 pour
535 1415 39 40 le
592 1416 151 51 piano,
776 1429 48 38 45
850 1430 112 37 pour
985 1416 38 40 le
1042 1417 169 48 violon,
1235 1432 41 25 11
1300 1431 114 39 pour
1437 1418 38 40 le
1498 1418 264 41 violoncelle
1783 1428 40 31 et
1849 1434 40 25 11
1917 1433 115 38 pour
2051 1418 83 42 l'or-

148 1495 103 37 gue.
282 1481 87 42 Les
410 1483 226 41 auditions
661 1484 237 40 musicales
919 1498 104 26 avec
1054 1486 238 44 comédies,
1317 1488 216 38 exercices
1557 1487 53 39 de
1632 1490 334 49 gymnastique,
1988 1488 143 51 projec-

149 1552 117 39 tions
305 1551 290 46 lumineuses,
618 1565 55 27 ou
698 1554 167 38 suivies
880 1553 53 39 de
954 1552 90 48 bal,
1071 1568 53 25 ne
1145 1552 194 52 figurent
1361 1568 79 38 pas
1463 1555 112 40 dans
1596 1555 38 39 la
1658 1559 205 47 présente
1883 1557 267 50 statistique.

204 1618 158 42 Citons
383 1620 63 40 les
465 1622 334 50 protagonistes
820 1621 62 40 les
905 1621 101 52 plus
1023 1635 54 26 en
1096 1635 86 27 vue
1204 1637 7 25 :
1238 1621 46 40 M
1290 1626 60 17 mes
1371 1621 160 43 Landi,
1556 1622 163 52 Marty,
1743 1622 213 48 Panthès,
1977 1623 175 47 Ketten,

150 1686 110 42 Stefi
294 1686 160 54 Geyer,
487 1690 186 49 Auguez
710 1689 52 39 de
795 1688 268 49 Montalant,
1089 1688 380 54 Mysz-Gmeiner,
1488 1699 41 31 et
1547 1690 111 40 MM.
1682 1690 219 48 Marteau,
1923 1690 227 51 Thibaud,

150 1752 180 52 Gorski,
375 1754 228 50 Sarasate,
642 1756 176 47 Casais,
859 1757 204 46 Mahaut,
1089 1757 250 48 Delafosse,
1359 1758 85 40 Th.
1467 1758 189 51 Dubois,
1682 1757 216 49 Sechiari,
1926 1758 217 49 Consolo,

149 1823 95 41 Ten
284 1824 140 48 Have,
455 1824 225 54 Lermyte,
726 1825 191 46 Frolich,
939 1825 281 51 Mauguière,
1248 1825 161 50 Risler,
1432 1826 257 50 Boucherit,
1714 1826 172 51 Cortot,
1912 1827 51 40 E.
1989 1827 160 53 Ysaye,

150 1891 278 43 Cazeneuve.

1481 1981 173 41 PIERRE
1679 1982 243 40 FERRARIS.

205 2120 155 41 VENTE
384 2119 356 42 D'INSTRUMENTS
764 2135 57 25 DE
844 2134 201 32 MUSIQUE
1065 2133 205 28 ANCIENS.

1379 2118 71 42 On
1474 2133 54 26 ne
1557 2121 91 38 voit
1671 2133 79 38 pas
1783 2128 188 31 souvent
1998 2132 157 39 passer

150 2190 111 39 dans
293 2189 64 40 les
390 2189 133 40 salles
552 2190 54 39 de
641 2189 151 41 l'hôtel
824 2189 77 40 des
933 2197 155 32 ventes
1119 2202 87 27 une
1246 2188 233 41 collection
1514 2185 339 42 d'instruments
1875 2187 53 40 de
1949 2189 207 50 musique

149 2260 121 39 aussi
312 2260 271 50 importante
625 2271 85 38 que
735 2258 108 40 celle
880 2271 85 38 que
997 2257 249 40 rassembla
1274 2255 73 42 feu
1369 2256 64 40 M.
1458 2255 188 51 Eugène
1664 2254 222 41 Lecomte.
1913 2254 70 41 Au
2003 2255 152 40 milieu

148 2326 77 40 des
261 2326 207 40 tableaux
498 2335 41 31 et
576 2326 143 53 objets
748 2326 112 40 d'art
894 2325 131 41 d'une
1047 2326 211 40 diversité
1282 2326 35 39 si
1344 2325 171 50 grande
1535 2325 107 40 dont
1667 2337 45 26 se
1728 2325 250 51 composait
2002 2337 46 26 sa
2069 2323 66 41 col-

148 2396 177 46 lection,
351 2396 356 52 apparaissaient
729 2395 79 39 des
830 2394 193 46 violons,
1047 2394 78 40 des
1143 2393 306 50 violoncelles,
1471 2393 78 39 des
1570 2392 130 50 altos,
1726 2392 78 40 des
1828 2391 173 41 archets
2018 2400 41 31 et
2078 2392 78 39 des

149 2471 293 32 instruments
476 2464 179 40 anciens
677 2465 75 51 qui
774 2478 28 37 y
821 2464 245 51 ajoutaient
1091 2476 61 26 un
1171 2463 158 39 intérêt
1352 2460 270 53 particulier.
1648 2459 62 41 Le
1733 2460 100 52 plus
1856 2460 143 50 grand
2031 2472 93 28 mou-

150 2540 178 31 vement
360 2530 258 42 d'enchères
651 2530 102 41 s'est
787 2535 132 48 opéré
952 2539 162 32 autour
1145 2528 106 42 d'un
1267 2529 148 40 violon
1435 2527 262 41 (¥Anto7mis
1713 2527 317 48 Stradivarius,
2050 2526 77 42 Cré-

150 2612 148 33 mone,
335 2614 118 38 1725,
496 2613 105 26 avec
639 2601 88 38 étui
751 2600 171 51 acajou,
947 2600 75 50 qui
1044 2613 22 25 a
1091 2603 67 36 été
1190 2603 166 47 poussé
1377 2601 20 35 à
1428 2610 157 28 10.000
1609 2596 164 50 francs,
1800 2605 41 31 et
1861 2595 107 41 d'un
1990 2596 143 40 violon-

150 2667 101 39 celle
267 2667 59 40 du
337 2672 145 35 même
498 2666 257 52 (Crémone,
780 2666 142 52 1693),
943 2680 103 26 avec
1066 2669 107 48 étui,
1190 2667 108 39 dont
1312 2679 56 27 on
1392 2680 20 25 a
1435 2666 148 40 donné
1606 2678 125 37 7.000
1745 2663 162 41 francs.
1931 2663 223 41 Viennent

149 2737 173 38 ensuite
362 2736 113 39 dans
510 2735 161 40 l'ordre
700 2736 76 39 des
799 2735 212 40 enchères
1038 2751 6 23 :
1073 2749 58 25 un
1150 2733 147 40 violon
1315 2734 53 39 de
1394 2732 220 42 Grancino
1634 2730 207 54 (marque
1860 2732 167 50 Amati)
2052 2746 103 26 avec

149 2805 105 50 étui,
277 2809 113 47 payé
403 2808 126 47 2.650
542 2802 147 42 francs
703 2815 9 38 ;
735 2818 58 25 un
815 2812 124 31 autre
961 2803 54 39 de
1033 2802 117 54 J.-B.
1173 2801 240 41 Vuillaume
1418 2833 10 19 ,
1458 2814 124 39 1.450
1602 2800 170 46 francs;
1808 2815 57 26 un
1887 2801 85 39 alto
1997 2802 158 38 ancien

147 2872 208 52 (marque
372 2872 257 51 Bergonze),
656 2885 104 27 avec
782 2873 105 46 étui,
914 2884 125 38 1.300
1058 2869 165 42 francs.

204 2940 153 41 Parmi
400 2940 62 40 les
498 2949 148 31 autres
685 2942 293 38 instruments
996 2940 187 51 adjugés
1208 2944 22 35 à
1253 2939 79 40 des
1356 2940 95 51 prix
1469 2939 100 52 plus
1587 2937 224 40 modestes
1835 2951 79 38 par
1939 2935 47 41 M
1989 2940 15 18 e
2033 2934 88 41 Che-

148 3009 170 49 vallier,
358 3010 74 51 qui
462 3008 208 51 dirigeait
705 3007 40 40 la
774 3016 145 39 vente,
956 3008 29 39 il
1016 3009 206 39 convient
1249 3007 54 40 de
1322 3008 108 39 citer
1448 3017 9 28 :
1481 3020 59 27 un
1562 3006 87 39 alto
1670 3007 155 38 ancien
1851 3008 206 48 recoupé,
2077 3017 79 39 par

150 3076 165 51 Aldric,
360 3075 167 41 obtenu
555 3089 115 39 pour
707 3088 53 39 90
783 3074 54 40 fr.
860 3086 9 38 ;
904 3074 250 40 violoncelle
1195 3076 181 38 anciens
1412 3073 196 48 Italiens,
1649 3086 79 37 310
1759 3071 54 42 fr.
1839 3083 9 38 ;
1891 3071 265 40 contrebasse

150 3154 156 42 quatre
340 3145 172 47 cordes,
544 3144 149 41 archet
720 3153 40 31 et
780 3145 106 46 étui,
912 3156 52 38 70
985 3142 52 40 fr.
1059 3142 180 40 Archets
1258 3156 9 26 :
1305 3142 155 40 Tourte
1476 3142 141 51 jeune,
1641 3141 277 48 violoncelle,
1943 3139 212 51 baguette

150 3222 235 42 octogone,
411 3214 186 51 adjugés
612 3216 82 47 460
715 3211 52 41 fr.
797 3227 9 32 ;
832 3212 59 40 du
915 3215 160 46 même,
1098 3210 213 52 baguette
1331 3211 155 48 ronde,
1510 3224 78 37 320
1607 3208 55 42 fr.
1691 3220 8 37 ;
1731 3208 155 41 Tourte
1908 3211 97 37 aîné
2030 3219 9 28 :
2061 3210 70 38 vio-

150 3281 89 49 lon,
279 3282 165 39 hausse
463 3281 53 40 de
538 3281 203 40 Peccatte
763 3280 169 47 écaille,
955 3281 157 49 garnie
1133 3293 63 35 or,
1217 3279 213 51 baguette
1452 3278 156 51 ronde,
1635 3292 80 36 240
1739 3276 54 42 fr.
1822 3292 8 34 ;
1865 3276 151 40 Voinn
2035 3287 9 28 :
2062 3278 71 38 vio-

150 3349 90 47 lon,
274 3349 213 51 baguette
506 3359 237 42 octogone,
770 3362 76 38 130
863 3348 51 41 fr.
938 3358 9 40 ;
976 3348 136 40 Vieux
1134 3348 126 40 Paris
1286 3363 7 26 :
1318 3348 169 47 violon,
1509 3347 164 40 hausse
1693 3359 104 27 avec
1820 3346 108 52 lyre,
1946 3344 209 50 baguette

150 3425 235 41 octogone,
409 3431 54 38 90
482 3417 53 42 fr.
562 3430 9 38 ;
595 3417 129 41 Gand
743 3418 145 54 freres
913 3428 10 29 :
947 3417 107 45 alto,
1074 3416 213 52 baguette
1307 3416 155 49 ronde,
1487 3429 54 37 40
1558 3414 52 41 fr.
1639 3430 9 33 ;
1672 3414 148 52 Henry
1848 3426 8 26 :
1883 3414 88 40 alto
1992 3413 164 39 hausse

150 3485 153 40 écaille
337 3488 156 46 garnie
529 3495 171 41 argent,
734 3485 215 51 baguette
989 3486 154 50 ronde,
1174 3499 75 37 130
1263 3485 52 40 fr.
1336 3499 11 33 ;
1388 3483 129 40 Gand
1545 3484 146 53 frères
1712 3493 9 28 :
1745 3481 280 46 violoncelle,
2065 3492 89 27 non

151 3557 201 48 marqué,
376 3552 211 51 baguette
609 3555 155 47 ronde,
789 3567 43 39 51
863 3554 57 40 fr.
951 3565 9 38 ;
992 3553 103 41 Voir
1098 3553 47 40 in
1168 3567 8 26 :
1204 3552 281 48 violoncelle,
1507 3552 210 50 baguette
1735 3549 153 48 ronde,
1913 3551 52 48 98
1990 3547 51 40 fr.
