2319 3860
171 220 76 37 340

740 221 141 28 NOTES
917 221 85 28 SUR
1037 221 51 26 LA
1122 218 206 34 MUSIQUE
1362 218 252 28 ORIENTALE

155 314 53 55 je
225 328 54 28 ne
297 315 236 55 dirigerai
547 329 87 40 pas
654 315 18 41 !
693 330 20 25 »
750 316 118 41 Tout
902 315 99 40 cela
1039 320 67 35 est
1136 311 355 58 profondément
1512 309 226 58 fâcheux,
1774 311 116 40 mais
1923 324 48 28 se
1997 314 187 53 produit

169 393 101 32 tous
294 385 63 41 les
366 383 155 57 jours.

223 455 86 39 Les
327 453 204 53 peintres
547 468 53 26 ne
621 466 47 28 se
678 452 117 56 font
807 466 83 42 pas
912 454 43 40 la
974 465 176 42 guerre
1166 465 59 27 au
1244 457 209 35 couteau.
1480 449 361 49 Mutuellement,
1863 448 56 41 ils
1937 461 46 28 se
2000 450 187 42 rendent

170 522 176 45 justice.
369 524 54 40 Je
450 523 95 40 sais
582 523 99 40 bien
704 523 127 53 qu'en
864 522 217 53 peinture
1121 522 45 40 la
1197 521 155 55 partie
1394 520 240 52 technique
1666 524 69 34 est
1774 518 103 53 plus
1907 525 281 46 importante

167 605 55 40 qu
244 604 50 27 en
312 591 202 54 musique
528 602 15 40 ;
566 592 39 39 le
630 591 184 39 tableau
838 591 77 54 qui
929 597 68 34 est
1018 590 136 40 Tune
1167 589 237 41 exécution
1426 586 345 55 irréprochable
1795 593 43 33 et
1860 585 79 56 qui
1963 589 225 41 constitue

169 673 56 26 un
244 675 20 24 «
293 660 84 40 bon
401 671 217 28 morceau
640 672 21 25 »
685 664 64 34 est
768 658 105 53 déjà
898 665 99 33 tout
1016 659 108 52 près
1143 658 30 40 d
1190 658 99 40 être
1303 670 83 28 une
1402 657 112 40 belle
1536 669 167 37 œuvre,
1728 654 151 42 tandis
1899 656 133 53 qu'un
2049 657 136 52 opéra

169 730 93 39 très
282 733 331 35 correctement
635 726 118 41 écrit
774 733 109 48 peut
905 727 99 40 être
1041 726 330 55 parfaitement
1407 724 194 55 insipide
1633 732 42 33 et
1710 737 268 43 ennuyeux.
2013 724 44 40 Il
2083 739 48 40 y
2161 741 25 26 a

165 803 232 46 pourtant,
422 795 112 40 dans
562 802 101 33 tous
694 796 65 40 les
778 802 114 43 arts,
919 809 57 26 un
994 795 145 55 degré
1160 795 53 41 de
1234 795 163 40 mérite
1420 795 167 54 auquel
1625 800 102 35 tous
1771 794 61 40 les
1868 793 320 42 connaisseurs

167 863 239 42 devraient
426 863 170 41 rendre
628 864 237 54 hommage
884 878 107 27 sans
1011 865 264 40 distinction
1297 864 192 41 d'Ecole
1508 863 16 41 !
1549 863 43 42 Il
1602 877 49 41 y
1672 877 26 26 a
1716 863 127 40 aussi
1872 876 58 27 un
1955 862 145 53 degré
2134 865 53 40 de

168 933 142 40 bonne
329 932 245 41 éducation
595 941 43 31 et
658 933 54 40 de
736 932 83 42 bon
839 934 113 54 goût
976 934 164 54 auquel
1159 941 93 33 tout
1277 934 38 40 le
1334 933 160 41 monde
1517 932 181 41 devrait
1722 945 46 27 se
1796 931 136 42 tenir.

220 1002 55 40 Je
298 1014 241 43 remarque
558 1004 127 39 aussi
703 1015 84 41 que
818 1004 63 40 les
902 1002 205 54 peintres
1145 1009 160 34 savent
1340 1004 136 39 louer
1498 1010 42 32 et
1568 1002 207 40 admirer
1817 1002 64 40 les
1922 1000 263 55 étrangers,

166 1070 153 56 quand
344 1072 56 40 ils
420 1072 38 40 le
479 1070 226 42 méritent.
732 1071 44 41 Il
791 1085 172 42 yaen
987 1085 47 27 ce
1053 1079 210 42 moment,
1283 1073 25 39 à
1330 1073 152 50 Paris,
1510 1085 56 25 un
1587 1070 239 54 Espagnol
1928 1070 189 41 Sorolla
2138 1085 48 41 y

169 1140 191 41 Bastida
453 1141 79 54 qui
551 1153 166 40 expose
748 1153 70 28 ses
840 1153 176 28 œuvres
1041 1140 58 54 (i)
1121 1140 113 40 dans
1259 1141 42 38 la
1319 1141 181 52 galerie
1531 1139 53 40 G.
1623 1139 141 40 Petit.
1801 1140 123 39 C'est
1956 1152 58 27 un
2046 1138 141 55 jeune

169 1207 165 42 maître
350 1209 54 40 de
415 1209 206 52 premier
645 1209 154 40 ordre.
821 1208 235 42 Coloriste
1084 1208 294 51 éblouissant,
1400 1208 289 39 dessinateur
1712 1207 117 40 doué
1851 1209 130 38 d'une
2003 1207 183 45 facilité

165 1277 283 40 d'exécution
466 1277 255 50 étonnante,
742 1277 36 40 il
800 1277 261 52 représente
1080 1276 69 40 les
1171 1274 238 56 conquêtes
1430 1276 54 40 de
1505 1277 30 39 V
1555 1289 23 28 «
1598 1277 420 52 impressionnisme
2032 1290 24 28 »
2076 1280 88 38 trai-

165 1346 93 40 tées
274 1359 89 40 par
385 1359 57 26 un
461 1345 166 40 artiste
649 1347 95 37 très
765 1344 190 41 sérieux
978 1351 42 34 et
1043 1348 95 37 très
1158 1346 113 47 fort,
1296 1344 172 54 jouant
1505 1359 108 26 avec
1653 1346 42 39 la
1733 1345 238 57 difficulté.
2016 1345 82 50 Or,
2128 1360 57 26 au

165 1414 199 52 banquet
381 1413 59 40 du
464 1413 47 51 3,
536 1411 63 42 M.
630 1411 52 42 T.
708 1413 337 40 Robert-Fleur
1046 1426 53 42 y,
1126 1412 231 41 réminent
1371 1413 245 53 président
1638 1414 54 40 de
1711 1415 44 39 la
1777 1414 201 49 Société,
2004 1428 25 27 a
2056 1428 51 26 eu
2127 1428 58 28 un

165 1487 92 34 mot
287 1482 94 38 très
405 1480 209 53 aimable,
640 1480 115 41 dans
775 1494 82 27 son
901 1480 228 51 discours,
1168 1494 116 41 pour
1326 1483 187 39 Sorolla
1535 1494 17 40 ;
1589 1483 197 40 aussitôt
1820 1484 31 40 il
1896 1499 25 23 a
1952 1484 235 54 provoqué

164 1548 289 42 d'unanimes
473 1548 458 55 applaudissements.
961 1550 73 40 En
1072 1551 353 54 applaudissant
1463 1551 268 49 moi-même,
1761 1550 52 56 je
1850 1553 216 52 songeais
2102 1566 85 40 que

165 1620 215 53 quelques
406 1618 225 40 semaines
653 1625 307 47 auparavant,
987 1633 55 25 ZÏ/Z
1065 1619 158 55 grand
1239 1620 315 53 compositeur
1573 1620 223 54 étranger
1893 1621 293 53 comparable

168 1691 24 36 à
214 1687 202 40 certains
435 1687 174 54 égards
640 1689 25 37 à
701 1687 188 41 Sorolla
914 1701 38 38 y
977 1687 194 42 Bastida
1281 1688 116 41 était
1426 1691 24 36 à
1478 1689 84 39 Pa/
1581 1689 51 40 is.
1659 1689 67 40 M.
1757 1696 42 32 et
1822 1689 51 40 M
1879 1695 48 17 me
1959 1690 89 41 Ed.
2095 1690 87 43 C...

166 1757 182 39 avaient
372 1754 144 41 donné
539 1755 101 54 che%
663 1768 89 27 eux
773 1769 83 26 une
878 1756 150 40 soirée
1052 1769 52 27 en
1133 1770 80 27 son
1230 1758 220 39 honneur.
1475 1757 86 40 Les
1592 1759 106 51 plus
1728 1758 177 53 grands
1943 1759 242 40 musiciens

161 1825 182 40 avaient
360 1823 329 40 certainement
710 1824 69 39 été
795 1825 179 40 conviés
997 1827 24 37 à
1046 1832 116 33 cette
1184 1825 167 41 soirée.
1378 1826 114 40 Très
1505 1839 86 41 peu
1612 1826 173 41 d'entre
1806 1840 91 26 eux
1917 1828 75 53 s'y
2014 1827 170 41 étaient

158 1891 168 42 rendus
343 1903 17 41 ;
383 1898 45 33 et
449 1905 118 26 ceux
592 1891 78 55 qui
689 1891 182 42 avaient
889 1894 202 39 consenti
1113 1893 26 40 à
1161 1893 127 41 venir
1301 1894 215 40 entendre
1540 1908 47 26 ce
1602 1895 156 55 grand
1778 1898 217 38 musicien
2030 1898 124 38 étran-

158 1974 86 42 ger
250 1959 168 56 jouant
442 1961 227 39 lui-même
684 1974 72 27 ses
778 1974 193 34 œuvres,
1002 1964 136 51 après
1162 1963 164 40 l'avoir
1356 1963 219 54 applaudi
1618 1964 325 50 modérément,
1985 1965 197 41 disaient

160 2030 90 40 loin
270 2028 54 40 de
349 2029 67 39 lui
438 2041 12 27 :
484 2043 19 24 «
529 2028 129 42 Nous
680 2036 157 34 autres
858 2030 241 49 Français,
1123 2045 112 27 nous
1258 2046 52 26 ne
1323 2045 202 41 pouvons
1540 2046 83 40 pas
1641 2034 148 39 aimer
1808 2035 96 39 cela
1927 2035 14 39 !
1964 2048 19 24 »

217 2096 140 51 Qu'on
381 2110 178 27 mesure
582 2098 43 38 la
648 2097 206 41 distance
877 2100 75 53 qui
974 2100 176 52 sépare,
1169 2114 83 27 sur
1271 2114 72 27 ces
1362 2101 156 40 divers
1528 2101 170 53 points,
1723 2102 65 40 les
1818 2103 202 51 peintres
2043 2110 42 33 et
2120 2104 62 38 les

156 2166 256 50 musiciens,
435 2171 60 44 et,
520 2169 133 50 après
676 2166 164 42 l'avoir
853 2168 219 50 mesurée,
1095 2182 85 41 que
1201 2169 64 41 les
1289 2169 245 41 intéressés
1547 2171 259 52 s'occupent
1829 2171 52 40 de
1901 2172 42 39 la
1965 2171 214 42 combler.

155 2236 49 42 N
219 2235 126 40 étant
367 2234 45 39 ni
435 2235 304 53 compositeur
772 2237 48 38 ni
840 2237 218 49 virtuose,
1086 2251 112 28 nous
1221 2251 113 28 nous
1361 2238 194 40 bornons
1592 2237 26 41 à
1658 2239 102 40 leur
1782 2240 102 40 dire
1924 2240 113 40 dans
2078 2241 105 53 quel

153 2317 100 28 sens
355 2303 184 40 doivent
559 2303 218 41 chercher
802 2305 38 39 le
870 2309 215 50 progrès.
1127 2307 121 40 D'ici
1270 2320 56 27 au
1360 2305 31 42 3
1426 2307 152 50 juillet
1620 2321 147 41 1907,
1807 2321 114 28 nous
1962 2322 141 27 avons
2143 2311 41 39 le

153 2373 146 51 ferme
324 2371 156 54 espoir
507 2373 160 52 qu'une
700 2380 219 33 tentative
950 2375 199 40 sérieuse
1181 2376 54 39 de
1276 2376 229 40 courtoise
1549 2383 43 33 et
1624 2376 198 52 féconde
1860 2378 322 53 organisation

154 2455 104 27 sera
280 2441 137 49 faite.

1834 2514 119 43 J.C.

649 2822 180 42 Notes
863 2833 106 31 sur
997 2823 56 41 la
1091 2823 273 53 musique
1399 2822 301 43 orientale.

381 2987 52 26 LE
457 2987 135 26 GRIOT
617 2971 257 48 D'AFRIQUE.
901 2996 48 4 —
975 2987 50 26 LE
1050 2987 162 32 CHANT,
1236 2987 53 25 LA
1312 2986 145 27 DANSE
1481 2987 51 25 ET
1557 2987 53 25 LA
1630 2985 319 28 SORCELLERIE.

209 3096 176 41 Rentré
406 3099 26 37 à
455 3096 140 41 Paris
616 3110 118 39 pour
757 3110 58 26 un
842 3095 159 55 congé,
1027 3095 62 41 M.
1112 3094 257 55 l'adjudant
1394 3094 216 51 Grenier,
1634 3093 105 40 dont
1761 3106 113 26 nous
1897 3104 156 28 avions
2074 3090 104 49 déjà

147 3163 155 56 publié
325 3178 82 27 une
428 3172 102 33 note
555 3165 131 40 datée
707 3165 57 40 du
797 3164 412 53 Haut-Dahomey,
1236 3178 25 25 a
1294 3163 144 40 rendu
1473 3161 132 42 visite
1625 3165 24 36 à
1682 3162 42 39 la
1750 3162 154 41 Revue
1943 3160 230 41 musicale.

151 3234 61 39 Le
232 3233 129 52 jeune
377 3239 42 34 et
434 3234 92 39 très
552 3233 265 54 intelligent
836 3231 323 57 sous-officier,
1251 3232 163 40 décoré
1437 3231 54 40 de
1517 3232 44 39 la
1580 3229 212 41 médaille
1816 3229 245 49 militaire,
2153 3241 25 26 a

152 3302 98 40 bien
271 3302 133 40 voulu
429 3314 110 28 nous
559 3309 221 45 apporter
802 3301 152 40 divers
972 3301 258 40 documents
1248 3299 279 55 complétant
1544 3313 116 26 ceux
1679 3312 84 41 que
1784 3311 110 28 nous
1912 3297 267 54 possédions

150 3369 122 56 déjà,
292 3377 129 33 entre
438 3377 157 34 autres
618 3384 85 28 une
722 3370 120 40 série
856 3370 54 40 de
920 3369 359 55 photographies
1300 3370 109 38 dont
1425 3368 132 49 l'une,
1574 3366 189 55 publiée
1778 3366 74 53 ici,
1870 3370 205 50 suggère
2109 3365 51 41 l'i-

150 3438 80 41 dée
254 3438 104 40 d'un
385 3439 100 40 bien
509 3438 276 42 intéressant
801 3438 119 55 sujet
941 3439 238 39 d'histoire
1195 3438 221 40 musicale
1429 3437 240 53 comparée
1689 3452 12 25 :
1723 3436 40 40 le
1792 3436 221 39 chanteur
2029 3448 149 40 popu-

192 3580 49 40 (i)
268 3580 214 41 Exposition
509 3591 149 23 ouverte
677 3582 169 41 jusqu'au
877 3593 39 21 io
933 3582 129 42 juillet.
