2319 3860
328 3628 36 28 R.
383 3627 45 31 M.

1943 3662 13 5 -
1970 3647 9 28 5

1101 233 92 45 LA

277 378 633 94 REVUE
1052 378 968 99 MUSICALE

345 544 204 38 (Honorée
573 545 23 34 d
612 553 79 26 une
714 543 282 45 souscription
1020 542 52 36 du
1095 543 219 36 Ministère
1339 544 48 36 de
1409 545 293 38 l'lnstruction
1724 549 228 45 publique.)

1107 747 45 36 15
1182 748 148 36 Juillet

206 752 58 33 No
294 750 63 36 14
385 751 222 37 (sixième
631 751 168 34 année)

1991 757 108 37 1906.

209 1358 59 38 La
291 1357 297 39 distribution
618 1357 77 40 des
710 1359 116 52 prix
847 1359 60 39 du
922 1360 147 40 Salon
1093 1360 55 40 de
1169 1361 209 47 peinture
1401 1368 43 33 et
1465 1362 40 39 le
1528 1362 193 54 banquet
1749 1365 301 42 traditionnel
2077 1370 79 52 qui

153 1426 40 38 la
232 1426 88 39 suit
341 1432 74 33 ont
437 1439 51 26 eu
510 1427 89 38 lieu
617 1427 39 38 le
681 1442 17 35 3
727 1426 179 55 juillet.
934 1428 53 40 Je
1010 1428 178 40 résume
1212 1430 63 39 les
1299 1430 297 52 impressions
1613 1444 85 40 que
1719 1440 113 34 cette
1855 1435 161 41 double
2036 1437 96 40 céré-

151 1493 148 40 monie
331 1507 82 26 nia
448 1495 196 40 laissées.

206 1562 218 49 D'abord,
449 1575 47 27 ce
519 1564 75 52 qui
616 1576 26 26 a
665 1562 69 41 été
753 1564 70 40 dit
844 1564 89 54 (ou,
965 1566 103 50 plus
1089 1572 298 46 exactement,
1413 1583 47 26 ce
1484 1572 73 50 qui
1602 1569 69 41 n'a
1709 1585 79 39 pas
1830 1577 69 36 été
1930 1572 100 54 dit),
2065 1575 92 39 àla

152 1628 295 42 distribution
470 1630 76 40 des
566 1631 125 53 prix,
718 1632 217 54 confirme
964 1634 279 53 pleinement
1265 1642 130 34 notre
1434 1639 200 50 opinion.
1675 1639 128 40 Dans
1832 1654 79 27 son
1951 1641 211 42 discours

151 1698 223 54 éloquent,
409 1699 64 40 M.
499 1698 495 56 Dujardin-Beaumet%
1016 1717 26 26 a
1082 1702 218 41 énuméré
1340 1711 146 34 toutes
1527 1708 63 38 les
1632 1709 286 50 nouveautés,
1961 1717 101 33 tous
2098 1712 63 39 les

148 1769 195 52 progrès
364 1768 190 40 réalisés
576 1768 158 54 depuis
752 1769 45 40 la
821 1769 61 40 loi
903 1784 21 25 «
949 1771 391 42 révolutionnaire
1364 1790 19 19 >*
1423 1775 54 39 de
1505 1773 126 43 1880
1672 1777 78 53 qui
1771 1791 25 25 a
1840 1777 234 57 affranchi
2098 1780 63 40 les

150 1841 187 34 artistes
356 1836 53 40 de
429 1836 42 38 la
497 1838 157 38 tutelle
669 1837 54 40 de
745 1837 148 42 VEtat
915 1852 51 27 en
994 1841 101 39 leur
1117 1841 204 40 donnant
1339 1856 87 27 une
1446 1844 172 40 entière
1643 1846 175 49 liberté,
1844 1854 42 32 et
1921 1847 34 40 il
1976 1861 71 27 na
2079 1862 84 40 pas

150 1903 68 40 dit
238 1917 56 26 un
332 1905 98 38 seul
452 1911 89 33 mot
576 1905 53 39 de
653 1906 44 39 la
719 1907 202 54 musique
941 1908 230 51 exécutée,
1199 1916 115 34 cette
1336 1913 161 51 année,
1525 1926 57 26 au
1611 1912 160 42 Grand
1794 1916 157 40 Palais
1973 1929 80 27 :ce
2084 1919 77 52 qui

144 1984 174 41 prouve
336 1972 119 50 bien,
480 1985 167 28 comme
672 1988 112 27 nous
807 1975 170 41 Vavons
996 1977 172 53 répété,
1193 1992 84 41 que
1308 1980 40 40 le
1382 1994 20 26 «
1438 1980 142 42 Salon
1601 1983 190 40 musical
1808 1997 20 25 »
1870 1985 195 40 n'existe
2079 1999 84 41 pas

153 2053 179 31 encore,
433 2055 97 40 grz/e,
571 2044 179 52 malgré
788 2044 280 42 l'excellente
1103 2048 230 40 initiative
1366 2049 55 40 de
1443 2050 67 41 M.
1552 2051 113 40 Pau*/
1714 2051 209 52 Viardot,
1954 2060 105 33 tout
2100 2061 63 34 est

155 2121 162 27 encore
340 2108 24 39 à
393 2109 141 52 faire.

205 2177 129 40 Nous
357 2190 54 27 ne
425 2190 231 30 cesserons
677 2180 54 40 de
763 2182 239 42 souhaiter
1023 2191 42 34 et
1097 2185 55 40 de
1185 2186 249 41 demander
1456 2201 84 27 une
1561 2190 325 54 organisation
1914 2190 76 41 des
2029 2192 108 40 musi-

152 2245 118 40 ciens
292 2247 233 53 analogue
543 2250 25 37 à
592 2249 113 40 celle
726 2248 78 42 des
829 2260 221 44 peintres,
1075 2257 257 52 sculpteurs
1348 2263 43 34 et
1428 2257 284 43 architectes.
1742 2260 117 39 Sans
1881 2259 137 41 doule
2058 2260 33 40 il
2114 2273 49 27 ne

146 2312 106 53 faut
268 2327 95 40 pas,
381 2328 52 26 en
455 2317 192 39 matière
670 2321 232 49 musicale,
929 2328 203 46 compter
1162 2337 81 26 sur
1266 2338 116 26 ceux
1404 2326 55 38 de
1500 2339 78 27 nos
1603 2335 189 33 maîtres
1813 2329 77 53 qui
1924 2335 102 33 sont
2063 2328 100 54 déjà

150 2382 215 40 célèbres.
392 2383 67 40 Un
481 2384 229 41 Massenet
731 2387 105 40 dira
858 2404 12 25 :
886 2403 20 25 «
924 2391 52 39 Je
992 2390 92 41 n'ai
1102 2406 85 40 pas
1210 2393 152 41 besoin
1385 2394 57 40 du
1456 2396 153 53 palais
1632 2396 77 40 des
1732 2396 430 56 Champs-Elysées,

152 2463 101 27 mon
272 2452 145 43 salon,
442 2455 188 47 àmoi,c
648 2462 67 32 est
736 2457 14 38 l
769 2456 148 53 Opéra
940 2465 43 33 et
1009 2452 447 66 VOpéra-Comique.
1486 2478 19 24 »
1552 2464 136 50 Mais,
1717 2467 155 51 parmi
1902 2467 64 38 les
1993 2467 169 48 jeunes,

226 2528 325 43 compositeurs
571 2535 54 27 ou
648 2523 236 53 virtuoses,
921 2531 243 38 musiciens
1187 2544 55 26 ou
1258 2534 157 50 poètes
1512 2546 84 40 que
1618 2533 53 40 de
1689 2535 168 38 talents
1880 2537 24 36 à
1922 2536 124 51 faire
2065 2548 74 26 con-

152 2594 147 33 naître
326 2592 66 37 !...

204 2655 40 40 Il
268 2669 52 27 ne
341 2670 101 27 sera
465 2671 81 40 pas
555 2658 151 54 facile
727 2661 232 43 d'arriver
990 2669 24 36 à
1053 2666 356 55 l'organisation
1446 2683 86 40 que
1565 2683 111 28 nous
1715 2672 262 39 réclamons
2004 2671 159 52 depuis

151 2724 119 39 deux
292 2738 81 27 ans
389 2742 15 34 ;
436 2738 96 36 car,
546 2740 123 40 pour
691 2732 112 48 cela,
822 2732 34 40 il
861 2732 186 54 faudra
1070 2735 199 42 d'abord
1302 2738 237 53 réformer
1576 2752 78 27 nos
1691 2751 168 29 mœurs
1900 2738 259 42 musicales.

150 2792 54 40 Je
223 2794 62 38 les
297 2792 118 56 juge
433 2808 89 39 par
543 2795 96 41 voie
655 2798 52 39 de
727 2807 231 35 contraste
978 2819 10 24 :

206 2862 70 40 Au
295 2863 274 55 magnifique
597 2865 191 55 banquet
809 2868 58 40 du
887 2869 31 42 3
934 2870 179 55 juillet,
1156 2874 278 50 assistaient,
1472 2888 107 27 avec
1612 2876 39 39 le
1689 2876 210 39 meilleur
1934 2876 144 52 esprit
2107 2875 54 40 de

149 2933 330 49 camaraderie,
522 2934 62 39 les
613 2935 120 40 deux
753 2937 202 42 Sociétés
1002 2942 92 52 qui,
1131 2955 56 27 un
1218 2951 206 42 moment,
1457 2944 161 50 furent
1658 2944 168 40 rivales
1862 2959 12 25 :
1909 2943 41 40 la
1983 2943 178 42 Société

149 2997 239 44 Nationale
409 3008 41 31 et
468 3002 43 39 la
536 3001 177 44 Société
732 3006 77 41 des
834 3006 191 44 Artistes
1054 3010 212 52 français.
1388 3012 150 55 Voye\
1580 3026 57 26 au
1679 3013 237 39 contraire
1957 3012 202 40 combien

152 3067 62 39 les
247 3071 237 38 musiciens
504 3078 102 33 sont
628 3073 168 41 divisés
819 3074 15 40 !
855 3076 152 42 Entre
1042 3080 62 38 tel
1128 3079 356 42 Conservatoire
1509 3081 111 40 libre
1653 3088 42 32 et
1730 3082 38 39 le
1791 3095 36 25 vt
1843 3081 48 39 ai
1910 3081 225 41 Conserva-

153 3135 132 48 toire,
314 3137 32 38 il
355 3150 47 41 y
422 3151 25 26 a
472 3141 24 37 à
515 3153 88 39 peu
618 3144 105 49 près
747 3144 41 38 la
813 3144 141 41 même
977 3146 208 41 distance
1201 3149 203 54 qu'entre
1428 3163 82 26 une
1533 3149 145 40 Ecole
1716 3150 371 53 Congréganiste
2120 3156 41 33 et

152 3217 83 26 une
260 3205 140 41 Ecole
439 3208 53 38 de
545 3209 15 37 l
576 3197 126 53 État.
743 3212 65 39 De
849 3215 174 52 quelles
1065 3222 208 48 attaques
1307 3217 257 54 grossières
1604 3231 26 26 a
1669 3218 69 40 été
1773 3217 153 54 l'objet
1971 3218 64 39 M.
2079 3218 82 41 Th.

150 3272 212 41 Dubois!
402 3274 83 51 Ici,
526 3283 103 33 sont
657 3278 63 40 les
734 3279 292 53 debussistes,
1063 3285 44 38 là
1133 3286 61 38 les
1223 3285 388 49 antidebussistes,
1653 3287 62 39 les
1738 3286 230 53 premiers
2003 3285 130 40 décer-

151 3347 107 32 nant
308 3354 94 26 aux
444 3351 157 33 autres
637 3359 54 26 un
728 3349 231 55 certificat
994 3352 55 39 de
1083 3353 180 41 nullité.
1288 3353 85 50 Ici,
1404 3367 47 26 ce
1484 3361 104 33 sont
1620 3355 63 39 les
1716 3355 254 50 partisans,
2013 3353 42 41 là
2099 3355 64 38 les

149 3411 198 38 ennemis
378 3411 393 44 irréconciliables
803 3417 217 52 a'Alfred
1048 3420 245 42 Bruneau.
1319 3421 84 52 Ici,
1444 3422 142 52 harpe
1626 3422 25 39 à
1684 3422 164 54 pédale
1874 3434 9 36 ;
1920 3422 60 49 là,
2023 3422 138 52 harpe

148 3477 313 55 chromatique
483 3479 15 40 !
514 3481 298 56 Récemment,
832 3500 57 26 un
913 3490 305 51 compositeur
1234 3503 160 36 connu,
1420 3490 174 54 chargé
1606 3490 54 40 de
1696 3490 185 52 diriger
1900 3488 259 41 l'orchestre

148 3546 114 39 dans
282 3560 54 26 un
359 3556 200 44 concert,
590 3564 64 26 me
677 3552 142 41 disait
839 3565 12 27 :
878 3569 19 25 «
933 3556 53 39 Si
1010 3558 62 39 M.
1094 3558 45 41 X
1165 3591 27 7 ..
1214 3557 165 54 figure
1408 3572 57 25 au
1484 3571 298 40 programme
1805 3569 167 28 comme
1986 3556 173 47 soliste,

791 1161 264 45 Peintres
1088 1170 54 37 et
1173 1166 320 42 musiciens
