2319 3860
731 240 139 27 NOTES
904 242 87 26 SUR
1022 244 51 25 LA
1104 246 200 33 MUSIQUE
1339 249 251 30 ORIENTALE

2087 264 74 39 341

162 316 132 39 laire.
319 313 41 42 Il
378 321 66 34 est
465 316 196 39 curieux
681 317 55 41 de
1002 326 596 46 retrouver,
1038 321 113 42 dans
1169 325 63 39 les
1255 327 147 39 tribus
1422 341 161 28 encore
1604 332 218 44 barbares
1844 338 55 40 de
1922 340 28 39 !
1952 341 197 56 Afrique

162 383 227 40 certaines
406 396 254 42 croyances
680 392 42 32 et
742 392 201 34 certains
966 401 165 41 usages
1151 391 77 39 des
1242 395 186 51 peuples
1460 396 63 39 les
1543 399 99 48 plus
1670 400 197 43 célèbres
1899 405 53 41 de
1988 410 42 37 la
2054 412 88 39 clas-

159 451 128 54 sique
310 452 253 54 Antiquité.
586 453 109 40 Rien
715 466 54 28 ne
792 454 242 41 ressemble
1051 458 104 51 plus
1178 472 96 27 aux
1306 465 324 50 superstitions
1665 467 78 41 des
1782 475 250 48 Assyriens
2082 491 82 40 que

162 520 134 40 celles
327 519 77 42 des
423 523 164 52 nègres
609 522 26 38 à
654 520 181 55 l'égard
855 520 78 42 des
955 537 21 24 «
1847 526 170 50 esprits
1192 539 38 37 »,
1267 528 109 39 dont
1413 531 58 40 ils
1491 532 148 41 voient
1659 545 191 43 portout
2152 559 12 35 ;

160 589 99 41 rien
282 603 55 27 ne
356 590 241 40 ressemble
619 592 103 52 plus
743 603 96 27 aux
860 592 247 40 chanteurs
1118 593 53 40 de
1194 595 43 40 la
1260 595 142 42 Grèce
1414 600 241 51 primitive
1676 612 43 32 et
1738 604 25 41 à
1787 620 116 26 ceux
1924 609 59 40 du
2003 625 67 26 mo
2081 627 82 29 yen

162 656 87 55 âge
268 670 87 41 que
376 659 41 39 le
446 673 20 24 «
489 658 129 54 griot
638 673 19 24 »
680 659 104 41 dont
807 672 110 26 nous
949 659 202 42 donnons

215 726 165 40 L'aède
390 727 187 54 antique
591 729 109 40 était
1298 741 57 27 un
799 734 162 34 errant
978 729 92 53 qui,
1086 729 56 40 de
1156 731 90 40 cité
1261 745 51 27 en
1336 734 106 53 cité,
1460 739 278 53 vulgarisait
1749 744 64 38 les
1829 744 148 42 beaux
1996 757 151 34 contes

159 795 230 40 charmait
409 796 63 39 les
491 796 156 41 loisirs
665 797 76 40 des
764 796 193 55 grands,
983 799 212 52 occupait
1209 801 191 52 parfois
1424 818 66 28 un.
1519 815 127 43 poste
1679 810 54 39 de
1764 813 252 55 confiance.
2067 819 65 39 Ho-

159 875 137 38 mere,
322 862 193 55 Orphée,
529 866 237 51 plusieurs
783 871 157 33 autres
983 879 84 40 que
1107 867 43 38 la
1192 868 224 42 tradition
1458 874 226 55 classique
1719 891 25 27 a
1787 882 301 52 transformés
2112 899 50 28 en

154 931 179 55 grands
352 945 327 42 personnages,
713 947 51 27 en
798 941 81 33 met-

159 1006 98 33 tant
275 1013 85 26 une
393 1000 186 41 auréole
609 1002 56 39 de
702 1003 176 39 merveil-

157 1069 107 39 leux
285 1075 168 33 autour
474 1068 55 41 de
552 1070 101 39 leur
671 1084 117 36 nom,
817 1071 65 41 n'é-

158 1136 145 40 taient
331 1150 104 27 sans
465 1137 135 41 doute
631 1152 82 42 que
739 1140 137 40 d'hum-

158 1204 93 41 bles
263 1207 246 39 chanteurs
655 1208 247 50 miséreux,

157 1287 167 27 comme
365 1288 69 27 ces
458 1275 261 42 ménestrels
747 1284 41 33 et
807 1277 75 54 jon-

154 1343 159 52 gleurs
352 1343 58 39 du
449 1357 162 41 moyen
649 1346 102 53 âge,
793 1347 110 39 dont

155 1409 69 41 M.
252 1411 166 40 Pierre
440 1414 169 52 Aubry
642 1427 26 26 a
692 1415 127 40 tracé
843 1415 61 40 ici

154 1481 140 37 même
326 1493 57 26 un
416 1481 244 40 saisissant
698 1485 207 50 portrait

155 1546 218 43 (Revue
416 1552 284 39 musicale
735 1550 168 40 d'avril

157 1613 163 53 1901).

208 1686 72 40 En
302 1688 213 54 Afrique,
531 1703 57 26 au
606 1689 215 56 Sénégal,
846 1704 55 25 au

154 1754 210 51 Soudan,
390 1771 56 25 au
488 1758 258 56 Dahomey,
787 1759 113 39 dans

154 1829 124 34 toute
332 1826 43 38 la
425 1827 158 50 partie
620 1827 281 40 occidentale

153 1901 44 29 et
229 1895 207 38 centrale
486 1895 57 39 du
563 1896 244 44 continent,
844 1909 56 26 on

155 1965 161 35 trouve
343 1963 38 38 le
417 1977 20 24 «
461 1963 127 52 griot
613 1978 40 33 »,
678 1965 222 38 chanteur

149 2029 338 50 professionnel
529 2032 104 41 dont
703 2032 108 40 l'art
850 2046 47 26 se

155 2102 217 36 transmet
444 2100 54 40 de
528 2105 112 49 père
682 2114 52 27 en
792 2100 101 57 fils,

150 2173 126 31 sorte
308 2166 157 40 d'aède
499 2170 108 39 noir
648 2171 25 37 à
717 2169 108 40 voix
842 2168 56 40 de

148 2232 191 54 fausset,
405 2236 350 54 improvisateur
800 2239 94 52 qui.

151 2302 67 39 lui
296 2305 141 50 aussi,
496 2307 113 39 ade
642 2307 229 54 l'imagina-

150 2373 111 48 tion,
287 2372 55 40 de
366 2373 251 55 Và-propos
655 2382 44 33 et
730 2376 53 39 de
817 2375 60 40 l'a-

149 2441 167 40 dresse.
347 2442 61 40 Ce
427 2457 123 41 pays
581 2448 69 42 où,
684 2444 110 40 dans
833 2444 63 40 les

146 2509 237 54 sacrifices
412 2512 250 54 religieux,
699 2526 53 27 on
776 2512 122 40 tuait

150 2576 62 39 les
233 2577 194 42 hommes
451 2580 90 40 ade
558 2582 136 48 façon
738 2595 83 41 que
858 2582 38 39 le

146 2657 119 41 sang
283 2646 194 54 jaillisse
494 2662 81 27 sur
593 2650 14 39 l
626 2650 120 40 idole
769 2665 39 34 »,
830 2656 65 34 est

146 2713 189 41 sensible
353 2717 26 37 à
417 2716 42 39 la
498 2720 205 52 musique
726 2718 145 41 instru-

148 2783 191 39 mentale
358 2789 43 33 et
417 2787 152 38 vocale
595 2787 109 53 qu'il
720 2790 177 40 associe

145 2848 27 39 à
196 2849 42 40 la
257 2852 186 53 plupart
471 2855 78 40 des
582 2864 123 34 actes
740 2859 54 40 de
818 2861 42 39 la
885 2862 69 40 vie
976 2876 17 39 ;
1023 2866 34 38 il
1078 2879 26 27 a
1127 2879 50 27 sa
1209 2868 156 52 poésie
1381 2867 16 40 !
1429 2870 61 38 Le
1529 2871 149 52 Niger
1699 2871 216 52 s'appelle
1955 2874 190 52 Djéliba,

146 2918 40 38 /e
227 2932 19 24 «
267 2918 155 54 fleuve
463 2924 161 41 chanté
661 2940 88 40 par
783 2930 64 39 les
883 2940 155 45 griots
1059 2951 37 22 ».
1122 2935 61 40 Le
1220 2937 217 39 musicien
1471 2936 108 40 dont
1601 2950 112 27 nous
1749 2938 204 41 donnons
1977 2942 39 38 le
2042 2954 81 40 por-

146 2987 112 38 trait
292 2991 310 55 authentique,
640 2997 102 50 pris
774 3010 83 27 sur
889 3013 87 27 une
998 3007 126 35 terre
1165 3003 111 40 dont
1315 3005 42 38 la
1398 3004 254 41 sécheresse
1675 3006 202 53 rappelle
1918 3008 39 40 le
1980 3009 165 48 désert,

192 3062 65 32 es/
414 3071 106 29 sa/zs
555 3061 172 43 beauté.
759 3066 64 40 La
865 3067 92 41 tête
990 3083 25 26 a
1052 3084 85 26 une
1172 3073 266 52 expression
1477 3073 264 54 énergique,
1782 3082 43 32 et
1866 3076 41 39 la
1950 3090 105 26 race
2077 3078 73 49 s'y

146 3121 175 56 inscrit,
339 3139 108 28 avec
482 3142 85 27 une
593 3131 130 46 force
751 3135 280 52 troublante,
1071 3152 171 28 comme
1276 3154 82 26 sur
1398 3142 41 38 le
1464 3141 154 53 visage
1639 3142 103 40 d'un
1765 3143 289 43 Rubinstein.
2082 3146 66 40 O/z

144 3204 299 44 remarquera
468 3198 12 38 l
498 3199 220 53 élégance
741 3201 78 42 des
851 3207 164 50 mains,
1043 3207 41 38 /a
1120 3207 160 49 finesse
1303 3208 76 41 des
1391 3208 181 55 jambes
1608 3217 43 33 et
1677 3210 78 41 des
1780 3212 147 52 pieds,
1956 3214 41 39 /a
2019 3219 129 35 naïve

143 3263 112 39 mais
273 3267 253 40 excellente
555 3271 306 53 composition
881 3273 77 40 des
995 3275 256 53 draperies.
1301 3278 123 40 C'est
1464 3292 58 26 un
1557 3280 111 38 beau
1691 3280 177 55 bronze.

203 3332 225 55 Quelques
450 3335 167 42 détails
639 3353 85 40 que
746 3339 275 55 j'emprunte
1040 3357 57 26 au
1121 3345 159 52 Congo
1304 3347 173 40 illustré
1503 3347 283 51 [Bruxelles,
1816 3349 146 56 iBg4,
1987 3357 29 35 t.
2053 3351 93 49 111,

135 3413 45 40 p.
211 3401 109 53 175)
337 3402 254 43 donneront
612 3421 84 26 une
719 3408 100 40 idée
845 3409 56 41 de
936 3424 72 27 ces
1047 3412 245 42 chanteurs
1332 3414 231 54 africains
1601 3423 44 33 et
1668 3424 286 33 montreront
1994 3432 83 41 que
2103 3421 44 37 la

141 3469 191 40 matière
351 3469 53 41 de
427 3472 121 41 leurs
571 3474 160 42 chants
755 3483 66 33 est
843 3476 98 42 bien
969 3481 111 39 celle
1104 3480 77 40 des
1200 3483 211 52 antiques
1428 3483 203 53 épopées.

198 3552 19 23 «
250 3539 83 40 Les
365 3539 215 42 A-Sa/zrfe
600 3556 55 27 ow
678 3544 348 42 Niams-Niams
1054 3549 242 49 possèdent
1333 3551 78 38 des
1430 3551 179 49 bardes,
1649 3552 77 41 des
1770 3554 305 42 troubadours
2098 3569 46 27 se
