2319 3860
785 225 146 31 COURS
964 225 63 27 DU
1060 215 204 36 COLLÈGE
1297 223 57 25 DE
1389 219 170 29 FRANCE

147 230 80 43 352

148 327 124 39 avoir
294 325 227 51 grandeur
544 333 41 31 et
609 321 225 49 noblesse,
857 327 42 32 et
931 331 86 40 que
1050 331 81 38 par
1152 320 279 48 conséquent
1456 319 112 45 tous,
1595 325 107 28 sans
1721 312 251 51 exception,
2013 320 77 31 ont
2113 326 57 38 pu

149 400 91 36 être
259 395 239 52 exprimés,
523 402 42 31 et
588 400 77 32 ont
691 393 69 37 été
789 387 326 42 effectivement
1147 388 223 51 exprimés
1406 398 55 26 en
1501 383 173 40 dorien.
1701 380 35 40 C
1757 388 65 32 est
1860 393 61 26 un
1947 379 131 40 mode
2099 393 76 27 sur

150 465 146 52 lequel
321 478 57 27 on
399 479 22 24 a
446 463 109 52 prié,
582 474 57 27 on
661 474 22 25 a
714 459 130 46 aimé,
868 470 57 29 on
950 471 22 25 a
998 459 116 48 rêvé,
1140 469 57 27 on
1217 470 21 25 a
1267 455 138 50 gémi,
1429 466 57 27 on
1511 466 20 26 a
1559 452 158 40 dansé.
1746 449 128 40 Voici
1903 462 60 25 un
1986 448 154 41 introït
2164 459 7 28 :

150 547 53 27 en
228 548 84 38 pur
347 533 156 40 dorien
527 536 57 34 où
616 527 235 53 s'exprime
875 526 39 41 la
938 526 102 52 plus
1075 526 98 39 vive
1201 524 243 50 allégresse
1469 519 57 55 (le
1562 524 23 37 8
1606 518 233 48 décembre,
1860 516 88 52 fête
1983 517 51 39 de
2066 516 88 40 l'lm-

148 602 185 40 maculée
348 599 284 51 Conception,
649 594 165 55 messe)
836 607 8 27 :
873 594 203 41 Gaudens
1096 593 195 55 gaudebo
1317 607 11 25 :
1350 592 145 52 Ayant
1514 591 50 39 de
1588 590 41 40 la
1651 588 112 53 joie,
1780 601 49 40 je
1864 600 64 25 me
1957 586 219 52 réjouirai

150 671 126 53 [dans
298 670 37 41 le
366 668 219 54 Seigneur
587 668 31 48 ),
646 666 82 41 tels
758 673 100 33 sont
877 665 63 40 les
969 665 114 39 deux
1107 663 216 52 premiers
1347 670 133 31 mots.
1510 657 229 42 Exultabit
1762 655 147 41 anima
1928 668 95 26 mea
2040 668 13 26 :
2076 669 99 25 mon

151 746 91 34 âme
274 738 185 41 bondira
479 738 50 38 de
545 736 111 55 joie,
683 735 119 42 est-il
819 735 63 40 dit
903 734 112 40 dans
1039 733 40 40 la
1105 734 115 39 suite
1239 745 8 26 :

202 1335 52 31 Cf.
281 1336 50 30 les
348 1333 145 33 introïts
517 1332 178 32 Exultabo
717 1332 37 30 in
769 1331 54 40 Jei
836 1330 133 32 usalem
988 1334 30 27 et
1041 1328 163 42 gaudebo
1229 1329 36 30 in
1286 1328 133 43 populo
1454 1338 76 21 meo
1561 1326 110 43 (juin,
1697 1336 116 23 messe
1832 1338 38 29 p.
1902 1326 36 32 S.
1965 1325 189 40 Boniface)

160 1385 124 30 Vocem
294 1383 243 43 jucunditatis
561 1382 214 33 annuntiate
795 1380 35 43 (5
837 1388 12 16 e
869 1380 87 33 dim.
978 1382 105 38 après
1107 1379 155 41 Pâques)
1280 1391 8 25 ;
1310 1378 126 32 Sancti
1473 1378 65 37 tui,
1566 1378 153 31 Domine
1751 1376 130 40 (messe
1914 1376 44 33 de
1996 1375 183 41 plusieurs

157 1442 167 33 martyrs,
352 1444 42 21 au
423 1441 117 32 temps
569 1434 140 39 pascal)
726 1444 7 25 ;
752 1432 204 31 Sacerdotes
973 1430 52 31 tui
1048 1428 134 42 (messe
1201 1428 83 32 d'un
1307 1428 215 33 confesseur
1538 1427 154 42 pontife)
1713 1437 6 29 ;
1746 1426 143 33 Caritas
1907 1427 54 31 dei
1979 1426 132 42 diffusa
2130 1430 50 26 est

155 1484 131 38 (messe
312 1484 43 31 de
378 1482 83 39 mai,
501 1482 38 33 S.
578 1482 171 40 Philippe
780 1481 44 33 de
845 1480 101 42 Néri)
968 1492 8 25 ;
1000 1479 149 32 Factum
1174 1484 50 27 est
1251 1489 57 21 cor
1330 1489 119 21 meum
1474 1482 170 38 tanquam
1664 1488 74 20 cera
1763 1477 195 42 liquescens
1983 1475 130 42 (messe
2136 1475 43 33 de

155 1534 91 42 juin,
268 1533 38 33 S.
333 1532 172 43 François
529 1532 229 41 Caracciolo)
775 1542 7 29 ;
808 1532 108 30 Nunc
936 1530 71 31 scio
1023 1540 81 21 vere
1117 1528 61 44 (29
1199 1529 115 41 juin);
1336 1528 196 33 Redemisti
1545 1538 64 21 nos
1630 1527 145 43 (juillet,
1795 1536 115 23 messe
1932 1527 47 31 du
2004 1525 176 33 Précieux

158 1584 141 43 Sang);
322 1583 190 43 Dispersit,
548 1583 94 32 dédit
673 1582 222 43 pauperibus
932 1583 112 38 (août,
1069 1580 194 32 dimanche
1285 1580 91 32 dans
1399 1578 151 33 l'octave
1583 1578 43 31 de
1648 1576 276 41 l'Assomption)
1948 1587 6 28 ;
1979 1577 200 31 Benedicite

155 1636 52 30 Do
213 1635 72 30 min
293 1646 19 19 u
318 1645 32 20 m
371 1644 120 21 omnes
521 1632 135 42 Angeli
672 1632 130 36 (messe
818 1632 47 31 du
896 1642 44 31 29
959 1629 134 43 sept.);
1116 1629 130 33 Omnis
1267 1629 122 42 glo)-ia
1415 1631 75 39 ejus
1512 1628 32 43 (3
1550 1634 11 15 e
1584 1627 87 33 dim.
1697 1629 104 38 après
1825 1629 34 30 la
1888 1627 226 40 Pentecôte).

159 1685 65 31 Les
247 1682 203 34 offertoires
474 1695 7 19 :
505 1683 94 31 Deus
616 1687 35 28 tu
675 1693 119 21 convei
804 1693 61 20 sus
889 1681 33 42 (2
928 1688 10 14 e
962 1680 87 32 dim.
1080 1680 44 31 de
1147 1679 153 42 l'Avent)
1323 1688 7 30 ;
1356 1679 124 31 Lauda
1508 1677 204 41 Jérusalem
1738 1677 198 30 Dominum
1957 1676 223 42 (Patronage

160 1734 44 32 de
228 1734 37 32 S.
297 1733 148 41 Joseph)
467 1745 7 25 ;
514 1733 103 30 Filice
642 1743 128 31 regum
796 1732 50 40 (p.
885 1741 71 22 une
978 1729 136 43 Vierge
1155 1740 70 21 non
1272 1728 172 42 martyre)
1461 1742 8 24 ;
1514 1739 80 20 cum
1624 1731 90 28 esset
1754 1728 177 41 desponsa
1972 1726 208 42 (maternité

159 1784 42 31 de
224 1787 31 29 la
279 1783 161 42 Vierge).
522 1783 65 32 Les
606 1782 173 43 graduels
799 1791 7 23 :
823 1782 157 41 Adjutor
995 1780 37 31 in
1056 1780 329 43 opportunitatibus
1413 1778 112 41 (Dim.
1551 1778 43 31 de
1617 1780 33 30 la
1681 1776 296 44 Septuagésime)
2005 1787 6 28 ;
2034 1776 148 41 Juravit

159 1835 176 30 Dominus
353 1835 56 37 {l2
436 1836 123 34 mars).
642 1833 65 32 Les
731 1831 190 33 antiennes
945 1840 7 23 :
979 1830 96 32 Dum
1114 1834 90 27 esset
1243 1841 64 19 rex
1347 1830 37 30 in
1410 1829 164 31 accubitu
1601 1839 64 20 suo
1708 1827 186 42 (commun
1940 1827 63 32 des
2045 1826 136 33 saintes

159 1884 160 37 femmes,
344 1894 67 21 aux
435 1884 141 39 vêpies)
595 1895 8 26 ;
624 1882 143 32 Simeon
790 1881 128 40 Justus
938 1879 155 44 (février,
1117 1890 68 22 aux
1210 1879 141 42 vêpres)
1377 1891 8 25 ;
1407 1879 184 31 Elisabeth
1613 1877 186 32 Zachariœ
1823 1877 62 42 (24
1902 1877 91 41 juin,
2012 1878 142 40 vêpres)
2172 1888 8 26 ;

155 1934 98 32 Inter
270 1936 101 29 natos
391 1932 191 31 mulierum
616 1931 86 43 id.);
726 1931 110 33 Credo
869 1931 117 31 videre
1016 1931 89 30 bona
1142 1930 148 31 Domini
1312 1927 118 44 (office
1469 1928 62 33 des
1571 1929 126 40 morts)
1716 1940 9 25 ;
1752 1928 89 31 Post
1878 1928 163 30 iriduum
2083 1928 78 29 inve-

156 1989 131 26 nerunt
319 1983 125 40 Jesum
480 1982 63 42 (La
568 1982 125 33 Sainte
731 1981 164 40 Famille,
929 1992 67 21 aux
1031 1982 142 40 vêpres)
1194 1989 7 30 ;
1240 1980 165 42 Suscepit
1425 1990 65 20 nos
1518 1978 181 32 Dominus
1722 1978 103 42 (Fête
1848 1977 46 33 du
1918 1977 259 39 Sacré-Cœur,

159 2033 159 41 vêpres),
334 2041 98 24 etc...

215 2624 87 42 Ces
326 2624 160 42 finales
519 2640 56 26 en
606 2626 176 48 dorien,
823 2640 104 26 avec
950 2626 11 40 l
982 2626 163 50 égalité
1176 2626 78 40 des
1290 2635 144 40 notes,
1477 2635 77 32 ont
1577 2640 87 27 une
1689 2626 209 40 noblesse
1923 2627 76 52 qui
2038 2625 79 42 fait
2142 2626 38 40 la

159 2694 162 40 beauté
338 2695 59 40 du
430 2694 286 52 plain-chant
736 2706 7 28 :

166 3081 182 54 (hymne
386 3097 114 38 pour
529 3099 58 25 un
614 3093 41 32 et
686 3085 224 52 plusieurs
954 3094 210 44 martyrs,
1187 3095 144 44 temps
1350 3085 170 54 pascal)
1542 3097 9 40 ;
1574 3088 114 38 mais
1712 3085 246 42 renfermer
1977 3100 47 26 ce
2049 3095 132 32 mode

164 3152 111 39 dans
300 3152 292 52 l'expression
631 3153 133 40 d'une
802 3155 224 49 catégorie
1059 3154 53 40 de
1136 3157 265 39 sentiments
1444 3156 291 50 déterminée,
1773 3166 66 31 est
1883 3170 84 26 une
2003 3156 98 40 idée
2130 3156 54 40 de

163 3222 323 48 grammairien
505 3234 56 27 ou
579 3222 53 39 de
656 3223 351 51 métaphysicien
1039 3238 87 37 que
1154 3225 220 40 contredit
1404 3224 38 41 le
1475 3226 244 51 répertoire
1742 3225 54 40 de
1819 3223 202 53 l'Eglise.
2043 3224 113 43 Reve-

165 3302 112 28 nons
311 3293 20 35 à
358 3290 77 39 des
453 3290 206 52 analyses
683 3302 236 40 purement
936 3292 259 41 musicales.

221 3357 70 41 Du
314 3358 154 40 dorien
513 3360 198 51 antique,
752 3360 318 52 spécialement
1104 3361 206 53 employé
1346 3362 112 39 dans
1502 3362 40 40 le
1574 3363 134 40 chant
1733 3368 305 48 accompagné
2069 3364 53 40 de
2143 3363 39 40 la

165 3427 168 40 cithare
357 3440 56 27 ou
437 3427 54 40 de
515 3427 39 41 la
575 3427 108 54 lyre,
707 3427 28 40 il
761 3441 113 27 nous
907 3437 115 32 reste
1044 3429 113 40 deux
1181 3432 252 50 spécimens
1461 3445 7 26 :
1490 3431 24 39 Y
1521 3430 169 53 Hymne
1707 3436 23 35 à
1759 3432 42 40 la
1823 3432 124 41 Muse
1954 3466 7 14 ,
1991 3432 193 42 attribué

166 3499 22 37 à
214 3494 275 50 Mésomède,
524 3498 216 39 musicien
784 3498 245 49 originaire
1067 3498 53 40 de
1144 3498 88 41 l'île
1262 3499 55 40 de
1356 3497 149 51 Crète,
1545 3513 107 28 sous
1683 3500 39 41 le
1758 3507 138 46 règne
1937 3499 245 43 d'Hadrien

168 3563 39 53 (2
213 3573 14 18 e
251 3578 35 26 s.
312 3565 53 40 de
394 3565 11 40 1
425 3571 71 34 ère
516 3565 269 52 chrétienne)
823 3575 40 31 et
885 3567 23 38 Y
916 3565 168 53 Hymne
1107 3582 54 25 au
1178 3567 153 50 Soleil,
1430 3582 154 28 œuvre
1606 3570 110 40 dont
1737 3570 40 40 le
1801 3572 99 39 titre
1923 3570 159 42 éveille
2106 3571 78 40 des
