2319 3860
896 223 177 31 HORACE
1108 226 51 25 EN
1195 224 199 33 MUSIQUE

2065 227 74 41 355

193 317 70 41 En
283 331 188 36 somme,
508 319 38 40 le
567 319 221 52 phrygien
811 315 196 53 (dorien)
1028 324 66 32 est
1116 317 254 49 prisonnier
1393 315 53 39 de
1470 328 48 26 sa
1542 315 412 51 sous-dominante,
1991 317 40 38 la
2054 315 60 54 (1)
2136 331 9 33 ;

136 387 54 40 de
206 401 48 26 ce
273 387 57 48 /a,
356 388 28 39 il
409 397 104 43 peut
533 400 153 39 passer
717 399 55 26 en
809 387 43 36 ré
875 399 12 23 :
908 384 201 51 exemple
1144 385 178 38 curieux
1361 381 105 42 d'un
1510 383 130 40 mode
1680 385 75 49 qui
1776 397 22 25 a
1831 398 57 25 un
1912 385 155 39 accord
2090 385 54 40 de

138 458 185 50 tonique
343 458 191 45 mineur,
559 464 41 31 et
626 456 91 49 qui,
738 456 36 37 si
793 466 58 27 on
865 466 54 26 ne
943 452 60 40 lui
1028 452 169 51 adjoint
1221 465 80 38 pas
1324 464 87 27 une
1434 460 102 31 note
1560 456 249 45 étrangère,
1833 452 94 40 doit
1945 453 203 40 moduler

141 537 75 27 sur
238 525 114 40 deux
386 533 148 31 autres
555 522 182 40 accords
769 522 213 39 mineurs.
1009 519 127 42 Cette
1159 522 246 38 connexion
1441 528 65 31 est
1539 520 39 40 le
1609 521 220 39 contraire
1865 521 54 40 de
1938 521 107 40 celle
2073 522 75 50 qui

143 594 196 40 rattache
362 594 40 39 le
424 593 170 51 majeur
611 591 149 39 ionien
785 588 80 53 (ut)
887 604 83 25 aux
1009 589 195 52 majeurs
1240 588 272 51 mixolydien
1543 588 103 49 (sol)
1667 597 39 31 et
1737 589 147 52 lydien
1909 589 99 52 (fa).
2034 588 115 41 Mais

137 663 115 39 voici
276 675 86 27 une
384 670 124 31 autre
529 671 230 28 ressource
786 660 75 49 qui
892 657 77 41 fait
1006 658 339 51 compensation
1369 665 57 40 et,
1453 670 53 26 en
1537 657 236 41 arrachant
1813 658 40 39 le
1886 657 219 52 phrygien
2128 662 19 35 à

142 734 21 35 à
183 743 81 26 son
289 728 227 53 perpétuel
541 729 190 45 mineur,
769 734 170 44 permet
974 726 54 40 de
1061 726 38 40 le
1138 726 256 40 considérer
1436 738 106 27 sous
1571 740 60 25 un
1665 735 123 31 autre
1821 735 164 43 aspect.
2011 725 62 41 Le
2093 725 59 39 mi

139 797 310 41 fondamental
473 804 66 32 est
562 797 132 38 tierce
718 795 25 39 d
751 793 70 41 \it\
844 793 80 49 Or,
945 803 121 32 toute
1090 794 39 40 la
1155 808 181 36 gamme
1360 795 211 39 ionienne
1603 802 104 43 peut
1734 793 110 41 faire
1867 800 175 44 cortège
2062 794 87 40 àla

141 910 180 37 gamme
344 896 279 52 phrygienne
646 908 53 26 en
724 907 46 27 se
795 902 249 43 supposant
1068 898 22 35 à
1114 893 83 40 elle
1223 906 8 25 :

198 989 62 40 Le
277 989 220 52 phrygien
514 997 104 42 peut
639 988 114 40 donc
769 988 205 40 moduler
993 1001 54 27 en
1065 989 151 38 ionien
1236 1002 7 24 :
1265 994 40 32 et
1325 987 53 39 de
1395 986 56 49 là,
1470 986 30 40 il
1519 994 103 43 peut
1635 999 155 39 passer
1811 999 54 26 en
1884 985 66 40 sol
1967 985 184 51 (ionien,

142 1071 105 27 avec
275 1055 106 55 fa%)
431 1056 64 41 De
534 1065 111 32 cette
675 1055 162 41 faculté
880 1058 111 38 mise
1034 1060 22 36 à
1096 1053 149 55 profit,
1275 1055 26 40 il
1344 1054 163 41 résulte
1546 1068 86 37 que
1674 1054 39 39 le
1742 1054 238 51 phrygien,
2033 1058 120 35 étant

144 1140 104 27 sous
272 1126 40 40 la
336 1126 288 52 dépendance
641 1126 55 40 de
718 1124 193 48 l'éolien,
938 1126 75 51 qui
1035 1124 61 40 lui
1122 1123 166 41 fournit
1303 1123 78 41 des
1402 1123 217 40 éléments
1642 1122 368 49 démodulation,
2037 1130 40 32 et
2101 1121 54 40 de

143 1196 198 48 hionien,
378 1203 65 31 est
466 1208 54 26 en
554 1194 194 52 quelque
795 1202 118 32 sorte
946 1196 127 38 attiré
1105 1206 100 27 vers
1246 1192 39 40 le
1319 1192 186 50 registre
1527 1204 137 38 grave
1684 1203 9 38 ;
1726 1192 119 39 aussi
1898 1190 256 53 apparaît-il

144 1271 188 32 souvent
357 1267 236 46 transposé
623 1276 54 26 en
699 1265 45 36 ré
768 1276 103 26 avec
895 1277 21 25 2
941 1261 190 48 bémols,
1155 1274 56 27 ou
1234 1274 55 26 en
1308 1266 45 34 ut
1376 1274 106 26 avec
1501 1275 25 35 4
1588 1259 96 41 .De
1707 1259 116 52 plus,
1847 1260 63 39 les
1937 1259 217 40 mélodies

145 1332 75 52 qui
262 1331 60 39 lui
360 1331 344 51 appartiennent
740 1343 54 27 ne
832 1338 307 32 commencent
1164 1342 78 39 pas
1284 1330 202 50 toujours
1523 1342 79 37 par
1640 1328 38 40 la
1705 1330 198 49 tonique,
1931 1330 113 37 mais
2077 1341 79 38 par

145 1415 59 25 un
225 1400 78 39 des
336 1412 106 27 sons
459 1398 239 52 indiquant
725 1398 64 39 les
809 1399 155 39 modes
987 1399 112 39 dans
1122 1397 194 52 lesquels
1336 1397 30 40 il
1395 1399 115 38 aime
1535 1401 22 35 à
1579 1410 169 38 passer.
1770 1394 88 54 (Cf.
1877 1394 118 55 J.-S.
2016 1395 137 49 Bach,

144 1468 153 41 choral
323 1481 96 36 214,
444 1465 129 53 ibid.)

1519 1532 141 54 JULES
1696 1531 286 41 COMBARIEU.

373 1603 50 52 (A
456 1603 155 41 suivre.
624 1603 9 51 )

825 1865 226 40 Horace
1090 1875 69 29 en
1194 1862 282 51 musique.

374 2011 334 28 CONTRIBUTION
751 2012 24 24 A
818 1995 189 42 L'ÉTUDE
1048 2011 55 24 DE
1124 1993 305 43 L'HUMANISME
1462 2008 198 27 MUSICAL
1684 2009 53 26 EN
1763 2009 169 26 FRANCE

971 2077 56 27 AU
1064 2077 67 26 XVI
1131 2077 23 26 e
1191 2068 154 35 SIÈCLE

201 2196 87 40 Les
309 2196 280 39 humanistes
607 2193 58 40 du
692 2206 70 26 xvi
767 2197 15 17 e
806 2191 146 46 siècle,
979 2190 203 40 désireux
1217 2189 52 39 de
1295 2189 292 39 reconstituer
1608 2187 112 40 dans
1763 2200 81 26 son
1883 2187 211 50 intégrité
2116 2186 39 39 la

146 2265 152 52 poésie
321 2263 78 40 des
423 2263 197 45 anciens,
638 2261 165 39 étaient
824 2258 345 42 naturellement
1188 2261 183 35 amenés
1390 2260 20 35 à
1430 2271 25 37 y
1477 2256 173 52 joindre
1667 2256 40 40 la
1728 2258 226 49 musique,
1968 2264 57 37 et,
2039 2254 119 40 faute

147 2333 170 40 d'avoir
333 2334 207 38 retrouvé
572 2329 62 40 les
656 2327 242 42 véritables
923 2326 216 40 mélodies
1162 2325 78 40 des
1262 2338 100 26 vers
1403 2326 223 50 antiques,
1649 2324 53 40 ils
1724 2339 27 37 y
1787 2324 260 52 adaptèrent
2080 2322 77 40 des

147 2400 215 42 mélodies
383 2399 249 41 nouvelles.
659 2395 71 42 On
754 2398 80 39 mit
867 2404 176 32 surtout
1074 2407 54 27 en
1153 2395 208 50 musique
1394 2393 63 40 les
1481 2399 151 46 poètes
1663 2393 147 39 latins,
1853 2392 100 52 plus
1976 2393 156 38 univer-

147 2471 233 40 sellement
416 2480 172 29 connus
628 2479 87 39 que
750 2466 63 39 les
855 2478 129 37 grecs
1013 2472 41 32 et
1098 2465 120 38 aussi
1255 2462 217 40 familiers
1510 2476 54 25 au
1601 2460 150 53 public
1793 2461 161 40 cultivé
1977 2474 85 38 que
2095 2460 63 39 les

147 2548 180 32 auteurs
345 2537 362 51 contemporains
731 2537 289 37 eux-mêmes.
1047 2531 71 48 Et,
1139 2533 142 50 parmi
1318 2531 61 39 les
1419 2543 175 28 œuvres
1625 2530 54 39 de
1699 2530 40 39 la
1764 2531 150 50 poésie
1937 2529 151 46 latine,
2111 2541 47 26 ce

146 2606 148 41 furent
314 2613 174 33 surtout
530 2604 64 39 les
627 2601 122 41 Odes
785 2601 219 40 d'Horace
1037 2601 75 50 qui
1156 2604 221 35 tentèrent
1415 2598 62 39 les
1502 2598 242 39 musiciens
1766 2597 296 40 humanistes.
2097 2595 61 40 Le

147 2681 127 47 poète
294 2675 76 51 qui
402 2672 173 41 célébra
601 2672 62 39 les
683 2670 168 50 gloires
874 2669 54 39 de
962 2682 46 26 ce
1032 2667 132 41 siècle
1188 2667 265 50 d'Auguste,
1479 2667 33 39 si
1538 2667 151 39 vivant
1712 2679 113 38 pour
1864 2665 62 40 les
1952 2665 206 39 hommes

144 2745 53 38 de
221 2744 39 39 la
287 2743 320 45 Renaissance,
634 2739 256 52 l'épicurien
913 2737 161 41 délicat
1107 2738 75 50 qui
1203 2736 252 40 rehaussait
1475 2734 53 40 de
1556 2734 263 40 mélancolie
1841 2742 41 31 et
1905 2733 53 40 de
1989 2732 169 40 morale

147 2825 71 27 ses
241 2812 224 39 chansons
497 2818 40 31 et
574 2821 70 27 ses
681 2806 249 50 badinages
959 2807 105 38 était
1097 2818 105 27 sans
1238 2804 134 40 doute
1402 2802 190 41 l'auteur
1627 2801 172 54 préféré
1819 2802 78 39 des
1931 2801 149 40 lettrés
2097 2800 59 39 du

146 2896 70 25 xvi
222 2888 12 15 c
259 2879 147 42 siècle.
430 2877 117 41 Mais
566 2878 37 39 si
628 2875 171 41 Horace
823 2875 129 39 attira
971 2873 248 41 l'attention
1236 2873 77 40 des
1337 2873 258 48 musiciens,
1620 2871 104 39 c'est
1748 2878 131 32 avant
1902 2877 94 32 tout
2029 2881 129 39 parce

149 2964 58 38 qu
227 2950 29 39 il
281 2950 118 39 avait
422 2949 192 50 importé
657 2948 22 36 à
721 2943 145 41 Rome
898 2943 64 39 les
995 2948 163 35 mètres
1201 2941 195 47 d'Alcée,
1423 2941 54 39 de
1502 2938 169 53 Sapho,
1711 2937 280 41 d'Anacréon
2020 2946 40 31 et
2081 2937 77 39 des

148 3023 151 48 poètes
324 3015 316 48 Alexandrins,
663 3011 106 42 c'est
792 3024 131 39 parce
957 3024 86 38 que
1067 3023 70 28 ses
1161 3009 122 42 Odes
1324 3009 317 40 constituaient
1674 3022 58 25 un
1755 3006 217 41 véritable
2012 3009 122 48 réper-

147 3089 111 39 toire
281 3086 76 40 des
383 3084 198 52 rythmes
604 3082 198 53 lyriques
822 3081 53 39 de
898 3079 266 52 l'antiquité.
1192 3078 152 48 Aussi,
1368 3078 78 39 dès
1468 3077 39 40 le
1530 3075 136 41 début
1706 3077 58 38 du
1797 3089 70 25 xvi
1871 3080 15 16 e
1906 3074 147 48 siècle,
2096 3074 62 39 les

147 3155 108 41 odes
275 3153 220 41 d'Horace
516 3153 178 39 avaient
719 3154 68 36 été
811 3151 138 38 mises
967 3161 54 27 en
1039 3149 209 50 musique
1271 3160 54 27 en
1346 3146 266 50 Allemagne
1634 3159 80 37 par
1737 3144 151 39 Pierre
1911 3143 245 46 Tritonius,

149 3228 21 35 à
195 3222 293 49 l'instigation
511 3221 59 39 du
590 3218 174 42 célèbre
788 3218 256 40 humaniste
1067 3215 184 41 Conrad
1272 3214 165 49 Celtes,
1472 3222 41 31 et
1538 3213 194 40 d'autres
1758 3212 285 51 adaptations
2066 3224 62 25 mu-

150 3291 159 40 sicales
350 3303 56 26 en
439 3288 147 40 furent
614 3287 145 48 faites,
785 3294 280 33 notamment
1088 3298 80 38 par
1202 3282 122 42 Senfl
1348 3291 41 32 et
1412 3296 79 38 par
1516 3281 275 41 Hofheimer.
1819 3279 32 40 Il
1874 3293 47 26 se
1941 3278 217 53 produisit

149 3361 114 39 ainsi
288 3372 55 25 au
369 3357 96 40 delà
489 3357 58 39 du
588 3356 136 47 Rhin,
749 3355 198 52 pendant
977 3354 40 40 la
1045 3353 100 52 plus
1168 3352 171 51 grande
1363 3353 141 50 partie
1535 3350 59 40 du
1635 3363 70 27 xvi
1707 3354 16 17 e
1746 3348 146 47 siècle,
1934 3362 60 25 un
2036 3359 92 26 mou-

149 3434 179 34 vement
365 3428 316 37 extrêmement
714 3426 177 37 curieux
933 3436 113 38 pour
1083 3421 162 41 l'étude
1278 3420 78 40 des
1382 3427 207 43 rapports
1612 3418 54 40 de
1688 3415 318 41 l'humanisme
2043 3423 41 30 et
2106 3413 52 39 de

190 3547 54 42 (i)
263 3544 54 34 Cf.
342 3547 31 29 le
396 3542 123 34 choral
547 3541 43 33 de
616 3541 98 32 Bach
737 3547 38 24 n°
796 3542 40 29 16
854 3540 9 42 (
868 3540 114 40 ibid.).

262 3618 41 28 R.
327 3614 47 31 M.

1943 3600 43 29 26
