2270 3769
955 205 127 27 BILAN
1118 205 196 28 MUSICAL

2057 210 72 40 335

192 306 65 35 11°
296 300 128 50 Quels
444 305 95 34 sont
559 298 57 39 les
637 295 245 41 intervalles
901 294 75 53 qui
994 308 52 25 ne
1063 308 43 25 se
1128 300 191 33 trouvent
1343 308 77 38 que
1435 294 110 38 dans
1562 293 37 39 le
1615 298 71 34 ton
1708 295 51 38 de
1777 296 47 49 fa
1852 295 165 41 mineur
2037 298 16 38 ?

182 368 286 42 L'intervalle
491 367 53 40 de
567 364 190 42 seconde
781 366 265 49 augmentée
1077 366 44 35 rë
1137 367 16 34 b
1178 360 60 40 mi
1255 367 17 35 S
1300 376 7 33 ;
1334 362 54 39 de
1411 369 159 44 quarte
1597 360 231 42 diminuée
1848 378 56 23 wz
1924 367 17 35 Ë
1961 364 41 38 /a
2017 369 17 34 b
2058 366 77 43 ;de

124 441 154 50 quinte
303 440 264 47 augmentée
602 433 41 41 /a
659 438 17 36 b
705 432 60 39 mi
781 436 17 36 B
825 440 40 32 et
886 431 53 39 de
960 431 216 51 septième
1199 429 227 40 diminuée
1449 428 60 40 mi
1529 432 45 36 ré
1590 433 38 35 b.

185 512 67 35 12°
277 505 201 40 Combien
494 518 81 25 une
592 502 135 39 ronde
746 499 202 42 vaut-elle
971 499 49 39 de
1044 498 164 39 triolets
1232 498 49 38 de
1307 512 141 25 noires
1474 498 14 38 ?

183 573 76 42 Six
280 575 148 40 noires
448 587 53 26 en
525 571 172 42 triolets
722 583 59 27 ou
809 569 111 40 deux
943 566 172 41 triolets
1136 566 54 40 de
1208 567 164 39 noires.

183 790 125 42 Nous
348 798 283 31 montrerons
675 784 192 54 quelque
909 783 99 51 jour
1048 780 108 53 qu'il
1190 795 28 37 y
1265 794 21 25 a
1329 780 113 39 dans
1469 780 38 39 la
1545 780 173 41 théorie
1754 782 214 40 musicale
2000 784 54 39 de
2093 784 38 39 la

129 860 167 40 théorie
318 857 214 41 véritable
555 864 41 31 et
619 869 86 38 que
728 855 35 39 si
788 853 40 39 la
848 851 274 51 grammaire
1144 848 105 40 delà
1274 849 210 50 musique
1507 857 66 31 est
1598 854 140 35 restée
1756 864 54 26 en
1835 853 162 39 arrière
2015 852 52 39 de
2091 852 39 40 la

126 928 272 51 grammaire
417 925 53 40 de
491 925 37 40 la
551 925 165 49 langue
736 922 55 39 de
814 921 100 52 plus
933 920 54 39 de
1009 920 248 50 cinquante
1292 930 95 35 ans,
1407 930 47 26 ce
1479 916 111 41 n'est
1605 919 125 49 point
1762 932 87 26 une
1873 921 150 38 raison
2048 919 86 41 suf-

126 996 158 41 fisante
306 1008 113 40 pour
454 993 106 52 qu'il
584 1007 54 26 en
660 993 83 40 soit
777 990 202 50 toujours
1004 988 132 39 ainsi.

1657 984 254 42 ALBÉRICH.

836 1238 165 40 Bilan
1033 1236 247 42 musical

1315 1235 98 55 (fin)

459 1371 186 42 Œuvres
680 1376 186 36 montées
886 1381 81 45 par
989 1371 408 55 VOpéra-Comique
1419 1387 50 24 en
1512 1386 133 41 1905-
1655 1387 16 24 1
1682 1373 83 55 906
1787 1387 7 25 :

179 1477 188 49 Miarka,
390 1493 24 36 4
438 1487 117 32 actes
576 1479 52 40 de
649 1478 38 55 J.
712 1478 236 53 Richepin,
975 1480 209 51 musique
1213 1478 55 40 de
1293 1477 36 41 A
1373 1476 202 52 Georges
1600 1477 65 53 (23
1697 1482 398 49 représentations)
2120 1494 8 26 :

125 1547 40 39 la
186 1547 146 54 Coupe
348 1547 242 48 enchantée,
621 1562 13 25 1
664 1556 93 32 acte
777 1547 176 53 d'après
992 1546 61 41 La
1082 1547 233 45 Fontaine,
1340 1561 81 38 par
1444 1547 62 40 M.
1533 1546 182 49 Matrat,
1749 1549 208 52 musique
1995 1549 54 41 de
2076 1549 53 42 G.

124 1615 160 40 Pierné
304 1619 40 48 (9
369 1618 396 50 représentations)
790 1632 8 32 ;
826 1617 57 39 les
901 1615 216 41 Pécheurs
1140 1616 49 39 de
1218 1615 254 50 Saint-Jean
1481 1646 8 16 ,
1527 1631 25 35 4
1575 1625 119 32 actes
1714 1617 54 40 de
1794 1616 52 41 H.
1870 1616 132 48 Cain,
2030 1633 67 26 mu-

122 1685 127 51 sique
270 1684 54 40 de
360 1684 160 42 Widor
553 1684 65 53 (11
650 1686 395 52 représentations)
1068 1699 9 34 ;
1095 1683 259 56 Aphrodite,
1380 1688 24 36 6
1439 1684 209 42 tableaux
1687 1684 176 54 d'après
1903 1685 52 41 P.
1981 1685 153 54 Loiiys

123 1766 79 38 par
214 1752 53 40 de
280 1751 233 53 Gramont,
540 1756 208 50 musique
765 1754 53 40 de
830 1754 51 40 C.
908 1753 221 51 Erlanger
1147 1752 68 54 (19
1230 1755 402 51 représentations)
1654 1769 9 34 ;
1686 1754 40 40 la
1749 1754 225 42 Revanche
1990 1756 39 38 di
2034 1755 97 48 Iris,

129 1836 10 24 1
171 1830 93 31 acte
286 1822 54 39 de
360 1821 111 41 Paul
498 1823 192 51 Février,
718 1824 208 51 musique
941 1823 52 39 de
1018 1822 98 41 Diet
1140 1834 7 37 ;
1175 1823 37 39 le
1241 1821 89 43 Roi
1352 1823 181 53 aveugle
1540 1855 8 18 ,
1576 1838 19 25 2
1639 1823 207 41 tableaux
1870 1824 52 40 de
1948 1823 188 52 Hugues

122 1888 191 50 Leroux,
356 1893 206 52 musique
602 1892 53 40 de
694 1891 111 42 Paul
849 1891 179 40 Février
1067 1891 36 52 (5
1141 1893 404 51 représentations)
1568 1907 8 34 ;
1620 1892 36 40 le
1691 1891 104 41 Clos
1803 1923 8 16 ,
1848 1908 22 35 4
1922 1902 118 31 actes
2081 1894 54 39 de

127 1957 160 41 Michel
311 1957 152 51 Carré,
483 1960 174 52 d'après
679 1959 195 42 Amédée
897 1959 195 52 Achard,
1115 1963 211 50 musique
1350 1961 55 40 de
1428 1958 148 43 Silver
1599 1960 113 53 (prix
1732 1961 54 40 de
1807 1960 164 53 Rome)
2002 1963 37 48 (1
2070 1975 42 29 re-

124 2028 337 52 présentation).

181 2096 186 41 Œuvres
395 2097 227 54 classiques
659 2098 181 51 reprises
866 2114 7 26 :
905 2097 170 41 Fidelio
1084 2130 8 17 ,
1117 2114 24 35 4
1182 2107 119 32 actes
1344 2100 54 39 de
1437 2098 260 42 Beethoven
1731 2111 9 36 ;
1780 2097 323 55 Marie-Magde-

122 2164 124 48 leine,
269 2180 24 35 4
327 2175 117 31 actes
466 2166 54 40 de
559 2165 163 50 Gallet,
748 2169 209 51 musique
980 2168 54 40 de
1072 2166 245 50 Massenet,
1345 2170 113 38 mise
1480 2181 115 39 pour
1627 2168 40 40 la
1696 2168 220 52 première
1949 2166 86 42 fois
2077 2182 55 26 en

122 2239 129 35 scène
267 2238 21 36 à
318 2233 122 42 Paris
464 2234 42 53 (9
527 2235 414 54 représentations).

180 2302 160 54 Opéras
362 2303 210 55 comiques
588 2305 104 39 dont
718 2309 42 35 ta
778 2311 149 34 recette
947 2321 24 23 a
990 2306 175 53 dépassé
1182 2319 130 42 g.OOO
1326 2307 151 50 francs
1493 2320 50 24 en
1573 2318 108 43 /905
1706 2311 37 33 et
1766 2305 111 55 igoô
1901 2317 7 27 :
1947 2305 167 40 Alceste

122 2371 53 40 de
216 2370 140 42 Gluck
384 2386 9 34 ;
436 2372 99 40 Don
573 2373 109 48 Juan
691 2407 8 17 ,
756 2375 54 40 de
845 2374 174 41 Mozart
1046 2386 8 36 ;
1098 2373 188 48 Manon,
1338 2375 52 39 de
1427 2374 227 41 Massenet
1681 2388 9 34 ;
1731 2374 40 39 la
1815 2373 200 41 Traviata
2024 2406 8 16 ,
2079 2374 53 40 de

121 2438 133 42 Verdi
280 2452 9 36 ;
332 2439 244 42 Cavalleria
613 2441 236 42 Rusticana
855 2474 9 16 ,
908 2444 54 40 de
1009 2443 237 51 Mascagni
1273 2455 9 37 ;
1320 2443 37 40 /<?
1390 2442 219 55 Jongleur
1646 2443 50 39 de
1729 2442 300 41 Notre-Dame
2035 2474 9 17 ,
2077 2443 54 40 de

119 2508 227 41 Massenet
371 2524 8 34 ;
438 2510 53 39 Le
541 2510 202 41 Vaisseau
781 2513 194 53 fantôme
981 2546 9 15 ,
1050 2513 53 40 de
1142 2512 53 42 R.
1241 2511 206 52 Wagner
1481 2522 8 37 ;
1536 2510 165 53 Orphée
1710 2542 8 17 ,
1760 2511 55 40 de
1857 2509 144 43 Gluck
2040 2523 9 36 ;
2091 2511 41 40 /a

127 2575 74 42 Eze
242 2579 50 38 de
338 2577 201 50 Bohême,
581 2580 53 40 de
668 2580 182 41 Puccini
877 2596 7 33 ;
911 2581 173 46 Louise,
1127 2581 54 40 de
1234 2580 302 53 Charpentier
1568 2592 10 38 ;
1623 2579 182 40 Carmen
1814 2613 8 14 ,
1866 2580 54 40 de
1972 2580 121 40 Bizet
2119 2594 9 33 ;

128 2644 196 42 Werther
330 2678 6 10 ,
360 2648 53 39 de
432 2647 227 42 Massenet
682 2660 9 39 ;
716 2650 36 38 /e
774 2649 84 41 /?oz
882 2649 121 51 aTYs,
1026 2650 54 40 de
1101 2649 113 41 Lalo
1240 2660 9 37 ;
1275 2648 233 49 Chérubin,
1549 2649 53 39 de
1637 2647 256 50 Massenet;
1919 2647 207 55 Mignon,

117 2714 54 40 de
194 2714 51 40 A.
272 2715 198 42 Thomas
487 2731 9 34 ;
522 2716 171 49 Lakmé,
719 2719 53 39 de
794 2718 92 41 Léo
908 2718 181 41 Delibes
1115 2733 9 34 ;
1165 2718 173 40 Miarka
1346 2752 9 16 ,
1396 2718 55 40 de
1473 2717 51 41 A.
1553 2715 202 52 Georges
1772 2716 72 45 ;/e
1872 2714 184 41 Barbier
2077 2716 51 38 de

118 2782 173 50 Séville,
336 2786 52 39 de
413 2785 180 42 Rossini
616 2802 9 33 ;
660 2787 170 40 Fidelio
839 2819 7 15 ,
879 2788 54 40 de
956 2787 256 41 Beethoven
1232 2799 8 37 ;
1265 2787 90 40 Fra
1389 2786 187 40 Diavolo
1583 2817 11 16 ,
1638 2784 198 41 d'Auber
1856 2798 9 34 ;
1899 2784 37 39 /e
1961 2783 165 51 Chalet,

118 2850 188 43 d'Adam
334 2864 7 36 ;
365 2854 252 54 Aphrodite,
644 2857 53 39 de
717 2855 51 41 C.
787 2855 224 52 Erlanger
1035 2871 9 33 ;
1071 2857 37 39 /c
1139 2857 84 39 Loz
1245 2855 180 54 aveugle
1432 2886 8 14 ,
1466 2855 53 39 de
1542 2853 111 41 Paul
1679 2853 193 40 Février.

172 2920 80 41 Les
275 2925 150 50 opéras
446 2923 210 56 comiques
695 2925 117 48 joués
848 2925 36 39 le
904 2925 97 54 plus
1022 2930 178 35 souvent
1223 2939 49 24 en
1299 2939 82 39 igo
1389 2937 21 41 s
1447 2929 38 32 e/
1510 2921 112 56 /906
1651 2927 74 33 ont
1766 2923 59 37 été
1848 2935 7 25 :
1884 2918 245 43 Cavalleria

118 2996 213 34 rusticana
340 3022 8 16 ,
373 2992 53 40 de
453 2992 236 52 Mascagni
709 2995 67 46 (61
811 2995 397 51 représentations)
1230 3007 9 33 ;
1267 2991 200 47 Carmen,
1489 2991 54 40 de
1566 2990 122 41 Bizet
1721 2987 88 54 (59)
1825 2988 62 49 ;/e
1914 2987 215 54 Jongleur

118 3059 50 38 de
184 3058 312 54 Notre-Dame,
519 3062 53 40 de
595 3061 230 41 Massenet
842 3061 35 53 (5
891 3061 39 52 3)
944 3073 8 28 ;
984 3061 167 40 Manon
1160 3095 9 15 ,
1195 3062 53 38 de
1266 3060 229 40 Massenet
1516 3057 92 54 (40)
1634 3074 8 33 ;
1667 3057 158 41 Lakmé
1832 3089 8 17 ,
1863 3057 52 40 de
1931 3055 91 42 Léo
2041 3055 58 41 De-

118 3127 111 41 libes
244 3127 104 54 (35);
367 3128 197 42 Werther
569 3162 10 17 ,
596 3129 389 53 deMassenet(29)
1005 3146 9 33 ;
1030 3128 210 54 Mignon,
1254 3128 98 41 d'A.
1368 3128 200 40 Thomas
1581 3127 89 52 (28)
1688 3138 9 39 ;
1713 3127 39 39 la
1776 3125 74 41 Vie
1863 3127 51 38 de
1923 3123 204 51 Bohème,

117 3194 181 44 Puccini
322 3195 83 57 (27)
428 3209 8 36 ;
470 3199 156 40 Louise
633 3232 8 16 ,
663 3199 54 40 de
753 3198 300 53 Charpentier
1076 3196 117 54 (25);
1221 3198 58 39 /es
1305 3196 142 41 Noces
1470 3197 49 39 de
1541 3194 223 41 Jeannette
1772 3227 7 16 ,
1795 3195 54 39 de
1879 3193 54 41 V.
1977 3193 151 40 Massé

118 3248 106 58 (14).

287 3334 153 42 Grand
472 3335 157 56 Opéra.
653 3335 258 41 —Œuvres
932 3336 153 52 jouées
1117 3335 37 39 le
1185 3335 99 53 plus
1313 3339 177 35 souvent
1524 3348 52 24 en
1608 3345 110 43 igos
1743 3335 40 36 et
1819 3330 110 55 igoô
1950 3341 11 26 :

173 3440 196 48 Armide,
393 3441 54 40 de
466 3440 145 42 Gluck
633 3440 72 54 (36
729 3443 398 51 représentations)
1153 3455 9 33 ;
1202 3439 170 40 Tristan
1411 3445 37 33 et
1470 3438 140 40 Isolde
1618 3470 7 16 ,
1644 3438 54 39 de
1722 3437 54 41 R.
1802 3434 293 51 Wagner(34)
2114 3448 10 33 ;

120 3506 131 42 Faust
256 3541 9 17 ,
284 3508 54 40 de
355 3506 191 43 Gounod
567 3521 10 35 ;
602 3508 186 40 Samson
807 3516 38 32 et
866 3508 168 48 Dalila,
1054 3509 52 39 de
1125 3506 298 42 Saint-Saëns
1436 3504 90 54 (18)
1545 3518 8 35 ;
1568 3504 186 54 Sigurd,
1771 3505 53 39 de
1848 3504 145 51 Reyer
2007 3501 89 52 (17)
2113 3516 9 33 ;
