2270 3769
969 197 331 28 INFORMATIONS

2060 207 77 39 337

134 301 159 39 Sonate
311 314 50 25 en
379 299 40 39 la
443 296 50 40 de
514 293 240 42 Beethoven
776 302 8 36 ;
805 289 164 40 Sonate
984 304 50 25 en
1067 292 59 38 mi
1150 292 51 38 de
1221 291 18 46 J
1261 293 73 37 -S.
1362 292 118 40 Bach
1499 309 14 33 ;
1537 294 176 54 largoet
1736 296 165 52 allegro
1924 298 55 38 du
2002 299 111 47 Quin-

133 376 93 33 tette
263 384 50 24 en
338 368 39 39 la
416 366 49 39 de
485 362 181 48 Mozart,
700 360 218 39 clarinette
942 363 36 33 et
1011 358 147 38 cordes
1182 370 13 36 ;
1238 359 161 39 Sonate
1435 362 51 38 de
1508 361 185 48 Leclair,
1719 363 86 39 dite
1834 364 36 38 le
1911 364 227 53 Tombeau,

133 437 125 52 largo
284 441 36 34 et
334 434 167 51 allegro
520 445 14 30 ;
563 429 187 49 Quatuor
762 427 50 39 de
840 425 256 40 Schumann
1119 438 14 36 ;
1158 425 207 48 Quatuor
1387 442 48 24 en
1461 430 37 38 si
1521 428 139 40 bémol
1681 429 50 39 de
1753 429 304 43 Saint-Saëns.

186 527 247 41 CONCOURS
477 537 142 26 ENTRE
650 534 76 27 LES
770 532 241 28 MUSICIENS
1054 532 239 35 FRANÇAIS.
1332 543 45 3 —
1402 519 70 41 Un
1496 534 216 28 concours
1735 530 65 32 est
1823 532 154 31 ouvert
2001 538 78 38 par
2103 525 38 39 la

131 597 104 40 ville
257 596 53 40 de
332 594 128 41 Paris
483 600 122 32 entre
626 600 99 31 tous
746 590 63 40 les
833 589 241 39 musiciens
1097 586 193 51 français
1310 600 115 39 pour
1449 588 40 40 la
1519 592 299 50 composition
1839 591 132 40 d'une
1993 606 151 27 œuvre

136 664 214 41 musicale
367 663 52 40 de
444 662 107 39 haut
572 659 112 54 style
715 667 41 31 et
779 658 53 40 de
866 656 195 51 grandes
1082 657 290 50 proportions
1392 670 104 27 avec
1515 658 101 51 soli,
1637 659 177 41 chœurs
1837 669 41 31 et
1902 661 239 52 orchestre,

133 746 106 28 sous
260 733 38 39 la
320 731 142 41 forme
487 729 335 52 symphonique
861 739 57 27 ou
942 725 299 51 dramatique.

186 799 231 42 Toutefois
455 812 53 26 ne
532 804 214 45 pourront
771 794 189 53 prendre
986 802 96 43 part
1120 807 56 26 au
1214 805 219 28 concours
1475 794 64 39 les
1582 798 327 49 compositeurs
1933 808 133 42 ayant
2091 812 52 27 eu

132 882 86 27 une
242 881 151 28 œuvre
420 867 53 39 de
500 867 109 38 trois
631 873 117 31 actes
770 878 54 25 au
845 864 148 39 moins
1014 866 282 48 représentée
1319 862 114 39 dans
1459 876 60 25 un
1544 863 172 41 théâtre
1733 864 346 42 subventionné.

188 936 87 41 Les
300 942 291 34 concurrents
616 941 163 32 restent
800 931 136 41 libres
959 931 53 40 de
1044 944 236 39 composer
1303 934 275 37 eux-mêmes
1612 944 56 27 ou
1702 932 53 39 de
1780 931 109 41 faire
1913 947 234 39 composer

131 1006 95 39 leur
245 1011 174 47 poème.

189 1073 112 41 Sont
324 1073 174 40 exclues
518 1073 60 39 du
599 1084 216 27 concours
839 1070 63 40 les
938 1082 177 28 œuvres
1157 1069 97 52 déjà
1292 1071 230 37 exécutées
1546 1081 57 27 ou
1644 1068 132 40 celles
1809 1073 258 48 présentant
2089 1086 58 25 un

134 1148 220 35 caractère
378 1142 264 51 liturgique.

189 1210 87 41 Les
301 1211 268 39 manuscrits
610 1209 190 39 devront
835 1211 95 36 être
953 1207 193 52 déposés
1184 1211 21 34 à
1238 1206 39 40 la
1302 1205 250 53 préfecture
1574 1205 55 40 de
1653 1206 39 40 la
1715 1204 135 43 Seine
1869 1205 187 54 (service
2071 1207 77 41 des

137 1275 294 54 Beaux-Arts)
466 1278 59 39 du
570 1292 12 25 i
591 1282 34 17 er
647 1291 56 26 au
732 1280 46 37 16
802 1275 236 40 décembre
1068 1279 118 48 1906,
1212 1275 53 40 de
1280 1275 110 40 midi
1416 1278 21 35 à
1463 1289 24 36 4
1512 1274 161 41 heures
1697 1275 58 40 du
1790 1277 104 38 soir.
1934 1275 88 41 Des
2046 1290 77 39 pro-

134 1360 228 38 grammes
383 1354 100 32 sont
506 1346 192 39 délivrés
723 1359 82 26 aux
826 1346 242 39 intéressés
1092 1348 21 35 à
1139 1343 162 41 l'Hôtel
1319 1344 54 40 de
1399 1342 114 41 Ville
1536 1342 185 48 (service
1740 1345 77 40 des
1835 1344 308 54 Beaux-Arts).

185 1440 153 40 LILLE.
440 1438 61 42 M.
527 1439 38 40 le
597 1437 204 42 Ministre
824 1439 77 39 des
924 1437 280 41 Beaux-Arts
1239 1439 120 38 vient
1402 1438 271 42 d'accorder,
1701 1442 21 35 à
1768 1441 98 38 titre
1889 1439 234 41 d'encoura-

130 1518 195 42 gement,
351 1522 87 27 une
461 1522 172 27 somme
654 1508 52 39 de
731 1520 129 39 2.500
882 1506 149 40 francs
1053 1510 21 36 à
1095 1506 39 39 la
1152 1504 177 42 Société
1350 1506 79 40 des
1449 1507 473 53 concertspopulaires
1945 1508 53 40 de
2019 1506 128 49 Lille,

132 1578 158 41 fondée
313 1592 79 38 par
412 1576 65 40 M.
509 1576 151 51 Ratez,
686 1576 221 40 directeur
928 1575 53 40 de
1013 1575 38 39 la
1078 1575 256 40 succursale
1374 1574 58 40 du
1468 1573 350 43 Conservatoire
1853 1576 53 40 de
1942 1578 207 50 musique

131 1647 112 39 dans
270 1654 111 32 cette
402 1646 120 40 ville.

188 1738 203 41 ANGERS.
506 1737 96 41 Une
635 1750 172 27 somme
831 1737 54 40 de
924 1750 139 38 3.000
1099 1736 148 41 francs
1272 1751 20 25 a
1334 1740 68 36 été
1442 1736 190 52 allouée,
1672 1750 75 28 sur
1776 1738 63 40 les
1874 1738 162 40 crédits
2070 1739 78 40 des

130 1806 294 50 Beaux-Arts,
456 1811 22 35 à
499 1806 40 40 la
574 1804 176 42 Société
780 1806 78 40 des
882 1816 199 31 concerts
1110 1806 259 52 populaires
1407 1804 242 52 d'Angers.
1682 1806 153 40 Parmi
1863 1807 63 40 les
1962 1809 186 39 sociétés

133 1876 236 40 musicales
386 1875 54 40 de
456 1876 226 51 province,
704 1873 340 53 celled'Angers
1065 1873 233 42 contribue
1324 1875 101 51 plus
1441 1873 249 53 qu'aucune
1707 1885 124 31 autre
1847 1880 223 48 peut-être
2095 1891 54 26 au

132 1945 367 52 développement
516 1943 57 40 du
598 1948 109 46 goût
731 1944 203 51 musical,
954 1947 131 47 grâce
1108 1948 21 36 à
1152 1944 38 39 la
1217 1944 216 40 direction
1454 1957 86 39 que
1560 1944 60 40 lui
1644 1944 145 41 donne
1805 1958 80 27 son
1903 1945 243 52 président,

131 2012 61 41 M.
217 2013 52 40 de
290 2013 209 47 Romain,
520 2021 40 31 et
579 2016 132 46 grâce
730 2027 55 25 au
802 2012 126 41 choix
953 2014 35 39 si
1011 2014 179 49 étendu,
1211 2014 37 39 si
1272 2014 120 39 varié
1412 2021 42 32 et
1478 2014 35 39 si
1538 2013 219 52 judicieux
1776 2015 74 50 qui
1872 2014 174 52 préside
2065 2018 21 35 à
2107 2014 40 40 la

130 2082 299 52 composition
452 2081 77 40 des
569 2094 326 39 programmes.
919 2080 126 42 Cette
1080 2083 272 39 association
1378 2080 165 54 justifie
1577 2082 274 52 pleinement
1875 2096 81 28 son
1978 2084 97 39 titre
2108 2093 40 31 et

132 2163 80 27 son
226 2149 447 52 butdémocratiques
693 2163 54 26 en
763 2158 187 32 mettant
975 2150 173 53 chaque
1162 2151 256 48 dimanche,
1442 2165 56 26 au
1514 2152 95 51 prix
1633 2150 169 42 deofr.
1820 2164 64 40 50,
1911 2152 79 52 500
1990 2152 158 52 places

132 2222 21 35 à
176 2219 39 39 la
242 2218 268 52 disposition
533 2218 53 40 de
609 2218 40 40 la
675 2218 279 52 population.

692 2322 58 34 LE
780 2324 256 34 BAROMÈTRE
1067 2335 179 25 MUSICAL
1269 2335 7 25 :
1304 2322 52 51 I.
1382 2322 26 51 -
1434 2322 154 51 Opéra.

546 2390 185 36 Recettes
762 2389 214 38 détaillées
998 2391 50 36 du
1082 2403 54 26 20
1170 2392 88 37 mai
1285 2389 51 52 au
1362 2389 51 52 19
1439 2389 103 52 juin
1586 2392 125 49 1906.

235 2525 128 25 DATES

604 2517 140 35 PIÈCES
774 2518 322 35 REPRÉSENTÉES

1388 2529 191 25 AUTEURS

1836 2529 210 24 RECETTES

152 2666 43 25 21
229 2656 82 36 mai

473 2658 141 36 Faust.

1239 2660 201 36 Gounod.

1834 2672 13 24 i
1868 2672 11 23 1
1892 2660 91 36 .oo5
2014 2672 25 31 4
2054 2672 5 22 f

153 2705 45 36 23
272 2729 42 3 -

471 2708 57 35 Le
549 2708 324 38 Freischiit—
901 2710 216 48 Coppélia.

1240 2710 169 36 Weber.
1437 2711 44 36 L.
1508 2709 186 37 Delibes.

1840 2709 145 48 18.737
2017 2709 48 36 26

153 2758 43 33 25
269 2779 45 4 —

471 2758 144 35 Salam
623 2758 104 37 mbô.

1242 2760 148 44 Reyer.

1836 2771 18 22 2
1870 2759 55 36 1.5
1942 2771 6 23 1
1964 2758 17 35 3
2012 2771 47 33 41

153 2806 46 35 26
266 2828 47 4 —

471 2807 177 38 Samson
669 2816 37 29 et
730 2809 160 38 Dalila.
920 2831 48 6 —
991 2811 61 36 La
1082 2811 134 37 Mala-

1240 2809 222 38 St-Saëns.
1491 2810 45 35 P.
1561 2808 137 36 Vidal.

1839 2807 141 47 14.643
2042 2822 14 19 »

519 2858 125 36 detta.

153 2903 45 38 28
270 2927 45 6 —

472 2906 77 37 Les
570 2908 179 37 Maîtres
775 2908 248 39 Chanteurs.

1242 2910 45 37 R.
1314 2910 199 43 Wagner.

1840 2906 141 47 18.176
2012 2917 51 36 90

153 2953 48 37 3o
271 2977 43 4 -

469 2957 257 40 Salammbô,

1243 2960 148 47 Reyer.

1838 2955 143 49 17.443
2014 2955 47 36 26

157 3017 10 22 i
179 3010 30 16 er
231 3007 88 46 juin

472 3007 172 49 Sigurd.

1245 3010 145 46 Reyer.

1840 3020 9 22 1
1863 3007 34 37 8.
1912 3019 10 22 1
1935 3017 51 36 09
2015 3017 45 34 41

174 3066 26 34 4
266 3077 46 3 —

471 3057 59 36 Le
555 3056 92 38 Cid.

1242 3059 233 36 Massenet.

1839 3056 142 37 18.888
2012 3067 44 34 91

175 3105 22 36 6
269 3127 43 4 —

471 3106 177 37 Samson
672 3115 38 28 et
730 3107 159 40 Dalila.
913 3130 41 6 —
980 3109 63 36 La
1071 3108 145 37 Gloire

1242 3108 215 37 St-Saëns.

1840 3106 143 49 19.502
2016 3105 48 48 76

517 3156 46 37 de
588 3157 229 36 Corneille.

175 3202 23 36 8
265 3225 39 5 -

469 3206 145 36 Faust.

1241 3207 198 36 Gounod.

1835 3216 144 35 21.944
2014 3216 45 34 41

157 3265 37 22 11
266 3275 46 5 —

470 3255 258 38 Salammbô.

1242 3258 149 42 Reyer.

1840 3254 140 46 19.335
2012 3265 46 35 41

157 3315 10 22 1
179 3301 18 37 3
269 3326 44 3 —

470 3305 175 36 Samson
671 3313 38 29 et
736 3305 160 38 Dalila.
922 3328 46 5 —
991 3308 63 35 La
1078 3307 138 35 Mala-

1242 3307 219 36 St-Saëns.
1490 3303 209 51 P.|Vidal.

1839 3303 142 49 17.905
2013 3303 51 48 76

517 3355 125 37 detta.

158 3414 9 22 1
181 3401 16 37 5
264 3423 48 5 —

471 3403 77 38 Les
570 3405 264 48 Huguenots.

1241 3404 265 49 Meyerbeer.

1838 3402 140 48 19.495
2009 3412 45 35 41

159 3453 41 33 18
262 3473 48 4 —

471 3453 57 36 Le
551 3453 220 50 Prophète.

1240 3454 261 49 Meyerbeer.
