2270 3769
1075 162 93 45 LA

251 304 635 97 REVUE
1026 304 971 94 MUSICALE

319 473 203 48 (Honorée
546 472 118 37 d'une
688 471 282 45 souscription
992 471 54 35 du
1069 470 219 37 Ministère
1313 471 47 37 de
1383 471 294 39 l'lnstruction
1700 473 228 47 publique.)

617 1049 652 42 RENSEIGNEMENT
1314 1050 331 43 MUSICAL

370 1344 223 50 Leçons
617 1343 67 41 de
703 1344 271 52 musique
1002 1345 31 40 à
1055 1345 68 40 30
1146 1345 65 40 fr.
1237 1345 215 42 l'heure
1477 1350 56 37 et
1555 1347 324 42 au-dessus.

179 1487 80 35 Les
292 1498 118 24 cours
431 1486 48 36 de
500 1487 122 35 chant
628 1517 7 15 ,
661 1487 59 36 les
743 1499 119 25 cours
884 1488 49 37 de
954 1489 140 48 piano,
1115 1488 60 38 les
1218 1489 135 47 leçons
1384 1490 49 37 de
1469 1491 194 48 musique
1688 1504 50 24 en
1768 1492 183 49 général,
1977 1492 138 38 fourni-

127 1546 134 39 raient
287 1560 58 24 un
370 1548 97 37 bien
489 1548 178 49 piquant
703 1548 186 50 chapitre
914 1562 52 24 au
989 1550 169 38 tableau
1183 1552 73 36 des
1281 1564 156 25 mœurs
1463 1553 267 48 parisiennes
1750 1557 5 33 !
1787 1555 47 37 Je
1857 1567 66 25 me
1947 1555 94 38 hâte
2086 1557 51 36 de

126 1610 87 36 dire
236 1609 100 50 qu'il
360 1623 25 36 y
407 1622 37 31 a,
468 1611 98 36 d'un
587 1611 108 43 côté,
721 1611 205 49 quelques
948 1611 263 50 professeurs
1234 1613 82 38 très
1356 1614 208 38 éminents
1603 1625 39 28 et
1670 1616 83 38 très
1789 1618 346 47 consciencieux,

125 1671 103 36 dont
251 1672 57 36 les
334 1684 121 24 noms
480 1672 169 37 estimés
677 1682 96 28 sont
808 1674 222 37 au-dessus
1054 1675 49 37 de
1126 1684 117 29 toute
1274 1675 259 44 discussion,
1566 1686 39 28 et
1635 1678 71 49 qui
1743 1679 258 38 demandent
2037 1693 100 24 avec

125 1732 140 37 raison
314 1733 72 36 des
416 1733 250 37 honoraires
701 1746 52 25 en
778 1746 169 38 rapport
985 1748 98 26 avec
1107 1736 111 38 leurs
1241 1738 118 37 titres
1390 1746 39 29 et
1462 1738 92 38 leur
1582 1740 155 48 talent;
1769 1741 158 38 d'autre
1965 1751 108 40 part,
2099 1751 40 28 et

123 1795 103 37 dans
249 1807 82 25 une
355 1795 146 48 région
524 1795 95 49 plus
643 1795 243 45 inférieure,
911 1798 224 50 beaucoup
1159 1800 49 36 de
1227 1800 144 47 jeunes
1392 1800 225 48 virtuoses,
1640 1814 51 25 en
1715 1804 124 47 quête
1864 1804 97 36 d'un
1984 1816 129 38 gagne-

120 1856 112 51 pain,
265 1865 95 29 sont
380 1856 240 38 infiniment
641 1857 292 38 intéressants.
960 1860 121 46 Mais,
1110 1873 69 25 ces
1201 1863 248 48 exceptions
1472 1876 83 25 une
1577 1862 80 39 fois
1684 1864 134 46 faites,
1840 1866 139 49 quelle
2001 1867 111 37 comé-

122 1919 66 37 die
213 1927 40 29 et
277 1919 95 49 quel
397 1919 111 37 bluff
524 1920 51 37 de
613 1920 38 36 la
673 1928 92 41 part
795 1921 50 36 de
870 1922 181 37 certains
1075 1935 21 24 «
1126 1924 169 37 maîtres
1319 1939 18 20 »
1364 1930 7 32 !
1397 1926 99 48 quel
1517 1934 61 28 art
1602 1927 50 35 de
1673 1926 39 38 la
1743 1927 105 38 mise
1874 1941 52 24 en
1950 1927 125 39 scène
2099 1938 40 28 et

124 1982 50 36 de
197 1981 38 37 la
259 1981 180 37 réclame
466 1983 7 35 !
500 1990 52 35 et,
573 1981 48 38 de
654 1983 37 35 la
713 1991 92 41 part
825 1983 54 36 du
901 1983 158 49 public,
1085 1985 161 49 quelles
1271 1989 143 35 naïves
1438 1987 196 38 illusions
1655 1994 6 32 !
1688 2018 24 8 ..

176 2044 286 43 Récemment,
481 2056 57 24 un
562 2044 82 36 ami
668 2045 49 36 de
741 2046 192 36 Londres
958 2046 229 38 m'écrivait
1213 2061 7 23 :
1255 2063 18 19 «
1294 2050 70 36 Ma
1390 2049 85 38 fille
1498 2051 197 36 voudrait
1719 2051 101 37 aller
1845 2052 22 37 à
1894 2053 116 37 Paris
2031 2066 108 36 pour

126 2117 43 24 se
188 2104 327 50 perfectionner,
546 2108 190 47 pendant
766 2107 205 50 quelques
1006 2108 123 47 mois,
1161 2110 104 37 dans
1307 2111 90 37 l'art
1419 2112 56 36 du
1515 2112 152 49 chant;
1704 2114 151 37 voulez
1877 2127 107 25 vous
2022 2115 117 38 avoir

127 2167 275 50 l'obligeance
424 2168 50 37 de
504 2168 58 37 lui
585 2177 172 29 trouver
778 2181 57 25 un
872 2169 244 50 professeur
1154 2174 218 37 renommé
1393 2174 15 37 ?
1430 2187 18 23 »
1479 2175 46 37 Je
1550 2176 181 37 n'aurais
1756 2176 148 48 jamais
1944 2190 73 24 cru
2059 2190 79 37 que

128 2230 163 37 donner
324 2229 263 38 satisfaction
625 2231 22 36 à
670 2240 108 28 cette
808 2232 151 49 simple
983 2233 210 38 demande
1224 2234 62 38 fût
1309 2236 113 37 aussi
1463 2237 259 50 compliqué.
1764 2239 152 37 J'avais
1952 2241 187 36 entendu

128 2291 137 50 parler
286 2293 50 36 de
359 2294 36 35 M
405 2300 43 17 me
473 2294 93 39 N...
593 2293 85 49 qui,
714 2294 334 46 m'assurait-on,
1074 2296 155 37 attirait
1256 2310 84 25 une
1371 2298 194 38 clientèle
1589 2300 83 37 très
1712 2301 252 51 distinguée.
1991 2303 46 37 Je
2074 2315 64 25 me

130 2354 140 36 rendis
313 2355 110 37 donc
463 2355 100 37 chez
601 2355 93 46 elle,
733 2357 21 35 à
788 2369 84 25 une
908 2357 129 38 heure
1079 2359 209 38 normale.
1329 2361 86 37 Rue
1453 2361 83 38 très
1567 2362 337 52 aristocratique.
1938 2366 126 36 Hôtel
2088 2366 50 36 de

129 2415 202 38 luxueuse
362 2429 249 38 apparence.
640 2418 58 37 La
722 2418 92 50 loge
839 2421 55 35 du
918 2420 224 50 concierge
1165 2430 62 28 est
1248 2435 57 24 un
1324 2423 72 48 joli
1425 2424 118 37 salon
1581 2425 49 37 de
1655 2425 104 50 style
1796 2427 130 37 Louis
1949 2428 88 37 XV.
2082 2429 56 36 Le

128 2477 224 51 concierge
376 2479 133 49 (habit
547 2480 98 37 bleu
679 2481 21 36 à
722 2481 186 38 boutons
932 2482 102 49 d'or)
1059 2495 22 24 a
1104 2492 93 29 tout
1221 2485 21 36 à
1266 2484 74 38 fait
1362 2488 133 47 grand
1525 2486 74 38 air.
1629 2488 113 38 Avec
1766 2501 44 25 sa
1834 2489 168 37 calvitie
2027 2502 84 24 com-

127 2542 155 47 pensée
306 2554 72 36 par
418 2542 49 36 de
486 2542 137 37 beaux
644 2542 172 49 favoris,
842 2557 46 25 sa
909 2545 82 37 tête
1013 2545 185 38 réalisait
1225 2547 37 37 le
1286 2555 96 42 type
1416 2550 56 35 du
1495 2550 132 48 grand
1663 2559 148 29 avocat
1837 2564 54 24 ou
1916 2552 55 36 du
2007 2552 128 37 noble

127 2602 183 38 huissier
331 2604 50 36 de
407 2603 233 39 ministère.

248 2665 193 38 Madame
468 2667 99 44 N—,
584 2667 60 37 s'il
668 2681 105 25 vous
796 2669 118 49 plaît.

179 2728 33 35 A
233 2740 68 24 ces
324 2736 125 37 mots,
472 2728 36 38 le
527 2729 221 51 concierge
772 2731 143 49 planta
939 2745 71 24 sur
1033 2732 36 37 le
1102 2734 104 37 bout
1229 2735 49 37 de
1309 2747 78 24 son
1411 2748 78 25 nez
1511 2749 58 24 un
1594 2736 169 38 binocle
1797 2737 134 37 cerclé
1956 2738 103 46 d'or,
2084 2747 53 37 et,

131 2801 95 24 sans
250 2798 89 29 mot
367 2790 103 47 dire,
491 2803 64 25 me
579 2794 187 48 regarda.
795 2794 209 37 Peut-être
1030 2795 274 38 s'étonnait-il
1329 2810 81 36 que
1428 2799 34 47 je
1489 2807 180 29 restasse
1693 2808 173 28 couvert
1889 2800 152 37 devant
2058 2799 79 45 lui;

129 2851 36 49 je
189 2851 109 37 crois
317 2853 138 48 plutôt
472 2865 96 37 que,
593 2855 301 38 m'examinant
916 2856 50 37 de
990 2856 38 37 la
1065 2858 83 37 tête
1173 2871 80 24 aux
1282 2859 135 48 pieds,
1443 2860 27 36 il
1492 2860 216 38 cherchait
1731 2861 21 36 à
1777 2860 139 38 savoir
1952 2861 33 37 si
2006 2862 131 48 j'étais

129 2925 56 24 un
216 2914 221 49 banquier,
469 2928 57 24 un
548 2928 96 37 gros
665 2917 239 47 industriel,
929 2931 56 24 un
1009 2919 145 49 prince
1176 2933 133 30 russe,
1400 2934 57 24 un
1479 2923 173 36 homme
1677 2923 180 48 sérieux,
1879 2935 51 25 en
1953 2936 57 25 un
2034 2933 101 36 mot,

198 2989 55 23 ou
276 2975 97 38 bien
411 2989 57 24 un
491 2978 49 37 de
578 2990 68 25 ces
668 2988 194 40 passants
896 2980 301 50 négligeables,
1234 2983 168 49 député,
1426 2984 257 49 professeur,
1709 2985 159 48 artiste,
1891 2998 58 24 un
1979 2987 50 36 de
2068 2999 68 24 ces

129 3046 207 29 amateurs
361 3039 72 48 qui
455 3041 221 36 s'arrêtent
698 3041 155 38 devant
872 3042 60 37 les
955 3043 228 49 boutiques
1208 3044 73 38 des
1301 3046 253 37 marchands
1578 3046 51 38 de
1652 3046 210 38 diamants
1881 3060 97 25 sans
1996 3049 117 37 inten-

125 3100 91 37 tion
240 3100 227 39 d'acheter.

246 3163 251 49 Avez-vous,
523 3177 64 25 me
611 3165 113 38 dit-il
748 3165 129 47 enfin,
911 3179 83 25 une
1035 3167 120 37 lettre
1191 3168 249 39 d'audience
1462 3170 15 36 ?
1603 3172 46 36 Je
1673 3172 77 36 dus
1793 3184 158 26 avouer
1988 3185 80 37 que
2098 3173 37 48 je

129 3223 155 39 n'avais
308 3237 72 37 pas
399 3225 86 50 pris
507 3236 106 28 cette
630 3228 266 49 précaution.
921 3229 57 36 Le
1002 3229 223 50 concierge
1249 3230 145 38 devint
1416 3231 111 38 alors
1546 3233 145 48 pensif
1706 3246 165 24 comme
1891 3247 56 23 un
1965 3235 170 37 homme

127 3287 239 49 préoccupé
390 3298 254 39 vaguement
665 3291 126 36 d'une
813 3305 17 20 «
855 3290 142 38 affaire
1021 3305 35 25 ».
1095 3293 94 36 Une
1213 3293 307 48 circonstance,
1555 3295 104 37 dont
1682 3295 27 36 il
1730 3305 66 28 sut
1817 3296 174 49 profiter
2013 3297 98 36 habi-

127 3347 171 48 lement,
322 3348 37 37 le
386 3349 79 37 tira
487 3351 98 36 d'un
609 3352 215 37 embarras
845 3353 71 49 qui
939 3354 223 48 paraissait
1186 3366 97 25 sans
1316 3354 132 39 issue.

253 3409 124 37 Voici
398 3410 245 49 justement,
668 3414 249 49 ajouta-t-il,
940 3415 39 36 la
1000 3415 154 38 femme
1175 3416 50 37 de
1251 3417 199 37 chambre
1473 3418 50 37 de
1547 3418 40 37 M
1596 3426 47 18 me
1670 3420 82 37 N...
1772 3435 9 29 ;
1805 3432 104 25 vous
1938 3420 195 49 pourriez

129 3471 59 37 lui
209 3471 151 49 parler.

306 3548 40 29 R.
363 3546 48 32 M.

1916 3566 40 33 23

1971 680 107 37 1906.

178 681 56 34 N«
264 679 62 37 13
356 679 223 46 (sixième
601 678 168 43 année)

1078 677 16 34 l
1102 684 32 19 er
1162 676 149 37 Juillet
