2270 3769
282 198 87 32 QUE
396 199 178 27 FAUT-IL
598 199 170 26 PENSER
798 200 55 24 DE
878 182 394 42 L'ENSEIGNEMENT
1296 199 174 27 ACTUEL
1496 199 55 25 DE
1577 200 51 24 LA
1651 190 199 35 THÉORIE
1874 200 223 29 MUSICALE

141 193 80 43 334

144 287 182 53 appelés
351 291 21 37 à
395 289 210 41 résoudre
630 289 111 40 dans
780 302 71 27 ces
887 289 113 40 deux
1021 289 228 42 dernières
1268 295 181 36 années.
1479 290 172 41 Faciles
1682 304 75 27 sur
1780 290 40 41 le
1849 290 106 42 fond
1992 308 172 30 comme

143 364 120 33 toute
297 360 206 49 question
527 358 54 40 de
606 358 168 39 théorie
807 359 215 40 musicale
1039 359 114 40 dans
1187 359 120 41 l'état
1334 359 140 41 actuel
1515 360 53 39 de
1592 359 195 53 l'exposé
1823 360 136 53 qu'on
1991 376 54 26 en
2069 364 92 49 fait,

141 425 107 41 elles
272 440 54 27 ne
348 435 101 32 sont
469 425 206 42 difficiles
697 440 86 37 que
806 441 80 38 par
908 426 39 41 le
976 427 150 42 libellé
1149 429 257 52 compliqué
1430 442 105 27 avec
1559 429 148 52 lequel
1741 443 57 27 on
1836 429 64 41 les
1921 435 204 47 présente
2150 447 8 27 :

140 494 28 40 il
201 494 93 42 faut
315 508 111 40 pour
451 495 62 40 les
539 495 216 40 résoudre
776 496 218 41 aisément
1015 497 295 53 décomposer
1342 511 73 27 ces
1450 499 234 51 questions
1707 498 114 41 dans
1860 499 118 41 leurs
2014 501 147 43 divers

139 562 232 41 éléments.

361 685 98 32 JUIN
498 685 117 37 1904.

856 755 373 31 Instrumentistes
1251 757 195 30 hommes.

198 838 37 35 1®
272 832 108 50 Quel
407 835 225 40 intervalle
668 835 238 42 obtient-on
937 852 48 25 en
1018 837 196 54 ajoutant
1237 853 17 36 3
1281 844 95 34 tons
1405 841 24 38 à
1453 853 81 26 une
1561 838 146 55 quinte
1736 838 216 41 diminuée
1973 838 14 39 ?

192 901 203 42 Prenons
421 904 39 40 la
482 906 154 50 quinte
660 906 227 41 diminuée
904 907 149 40 do-sol
1067 915 36 35 t>.
1122 907 221 53 Ajoutons
1361 922 17 36 3
1403 917 116 39 tons,
1549 910 85 38 soit
1655 908 66 40 sol
1735 917 17 35 t>
1794 908 40 40 la
1851 916 17 35 \>
1893 909 47 48 -f-
1963 908 40 39 la
2020 917 17 35 b
2075 909 37 40 si
2133 919 17 35 b

138 971 47 49 +
213 987 35 24 si
268 971 18 35 \>
308 973 53 40 do
369 1006 9 18 ,
404 987 116 28 nous
545 974 223 41 obtenons
788 990 59 26 un
868 976 232 40 intervalle
1119 976 202 41 d'octave
1343 978 131 51 juste.

192 1055 20 25 2
218 1045 18 16 0
270 1040 202 42 Combien
484 1044 261 52 faudrait-il
766 1044 47 39 de
835 1044 162 40 triolets
1013 1059 50 25 en
1082 1044 146 54 triples
1250 1044 170 40 croches
1453 1053 112 46 pour
1601 1045 227 53 compléter
1846 1060 83 25 une
1946 1061 164 26 mesure
2128 1052 23 36 à

134 1108 19 53 |
178 1117 292 45 commençant
481 1119 81 46 par
585 1126 57 25 un
663 1112 150 54 soupir
834 1117 38 34 et
903 1113 112 39 deux
1037 1112 306 56 demi-soupirs
1365 1117 17 37 7

192 1178 29 40 Il
246 1178 93 42 faut
362 1180 71 39 dix
458 1180 170 40 triolets
649 1180 55 40 de
728 1180 154 52 triples
901 1181 183 41 croches
1108 1194 113 40 pour
1243 1182 246 53 compléter
1511 1197 86 26 une
1616 1197 178 27 mesure
1818 1188 21 36 à
1865 1183 19 54 |
1904 1186 117 39 ainsi
2047 1190 75 47 pré-

134 1251 165 36 sentée.

189 1322 41 42 3°
255 1314 148 49 Quelle
422 1322 57 34 est
499 1316 40 40 la
562 1332 172 39 gamme
755 1317 74 54 qui
846 1333 25 24 n
889 1333 25 25 a
936 1332 53 40 qu
1010 1333 81 26 une
1112 1320 114 39 seule
1262 1326 97 35 note
1382 1336 223 25 commune
1627 1337 98 25 avec
1746 1323 101 40 celle
1867 1324 50 39 de
1940 1324 59 40 mi
2015 1333 17 35 b
2059 1339 58 25 ma-

120 1382 105 54 jeur
247 1387 16 36 7

184 1450 62 42 La
272 1468 181 36 gamme
476 1455 53 40 de
553 1455 42 40 la
618 1456 172 53 majeur
811 1456 68 42 n'a
905 1472 87 38 que
1015 1458 39 40 le
1074 1461 45 37 ré
1141 1460 174 39 naturel
1340 1473 212 28 commun
1573 1475 104 26 avec
1699 1462 38 39 la
1766 1475 182 35 gamme
1964 1462 54 40 de
2051 1462 92 43 mi\>

130 1518 186 56 majeur.

840 1631 373 31 Instrumentistes
1238 1632 184 30 femmes.

181 1719 45 45 4°
266 1712 53 40 Si
340 1714 86 38 lon
451 1721 142 45 ajoute
625 1730 24 39 j
675 1716 231 40 demi-tons
937 1718 272 55 diatoniques
1247 1724 21 35 à
1293 1735 82 24 une
1397 1728 145 46 quinte
1571 1725 270 50 augmentée,
1865 1738 78 39 que
1978 1723 168 41 devient

124 1788 61 34 cet
210 1782 223 40 intervalle
455 1787 17 35 7

182 1850 204 41 Prenons
411 1851 39 40 la
475 1853 154 51 quinte
665 1860 271 44 augmentée
959 1857 145 39 do-sol
1118 1864 38 43 #,
1195 1859 210 52 ajoutons
1429 1859 63 40 les
1518 1874 17 36 3
1561 1860 249 41 demi-tons
1833 1861 305 53 diatoniques,

122 1919 66 40 sol
200 1920 87 43 %la
313 1921 47 48 -f-
386 1920 41 39 la
447 1935 35 24 si
503 1924 17 35 b
615 1921 39 40 si
668 1924 96 41 bdo
780 1933 38 38 b,
844 1937 114 28 nous
981 1924 223 43 obtenons
1229 1928 10 39 l
1259 1937 154 31 octave
1436 1929 228 40 diminuée
1686 1930 55 39 do
1761 1930 54 39 do
1831 1939 37 34 b.

183 2001 14 38 5
205 1993 18 16 0
248 1989 31 37 /l
315 1989 161 53 quelles
496 2004 195 39 gammes
727 2008 209 39 majeures
955 2001 36 33 et
1013 2010 214 26 mineures
1248 2004 178 46 peuvent
1465 1998 251 54 appartenir
1749 1999 57 39 les
1844 2015 21 23 2
1902 2006 116 33 notes
2053 2000 65 40 sui-

122 2063 144 34 vantes
290 2067 12 27 :
324 2058 66 39 sol
423 2060 167 39 naturel
607 2066 37 34 et
668 2061 54 39 do
751 2061 113 40 dièse
884 2067 16 35 7

178 2124 62 42 La
265 2140 182 37 gamme
480 2128 53 40 de
565 2131 44 37 ré
644 2128 176 54 majeur
839 2141 41 31 et
898 2132 108 41 celle
1041 2133 54 40 de
1116 2133 39 40 si
1178 2137 177 38 mineur
1378 2144 77 33 ont
1481 2140 21 36 à
1528 2137 38 39 la
1600 2135 86 42 fois
1721 2137 66 40 sol
1810 2139 174 40 naturel
2008 2149 41 31 et
2081 2141 56 38 do

122 2194 136 40 dièse.

177 2267 44 35 6°
259 2263 129 49 Quels
414 2265 178 40 silences
611 2267 134 51 faudr
750 2269 119 39 ait-il
901 2271 214 54 employer
1150 2279 110 47 pour
1299 2274 227 54 compléter
1550 2290 81 24 une
1652 2290 163 26 mesure
1839 2280 23 36 à
1900 2276 17 52 |
1934 2277 203 53 finissant

115 2339 81 46 par
218 2332 111 40 deux
350 2333 176 40 doubles
560 2335 169 40 croches
751 2343 36 33 et
810 2352 56 25 un
896 2338 141 40 triolet
1057 2354 48 24 en
1131 2340 145 54 triples
1300 2342 170 40 croches
1493 2347 16 37 7

176 2399 29 40 Il
229 2399 92 42 faut
346 2415 112 39 pour
480 2405 244 51 compléter
746 2415 112 31 cette
882 2421 176 27 mesure
1084 2424 55 25 un
1166 2412 169 51 soupir,
1355 2412 114 40 deux
1505 2412 324 54 demi-soupirs
1852 2424 41 31 et
1918 2430 58 25 un
2001 2427 132 41 quart

116 2469 55 39 de
188 2472 167 49 soupir.

346 2591 99 32 JUIN
487 2591 120 39 1905.

821 2664 373 32 Instrumentistes
1215 2668 193 31 hommes.

169 2740 19 34 7
239 2724 148 49 Quelle
406 2733 58 33 est
483 2728 40 40 la
548 2737 282 47 composition
862 2746 50 25 en
936 2739 95 33 tons
1053 2741 35 32 et
1108 2736 231 40 demi-tons
1361 2738 51 38 de
1437 2738 14 39 l
1469 2745 144 35 octave
1643 2744 253 49 augmentée
1923 2746 16 36 ?

171 2806 14 38 5
212 2804 117 39 tons,
353 2810 19 25 2
399 2796 243 42 demi-tons
674 2799 288 53 diatoniques
985 2812 41 31 et
1063 2819 58 24 un
1154 2805 116 40 demi
1299 2815 75 31 ton
1399 2807 325 54 chromatique.

168 2865 44 35 8°
251 2862 150 49 Quelle
420 2871 59 33 est
494 2866 40 38 la
550 2880 173 39 gamme
744 2869 74 54 qui
840 2870 186 41 contient
1050 2886 63 25 ces
1133 2873 105 39 trois
1261 2881 117 33 notes
1395 2888 10 25 :
1424 2876 39 39 la
1483 2881 36 46 b,
1543 2878 38 38 si
1601 2885 149 33 nature
1754 2880 28 46 f
1808 2880 92 44 mi\>
1923 2881 15 39 ?

169 2929 30 40 Il
218 2944 19 26 s
256 2933 92 48 agit
368 2933 53 39 de
440 2933 37 40 la
496 2948 182 36 gamme
700 2937 90 40 d'ut
809 2940 190 39 mineur.

167 3003 43 45 9°
245 2999 148 48 Quelle
425 3003 130 39 serait
578 3004 40 40 la
637 3020 163 26 mesure
820 3012 217 50 composée
1060 3010 50 39 de
1133 3010 40 39 la
1197 3026 161 26 mesure
1378 3016 21 35 à
1417 3012 19 52 f
1463 3014 16 39 ?

167 3066 62 41 La
254 3083 177 28 mesure
451 3074 22 37 à

817 3172 372 32 Instrumentistes
1217 3175 184 32 femmes.

170 3250 47 27 10
258 3237 148 49 Quelle
426 3247 58 32 est
503 3241 41 39 la
569 3250 283 44 composition
875 3260 50 25 en
950 3261 184 27 commas
1157 3250 49 38 de
1227 3250 14 40 l
1257 3258 144 34 octave
1420 3253 217 42 diminuée
1661 3261 15 34 ?

164 3304 35 40 L
219 3315 153 32 octave
388 3308 40 39 di
439 3310 55 38 mi
503 3315 112 36 nuée
636 3325 45 26 se
704 3326 212 39 compose
939 3316 53 39 de
1007 3330 24 35 4
1056 3325 101 32 tons
1179 3327 41 32 et
1246 3334 17 35 3
1289 3320 142 41 demi-
1449 3330 101 32 tons
1567 3323 303 54 diatoniques.
1904 3328 31 40 Il
1955 3339 66 31 est
2044 3332 53 38 ad
2112 3354 7 4 -

107 3388 85 26 mis
210 3389 85 38 que
319 3376 39 41 le
391 3386 75 32 ton
487 3392 46 27 se
555 3393 212 40 compose
780 3383 54 40 de
861 3398 25 37 9
909 3398 216 38 commas,
1146 3389 83 39 soit
1253 3389 53 39 de
1325 3403 47 26 ce
1397 3389 75 42 fait
1495 3391 50 51 36
1569 3406 215 29 commas.
1806 3395 63 41 Le
1894 3398 222 42 demi-ton

107 3443 262 54 diatonique
401 3460 47 27 se
480 3462 212 39 compose
715 3452 53 40 de
789 3468 20 36 4
836 3466 212 32 commas,
1072 3457 85 38 soit
1180 3472 43 28 12
1246 3471 215 29 commas.
1486 3460 125 42 Donc
1636 3468 49 48 36
1710 3466 47 47 +
1789 3480 43 25 12
1853 3470 125 50 =4B
1999 3481 88 28 com-

106 3526 113 28 mas.
