2270 3769
745 217 24 24 A
802 212 171 28 PROPOS
1011 212 56 25 DE
1100 203 163 36 DICTÉE
1296 211 225 28 MUSICALE

128 215 75 40 324

129 295 379 68 Évidemment,
536 306 42 44 le
605 303 145 47 Clair
1432 302 58 47 de
1594 302 46 47 la
938 302 110 46 lune
1088 301 168 56 serait,
1282 301 72 46 s'il
1377 298 166 49 n'était
1578 311 112 50 trop
1731 311 186 42 connu,
1950 314 68 29 un
2059 316 53 29 ex-

128 382 180 47 cellent
324 381 196 47 modèle
550 381 60 44 de
654 377 183 64 phrase
861 376 130 47 ainsi
1014 392 188 45 conçue
1229 396 8 28 :

191 783 127 47 Mais
343 799 97 47 que
461 783 202 47 devient
703 795 125 36 cette
860 783 327 62 justification
1212 784 124 46 dans
1361 783 68 45 les
1451 797 228 31 mesures
1711 780 130 64 plus,
1871 780 235 61 chargées
2126 781 16 45 ?

126 859 57 46 Je
201 873 61 32 ne
293 859 134 61 parle
459 874 88 46 pas
577 858 61 47 ici
675 859 87 46 des
793 874 227 32 mesures
1052 859 166 62 plutôt
1254 856 263 59 inusitées,
1570 858 70 44 les
1690 854 342 63 quinze-huit,
2073 854 69 47 les

129 934 444 63 vingt-et-un-huit
602 950 64 31 ou
693 935 217 62 quelque
935 934 301 47 formidable
1260 931 437 65 vingt-sept-huit,
1720 933 124 45 dont
1875 947 66 29 on
1965 941 177 36 trouve

131 1010 87 46 des
242 1010 254 61 exemples
521 1010 125 46 dans
665 1009 43 47 le
734 1009 182 45 recueil
948 1010 60 44 de
1037 1009 70 45 M.
1143 1007 267 63 Lavignac.
1437 1006 114 61 Que
1580 1020 183 47 penser
1808 1006 59 45 de
1912 1005 46 46 la
2003 1005 139 60 leçon

131 1085 228 47 suivante
379 1088 11 57 (
403 1101 11 30 1
428 1086 16 59 )
465 1086 59 45 de
547 1084 259 47 l'éminent
822 1084 288 62 professeur
1129 1085 17 44 ?
1174 1082 135 49 C'est
1333 1082 43 46 la
1397 1085 347 58 conséquence
1770 1081 120 46 d'un
1914 1081 228 46 modeste

130 1171 46 35 et
195 1160 145 46 banal
371 1159 315 57 douze-huit,
722 1159 127 45 mais
882 1174 126 30 nous
1033 1174 60 30 ne
1118 1173 222 30 sommes
1372 1173 95 45 que
1500 1173 96 45 peu
1630 1160 86 42 sûr
1756 1155 121 62 qu'il
1900 1171 32 47 y
1974 1155 67 46 ait
2081 1171 59 31 au

129 1234 387 48 Conservatoire
545 1236 167 45 même
741 1235 261 60 beaucoup
1046 1234 213 45 d'élèves
1283 1232 233 64 capables
1552 1231 423 64 d'emmagasiner
2016 1242 126 36 cette

131 1308 129 47 suite
280 1308 60 46 de
370 1320 144 34 notes
536 1324 9 28 :

196 1867 145 49 Cette
366 1865 335 63 superstition
718 1865 60 44 de
808 1863 43 46 la
887 1877 202 32 carrure
1115 1861 192 47 binaire
1358 1875 221 46 manque
1611 1858 129 46 donc
1784 1856 361 47 radicalement

127 1945 60 44 de
219 1943 114 45 base
365 1941 225 62 logique.
633 1940 206 61 Quand,
863 1954 109 31 vers
1029 1938 142 61 1871,
1207 1935 270 47 Ambroise
1510 1933 228 47 Thomas
1777 1930 299 49 introduisit
2101 1931 43 46 la

126 2017 158 46 dictée
312 2016 238 47 musicale
574 2016 125 44 dans
724 2015 69 45 les
817 2017 244 59 épreuves
1085 2013 66 45 du
1178 2010 407 57 Conservatoire,
1612 2025 119 30 sous
1762 2008 11 45 1
1796 2007 250 47 influence
2077 2007 65 44 du

131 2092 262 62 sophisme
441 2106 98 47 que
590 2106 129 31 nous
769 2087 313 48 dénoncions
1123 2086 246 47 ci-dessus
1419 2096 47 35 et
1517 2100 95 45 peu
1653 2096 113 49 apte
1803 2082 265 47 lui-même
2119 2084 25 42 à

127 2166 263 48 concevoir
409 2181 98 32 une
526 2164 216 47 mélodie
774 2164 270 46 librement
1076 2162 324 61 développée,
1424 2161 42 45 le
1507 2163 116 59 père
1660 2159 61 46 de
1758 2158 217 62 Mignon
2006 2171 104 32 com-

130 2242 99 62 prit
253 2253 125 36 cette
409 2242 158 46 dictée
600 2256 197 30 comme
823 2256 97 30 une
954 2238 128 47 suite
1107 2238 58 46 de
1189 2234 438 65 compartiments.

191 2319 70 45 La
293 2316 241 47 tradition
563 2317 104 44 s'en
707 2314 190 47 établit.
930 2316 81 44 Au
1061 2311 408 54 Conservatoire,
1513 2324 197 32 comme
1750 2319 202 51 partout
1992 2308 63 46 où
2095 2323 48 31 se

129 2403 204 52 passent
366 2393 87 45 des
488 2406 253 43 examens,
769 2391 68 44 les
887 2388 314 63 professeurs
1250 2391 271 58 préparent
1563 2385 69 45 les
1665 2384 163 46 élèves
1866 2398 61 31 en
1958 2398 92 31 vue
2085 2384 58 45 de

129 2468 259 46 l'examen.
423 2465 93 60 Or,
543 2469 25 42 à
592 2467 243 44 l'examen
860 2464 40 46 la
931 2464 159 46 dictée
1115 2479 50 30 se
1196 2462 87 45 fait
1339 2477 89 46 par
1457 2462 130 44 deux
1612 2474 244 44 mesures,
1884 2459 68 45 les
1982 2458 162 46 élèves

129 2556 113 33 sont
267 2544 130 45 donc
426 2543 254 44 entraînés
707 2556 88 47 par
818 2540 130 46 deux
972 2553 226 32 mesures
1222 2549 66 46 et,
1321 2539 26 43 à
1372 2537 108 45 leur
1514 2548 132 46 tour,
1678 2534 60 47 ils
1770 2535 283 45 formeront
2083 2535 60 45 de

130 2632 265 32 nouveaux
423 2615 235 63 disciples
680 2619 25 41 à
728 2613 264 48 concevoir
1014 2613 70 45 les
1109 2613 210 61 phrases
1349 2612 60 45 de
1432 2610 160 46 dictée
1625 2625 89 46 par
1744 2610 130 46 deux
1898 2624 244 43 mesures,

127 2707 199 32 comme
347 2692 41 45 si
404 2692 45 45 la
468 2690 235 62 musique
740 2689 163 47 devait
928 2700 109 35 tout
1061 2688 188 47 entière
1281 2702 167 47 passer
1485 2700 85 32 sur
1608 2702 52 30 ce
1695 2685 55 46 lit
1794 2685 59 46 de
1880 2685 262 46 Procuste.

127 2766 140 46 Telle
299 2779 74 33 est
420 2766 43 45 la
497 2766 180 61 genèse
718 2764 149 46 d'une
897 2761 240 49 tradition
1175 2761 370 46 malheureuse.

196 2844 67 44 La
293 2840 158 48 dictée
472 2840 240 47 musicale
732 2857 25 29 a
788 2855 68 31 un
893 2839 88 47 but
1011 2836 266 49 immédiat
1300 2850 45 33 et
1371 2853 67 30 un
1470 2838 89 44 but
1584 2835 229 48 lointain.
1841 2836 66 45 Le
1937 2835 89 46 but
2051 2835 62 46 im-

131 2918 186 45 médiat
332 2919 75 43 n'a
430 2918 186 61 qu'une
649 2915 315 64 importance
995 2912 203 47 relative
1226 2929 9 33 :
1267 2911 233 48 combien
1527 2910 221 57 sont-ils,
1782 2911 70 46 les
1891 2923 254 34 amateurs

131 2994 59 44 de
221 2991 226 47 folk-lore
479 2991 229 56 musical,
743 2990 87 62 qui
855 3000 302 51 parcourent
1182 3004 91 30 nos
1311 3003 302 47 campagnes
1651 3001 129 46 pour
1804 2986 251 47 recueillir
2086 2986 59 45 de

133 3069 44 44 la
201 3066 194 47 bouche
420 3066 86 47 des
530 3080 217 50 paysans
779 3080 91 31 nos
902 3064 226 47 derniers
1159 3064 175 45 chants
1372 3061 330 64 populaires?
1740 3061 148 46 Voilà
1921 3076 97 31 une
2064 3076 54 46 ap-

134 3140 240 63 plication
404 3141 292 46 immédiate
722 3151 47 35 et
793 3139 230 62 pratique
1048 3140 60 44 de
1135 3139 43 45 la
1217 3139 159 45 dictée
1401 3136 242 47 musicale
1674 3149 61 48 et,
1766 3135 62 47 ici
1850 3133 125 61 déjà,
1999 3151 65 29 on
2086 3150 59 30 ne

133 3216 102 46 voit
254 3216 143 62 point
427 3231 97 47 que
550 3215 417 61 l'enseignement
988 3212 150 47 établi
1171 3213 97 46 soit
1297 3211 259 48 conforme
1583 3215 24 42 à
1640 3211 43 46 la
1705 3211 171 47 réalité
1899 3212 85 46 des
2015 3211 128 46 faits.

136 3291 63 48 Se
219 3292 289 61 figure-t-on
530 3292 42 45 le
590 3288 298 50 folk-loriste
914 3304 61 30 en
999 3291 148 60 quête
1171 3288 60 46 de
1260 3287 254 47 chansons
1538 3287 341 62 interrompre
1911 3287 44 45 la
1983 3285 162 48 vieille

134 3367 185 46 femme
343 3382 65 32 ou
444 3367 43 46 le
511 3382 188 46 paysan
734 3365 187 47 inculte
969 3363 86 63 qui
1110 3375 267 51 apportent
1408 3363 94 46 àla
1543 3361 266 47 collection
1855 3377 97 31 une
1992 3361 154 46 mélo-

185 3533 54 47 (1)
267 3532 227 43 LAVIGNAC,
510 3542 117 25 ouvr.
652 3531 85 45 cit.,
762 3542 41 37 p.
837 3531 87 48 157.
