2270 3769
736 210 24 24 A
794 207 174 27 PROPOS
1002 208 58 26 DE
1093 200 162 36 DICTÉE
1288 208 226 29 MUSICALE

2051 213 76 41 325

125 299 77 47 die
237 299 229 47 nouvelle
492 313 127 47 pour
652 297 107 45 leur
793 295 105 46 dire
925 310 9 28 :
969 315 19 21 «
1028 295 148 46 Halte
1208 296 61 55 là,
1298 310 107 31 mes
1453 296 175 46 braves
1665 311 139 46 gens,
1847 297 128 46 deux
2031 315 67 31 me-

125 389 139 32 sures
296 390 89 47 par
413 375 126 46 deux
577 385 242 42 mesures,
852 369 73 47 s'il
955 385 125 31 vous
1112 369 121 62 plaît
1259 375 6 39 !
1296 386 23 27 »

188 449 126 45 Mais
332 450 42 44 le
405 449 88 45 but
522 445 195 62 éloigné
747 445 57 45 de
835 443 44 46 la
908 442 159 47 dictée
1104 441 241 47 musicale
1386 454 74 33 est
1501 442 60 46 de
1604 442 112 62 plus
1747 443 381 63 d'importance.

126 523 69 55 Si,
229 540 86 46 pas
339 523 112 63 plus
475 537 94 47 que
591 522 44 45 la
665 521 157 46 dictée
839 520 124 45 dans
995 518 68 46 les
1105 517 184 46 classes
1331 517 60 46 de
1415 517 321 61 grammaire,
1775 518 43 47 la
1839 518 156 49 dictée
2020 536 76 32 mu-

125 598 147 46 sicale
298 601 124 43 n'est
455 612 97 32 une
576 597 83 53 fin,
685 609 46 33 et
767 593 40 47 si
844 595 91 44 elle
966 592 78 46 n'a
1084 607 61 31 en
1188 592 73 45 soi
1302 592 158 61 qu'un
1494 592 181 46 intérêt
1706 595 272 59 médiocre,
2017 596 117 47 c'est

123 686 144 33 avant
291 685 108 35 tout
417 689 68 30 un
508 671 215 47 exercice
748 668 195 49 destiné
962 666 410 65 àperfectionner
1395 682 98 31 une
1517 668 268 46 éducation
1801 671 240 46 musicale
2073 687 61 30 en

125 760 322 51 permettant,
474 761 90 47 par
585 761 95 32 une
703 744 174 46 notion
901 755 165 34 exacte
1090 742 86 46 des
1200 741 290 47 intervalles
1513 753 47 35 et
1584 743 86 45 des
1696 743 242 61 rythmes,
1957 746 60 45 de
2034 757 75 34 tra-

126 822 144 47 duire
294 821 424 63 graphiquement
751 833 98 32 une
879 816 305 64 impression
1233 831 200 32 sonore.

190 899 68 45 La
300 897 158 46 dictée
507 894 238 47 musicale
794 906 75 34 est
892 894 129 46 donc
1051 892 250 47 l'exercice
1353 891 197 47 inverse
1593 903 47 35 et
1688 893 446 61 complémentaire

126 973 64 46 du
214 971 203 63 solfège,
454 969 87 64 qui
567 968 186 48 traduit
784 985 88 48 par
903 985 98 30 une
1048 967 245 47 émission
1330 981 183 31 sonore
1562 965 341 63 l'impression
1928 967 206 48 visuelle

125 1049 288 60 provoquée
435 1061 87 47 par
550 1059 99 32 une
680 1043 207 63 graphie
908 1043 258 47 musicale.

190 1123 36 44 Il
259 1122 234 45 convient
517 1122 59 45 de
601 1120 188 63 diriger
828 1120 70 46 les
934 1120 175 46 études
1138 1119 60 46 de
1228 1118 159 46 dictée
1419 1115 240 47 musicale
1691 1133 61 29 en
1786 1133 69 31 un
1903 1133 113 31 sens
2048 1118 86 62 qui

125 1197 240 47 conduise
404 1197 167 45 l'élève
601 1197 124 44 dans
756 1194 251 47 l'intimité
1028 1195 85 46 des
1150 1208 197 32 œuvres
1377 1193 335 46 elles-mêmes
1758 1208 60 31 au
1875 1193 98 46 lieu
2012 1194 58 46 de
2093 1194 42 46 le

125 1270 131 47 tenir
294 1269 452 63 perpétuellement
778 1270 124 45 dans
931 1270 85 46 des
1060 1268 243 47 exercices
1340 1279 112 34 tout
1485 1265 269 47 artificiels.

186 1344 133 48 C'est
350 1345 41 45 le
422 1344 88 46 fait
534 1345 58 45 de
623 1344 44 46 la
687 1343 158 47 dictée
868 1344 111 46 telle
997 1344 181 61 qu'elle
1197 1355 73 33 est
1293 1341 356 47 actuellement
1669 1341 268 63 comprise.
1965 1343 169 59 Qu'on

127 1420 155 47 tolère
305 1420 146 56 donc,
475 1420 82 45 àla
578 1419 221 62 rigueur,
825 1419 240 46 l'odieuse
1096 1419 179 61 phrase
1301 1418 58 45 de
1385 1418 129 45 deux
1536 1432 227 31 mesures
1790 1433 128 46 pour
1942 1418 69 45 les
2050 1419 57 44 dé-

127 1496 223 59 butants,
407 1495 125 46 mais
587 1496 155 60 qu'on
790 1505 153 36 mette
991 1494 98 47 vite
1134 1494 69 45 les
1235 1494 161 45 élèves
1420 1508 69 31 un
1538 1509 96 46 peu
1678 1496 211 42 avancés
1938 1509 60 30 en
2025 1498 83 57 pré-

126 1586 144 31 sence
300 1571 58 45 de
379 1569 235 62 musique
643 1569 133 47 vraie
807 1581 45 35 et
875 1570 155 62 qu'on
1057 1569 147 56 dicte,
1237 1584 103 30 non
1366 1570 113 60 plus
1503 1583 91 47 par
1617 1583 244 40 mesures,
1895 1567 125 47 mais
2046 1584 89 46 par

125 1645 250 47 membres
400 1646 60 45 de
475 1645 201 62 phrase,
699 1660 89 46 par
812 1645 239 62 rythmes.
1084 1645 170 60 Qu'on
1289 1644 70 45 les
1387 1642 149 63 guide
1576 1659 61 30 en
1659 1644 70 44 les
1761 1646 275 59 prévenant
2067 1644 66 45 du

124 1733 163 49 temps
320 1721 59 46 de
404 1720 43 46 la
468 1735 200 32 mesure
694 1721 181 61 auquel
906 1735 292 31 commence
1223 1720 42 46 la
1292 1719 198 63 phrase,
1512 1720 170 61 quand
1705 1719 191 45 celle-ci
1921 1731 73 35 est
2017 1734 86 30 ana-

123 1795 285 61 crousique,
441 1795 150 62 qu'on
615 1795 312 62 interrompe
962 1795 42 45 le
1026 1795 252 62 fragment
1314 1792 147 57 dicté,
1490 1809 85 30 sur
1620 1793 44 46 la
1684 1793 68 46 fin
1792 1793 65 46 du
1908 1793 225 47 membre

123 1871 59 44 de
212 1870 199 61 phrase,
436 1871 65 44 où
531 1870 120 62 qu'il
671 1870 113 56 soit,
812 1882 47 33 et
886 1871 167 44 l'élève
1085 1870 102 45 fera
1222 1870 117 45 bien
1359 1881 111 34 tout
1493 1870 105 45 seul
1639 1868 43 46 le
1721 1870 203 44 raccord
1950 1872 25 42 à
2013 1868 97 47 l'en-

124 1945 133 47 droit
280 1946 153 46 voulu
455 1946 170 61 quand
649 1946 42 44 le
722 1946 288 62 professeur
1040 1946 303 47 enchaînera
1377 1946 42 46 le
1465 1945 247 62 fragment
1757 1945 217 47 suivant.
2018 1946 87 46 Pre-

124 2036 128 31 nons
301 2036 68 29 un
417 2021 230 60 exemple
673 2037 9 32 :

204 2625 189 43 (Qiiatuor
408 2637 100 33 pour
524 2637 132 35 piano,
671 2630 79 33 alto
771 2631 37 32 et
1467 2630 468 43 violoncelle,
1090 2632 48 32 de
1162 2631 145 34 Ch.-M.
1327 2631 152 43 Widor,
1498 2644 63 31 op.
1587 2631 63 37 66.
1681 2633 170 41 Durand,
1872 2633 176 42 éditeur.)

186 2763 156 45 Notre
372 2763 219 46 division
621 2779 60 30 en
712 2765 254 47 membres
996 2766 60 46 de
1096 2766 182 61 phrase
1315 2778 73 34 est
1415 2769 249 58 peut-être
1695 2766 278 56 arbitraire,
2001 2782 126 30 nous

124 2837 207 46 n'avons
372 2854 86 46 pas
488 2839 210 47 cherché
739 2843 26 44 à
789 2841 302 62 interpréter
1117 2841 43 46 la
1192 2845 182 58 pensée
1399 2844 59 44 de
1484 2843 230 57 l'auteur,
1758 2840 127 47 mais
1928 2840 170 62 simple-

124 2925 139 33 ment
298 2916 24 42 à
356 2917 237 59 préparer
621 2931 97 31 une
752 2915 158 47 dictée
934 2931 128 46 pour
1091 2933 69 30 un
1193 2917 151 54 élève,
1378 2929 47 33 et
1462 2933 128 30 nous
1631 2933 60 29 ne
1724 2931 193 47 voyons
1938 2931 88 47 pas
2065 2930 62 32 en

122 2987 120 63 quoi
296 3004 129 32 nous
478 2989 258 48 n'aurions
780 3006 90 46 pas
926 2991 175 46 réussi.
1162 2991 70 47 Ce
1269 3008 95 44 que
1396 3008 128 30 nous
1561 2991 235 46 donnons
1835 2990 61 47 ici
1931 2995 26 42 à
1993 2991 133 46 l'état

121 3063 277 63 d'exemple
428 3065 190 62 unique
648 3079 121 48 peut
799 3081 50 29 se
879 3065 121 47 faire
1029 3070 27 40 à
1079 3066 194 46 l'infini.
1302 3067 95 45 Les
1433 3081 197 32 œuvres
1678 3066 276 61 classiques
1990 3077 46 35 et
2059 3066 67 44 les

118 3138 364 63 compositions
503 3141 268 46 modernes
803 3141 309 46 renferment
1128 3141 86 46 des
1236 3141 244 46 éléments
1504 3154 110 34 tout
1653 3147 132 56 prêts
1828 3145 25 42 à
1877 3157 50 30 se
1968 3154 133 33 trans-

118 3212 185 47 former
325 3230 60 29 en
409 3215 385 47 chefs-d'œuvre
825 3216 58 44 de
915 3215 275 63 pédagogie
1214 3216 256 47 musicale.
1504 3217 39 45 Il
1576 3232 32 46 y
1646 3216 160 47 aurait
1839 3231 69 31 un
1943 3215 183 45 recueil

117 3288 239 46 excellent
388 3292 23 42 à
449 3288 119 46 faire
586 3288 126 46 ainsi
737 3291 60 43 de
819 3288 275 63 fragments
1118 3290 331 61 mélodiques.
1481 3292 67 43 La
1574 3291 136 46 seule
1734 3288 291 64 précaution
2050 3305 50 29 se-

120 3362 92 46 rait
237 3364 58 44 de
319 3380 50 28 se
393 3363 171 46 munir
581 3366 85 43 des
685 3364 361 46 autorisations
1065 3364 290 59 d'éditeurs,
1380 3364 104 63 qui,
1510 3376 174 46 certes,
1711 3380 60 30 ne
1799 3363 327 47 refuseraient

121 3453 88 45 pas
234 3438 58 46 de
317 3453 49 30 se
397 3443 166 56 prêter
586 3442 25 42 à
642 3451 124 34 cette
788 3455 169 30 œuvre
987 3439 295 47 éducatrice.

182 3512 138 46 Dans
350 3511 44 45 la
423 3511 158 47 dictée
596 3511 264 58 ci-dessus,
903 3528 96 45 que
1021 3530 126 29 nous
1175 3528 221 45 prenons
1416 3528 198 31 comme
1648 3513 240 60 exemple,
1936 3513 42 45 le
2009 3527 115 46 pro-
