<?xml version="1.0" encoding="UTF-8"?>
<alto xmlns:xsi="http://www.w3.org/2001/XMLSchema-instance" xmlns="http://www.loc.gov/standards/alto/ns-v2#" xsi:schemaLocation="http://www.loc.gov/standards/alto/ns-v2# http://www.loc.gov/standards/alto/alto-v2.0.xsd" xmlns:xlink="http://www.w3.org/1999/xlink">
	<Description>
		<MeasurementUnit>mm10</MeasurementUnit>
		<sourceImageInformation>
			<fileName>//fileserver7/IN2-2/Princeton/bmtnabj/1905/06/15_01/00000338.tif</fileName>
		</sourceImageInformation>
		<OCRProcessing ID="OCRPROCESSING_1">
			<preProcessingStep>
				<processingSoftware>
					<softwareCreator>CCS Content Conversion Specialists GmbH, Germany</softwareCreator>
					<softwareName>CCS docWorks</softwareName>
					<softwareVersion>6.7-1.20</softwareVersion>
				</processingSoftware>
			</preProcessingStep>
			<ocrProcessingStep>
				<processingSoftware>
					<softwareCreator>ABBYY (BIT Software), Russia</softwareCreator>
					<softwareName>FineReader</softwareName>
					<softwareVersion>10.0</softwareVersion>
				</processingSoftware>
			</ocrProcessingStep>
		</OCRProcessing>
		<OCRProcessing ID="OCRPROCESSING_2">
			<preProcessingStep>
				<processingSoftware>
					<softwareCreator>CCS Content Conversion Specialists GmbH, Germany</softwareCreator>
					<softwareName>CCS docWorks</softwareName>
					<softwareVersion>6.7-1.20</softwareVersion>
				</processingSoftware>
			</preProcessingStep>
			<ocrProcessingStep>
				<processingSoftware>
					<softwareCreator>ABBYY (BIT Software), Russia</softwareCreator>
					<softwareName>NA</softwareName>
				</processingSoftware>
			</ocrProcessingStep>
		</OCRProcessing>
	</Description>
	<Styles>
		<TextStyle ID="TXT_0" FONTSIZE="17" FONTFAMILY="Times New Roman"/>
		<TextStyle ID="TXT_1" FONTSIZE="16" FONTFAMILY="Times New Roman" FONTSTYLE="bold"/>
		<TextStyle ID="TXT_2" FONTSIZE="15" FONTFAMILY="Times New Roman" FONTSTYLE="italics"/>
		<TextStyle ID="TXT_3" FONTSIZE="15" FONTFAMILY="Times New Roman"/>
		<ParagraphStyle ID="PAR_LEFT" ALIGN="Left"/>
		<ParagraphStyle ID="PAR_CENTER" ALIGN="Center"/>
		<ParagraphStyle ID="PAR_BLOCK" ALIGN="Block"/>
	</Styles>
	<Layout>
		<Page ID="P2" PHYSICAL_IMG_NR="2" HEIGHT="3695" WIDTH="2273" PRINTED_IMG_NR="322" PC="0.937">
			<TopMargin ID="P2_TM00001" HPOS="0" VPOS="0" WIDTH="2273" HEIGHT="227">
				<TextBlock ID="P2_TB00001" HPOS="133" VPOS="189" WIDTH="73" HEIGHT="35" STYLEREFS="TXT_0 PAR_LEFT">
					<TextLine ID="P2_TL00001" HPOS="133" VPOS="189" WIDTH="73" HEIGHT="35">
						<String ID="P2_ST00001" HPOS="133" VPOS="189" WIDTH="73" HEIGHT="35" CONTENT="322" WC="1.00" CC="000"/>
					</TextLine>
				</TextBlock>
			</TopMargin>
			<LeftMargin ID="P2_LM00001" HPOS="0" VPOS="227" WIDTH="127" HEIGHT="3285"/>
			<RightMargin ID="P2_RM00001" HPOS="2146" VPOS="227" WIDTH="127" HEIGHT="3285"/>
			<BottomMargin ID="P2_BM00001" HPOS="0" VPOS="3512" WIDTH="2273" HEIGHT="183"/>
			<PrintSpace ID="P2_PS00001" HPOS="127" VPOS="227" WIDTH="2019" HEIGHT="3285">
				<TextBlock ID="P2_TB00002" HPOS="706" VPOS="422" WIDTH="833" HEIGHT="42" STYLEREFS="TXT_1 PAR_CENTER">
					<TextLine ID="P2_TL00002" HPOS="706" VPOS="422" WIDTH="833" HEIGHT="42">
						<String ID="P2_ST00002" HPOS="706" VPOS="422" WIDTH="36" HEIGHT="39" CONTENT="M" WC="0.98" CC="0"/>
						<String ID="P2_ST00003" HPOS="742" VPOS="422" WIDTH="72" HEIGHT="39" CONTENT="me" STYLE="superscript" WC="0.98" CC="00"/>
						<SP ID="P2_SP00001" HPOS="814" VPOS="461" WIDTH="33"/>
						<String ID="P2_ST00004" HPOS="847" VPOS="422" WIDTH="329" HEIGHT="40" CONTENT="PAULINE" WC="1.00" CC="0302000"/>
						<SP ID="P2_SP00002" HPOS="1176" VPOS="462" WIDTH="33"/>
						<String ID="P2_ST00005" HPOS="1209" VPOS="422" WIDTH="330" HEIGHT="42" CONTENT="VIARDOT" WC="0.89" CC="0050010"/>
					</TextLine>
				</TextBlock>
				<TextBlock ID="P2_TB00003" HPOS="127" VPOS="556" WIDTH="2019" HEIGHT="2956" STYLEREFS="TXT_2 PAR_BLOCK">
					<TextLine ID="P2_TL00003" HPOS="186" VPOS="557" WIDTH="1952" HEIGHT="48">
						<String ID="P2_ST00006" HPOS="186" VPOS="558" WIDTH="72" HEIGHT="39" CONTENT="Au" WC="0.73" CC="05"/>
						<SP ID="P2_SP00003" HPOS="258" VPOS="597" WIDTH="39"/>
						<String ID="P2_ST00007" HPOS="297" VPOS="563" WIDTH="198" HEIGHT="34" CONTENT="moment" WC="0.98" CC="575230"/>
						<SP ID="P2_SP00004" HPOS="495" VPOS="597" WIDTH="42"/>
						<String ID="P2_ST00008" HPOS="537" VPOS="557" WIDTH="56" HEIGHT="39" CONTENT="où" WC="0.28" CC="67"/>
						<SP ID="P2_SP00005" HPOS="593" VPOS="597" WIDTH="36"/>
						<String ID="P2_ST00009" HPOS="629" VPOS="569" WIDTH="110" HEIGHT="28" CONTENT="nous" WC="0.98" CC="0550"/>
						<SP ID="P2_SP00006" HPOS="739" VPOS="597" WIDTH="55"/>
						<String ID="P2_ST00010" HPOS="794" VPOS="557" WIDTH="207" HEIGHT="40" CONTENT="écrivons" WC="0.99" CC="02406600"/>
						<SP ID="P2_SP00007" HPOS="1001" VPOS="597" WIDTH="38"/>
						<String ID="P2_ST00011" HPOS="1039" VPOS="570" WIDTH="72" HEIGHT="27" CONTENT="ces" WC="0.97" CC="009"/>
						<SP ID="P2_SP00008" HPOS="1111" VPOS="597" WIDTH="40"/>
						<String ID="P2_ST00012" HPOS="1151" VPOS="564" WIDTH="128" HEIGHT="33" CONTENT="notes" WC="0.99" CC="40000"/>
						<SP ID="P2_SP00009" HPOS="1279" VPOS="597" WIDTH="35"/>
						<String ID="P2_ST00013" HPOS="1314" VPOS="570" WIDTH="81" HEIGHT="27" CONTENT="sur" WC="0.96" CC="225"/>
						<SP ID="P2_SP00010" HPOS="1395" VPOS="597" WIDTH="41"/>
						<String ID="P2_ST00014" HPOS="1436" VPOS="557" WIDTH="52" HEIGHT="40" CONTENT="M" WC="0.57" CC="4"/>
						<String ID="P2_ST00015" HPOS="1494" VPOS="565" WIDTH="40" HEIGHT="16" CONTENT="mt" STYLE="superscript" WC="0.28" CC="77"/>
						<SP ID="P2_SP00011" HPOS="1534" VPOS="597" WIDTH="61"/>
						<String ID="P2_ST00016" HPOS="1595" VPOS="557" WIDTH="206" HEIGHT="48" CONTENT="Viardot," WC="0.87" CC="01300500"/>
						<SP ID="P2_SP00012" HPOS="1801" VPOS="605" WIDTH="43"/>
						<String ID="P2_ST00017" HPOS="1844" VPOS="570" WIDTH="55" HEIGHT="26" CONTENT="un" WC="0.71" CC="50"/>
						<SP ID="P2_SP00013" HPOS="1899" VPOS="605" WIDTH="42"/>
						<String ID="P2_ST00018" HPOS="1941" VPOS="558" WIDTH="197" HEIGHT="39" CONTENT="éminent" WC="0.88" CC="0004300"/>
					</TextLine>
					<TextLine ID="P2_TL00004" HPOS="129" VPOS="618" WIDTH="2008" HEIGHT="53">
						<String ID="P2_ST00019" HPOS="129" VPOS="620" WIDTH="323" HEIGHT="51" CONTENT="compositeur," WC="1.00" CC="005560100300"/>
						<SP ID="P2_SP00014" HPOS="452" VPOS="671" WIDTH="17"/>
						<String ID="P2_ST00020" HPOS="469" VPOS="618" WIDTH="276" HEIGHT="53" CONTENT="professeur" WC="0.99" CC="5064133040"/>
						<SP ID="P2_SP00015" HPOS="745" VPOS="671" WIDTH="18"/>
						<String ID="P2_ST00021" HPOS="763" VPOS="632" WIDTH="57" HEIGHT="26" CONTENT="au" WC="0.65" CC="06"/>
						<SP ID="P2_SP00016" HPOS="820" VPOS="671" WIDTH="27"/>
						<String ID="P2_ST00022" HPOS="847" VPOS="619" WIDTH="369" HEIGHT="49" CONTENT="Conservatoire," WC="1.00" CC="25000052150005"/>
						<SP ID="P2_SP00017" HPOS="1216" VPOS="671" WIDTH="16"/>
						<String ID="P2_ST00023" HPOS="1232" VPOS="626" WIDTH="121" HEIGHT="33" CONTENT="vzercf" WC="0.20" CC="878778"/>
						<SP ID="P2_SP00018" HPOS="1353" VPOS="671" WIDTH="18"/>
						<String ID="P2_ST00024" HPOS="1371" VPOS="632" WIDTH="111" HEIGHT="27" CONTENT="nous" WC="0.98" CC="0730"/>
						<SP ID="P2_SP00019" HPOS="1482" VPOS="671" WIDTH="23"/>
						<String ID="P2_ST00025" HPOS="1505" VPOS="619" WIDTH="102" HEIGHT="40" CONTENT="voir" WC="0.98" CC="0007"/>
						<SP ID="P2_SP00020" HPOS="1607" VPOS="671" WIDTH="8"/>
						<String ID="P2_ST00026" HPOS="1615" VPOS="626" WIDTH="81" HEIGHT="44" CONTENT=";et" WC="1.00" CC="000"/>
						<SP ID="P2_SP00021" HPOS="1696" VPOS="671" WIDTH="21"/>
						<String ID="P2_ST00027" HPOS="1717" VPOS="626" WIDTH="98" HEIGHT="33" CONTENT="tout" WC="1.00" CC="0000"/>
						<SP ID="P2_SP00022" HPOS="1815" VPOS="671" WIDTH="17"/>
						<String ID="P2_ST00028" HPOS="1832" VPOS="631" WIDTH="51" HEIGHT="28" CONTENT="en" WC="0.74" CC="05"/>
						<SP ID="P2_SP00023" HPOS="1883" VPOS="671" WIDTH="19"/>
						<String ID="P2_ST00029" HPOS="1902" VPOS="618" WIDTH="235" HEIGHT="41" CONTENT="admirant" WC="1.00" CC="00000000"/>
					</TextLine>
					<TextLine ID="P2_TL00005" HPOS="132" VPOS="680" WIDTH="2002" HEIGHT="54">
						<String ID="P2_ST00030" HPOS="132" VPOS="682" WIDTH="43" HEIGHT="38" CONTENT="la" WC="0.68" CC="06"/>
						<SP ID="P2_SP00024" HPOS="175" VPOS="720" WIDTH="22"/>
						<String ID="P2_ST00031" HPOS="197" VPOS="681" WIDTH="111" HEIGHT="39" CONTENT="belle" WC="0.99" CC="05000"/>
						<SP ID="P2_SP00025" HPOS="308" VPOS="720" WIDTH="24"/>
						<String ID="P2_ST00032" HPOS="332" VPOS="680" WIDTH="338" HEIGHT="53" CONTENT="photographie" WC="1.00" CC="000003005220"/>
						<SP ID="P2_SP00026" HPOS="670" VPOS="733" WIDTH="52"/>
						<String ID="P2_ST00033" HPOS="722" VPOS="694" WIDTH="84" HEIGHT="40" CONTENT="que" WC="0.98" CC="220"/>
						<SP ID="P2_SP00027" HPOS="806" VPOS="734" WIDTH="33"/>
						<String ID="P2_ST00034" HPOS="839" VPOS="680" WIDTH="218" HEIGHT="41" CONTENT="l'illustre" WC="1.00" CC="0000100000"/>
						<SP ID="P2_SP00028" HPOS="1057" VPOS="734" WIDTH="40"/>
						<String ID="P2_ST00035" HPOS="1097" VPOS="681" WIDTH="164" HEIGHT="40" CONTENT="artiste" WC="1.00" CC="0000000"/>
						<SP ID="P2_SP00029" HPOS="1261" VPOS="734" WIDTH="29"/>
						<String ID="P2_ST00036" HPOS="1290" VPOS="695" WIDTH="26" HEIGHT="26" CONTENT="a" WC="1.00" CC="0"/>
						<SP ID="P2_SP00030" HPOS="1316" VPOS="734" WIDTH="44"/>
						<String ID="P2_ST00037" HPOS="1360" VPOS="681" WIDTH="101" HEIGHT="40" CONTENT="bien" WC="0.99" CC="0021"/>
						<SP ID="P2_SP00031" HPOS="1461" VPOS="734" WIDTH="43"/>
						<String ID="P2_ST00038" HPOS="1504" VPOS="682" WIDTH="133" HEIGHT="39" CONTENT="voulu" WC="1.00" CC="00003"/>
						<SP ID="P2_SP00032" HPOS="1637" VPOS="734" WIDTH="31"/>
						<String ID="P2_ST00039" HPOS="1668" VPOS="694" WIDTH="113" HEIGHT="26" CONTENT="nous" WC="0.99" CC="0060"/>
						<SP ID="P2_SP00033" HPOS="1781" VPOS="734" WIDTH="40"/>
						<String ID="P2_ST00040" HPOS="1821" VPOS="680" WIDTH="171" HEIGHT="40" CONTENT="donner" WC="0.99" CC="000036"/>
						<SP ID="P2_SP00034" HPOS="1992" VPOS="734" WIDTH="38"/>
						<String ID="P2_ST00041" HPOS="2030" VPOS="682" WIDTH="84" HEIGHT="38" CONTENT="elle" SUBS_TYPE="HypPart1" SUBS_CONTENT="ellemême," WC="0.98" CC="0250"/>
						<HYP HPOS="2114" VPOS="682" WIDTH="20" CONTENT="-"/>
					</TextLine>
					<TextLine ID="P2_TL00006" HPOS="129" VPOS="741" WIDTH="2005" HEIGHT="56">
						<String ID="P2_ST00042" HPOS="129" VPOS="743" WIDTH="155" HEIGHT="49" CONTENT="même," SUBS_TYPE="HypPart2" SUBS_CONTENT="ellemême," WC="0.99" CC="03100"/>
						<SP ID="P2_SP00035" HPOS="284" VPOS="792" WIDTH="27"/>
						<String ID="P2_ST00043" HPOS="311" VPOS="743" WIDTH="34" HEIGHT="38" CONTENT="il" WC="1.00" CC="00"/>
						<SP ID="P2_SP00036" HPOS="345" VPOS="792" WIDTH="22"/>
						<String ID="P2_ST00044" HPOS="367" VPOS="754" WIDTH="47" HEIGHT="27" CONTENT="se" WC="1.00" CC="00"/>
						<SP ID="P2_SP00037" HPOS="414" VPOS="792" WIDTH="36"/>
						<String ID="P2_ST00045" HPOS="450" VPOS="741" WIDTH="150" HEIGHT="40" CONTENT="récrie" WC="1.00" CC="000000"/>
						<SP ID="P2_SP00038" HPOS="600" VPOS="792" WIDTH="22"/>
						<String ID="P2_ST00046" HPOS="622" VPOS="749" WIDTH="100" HEIGHT="33" CONTENT="tout" WC="0.95" CC="7905"/>
						<SP ID="P2_SP00039" HPOS="722" VPOS="792" WIDTH="20"/>
						<String ID="P2_ST00047" HPOS="742" VPOS="745" WIDTH="25" HEIGHT="36" CONTENT="à" WC="0.78" CC="2"/>
						<SP ID="P2_SP00040" HPOS="767" VPOS="792" WIDTH="33"/>
						<String ID="P2_ST00048" HPOS="800" VPOS="755" WIDTH="111" HEIGHT="40" CONTENT="coup" WC="1.00" CC="0000"/>
						<SP ID="P2_SP00041" HPOS="911" VPOS="795" WIDTH="28"/>
						<String ID="P2_ST00049" HPOS="939" VPOS="754" WIDTH="12" HEIGHT="27" CONTENT=":" WC="1.00" CC="0"/>
						<SP ID="P2_SP00042" HPOS="951" VPOS="795" WIDTH="112"/>
						<String ID="P2_ST00050" HPOS="1063" VPOS="743" WIDTH="223" HEIGHT="54" CONTENT="Quelques" WC="0.99" CC="92227000"/>
						<SP ID="P2_SP00043" HPOS="1286" VPOS="797" WIDTH="25"/>
						<String ID="P2_ST00051" HPOS="1311" VPOS="743" WIDTH="151" HEIGHT="54" CONTENT="lignes" WC="0.99" CC="007206"/>
						<SP ID="P2_SP00044" HPOS="1462" VPOS="797" WIDTH="38"/>
						<String ID="P2_ST00052" HPOS="1500" VPOS="743" WIDTH="54" HEIGHT="40" CONTENT="de" WC="1.00" CC="00"/>
						<SP ID="P2_SP00045" HPOS="1554" VPOS="797" WIDTH="37"/>
						<String ID="P2_ST00053" HPOS="1591" VPOS="743" WIDTH="148" HEIGHT="40" CONTENT="notice" WC="0.97" CC="757009"/>
						<SP ID="P2_SP00046" HPOS="1739" VPOS="797" WIDTH="21"/>
						<String ID="P2_ST00054" HPOS="1760" VPOS="755" WIDTH="80" HEIGHT="27" CONTENT="sur" WC="0.99" CC="030"/>
						<SP ID="P2_SP00047" HPOS="1840" VPOS="797" WIDTH="24"/>
						<String ID="P2_ST00055" HPOS="1864" VPOS="744" WIDTH="44" HEIGHT="38" CONTENT="M" WC="0.46" CC="5"/>
						<String ID="P2_ST00056" HPOS="1917" VPOS="749" WIDTH="48" HEIGHT="16" CONTENT="me" STYLE="superscript" WC="0.35" CC="66"/>
						<SP ID="P2_SP00048" HPOS="1965" VPOS="797" WIDTH="44"/>
						<String ID="P2_ST00057" HPOS="2009" VPOS="743" WIDTH="94" HEIGHT="39" CONTENT="Pau" SUBS_TYPE="HypPart1" SUBS_CONTENT="Pauline" WC="0.97" CC="603"/>
						<HYP HPOS="2103" VPOS="743" WIDTH="31" CONTENT="-"/>
					</TextLine>
					<TextLine ID="P2_TL00007" HPOS="132" VPOS="803" WIDTH="2002" HEIGHT="55">
						<String ID="P2_ST00058" HPOS="132" VPOS="804" WIDTH="90" HEIGHT="40" CONTENT="line" SUBS_TYPE="HypPart2" SUBS_CONTENT="Pauline" WC="1.00" CC="0000"/>
						<SP ID="P2_SP00049" HPOS="222" VPOS="844" WIDTH="36"/>
						<String ID="P2_ST00059" HPOS="258" VPOS="803" WIDTH="225" HEIGHT="41" CONTENT="Viardot!" WC="0.93" CC="00050000"/>
						<SP ID="P2_SP00050" HPOS="483" VPOS="844" WIDTH="34"/>
						<String ID="P2_ST00060" HPOS="517" VPOS="804" WIDTH="123" HEIGHT="40" CONTENT="Mais" WC="0.99" CC="0030"/>
						<SP ID="P2_SP00051" HPOS="640" VPOS="844" WIDTH="22"/>
						<String ID="P2_ST00061" HPOS="662" VPOS="817" WIDTH="22" HEIGHT="27" CONTENT="c" WC="0.99" CC="0"/>
						<SP ID="P2_SP00052" HPOS="684" VPOS="844" WIDTH="18"/>
						<String ID="P2_ST00062" HPOS="702" VPOS="812" WIDTH="65" HEIGHT="32" CONTENT="est" WC="0.97" CC="402"/>
						<SP ID="P2_SP00053" HPOS="767" VPOS="844" WIDTH="24"/>
						<String ID="P2_ST00063" HPOS="791" VPOS="818" WIDTH="58" HEIGHT="26" CONTENT="un" WC="1.00" CC="00"/>
						<SP ID="P2_SP00054" HPOS="849" VPOS="844" WIDTH="27"/>
						<String ID="P2_ST00064" HPOS="876" VPOS="806" WIDTH="187" HEIGHT="38" CONTENT="numéro" WC="0.99" CC="015104"/>
						<SP ID="P2_SP00055" HPOS="1063" VPOS="844" WIDTH="29"/>
						<String ID="P2_ST00065" HPOS="1092" VPOS="811" WIDTH="99" HEIGHT="33" CONTENT="tout" WC="1.00" CC="1000"/>
						<SP ID="P2_SP00056" HPOS="1191" VPOS="844" WIDTH="26"/>
						<String ID="P2_ST00066" HPOS="1217" VPOS="807" WIDTH="147" HEIGHT="37" CONTENT="entier" WC="0.99" CC="033000"/>
						<SP ID="P2_SP00057" HPOS="1364" VPOS="844" WIDTH="18"/>
						<String ID="P2_ST00067" HPOS="1382" VPOS="816" WIDTH="16" HEIGHT="40" CONTENT=";" WC="0.33" CC="6"/>
						<SP ID="P2_SP00058" HPOS="1398" VPOS="856" WIDTH="36"/>
						<String ID="P2_ST00068" HPOS="1434" VPOS="804" WIDTH="105" HEIGHT="40" CONTENT="c'est" WC="1.00" CC="00001"/>
						<SP ID="P2_SP00059" HPOS="1539" VPOS="856" WIDTH="44"/>
						<String ID="P2_ST00069" HPOS="1583" VPOS="818" WIDTH="59" HEIGHT="26" CONTENT="un" WC="0.58" CC="53"/>
						<SP ID="P2_SP00060" HPOS="1642" VPOS="856" WIDTH="39"/>
						<String ID="P2_ST00070" HPOS="1681" VPOS="805" WIDTH="176" HEIGHT="39" CONTENT="volume" WC="1.00" CC="000000"/>
						<SP ID="P2_SP00061" HPOS="1857" VPOS="856" WIDTH="42"/>
						<String ID="P2_ST00071" HPOS="1899" VPOS="804" WIDTH="111" HEIGHT="54" CONTENT="qu'il" WC="0.99" CC="00700"/>
						<SP ID="P2_SP00062" HPOS="2010" VPOS="858" WIDTH="18"/>
						<String ID="P2_ST00072" HPOS="2028" VPOS="804" WIDTH="80" HEIGHT="52" CONTENT="fau" SUBS_TYPE="HypPart1" SUBS_CONTENT="faudrait" WC="0.98" CC="104"/>
						<HYP HPOS="2108" VPOS="804" WIDTH="26" CONTENT="-"/>
					</TextLine>
					<TextLine ID="P2_TL00008" HPOS="128" VPOS="865" WIDTH="1622" HEIGHT="54">
						<String ID="P2_ST00073" HPOS="128" VPOS="866" WIDTH="127" HEIGHT="40" CONTENT="drait" SUBS_TYPE="HypPart2" SUBS_CONTENT="faudrait" WC="1.00" CC="00000"/>
						<SP ID="P2_SP00063" HPOS="255" VPOS="906" WIDTH="23"/>
						<String ID="P2_ST00074" HPOS="278" VPOS="878" WIDTH="123" HEIGHT="40" CONTENT="pour" WC="0.97" CC="0047"/>
						<SP ID="P2_SP00064" HPOS="401" VPOS="918" WIDTH="14"/>
						<String ID="P2_ST00075" HPOS="415" VPOS="866" WIDTH="164" HEIGHT="52" CONTENT="parler" WC="1.00" CC="000000"/>
						<SP ID="P2_SP00065" HPOS="579" VPOS="918" WIDTH="20"/>
						<String ID="P2_ST00076" HPOS="599" VPOS="866" WIDTH="261" HEIGHT="53" CONTENT="dignement" WC="1.00" CC="000000610"/>
						<SP ID="P2_SP00066" HPOS="860" VPOS="919" WIDTH="20"/>
						<String ID="P2_ST00077" HPOS="880" VPOS="865" WIDTH="54" HEIGHT="40" CONTENT="de" WC="1.00" CC="00"/>
						<SP ID="P2_SP00067" HPOS="934" VPOS="919" WIDTH="24"/>
						<String ID="P2_ST00078" HPOS="958" VPOS="873" WIDTH="115" HEIGHT="33" CONTENT="cette" WC="1.00" CC="00300"/>
						<SP ID="P2_SP00068" HPOS="1073" VPOS="919" WIDTH="24"/>
						<String ID="P2_ST00079" HPOS="1097" VPOS="866" WIDTH="340" HEIGHT="52" CONTENT="incomparable" WC="1.00" CC="000630900004"/>
						<SP ID="P2_SP00069" HPOS="1437" VPOS="919" WIDTH="21"/>
						<String ID="P2_ST00080" HPOS="1458" VPOS="866" WIDTH="254" HEIGHT="40" CONTENT="cantatrice" WC="1.00" CC="0000030000"/>
						<SP ID="P2_SP00070" HPOS="1712" VPOS="919" WIDTH="22"/>
						<String ID="P2_ST00081" HPOS="1734" VPOS="866" WIDTH="16" HEIGHT="40" CONTENT="!" WC="1.00" CC="0"/>
					</TextLine>
					<TextLine ID="P2_TL00009" HPOS="187" VPOS="927" WIDTH="1948" HEIGHT="54">
						<String ID="P2_ST00082" HPOS="187" VPOS="929" WIDTH="123" HEIGHT="38" CONTENT="Dans" WC="0.99" CC="3000"/>
						<SP ID="P2_SP00071" HPOS="310" VPOS="967" WIDTH="24"/>
						<String ID="P2_ST00083" HPOS="334" VPOS="940" WIDTH="85" HEIGHT="27" CONTENT="une" WC="0.97" CC="700"/>
						<SP ID="P2_SP00072" HPOS="419" VPOS="967" WIDTH="21"/>
						<String ID="P2_ST00084" HPOS="440" VPOS="929" WIDTH="135" HEIGHT="38" CONTENT="lettre" WC="0.99" CC="102400"/>
						<SP ID="P2_SP00073" HPOS="575" VPOS="967" WIDTH="20"/>
						<String ID="P2_ST00085" HPOS="595" VPOS="940" WIDTH="83" HEIGHT="41" CONTENT="que" WC="0.99" CC="020"/>
						<SP ID="P2_SP00074" HPOS="678" VPOS="981" WIDTH="19"/>
						<String ID="P2_ST00086" HPOS="697" VPOS="941" WIDTH="112" HEIGHT="26" CONTENT="nous" WC="0.99" CC="2010"/>
						<SP ID="P2_SP00075" HPOS="809" VPOS="981" WIDTH="24"/>
						<String ID="P2_ST00087" HPOS="833" VPOS="934" WIDTH="268" HEIGHT="47" CONTENT="regrettons" WC="1.00" CC="0006002000"/>
						<SP ID="P2_SP00076" HPOS="1101" VPOS="981" WIDTH="12"/>
						<String ID="P2_ST00088" HPOS="1113" VPOS="927" WIDTH="54" HEIGHT="40" CONTENT="de" WC="1.00" CC="00"/>
						<SP ID="P2_SP00077" HPOS="1167" VPOS="981" WIDTH="17"/>
						<String ID="P2_ST00089" HPOS="1184" VPOS="941" WIDTH="53" HEIGHT="26" CONTENT="ne" WC="1.00" CC="00"/>
						<SP ID="P2_SP00078" HPOS="1237" VPOS="981" WIDTH="18"/>
						<String ID="P2_ST00090" HPOS="1255" VPOS="927" WIDTH="194" HEIGHT="53" CONTENT="pouvoir" WC="0.99" CC="9000003"/>
						<SP ID="P2_SP00079" HPOS="1449" VPOS="981" WIDTH="22"/>
						<String ID="P2_ST00091" HPOS="1471" VPOS="927" WIDTH="276" HEIGHT="54" CONTENT="reproduire" WC="1.00" CC="0000600000"/>
						<SP ID="P2_SP00080" HPOS="1747" VPOS="981" WIDTH="3"/>
						<String ID="P2_ST00092" HPOS="1750" VPOS="927" WIDTH="148" HEIGHT="53" CONTENT="faute" WC="1.00" CC="00020"/>
						<SP ID="P2_SP00081" HPOS="1898" VPOS="981" WIDTH="22"/>
						<String ID="P2_ST00093" HPOS="1920" VPOS="927" WIDTH="54" HEIGHT="40" CONTENT="de" WC="1.00" CC="00"/>
						<SP ID="P2_SP00082" HPOS="1974" VPOS="981" WIDTH="14"/>
						<String ID="P2_ST00094" HPOS="1988" VPOS="929" WIDTH="147" HEIGHT="51" CONTENT="place," WC="0.98" CC="004449"/>
					</TextLine>
					<TextLine ID="P2_TL00010" HPOS="131" VPOS="989" WIDTH="2013" HEIGHT="54">
						<String ID="P2_ST00095" HPOS="131" VPOS="989" WIDTH="67" HEIGHT="41" CONTENT="M." WC="0.87" CC="02"/>
						<SP ID="P2_SP00083" HPOS="198" VPOS="1030" WIDTH="24"/>
						<String ID="P2_ST00096" HPOS="222" VPOS="990" WIDTH="127" HEIGHT="40" CONTENT="Jules" WC="1.00" CC="02001"/>
						<SP ID="P2_SP00084" HPOS="349" VPOS="1030" WIDTH="33"/>
						<String ID="P2_ST00097" HPOS="382" VPOS="990" WIDTH="222" HEIGHT="46" CONTENT="Claretie," WC="0.93" CC="200000003"/>
						<SP ID="P2_SP00085" HPOS="604" VPOS="1036" WIDTH="26"/>
						<String ID="P2_ST00098" HPOS="630" VPOS="989" WIDTH="53" HEIGHT="39" CONTENT="de" WC="0.95" CC="00"/>
						<SP ID="P2_SP00086" HPOS="683" VPOS="1036" WIDTH="25"/>
						<String ID="P2_ST00099" HPOS="708" VPOS="989" WIDTH="274" HEIGHT="40" CONTENT="iAcadémie" WC="0.81" CC="801000700"/>
						<SP ID="P2_SP00087" HPOS="982" VPOS="1036" WIDTH="18"/>
						<String ID="P2_ST00100" HPOS="1000" VPOS="989" WIDTH="263" HEIGHT="52" CONTENT="française," WC="1.00" CC="0000000004"/>
						<SP ID="P2_SP00088" HPOS="1263" VPOS="1041" WIDTH="25"/>
						<String ID="P2_ST00101" HPOS="1288" VPOS="1002" WIDTH="115" HEIGHT="28" CONTENT="nous" WC="0.98" CC="5030"/>
						<SP ID="P2_SP00089" HPOS="1403" VPOS="1041" WIDTH="21"/>
						<String ID="P2_ST00102" HPOS="1424" VPOS="992" WIDTH="208" HEIGHT="50" CONTENT="rappelle" WC="1.00" CC="00000000"/>
						<SP ID="P2_SP00090" HPOS="1632" VPOS="1042" WIDTH="25"/>
						<String ID="P2_ST00103" HPOS="1657" VPOS="989" WIDTH="135" HEIGHT="54" CONTENT="qu'un" WC="0.98" CC="05080"/>
						<SP ID="P2_SP00091" HPOS="1792" VPOS="1043" WIDTH="25"/>
						<String ID="P2_ST00104" HPOS="1817" VPOS="992" WIDTH="114" HEIGHT="48" CONTENT="soir," WC="0.99" CC="00801"/>
						<SP ID="P2_SP00092" HPOS="1931" VPOS="1043" WIDTH="24"/>
						<String ID="P2_ST00105" HPOS="1955" VPOS="1003" WIDTH="57" HEIGHT="27" CONTENT="au" WC="0.73" CC="05"/>
						<SP ID="P2_SP00093" HPOS="2012" VPOS="1043" WIDTH="26"/>
						<String ID="P2_ST00106" HPOS="2038" VPOS="989" WIDTH="80" HEIGHT="40" CONTENT="Col" SUBS_TYPE="HypPart1" SUBS_CONTENT="Collège" WC="0.98" CC="003"/>
						<HYP HPOS="2118" VPOS="989" WIDTH="26" CONTENT="-"/>
					</TextLine>
					<TextLine ID="P2_TL00011" HPOS="130" VPOS="1049" WIDTH="2006" HEIGHT="55">
						<String ID="P2_ST00107" HPOS="130" VPOS="1051" WIDTH="99" HEIGHT="53" CONTENT="lège" SUBS_TYPE="HypPart2" SUBS_CONTENT="Collège" WC="1.00" CC="0000"/>
						<SP ID="P2_SP00094" HPOS="229" VPOS="1104" WIDTH="22"/>
						<String ID="P2_ST00108" HPOS="251" VPOS="1051" WIDTH="53" HEIGHT="39" CONTENT="de" WC="1.00" CC="00"/>
						<SP ID="P2_SP00095" HPOS="304" VPOS="1104" WIDTH="22"/>
						<String ID="P2_ST00109" HPOS="326" VPOS="1050" WIDTH="197" HEIGHT="45" CONTENT="France," WC="0.99" CC="0006003"/>
						<SP ID="P2_SP00096" HPOS="523" VPOS="1104" WIDTH="24"/>
						<String ID="P2_ST00110" HPOS="547" VPOS="1049" WIDTH="51" HEIGHT="40" CONTENT="M" WC="0.92" CC="0"/>
						<String ID="P2_ST00111" HPOS="601" VPOS="1055" WIDTH="48" HEIGHT="18" CONTENT="me" STYLE="superscript" WC="0.68" CC="60"/>
						<SP ID="P2_SP00097" HPOS="649" VPOS="1104" WIDTH="34"/>
						<String ID="P2_ST00112" HPOS="683" VPOS="1049" WIDTH="190" HEIGHT="40" CONTENT="Viardot" WC="0.93" CC="0004000"/>
						<SP ID="P2_SP00098" HPOS="873" VPOS="1104" WIDTH="21"/>
						<String ID="P2_ST00113" HPOS="894" VPOS="1050" WIDTH="149" HEIGHT="39" CONTENT="donna" WC="1.00" CC="00200"/>
						<SP ID="P2_SP00099" HPOS="1043" VPOS="1104" WIDTH="27"/>
						<String ID="P2_ST00114" HPOS="1070" VPOS="1051" WIDTH="114" HEIGHT="38" CONTENT="àun" WC="1.00" CC="020"/>
						<SP ID="P2_SP00100" HPOS="1184" VPOS="1104" WIDTH="39"/>
						<String ID="P2_ST00115" HPOS="1223" VPOS="1050" WIDTH="232" HEIGHT="41" CONTENT="auditoire" WC="1.00" CC="000000109"/>
						<SP ID="P2_SP00101" HPOS="1455" VPOS="1104" WIDTH="25"/>
						<String ID="P2_ST00116" HPOS="1480" VPOS="1051" WIDTH="54" HEIGHT="40" CONTENT="de" WC="1.00" CC="00"/>
						<SP ID="P2_SP00102" HPOS="1534" VPOS="1104" WIDTH="21"/>
						<String ID="P2_ST00117" HPOS="1555" VPOS="1059" WIDTH="183" HEIGHT="32" CONTENT="savants" WC="1.00" CC="0010000"/>
						<SP ID="P2_SP00103" HPOS="1738" VPOS="1104" WIDTH="22"/>
						<String ID="P2_ST00118" HPOS="1760" VPOS="1064" WIDTH="84" HEIGHT="27" CONTENT="une" WC="0.98" CC="400"/>
						<SP ID="P2_SP00104" HPOS="1844" VPOS="1104" WIDTH="26"/>
						<String ID="P2_ST00119" HPOS="1870" VPOS="1051" WIDTH="266" HEIGHT="53" CONTENT="impression" WC="1.00" CC="0000000000"/>
					</TextLine>
					<TextLine ID="P2_TL00012" HPOS="128" VPOS="1110" WIDTH="1551" HEIGHT="57">
						<String ID="P2_ST00120" HPOS="128" VPOS="1111" WIDTH="122" HEIGHT="40" CONTENT="d'art" WC="0.99" CC="08000"/>
						<SP ID="P2_SP00105" HPOS="250" VPOS="1151" WIDTH="17"/>
						<String ID="P2_ST00121" HPOS="267" VPOS="1124" WIDTH="112" HEIGHT="40" CONTENT="grec" WC="1.00" CC="0000"/>
						<SP ID="P2_SP00106" HPOS="379" VPOS="1164" WIDTH="19"/>
						<String ID="P2_ST00122" HPOS="398" VPOS="1110" WIDTH="288" HEIGHT="51" CONTENT="inoubliable," WC="1.00" CC="100600000000"/>
						<SP ID="P2_SP00107" HPOS="686" VPOS="1164" WIDTH="20"/>
						<String ID="P2_ST00123" HPOS="706" VPOS="1124" WIDTH="51" HEIGHT="26" CONTENT="en" WC="0.86" CC="02"/>
						<SP ID="P2_SP00108" HPOS="757" VPOS="1164" WIDTH="25"/>
						<String ID="P2_ST00124" HPOS="782" VPOS="1112" WIDTH="211" HEIGHT="39" CONTENT="chantant" WC="0.99" CC="00000055"/>
						<SP ID="P2_SP00109" HPOS="993" VPOS="1164" WIDTH="26"/>
						<String ID="P2_ST00125" HPOS="1019" VPOS="1113" WIDTH="218" HEIGHT="52" CONTENT="quelques" WC="1.00" CC="00000007"/>
						<SP ID="P2_SP00110" HPOS="1237" VPOS="1165" WIDTH="19"/>
						<String ID="P2_ST00126" HPOS="1256" VPOS="1115" WIDTH="153" HEIGHT="37" CONTENT="scènes" WC="1.00" CC="000000"/>
						<SP ID="P2_SP00111" HPOS="1409" VPOS="1165" WIDTH="22"/>
						<String ID="P2_ST00127" HPOS="1431" VPOS="1112" WIDTH="248" HEIGHT="55" CONTENT="d'Orphée." WC="0.99" CC="940000010" STYLEREFS="TXT_3"/>
					</TextLine>
					<TextLine ID="P2_TL00013" HPOS="190" VPOS="1171" WIDTH="1946" HEIGHT="57">
						<String ID="P2_ST00128" HPOS="190" VPOS="1172" WIDTH="79" HEIGHT="40" CONTENT="Tel" WC="0.99" CC="030"/>
						<SP ID="P2_SP00112" HPOS="269" VPOS="1212" WIDTH="17"/>
						<String ID="P2_ST00129" HPOS="286" VPOS="1179" WIDTH="81" HEIGHT="42" CONTENT="est," WC="0.98" CC="0046"/>
						<SP ID="P2_SP00113" HPOS="367" VPOS="1221" WIDTH="21"/>
						<String ID="P2_ST00130" HPOS="388" VPOS="1171" WIDTH="208" HEIGHT="55" CONTENT="toujours" WC="1.00" CC="00100000"/>
						<SP ID="P2_SP00114" HPOS="596" VPOS="1226" WIDTH="25"/>
						<String ID="P2_ST00131" HPOS="621" VPOS="1172" WIDTH="181" HEIGHT="40" CONTENT="vibrant" WC="0.99" CC="6000830"/>
						<SP ID="P2_SP00115" HPOS="802" VPOS="1226" WIDTH="19"/>
						<String ID="P2_ST00132" HPOS="821" VPOS="1179" WIDTH="41" HEIGHT="33" CONTENT="et" WC="0.63" CC="07"/>
						<SP ID="P2_SP00116" HPOS="862" VPOS="1226" WIDTH="20"/>
						<String ID="P2_ST00133" HPOS="882" VPOS="1174" WIDTH="335" HEIGHT="49" CONTENT="enthousiaste," WC="1.00" CC="0000000000000"/>
						<SP ID="P2_SP00117" HPOS="1217" VPOS="1226" WIDTH="20"/>
						<String ID="P2_ST00134" HPOS="1237" VPOS="1175" WIDTH="38" HEIGHT="39" CONTENT="/e" WC="0.23" CC="68"/>
						<SP ID="P2_SP00118" HPOS="1275" VPOS="1226" WIDTH="22"/>
						<String ID="P2_ST00135" HPOS="1297" VPOS="1175" WIDTH="213" HEIGHT="39" CONTENT="souvenir" WC="1.00" CC="00201000"/>
						<SP ID="P2_SP00119" HPOS="1510" VPOS="1226" WIDTH="22"/>
						<String ID="P2_ST00136" HPOS="1532" VPOS="1188" WIDTH="101" HEIGHT="40" CONTENT="qua" WC="1.00" CC="000"/>
						<SP ID="P2_SP00120" HPOS="1633" VPOS="1228" WIDTH="26"/>
						<String ID="P2_ST00137" HPOS="1659" VPOS="1174" WIDTH="136" HEIGHT="40" CONTENT="laissé" WC="1.00" CC="300300"/>
						<SP ID="P2_SP00121" HPOS="1795" VPOS="1228" WIDTH="21"/>
						<String ID="P2_ST00138" HPOS="1816" VPOS="1174" WIDTH="52" HEIGHT="40" CONTENT="M" WC="1.00" CC="0"/>
						<String ID="P2_ST00139" HPOS="1870" VPOS="1180" WIDTH="48" HEIGHT="18" CONTENT="me" STYLE="superscript" WC="0.69" CC="60"/>
						<SP ID="P2_SP00122" HPOS="1918" VPOS="1228" WIDTH="27"/>
						<String ID="P2_ST00140" HPOS="1945" VPOS="1172" WIDTH="191" HEIGHT="42" CONTENT="Viardot" WC="0.96" CC="0000002"/>
					</TextLine>
					<TextLine ID="P2_TL00014" HPOS="130" VPOS="1233" WIDTH="2008" HEIGHT="54">
						<String ID="P2_ST00141" HPOS="130" VPOS="1233" WIDTH="28" HEIGHT="40" CONTENT="à" WC="0.77" CC="2"/>
						<SP ID="P2_SP00123" HPOS="158" VPOS="1273" WIDTH="24"/>
						<String ID="P2_ST00142" HPOS="182" VPOS="1240" WIDTH="98" HEIGHT="34" CONTENT="tous" WC="0.99" CC="0030"/>
						<SP ID="P2_SP00124" HPOS="280" VPOS="1274" WIDTH="35"/>
						<String ID="P2_ST00143" HPOS="315" VPOS="1247" WIDTH="117" HEIGHT="26" CONTENT="ceux" WC="0.99" CC="0060"/>
						<SP ID="P2_SP00125" HPOS="432" VPOS="1274" WIDTH="41"/>
						<String ID="P2_ST00144" HPOS="473" VPOS="1235" WIDTH="77" HEIGHT="52" CONTENT="qui" WC="1.00" CC="000"/>
						<SP ID="P2_SP00126" HPOS="550" VPOS="1287" WIDTH="38"/>
						<String ID="P2_ST00145" HPOS="588" VPOS="1233" WIDTH="315" HEIGHT="41" CONTENT="l'admirèrent" WC="1.00" CC="030060000000"/>
						<SP ID="P2_SP00127" HPOS="903" VPOS="1287" WIDTH="38"/>
						<String ID="P2_ST00146" HPOS="941" VPOS="1248" WIDTH="57" HEIGHT="26" CONTENT="au" WC="0.72" CC="05"/>
						<SP ID="P2_SP00128" HPOS="998" VPOS="1287" WIDTH="32"/>
						<String ID="P2_ST00147" HPOS="1030" VPOS="1248" WIDTH="136" HEIGHT="27" CONTENT="cours" WC="1.00" CC="00000"/>
						<SP ID="P2_SP00129" HPOS="1166" VPOS="1287" WIDTH="30"/>
						<String ID="P2_ST00148" HPOS="1196" VPOS="1235" WIDTH="53" HEIGHT="40" CONTENT="de" WC="1.00" CC="00"/>
						<SP ID="P2_SP00130" HPOS="1249" VPOS="1287" WIDTH="31"/>
						<String ID="P2_ST00149" HPOS="1280" VPOS="1248" WIDTH="49" HEIGHT="27" CONTENT="sa" WC="1.00" CC="00"/>
						<SP ID="P2_SP00131" HPOS="1329" VPOS="1287" WIDTH="37"/>
						<String ID="P2_ST00150" HPOS="1366" VPOS="1235" WIDTH="218" HEIGHT="41" CONTENT="brillante" WC="1.00" CC="000000000"/>
						<SP ID="P2_SP00132" HPOS="1584" VPOS="1287" WIDTH="39"/>
						<String ID="P2_ST00151" HPOS="1623" VPOS="1237" WIDTH="226" HEIGHT="40" CONTENT="carrière." WC="1.00" CC="000000004"/>
						<SP ID="P2_SP00133" HPOS="1849" VPOS="1287" WIDTH="31"/>
						<String ID="P2_ST00152" HPOS="1880" VPOS="1237" WIDTH="129" HEIGHT="40" CONTENT="Nous" WC="0.99" CC="0400"/>
						<SP ID="P2_SP00134" HPOS="2009" VPOS="1287" WIDTH="17"/>
						<String ID="P2_ST00153" HPOS="2026" VPOS="1247" WIDTH="112" HEIGHT="28" CONTENT="nous" WC="0.98" CC="0070"/>
					</TextLine>
					<TextLine ID="P2_TL00015" HPOS="132" VPOS="1294" WIDTH="2005" HEIGHT="58">
						<String ID="P2_ST00154" HPOS="132" VPOS="1294" WIDTH="186" HEIGHT="42" CONTENT="devions" WC="1.00" CC="0000000"/>
						<SP ID="P2_SP00135" HPOS="318" VPOS="1336" WIDTH="22"/>
						<String ID="P2_ST00155" HPOS="340" VPOS="1298" WIDTH="25" HEIGHT="36" CONTENT="à" WC="1.00" CC="0"/>
						<SP ID="P2_SP00136" HPOS="365" VPOS="1336" WIDTH="25"/>
						<String ID="P2_ST00156" HPOS="390" VPOS="1296" WIDTH="272" HEIGHT="40" CONTENT="nous-même" WC="0.73" CC="074025030"/>
						<SP ID="P2_SP00137" HPOS="662" VPOS="1336" WIDTH="33"/>
						<String ID="P2_ST00157" HPOS="695" VPOS="1295" WIDTH="54" HEIGHT="41" CONTENT="de" WC="1.00" CC="00"/>
						<SP ID="P2_SP00138" HPOS="749" VPOS="1336" WIDTH="18"/>
						<String ID="P2_ST00158" HPOS="767" VPOS="1296" WIDTH="137" HEIGHT="52" CONTENT="faire" WC="1.00" CC="00400"/>
						<SP ID="P2_SP00139" HPOS="904" VPOS="1348" WIDTH="22"/>
						<String ID="P2_ST00159" HPOS="926" VPOS="1298" WIDTH="180" HEIGHT="52" CONTENT="figurer" WC="0.99" CC="0407000"/>
						<SP ID="P2_SP00140" HPOS="1106" VPOS="1350" WIDTH="32"/>
						<String ID="P2_ST00160" HPOS="1138" VPOS="1298" WIDTH="114" HEIGHT="39" CONTENT="dans" WC="0.99" CC="5000"/>
						<SP ID="P2_SP00141" HPOS="1252" VPOS="1350" WIDTH="33"/>
						<String ID="P2_ST00161" HPOS="1285" VPOS="1303" WIDTH="131" HEIGHT="34" CONTENT="notre" WC="1.00" CC="00001"/>
						<SP ID="P2_SP00142" HPOS="1416" VPOS="1350" WIDTH="28"/>
						<String ID="P2_ST00162" HPOS="1444" VPOS="1299" WIDTH="184" HEIGHT="53" CONTENT="galerie" WC="1.00" CC="0000000"/>
						<SP ID="P2_SP00143" HPOS="1628" VPOS="1352" WIDTH="20"/>
						<String ID="P2_ST00163" HPOS="1648" VPOS="1298" WIDTH="236" HEIGHT="40" CONTENT="d'artistes" WC="1.00" CC="0206000000"/>
						<SP ID="P2_SP00144" HPOS="1884" VPOS="1352" WIDTH="32"/>
						<String ID="P2_ST00164" HPOS="1916" VPOS="1298" WIDTH="111" HEIGHT="39" CONTENT="celle" WC="1.00" CC="00000"/>
						<SP ID="P2_SP00145" HPOS="2027" VPOS="1352" WIDTH="34"/>
						<String ID="P2_ST00165" HPOS="2061" VPOS="1297" WIDTH="76" HEIGHT="54" CONTENT="qui" WC="1.00" CC="000"/>
					</TextLine>
					<TextLine ID="P2_TL00016" HPOS="128" VPOS="1356" WIDTH="1072" HEIGHT="55">
						<String ID="P2_ST00166" HPOS="128" VPOS="1363" WIDTH="66" HEIGHT="34" CONTENT="est" WC="1.00" CC="000"/>
						<SP ID="P2_SP00146" HPOS="194" VPOS="1397" WIDTH="22"/>
						<String ID="P2_ST00167" HPOS="216" VPOS="1369" WIDTH="86" HEIGHT="28" CONTENT="une" WC="1.00" CC="000"/>
						<SP ID="P2_SP00147" HPOS="302" VPOS="1397" WIDTH="34"/>
						<String ID="P2_ST00168" HPOS="336" VPOS="1356" WIDTH="77" HEIGHT="41" CONTENT="des" WC="1.00" CC="000"/>
						<SP ID="P2_SP00148" HPOS="413" VPOS="1397" WIDTH="20"/>
						<String ID="P2_ST00169" HPOS="433" VPOS="1357" WIDTH="179" HEIGHT="53" CONTENT="gloires" WC="1.00" CC="0000000"/>
						<SP ID="P2_SP00149" HPOS="612" VPOS="1410" WIDTH="33"/>
						<String ID="P2_ST00170" HPOS="645" VPOS="1358" WIDTH="63" HEIGHT="39" CONTENT="les" WC="1.00" CC="000"/>
						<SP ID="P2_SP00150" HPOS="708" VPOS="1410" WIDTH="20"/>
						<String ID="P2_ST00171" HPOS="728" VPOS="1359" WIDTH="101" HEIGHT="51" CONTENT="plus" WC="0.97" CC="5303"/>
						<SP ID="P2_SP00151" HPOS="829" VPOS="1410" WIDTH="16"/>
						<String ID="P2_ST00172" HPOS="845" VPOS="1371" WIDTH="141" HEIGHT="40" CONTENT="pures" WC="1.00" CC="00000"/>
						<SP ID="P2_SP00152" HPOS="986" VPOS="1411" WIDTH="23"/>
						<String ID="P2_ST00173" HPOS="1009" VPOS="1359" WIDTH="53" HEIGHT="39" CONTENT="de" WC="1.00" CC="00"/>
						<SP ID="P2_SP00153" HPOS="1062" VPOS="1411" WIDTH="18"/>
						<String ID="P2_ST00174" HPOS="1080" VPOS="1359" WIDTH="120" HEIGHT="41" CONTENT="l'art." WC="0.99" CC="030034"/>
					</TextLine>
					<TextLine ID="P2_TL00017" HPOS="182" VPOS="1418" WIDTH="1956" HEIGHT="55">
						<String ID="P2_ST00175" HPOS="182" VPOS="1418" WIDTH="53" HEIGHT="41" CONTENT="M" WC="1.00" CC="0"/>
						<String ID="P2_ST00176" HPOS="239" VPOS="1425" WIDTH="47" HEIGHT="17" CONTENT="me" STYLE="superscript" WC="0.69" CC="60"/>
						<SP ID="P2_SP00154" HPOS="286" VPOS="1459" WIDTH="35"/>
						<String ID="P2_ST00177" HPOS="321" VPOS="1419" WIDTH="193" HEIGHT="39" CONTENT="Pauline" WC="1.00" CC="3000000"/>
						<SP ID="P2_SP00155" HPOS="514" VPOS="1459" WIDTH="58"/>
						<String ID="P2_ST00178" HPOS="572" VPOS="1418" WIDTH="206" HEIGHT="50" CONTENT="Viardot," WC="0.92" CC="00060000"/>
						<SP ID="P2_SP00156" HPOS="778" VPOS="1468" WIDTH="51"/>
						<String ID="P2_ST00179" HPOS="829" VPOS="1418" WIDTH="80" HEIGHT="41" CONTENT="née" WC="1.00" CC="000"/>
						<SP ID="P2_SP00157" HPOS="909" VPOS="1468" WIDTH="43"/>
						<String ID="P2_ST00180" HPOS="952" VPOS="1420" WIDTH="39" HEIGHT="39" CONTENT="le" WC="1.00" CC="00"/>
						<SP ID="P2_SP00158" HPOS="991" VPOS="1468" WIDTH="43"/>
						<String ID="P2_ST00181" HPOS="1034" VPOS="1419" WIDTH="61" HEIGHT="42" CONTENT="18" WC="1.00" CC="00"/>
						<SP ID="P2_SP00159" HPOS="1095" VPOS="1468" WIDTH="44"/>
						<String ID="P2_ST00182" HPOS="1139" VPOS="1419" WIDTH="158" HEIGHT="54" CONTENT="juillet" WC="0.99" CC="3400002"/>
						<SP ID="P2_SP00160" HPOS="1297" VPOS="1473" WIDTH="47"/>
						<String ID="P2_ST00183" HPOS="1344" VPOS="1418" WIDTH="148" HEIGHT="54" CONTENT="1824," WC="0.68" CC="40640"/>
						<SP ID="P2_SP00161" HPOS="1492" VPOS="1473" WIDTH="54"/>
						<String ID="P2_ST00184" HPOS="1546" VPOS="1427" WIDTH="67" HEIGHT="34" CONTENT="est" WC="0.99" CC="002"/>
						<SP ID="P2_SP00162" HPOS="1613" VPOS="1473" WIDTH="47"/>
						<String ID="P2_ST00185" HPOS="1660" VPOS="1421" WIDTH="97" HEIGHT="51" CONTENT="fille" WC="0.99" CC="24000"/>
						<SP ID="P2_SP00163" HPOS="1757" VPOS="1473" WIDTH="56"/>
						<String ID="P2_ST00186" HPOS="1813" VPOS="1420" WIDTH="325" HEIGHT="43" CONTENT="d'Emmanuel" WC="0.88" CC="0003400300"/>
					</TextLine>
					<TextLine ID="P2_TL00018" HPOS="132" VPOS="1480" WIDTH="2006" HEIGHT="56">
						<String ID="P2_ST00187" HPOS="132" VPOS="1480" WIDTH="170" HEIGHT="41" CONTENT="Garcia" WC="1.00" CC="003010"/>
						<SP ID="P2_SP00164" HPOS="302" VPOS="1521" WIDTH="42"/>
						<String ID="P2_ST00188" HPOS="344" VPOS="1487" WIDTH="43" HEIGHT="33" CONTENT="et" WC="0.89" CC="02"/>
						<SP ID="P2_SP00165" HPOS="387" VPOS="1521" WIDTH="34"/>
						<String ID="P2_ST00189" HPOS="421" VPOS="1481" WIDTH="53" HEIGHT="39" CONTENT="de" WC="1.00" CC="00"/>
						<SP ID="P2_SP00166" HPOS="474" VPOS="1521" WIDTH="36"/>
						<String ID="P2_ST00190" HPOS="510" VPOS="1480" WIDTH="225" HEIGHT="54" CONTENT="Jacquina" WC="1.00" CC="00000000"/>
						<SP ID="P2_SP00167" HPOS="735" VPOS="1534" WIDTH="40"/>
						<String ID="P2_ST00191" HPOS="775" VPOS="1481" WIDTH="185" HEIGHT="39" CONTENT="Sitcher" WC="0.90" CC="0015000"/>
						<SP ID="P2_SP00168" HPOS="960" VPOS="1534" WIDTH="14"/>
						<String ID="P2_ST00192" HPOS="974" VPOS="1493" WIDTH="13" HEIGHT="38" CONTENT=";" WC="1.00" CC="0"/>
						<SP ID="P2_SP00169" HPOS="987" VPOS="1534" WIDTH="37"/>
						<String ID="P2_ST00193" HPOS="1024" VPOS="1483" WIDTH="87" HEIGHT="38" CONTENT="elle" WC="1.00" CC="0000"/>
						<SP ID="P2_SP00170" HPOS="1111" VPOS="1534" WIDTH="34"/>
						<String ID="P2_ST00194" HPOS="1145" VPOS="1489" WIDTH="67" HEIGHT="33" CONTENT="est" WC="1.00" CC="000"/>
						<SP ID="P2_SP00171" HPOS="1212" VPOS="1534" WIDTH="33"/>
						<String ID="P2_ST00195" HPOS="1245" VPOS="1482" WIDTH="54" HEIGHT="40" CONTENT="de" WC="1.00" CC="00"/>
						<SP ID="P2_SP00172" HPOS="1299" VPOS="1534" WIDTH="37"/>
						<String ID="P2_ST00196" HPOS="1336" VPOS="1488" WIDTH="115" HEIGHT="34" CONTENT="cette" WC="1.00" CC="00000"/>
						<SP ID="P2_SP00173" HPOS="1451" VPOS="1534" WIDTH="34"/>
						<String ID="P2_ST00197" HPOS="1485" VPOS="1482" WIDTH="147" HEIGHT="54" CONTENT="lignée" WC="1.00" CC="110000"/>
						<SP ID="P2_SP00174" HPOS="1632" VPOS="1536" WIDTH="38"/>
						<String ID="P2_ST00198" HPOS="1670" VPOS="1484" WIDTH="78" HEIGHT="39" CONTENT="des" WC="1.00" CC="000"/>
						<SP ID="P2_SP00175" HPOS="1748" VPOS="1536" WIDTH="40"/>
						<String ID="P2_ST00199" HPOS="1788" VPOS="1482" WIDTH="170" HEIGHT="41" CONTENT="Garcia" WC="1.00" CC="000000"/>
						<SP ID="P2_SP00176" HPOS="1958" VPOS="1536" WIDTH="36"/>
						<String ID="P2_ST00200" HPOS="1994" VPOS="1497" WIDTH="21" HEIGHT="25" CONTENT="«" WC="0.67" CC="3"/>
						<SP ID="P2_SP00177" HPOS="2015" VPOS="1536" WIDTH="43"/>
						<String ID="P2_ST00201" HPOS="2058" VPOS="1484" WIDTH="80" HEIGHT="52" CONTENT="qui" WC="0.98" CC="060"/>
					</TextLine>
					<TextLine ID="P2_TL00019" HPOS="128" VPOS="1541" WIDTH="1942" HEIGHT="56">
						<String ID="P2_ST00202" HPOS="128" VPOS="1541" WIDTH="159" HEIGHT="54" CONTENT="depuis" WC="1.00" CC="000000"/>
						<SP ID="P2_SP00178" HPOS="287" VPOS="1595" WIDTH="26"/>
						<String ID="P2_ST00203" HPOS="313" VPOS="1543" WIDTH="116" HEIGHT="38" CONTENT="trois" WC="0.99" CC="36000"/>
						<SP ID="P2_SP00179" HPOS="429" VPOS="1595" WIDTH="21"/>
						<String ID="P2_ST00204" HPOS="450" VPOS="1543" WIDTH="172" HEIGHT="49" CONTENT="siècles," WC="1.00" CC="00150001"/>
						<SP ID="P2_SP00180" HPOS="622" VPOS="1595" WIDTH="112"/>
						<String ID="P2_ST00205" HPOS="734" VPOS="1543" WIDTH="120" HEIGHT="39" CONTENT="ainsi" WC="1.00" CC="00000"/>
						<SP ID="P2_SP00181" HPOS="854" VPOS="1595" WIDTH="31"/>
						<String ID="P2_ST00206" HPOS="885" VPOS="1556" WIDTH="83" HEIGHT="40" CONTENT="que" WC="1.00" CC="000"/>
						<SP ID="P2_SP00182" HPOS="968" VPOS="1596" WIDTH="35"/>
						<String ID="P2_ST00207" HPOS="1003" VPOS="1543" WIDTH="286" HEIGHT="41" CONTENT="Vécrivaient" WC="0.95" CC="50000000000"/>
						<SP ID="P2_SP00183" HPOS="1289" VPOS="1596" WIDTH="17"/>
						<String ID="P2_ST00208" HPOS="1306" VPOS="1545" WIDTH="61" HEIGHT="38" CONTENT="les" WC="1.00" CC="000"/>
						<SP ID="P2_SP00184" HPOS="1367" VPOS="1596" WIDTH="14"/>
						<String ID="P2_ST00209" HPOS="1381" VPOS="1543" WIDTH="164" HEIGHT="54" CONTENT="frères" WC="1.00" CC="000000"/>
						<SP ID="P2_SP00185" HPOS="1545" VPOS="1597" WIDTH="27"/>
						<String ID="P2_ST00210" HPOS="1572" VPOS="1545" WIDTH="233" HEIGHT="40" CONTENT="Escudier" WC="0.91" CC="00150000"/>
						<SP ID="P2_SP00186" HPOS="1805" VPOS="1597" WIDTH="40"/>
						<String ID="P2_ST00211" HPOS="1845" VPOS="1559" WIDTH="52" HEIGHT="26" CONTENT="en" WC="0.53" CC="90"/>
						<SP ID="P2_SP00187" HPOS="1897" VPOS="1597" WIDTH="27"/>
						<String ID="P2_ST00212" HPOS="1924" VPOS="1543" WIDTH="146" HEIGHT="53" CONTENT="1840," WC="0.75" CC="60500"/>
						<SP ID="P2_SP00188" HPOS="2070" VPOS="1597" WIDTH="0"/>
					</TextLine>
					<TextLine ID="P2_TL00020" HPOS="134" VPOS="1603" WIDTH="2001" HEIGHT="57">
						<String ID="P2_ST00213" HPOS="134" VPOS="1603" WIDTH="109" HEIGHT="53" CONTENT="jette" WC="0.96" CC="95553"/>
						<SP ID="P2_SP00189" HPOS="243" VPOS="1656" WIDTH="38"/>
						<String ID="P2_ST00214" HPOS="281" VPOS="1617" WIDTH="57" HEIGHT="25" CONTENT="un" WC="0.50" CC="90"/>
						<SP ID="P2_SP00190" HPOS="338" VPOS="1656" WIDTH="32"/>
						<String ID="P2_ST00215" HPOS="370" VPOS="1605" WIDTH="121" HEIGHT="38" CONTENT="éclat" WC="0.99" CC="80000"/>
						<SP ID="P2_SP00191" HPOS="491" VPOS="1656" WIDTH="44"/>
						<String ID="P2_ST00216" HPOS="535" VPOS="1603" WIDTH="42" HEIGHT="39" CONTENT="si" WC="1.00" CC="00"/>
						<SP ID="P2_SP00192" HPOS="577" VPOS="1656" WIDTH="28"/>
						<String ID="P2_ST00217" HPOS="605" VPOS="1604" WIDTH="80" HEIGHT="52" CONTENT="vif" WC="1.00" CC="000"/>
						<SP ID="P2_SP00193" HPOS="685" VPOS="1656" WIDTH="17"/>
						<String ID="P2_ST00218" HPOS="702" VPOS="1611" WIDTH="43" HEIGHT="33" CONTENT="et" WC="1.00" CC="00"/>
						<SP ID="P2_SP00194" HPOS="745" VPOS="1656" WIDTH="32"/>
						<String ID="P2_ST00219" HPOS="777" VPOS="1603" WIDTH="209" HEIGHT="56" CONTENT="toujours" WC="0.99" CC="46400000"/>
						<SP ID="P2_SP00195" HPOS="986" VPOS="1659" WIDTH="47"/>
						<String ID="P2_ST00220" HPOS="1033" VPOS="1618" WIDTH="202" HEIGHT="27" CONTENT="nouveau" WC="1.00" CC="0000000"/>
						<SP ID="P2_SP00196" HPOS="1235" VPOS="1659" WIDTH="38"/>
						<String ID="P2_ST00221" HPOS="1273" VPOS="1604" WIDTH="26" HEIGHT="41" CONTENT="à" WC="0.76" CC="2"/>
						<SP ID="P2_SP00197" HPOS="1299" VPOS="1659" WIDTH="41"/>
						<String ID="P2_ST00222" HPOS="1340" VPOS="1612" WIDTH="177" HEIGHT="34" CONTENT="travers" WC="1.00" CC="0000000"/>
						<SP ID="P2_SP00198" HPOS="1517" VPOS="1659" WIDTH="43"/>
						<String ID="P2_ST00223" HPOS="1560" VPOS="1607" WIDTH="63" HEIGHT="39" CONTENT="les" WC="1.00" CC="000"/>
						<SP ID="P2_SP00199" HPOS="1623" VPOS="1659" WIDTH="33"/>
						<String ID="P2_ST00224" HPOS="1656" VPOS="1607" WIDTH="161" HEIGHT="53" CONTENT="phases" WC="0.99" CC="008000"/>
						<SP ID="P2_SP00200" HPOS="1817" VPOS="1660" WIDTH="30"/>
						<String ID="P2_ST00225" HPOS="1847" VPOS="1606" WIDTH="203" HEIGHT="41" CONTENT="diverses" WC="1.00" CC="00000000"/>
						<SP ID="P2_SP00201" HPOS="2050" VPOS="1660" WIDTH="31"/>
						<String ID="P2_ST00226" HPOS="2081" VPOS="1607" WIDTH="54" HEIGHT="39" CONTENT="de" WC="0.83" CC="03"/>
					</TextLine>
					<TextLine ID="P2_TL00021" HPOS="130" VPOS="1665" WIDTH="2007" HEIGHT="58">
						<String ID="P2_ST00227" HPOS="130" VPOS="1665" WIDTH="232" HEIGHT="40" CONTENT="l'histoire" WC="1.00" CC="0100410000"/>
						<SP ID="P2_SP00202" HPOS="362" VPOS="1705" WIDTH="22"/>
						<String ID="P2_ST00228" HPOS="384" VPOS="1665" WIDTH="219" HEIGHT="40" CONTENT="musicale" WC="1.00" CC="01000000"/>
						<SP ID="P2_SP00203" HPOS="603" VPOS="1705" WIDTH="19"/>
						<String ID="P2_ST00229" HPOS="622" VPOS="1679" WIDTH="51" HEIGHT="26" CONTENT="en" WC="0.65" CC="07"/>
						<SP ID="P2_SP00204" HPOS="673" VPOS="1705" WIDTH="22"/>
						<String ID="P2_ST00230" HPOS="695" VPOS="1666" WIDTH="187" HEIGHT="53" CONTENT="Europe" WC="0.99" CC="030500"/>
						<SP ID="P2_SP00205" HPOS="882" VPOS="1719" WIDTH="26"/>
						<String ID="P2_ST00231" HPOS="908" VPOS="1680" WIDTH="37" HEIGHT="27" CONTENT="»." WC="0.56" CC="53"/>
						<SP ID="P2_SP00206" HPOS="945" VPOS="1719" WIDTH="39"/>
						<String ID="P2_ST00232" HPOS="984" VPOS="1667" WIDTH="195" HEIGHT="40" CONTENT="Pauline" WC="1.00" CC="0000000"/>
						<SP ID="P2_SP00207" HPOS="1179" VPOS="1719" WIDTH="26"/>
						<String ID="P2_ST00233" HPOS="1205" VPOS="1667" WIDTH="169" HEIGHT="40" CONTENT="Garcia" WC="1.00" CC="000020"/>
						<SP ID="P2_SP00208" HPOS="1374" VPOS="1719" WIDTH="24"/>
						<String ID="P2_ST00234" HPOS="1398" VPOS="1673" WIDTH="68" HEIGHT="35" CONTENT="est" WC="1.00" CC="000"/>
						<SP ID="P2_SP00209" HPOS="1466" VPOS="1719" WIDTH="32"/>
						<String ID="P2_ST00235" HPOS="1498" VPOS="1668" WIDTH="202" HEIGHT="52" CONTENT="baptisée" WC="1.00" CC="00000060"/>
						<SP ID="P2_SP00210" HPOS="1700" VPOS="1720" WIDTH="39"/>
						<String ID="P2_ST00236" HPOS="1739" VPOS="1670" WIDTH="40" HEIGHT="38" CONTENT="le" WC="1.00" CC="00"/>
						<SP ID="P2_SP00211" HPOS="1779" VPOS="1720" WIDTH="23"/>
						<String ID="P2_ST00237" HPOS="1802" VPOS="1681" WIDTH="59" HEIGHT="42" CONTENT="2g" WC="0.41" CC="55"/>
						<SP ID="P2_SP00212" HPOS="1861" VPOS="1723" WIDTH="36"/>
						<String ID="P2_ST00238" HPOS="1897" VPOS="1669" WIDTH="107" HEIGHT="39" CONTENT="août" WC="1.00" CC="0000"/>
						<SP ID="P2_SP00213" HPOS="2004" VPOS="1723" WIDTH="37"/>
						<String ID="P2_ST00239" HPOS="2041" VPOS="1670" WIDTH="72" HEIGHT="38" CONTENT="sui" SUBS_TYPE="HypPart1" SUBS_CONTENT="suivant" WC="0.97" CC="160"/>
						<HYP HPOS="2113" VPOS="1670" WIDTH="24" CONTENT="-"/>
					</TextLine>
					<TextLine ID="P2_TL00022" HPOS="129" VPOS="1726" WIDTH="2002" HEIGHT="57">
						<String ID="P2_ST00240" HPOS="129" VPOS="1733" WIDTH="108" HEIGHT="33" CONTENT="vant" SUBS_TYPE="HypPart2" SUBS_CONTENT="suivant" WC="1.00" CC="0000"/>
						<SP ID="P2_SP00214" HPOS="237" VPOS="1766" WIDTH="15"/>
						<String ID="P2_ST00241" HPOS="252" VPOS="1726" WIDTH="25" HEIGHT="40" CONTENT="à" WC="0.50" CC="4"/>
						<SP ID="P2_SP00215" HPOS="277" VPOS="1766" WIDTH="25"/>
						<String ID="P2_ST00242" HPOS="302" VPOS="1727" WIDTH="305" HEIGHT="48" CONTENT="Saint-Roch," WC="0.84" CC="00006422001"/>
						<SP ID="P2_SP00216" HPOS="607" VPOS="1775" WIDTH="36"/>
						<String ID="P2_ST00243" HPOS="643" VPOS="1734" WIDTH="42" HEIGHT="32" CONTENT="et" WC="0.94" CC="01"/>
						<SP ID="P2_SP00217" HPOS="685" VPOS="1775" WIDTH="20"/>
						<String ID="P2_ST00244" HPOS="705" VPOS="1741" WIDTH="22" HEIGHT="26" CONTENT="c" WC="1.00" CC="0"/>
						<SP ID="P2_SP00218" HPOS="727" VPOS="1775" WIDTH="19"/>
						<String ID="P2_ST00245" HPOS="746" VPOS="1734" WIDTH="68" HEIGHT="33" CONTENT="est" WC="1.00" CC="000"/>
						<SP ID="P2_SP00219" HPOS="814" VPOS="1775" WIDTH="17"/>
						<String ID="P2_ST00246" HPOS="831" VPOS="1729" WIDTH="40" HEIGHT="37" CONTENT="le" WC="1.00" CC="00"/>
						<SP ID="P2_SP00220" HPOS="871" VPOS="1775" WIDTH="20"/>
						<String ID="P2_ST00247" HPOS="891" VPOS="1728" WIDTH="179" HEIGHT="40" CONTENT="célèbre" WC="1.00" CC="0100000"/>
						<SP ID="P2_SP00221" HPOS="1070" VPOS="1775" WIDTH="34"/>
						<String ID="P2_ST00248" HPOS="1104" VPOS="1731" WIDTH="308" HEIGHT="50" CONTENT="compositeur" WC="1.00" CC="06000003000"/>
						<SP ID="P2_SP00222" HPOS="1412" VPOS="1781" WIDTH="21"/>
						<String ID="P2_ST00249" HPOS="1433" VPOS="1728" WIDTH="122" HEIGHT="41" CONTENT="J.-F." WC="0.75" CC="02207"/>
						<SP ID="P2_SP00223" HPOS="1555" VPOS="1781" WIDTH="25"/>
						<String ID="P2_ST00250" HPOS="1580" VPOS="1730" WIDTH="126" HEIGHT="39" CONTENT="Paer" WC="0.87" CC="5000"/>
						<SP ID="P2_SP00224" HPOS="1706" VPOS="1781" WIDTH="21"/>
						<String ID="P2_ST00251" HPOS="1727" VPOS="1731" WIDTH="78" HEIGHT="52" CONTENT="qui" WC="0.98" CC="050"/>
						<SP ID="P2_SP00225" HPOS="1805" VPOS="1783" WIDTH="25"/>
						<String ID="P2_ST00252" HPOS="1830" VPOS="1732" WIDTH="41" HEIGHT="37" CONTENT="la" WC="1.00" CC="00"/>
						<SP ID="P2_SP00226" HPOS="1871" VPOS="1783" WIDTH="29"/>
						<String ID="P2_ST00253" HPOS="1900" VPOS="1732" WIDTH="114" HEIGHT="37" CONTENT="tient" WC="0.97" CC="00676"/>
						<SP ID="P2_SP00227" HPOS="2014" VPOS="1783" WIDTH="36"/>
						<String ID="P2_ST00254" HPOS="2050" VPOS="1743" WIDTH="81" HEIGHT="26" CONTENT="sur" WC="0.98" CC="040"/>
					</TextLine>
					<TextLine ID="P2_TL00023" HPOS="133" VPOS="1788" WIDTH="2005" HEIGHT="58">
						<String ID="P2_ST00255" HPOS="133" VPOS="1790" WIDTH="62" HEIGHT="38" CONTENT="les" WC="0.97" CC="601"/>
						<SP ID="P2_SP00228" HPOS="195" VPOS="1828" WIDTH="15"/>
						<String ID="P2_ST00256" HPOS="210" VPOS="1788" WIDTH="130" HEIGHT="51" CONTENT="fonts" WC="0.99" CC="00040"/>
						<SP ID="P2_SP00229" HPOS="340" VPOS="1839" WIDTH="24"/>
						<String ID="P2_ST00257" HPOS="364" VPOS="1788" WIDTH="309" HEIGHT="52" CONTENT="baptismaux," WC="0.99" CC="00900008400"/>
						<SP ID="P2_SP00230" HPOS="673" VPOS="1840" WIDTH="22"/>
						<String ID="P2_ST00258" HPOS="695" VPOS="1788" WIDTH="166" HEIGHT="40" CONTENT="assisté" WC="1.00" CC="0000001"/>
						<SP ID="P2_SP00231" HPOS="861" VPOS="1840" WIDTH="21"/>
						<String ID="P2_ST00259" HPOS="882" VPOS="1790" WIDTH="54" HEIGHT="40" CONTENT="de" WC="1.00" CC="00"/>
						<SP ID="P2_SP00232" HPOS="936" VPOS="1840" WIDTH="22"/>
						<String ID="P2_ST00260" HPOS="958" VPOS="1791" WIDTH="42" HEIGHT="38" CONTENT="la" WC="1.00" CC="00"/>
						<SP ID="P2_SP00233" HPOS="1000" VPOS="1840" WIDTH="16"/>
						<String ID="P2_ST00261" HPOS="1016" VPOS="1790" WIDTH="227" HEIGHT="52" CONTENT="princesse" WC="1.00" CC="000000004"/>
						<SP ID="P2_SP00234" HPOS="1243" VPOS="1842" WIDTH="24"/>
						<String ID="P2_ST00262" HPOS="1267" VPOS="1791" WIDTH="246" HEIGHT="40" CONTENT="Prascovie" WC="0.99" CC="000010000"/>
						<SP ID="P2_SP00235" HPOS="1513" VPOS="1842" WIDTH="19"/>
						<String ID="P2_ST00263" HPOS="1532" VPOS="1791" WIDTH="54" HEIGHT="40" CONTENT="de" WC="1.00" CC="00"/>
						<SP ID="P2_SP00236" HPOS="1586" VPOS="1842" WIDTH="21"/>
						<String ID="P2_ST00264" HPOS="1607" VPOS="1792" WIDTH="202" HEIGHT="54" CONTENT="Galitfin" WC="0.85" CC="00001224"/>
						<SP ID="P2_SP00237" HPOS="1809" VPOS="1846" WIDTH="24"/>
						<String ID="P2_ST00265" HPOS="1833" VPOS="1804" WIDTH="167" HEIGHT="28" CONTENT="comme" WC="1.00" CC="00000"/>
						<SP ID="P2_SP00238" HPOS="2000" VPOS="1846" WIDTH="16"/>
						<String ID="P2_ST00266" HPOS="2016" VPOS="1805" WIDTH="92" HEIGHT="27" CONTENT="mar" SUBS_TYPE="HypPart1" SUBS_CONTENT="marraine." WC="0.98" CC="006"/>
						<HYP HPOS="2108" VPOS="1805" WIDTH="30" CONTENT="-"/>
					</TextLine>
					<TextLine ID="P2_TL00024" HPOS="130" VPOS="1849" WIDTH="2006" HEIGHT="56">
						<String ID="P2_ST00267" HPOS="130" VPOS="1852" WIDTH="144" HEIGHT="39" CONTENT="raine." SUBS_TYPE="HypPart2" SUBS_CONTENT="marraine." WC="1.00" CC="000003"/>
						<SP ID="P2_SP00239" HPOS="274" VPOS="1891" WIDTH="22"/>
						<String ID="P2_ST00268" HPOS="296" VPOS="1850" WIDTH="91" HEIGHT="39" CONTENT="Son" WC="1.00" CC="000"/>
						<SP ID="P2_SP00240" HPOS="387" VPOS="1891" WIDTH="14"/>
						<String ID="P2_ST00269" HPOS="401" VPOS="1853" WIDTH="112" HEIGHT="50" CONTENT="père" WC="1.00" CC="0000"/>
						<SP ID="P2_SP00241" HPOS="513" VPOS="1903" WIDTH="21"/>
						<String ID="P2_ST00270" HPOS="534" VPOS="1849" WIDTH="172" HEIGHT="41" CONTENT="Garcia" WC="1.00" CC="000000"/>
						<SP ID="P2_SP00242" HPOS="706" VPOS="1903" WIDTH="24"/>
						<String ID="P2_ST00271" HPOS="730" VPOS="1864" WIDTH="54" HEIGHT="26" CONTENT="ne" WC="1.00" CC="00"/>
						<SP ID="P2_SP00243" HPOS="784" VPOS="1903" WIDTH="20"/>
						<String ID="P2_ST00272" HPOS="804" VPOS="1864" WIDTH="47" HEIGHT="27" CONTENT="se" WC="1.00" CC="00"/>
						<SP ID="P2_SP00244" HPOS="851" VPOS="1903" WIDTH="20"/>
						<String ID="P2_ST00273" HPOS="871" VPOS="1852" WIDTH="162" HEIGHT="52" CONTENT="sépare" WC="1.00" CC="050000"/>
						<SP ID="P2_SP00245" HPOS="1033" VPOS="1904" WIDTH="18"/>
						<String ID="P2_ST00274" HPOS="1051" VPOS="1865" WIDTH="83" HEIGHT="40" CONTENT="pas" WC="1.00" CC="000"/>
						<SP ID="P2_SP00246" HPOS="1134" VPOS="1905" WIDTH="22"/>
						<String ID="P2_ST00275" HPOS="1156" VPOS="1851" WIDTH="54" HEIGHT="40" CONTENT="de" WC="1.00" CC="00"/>
						<SP ID="P2_SP00247" HPOS="1210" VPOS="1905" WIDTH="16"/>
						<String ID="P2_ST00276" HPOS="1226" VPOS="1865" WIDTH="51" HEIGHT="27" CONTENT="sa" WC="1.00" CC="00"/>
						<SP ID="P2_SP00248" HPOS="1277" VPOS="1905" WIDTH="11"/>
						<String ID="P2_ST00277" HPOS="1288" VPOS="1851" WIDTH="105" HEIGHT="52" CONTENT="fille" WC="1.00" CC="00000"/>
						<SP ID="P2_SP00249" HPOS="1393" VPOS="1905" WIDTH="12"/>
						<String ID="P2_ST00278" HPOS="1405" VPOS="1853" WIDTH="208" HEIGHT="52" CONTENT="pendant" WC="1.00" CC="0000001"/>
						<SP ID="P2_SP00250" HPOS="1613" VPOS="1905" WIDTH="20"/>
						<String ID="P2_ST00279" HPOS="1633" VPOS="1865" WIDTH="72" HEIGHT="28" CONTENT="ses" WC="1.00" CC="000"/>
						<SP ID="P2_SP00251" HPOS="1705" VPOS="1905" WIDTH="21"/>
						<String ID="P2_ST00280" HPOS="1726" VPOS="1855" WIDTH="212" HEIGHT="38" CONTENT="tournées" WC="1.00" CC="04000000"/>
						<SP ID="P2_SP00252" HPOS="1938" VPOS="1905" WIDTH="23"/>
						<String ID="P2_ST00281" HPOS="1961" VPOS="1853" WIDTH="146" HEIGHT="41" CONTENT="d'Amé" SUBS_TYPE="HypPart1" SUBS_CONTENT="d'Amérique" WC="0.99" CC="03050"/>
						<HYP HPOS="2107" VPOS="1853" WIDTH="29" CONTENT="-"/>
					</TextLine>
					<TextLine ID="P2_TL00025" HPOS="131" VPOS="1912" WIDTH="2005" HEIGHT="55">
						<String ID="P2_ST00282" HPOS="131" VPOS="1913" WIDTH="129" HEIGHT="53" CONTENT="rique" SUBS_TYPE="HypPart2" SUBS_CONTENT="d'Amérique" WC="0.98" CC="60050"/>
						<SP ID="P2_SP00253" HPOS="260" VPOS="1966" WIDTH="23"/>
						<String ID="P2_ST00283" HPOS="283" VPOS="1918" WIDTH="73" HEIGHT="44" CONTENT=";et" WC="1.00" CC="003"/>
						<SP ID="P2_SP00254" HPOS="356" VPOS="1966" WIDTH="22"/>
						<String ID="P2_ST00284" HPOS="378" VPOS="1912" WIDTH="211" HEIGHT="52" CONTENT="lorsqu'il" WC="1.00" CC="000000000"/>
						<SP ID="P2_SP00255" HPOS="589" VPOS="1966" WIDTH="19"/>
						<String ID="P2_ST00285" HPOS="608" VPOS="1924" WIDTH="48" HEIGHT="28" CONTENT="se" WC="1.00" CC="00"/>
						<SP ID="P2_SP00256" HPOS="656" VPOS="1966" WIDTH="15"/>
						<String ID="P2_ST00286" HPOS="671" VPOS="1912" WIDTH="197" HEIGHT="53" CONTENT="prépare" WC="0.99" CC="0630000"/>
						<SP ID="P2_SP00257" HPOS="868" VPOS="1966" WIDTH="30"/>
						<String ID="P2_ST00287" HPOS="898" VPOS="1913" WIDTH="25" HEIGHT="39" CONTENT="à" WC="0.37" CC="6"/>
						<SP ID="P2_SP00258" HPOS="923" VPOS="1966" WIDTH="23"/>
						<String ID="P2_ST00288" HPOS="946" VPOS="1920" WIDTH="183" HEIGHT="33" CONTENT="rentrer" WC="0.99" CC="0080070"/>
						<SP ID="P2_SP00259" HPOS="1129" VPOS="1966" WIDTH="21"/>
						<String ID="P2_ST00289" HPOS="1150" VPOS="1926" WIDTH="51" HEIGHT="27" CONTENT="en" WC="1.00" CC="00"/>
						<SP ID="P2_SP00260" HPOS="1201" VPOS="1966" WIDTH="32"/>
						<String ID="P2_ST00290" HPOS="1233" VPOS="1914" WIDTH="189" HEIGHT="52" CONTENT="Europe" WC="1.00" CC="000000"/>
						<SP ID="P2_SP00261" HPOS="1422" VPOS="1966" WIDTH="34"/>
						<String ID="P2_ST00291" HPOS="1456" VPOS="1914" WIDTH="90" HEIGHT="40" CONTENT="àla" WC="0.94" CC="500"/>
						<SP ID="P2_SP00262" HPOS="1546" VPOS="1966" WIDTH="22"/>
						<String ID="P2_ST00292" HPOS="1568" VPOS="1914" WIDTH="90" HEIGHT="41" CONTENT="tête" WC="0.98" CC="1610"/>
						<SP ID="P2_SP00263" HPOS="1658" VPOS="1966" WIDTH="33"/>
						<String ID="P2_ST00293" HPOS="1691" VPOS="1914" WIDTH="133" HEIGHT="41" CONTENT="d'une" WC="1.00" CC="00200"/>
						<SP ID="P2_SP00264" HPOS="1824" VPOS="1966" WIDTH="27"/>
						<String ID="P2_ST00294" HPOS="1851" VPOS="1914" WIDTH="194" HEIGHT="53" CONTENT="fortune" WC="0.99" CC="0502600"/>
						<SP ID="P2_SP00265" HPOS="2045" VPOS="1967" WIDTH="36"/>
						<String ID="P2_ST00295" HPOS="2081" VPOS="1916" WIDTH="55" HEIGHT="39" CONTENT="de" WC="1.00" CC="00"/>
					</TextLine>
					<TextLine ID="P2_TL00026" HPOS="133" VPOS="1972" WIDTH="2006" HEIGHT="58">
						<String ID="P2_ST00296" HPOS="133" VPOS="1974" WIDTH="27" HEIGHT="40" CONTENT="5" WC="0.96" CC="0"/>
						<SP ID="P2_SP00266" HPOS="160" VPOS="2014" WIDTH="39"/>
						<String ID="P2_ST00297" HPOS="199" VPOS="1973" WIDTH="26" HEIGHT="39" CONTENT="à" WC="0.66" CC="3"/>
						<SP ID="P2_SP00267" HPOS="225" VPOS="2014" WIDTH="27"/>
						<String ID="P2_ST00298" HPOS="252" VPOS="1972" WIDTH="28" HEIGHT="41" CONTENT="6" WC="1.00" CC="0"/>
						<SP ID="P2_SP00268" HPOS="280" VPOS="2014" WIDTH="15"/>
						<String ID="P2_ST00299" HPOS="295" VPOS="1979" WIDTH="100" HEIGHT="34" CONTENT="cent" WC="0.99" CC="3002"/>
						<SP ID="P2_SP00269" HPOS="395" VPOS="2014" WIDTH="31"/>
						<String ID="P2_ST00300" HPOS="426" VPOS="1974" WIDTH="126" HEIGHT="39" CONTENT="mille" WC="1.00" CC="00000"/>
						<SP ID="P2_SP00270" HPOS="552" VPOS="2014" WIDTH="33"/>
						<String ID="P2_ST00301" HPOS="585" VPOS="1973" WIDTH="175" HEIGHT="52" CONTENT="francs," WC="1.00" CC="0000000"/>
						<SP ID="P2_SP00271" HPOS="760" VPOS="2025" WIDTH="36"/>
						<String ID="P2_ST00302" HPOS="796" VPOS="1975" WIDTH="34" HEIGHT="39" CONTENT="il" WC="1.00" CC="00"/>
						<SP ID="P2_SP00272" HPOS="830" VPOS="2025" WIDTH="15"/>
						<String ID="P2_ST00303" HPOS="845" VPOS="1981" WIDTH="66" HEIGHT="34" CONTENT="est" WC="0.99" CC="003"/>
						<SP ID="P2_SP00273" HPOS="911" VPOS="2025" WIDTH="37"/>
						<String ID="P2_ST00304" HPOS="948" VPOS="1974" WIDTH="200" HEIGHT="40" CONTENT="dévalisé" WC="0.99" CC="05090005"/>
						<SP ID="P2_SP00274" HPOS="1148" VPOS="2025" WIDTH="35"/>
						<String ID="P2_ST00305" HPOS="1183" VPOS="1988" WIDTH="57" HEIGHT="26" CONTENT="au" WC="1.00" CC="00"/>
						<SP ID="P2_SP00275" HPOS="1240" VPOS="2025" WIDTH="22"/>
						<String ID="P2_ST00306" HPOS="1262" VPOS="1976" WIDTH="220" HEIGHT="52" CONTENT="Mexique" WC="0.99" CC="0000009"/>
						<SP ID="P2_SP00276" HPOS="1482" VPOS="2028" WIDTH="33"/>
						<String ID="P2_ST00307" HPOS="1515" VPOS="1982" WIDTH="42" HEIGHT="33" CONTENT="et" WC="0.93" CC="01"/>
						<SP ID="P2_SP00277" HPOS="1557" VPOS="2028" WIDTH="46"/>
						<String ID="P2_ST00308" HPOS="1603" VPOS="1976" WIDTH="268" HEIGHT="41" CONTENT="abandonné" WC="1.00" CC="000005203"/>
						<SP ID="P2_SP00278" HPOS="1871" VPOS="2028" WIDTH="31"/>
						<String ID="P2_ST00309" HPOS="1902" VPOS="1990" WIDTH="50" HEIGHT="26" CONTENT="en" WC="0.83" CC="03"/>
						<SP ID="P2_SP00279" HPOS="1952" VPOS="2028" WIDTH="34"/>
						<String ID="P2_ST00310" HPOS="1986" VPOS="1978" WIDTH="153" HEIGHT="52" CONTENT="pleine" WC="1.00" CC="030000"/>
					</TextLine>
					<TextLine ID="P2_TL00027" HPOS="132" VPOS="2035" WIDTH="2009" HEIGHT="56">
						<String ID="P2_ST00311" HPOS="132" VPOS="2042" WIDTH="260" HEIGHT="46" CONTENT="montagne," WC="1.00" CC="260000000"/>
						<SP ID="P2_SP00280" HPOS="392" VPOS="2088" WIDTH="27"/>
						<String ID="P2_ST00312" HPOS="419" VPOS="2035" WIDTH="65" HEIGHT="39" CONTENT="lui" WC="0.98" CC="060"/>
						<SP ID="P2_SP00281" HPOS="484" VPOS="2088" WIDTH="17"/>
						<String ID="P2_ST00313" HPOS="501" VPOS="2042" WIDTH="41" HEIGHT="32" CONTENT="et" WC="1.00" CC="00"/>
						<SP ID="P2_SP00282" HPOS="542" VPOS="2088" WIDTH="24"/>
						<String ID="P2_ST00314" HPOS="566" VPOS="2037" WIDTH="63" HEIGHT="37" CONTENT="les" WC="1.00" CC="000"/>
						<SP ID="P2_SP00283" HPOS="629" VPOS="2088" WIDTH="39"/>
						<String ID="P2_ST00315" HPOS="668" VPOS="2035" WIDTH="135" HEIGHT="50" CONTENT="siens," WC="1.00" CC="000002"/>
						<SP ID="P2_SP00284" HPOS="803" VPOS="2088" WIDTH="25"/>
						<String ID="P2_ST00316" HPOS="828" VPOS="2049" WIDTH="92" HEIGHT="40" CONTENT="par" WC="1.00" CC="000"/>
						<SP ID="P2_SP00285" HPOS="920" VPOS="2089" WIDTH="41"/>
						<String ID="P2_ST00317" HPOS="961" VPOS="2037" WIDTH="61" HEIGHT="39" CONTENT="les" WC="0.98" CC="050"/>
						<SP ID="P2_SP00286" HPOS="1022" VPOS="2089" WIDTH="24"/>
						<String ID="P2_ST00318" HPOS="1046" VPOS="2036" WIDTH="236" HEIGHT="55" CONTENT="brigands," WC="1.00" CC="000000000"/>
						<SP ID="P2_SP00287" HPOS="1282" VPOS="2091" WIDTH="21"/>
						<String ID="P2_ST00319" HPOS="1303" VPOS="2050" WIDTH="55" HEIGHT="27" CONTENT="ou" WC="0.65" CC="51"/>
						<SP ID="P2_SP00288" HPOS="1358" VPOS="2091" WIDTH="30"/>
						<String ID="P2_ST00320" HPOS="1388" VPOS="2039" WIDTH="107" HEIGHT="50" CONTENT="plus" WC="1.00" CC="0000"/>
						<SP ID="P2_SP00289" HPOS="1495" VPOS="2091" WIDTH="23"/>
						<String ID="P2_ST00321" HPOS="1518" VPOS="2045" WIDTH="285" HEIGHT="33" CONTENT="exactement" WC="1.00" CC="3000200001"/>
						<SP ID="P2_SP00290" HPOS="1803" VPOS="2091" WIDTH="15"/>
						<String ID="P2_ST00322" HPOS="1818" VPOS="2052" WIDTH="92" HEIGHT="39" CONTENT="par" WC="1.00" CC="000"/>
						<SP ID="P2_SP00291" HPOS="1910" VPOS="2091" WIDTH="24"/>
						<String ID="P2_ST00323" HPOS="1934" VPOS="2039" WIDTH="207" HEIGHT="40" CONTENT="l'escorte" WC="1.00" CC="000029000"/>
					</TextLine>
					<TextLine ID="P2_TL00028" HPOS="133" VPOS="2096" WIDTH="1104" HEIGHT="56">
						<String ID="P2_ST00324" HPOS="133" VPOS="2096" WIDTH="79" HEIGHT="55" CONTENT="qui" WC="1.00" CC="000"/>
						<SP ID="P2_SP00292" HPOS="212" VPOS="2151" WIDTH="23"/>
						<String ID="P2_ST00325" HPOS="235" VPOS="2096" WIDTH="64" HEIGHT="40" CONTENT="lui" WC="1.00" CC="000"/>
						<SP ID="P2_SP00293" HPOS="299" VPOS="2151" WIDTH="31"/>
						<String ID="P2_ST00326" HPOS="330" VPOS="2097" WIDTH="127" HEIGHT="39" CONTENT="avait" WC="0.99" CC="00700"/>
						<SP ID="P2_SP00294" HPOS="457" VPOS="2151" WIDTH="20"/>
						<String ID="P2_ST00327" HPOS="477" VPOS="2096" WIDTH="69" HEIGHT="40" CONTENT="été" WC="0.98" CC="040"/>
						<SP ID="P2_SP00295" HPOS="546" VPOS="2151" WIDTH="26"/>
						<String ID="P2_ST00328" HPOS="572" VPOS="2096" WIDTH="173" HEIGHT="40" CONTENT="donnée" WC="0.99" CC="060050"/>
						<SP ID="P2_SP00296" HPOS="745" VPOS="2151" WIDTH="36"/>
						<String ID="P2_ST00329" HPOS="781" VPOS="2111" WIDTH="127" HEIGHT="39" CONTENT="pour" WC="0.97" CC="9020"/>
						<SP ID="P2_SP00297" HPOS="908" VPOS="2151" WIDTH="21"/>
						<String ID="P2_ST00330" HPOS="929" VPOS="2098" WIDTH="40" HEIGHT="39" CONTENT="le" WC="1.00" CC="00"/>
						<SP ID="P2_SP00298" HPOS="969" VPOS="2151" WIDTH="27"/>
						<String ID="P2_ST00331" HPOS="996" VPOS="2099" WIDTH="241" HEIGHT="53" CONTENT="protéger." WC="1.00" CC="004000004"/>
					</TextLine>
					<TextLine ID="P2_TL00029" HPOS="189" VPOS="2158" WIDTH="1954" HEIGHT="56">
						<String ID="P2_ST00332" HPOS="189" VPOS="2159" WIDTH="196" HEIGHT="39" CONTENT="Pauline" WC="0.99" CC="0040005"/>
						<SP ID="P2_SP00299" HPOS="385" VPOS="2198" WIDTH="36"/>
						<String ID="P2_ST00333" HPOS="421" VPOS="2158" WIDTH="171" HEIGHT="40" CONTENT="Garcia" WC="1.00" CC="000000"/>
						<SP ID="P2_SP00300" HPOS="592" VPOS="2198" WIDTH="27"/>
						<String ID="P2_ST00334" HPOS="619" VPOS="2159" WIDTH="126" HEIGHT="40" CONTENT="avait" WC="1.00" CC="00000"/>
						<SP ID="P2_SP00301" HPOS="745" VPOS="2199" WIDTH="28"/>
						<String ID="P2_ST00335" HPOS="773" VPOS="2159" WIDTH="250" HEIGHT="40" CONTENT="commencé" WC="1.00" CC="00020600"/>
						<SP ID="P2_SP00302" HPOS="1023" VPOS="2199" WIDTH="34"/>
						<String ID="P2_ST00336" HPOS="1057" VPOS="2160" WIDTH="162" HEIGHT="40" CONTENT="l'étude" WC="1.00" CC="0000200"/>
						<SP ID="P2_SP00303" HPOS="1219" VPOS="2200" WIDTH="30"/>
						<String ID="P2_ST00337" HPOS="1249" VPOS="2160" WIDTH="59" HEIGHT="39" CONTENT="du" WC="0.81" CC="03"/>
						<SP ID="P2_SP00304" HPOS="1308" VPOS="2200" WIDTH="19"/>
						<String ID="P2_ST00338" HPOS="1327" VPOS="2161" WIDTH="138" HEIGHT="52" CONTENT="piano" WC="1.00" CC="00000"/>
						<SP ID="P2_SP00305" HPOS="1465" VPOS="2213" WIDTH="32"/>
						<String ID="P2_ST00339" HPOS="1497" VPOS="2163" WIDTH="26" HEIGHT="37" CONTENT="à" WC="1.00" CC="0"/>
						<SP ID="P2_SP00306" HPOS="1523" VPOS="2213" WIDTH="33"/>
						<String ID="P2_ST00340" HPOS="1556" VPOS="2161" WIDTH="185" HEIGHT="40" CONTENT="Mexico" WC="1.00" CC="000000"/>
						<SP ID="P2_SP00307" HPOS="1741" VPOS="2213" WIDTH="24"/>
						<String ID="P2_ST00341" HPOS="1765" VPOS="2173" WIDTH="14" HEIGHT="40" CONTENT=";" WC="0.32" CC="6"/>
						<SP ID="P2_SP00308" HPOS="1779" VPOS="2213" WIDTH="36"/>
						<String ID="P2_ST00342" HPOS="1815" VPOS="2162" WIDTH="117" HEIGHT="40" CONTENT="mais" WC="1.00" CC="0000"/>
						<SP ID="P2_SP00309" HPOS="1932" VPOS="2213" WIDTH="44"/>
						<String ID="P2_ST00343" HPOS="1976" VPOS="2175" WIDTH="47" HEIGHT="27" CONTENT="ce" WC="1.00" CC="00"/>
						<SP ID="P2_SP00310" HPOS="2023" VPOS="2213" WIDTH="35"/>
						<String ID="P2_ST00344" HPOS="2058" VPOS="2162" WIDTH="85" HEIGHT="52" CONTENT="fut" WC="0.97" CC="206"/>
					</TextLine>
					<TextLine ID="P2_TL00030" HPOS="130" VPOS="2219" WIDTH="2009" HEIGHT="57">
						<String ID="P2_ST00345" HPOS="130" VPOS="2220" WIDTH="204" HEIGHT="56" CONTENT="pendant" WC="0.99" CC="9000002"/>
						<SP ID="P2_SP00311" HPOS="334" VPOS="2276" WIDTH="20"/>
						<String ID="P2_ST00346" HPOS="354" VPOS="2220" WIDTH="61" HEIGHT="39" CONTENT="les" WC="1.00" CC="000"/>
						<SP ID="P2_SP00312" HPOS="415" VPOS="2276" WIDTH="23"/>
						<String ID="P2_ST00347" HPOS="438" VPOS="2220" WIDTH="157" HEIGHT="40" CONTENT="loisirs" WC="1.00" CC="2000000"/>
						<SP ID="P2_SP00313" HPOS="595" VPOS="2276" WIDTH="29"/>
						<String ID="P2_ST00348" HPOS="624" VPOS="2219" WIDTH="162" HEIGHT="54" CONTENT="forcés" WC="1.00" CC="000010"/>
						<SP ID="P2_SP00314" HPOS="786" VPOS="2276" WIDTH="22"/>
						<String ID="P2_ST00349" HPOS="808" VPOS="2221" WIDTH="58" HEIGHT="39" CONTENT="du" WC="0.59" CC="08"/>
						<SP ID="P2_SP00315" HPOS="866" VPOS="2276" WIDTH="33"/>
						<String ID="P2_ST00350" HPOS="899" VPOS="2228" WIDTH="162" HEIGHT="33" CONTENT="retour" WC="0.98" CC="004860"/>
						<SP ID="P2_SP00316" HPOS="1061" VPOS="2276" WIDTH="21"/>
						<String ID="P2_ST00351" HPOS="1082" VPOS="2235" WIDTH="51" HEIGHT="26" CONTENT="en" WC="0.85" CC="02"/>
						<SP ID="P2_SP00317" HPOS="1133" VPOS="2276" WIDTH="39"/>
						<String ID="P2_ST00352" HPOS="1172" VPOS="2221" WIDTH="190" HEIGHT="53" CONTENT="Europe" WC="1.00" CC="000000"/>
						<SP ID="P2_SP00318" HPOS="1362" VPOS="2276" WIDTH="31"/>
						<String ID="P2_ST00353" HPOS="1393" VPOS="2235" WIDTH="84" HEIGHT="40" CONTENT="que" WC="1.00" CC="000"/>
						<SP ID="P2_SP00319" HPOS="1477" VPOS="2276" WIDTH="20"/>
						<String ID="P2_ST00354" HPOS="1497" VPOS="2235" WIDTH="82" HEIGHT="27" CONTENT="son" WC="0.97" CC="800"/>
						<SP ID="P2_SP00320" HPOS="1579" VPOS="2276" WIDTH="37"/>
						<String ID="P2_ST00355" HPOS="1616" VPOS="2226" WIDTH="110" HEIGHT="50" CONTENT="père" WC="0.97" CC="9002"/>
						<SP ID="P2_SP00321" HPOS="1726" VPOS="2276" WIDTH="38"/>
						<String ID="P2_ST00356" HPOS="1764" VPOS="2236" WIDTH="254" HEIGHT="27" CONTENT="commença" WC="1.00" CC="05000000"/>
						<SP ID="P2_SP00322" HPOS="2018" VPOS="2276" WIDTH="38"/>
						<String ID="P2_ST00357" HPOS="2056" VPOS="2236" WIDTH="83" HEIGHT="28" CONTENT="son" WC="0.99" CC="003"/>
					</TextLine>
					<TextLine ID="P2_TL00031" HPOS="135" VPOS="2282" WIDTH="2007" HEIGHT="54">
						<String ID="P2_ST00358" HPOS="135" VPOS="2283" WIDTH="242" HEIGHT="40" CONTENT="éducation" WC="1.00" CC="010003000"/>
						<SP ID="P2_SP00323" HPOS="377" VPOS="2323" WIDTH="26"/>
						<String ID="P2_ST00359" HPOS="403" VPOS="2282" WIDTH="156" HEIGHT="39" CONTENT="vocale" WC="1.00" CC="000001"/>
						<SP ID="P2_SP00324" HPOS="559" VPOS="2323" WIDTH="16"/>
						<String ID="P2_ST00360" HPOS="575" VPOS="2294" WIDTH="13" HEIGHT="37" CONTENT=";" WC="0.72" CC="2"/>
						<SP ID="P2_SP00325" HPOS="588" VPOS="2331" WIDTH="15"/>
						<String ID="P2_ST00361" HPOS="603" VPOS="2282" WIDTH="305" HEIGHT="53" CONTENT="compositeur" WC="0.99" CC="09000001038"/>
						<SP ID="P2_SP00326" HPOS="908" VPOS="2335" WIDTH="21"/>
						<String ID="P2_ST00362" HPOS="929" VPOS="2284" WIDTH="244" HEIGHT="49" CONTENT="excellent," WC="1.00" CC="0000200007"/>
						<SP ID="P2_SP00327" HPOS="1173" VPOS="2335" WIDTH="21"/>
						<String ID="P2_ST00363" HPOS="1194" VPOS="2284" WIDTH="32" HEIGHT="38" CONTENT="il" WC="0.78" CC="40"/>
						<SP ID="P2_SP00328" HPOS="1226" VPOS="2335" WIDTH="16"/>
						<String ID="P2_ST00364" HPOS="1242" VPOS="2284" WIDTH="194" HEIGHT="39" CONTENT="écrivait" WC="1.00" CC="20000000"/>
						<SP ID="P2_SP00329" HPOS="1436" VPOS="2335" WIDTH="21"/>
						<String ID="P2_ST00365" HPOS="1457" VPOS="2286" WIDTH="322" HEIGHT="50" CONTENT="spécialement" WC="1.00" CC="001000100000"/>
						<SP ID="P2_SP00330" HPOS="1779" VPOS="2336" WIDTH="16"/>
						<String ID="P2_ST00366" HPOS="1795" VPOS="2286" WIDTH="77" HEIGHT="39" CONTENT="des" WC="1.00" CC="000"/>
						<SP ID="P2_SP00331" HPOS="1872" VPOS="2336" WIDTH="21"/>
						<String ID="P2_ST00367" HPOS="1893" VPOS="2298" WIDTH="249" HEIGHT="28" CONTENT="morceaux" WC="0.99" CC="06400050"/>
					</TextLine>
					<TextLine ID="P2_TL00032" HPOS="139" VPOS="2342" WIDTH="2005" HEIGHT="60">
						<String ID="P2_ST00368" HPOS="139" VPOS="2344" WIDTH="196" HEIGHT="41" CONTENT="destinés" WC="1.00" CC="00000000"/>
						<SP ID="P2_SP00332" HPOS="335" VPOS="2385" WIDTH="30"/>
						<String ID="P2_ST00369" HPOS="365" VPOS="2342" WIDTH="26" HEIGHT="40" CONTENT="à" WC="0.51" CC="4"/>
						<SP ID="P2_SP00333" HPOS="391" VPOS="2385" WIDTH="31"/>
						<String ID="P2_ST00370" HPOS="422" VPOS="2343" WIDTH="230" HEIGHT="54" CONTENT="assouplir" WC="1.00" CC="000000000"/>
						<SP ID="P2_SP00334" HPOS="652" VPOS="2397" WIDTH="25"/>
						<String ID="P2_ST00371" HPOS="677" VPOS="2345" WIDTH="44" HEIGHT="38" CONTENT="la" WC="1.00" CC="00"/>
						<SP ID="P2_SP00335" HPOS="721" VPOS="2397" WIDTH="19"/>
						<String ID="P2_ST00372" HPOS="740" VPOS="2347" WIDTH="109" HEIGHT="37" CONTENT="voix" WC="1.00" CC="0000"/>
						<SP ID="P2_SP00336" HPOS="849" VPOS="2397" WIDTH="33"/>
						<String ID="P2_ST00373" HPOS="882" VPOS="2345" WIDTH="52" HEIGHT="39" CONTENT="de" WC="1.00" CC="00"/>
						<SP ID="P2_SP00337" HPOS="934" VPOS="2397" WIDTH="22"/>
						<String ID="P2_ST00374" HPOS="956" VPOS="2357" WIDTH="49" HEIGHT="27" CONTENT="sa" WC="1.00" CC="00"/>
						<SP ID="P2_SP00338" HPOS="1005" VPOS="2397" WIDTH="21"/>
						<String ID="P2_ST00375" HPOS="1026" VPOS="2343" WIDTH="96" HEIGHT="49" CONTENT="fille" WC="1.00" CC="00000"/>
						<SP ID="P2_SP00339" HPOS="1122" VPOS="2397" WIDTH="21"/>
						<String ID="P2_ST00376" HPOS="1143" VPOS="2358" WIDTH="15" HEIGHT="37" CONTENT=";" WC="1.00" CC="0"/>
						<SP ID="P2_SP00340" HPOS="1158" VPOS="2397" WIDTH="18"/>
						<String ID="P2_ST00377" HPOS="1176" VPOS="2352" WIDTH="43" HEIGHT="33" CONTENT="et" WC="0.84" CC="03"/>
						<SP ID="P2_SP00341" HPOS="1219" VPOS="2397" WIDTH="31"/>
						<String ID="P2_ST00378" HPOS="1250" VPOS="2358" WIDTH="168" HEIGHT="27" CONTENT="comme" WC="1.00" CC="00000"/>
						<SP ID="P2_SP00342" HPOS="1418" VPOS="2397" WIDTH="22"/>
						<String ID="P2_ST00379" HPOS="1440" VPOS="2348" WIDTH="24" HEIGHT="37" CONTENT="à" WC="1.00" CC="0"/>
						<SP ID="P2_SP00343" HPOS="1464" VPOS="2397" WIDTH="25"/>
						<String ID="P2_ST00380" HPOS="1489" VPOS="2358" WIDTH="70" HEIGHT="27" CONTENT="ces" WC="1.00" CC="000"/>
						<SP ID="P2_SP00344" HPOS="1559" VPOS="2397" WIDTH="38"/>
						<String ID="P2_ST00381" HPOS="1597" VPOS="2359" WIDTH="247" HEIGHT="28" CONTENT="morceaux" WC="1.00" CC="20000000"/>
						<SP ID="P2_SP00345" HPOS="1844" VPOS="2397" WIDTH="29"/>
						<String ID="P2_ST00382" HPOS="1873" VPOS="2348" WIDTH="35" HEIGHT="38" CONTENT="il" WC="0.97" CC="00"/>
						<SP ID="P2_SP00346" HPOS="1908" VPOS="2397" WIDTH="35"/>
						<String ID="P2_ST00383" HPOS="1943" VPOS="2347" WIDTH="201" HEIGHT="55" CONTENT="ajoutait" WC="0.99" CC="80003020"/>
					</TextLine>
					<TextLine ID="P2_TL00033" HPOS="138" VPOS="2406" WIDTH="2001" HEIGHT="55">
						<String ID="P2_ST00384" HPOS="138" VPOS="2407" WIDTH="77" HEIGHT="39" CONTENT="des" WC="1.00" CC="000"/>
						<SP ID="P2_SP00347" HPOS="215" VPOS="2446" WIDTH="29"/>
						<String ID="P2_ST00385" HPOS="244" VPOS="2406" WIDTH="201" HEIGHT="52" CONTENT="paroles," WC="1.00" CC="00000004"/>
						<SP ID="P2_SP00348" HPOS="445" VPOS="2458" WIDTH="28"/>
						<String ID="P2_ST00386" HPOS="473" VPOS="2407" WIDTH="40" HEIGHT="38" CONTENT="le" WC="1.00" CC="00"/>
						<SP ID="P2_SP00349" HPOS="513" VPOS="2458" WIDTH="34"/>
						<String ID="P2_ST00387" HPOS="547" VPOS="2411" WIDTH="122" HEIGHT="34" CONTENT="texte" WC="0.99" CC="60000"/>
						<SP ID="P2_SP00350" HPOS="669" VPOS="2458" WIDTH="26"/>
						<String ID="P2_ST00388" HPOS="695" VPOS="2406" WIDTH="114" HEIGHT="40" CONTENT="était" WC="1.00" CC="00000"/>
						<SP ID="P2_SP00351" HPOS="809" VPOS="2458" WIDTH="27"/>
						<String ID="P2_ST00389" HPOS="836" VPOS="2407" WIDTH="243" HEIGHT="48" CONTENT="allemand," WC="0.99" CC="000409000"/>
						<SP ID="P2_SP00352" HPOS="1079" VPOS="2458" WIDTH="31"/>
						<String ID="P2_ST00390" HPOS="1110" VPOS="2408" WIDTH="198" HEIGHT="52" CONTENT="anglais," WC="1.00" CC="04010000"/>
						<SP ID="P2_SP00353" HPOS="1308" VPOS="2460" WIDTH="36"/>
						<String ID="P2_ST00391" HPOS="1344" VPOS="2409" WIDTH="234" HEIGHT="52" CONTENT="espagnol," WC="1.00" CC="000000004"/>
						<SP ID="P2_SP00354" HPOS="1578" VPOS="2461" WIDTH="40"/>
						<String ID="P2_ST00392" HPOS="1618" VPOS="2410" WIDTH="211" HEIGHT="49" CONTENT="français" WC="1.00" CC="30000000"/>
						<SP ID="P2_SP00355" HPOS="1829" VPOS="2461" WIDTH="39"/>
						<String ID="P2_ST00393" HPOS="1868" VPOS="2422" WIDTH="55" HEIGHT="27" CONTENT="ou" WC="0.75" CC="04"/>
						<SP ID="P2_SP00356" HPOS="1923" VPOS="2461" WIDTH="42"/>
						<String ID="P2_ST00394" HPOS="1965" VPOS="2410" WIDTH="174" HEIGHT="48" CONTENT="italien," WC="0.99" CC="00000606"/>
					</TextLine>
					<TextLine ID="P2_TL00034" HPOS="139" VPOS="2467" WIDTH="2006" HEIGHT="55">
						<String ID="P2_ST00395" HPOS="139" VPOS="2481" WIDTH="82" HEIGHT="27" CONTENT="car" WC="1.00" CC="000"/>
						<SP ID="P2_SP00357" HPOS="221" VPOS="2508" WIDTH="17"/>
						<String ID="P2_ST00396" HPOS="238" VPOS="2469" WIDTH="42" HEIGHT="38" CONTENT="la" WC="1.00" CC="00"/>
						<SP ID="P2_SP00358" HPOS="280" VPOS="2508" WIDTH="22"/>
						<String ID="P2_ST00397" HPOS="302" VPOS="2467" WIDTH="197" HEIGHT="54" CONTENT="précoce" WC="0.99" CC="0000090"/>
						<SP ID="P2_SP00359" HPOS="499" VPOS="2521" WIDTH="35"/>
						<String ID="P2_ST00398" HPOS="534" VPOS="2468" WIDTH="167" HEIGHT="39" CONTENT="artiste" WC="1.00" CC="0000040"/>
						<SP ID="P2_SP00360" HPOS="701" VPOS="2521" WIDTH="17"/>
						<String ID="P2_ST00399" HPOS="718" VPOS="2469" WIDTH="174" HEIGHT="51" CONTENT="parlait" WC="1.00" CC="0000000"/>
						<SP ID="P2_SP00361" HPOS="892" VPOS="2521" WIDTH="24"/>
						<String ID="P2_ST00400" HPOS="916" VPOS="2475" WIDTH="146" HEIGHT="33" CONTENT="toutes" WC="0.99" CC="176000"/>
						<SP ID="P2_SP00362" HPOS="1062" VPOS="2521" WIDTH="32"/>
						<String ID="P2_ST00401" HPOS="1094" VPOS="2481" WIDTH="71" HEIGHT="27" CONTENT="ces" WC="1.00" CC="000"/>
						<SP ID="P2_SP00363" HPOS="1165" VPOS="2521" WIDTH="34"/>
						<String ID="P2_ST00402" HPOS="1199" VPOS="2470" WIDTH="205" HEIGHT="52" CONTENT="langues." WC="1.00" CC="00000004"/>
						<SP ID="P2_SP00364" HPOS="1404" VPOS="2522" WIDTH="27"/>
						<String ID="P2_ST00403" HPOS="1431" VPOS="2470" WIDTH="92" HEIGHT="39" CONTENT="Dès" WC="1.00" CC="000"/>
						<SP ID="P2_SP00365" HPOS="1523" VPOS="2522" WIDTH="21"/>
						<String ID="P2_ST00404" HPOS="1544" VPOS="2470" WIDTH="213" HEIGHT="40" CONTENT="l'arrivée" WC="1.00" CC="000000050"/>
						<SP ID="P2_SP00366" HPOS="1757" VPOS="2522" WIDTH="38"/>
						<String ID="P2_ST00405" HPOS="1795" VPOS="2482" WIDTH="50" HEIGHT="28" CONTENT="en" WC="1.00" CC="00"/>
						<SP ID="P2_SP00367" HPOS="1845" VPOS="2522" WIDTH="32"/>
						<String ID="P2_ST00406" HPOS="1877" VPOS="2470" WIDTH="193" HEIGHT="49" CONTENT="France," WC="1.00" CC="0000000"/>
						<SP ID="P2_SP00368" HPOS="2070" VPOS="2522" WIDTH="35"/>
						<String ID="P2_ST00407" HPOS="2105" VPOS="2472" WIDTH="40" HEIGHT="38" CONTENT="le" WC="0.87" CC="02"/>
					</TextLine>
					<TextLine ID="P2_TL00035" HPOS="140" VPOS="2528" WIDTH="2005" HEIGHT="58">
						<String ID="P2_ST00408" HPOS="140" VPOS="2530" WIDTH="264" HEIGHT="52" CONTENT="professeur" WC="1.00" CC="0080000040"/>
						<SP ID="P2_SP00369" HPOS="404" VPOS="2582" WIDTH="24"/>
						<String ID="P2_ST00409" HPOS="428" VPOS="2528" WIDTH="313" HEIGHT="54" CONTENT="Meysenberg" WC="0.89" CC="0070020000"/>
						<SP ID="P2_SP00370" HPOS="741" VPOS="2582" WIDTH="18"/>
						<String ID="P2_ST00410" HPOS="759" VPOS="2531" WIDTH="149" HEIGHT="51" CONTENT="reprit" WC="1.00" CC="000000"/>
						<SP ID="P2_SP00371" HPOS="908" VPOS="2582" WIDTH="23"/>
						<String ID="P2_ST00411" HPOS="931" VPOS="2531" WIDTH="64" HEIGHT="38" CONTENT="les" WC="1.00" CC="000"/>
						<SP ID="P2_SP00372" HPOS="995" VPOS="2582" WIDTH="23"/>
						<String ID="P2_ST00412" HPOS="1018" VPOS="2530" WIDTH="147" HEIGHT="39" CONTENT="leçons" WC="0.99" CC="000600"/>
						<SP ID="P2_SP00373" HPOS="1165" VPOS="2582" WIDTH="23"/>
						<String ID="P2_ST00413" HPOS="1188" VPOS="2531" WIDTH="54" HEIGHT="39" CONTENT="de" WC="1.00" CC="00"/>
						<SP ID="P2_SP00374" HPOS="1242" VPOS="2582" WIDTH="23"/>
						<String ID="P2_ST00414" HPOS="1265" VPOS="2531" WIDTH="139" HEIGHT="53" CONTENT="piano" WC="1.00" CC="00000"/>
						<SP ID="P2_SP00375" HPOS="1404" VPOS="2584" WIDTH="24"/>
						<String ID="P2_ST00415" HPOS="1428" VPOS="2533" WIDTH="354" HEIGHT="50" CONTENT="interrompues," WC="1.00" CC="1000005000200"/>
						<SP ID="P2_SP00376" HPOS="1782" VPOS="2584" WIDTH="26"/>
						<String ID="P2_ST00416" HPOS="1808" VPOS="2540" WIDTH="43" HEIGHT="31" CONTENT="et" WC="0.98" CC="00"/>
						<SP ID="P2_SP00377" HPOS="1851" VPOS="2584" WIDTH="15"/>
						<String ID="P2_ST00417" HPOS="1866" VPOS="2533" WIDTH="63" HEIGHT="39" CONTENT="les" WC="1.00" CC="000"/>
						<SP ID="P2_SP00378" HPOS="1929" VPOS="2584" WIDTH="17"/>
						<String ID="P2_ST00418" HPOS="1946" VPOS="2538" WIDTH="199" HEIGHT="48" CONTENT="progrès" WC="1.00" CC="0000000"/>
					</TextLine>
					<TextLine ID="P2_TL00036" HPOS="141" VPOS="2589" WIDTH="2002" HEIGHT="59">
						<String ID="P2_ST00419" HPOS="141" VPOS="2590" WIDTH="53" HEIGHT="40" CONTENT="de" WC="0.89" CC="02"/>
						<SP ID="P2_SP00379" HPOS="194" VPOS="2630" WIDTH="29"/>
						<String ID="P2_ST00420" HPOS="223" VPOS="2590" WIDTH="196" HEIGHT="40" CONTENT="Pauline" WC="0.98" CC="0900059"/>
						<SP ID="P2_SP00380" HPOS="419" VPOS="2630" WIDTH="26"/>
						<String ID="P2_ST00421" HPOS="445" VPOS="2589" WIDTH="169" HEIGHT="41" CONTENT="Garcia" WC="1.00" CC="000000"/>
						<SP ID="P2_SP00381" HPOS="614" VPOS="2630" WIDTH="18"/>
						<String ID="P2_ST00422" HPOS="632" VPOS="2590" WIDTH="153" HEIGHT="47" CONTENT="furent" WC="1.00" CC="000000"/>
						<SP ID="P2_SP00382" HPOS="785" VPOS="2637" WIDTH="14"/>
						<String ID="P2_ST00423" HPOS="799" VPOS="2592" WIDTH="41" HEIGHT="38" CONTENT="si" WC="1.00" CC="00"/>
						<SP ID="P2_SP00383" HPOS="840" VPOS="2637" WIDTH="19"/>
						<String ID="P2_ST00424" HPOS="859" VPOS="2594" WIDTH="264" HEIGHT="37" CONTENT="concluants" WC="1.00" CC="4000400000"/>
						<SP ID="P2_SP00384" HPOS="1123" VPOS="2637" WIDTH="25"/>
						<String ID="P2_ST00425" HPOS="1148" VPOS="2605" WIDTH="85" HEIGHT="40" CONTENT="que" WC="1.00" CC="000"/>
						<SP ID="P2_SP00385" HPOS="1233" VPOS="2645" WIDTH="28"/>
						<String ID="P2_ST00426" HPOS="1261" VPOS="2594" WIDTH="127" HEIGHT="53" CONTENT="Lisfi" WC="0.82" CC="00044"/>
						<SP ID="P2_SP00386" HPOS="1388" VPOS="2647" WIDTH="24"/>
						<String ID="P2_ST00427" HPOS="1412" VPOS="2593" WIDTH="204" HEIGHT="40" CONTENT="insistait" WC="1.00" CC="020000000"/>
						<SP ID="P2_SP00387" HPOS="1616" VPOS="2647" WIDTH="27"/>
						<String ID="P2_ST00428" HPOS="1643" VPOS="2606" WIDTH="122" HEIGHT="40" CONTENT="pour" WC="0.98" CC="0007"/>
						<SP ID="P2_SP00388" HPOS="1765" VPOS="2647" WIDTH="40"/>
						<String ID="P2_ST00429" HPOS="1805" VPOS="2606" WIDTH="84" HEIGHT="41" CONTENT="que" WC="0.97" CC="070"/>
						<SP ID="P2_SP00389" HPOS="1889" VPOS="2647" WIDTH="41"/>
						<String ID="P2_ST00430" HPOS="1930" VPOS="2595" WIDTH="42" HEIGHT="39" CONTENT="la" WC="1.00" CC="00"/>
						<SP ID="P2_SP00390" HPOS="1972" VPOS="2647" WIDTH="28"/>
						<String ID="P2_ST00431" HPOS="2000" VPOS="2594" WIDTH="143" HEIGHT="54" CONTENT="jeune" WC="1.00" CC="00110"/>
					</TextLine>
					<TextLine ID="P2_TL00037" HPOS="142" VPOS="2651" WIDTH="2001" HEIGHT="54">
						<String ID="P2_ST00432" HPOS="142" VPOS="2653" WIDTH="119" HEIGHT="40" CONTENT="élève" WC="0.99" CC="20060"/>
						<SP ID="P2_SP00391" HPOS="261" VPOS="2693" WIDTH="19"/>
						<String ID="P2_ST00433" HPOS="280" VPOS="2665" WIDTH="45" HEIGHT="27" CONTENT="se" WC="1.00" CC="00"/>
						<SP ID="P2_SP00392" HPOS="325" VPOS="2693" WIDTH="19"/>
						<String ID="P2_ST00434" HPOS="344" VPOS="2651" WIDTH="241" HEIGHT="40" CONTENT="consacrât" WC="1.00" CC="000000052"/>
						<SP ID="P2_SP00393" HPOS="585" VPOS="2693" WIDTH="24"/>
						<String ID="P2_ST00435" HPOS="609" VPOS="2653" WIDTH="304" HEIGHT="40" CONTENT="entièrement" WC="1.00" CC="10000030000"/>
						<SP ID="P2_SP00394" HPOS="913" VPOS="2693" WIDTH="28"/>
						<String ID="P2_ST00436" HPOS="941" VPOS="2656" WIDTH="26" HEIGHT="37" CONTENT="à" WC="1.00" CC="0"/>
						<SP ID="P2_SP00395" HPOS="967" VPOS="2693" WIDTH="24"/>
						<String ID="P2_ST00437" HPOS="991" VPOS="2660" WIDTH="70" HEIGHT="33" CONTENT="cet" WC="1.00" CC="000"/>
						<SP ID="P2_SP00396" HPOS="1061" VPOS="2693" WIDTH="21"/>
						<String ID="P2_ST00438" HPOS="1082" VPOS="2662" WIDTH="88" HEIGHT="32" CONTENT="art." WC="0.99" CC="0004"/>
						<SP ID="P2_SP00397" HPOS="1170" VPOS="2694" WIDTH="42"/>
						<String ID="P2_ST00439" HPOS="1212" VPOS="2653" WIDTH="127" HEIGHT="41" CONTENT="Mais" WC="1.00" CC="0000"/>
						<SP ID="P2_SP00398" HPOS="1339" VPOS="2694" WIDTH="20"/>
						<String ID="P2_ST00440" HPOS="1359" VPOS="2654" WIDTH="112" HEIGHT="41" CONTENT="dans" WC="1.00" CC="0000"/>
						<SP ID="P2_SP00399" HPOS="1471" VPOS="2695" WIDTH="26"/>
						<String ID="P2_ST00441" HPOS="1497" VPOS="2656" WIDTH="45" HEIGHT="39" CONTENT="la" WC="1.00" CC="00"/>
						<SP ID="P2_SP00400" HPOS="1542" VPOS="2695" WIDTH="25"/>
						<String ID="P2_ST00442" HPOS="1567" VPOS="2655" WIDTH="188" HEIGHT="50" CONTENT="famille" WC="1.00" CC="0030200"/>
						<SP ID="P2_SP00401" HPOS="1755" VPOS="2705" WIDTH="27"/>
						<String ID="P2_ST00443" HPOS="1782" VPOS="2655" WIDTH="187" HEIGHT="45" CONTENT="Garcia," WC="1.00" CC="0000007"/>
						<SP ID="P2_SP00402" HPOS="1969" VPOS="2705" WIDTH="27"/>
						<String ID="P2_ST00444" HPOS="1996" VPOS="2656" WIDTH="27" HEIGHT="40" CONTENT="à" WC="1.00" CC="0"/>
						<SP ID="P2_SP00403" HPOS="2023" VPOS="2705" WIDTH="23"/>
						<String ID="P2_ST00445" HPOS="2046" VPOS="2656" WIDTH="97" HEIGHT="40" CONTENT="côté" WC="0.98" CC="6020"/>
					</TextLine>
					<TextLine ID="P2_TL00038" HPOS="142" VPOS="2713" WIDTH="2001" HEIGHT="58">
						<String ID="P2_ST00446" HPOS="142" VPOS="2715" WIDTH="53" HEIGHT="39" CONTENT="de" WC="1.00" CC="00"/>
						<SP ID="P2_SP00404" HPOS="195" VPOS="2754" WIDTH="22"/>
						<String ID="P2_ST00447" HPOS="217" VPOS="2713" WIDTH="155" HEIGHT="41" CONTENT="Maria" WC="0.99" CC="30200"/>
						<SP ID="P2_SP00405" HPOS="372" VPOS="2754" WIDTH="16"/>
						<String ID="P2_ST00448" HPOS="388" VPOS="2713" WIDTH="64" HEIGHT="50" CONTENT="{la" WC="0.96" CC="900"/>
						<SP ID="P2_SP00406" HPOS="452" VPOS="2763" WIDTH="26"/>
						<String ID="P2_ST00449" HPOS="478" VPOS="2713" WIDTH="264" HEIGHT="55" CONTENT="Malibran)," WC="0.88" CC="0000000074"/>
						<SP ID="P2_SP00407" HPOS="742" VPOS="2768" WIDTH="26"/>
						<String ID="P2_ST00450" HPOS="768" VPOS="2715" WIDTH="38" HEIGHT="40" CONTENT="le" WC="1.00" CC="00"/>
						<SP ID="P2_SP00408" HPOS="806" VPOS="2768" WIDTH="19"/>
						<String ID="P2_ST00451" HPOS="825" VPOS="2716" WIDTH="138" HEIGHT="39" CONTENT="chant" WC="1.00" CC="00003"/>
						<SP ID="P2_SP00409" HPOS="963" VPOS="2768" WIDTH="13"/>
						<String ID="P2_ST00452" HPOS="976" VPOS="2716" WIDTH="125" HEIGHT="39" CONTENT="avait" WC="1.00" CC="00000"/>
						<SP ID="P2_SP00410" HPOS="1101" VPOS="2768" WIDTH="33"/>
						<String ID="P2_ST00453" HPOS="1134" VPOS="2716" WIDTH="79" HEIGHT="40" CONTENT="des" WC="1.00" CC="000"/>
						<SP ID="P2_SP00411" HPOS="1213" VPOS="2768" WIDTH="26"/>
						<String ID="P2_ST00454" HPOS="1239" VPOS="2716" WIDTH="258" HEIGHT="41" CONTENT="séductions" WC="1.00" CC="0500000000"/>
						<SP ID="P2_SP00412" HPOS="1497" VPOS="2768" WIDTH="20"/>
						<String ID="P2_ST00455" HPOS="1517" VPOS="2716" WIDTH="298" HEIGHT="41" CONTENT="irrésistibles" WC="1.00" CC="1004000000430"/>
						<SP ID="P2_SP00413" HPOS="1815" VPOS="2768" WIDTH="23"/>
						<String ID="P2_ST00456" HPOS="1838" VPOS="2719" WIDTH="78" HEIGHT="52" CONTENT="qui" WC="1.00" CC="000"/>
						<SP ID="P2_SP00414" HPOS="1916" VPOS="2771" WIDTH="23"/>
						<String ID="P2_ST00457" HPOS="1939" VPOS="2718" WIDTH="204" HEIGHT="40" CONTENT="devaient" WC="0.99" CC="04080600"/>
					</TextLine>
					<TextLine ID="P2_TL00039" HPOS="144" VPOS="2775" WIDTH="1999" HEIGHT="57">
						<String ID="P2_ST00458" HPOS="144" VPOS="2775" WIDTH="253" HEIGHT="54" CONTENT="triompher" WC="1.00" CC="550000000"/>
						<SP ID="P2_SP00415" HPOS="397" VPOS="2829" WIDTH="46"/>
						<String ID="P2_ST00459" HPOS="443" VPOS="2775" WIDTH="54" HEIGHT="40" CONTENT="de" WC="1.00" CC="00"/>
						<SP ID="P2_SP00416" HPOS="497" VPOS="2829" WIDTH="38"/>
						<String ID="P2_ST00460" HPOS="535" VPOS="2788" WIDTH="70" HEIGHT="27" CONTENT="ces" WC="1.00" CC="000"/>
						<SP ID="P2_SP00417" HPOS="605" VPOS="2829" WIDTH="38"/>
						<String ID="P2_ST00461" HPOS="643" VPOS="2775" WIDTH="283" HEIGHT="43" CONTENT="hésitations." WC="1.00" CC="003010000004"/>
						<SP ID="P2_SP00418" HPOS="926" VPOS="2829" WIDTH="32"/>
						<String ID="P2_ST00462" HPOS="958" VPOS="2777" WIDTH="121" HEIGHT="39" CONTENT="C'est" WC="0.98" CC="40704"/>
						<SP ID="P2_SP00419" HPOS="1079" VPOS="2829" WIDTH="31"/>
						<String ID="P2_ST00463" HPOS="1110" VPOS="2780" WIDTH="25" HEIGHT="36" CONTENT="à" WC="1.00" CC="0"/>
						<SP ID="P2_SP00420" HPOS="1135" VPOS="2829" WIDTH="33"/>
						<String ID="P2_ST00464" HPOS="1168" VPOS="2778" WIDTH="252" HEIGHT="40" CONTENT="Bruxelles" WC="1.00" CC="000000000"/>
						<SP ID="P2_SP00421" HPOS="1420" VPOS="2829" WIDTH="31"/>
						<String ID="P2_ST00465" HPOS="1451" VPOS="2791" WIDTH="83" HEIGHT="41" CONTENT="que" WC="1.00" CC="000"/>
						<SP ID="P2_SP00422" HPOS="1534" VPOS="2832" WIDTH="22"/>
						<String ID="P2_ST00466" HPOS="1556" VPOS="2779" WIDTH="194" HEIGHT="40" CONTENT="Pauline" WC="0.99" CC="3006033"/>
						<SP ID="P2_SP00423" HPOS="1750" VPOS="2832" WIDTH="36"/>
						<String ID="P2_ST00467" HPOS="1786" VPOS="2778" WIDTH="171" HEIGHT="41" CONTENT="Garcia" WC="1.00" CC="000000"/>
						<SP ID="P2_SP00424" HPOS="1957" VPOS="2832" WIDTH="19"/>
						<String ID="P2_ST00468" HPOS="1976" VPOS="2781" WIDTH="167" HEIGHT="39" CONTENT="chanta" WC="1.00" CC="000020"/>
					</TextLine>
					<TextLine ID="P2_TL00040" HPOS="147" VPOS="2836" WIDTH="1998" HEIGHT="57">
						<String ID="P2_ST00469" HPOS="147" VPOS="2839" WIDTH="42" HEIGHT="38" CONTENT="la" WC="1.00" CC="00"/>
						<SP ID="P2_SP00425" HPOS="189" VPOS="2877" WIDTH="35"/>
						<String ID="P2_ST00470" HPOS="224" VPOS="2837" WIDTH="228" HEIGHT="52" CONTENT="première" WC="0.99" CC="90015000"/>
						<SP ID="P2_SP00426" HPOS="452" VPOS="2889" WIDTH="32"/>
						<String ID="P2_ST00471" HPOS="484" VPOS="2836" WIDTH="105" HEIGHT="54" CONTENT="fois" WC="0.99" CC="0060"/>
						<SP ID="P2_SP00427" HPOS="589" VPOS="2890" WIDTH="35"/>
						<String ID="P2_ST00472" HPOS="624" VPOS="2850" WIDTH="51" HEIGHT="27" CONTENT="en" WC="0.82" CC="30"/>
						<SP ID="P2_SP00428" HPOS="675" VPOS="2890" WIDTH="36"/>
						<String ID="P2_ST00473" HPOS="711" VPOS="2838" WIDTH="158" HEIGHT="52" CONTENT="public" WC="0.99" CC="032007"/>
						<SP ID="P2_SP00429" HPOS="869" VPOS="2890" WIDTH="45"/>
						<String ID="P2_ST00474" HPOS="914" VPOS="2836" WIDTH="50" HEIGHT="57" CONTENT="(i" WC="0.76" CC="40"/>
						<SP ID="P2_SP00430" HPOS="964" VPOS="2893" WIDTH="28"/>
						<String ID="P2_ST00475" HPOS="992" VPOS="2836" WIDTH="28" HEIGHT="57" CONTENT="3" WC="1.00" CC="0"/>
						<SP ID="P2_SP00431" HPOS="1020" VPOS="2893" WIDTH="28"/>
						<String ID="P2_ST00476" HPOS="1048" VPOS="2836" WIDTH="222" HEIGHT="57" CONTENT="décembre" WC="0.99" CC="00004060"/>
						<SP ID="P2_SP00432" HPOS="1270" VPOS="2893" WIDTH="41"/>
						<String ID="P2_ST00477" HPOS="1311" VPOS="2837" WIDTH="148" HEIGHT="56" CONTENT="iß3y)" WC="0.52" CC="51097"/>
						<SP ID="P2_SP00433" HPOS="1459" VPOS="2893" WIDTH="35"/>
						<String ID="P2_ST00478" HPOS="1494" VPOS="2839" WIDTH="113" HEIGHT="40" CONTENT="dans" WC="0.98" CC="0090"/>
						<SP ID="P2_SP00434" HPOS="1607" VPOS="2893" WIDTH="31"/>
						<String ID="P2_ST00479" HPOS="1638" VPOS="2853" WIDTH="55" HEIGHT="26" CONTENT="un" WC="0.87" CC="20"/>
						<SP ID="P2_SP00435" HPOS="1693" VPOS="2893" WIDTH="32"/>
						<String ID="P2_ST00480" HPOS="1725" VPOS="2847" WIDTH="182" HEIGHT="33" CONTENT="concert" WC="1.00" CC="0000006"/>
						<SP ID="P2_SP00436" HPOS="1907" VPOS="2893" WIDTH="28"/>
						<String ID="P2_ST00481" HPOS="1935" VPOS="2853" WIDTH="57" HEIGHT="27" CONTENT="au" WC="0.82" CC="03"/>
						<SP ID="P2_SP00437" HPOS="1992" VPOS="2893" WIDTH="39"/>
						<String ID="P2_ST00482" HPOS="2031" VPOS="2854" WIDTH="86" HEIGHT="39" CONTENT="pro" SUBS_TYPE="HypPart1" SUBS_CONTENT="profit" WC="0.98" CC="000"/>
						<HYP HPOS="2117" VPOS="2854" WIDTH="28" CONTENT="-"/>
					</TextLine>
					<TextLine ID="P2_TL00041" HPOS="132" VPOS="2898" WIDTH="2013" HEIGHT="56">
						<String ID="P2_ST00483" HPOS="132" VPOS="2898" WIDTH="66" HEIGHT="56" CONTENT="fit" SUBS_TYPE="HypPart2" SUBS_CONTENT="profit" WC="0.99" CC="003"/>
						<SP ID="P2_SP00438" HPOS="198" VPOS="2954" WIDTH="30"/>
						<String ID="P2_ST00484" HPOS="228" VPOS="2898" WIDTH="78" HEIGHT="40" CONTENT="des" WC="1.00" CC="000"/>
						<SP ID="P2_SP00439" HPOS="306" VPOS="2954" WIDTH="14"/>
						<String ID="P2_ST00485" HPOS="320" VPOS="2911" WIDTH="200" HEIGHT="40" CONTENT="pauvres" WC="1.00" CC="0006000"/>
						<SP ID="P2_SP00440" HPOS="520" VPOS="2954" WIDTH="21"/>
						<String ID="P2_ST00486" HPOS="541" VPOS="2912" WIDTH="12" HEIGHT="26" CONTENT=":" WC="0.58" CC="4"/>
						<SP ID="P2_SP00441" HPOS="553" VPOS="2954" WIDTH="23"/>
						<String ID="P2_ST00487" HPOS="576" VPOS="2900" WIDTH="84" HEIGHT="39" CONTENT="elle" WC="0.97" CC="0059"/>
						<SP ID="P2_SP00442" HPOS="660" VPOS="2954" WIDTH="19"/>
						<String ID="P2_ST00488" HPOS="679" VPOS="2898" WIDTH="204" HEIGHT="42" CONTENT="débutait" WC="1.00" CC="00000003"/>
						<SP ID="P2_SP00443" HPOS="883" VPOS="2954" WIDTH="22"/>
						<String ID="P2_ST00489" HPOS="905" VPOS="2912" WIDTH="110" HEIGHT="27" CONTENT="sous" WC="1.00" CC="0000"/>
						<SP ID="P2_SP00444" HPOS="1015" VPOS="2954" WIDTH="24"/>
						<String ID="P2_ST00490" HPOS="1039" VPOS="2901" WIDTH="63" HEIGHT="39" CONTENT="les" WC="0.99" CC="003"/>
						<SP ID="P2_SP00445" HPOS="1102" VPOS="2954" WIDTH="22"/>
						<String ID="P2_ST00491" HPOS="1124" VPOS="2901" WIDTH="205" HEIGHT="52" CONTENT="auspices" WC="1.00" CC="00000000"/>
						<SP ID="P2_SP00446" HPOS="1329" VPOS="2954" WIDTH="16"/>
						<String ID="P2_ST00492" HPOS="1345" VPOS="2902" WIDTH="55" HEIGHT="39" CONTENT="de" WC="1.00" CC="00"/>
						<SP ID="P2_SP00447" HPOS="1400" VPOS="2954" WIDTH="21"/>
						<String ID="P2_ST00493" HPOS="1421" VPOS="2914" WIDTH="80" HEIGHT="27" CONTENT="son" WC="0.97" CC="008"/>
						<SP ID="P2_SP00448" HPOS="1501" VPOS="2954" WIDTH="26"/>
						<String ID="P2_ST00494" HPOS="1527" VPOS="2901" WIDTH="283" HEIGHT="51" CONTENT="beau-frère," WC="1.00" CC="00044000006"/>
						<SP ID="P2_SP00449" HPOS="1810" VPOS="2954" WIDTH="23"/>
						<String ID="P2_ST00495" HPOS="1833" VPOS="2903" WIDTH="39" HEIGHT="39" CONTENT="le" WC="1.00" CC="00"/>
						<SP ID="P2_SP00450" HPOS="1872" VPOS="2954" WIDTH="20"/>
						<String ID="P2_ST00496" HPOS="1892" VPOS="2902" WIDTH="178" HEIGHT="41" CONTENT="célèbre" WC="1.00" CC="0200000"/>
						<SP ID="P2_SP00451" HPOS="2070" VPOS="2954" WIDTH="20"/>
						<String ID="P2_ST00497" HPOS="2090" VPOS="2902" WIDTH="55" HEIGHT="40" CONTENT="de" WC="0.66" CC="06"/>
					</TextLine>
					<TextLine ID="P2_TL00042" HPOS="143" VPOS="2960" WIDTH="2002" HEIGHT="58">
						<String ID="P2_ST00498" HPOS="143" VPOS="2961" WIDTH="178" HEIGHT="48" CONTENT="Bériot," WC="0.92" CC="0000211"/>
						<SP ID="P2_SP00452" HPOS="321" VPOS="3009" WIDTH="26"/>
						<String ID="P2_ST00499" HPOS="347" VPOS="2960" WIDTH="79" HEIGHT="53" CONTENT="qui" WC="1.00" CC="000"/>
						<SP ID="P2_SP00453" HPOS="426" VPOS="3013" WIDTH="14"/>
						<String ID="P2_ST00500" HPOS="440" VPOS="2973" WIDTH="120" HEIGHT="40" CONTENT="pour" WC="1.00" CC="0000"/>
						<SP ID="P2_SP00454" HPOS="560" VPOS="3013" WIDTH="21"/>
						<String ID="P2_ST00501" HPOS="581" VPOS="2962" WIDTH="43" HEIGHT="39" CONTENT="la" WC="1.00" CC="00"/>
						<SP ID="P2_SP00455" HPOS="624" VPOS="3013" WIDTH="30"/>
						<String ID="P2_ST00502" HPOS="654" VPOS="2961" WIDTH="318" HEIGHT="40" CONTENT="circonstance" WC="1.00" CC="000000000590"/>
						<SP ID="P2_SP00456" HPOS="972" VPOS="3013" WIDTH="17"/>
						<String ID="P2_ST00503" HPOS="989" VPOS="2963" WIDTH="239" HEIGHT="53" CONTENT="reprenait" WC="1.00" CC="200500000"/>
						<SP ID="P2_SP00457" HPOS="1228" VPOS="3016" WIDTH="21"/>
						<String ID="P2_ST00504" HPOS="1249" VPOS="2961" WIDTH="188" HEIGHT="42" CONTENT="l'archet" WC="1.00" CC="00000000"/>
						<SP ID="P2_SP00458" HPOS="1437" VPOS="3016" WIDTH="29"/>
						<String ID="P2_ST00505" HPOS="1466" VPOS="2963" WIDTH="112" HEIGHT="53" CONTENT="qu'il" WC="1.00" CC="02000"/>
						<SP ID="P2_SP00459" HPOS="1578" VPOS="3016" WIDTH="20"/>
						<String ID="P2_ST00506" HPOS="1598" VPOS="2964" WIDTH="123" HEIGHT="40" CONTENT="avait" WC="0.99" CC="00005"/>
						<SP ID="P2_SP00460" HPOS="1721" VPOS="3016" WIDTH="32"/>
						<String ID="P2_ST00507" HPOS="1753" VPOS="2964" WIDTH="148" HEIGHT="53" CONTENT="quitté" WC="1.00" CC="000006"/>
						<SP ID="P2_SP00461" HPOS="1901" VPOS="3017" WIDTH="29"/>
						<String ID="P2_ST00508" HPOS="1930" VPOS="2977" WIDTH="50" HEIGHT="27" CONTENT="en" WC="0.67" CC="06"/>
						<SP ID="P2_SP00462" HPOS="1980" VPOS="3017" WIDTH="31"/>
						<String ID="P2_ST00509" HPOS="2011" VPOS="2964" WIDTH="134" HEIGHT="54" CONTENT="signe" WC="0.99" CC="00004"/>
					</TextLine>
					<TextLine ID="P2_TL00043" HPOS="145" VPOS="3022" WIDTH="1999" HEIGHT="54">
						<String ID="P2_ST00510" HPOS="145" VPOS="3022" WIDTH="53" HEIGHT="39" CONTENT="de" WC="1.00" CC="00"/>
						<SP ID="P2_SP00463" HPOS="198" VPOS="3061" WIDTH="22"/>
						<String ID="P2_ST00511" HPOS="220" VPOS="3022" WIDTH="124" HEIGHT="39" CONTENT="deuil" WC="1.00" CC="00300"/>
						<SP ID="P2_SP00464" HPOS="344" VPOS="3061" WIDTH="23"/>
						<String ID="P2_ST00512" HPOS="367" VPOS="3024" WIDTH="25" HEIGHT="37" CONTENT="à" WC="1.00" CC="0"/>
						<SP ID="P2_SP00465" HPOS="392" VPOS="3061" WIDTH="24"/>
						<String ID="P2_ST00513" HPOS="416" VPOS="3023" WIDTH="43" HEIGHT="38" CONTENT="la" WC="0.69" CC="06"/>
						<SP ID="P2_SP00466" HPOS="459" VPOS="3061" WIDTH="24"/>
						<String ID="P2_ST00514" HPOS="483" VPOS="3029" WIDTH="119" HEIGHT="33" CONTENT="mort" WC="1.00" CC="0000"/>
						<SP ID="P2_SP00467" HPOS="602" VPOS="3062" WIDTH="17"/>
						<String ID="P2_ST00515" HPOS="619" VPOS="3022" WIDTH="53" HEIGHT="40" CONTENT="de" WC="1.00" CC="00"/>
						<SP ID="P2_SP00468" HPOS="672" VPOS="3062" WIDTH="36"/>
						<String ID="P2_ST00516" HPOS="708" VPOS="3036" WIDTH="51" HEIGHT="26" CONTENT="sa" WC="1.00" CC="00"/>
						<SP ID="P2_SP00469" HPOS="759" VPOS="3062" WIDTH="38"/>
						<String ID="P2_ST00517" HPOS="797" VPOS="3024" WIDTH="168" HEIGHT="48" CONTENT="femme" WC="1.00" CC="00000"/>
						<SP ID="P2_SP00470" HPOS="965" VPOS="3072" WIDTH="42"/>
						<String ID="P2_ST00518" HPOS="1007" VPOS="3024" WIDTH="41" HEIGHT="40" CONTENT="la" WC="1.00" CC="00"/>
						<SP ID="P2_SP00471" HPOS="1048" VPOS="3072" WIDTH="29"/>
						<String ID="P2_ST00519" HPOS="1077" VPOS="3024" WIDTH="252" HEIGHT="52" CONTENT="Malibran," WC="0.95" CC="103000000"/>
						<SP ID="P2_SP00472" HPOS="1329" VPOS="3076" WIDTH="45"/>
						<String ID="P2_ST00520" HPOS="1374" VPOS="3037" WIDTH="222" HEIGHT="28" CONTENT="survenue" WC="1.00" CC="00000008"/>
						<SP ID="P2_SP00473" HPOS="1596" VPOS="3076" WIDTH="33"/>
						<String ID="P2_ST00521" HPOS="1629" VPOS="3037" WIDTH="50" HEIGHT="28" CONTENT="en" WC="1.00" CC="00"/>
						<SP ID="P2_SP00474" HPOS="1679" VPOS="3076" WIDTH="27"/>
						<String ID="P2_ST00522" HPOS="1706" VPOS="3024" WIDTH="33" HEIGHT="41" CONTENT="i" WC="0.78" CC="1"/>
						<SP ID="P2_SP00475" HPOS="1739" VPOS="3076" WIDTH="0"/>
						<String ID="P2_ST00523" HPOS="1739" VPOS="3024" WIDTH="113" HEIGHT="43" CONTENT="836." WC="0.70" CC="0730"/>
						<SP ID="P2_SP00476" HPOS="1852" VPOS="3076" WIDTH="37"/>
						<String ID="P2_ST00524" HPOS="1889" VPOS="3027" WIDTH="134" HEIGHT="39" CONTENT="Deux" WC="0.99" CC="0030"/>
						<SP ID="P2_SP00477" HPOS="2023" VPOS="3076" WIDTH="33"/>
						<String ID="P2_ST00525" HPOS="2056" VPOS="3029" WIDTH="59" HEIGHT="38" CONTENT="mé" SUBS_TYPE="HypPart1" SUBS_CONTENT="médailles," WC="0.96" CC="60"/>
						<HYP HPOS="2115" VPOS="3029" WIDTH="29" CONTENT="-"/>
					</TextLine>
					<TextLine ID="P2_TL00044" HPOS="146" VPOS="3082" WIDTH="1997" HEIGHT="60">
						<String ID="P2_ST00526" HPOS="146" VPOS="3082" WIDTH="177" HEIGHT="48" CONTENT="dailles," SUBS_TYPE="HypPart2" SUBS_CONTENT="médailles," WC="0.99" CC="07000004"/>
						<SP ID="P2_SP00478" HPOS="323" VPOS="3130" WIDTH="27"/>
						<String ID="P2_ST00527" HPOS="350" VPOS="3083" WIDTH="114" HEIGHT="40" CONTENT="l'une" WC="1.00" CC="00000"/>
						<SP ID="P2_SP00479" HPOS="464" VPOS="3130" WIDTH="19"/>
						<String ID="P2_ST00528" HPOS="483" VPOS="3097" WIDTH="125" HEIGHT="38" CONTENT="pour" WC="1.00" CC="0000"/>
						<SP ID="P2_SP00480" HPOS="608" VPOS="3135" WIDTH="22"/>
						<String ID="P2_ST00529" HPOS="630" VPOS="3084" WIDTH="53" HEIGHT="40" CONTENT="de" WC="1.00" CC="00"/>
						<SP ID="P2_SP00481" HPOS="683" VPOS="3135" WIDTH="21"/>
						<String ID="P2_ST00530" HPOS="704" VPOS="3084" WIDTH="181" HEIGHT="50" CONTENT="Bériot," WC="0.87" CC="1100004"/>
						<SP ID="P2_SP00482" HPOS="885" VPOS="3135" WIDTH="25"/>
						<String ID="P2_ST00531" HPOS="910" VPOS="3085" WIDTH="163" HEIGHT="40" CONTENT="Vautre" WC="0.98" CC="706400"/>
						<SP ID="P2_SP00483" HPOS="1073" VPOS="3135" WIDTH="23"/>
						<String ID="P2_ST00532" HPOS="1096" VPOS="3098" WIDTH="118" HEIGHT="40" CONTENT="pour" WC="0.99" CC="0500"/>
						<SP ID="P2_SP00484" HPOS="1214" VPOS="3138" WIDTH="20"/>
						<String ID="P2_ST00533" HPOS="1234" VPOS="3087" WIDTH="196" HEIGHT="39" CONTENT="Pauline" WC="1.00" CC="0000000"/>
						<SP ID="P2_SP00485" HPOS="1430" VPOS="3138" WIDTH="28"/>
						<String ID="P2_ST00534" HPOS="1458" VPOS="3086" WIDTH="186" HEIGHT="50" CONTENT="Garcia," WC="0.99" CC="0050006"/>
						<SP ID="P2_SP00486" HPOS="1644" VPOS="3138" WIDTH="20"/>
						<String ID="P2_ST00535" HPOS="1664" VPOS="3088" WIDTH="169" HEIGHT="50" CONTENT="furent" WC="0.99" CC="100500"/>
						<SP ID="P2_SP00487" HPOS="1833" VPOS="3138" WIDTH="9"/>
						<String ID="P2_ST00536" HPOS="1842" VPOS="3087" WIDTH="227" HEIGHT="55" CONTENT="frappées" WC="1.00" CC="10000000"/>
						<SP ID="P2_SP00488" HPOS="2069" VPOS="3142" WIDTH="22"/>
						<String ID="P2_ST00537" HPOS="2091" VPOS="3099" WIDTH="52" HEIGHT="29" CONTENT="en" WC="0.47" CC="54"/>
					</TextLine>
					<TextLine ID="P2_TL00045" HPOS="145" VPOS="3144" WIDTH="2000" HEIGHT="59">
						<String ID="P2_ST00538" HPOS="145" VPOS="3144" WIDTH="212" HEIGHT="40" CONTENT="souvenir" WC="1.00" CC="04100000"/>
						<SP ID="P2_SP00489" HPOS="357" VPOS="3184" WIDTH="17"/>
						<String ID="P2_ST00539" HPOS="374" VPOS="3144" WIDTH="54" HEIGHT="40" CONTENT="de" WC="1.00" CC="00"/>
						<SP ID="P2_SP00490" HPOS="428" VPOS="3184" WIDTH="22"/>
						<String ID="P2_ST00540" HPOS="450" VPOS="3157" WIDTH="48" HEIGHT="27" CONTENT="ce" WC="1.00" CC="00"/>
						<SP ID="P2_SP00491" HPOS="498" VPOS="3184" WIDTH="18"/>
						<String ID="P2_ST00541" HPOS="516" VPOS="3152" WIDTH="185" HEIGHT="33" CONTENT="concert" WC="0.99" CC="0700002"/>
						<SP ID="P2_SP00492" HPOS="701" VPOS="3185" WIDTH="25"/>
						<String ID="P2_ST00542" HPOS="726" VPOS="3147" WIDTH="55" HEIGHT="39" CONTENT="où" WC="0.64" CC="07"/>
						<SP ID="P2_SP00493" HPOS="781" VPOS="3186" WIDTH="24"/>
						<String ID="P2_ST00543" HPOS="805" VPOS="3146" WIDTH="226" HEIGHT="54" CONTENT="triompha" WC="1.00" CC="00000000"/>
						<SP ID="P2_SP00494" HPOS="1031" VPOS="3200" WIDTH="39"/>
						<String ID="P2_ST00544" HPOS="1070" VPOS="3160" WIDTH="106" HEIGHT="27" CONTENT="avec" WC="1.00" CC="0001"/>
						<SP ID="P2_SP00495" HPOS="1176" VPOS="3200" WIDTH="28"/>
						<String ID="P2_ST00545" HPOS="1204" VPOS="3147" WIDTH="121" HEIGHT="41" CONTENT="éclat" WC="0.99" CC="10003"/>
						<SP ID="P2_SP00496" HPOS="1325" VPOS="3200" WIDTH="19"/>
						<String ID="P2_ST00546" HPOS="1344" VPOS="3149" WIDTH="43" HEIGHT="39" CONTENT="la" WC="1.00" CC="00"/>
						<SP ID="P2_SP00497" HPOS="1387" VPOS="3200" WIDTH="15"/>
						<String ID="P2_ST00547" HPOS="1402" VPOS="3148" WIDTH="141" HEIGHT="55" CONTENT="jeune" WC="1.00" CC="00000"/>
						<SP ID="P2_SP00498" HPOS="1543" VPOS="3203" WIDTH="28"/>
						<String ID="P2_ST00548" HPOS="1571" VPOS="3149" WIDTH="254" HEIGHT="40" CONTENT="débutante." WC="1.00" CC="0003100003"/>
						<SP ID="P2_SP00499" HPOS="1825" VPOS="3203" WIDTH="25"/>
						<String ID="P2_ST00549" HPOS="1850" VPOS="3151" WIDTH="93" HEIGHT="39" CONTENT="Dès" WC="1.00" CC="000"/>
						<SP ID="P2_SP00500" HPOS="1943" VPOS="3203" WIDTH="32"/>
						<String ID="P2_ST00550" HPOS="1975" VPOS="3163" WIDTH="48" HEIGHT="28" CONTENT="ce" WC="0.91" CC="01"/>
						<SP ID="P2_SP00501" HPOS="2023" VPOS="3203" WIDTH="34"/>
						<String ID="P2_ST00551" HPOS="2057" VPOS="3163" WIDTH="59" HEIGHT="28" CONTENT="mo" SUBS_TYPE="HypPart1" SUBS_CONTENT="moment," WC="0.97" CC="30"/>
						<HYP HPOS="2116" VPOS="3163" WIDTH="29" CONTENT="-"/>
					</TextLine>
					<TextLine ID="P2_TL00046" HPOS="146" VPOS="3208" WIDTH="1999" HEIGHT="56">
						<String ID="P2_ST00552" HPOS="146" VPOS="3211" WIDTH="135" HEIGHT="44" CONTENT="ment," SUBS_TYPE="HypPart2" SUBS_CONTENT="moment," WC="1.00" CC="00020"/>
						<SP ID="P2_SP00502" HPOS="281" VPOS="3255" WIDTH="25"/>
						<String ID="P2_ST00553" HPOS="306" VPOS="3217" WIDTH="247" HEIGHT="29" CONTENT="commence" WC="1.00" CC="20000040"/>
						<SP ID="P2_SP00503" HPOS="553" VPOS="3255" WIDTH="34"/>
						<String ID="P2_ST00554" HPOS="587" VPOS="3208" WIDTH="42" HEIGHT="38" CONTENT="la" WC="1.00" CC="00"/>
						<SP ID="P2_SP00504" HPOS="629" VPOS="3255" WIDTH="30"/>
						<String ID="P2_ST00555" HPOS="659" VPOS="3208" WIDTH="120" HEIGHT="40" CONTENT="série" WC="0.99" CC="20006"/>
						<SP ID="P2_SP00505" HPOS="779" VPOS="3255" WIDTH="28"/>
						<String ID="P2_ST00556" HPOS="807" VPOS="3208" WIDTH="54" HEIGHT="40" CONTENT="de" WC="1.00" CC="00"/>
						<SP ID="P2_SP00506" HPOS="861" VPOS="3255" WIDTH="33"/>
						<String ID="P2_ST00557" HPOS="894" VPOS="3212" WIDTH="167" HEIGHT="48" CONTENT="succès," WC="1.00" CC="0000000"/>
						<SP ID="P2_SP00507" HPOS="1061" VPOS="3260" WIDTH="24"/>
						<String ID="P2_ST00558" HPOS="1085" VPOS="3210" WIDTH="80" HEIGHT="52" CONTENT="qui" WC="1.00" CC="000"/>
						<SP ID="P2_SP00508" HPOS="1165" VPOS="3262" WIDTH="21"/>
						<String ID="P2_ST00559" HPOS="1186" VPOS="3223" WIDTH="54" HEIGHT="27" CONTENT="ne" WC="0.78" CC="40"/>
						<SP ID="P2_SP00509" HPOS="1240" VPOS="3262" WIDTH="21"/>
						<String ID="P2_ST00560" HPOS="1261" VPOS="3210" WIDTH="156" HEIGHT="41" CONTENT="devait" WC="0.99" CC="000700"/>
						<SP ID="P2_SP00510" HPOS="1417" VPOS="3262" WIDTH="33"/>
						<String ID="P2_ST00561" HPOS="1450" VPOS="3212" WIDTH="103" HEIGHT="51" CONTENT="plus" WC="1.00" CC="0002"/>
						<SP ID="P2_SP00511" HPOS="1553" VPOS="3263" WIDTH="30"/>
						<String ID="P2_ST00562" HPOS="1583" VPOS="3210" WIDTH="344" HEIGHT="54" CONTENT="s'interrompre" WC="1.00" CC="0000000000000"/>
						<SP ID="P2_SP00512" HPOS="1927" VPOS="3264" WIDTH="10"/>
						<String ID="P2_ST00563" HPOS="1937" VPOS="3213" WIDTH="81" HEIGHT="49" CONTENT=";la" WC="1.00" CC="000"/>
						<SP ID="P2_SP00513" HPOS="2018" VPOS="3264" WIDTH="19"/>
						<String ID="P2_ST00564" HPOS="2037" VPOS="3212" WIDTH="81" HEIGHT="40" CONTENT="Bel" SUBS_TYPE="HypPart1" SUBS_CONTENT="Belgique" WC="0.98" CC="005"/>
						<HYP HPOS="2118" VPOS="3212" WIDTH="27" CONTENT="-"/>
					</TextLine>
					<TextLine ID="P2_TL00047" HPOS="146" VPOS="3267" WIDTH="2000" HEIGHT="59">
						<String ID="P2_ST00565" HPOS="146" VPOS="3267" WIDTH="137" HEIGHT="54" CONTENT="gique" SUBS_TYPE="HypPart2" SUBS_CONTENT="Belgique" WC="0.99" CC="03040"/>
						<SP ID="P2_SP00514" HPOS="283" VPOS="3321" WIDTH="24"/>
						<String ID="P2_ST00566" HPOS="307" VPOS="3272" WIDTH="44" HEIGHT="34" CONTENT="et" WC="0.78" CC="04"/>
						<SP ID="P2_SP00515" HPOS="351" VPOS="3321" WIDTH="23"/>
						<String ID="P2_ST00567" HPOS="374" VPOS="3267" WIDTH="301" HEIGHT="54" CONTENT="l'Allemagne" WC="0.84" CC="01700000800"/>
						<SP ID="P2_SP00516" HPOS="675" VPOS="3321" WIDTH="27"/>
						<String ID="P2_ST00568" HPOS="702" VPOS="3278" WIDTH="274" HEIGHT="45" CONTENT="accaparent" WC="1.00" CC="9000000001"/>
						<SP ID="P2_SP00517" HPOS="976" VPOS="3323" WIDTH="20"/>
						<String ID="P2_ST00569" HPOS="996" VPOS="3278" WIDTH="98" HEIGHT="33" CONTENT="tout" WC="1.00" CC="0000"/>
						<SP ID="P2_SP00518" HPOS="1094" VPOS="3323" WIDTH="15"/>
						<String ID="P2_ST00570" HPOS="1109" VPOS="3271" WIDTH="190" HEIGHT="41" CONTENT="d'abord" WC="0.99" CC="0100360"/>
						<SP ID="P2_SP00519" HPOS="1299" VPOS="3323" WIDTH="19"/>
						<String ID="P2_ST00571" HPOS="1318" VPOS="3273" WIDTH="193" HEIGHT="39" CONTENT="Pauline" WC="1.00" CC="3000000"/>
						<SP ID="P2_SP00520" HPOS="1511" VPOS="3323" WIDTH="27"/>
						<String ID="P2_ST00572" HPOS="1538" VPOS="3272" WIDTH="186" HEIGHT="50" CONTENT="Garcia," WC="0.99" CC="0900003"/>
						<SP ID="P2_SP00521" HPOS="1724" VPOS="3323" WIDTH="26"/>
						<String ID="P2_ST00573" HPOS="1750" VPOS="3274" WIDTH="78" HEIGHT="52" CONTENT="qui" WC="0.99" CC="030"/>
						<SP ID="P2_SP00522" HPOS="1828" VPOS="3326" WIDTH="20"/>
						<String ID="P2_ST00574" HPOS="1848" VPOS="3276" WIDTH="25" HEIGHT="37" CONTENT="à" WC="1.00" CC="0"/>
						<SP ID="P2_SP00523" HPOS="1873" VPOS="3326" WIDTH="19"/>
						<String ID="P2_ST00575" HPOS="1892" VPOS="3274" WIDTH="254" HEIGHT="49" CONTENT="Francfort" WC="0.99" CC="000800609"/>
					</TextLine>
					<TextLine ID="P2_TL00048" HPOS="146" VPOS="3328" WIDTH="1998" HEIGHT="57">
						<String ID="P2_ST00576" HPOS="146" VPOS="3329" WIDTH="160" HEIGHT="40" CONTENT="chante" WC="0.98" CC="005445"/>
						<SP ID="P2_SP00524" HPOS="306" VPOS="3369" WIDTH="32"/>
						<String ID="P2_ST00577" HPOS="338" VPOS="3328" WIDTH="25" HEIGHT="40" CONTENT="à" WC="0.80" CC="1"/>
						<SP ID="P2_SP00525" HPOS="363" VPOS="3369" WIDTH="28"/>
						<String ID="P2_ST00578" HPOS="391" VPOS="3328" WIDTH="98" HEIGHT="40" CONTENT="côté" WC="0.99" CC="3001"/>
						<SP ID="P2_SP00526" HPOS="489" VPOS="3369" WIDTH="19"/>
						<String ID="P2_ST00579" HPOS="508" VPOS="3329" WIDTH="54" HEIGHT="40" CONTENT="de" WC="1.00" CC="00"/>
						<SP ID="P2_SP00527" HPOS="562" VPOS="3369" WIDTH="23"/>
						<String ID="P2_ST00580" HPOS="585" VPOS="3333" WIDTH="42" HEIGHT="36" CONTENT="la" WC="0.78" CC="40"/>
						<SP ID="P2_SP00528" HPOS="627" VPOS="3369" WIDTH="23"/>
						<String ID="P2_ST00581" HPOS="650" VPOS="3330" WIDTH="183" HEIGHT="54" CONTENT="Sontag" WC="0.97" CC="000100"/>
						<SP ID="P2_SP00529" HPOS="833" VPOS="3384" WIDTH="17"/>
						<String ID="P2_ST00582" HPOS="850" VPOS="3344" WIDTH="51" HEIGHT="28" CONTENT="en" WC="0.83" CC="03"/>
						<SP ID="P2_SP00530" HPOS="901" VPOS="3384" WIDTH="19"/>
						<String ID="P2_ST00583" HPOS="920" VPOS="3333" WIDTH="79" HEIGHT="52" CONTENT="qui" WC="0.97" CC="070"/>
						<SP ID="P2_SP00531" HPOS="999" VPOS="3385" WIDTH="29"/>
						<String ID="P2_ST00584" HPOS="1028" VPOS="3334" WIDTH="83" HEIGHT="39" CONTENT="elle" WC="0.99" CC="0006"/>
						<SP ID="P2_SP00532" HPOS="1111" VPOS="3385" WIDTH="24"/>
						<String ID="P2_ST00585" HPOS="1135" VPOS="3340" WIDTH="157" HEIGHT="34" CONTENT="trouve" WC="1.00" CC="000000"/>
						<SP ID="P2_SP00533" HPOS="1292" VPOS="3385" WIDTH="25"/>
						<String ID="P2_ST00586" HPOS="1317" VPOS="3347" WIDTH="85" HEIGHT="28" CONTENT="une" WC="0.97" CC="520"/>
						<SP ID="P2_SP00534" HPOS="1402" VPOS="3385" WIDTH="30"/>
						<String ID="P2_ST00587" HPOS="1432" VPOS="3334" WIDTH="119" HEIGHT="40" CONTENT="amie" WC="1.00" CC="0000"/>
						<SP ID="P2_SP00535" HPOS="1551" VPOS="3385" WIDTH="33"/>
						<String ID="P2_ST00588" HPOS="1584" VPOS="3340" WIDTH="44" HEIGHT="33" CONTENT="et" WC="1.00" CC="00"/>
						<SP ID="P2_SP00536" HPOS="1628" VPOS="3385" WIDTH="22"/>
						<String ID="P2_ST00589" HPOS="1650" VPOS="3347" WIDTH="82" HEIGHT="27" CONTENT="non" WC="0.97" CC="080"/>
						<SP ID="P2_SP00537" HPOS="1732" VPOS="3385" WIDTH="40"/>
						<String ID="P2_ST00590" HPOS="1772" VPOS="3349" WIDTH="85" HEIGHT="26" CONTENT="une" WC="1.00" CC="000"/>
						<SP ID="P2_SP00538" HPOS="1857" VPOS="3385" WIDTH="32"/>
						<String ID="P2_ST00591" HPOS="1889" VPOS="3337" WIDTH="159" HEIGHT="39" CONTENT="rivale." WC="0.99" CC="0207033"/>
						<SP ID="P2_SP00539" HPOS="2048" VPOS="3385" WIDTH="24"/>
						<String ID="P2_ST00592" HPOS="2072" VPOS="3337" WIDTH="72" HEIGHT="39" CONTENT="Au" WC="0.82" CC="03"/>
					</TextLine>
					<TextLine ID="P2_TL00049" HPOS="147" VPOS="3390" WIDTH="1993" HEIGHT="60">
						<String ID="P2_ST00593" HPOS="147" VPOS="3392" WIDTH="106" HEIGHT="39" CONTENT="bout" WC="0.99" CC="0060"/>
						<SP ID="P2_SP00540" HPOS="253" VPOS="3431" WIDTH="18"/>
						<String ID="P2_ST00594" HPOS="271" VPOS="3390" WIDTH="127" HEIGHT="40" CONTENT="d'une" WC="1.00" CC="00010"/>
						<SP ID="P2_SP00541" HPOS="398" VPOS="3431" WIDTH="19"/>
						<String ID="P2_ST00595" HPOS="417" VPOS="3391" WIDTH="157" HEIGHT="49" CONTENT="année," WC="1.00" CC="000200"/>
						<SP ID="P2_SP00542" HPOS="574" VPOS="3440" WIDTH="13"/>
						<String ID="P2_ST00596" HPOS="587" VPOS="3392" WIDTH="39" HEIGHT="39" CONTENT="le" WC="1.00" CC="00"/>
						<SP ID="P2_SP00543" HPOS="626" VPOS="3440" WIDTH="24"/>
						<String ID="P2_ST00597" HPOS="650" VPOS="3390" WIDTH="26" HEIGHT="60" CONTENT="i" WC="1.00" CC="0"/>
						<SP ID="P2_SP00544" HPOS="676" VPOS="3450" WIDTH="26"/>
						<String ID="P2_ST00598" HPOS="702" VPOS="3390" WIDTH="27" HEIGHT="60" CONTENT="5" WC="1.00" CC="0"/>
						<SP ID="P2_SP00545" HPOS="729" VPOS="3450" WIDTH="26"/>
						<String ID="P2_ST00599" HPOS="755" VPOS="3390" WIDTH="210" HEIGHT="60" CONTENT="décembre" WC="1.00" CC="00000000"/>
						<SP ID="P2_SP00546" HPOS="965" VPOS="3450" WIDTH="24"/>
						<String ID="P2_ST00600" HPOS="989" VPOS="3392" WIDTH="145" HEIGHT="54" CONTENT="1838," WC="0.74" CC="01083"/>
						<SP ID="P2_SP00547" HPOS="1134" VPOS="3450" WIDTH="19"/>
						<String ID="P2_ST00601" HPOS="1153" VPOS="3396" WIDTH="316" HEIGHT="40" CONTENT="anniversaire" WC="1.00" CC="000000008002"/>
						<SP ID="P2_SP00548" HPOS="1469" VPOS="3450" WIDTH="16"/>
						<String ID="P2_ST00602" HPOS="1485" VPOS="3396" WIDTH="54" HEIGHT="39" CONTENT="de" WC="1.00" CC="00"/>
						<SP ID="P2_SP00549" HPOS="1539" VPOS="3450" WIDTH="14"/>
						<String ID="P2_ST00603" HPOS="1553" VPOS="3408" WIDTH="69" HEIGHT="28" CONTENT="ses" WC="0.98" CC="040"/>
						<SP ID="P2_SP00550" HPOS="1622" VPOS="3450" WIDTH="17"/>
						<String ID="P2_ST00604" HPOS="1639" VPOS="3396" WIDTH="158" HEIGHT="41" CONTENT="débuts" WC="0.99" CC="000242"/>
						<SP ID="P2_SP00551" HPOS="1797" VPOS="3450" WIDTH="15"/>
						<String ID="P2_ST00605" HPOS="1812" VPOS="3398" WIDTH="54" HEIGHT="40" CONTENT="de" WC="1.00" CC="00"/>
						<SP ID="P2_SP00552" HPOS="1866" VPOS="3450" WIDTH="13"/>
						<String ID="P2_ST00606" HPOS="1879" VPOS="3398" WIDTH="261" HEIGHT="52" CONTENT="Bruxelles," WC="1.00" CC="0050000604"/>
					</TextLine>
					<TextLine ID="P2_TL00050" HPOS="145" VPOS="3451" WIDTH="2001" HEIGHT="61">
						<String ID="P2_ST00607" HPOS="145" VPOS="3454" WIDTH="195" HEIGHT="39" CONTENT="Pauline" WC="1.00" CC="0010000"/>
						<SP ID="P2_SP00553" HPOS="340" VPOS="3493" WIDTH="23"/>
						<String ID="P2_ST00608" HPOS="363" VPOS="3451" WIDTH="170" HEIGHT="42" CONTENT="Garcia" WC="1.00" CC="000000"/>
						<SP ID="P2_SP00554" HPOS="533" VPOS="3493" WIDTH="22"/>
						<String ID="P2_ST00609" HPOS="555" VPOS="3466" WIDTH="45" HEIGHT="27" CONTENT="se" WC="0.84" CC="03"/>
						<SP ID="P2_SP00555" HPOS="600" VPOS="3493" WIDTH="5"/>
						<String ID="P2_ST00610" HPOS="605" VPOS="3453" WIDTH="102" HEIGHT="54" CONTENT="fait" WC="1.00" CC="0000"/>
						<SP ID="P2_SP00556" HPOS="707" VPOS="3507" WIDTH="15"/>
						<String ID="P2_ST00611" HPOS="722" VPOS="3455" WIDTH="230" HEIGHT="40" CONTENT="acclamer" WC="1.00" CC="00000000"/>
						<SP ID="P2_SP00557" HPOS="952" VPOS="3507" WIDTH="13"/>
						<String ID="P2_ST00612" HPOS="965" VPOS="3469" WIDTH="94" HEIGHT="39" CONTENT="par" WC="0.97" CC="007"/>
						<SP ID="P2_SP00558" HPOS="1059" VPOS="3508" WIDTH="19"/>
						<String ID="P2_ST00613" HPOS="1078" VPOS="3458" WIDTH="40" HEIGHT="39" CONTENT="le" WC="1.00" CC="00"/>
						<SP ID="P2_SP00559" HPOS="1118" VPOS="3508" WIDTH="21"/>
						<String ID="P2_ST00614" HPOS="1139" VPOS="3457" WIDTH="151" HEIGHT="52" CONTENT="public" WC="1.00" CC="030000"/>
						<SP ID="P2_SP00560" HPOS="1290" VPOS="3509" WIDTH="7"/>
						<String ID="P2_ST00615" HPOS="1297" VPOS="3458" WIDTH="210" HEIGHT="52" CONTENT="parisien" WC="1.00" CC="08000002"/>
						<SP ID="P2_SP00561" HPOS="1507" VPOS="3510" WIDTH="17"/>
						<String ID="P2_ST00616" HPOS="1524" VPOS="3457" WIDTH="111" HEIGHT="40" CONTENT="dans" WC="1.00" CC="0000"/>
						<SP ID="P2_SP00562" HPOS="1635" VPOS="3510" WIDTH="21"/>
						<String ID="P2_ST00617" HPOS="1656" VPOS="3471" WIDTH="56" HEIGHT="27" CONTENT="un" WC="1.00" CC="00"/>
						<SP ID="P2_SP00563" HPOS="1712" VPOS="3510" WIDTH="17"/>
						<String ID="P2_ST00618" HPOS="1729" VPOS="3465" WIDTH="186" HEIGHT="35" CONTENT="concert" WC="0.99" CC="0870003"/>
						<SP ID="P2_SP00564" HPOS="1915" VPOS="3510" WIDTH="14"/>
						<String ID="P2_ST00619" HPOS="1929" VPOS="3460" WIDTH="217" HEIGHT="52" CONTENT="organisé" WC="0.99" CC="60000107"/>
					</TextLine>
				</TextBlock>
			</PrintSpace>
		</Page>
	</Layout>
</alto>
