2263 3736
756 205 78 27 LES
869 198 289 34 CARACTÈRES
1192 206 56 26 DE
1279 206 53 26 LA
1363 208 143 26 DANSE

2052 205 70 36 331

125 298 173 59 rivale,
318 302 26 43 à
365 299 44 46 la
431 298 127 47 suite
582 301 60 44 de
665 299 222 47 démêlés
910 316 114 30 avec
1042 301 44 45 la
1106 301 247 47 direction
1373 302 60 46 de
1456 301 223 63 l'Opéra,
1711 313 72 36 est
1808 302 157 62 partie
2001 317 127 47 pour

126 374 250 46 Londres.

187 448 89 57 Là,
318 448 133 46 John
477 447 144 58 Rich,
648 448 43 46 le
727 448 251 46 directeur
1011 449 68 46 du
1124 448 191 47 théâtre
1352 449 59 46 de
1444 448 256 47 Lincoln's
1750 451 94 45 Inn
1872 451 186 57 Fields,
2098 467 27 29 a

124 520 160 47 formé
317 538 96 31 une
446 534 180 50 troupe
673 522 425 63 franco-anglaise
1141 527 98 43 très
1273 527 178 58 goûtée
1494 524 118 46 d'un
1656 524 168 62 public
1863 525 88 61 qui
1990 524 134 64 prise

125 609 61 32 au
217 595 114 61 plus
370 597 119 45 haut
525 595 143 63 point
692 595 44 47 la
760 595 313 63 pantomime
1098 608 47 34 et
1174 598 70 44 les
1274 598 197 47 ballets.

188 666 75 50 Or
291 670 53 46 M
347 670 38 28 lle
414 669 148 58 Sallé,
596 686 90 30 son
719 672 128 45 frère
882 683 47 33 et
954 686 66 31 un
1056 683 141 34 autre
1236 683 169 36 acteur
1435 673 163 46 forain
1630 678 204 42 nommé
1866 674 256 57 Nivellon,

125 744 87 61 qui
237 758 114 33 sont
379 746 67 45 les
465 745 220 46 vedettes
708 746 59 46 de
799 745 254 46 Lincoln's
1079 746 95 45 Inn
1192 745 185 59 Fields,
1404 760 303 50 reprennent
1729 764 85 31 sur
1835 759 125 36 cette
1980 752 144 41 scène

125 818 221 61 anglaise
381 820 131 45 leurs
552 821 166 45 succès
764 819 265 62 parisiens.
1065 820 94 45 Les
1189 835 351 47 programmes
1575 821 315 56 sommaires,
1924 820 197 62 publiés

122 893 125 45 dans
277 891 70 47 les
383 893 246 59 journaux
666 894 66 46 du
766 906 183 50 temps,
988 906 304 45 annoncent,
1336 910 92 46 par
1470 896 242 61 exemple,
1744 912 95 44 que
1888 895 237 46 Nivellon

121 969 258 44 exécutera
425 967 43 46 la
496 967 191 46 célèbre
731 988 21 23 «
786 967 246 47 sabotière
1056 988 21 23 »
2100 969 28 61 (w
1366 969 166 59 dance)
1569 969 122 62 qu'il
1729 969 131 45 avait
1888 971 138 43 créée
2059 983 62 31 en

130 1040 141 61 1728,
296 1041 99 47 lors
437 1042 59 46 de
550 1058 76 30 ses
658 1042 182 47 débuts
883 1045 24 43 à
940 1042 46 46 la
1035 1042 146 47 Foire
1240 1042 414 60 Saint-Laurent,
1684 1045 124 46 dans
1841 1044 198 45 Achmet
2079 1053 46 35 et

122 1114 289 64 Alman\ine
427 1119 79 58 (1),
539 1129 46 34 et
620 1116 86 62 qui
745 1134 144 46 passa
926 1119 285 61 longtemps
1254 1134 129 47 pour
1411 1120 43 44 le
1498 1119 195 47 modèle
1736 1120 66 44 du
1846 1133 151 47 genre
2025 1130 11 47 ;
2077 1130 47 33 et

121 1204 130 30 nous
263 1205 32 46 y
315 1205 192 47 voyons
529 1204 212 34 souvent
757 1195 256 43 annoncés
1042 1191 133 48 aussi
1207 1211 20 23 «
1253 1192 63 47 les
1343 1194 292 45 Caractères
1656 1192 122 47 delà
1959 1229 9 19 ,
1997 1192 124 47 dans

120 1263 221 61 lesquels
371 1277 113 33 sont
507 1266 300 62 développés
839 1279 114 34 tous
973 1267 71 46 les
1080 1280 354 34 mouvements
1465 1268 58 46 de
1546 1268 44 45 la
1625 1268 152 45 danse
1810 1287 20 22 »
1857 1266 70 62 (in
1964 1266 156 48 rvhich

121 1352 89 31 are
346 1337 208 64 display'
499 1341 66 43 d
566 1338 29 46 ail
1081 1338 75 46 the
1297 1346 291 39 movements
1913 1340 47 45 in
2053 1340 75 45 dan
1301 1343 30 56 ),
1354 1341 300 61 interprétés
1687 1356 89 46 par
1804 1342 52 45 M
1860 1340 36 28 lle
1914 1340 130 47 Sallé
2073 1351 49 34 et

122 1426 92 30 son
238 1411 145 47 frère.

184 1486 141 58 Puis,
365 1487 143 60 après
532 1501 97 30 une
665 1486 303 62 triomphale
999 1488 397 60 représentation
1420 1492 26 42 à
1479 1488 235 59 bénéfice,
1745 1503 96 46 que
1884 1488 42 45 le
1962 1487 92 56 roi,
2078 1488 43 45 la

122 1558 137 46 reine
290 1571 48 34 et
367 1559 69 45 les
469 1559 283 61 princesses
794 1559 254 46 honorent
1072 1562 60 44 de
1162 1561 108 47 leur
1300 1564 254 59 présence,
1576 1562 45 46 la
1642 1561 240 47 ballerine
1922 1559 200 47 revient

122 1637 27 42 à
181 1633 160 57 Paris,
366 1646 164 34 rentre
560 1638 26 41 à
606 1633 206 62 l'Opéra
835 1651 61 30 au
919 1634 129 47 mois
1079 1635 58 46 de
1156 1635 107 59 juin
1306 1638 141 60 1731,
1480 1648 46 34 et
1546 1637 42 44 le
1614 1635 181 47 silence
1827 1651 48 29 se
1899 1634 107 57 fait,
2053 1649 68 32 un

120 1719 247 43 moment,
402 1723 86 32 sur
529 1708 42 46 le
601 1707 409 48 divertissement
1047 1710 61 46 de
1150 1709 174 46 Rebel.

1109 1921 66 44 IV

181 2077 70 49 Ce
277 2079 127 45 n'est
433 2094 88 46 pas
557 2077 62 46 ici
643 2079 42 44 le
724 2077 98 47 lieu
861 2077 317 63 d'expliquer
1208 2090 111 34 tout
1341 2094 60 30 au
1433 2079 117 61 long
1578 2077 252 63 pourquoi
1865 2079 53 44 M
1922 2076 20 29 1
1989 2076 131 48 Sallé

121 2151 163 62 quitta
309 2152 60 45 de
412 2168 230 30 nouveau
675 2152 306 46 l'Académie
1009 2154 165 59 royale
1216 2154 58 44 de
1298 2152 235 60 musique
1580 2168 61 30 en
1679 2152 118 60 1732
1832 2164 48 33 et
1912 2150 210 63 repartit

121 2241 131 46 pour
276 2226 227 46 Londres
527 2230 26 42 à
574 2227 46 45 la
651 2226 67 44 fin
743 2227 60 45 de
846 2226 141 60 1733.
1021 2225 54 48 Si
1104 2227 70 45 les
1204 2225 237 59 jalousies
1458 2226 289 61 auxquelles
1777 2226 90 44 elle
1898 2241 49 29 se
1982 2237 112 35 trou-

118 2300 102 45 vait
249 2300 134 45 alors
404 2315 62 30 en
491 2300 138 47 butte
653 2298 381 47 contribuèrent
1068 2315 130 46 pour
1217 2315 99 30 une
1350 2301 168 44 bonne
1541 2311 109 50 part
1678 2302 27 43 à
1726 2311 126 34 cette
1886 2298 205 46 détermi-

118 2372 193 58 nation,
338 2373 33 45 il
402 2372 105 47 faut
538 2389 49 30 se
625 2373 230 61 rappeler
878 2372 133 46 aussi
1040 2389 97 45 que
1170 2373 44 45 la
1244 2375 246 44 danseuse
1513 2372 147 60 avait,
1684 2387 85 32 sur
1805 2373 44 45 la
1885 2372 237 62 question

118 2448 87 46 des
234 2447 196 57 ballets,
463 2447 86 46 des
578 2448 136 45 idées
752 2450 99 43 très
880 2448 365 60 personnelles,
1268 2451 100 42 très
1400 2466 21 23 «
1462 2451 238 42 avancées
1738 2466 42 34 »,
1808 2444 314 64 pourrait-on

117 2522 125 58 dire,
278 2535 47 33 et
371 2537 60 29 en
468 2521 291 63 opposition
799 2522 206 47 absolue
1053 2537 116 31 avec
1217 2522 147 46 celles
1399 2523 58 46 de
1501 2538 77 30 ses
1608 2522 294 57 directeurs,
1936 2522 59 44 de
2039 2536 78 30 ses

118 2596 286 45 camarades
435 2607 45 34 et
510 2597 59 44 de
610 2596 44 45 la
691 2596 111 61 plus
832 2597 189 60 grande
1046 2594 157 63 partie
1227 2596 67 45 du
1324 2594 171 63 public
1521 2608 8 32 :
1559 2596 42 44 le
1630 2594 138 63 dépit
1810 2596 60 45 de
1900 2611 61 29 ne
1998 2610 93 45 pou-

116 2669 110 46 voir
259 2669 121 46 faire
403 2682 227 48 accepter
654 2686 77 29 ses
752 2684 118 31 vues
908 2669 69 46 lui
1016 2671 205 60 rappela
1258 2669 134 46 John
1430 2669 129 46 Rich
1583 2682 45 33 et
1659 2671 70 44 les
1752 2669 280 61 triomphes
2062 2669 59 45 de

120 2743 255 47 Lincoln's
399 2745 95 45 Inn
517 2744 187 46 Fields.
733 2745 89 56 Là,
845 2749 268 56 peut-être,
1136 2759 66 30 on
1231 2743 227 62 pourrait
1489 2756 162 33 tenter
1673 2744 216 60 quelque
1909 2743 207 46 chose...

182 2817 137 48 C'est
348 2833 112 46 que,
485 2818 286 61 vingt-sept
802 2833 87 31 ans
939 2829 147 33 avant
1117 2818 245 57 Noverre,
1387 2818 52 44 M
1444 2814 40 27 Us
1532 2815 129 49 Sallé
1686 2815 130 46 avait
1848 2832 60 29 eu
1933 2815 164 46 l'intui-

117 2893 109 45 tion
247 2894 67 44 du
346 2911 20 24 «
393 2893 151 45 ballet
563 2892 216 46 d'action
818 2912 21 21 »
868 2908 10 41 ;
927 2892 92 45 elle
1051 2890 157 47 s'était
1239 2894 308 58 préoccupée
1576 2892 59 44 de
1670 2890 148 46 relier
1846 2905 61 31 au
1945 2890 174 45 drame

116 2968 71 45 les
235 2966 305 46 intermèdes
590 2968 59 44 de
691 2966 154 46 danse
902 2965 85 62 qui
1033 2964 231 47 venaient
1306 2965 368 61 brusquement
1714 2977 48 34 et
1804 2964 317 47 inutilement

117 3040 391 62 l'interrompre,
536 3057 115 30 sans
691 3052 140 35 autre
861 3039 172 47 raison
1061 3055 96 45 que
1193 3039 119 46 celle
1349 3040 58 46 de
1438 3038 197 47 fournir
1669 3043 27 42 à
1724 3039 191 61 chaque
1949 3039 170 60 étoile,

118 3116 204 45 homme
351 3130 65 31 ou
461 3115 202 56 femme,
696 3112 267 47 l'occasion
997 3115 59 44 de
1093 3114 165 61 placer
1300 3129 90 30 son
1421 3133 21 23 «
1468 3118 169 41 entrée
1683 3133 20 23 »
1741 3112 209 47 favorite
1970 3125 12 47 ;
2029 3114 91 44 elle

120 3187 162 49 aurait
331 3189 229 45 souhaité
610 3187 112 47 voir
772 3189 70 44 les
892 3187 176 46 ballets
1112 3186 264 62 intrigués,
1402 3203 50 29 se
1490 3187 188 46 mêlant
1705 3190 26 43 à
1754 3186 200 47 l'action
1976 3189 118 59 géné-

120 3262 118 59 rale,
271 3274 198 34 servant
508 3264 42 44 le
583 3264 170 44 drame
784 3261 198 62 lyrique
1032 3278 59 30 au
1129 3260 99 48 lieu
1272 3262 59 45 de
1380 3261 386 62 l'interrompre,
1799 3273 147 49 ayant
1988 3261 133 47 leurs

170 3427 52 48 (1)
253 3427 172 36 Achmet
454 3434 41 29 et
822 3427 218 50 Almanpne,
1041 3427 172 50 opéra-comique
1220 3428 49 38 de
1297 3429 56 37 Le
1385 3429 105 50 Sage
1513 3438 40 29 et
1580 3429 242 46 d'Orneval,
1842 3429 196 50 musique
2071 3429 48 37 de

120 3481 208 50 Fuzelier,
349 3482 242 50 représenté
615 3482 23 37 à
660 3482 39 37 la
723 3481 139 46 Foire,
883 3481 38 39 le
945 3482 51 37 3o
1027 3482 89 50 juin
1142 3484 113 48 1728.
