2263 3736
165 210 76 46 346

990 215 325 28 INFORMATIONS

162 315 293 48 Beaux-Arts,
476 320 21 35 à
521 314 149 42 l'école
694 315 279 40 communale
993 315 51 38 de
1064 314 38 39 la
1126 311 132 42 Seine
1284 312 73 51 qui
1381 319 269 43 remportera
1686 310 39 40 le
1750 324 12 26 lerI
1773 315 31 17 er
1825 311 93 51 prix
1941 325 53 26 au
2031 326 77 38 pro-

161 384 129 39 chain
313 396 213 27 concours
549 383 75 39 des
643 382 224 51 orphéons
889 382 209 39 scolaires
1117 381 52 39 de
1197 393 46 26 ce
1265 380 320 50 département.

217 493 318 41 ARMENTIÈRES
548 525 7 7 .
584 492 144 40 -—On
758 506 199 26 annonce
989 492 39 39 la
1064 491 239 52 prochaine
1334 487 362 42 transformation
1720 489 53 39 de
1809 489 10 38 1
1839 489 223 41 académie
2084 491 52 40 de

162 563 207 50 musique
390 559 344 42 d'Armentières
757 573 54 26 en
835 560 118 40 école
976 558 223 40 nationale
1222 558 52 39 de
1292 558 221 50 musique.

217 672 216 40 CAMBRAI.
542 669 62 41 La
631 671 103 40 ville
753 671 52 40 de
828 670 210 40 Cambrai
1061 679 63 31 est
1158 683 53 26 en
1235 671 197 38 instance
1456 673 157 45 auprès
1648 667 53 39 de
1739 665 399 42 l'Administration

161 741 76 39 des
256 738 276 41 Beaux-Arts
583 752 113 38 pour
718 738 174 40 obtenir
915 739 38 39 la
980 737 363 41 transformation
1365 736 52 39 de
1437 748 80 26 son
1539 736 118 39 école
1677 735 266 50 municipale
1963 734 51 40 de
2038 749 68 25 mu-

163 809 124 50 sique
314 821 53 26 en
386 807 118 40 école
524 807 241 40 nationale.

214 911 261 41 CHAMBÉRY.
567 910 63 40 La
666 911 212 39 direction
911 910 53 38 de
993 908 149 40 l'école
1172 907 224 40 nationale
1419 906 52 40 de
1510 908 205 49 musique
1740 914 66 31 est
1829 906 309 40 actuellement

161 988 180 31 vacante
360 993 80 37 par
462 980 111 38 suite
592 978 53 39 de
664 978 40 38 la
722 978 242 38 démission
986 976 51 39 de
1058 976 62 39 M.
1150 975 148 41 Wûst.
1324 973 165 41 Toutes
1512 973 241 40 demandes
1788 973 53 39 de
1883 976 232 47 renseigne-

162 1056 141 30 ments
327 1053 266 32 concernant
617 1053 64 31 cet
704 1044 166 51 emploi
886 1044 179 39 doivent
1087 1047 88 35 être
1200 1042 227 40 adressées
1450 1055 79 37 par
1551 1041 61 39 les
1635 1042 235 38 intéressés
1898 1044 20 36 à
1940 1041 38 39 la
1999 1042 113 39 muni-

161 1113 174 51 cipalité
354 1113 51 39 de
429 1110 255 52 Chambéry
705 1124 55 26 ou
786 1115 21 34 à
828 1111 38 39 la
892 1110 249 40 Préfecture
1164 1111 53 38 de
1239 1110 39 39 la
1301 1108 177 41 Savoie.

219 1217 117 39 FÊTE
356 1229 258 27 NATIONALE.
715 1214 96 42 Une
836 1228 170 27 somme
1025 1216 53 38 de
1099 1226 150 28 12.000
1272 1212 145 41 francs
1440 1221 65 32 est
1530 1216 197 36 réservée
1751 1225 111 38 pour
1883 1215 88 37 être
1990 1217 126 46 répar-

160 1286 56 38 tie
236 1297 54 27 en
319 1296 97 38 1905
445 1292 121 30 entre
591 1283 61 39 les
678 1282 258 40 théâtresde
953 1282 125 40 Paris
1110 1283 75 50 qui
1216 1282 264 48 donneront,
1501 1280 37 39 le
1564 1294 44 35 14
1630 1280 138 51 juillet
1810 1280 227 51 prochain,
2063 1280 77 39 des

160 1352 374 51 représentatoins
577 1352 228 49 gratuites.

216 1463 243 40 CONCOURS
478 1460 252 40 CRESSENT.
757 1459 130 41 —Le
908 1461 95 51 jury
1022 1460 58 40 du
1103 1473 43 26 12
1152 1464 14 17 e
1186 1471 212 28 concours
1418 1458 53 40 de
1494 1458 38 39 la
1557 1456 230 42 fondation
1810 1456 223 51 Cressent,
2060 1471 54 27 ou-

159 1539 93 32 vert
273 1543 110 38 pour
399 1528 40 40 la
463 1529 296 49 composition
776 1528 104 39 d'un
904 1540 195 36 ouvrage
1122 1527 188 51 lyrique,
1330 1540 21 25 a
1370 1527 186 39 terminé
1578 1525 214 40 l'examen
1809 1526 75 38 des
1907 1527 233 49 partitions

161 1599 229 50 déposées.

215 1664 31 39 Il
270 1665 69 39 n'a
363 1661 189 42 attribué
575 1663 42 38 ni
641 1663 94 50 prix
760 1663 44 37 ni
828 1663 198 38 mention
1047 1675 82 26 aux
1162 1662 233 50 partitions
1428 1661 153 38 écrites
1614 1672 75 27 sur
1722 1660 38 39 le
1799 1660 124 40 livret
1963 1660 62 39 La
2058 1668 55 46 pu-

154 1731 107 54 pille
287 1732 49 38 de
357 1729 166 54 Figaro
532 1759 8 17 ,
567 1733 226 36 couronné
814 1743 53 26 au
892 1741 214 28 concours
1126 1727 226 53 préalable
1371 1727 52 40 de
1446 1732 196 46 poèmes.

216 1795 31 40 Il
277 1809 21 25 a
322 1795 184 39 décerné
527 1807 85 27 une
630 1795 196 38 mention
850 1798 21 34 à
893 1794 39 38 la
953 1794 210 51 partition
1186 1795 130 38 écrite
1336 1807 80 37 par
1438 1793 61 40 M.
1522 1794 217 50 Bellenot,
1760 1798 159 36 maître
1952 1795 53 39 de
2038 1795 78 39 cha-

159 1863 114 51 pelle
298 1866 20 35 à
338 1860 351 52 Saint-Sulpice,
713 1874 75 26 sur
805 1875 59 25 un
888 1861 126 39 livret
1031 1860 173 40 intitulé
1223 1860 174 40 Naristé
1404 1893 8 17 ,
1448 1863 74 49 qui
1544 1875 21 25 a
1583 1874 113 38 pour
1720 1869 155 32 auteur
1903 1860 63 41 M.
1992 1860 146 41 Alban

158 1931 54 39 de
231 1929 179 49 Polhes,
432 1929 260 39 demeurant
715 1931 20 35 à
756 1927 141 40 Paris.

214 1996 96 40 Aux
331 2005 158 30 termes
518 1995 57 39 du
598 1994 260 50 règlement,
878 1995 61 39 les
976 2002 176 32 auteurs
1176 1994 52 40 de
1257 1994 38 40 la
1314 1996 210 50 partition
1548 2003 41 32 et
1615 1995 55 40 du
1696 1996 125 39 livret
1858 1997 279 38 mentionnés

161 2072 156 32 auront
350 2063 113 39 droit
486 2063 364 49 respectivement
873 2065 21 35 à
920 2074 85 27 une
1022 2062 139 50 prime
1178 2061 52 39 de
1256 2074 124 38 1.500
1401 2061 159 40 francs.

212 2130 87 41 Les
339 2138 146 31 autres
519 2137 288 31 concurrents
830 2136 190 44 peuvent
1047 2128 78 40 dès
1162 2129 279 39 maintenant
1480 2130 152 38 retirer
1666 2129 117 39 leurs
1818 2131 233 49 partitions
2088 2138 41 31 et

160 2199 150 38 livrets
334 2211 54 26 au
412 2196 174 40 Bureau
605 2196 77 39 des
700 2195 231 47 Théâtres,
953 2209 36 36 3,
1016 2208 75 26 rue
1104 2195 52 39 de
1176 2194 169 51 Valois,
1371 2209 74 26 sur
1463 2195 40 40 la
1521 2197 299 50 présentation
1840 2197 56 39 du
1919 2199 220 49 récépissé

159 2266 74 50 qui
257 2264 94 40 leur
370 2278 21 25 a
421 2267 67 36 été
505 2263 165 39 délivré
695 2276 54 26 au
771 2272 198 30 moment
991 2263 53 39 de
1057 2262 308 52 l'inscription.

212 2375 94 40 ART
329 2387 192 31 LYRIQUE
555 2387 50 25 ET
637 2387 301 31 DRAMATIQUE.
1037 2373 95 41 Une
1152 2375 287 38 commission
1459 2375 291 40 consultative
1774 2389 21 26 a
1823 2380 66 35 été
1912 2376 226 50 instituée,

158 2457 79 38 par
257 2446 140 36 arrêté
419 2441 258 40 ministériel
701 2453 54 27 en
778 2441 99 39 date
901 2441 58 40 du
983 2456 19 35 7
1026 2442 92 50 juin
1141 2449 197 41 courant,
1366 2447 157 46 auprès
1546 2443 56 38 du
1628 2440 411 42 Sous-Secrétariat
2061 2442 77 40 des

159 2508 293 48 Beaux-Arts,
498 2521 54 27 en
597 2521 83 26 vue
723 2508 269 40 d'examiner
1034 2509 62 40 les
1137 2522 198 27 mesures
1378 2513 21 35 à
1441 2510 188 50 prendre
1681 2523 110 38 pour
1830 2509 209 40 favoriser
2079 2511 62 39 les

159 2580 180 38 intérêts
362 2576 52 40 de
454 2575 109 41 l'Art
600 2576 282 51 dramatique
904 2585 40 31 et
967 2577 170 51 lyrique
1160 2585 40 31 et
1223 2577 38 39 le
1284 2577 365 52 développement
1671 2579 76 38 des
1771 2577 189 40 théâtres
1999 2590 114 39 popu-

158 2646 145 38 laires.
329 2643 97 40 Elle
444 2643 196 40 étudiera
663 2644 250 49 également
933 2653 144 31 toutes
1099 2645 63 39 les
1183 2643 292 53 questions'se
1510 2645 247 39 rattachant
1791 2659 81 25 aux
1895 2658 172 26 œuvres
2089 2645 53 40 de

158 2711 386 41 décentralisation
587 2712 248 50 artistique.
880 2711 125 41 Cette
1040 2713 288 39 commission
1360 2725 158 38 pourra
1554 2713 178 51 appeler
1765 2713 162 39 devant
1959 2712 82 40 elle
2075 2713 64 39 les

159 2781 239 39 directeurs
420 2780 53 38 de
513 2778 167 40 théâtre
703 2786 40 32 et
767 2787 143 32 toutes
932 2793 244 38 personnes
1200 2780 158 51 qu'elle
1378 2781 176 39 croirait
1576 2781 104 39 utile
1704 2781 253 39 d'entendre
1981 2792 75 27 sur
2079 2779 59 41 les

160 2848 230 50 questions
410 2848 218 38 soumises
650 2850 21 35 à
696 2858 80 28 son
798 2859 199 27 examen.

213 2913 126 41 Cette
361 2915 289 39 commission
672 2921 65 32 est
761 2919 233 47 composée
1016 2916 54 38 de
1091 2915 40 39 la
1154 2914 126 50 façon
1305 2916 201 37 suivante
1526 2927 8 26 :

217 2981 224 40 Président
463 2997 7 24 :
503 2980 62 41 M.
589 2980 465 53 Dujardin-Baumetz,
1090 2982 176 52 député,
1292 2980 384 42 Sous-Secrétaire
1701 2980 146 41 d'Etat
1877 2980 76 40 des
1973 2980 170 40 Beaux-

159 3048 102 40 Arts
279 3064 8 33 ;

213 3114 203 40 Membres
435 3131 7 24 :
473 3116 112 40 MM.
628 3117 61 38 les
737 3120 227 36 sénateurs
1005 3116 260 48 Déandréis,
1304 3116 197 40 Antonin
1524 3115 189 51 Dubost,
1738 3116 229 45 Poincaré,
1995 3114 147 49 Rivet,

157 3180 118 42 MM.
301 3183 61 39 les
396 3183 183 51 députés
604 3183 53 39 H.
699 3183 158 48 Maret,
896 3184 202 52 Coiiyba,
1130 3183 192 53 Goujon,
1348 3183 51 40 A.
1437 3182 62 41 Le
1538 3183 113 52 Roy,
1690 3182 222 50 Levraud,
1938 3181 205 42 Gérault-

161 3248 208 49 Richard,
403 3248 166 47 Massé,
603 3250 180 50 Briand,
809 3250 195 50 Meunié,
1031 3250 199 50 Sembat,
1256 3250 252 52 Millevoye,
1535 3250 199 50 Sarraut,
1759 3250 184 53 Simyan
1967 3261 9 38 ;

214 3315 112 40 MM.
351 3316 112 40 Paul
495 3316 184 50 Dislère,
706 3316 243 52 Chautard,
974 3318 184 46 Deville,
1179 3318 155 50 Turet,
1360 3318 113 40 Paul
1489 3318 138 47 Léon,
1646 3318 110 54 Jean
1794 3318 348 40 d'Estournelles

160 3384 54 38 de
248 3382 232 48 Constant,
504 3382 165 40 Adrien
711 3383 254 50 Bernheim,
996 3385 37 53 J,
1070 3385 207 49 Claretie,
1319 3384 229 50 Gailhard,
1588 3384 53 41 A.
1676 3386 152 50 Carré,
1864 3385 48 40 P.
1948 3384 194 53 Ginisty,

160 3450 54 41 V.
240 3449 189 51 Sardou,
456 3450 53 42 H.
535 3450 227 48 Lavedan,
804 3451 50 41 P.
878 3451 207 49 Hervieu,
1112 3452 240 51 Massenet,
1394 3453 53 40 A.
1473 3453 221 49 Bruneau,
1718 3453 51 41 G.
1797 3453 163 50 Ohnet,
1999 3453 144 41 Beau-
