3515 4384
1748 139 109 50 378

246 275 201 50 Sinfonie
482 291 78 33 vor
602 274 102 50 dem
738 275 331 49 Goethe'schen
1101 275 218 50 Gedichte
1355 296 53 30 zu
1440 278 325 49 verschmähen

243 354 78 57 sei,
364 353 112 48 oder
515 352 102 49 dass
659 352 71 48 die
772 353 208 66 Gesänge
1021 354 81 47 der
1141 355 164 64 Engel,
1348 355 72 49 die
1449 357 316 48 Hexenküche

243 448 45 31 u.
317 447 32 30 s.
381 446 54 31 w.
481 429 123 48 nicht
642 428 427 51 melodramatische
1094 430 417 66 Zwischenglieder
1549 438 192 58 gestatte-

241 515 89 40 ten.
379 505 92 48 Soll
508 505 78 48 das
614 505 430 51 Melodramatische
1146 524 225 49 wogegen
1400 509 93 48 sich
1524 508 71 49 die
1625 509 115 48 ratio-

240 583 284 50 nalistischen
553 583 522 49 Illusions-Aesthetiker
1108 600 84 32 von
1216 585 49 65 je
1295 586 83 47 her
1416 585 345 59 ereiferten—,

240 660 80 48 soll
348 675 45 32 es
424 659 260 66 überhaupt
712 668 212 57 gestattet
953 660 92 48 und
1075 661 195 65 möglich
1298 661 195 58 bleiben,
1516 679 50 32 so
1588 664 55 47 ist
1665 663 97 48 hier

241 736 71 49 die
340 736 151 50 Stelle.
538 736 94 50 Wo
673 738 70 47 ein
785 736 273 66 lyrisches
1096 739 316 48 Verweilen
1455 739 70 58 ist,
1568 739 57 49 da
1656 755 105 50 mag

238 815 82 47 der
367 832 171 47 ganze
584 814 297 65 aufgeführte
917 814 299 51 Goethe'sche
1258 818 142 48 Faust
1449 818 117 48 auch
1609 818 152 48 solche

241 890 183 50 Glieder
452 890 291 57 aufnehmen,
765 890 112 50 aber
901 891 117 49 auch
1041 909 86 31 nur
1150 893 121 57 hier;
1303 893 207 64 dagegen
1540 893 71 49 die
1640 895 119 48 rein

238 967 445 59 dramatischen,
712 966 41 50 d.
785 967 41 49 h.
857 967 293 50 thatsächlich
1182 970 352 65 fortschrittigen
1564 973 195 55 Scenen,

237 1045 86 48 wie
350 1063 34 30 z.
414 1045 50 47 ß.
496 1044 71 49 die
609 1061 141 49 ganze
779 1046 144 48 Scene
964 1046 59 47 im
1054 1047 139 58 Dom,
1238 1047 159 49 würde
1440 1047 71 49 bei
1555 1065 205 49 ganzer

236 1122 375 64 Darstellung
654 1124 260 63 unmöglich
950 1140 52 31 zu
1031 1124 157 64 singen
1219 1126 117 55 sein;
1380 1143 88 30 nur
1496 1125 82 49 der
1607 1126 125 48 kirch-

237 1199 114 48 liche
382 1199 151 63 Klang
562 1199 76 48 des
1116 1196 119 52 Dies
1402 1196 100 52 irae
946 1199 152 66 klinge
1127 1200 96 49 fern
1253 1201 243 59 hindurch,
1538 1202 119 49 ohne
1686 1202 71 49 die

237 1275 249 65 Handlung
514 1275 290 49 unkenntlich
833 1294 53 30 zu
917 1276 207 50 machen.

349 1352 62 47 Es
438 1352 189 57 scheint,
656 1351 102 50 dass
781 1354 264 48 Schumann
1066 1354 138 49 selbst
1228 1355 98 48 eine
1348 1355 304 49 vollkommen
1676 1357 81 49 mit

236 1428 213 50 Goethe's
480 1431 172 47 Drama
679 1432 473 64 zusammengehende
1181 1434 303 64 Aufführung
1525 1435 124 48 nicht
1676 1451 52 49 ge-

232 1506 136 48 dacht
398 1505 89 49 und
518 1507 184 64 gewollt
729 1507 92 48 hat.
876 1510 75 47 Da
979 1507 81 50 der
1089 1510 116 48 Titel
1234 1510 166 48 lautet:
1441 1512 202 56 „Scenen
1672 1529 82 32 aus

472 1600 48 32 so
564 1583 97 49 sind
702 1585 83 48 wir
825 1586 83 48 auf
943 1585 87 49 den
1069 1587 98 48 rein
1204 1587 359 59 musicalischen,
1604 1590 151 48 nicht

232 1660 351 58 dramatischen,
623 1661 292 67 Standpunkt
956 1663 326 65 hingewiesen,
1322 1665 90 48 und
1456 1666 57 50 da
1550 1666 70 48 die
1656 1666 95 50 drei

232 1737 158 48 Theile
430 1737 161 50 keinen
638 1737 319 69 (musicalisch)
1005 1741 299 66 zwingenden
1348 1743 404 66 Zusammenhang

231 1815 169 58 haben,
430 1816 113 48 wird
571 1832 47 32 es
646 1817 184 50 erlaubt
856 1818 111 59 sein,
995 1820 64 48 sie
1088 1821 64 48 als
1174 1820 336 66 abgesonderte
1534 1822 190 50 Concert-

230 1892 156 48 stücke
407 1910 51 30 zu
486 1892 273 61 behandeln,
790 1896 85 48 wie
896 1896 116 48 auch
1035 1897 139 48 schon
1200 1898 246 49 mehrmals
1469 1900 281 64 geschehen;

232 1971 64 47 als
337 1970 284 49 einheitliche
650 1972 301 66 Aufführung
993 1973 58 50 im
1084 1975 332 49 Cantaten-Stil
1460 1976 183 49 werden
1689 1977 62 48 sie

230 2047 229 50 schwerer
486 2048 238 65 eingehen.

348 2124 99 49 Ehe
489 2124 82 49 wir
612 2124 81 50 der
734 2126 284 51 besonderen
1060 2128 290 51 technischen
1388 2132 213 48 Structur
1640 2132 112 50 oder

230 2202 341 49 musicalischen
594 2204 171 49 Factur
792 2204 79 50 des
894 2207 142 48 Faust
1064 2207 284 65 nachgehen,
1379 2208 265 51 betrachten
1670 2211 84 48 wir

230 2278 387 65 vergleichsweise
645 2281 189 64 Byron's
861 2282 274 49 Manfred.
1177 2284 114 49 Hier
1318 2284 56 49 ist
1402 2287 70 47 ein
1502 2287 107 48 weit
1635 2291 87 61 gün-

228 2354 188 65 stigeres
445 2356 111 48 Feld
586 2358 148 48 realer
760 2359 164 49 Kunst.
955 2359 151 50 Schon
1135 2362 244 48 äusserlich
1412 2363 98 48 fällt
1538 2381 53 30 zu
1621 2366 98 48 Man-

230 2433 132 48 fred's
392 2434 220 59 Gunsten,
649 2434 101 51 dass
791 2453 47 32 es
880 2438 72 48 ein
983 2438 172 48 Ganzes
1186 2439 70 59 ist,
1299 2441 140 57 nicht,
1479 2442 87 48 wie
1593 2443 159 57 Faust,

227 2511 143 64 gleich
410 2512 222 49 manchen
679 2513 246 51 deutschen
955 2516 222 58 Dramen,
1225 2518 70 47 ein
1339 2518 253 66 Fragment
1698 2521 56 48 ist

228 2587 112 49 oder
364 2587 493 53 heisst?!—innerlich
886 2591 128 59 aber,
1037 2593 47 65 je
1115 2594 157 49 weiter
1300 2596 210 49 Manfred
1539 2613 84 32 von
1652 2597 74 66 phi-

226 2665 308 65 losophischer
556 2667 127 49 Tiefe
704 2669 195 60 absteht,
929 2669 127 51 desto
1080 2672 130 48 mehr
1233 2673 138 66 wiegt
1398 2691 79 33 vor
1506 2674 71 50 die
1607 2676 116 66 phan-

227 2743 227 58 tastische,
497 2743 340 52 herzrührende
876 2748 352 61 Gemüthsseite,
1270 2751 92 48 und
1399 2752 175 49 sowohl
1613 2752 138 58 diese,

230 2819 64 50 als
320 2819 70 50 die
412 2820 113 49 derb
558 2823 122 48 reale
702 2824 265 66 Zeichnung
990 2825 80 50 der
1092 2828 230 48 Personen
1351 2828 147 51 leiden
1522 2846 85 49 gar
1629 2831 119 48 wohl

226 2895 71 50 die
340 2898 286 65 opernhafte,
668 2899 42 50 d.
739 2900 43 50 h.
814 2903 613 53 musicalisch-dramatische
1456 2908 294 66 Auffassung.

341 2977 97 48 Der
462 2977 427 53 Gedanken-Inhalt
915 2980 78 50 des
1021 2983 209 49 Manfred
1259 2984 56 48 ist
1342 2986 83 48 auf
1449 2986 303 50 Goethe'sche

227 3053 367 51 Reminiscenzen
636 3055 180 61 erbaut,
858 3058 73 49 die
970 3059 325 52 thatsächliche
1324 3063 310 67 Ausführung
1671 3064 53 50 da-

227 3146 147 49 gegen
402 3130 61 49 im
491 3133 323 51 Persönlichen
845 3135 93 50 und
960 3138 269 49 Sachlichen
1258 3140 235 65 specifisch
1524 3143 228 63 englisch;

226 3206 82 49 der
336 3208 211 66 religiöse
571 3210 164 51 Gehalt
764 3214 106 48 weit
896 3214 59 50 ab
984 3232 85 33 von
1099 3217 215 49 Goethe's
1343 3218 243 51 deutscher
1609 3220 142 59 Tiefe,

227 3283 113 49 aber
379 3285 202 50 zuckend
627 3288 90 48 und
762 3289 209 61 blitzend,
1014 3292 102 49 dass
1146 3311 51 31 er
1225 3294 126 51 desto
1381 3295 215 51 besseren
1625 3298 96 48 Büh-

224 3361 263 51 nen-Eflect
528 3365 193 50 machen
764 3365 135 51 kann.
956 3370 215 50 Treffend
1201 3380 102 58 sagt
1329 3373 71 49 ein
1442 3374 310 51 katholischer

224 3439 272 67 Philosoph:
556 3444 232 56 „Voltaire
835 3453 168 58 spottet
1044 3448 77 49 des
1164 3450 384 61 Christenthums,
1597 3454 153 66 Byron

226 3515 123 50 hasst
378 3524 99 51 es'-;
519 3535 94 35 was
642 3538 84 33 von
758 3521 164 51 beiden
953 3523 80 51 das
1061 3525 317 62 Schlimmere,
1422 3530 56 49 ist
1505 3530 124 50 nicht
1657 3532 70 49 die-

223 3609 70 32 ses
322 3595 137 48 Ortes
487 3614 55 31 zu
571 3600 321 51 untersuchen.
1002 3603 181 66 Genug,
1212 3622 82 33 aus
1322 3607 87 48 den
1440 3609 311 65 angeführten

224 3671 220 51 Gründen
486 3676 225 50 erscheint
750 3678 83 49 der
872 3680 229 61 Manfred,
1158 3683 255 51 einheitlich
1456 3704 295 47 genommen,

224 3750 337 51 musicalischer
589 3754 63 48 als
682 3755 81 50 der
792 3758 156 59 Faust,
979 3759 94 48 und
1102 3775 48 33 so
1181 3760 56 50 ist
1265 3778 45 33 es
1339 3764 114 48 auch
1484 3765 266 50 Schumann

227 3824 70 49 bei
320 3826 152 66 jenem
503 3830 156 51 besser
685 3834 247 67 gelungen,
976 3836 70 50 ein
1075 3838 172 66 einiges
1275 3841 278 50 Kunstwerk
1583 3843 168 51 daraus

224 3919 54 30 zu
306 3906 280 51 entwickeln.

345 3982 105 49 Nun
492 3985 112 50 aber
645 4004 165 34 unsere
848 3991 264 65 specifische
1153 3995 152 48 Kunst
1425 3995 72 51 die
1526 3996 83 50 wir
1637 4004 114 44 trotz

233 4057 111 50 aller
360 4059 167 67 klugen
550 4064 264 52 Korinthier
837 4066 67 51 bis
927 4070 82 48 auf
1026 4069 87 51 den
1136 4070 217 69 jüngsten
1371 4074 101 66 Tag
1494 4074 257 62 festhalten,

1841 296 50 33 so
1920 288 84 57 gut
2032 280 86 50 wie
2146 282 55 48 R.
2236 282 212 64 Wagner
2476 284 79 48 das
2584 285 196 61 thut—,
2813 305 165 33 unsere
3006 292 233 63 specifisch
3271 311 67 30 mu-

1839 357 232 49 sicalische
2099 359 392 50 Kunstschönheit
2529 363 45 47 in
2613 363 154 51 diesen
2804 364 165 51 beiden
2998 369 266 64 Spätlingen
3294 369 77 50 des

1839 434 420 48 Schumann'schen
2291 437 170 48 Genius
2503 440 274 59 anzusehen,
2819 443 80 48 das
2936 443 56 49 ist
3032 446 101 48 eine
3163 447 173 48 wehmü-

1837 510 126 64 thige
1991 510 161 50 Sache.
2184 512 99 48 Auf
2306 513 102 49 dem
2439 515 315 65 Höhepunkte
2783 536 84 31 von
2898 520 305 50 Schumann's
3227 524 113 50 That-

1839 586 118 50 kraft
1985 597 151 56 wagte
2164 589 165 50 einmal
2361 593 71 47 ein
2460 593 415 52 Berliner—nicht
2899 598 207 48 Kritiker
3134 616 85 33 von
3243 603 125 48 Fach

1914 664 71 49 die
2014 666 176 65 Frage:
2236 668 95 47 Hat
2372 668 81 48 der
2482 670 266 50 Schumann
2789 674 203 48 wirklich
3025 677 176 48 Genie?
3260 677 109 50 Wir

1836 740 191 50 würden
2057 758 50 32 so
2136 741 123 50 nicht
2288 743 178 66 fragen,
2509 745 186 51 obwohl
2738 750 85 47 wir
2863 750 77 49 ihn
2982 752 115 49 auch
3135 753 123 49 nicht
3288 754 78 50 für

1835 816 86 50 den
1953 819 422 65 weltbewegenden
2406 821 170 50 Genius
2618 825 249 59 erkennen,
2909 827 88 49 den
3029 829 147 66 einige
3206 830 159 68 eifrige

1834 895 214 48 Freunde
2077 913 82 32 aus
2188 896 93 49 ihm
2320 899 192 48 machen
2543 903 199 48 wollten.
2797 904 154 50 Sollen
2994 907 84 47 wir
3120 907 114 49 aber
3275 909 88 50 den

1832 973 127 48 Kern
1988 973 145 48 seines
2162 974 172 48 Genius
2364 976 249 60 erkennen,
2641 995 50 32 so
2723 980 111 48 wird
2866 998 83 32 uns
2979 983 113 48 dazu
3125 984 149 50 helfen

1832 1050 123 48 nicht
1995 1051 175 49 sowohl
2213 1051 71 49 die
2324 1053 132 48 mehr
2496 1055 356 52 chronicalische
2891 1060 65 48 als
2993 1060 368 67 philosophische

1834 1126 275 66 Biographie
2138 1144 84 32 von
2255 1130 311 58 Wasilewski,
2608 1135 116 47 auch
2756 1135 124 48 nicht
2908 1136 160 65 irgend
3098 1139 72 47 ein
3199 1157 134 48 specu-

1830 1205 153 47 latives
2027 1205 195 49 Schema
2265 1223 80 31 aus
2389 1208 81 48 der
2510 1210 343 52 neudeutschen
2897 1215 195 48 Schule:
3140 1216 220 50 vielmehr

1830 1281 197 48 nehmen
2057 1282 84 47 wir
2165 1282 118 49 Bath
2309 1300 82 32 von
2423 1285 81 48 der
2524 1288 193 49 Ansicht
2736 1290 149 48 seiner
2910 1293 180 48 Werke
3120 1294 90 48 und
3242 1312 87 31 mes-

1827 1374 79 33 sen
1935 1359 122 49 diese
2084 1376 57 32 an
2170 1360 103 49 dem
2305 1362 343 60 Kunst-Ideale,
2677 1366 61 47 sei
2762 1383 46 32 es
2832 1368 70 48 ein
2927 1370 168 64 ewiges
3119 1373 112 47 oder
3251 1375 84 47 zeit-

1826 1435 150 49 liches.
2034 1437 116 49 Dem
2193 1437 178 65 ewigen
2410 1439 122 50 Ideal
2575 1441 81 48 der
2697 1444 45 47 in
2782 1444 94 48 sich
2919 1445 238 50 ruhenden
3200 1450 156 48 reinen

1826 1514 250 48 Schönheit
2117 1515 80 48 hat
2236 1516 266 50 Schumann
2551 1535 74 32 am
2668 1521 250 65 wenigsten
2973 1524 383 67 nachgerungen;

1826 1590 93 48 ihm
1949 1591 263 50 schwebten
2244 1592 72 49 die
2343 1594 277 50 Zeit-Ideale
2648 1614 94 41 vor,
2772 1597 72 50 die
2875 1616 105 32 man
3011 1608 119 41 etwa
3161 1602 169 50 Titanis-

1827 1684 116 40 mus,
1973 1670 342 57 Dämonismus,
2345 1672 347 60 Humanismus,
2721 1676 205 50 Freiheit
2954 1676 203 51 benannt
3186 1680 90 48 hat.

1943 1746 94 48 Das
2079 1747 355 59 Titanische,
2479 1768 92 31 was
2601 1752 83 49 seit
2711 1752 81 49 der
2820 1755 179 48 Sturm-
3045 1756 92 47 und
3166 1757 188 66 Drang-

1827 1822 193 50 Periode
2057 1823 43 50 in
2146 1826 311 50 Deutschland
2502 1827 168 51 beliebt
2701 1831 145 57 ward,
2888 1832 89 49 will
3012 1834 144 48 durch
3189 1836 174 65 Kampf

1823 1917 80 32 zur
1931 1902 310 50 Herrlichkeit
2267 1905 241 65 eingehen,
2545 1906 145 50 durch
2719 1909 111 48 Leid
2870 1928 80 30 zur
2983 1911 211 57 Wonne;
3233 1914 123 50 seine

1825 1978 219 65 Signatur
2071 1981 56 47 ist
2156 1981 79 48 das
2264 1981 480 62 Uebermenschliche,
2775 1986 71 50 die
2869 1989 135 48 Kraft
3032 1989 78 48 des
3133 1991 223 65 trotzigen

1823 2056 96 56 Ich,
1948 2056 91 48 sich
2071 2058 81 47 mit
2179 2058 248 65 göttlichen
2456 2061 378 66 Naturgewalten
2863 2065 44 47 in
2937 2066 177 65 Kampf
3137 2067 194 50 einzulas-

1823 2150 79 33 sen
1933 2135 81 48 auf
2038 2135 99 49 Tod
2168 2136 92 48 und
2289 2137 172 50 Leben.
2499 2140 165 49 Solche
2695 2141 249 58 Gestalten,
2973 2143 105 49 dem
3106 2143 252 51 deutschen

1825 2211 139 49 Sinne
1992 2227 85 33 von
2107 2215 152 47 Alters
2288 2213 84 50 her
2401 2213 186 61 beliebt,
2629 2217 78 48 hat
2745 2220 44 47 in
2828 2218 146 50 ihrem
3003 2221 217 49 Zeitalter
3247 2224 81 48 Nie-

1825 2288 139 49 mand
2009 2290 260 49 wirklicher
2324 2293 293 63 ausgeführt,
2667 2296 66 47 als
2773 2297 344 57 Beethoven;
3172 2298 45 49 in
3260 2300 95 48 ihm

1825 2366 210 49 herrscht
2077 2367 80 50 das
2199 2370 275 58 Titanische,
2521 2371 102 48 dass
2670 2390 106 32 man
2819 2373 144 50 daran
3010 2376 222 65 glaubt,
3278 2377 81 51 das

1825 2444 162 65 trotzig
2008 2444 339 67 sehnsüchtige,
2364 2447 318 50 überwunden
2706 2450 362 66 triumphirende
3087 2453 273 51 Geschlecht

1826 2537 77 32 vor
1928 2523 166 64 Augen
2122 2540 53 30 zu
2204 2524 154 47 sehen.
2446 2524 242 50 Während
2720 2527 93 48 und
2841 2530 115 48 nach
2982 2530 260 49 Beethoven
3266 2538 93 44 trat

1825 2598 148 50 neben
2016 2599 82 49 das
2140 2601 259 49 Titanische
2441 2601 82 49 der
2564 2605 420 59 Dämonismus,
3035 2607 71 50 die
3156 2608 200 51 dunklen

1826 2677 231 48 Gestalten
2101 2678 81 48 der
2222 2679 409 68 zwischenlebigen
2663 2682 147 58 Welt,
2852 2701 95 33 was
2985 2686 126 48 nicht
3151 2687 207 65 göttlich,

1825 2753 124 50 nicht
1976 2756 293 58 menschlich,
2306 2757 65 65 ja,
2414 2758 222 50 zwischen
2668 2761 140 48 Thier
2850 2762 92 50 und
2973 2763 183 50 Pflanze
3192 2773 136 41 unent-

1823 2832 212 51 schieden
2057 2834 208 50 schwebt
2287 2834 131 66 (oder
2438 2838 61 48 im
2524 2837 239 51 kühneren
2787 2841 127 48 Falle
2936 2842 292 50 entschieden
3252 2861 103 32 zum

1825 2911 160 49 Teufel
2015 2913 230 64 geht...,
2284 2930 58 33 an
2372 2913 88 50 den
2488 2932 138 42 zwar,
2669 2917 87 48 wie
2785 2919 124 47 Herr
2938 2919 176 50 Omnes
3152 2922 43 47 in
3225 2922 98 50 Han-

1822 3002 141 34 nover
1992 2991 106 57 will,
2140 2991 124 48 nicht
2302 3008 53 31 zu
2392 2992 200 65 glauben
2630 2993 70 60 ist,
2743 2994 81 50 der
2853 2996 113 49 aber
2996 2997 116 49 eben
3143 2997 213 51 desshalb

1823 3066 82 48 der
1935 3068 381 65 unglaublich
2353 3071 273 64 verlogenen
2656 3073 161 48 Poesie
2844 3074 154 50 Relief
3020 3076 150 63 geben
3201 3076 157 66 muss).

1825 3144 137 49 Diese
1991 3148 86 46 Art
2118 3147 182 48 machte
2340 3148 231 50 reissende
2615 3151 299 49 Fortschritte
2955 3154 43 47 in
3029 3152 82 49 der
3138 3162 221 42 neuesten

1825 3222 257 49 Dramatik.
2117 3224 212 50 Weber
2358 3226 126 49 webt
2513 3227 81 48 mit
2617 3228 215 48 Vorliebe
2860 3229 44 49 in
2928 3228 83 50 der
3034 3229 325 52 dämonischen

1828 3299 145 60 Welt,
2004 3300 115 50 doch
2151 3302 112 49 hebt
2292 3320 50 31 er
2371 3302 71 49 die
2471 3303 178 50 lieblich
2682 3307 392 60 märchenhaften,
3105 3308 71 50 die
3205 3309 130 50 necki-

1825 3378 155 58 schen,
2009 3379 449 51 halbmenschlichen
2490 3383 234 48 Gestalten
2753 3384 183 60 hervor,
2978 3387 220 49 während
3237 3389 124 50 seine

1826 3455 302 65 eigentlichen
2156 3457 168 49 Lieder
2353 3459 132 48 mehr
2513 3460 385 51 menschliche
2926 3464 320 68 Empfindung
3272 3467 67 48 zei-

1826 3551 103 47 gen.
1980 3535 218 50 Manches
2228 3537 559 52 Mendelssohn'sehe
2827 3540 110 67 geht
2965 3542 43 49 in
3039 3542 150 51 dieser
3218 3544 119 66 speci-

1827 3610 109 49 fisch
1969 3612 336 50 Weber'schen
2335 3614 245 67 Richtung.
2630 3618 98 47 Der
2766 3617 223 50 dunklere
3018 3621 345 58 Dämonismus,

1826 3688 72 51 die
1920 3692 314 66 vampyrische
2255 3693 104 58 Art,
2389 3692 73 49 die
2490 3694 92 48 sich
2612 3695 163 50 zuletzt
2803 3697 41 48 in
2870 3698 279 66 qualmende
3171 3701 192 66 Sümpfe

1825 3768 181 49 verliert
2047 3768 68 51 bis
2156 3787 102 33 zum
2301 3770 461 68 Irrlichter-Gesang,
2818 3775 57 47 ist
2921 3777 312 49 vornehmlich
3276 3794 87 35 von

1825 3844 360 61 Marschner,
2216 3849 147 47 einem
2395 3848 264 67 Schössling
2691 3850 232 60 Weber's,
2955 3853 282 66 eingeführt.

1943 3923 122 51 Wer
2093 3925 92 49 sich
2217 3927 135 64 lange
2392 3927 45 48 in
2480 3927 81 49 der
2598 3928 269 51 titanischen
2895 3930 113 50 oder
3036 3932 327 50 dämonischen

1826 3999 259 52 Gletscher-
2115 4003 94 49 und
2241 4004 258 65 Sumpfluft
2527 4005 423 68 herumgetrieben,
2980 4009 82 50 der
3091 4010 123 50 fühlt
3242 4012 122 48 wohl

1826 4078 176 51 endlich
2048 4080 71 51 ein
2161 4082 329 50 menschliches
2532 4084 210 58 Rühren,
2785 4087 71 49 ein
2886 4087 185 52 Sehnen
3110 4089 117 51 nach
3266 4089 98 50 rein
