2886 3048
1337 2370 69 36 145

536 535 171 43 einem
734 532 191 56 Hügel;
956 533 110 42 sein
1093 531 159 44 Hund
1278 531 121 57 liegt
1426 532 170 45 neben
1627 534 134 50 ihm;
1793 534 190 44 Herbst
2010 536 123 42 muß
2162 548 54 32 es

534 594 111 43 sein
673 593 123 43 oder
822 591 379 56 Spätsommer;
1227 591 150 44 beide
1402 591 116 44 sind
1544 592 101 44 still
1671 594 298 43 versunken
1995 595 54 42 in
2077 595 138 44 diese

535 652 180 57 ruhige
741 652 245 50 Wärme;
1021 651 122 43 kein
1175 650 265 45 Geräusch
1475 652 105 43 läßt
1616 652 108 44 sich
1756 653 342 52 vernehmen;
2134 655 81 43 die

534 712 278 45 Sträucher
834 714 177 52 tragen
1035 710 80 43 die
1138 708 209 45 Farben
1375 710 87 44 des
1484 711 260 44 Herbstes.
1772 712 159 44 Beide
1959 716 255 42 träumen.

534 779 41 42 ©
638 770 152 44 Oder:
807 769 171 44 Nacht
994 770 65 42 ist
1075 781 72 38 es;
1164 782 87 30 am
1268 768 136 57 Steg,
1419 769 89 44 der
1523 771 73 42 im
1602 770 219 45 Wasser
1834 772 137 57 liegt.
1987 772 227 45 Dunkel=

533 829 182 45 violett
741 829 121 55 liegt
894 828 92 44 das
1011 828 234 51 Wasser,
1273 828 184 45 breitet
1487 829 109 44 sich
1629 843 106 38 aus,
1757 831 146 50 weit,
1930 845 66 30 zu
2027 832 187 45 deinen

533 889 196 50 Füßen,
756 887 238 44 weithin.
1030 886 185 45 Kleine
1246 887 193 45 Schiffe
1469 889 169 56 liegen
1671 889 115 51 still,
1812 891 297 52 vereinzelt,
2141 893 73 43 im

534 947 239 50 Wasser;
793 946 143 56 jedes
953 949 135 53 trägt
1105 947 84 42 ein
1208 947 272 52 einsames,
1496 950 333 43 träumendes
1846 950 168 51 Licht,
2031 951 183 43 dessen

532 1006 208 44 Farben
762 1006 54 43 in
839 1005 119 44 dem
983 1005 230 45 dunklen
1232 1006 190 44 Violett
1442 1006 100 44 fast
1564 1009 276 43 ertrinken.
2066 1018 148 43 ©o©

531 1074 43 42 ©
635 1066 136 42 Was
798 1064 266 44 Hofmann
1090 1077 57 31 so
1179 1078 135 43 ganz
1346 1066 189 44 abseits
1561 1067 149 51 stellt,
1735 1068 92 43 das
1855 1068 66 43 ist
1949 1068 80 45 die
2055 1070 158 43 Rein=

531 1125 122 51 heit,
665 1124 318 44 Keuschheit
999 1124 167 44 seiner
1182 1124 442 58 Empfindungen;
1642 1127 107 43 und
1767 1127 81 44 die
1864 1127 241 53 Zartheit,
2117 1130 96 43 mit

533 1184 89 44 der
644 1197 54 31 er
723 1184 196 50 scheut,
938 1183 98 44 den
1058 1183 209 45 kleinen
1289 1183 245 54 Stücken,
1552 1186 82 44 die
1660 1188 83 43 ich
1770 1187 135 44 oben
1931 1187 281 53 beschrieb,

533 1244 114 44 eine
671 1244 215 44 erhöhte
903 1243 265 57 Wirkung
1188 1256 66 31 zu
1271 1243 181 56 geben,
1469 1245 176 44 indem
1669 1259 54 30 er
1745 1246 81 44 die
1842 1245 371 47 Wirklichkeit

532 1304 304 57 irgendwie,
859 1317 67 30 an
953 1304 140 43 einer
1114 1302 156 45 Stelle
1299 1303 225 52 betonte,
1551 1304 311 52 hervorhob,
1888 1308 324 51 unterstrich,

532 1364 64 44 ist
615 1364 114 44 eine
740 1376 55 32 so
814 1362 299 46 männliche
1122 1362 108 43 und
1242 1362 148 44 echte
1401 1364 243 50 Zartheit,
1656 1364 97 44 daß
1768 1365 73 43 sie
1859 1366 85 43 nie
1954 1366 259 44 verletzen

531 1424 159 44 kann.
718 1424 72 43 Er
814 1424 91 43 hat
936 1423 114 43 eine
1077 1421 183 52 Scheu,
1286 1435 66 30 zu
1382 1423 137 43 nahe
1552 1436 67 30 an
1652 1424 81 43 die
1759 1424 170 56 Dinge
1959 1425 255 44 heranzu=

532 1484 183 57 gehen,
732 1483 99 45 den
853 1483 189 44 letzten
1058 1481 124 43 Rest
1198 1480 431 53 herauszuholen;
1651 1483 256 44 vielmehr
1928 1484 122 44 liebt
2074 1497 53 32 er
2145 1498 68 38 es,

534 1543 99 45 den
657 1547 271 46 zartesten,
950 1542 237 43 leisesten
1213 1540 190 45 Schein
1430 1541 88 44 der
1539 1541 170 57 Dinge
1737 1542 343 59 einzufangen
2107 1546 107 42 und

533 1616 92 30 aus
651 1604 168 43 seiner
849 1602 147 45 Seele
1021 1600 432 46 wiederstrahlen
1479 1613 65 31 zu
1570 1601 184 45 lassen.
1786 1602 140 51 Hier,
1952 1616 108 30 von
2087 1604 125 51 ihm,

533 1662 230 45 erhalten
780 1663 73 44 sie
869 1662 81 44 ihr
966 1661 213 45 wahres
1194 1659 141 53 Sein;
1353 1660 309 44 schüchtern
1677 1661 106 43 und
1800 1661 133 44 doch
1949 1662 264 45 bestimmt

531 1721 185 45 führen
733 1723 73 43 sie
821 1735 108 31 nun
946 1722 80 43 ihr
1043 1720 178 45 Leben
1242 1719 80 45 für
1339 1719 122 45 sich.
1484 1719 124 44 Dies
1625 1720 65 43 ist
1706 1734 133 43 ganz
1855 1721 228 45 seltsam:
2102 1723 109 44 wie

532 1794 53 30 er
607 1783 108 43 sich
736 1795 109 31 von
867 1782 179 44 seinen
1068 1779 238 45 Werken
1328 1793 66 30 zu
1415 1779 144 44 lösen
1580 1780 243 43 versteht.
2064 1789 146 44 ©o©

530 1848 43 42 ©
635 1841 268 44 Hofmann
925 1842 92 44 hat
1040 1841 114 44 eine
1177 1840 176 57 eigene
1374 1839 171 44 Farbe
1569 1839 108 44 und
1704 1840 113 43 eine
1845 1840 178 56 eigene
2046 1841 163 45 Linie.

530 1899 154 45 Seine
700 1900 207 46 Farben
929 1901 115 44 sind
1060 1900 159 44 sofort
1237 1899 290 45 erkennbar
1548 1912 68 31 an
1640 1899 117 45 dem
1774 1900 435 55 eigentümlichen

530 1959 284 53 Leuchten,
827 1961 90 44 das
928 1974 105 31 von
1051 1961 161 44 ihnen
1228 1959 230 57 ausgeht.
1469 1958 69 46 So
1555 1959 111 44 rein
1683 1959 114 44 sind
1813 1960 92 50 sie;
1924 1960 75 43 als
2015 1960 194 44 kämen

530 2019 73 43 sie
620 2032 98 31 nur
734 2033 107 31 von
859 2021 125 50 ihm,
1003 2034 93 30 aus
1114 2023 157 42 erster
1286 2019 170 44 Hand.
1474 2018 192 44 Immer
1673 2019 171 44 wählt
1867 2032 54 31 er
1938 2020 72 43 sie
2026 2032 56 31 so
2103 2033 106 38 aus,

531 2078 93 43 daß
647 2080 74 43 sie
742 2080 54 43 in
818 2093 133 44 ganz
967 2079 423 58 eigentümlicher
1406 2078 181 44 Weise
1607 2079 476 57 Zusammengehen
2105 2080 105 43 und

531 2138 133 44 doch
686 2139 394 45 kontrastieren.
1104 2139 153 45 Seine
1280 2138 205 44 Farben
1508 2138 244 45 scheinen
1773 2152 66 30 zu
1856 2139 270 55 jauchzen,
2143 2153 66 30 zu

526 2197 198 56 jubeln;
752 2211 53 31 es
830 2198 191 46 wohnt
1051 2199 160 44 ihnen
1241 2199 115 43 eine
1387 2211 133 42 ganz
1547 2198 149 44 Fülle
1722 2212 107 30 von
1855 2198 187 45 Tönen
2072 2199 136 51 inne,
