3454 4389
1701 208 65 49 96

205 351 68 34 mit
299 350 169 35 Feinheit
496 351 34 32 in
561 348 69 35 den
657 345 143 36 Details
833 344 140 36 sowohl
1000 346 51 33 im
1079 344 99 36 Chor
1205 344 54 35 als
1287 346 49 31 im
1364 343 210 36 Orchester.
1618 343 81 33 Von

205 411 156 34 Franz
406 410 212 33 Lachner
656 407 131 33 hörten
830 407 67 33 wir
933 407 81 33 eine
1048 405 422 34 Fest-Ouverture
1499 403 86 44 (zur
1611 403 68 33 Ver-

205 470 181 45 mählpng
421 470 62 33 des
511 469 154 33 Kaisers
694 478 71 23 von
795 466 247 42 Oesterreich,
1082 462 264 47 Manuscript),
1386 462 206 35 bestehend
1632 471 68 24 aus

206 529 100 33 einer
332 527 216 43 Einleitung
574 537 72 22 von
675 524 226 34 feierlichem
930 525 206 33 Charakter
1174 522 75 34 und
1290 523 116 33 einem
1437 521 84 35 sehr
1548 521 132 44 compli-

206 588 70 33 cirt
304 585 264 45 ausgeführten
598 584 164 44 Allegro,
803 583 129 34 dessen
960 582 287 45 Haupt-Thema
1274 582 58 32 ein
1360 578 240 36 Festmarsch
1630 579 52 33 bil-

207 645 71 41 det,
306 645 37 32 in
372 644 129 33 dessen
529 642 216 34 kunstvolle
765 641 251 44 Bearbeitung
1044 639 95 35 auch
1169 639 57 34 die
1247 638 161 35 Melodie
1437 638 63 34 des
1529 638 152 33 österrei-

206 702 172 35 chischen
395 700 255 36 Volksliedes:
680 701 113 42 „Gott
821 699 139 35 erhalte
990 699 69 34 den
1078 699 171 42 Kaiser'*,
1278 696 228 35 verflochten
1534 697 62 44 ist,
1627 697 76 32 erst

204 763 60 33 für
290 761 65 33 das
376 760 342 42 Streich-Quartett,
746 770 75 22 was
850 759 95 32 dann
975 757 183 35 natürlich
1190 769 46 21 an
1259 756 138 44 Haydn
1419 755 174 44 erinnert,
1623 753 76 35 und

203 824 99 32 dann
329 820 60 34 für
417 819 232 35 sämmtliche
668 816 355 36 Blas-Instrumente
1049 816 93 34 über
1164 813 446 45 Sechszehntel-Figuren
1639 812 64 34 der

203 880 173 34 Violinen
402 890 36 23 u.
465 889 28 24 s.
523 889 43 24 w.
619 877 132 33 Leider
795 875 82 35 sind
914 877 60 34 für
1017 875 126 35 solche
1191 874 333 34 Instrumentation
1568 883 133 23 unsere

203 938 173 33 Violinen
405 936 104 35 nicht
535 934 187 35 zahlreich
751 946 136 33 genug.
978 933 81 35 Den
1089 933 155 34 zweiten
1271 932 107 33 Theil
1408 931 64 34 des
1501 931 200 34 Concertes

205 995 107 35 füllte
341 995 56 33 die
425 994 126 33 Musik
582 1005 72 23 von
681 993 284 34 Beethoven
993 1004 46 21 zu
1070 991 82 34 dem
1181 990 204 45 Festspiel:
1432 990 93 43 „Die
1553 990 148 32 Ruinen

202 1067 73 23 von
302 1054 121 34 Athen
430 1056 22 15 44
457 1079 8 17 ,
494 1065 77 31 aus,
600 1066 45 21 zu
675 1052 158 35 welcher
861 1054 95 32 Herr
985 1052 36 36 C.
1054 1051 43 36 0.
1131 1052 135 33 Stern
1278 1061 54 23 au
1373 1049 102 45 (Ink
1489 1047 210 42 ermann)

204 1116 78 33 sein
310 1114 158 34 schönes
497 1112 268 36 verbindendes
795 1112 158 34 Gedicht
980 1115 161 40 vortrug.
1188 1111 70 33 Die
1284 1108 250 44 Ausführung
1562 1118 78 23 war
1665 1108 37 31 in

203 1174 100 35 allen
331 1174 154 33 Theilen
516 1177 80 42 gut,
636 1172 77 34 und
756 1172 65 33 das
849 1171 200 34 Publicum
1077 1171 118 43 zeigte
1223 1171 204 43 gespannte
1456 1166 243 35 Theilnahme

202 1233 77 35 und
308 1233 142 35 Beifall.
492 1233 82 33 Wir
600 1234 150 32 müssen
778 1232 98 35 allen
904 1229 285 34 Mitwirkenden
1217 1228 77 35 und
1320 1226 227 35 namentlich
1576 1226 120 33 Herrn

203 1292 237 45 Wüllner,
488 1291 61 34 der
589 1291 115 34 schon
744 1301 40 24 so
811 1289 254 34 Bedeutendes
1103 1289 38 31 in
1179 1288 80 32 dem
1289 1290 122 31 ersten
1439 1284 116 36 Jahre
1583 1285 120 34 seiner

203 1351 169 45 hiesigen
400 1351 270 34 Wirksamkeit
696 1350 172 45 geleistet
896 1348 115 44 hatte,
1055 1347 69 34 den
1153 1346 112 35 Dank
1301 1346 92 34 aller
1420 1341 284 38 Kunstfreunde

206 1410 263 46 aussprechen.

280 1557 211 37 Bs©fl*lin.
537 1558 72 34 Dio
636 1555 337 45 Wiederholungen
1003 1554 63 34 der
1092 1550 291 48 Wagner'schen
1411 1549 94 46 Oper
1533 1548 147 45 „Lohen-

344 1617 82 34 sind
454 1618 58 33 für
541 1616 57 35 die
624 1616 157 34 nächste
808 1616 83 34 Zeit
918 1613 104 34 nicht
1049 1625 47 22 zu
1125 1613 194 41 erwarten,
1350 1611 47 33 da
1425 1610 58 34 die
1512 1609 104 34 darin
1644 1607 41 35 be-

205 1677 200 45 schäftigte
442 1675 182 45 Sängerin
650 1675 178 33 Fräulein
856 1674 178 45 Wippern
1075 1684 130 33 wegen
1233 1670 233 35 Todesfalles
1506 1670 99 33 ihres
1633 1668 48 33 Va-

203 1739 74 31 ters
305 1735 198 36 beurlaubt
531 1734 158 35 worden.
730 1734 70 33 Die
826 1732 219 34 Künstlerin
1074 1732 120 34 verlor
1222 1734 74 30 erst
1323 1741 65 23 vor
1416 1731 80 33 vier
1527 1729 178 33 Monaten

204 1796 94 34 auch
327 1796 78 34 ihre
433 1796 141 32 Mutter
602 1793 115 36 durch
748 1793 69 34 den
846 1792 91 36 Tod.

279 1856 69 35 Die
391 1854 294 34 Künstlerinnen
734 1853 229 44 Virginia
1007 1849 77 35 und
1126 1849 229 35 Carolina
1393 1847 148 34 Ferni
1588 1844 117 47 geben

206 1914 178 35 Concerte
403 1916 108 31 unter
530 1924 163 33 grossem
714 1911 135 34 Beifall
878 1910 63 34 des
962 1908 181 35 zahlreich
1168 1907 286 36 zuströmenden
1471 1905 234 36 Publicums.

280 2074 326 35 ISannOTCr.
635 2072 76 33 Der
732 2069 247 36 vortreffliche
1002 2069 146 34 Pianist
1291 2067 195 45 August
1515 2067 190 44 Dupont

204 2133 66 35 hat
297 2133 56 33 die
381 2132 95 34 Ehre
504 2131 147 45 gehabt,
680 2132 91 33 zwei
798 2131 76 33 Mal
903 2141 67 23 vor
997 2129 52 35 Sr.
1070 2128 177 45 Majestät
1275 2127 81 33 dem
1385 2126 146 43 Könige
1559 2126 50 32 im
1638 2124 45 35 kö-

203 2192 188 45 niglichen
412 2192 172 35 Schlosse
612 2202 46 22 zu
687 2190 139 45 spielen
854 2190 76 33 und
958 2190 51 33 ist
1036 2188 215 34 ausserdem
1280 2188 59 32 für
1369 2187 57 33 ein
1456 2185 249 43 zweimaliges

205 2253 230 36 öffentliches
464 2253 195 34 Auftreten
687 2253 48 33 im
764 2248 478 38 Abonnements-Conccrte
1288 2248 77 34 und
1407 2249 49 32 im
1484 2246 221 36 Hoftheater

205 2314 169 45 engagirt
403 2312 146 35 worden

277 2472 250 47 Ijcigizifg,
562 2472 54 37 12.
647 2475 113 33 März.
816 2473 54 32 Im
901 2470 57 37 19.
990 2468 467 37 Gewandhaus-Concerte
1495 2479 58 23 am
1583 2465 57 38 10.
1670 2466 33 36 d.

203 2535 86 33 Mts.
320 2534 131 45 spielte
480 2535 115 43 Aug.
626 2534 197 44 Dupont
862 2533 58 33 ein
962 2529 307 47 symphonisches
1299 2528 158 34 Concert
1484 2538 72 23 von
1585 2527 120 33 seiner

204 2594 251 45 Composition
494 2594 75 33 und
605 2595 49 32 im
700 2594 154 33 zweiten
884 2590 130 35 Theile
1056 2591 79 34 eine
1164 2590 160 33 Gavotte
1351 2599 73 23 von
1451 2587 38 35 J.
1520 2587 36 35 S.
1586 2586 116 43 Bach,

203 2655 103 33 einen
335 2654 148 34 Walzer
512 2665 73 23 von
614 2653 143 44 Chopin
785 2651 77 34 und
890 2652 78 33 sein
997 2651 167 33 Staccato
1188 2646 192 50 perpdtuel.
1409 2648 49 33 Er
1474 2646 102 35 hatte
1598 2647 105 33 einen

202 2724 153 34 grossen
381 2713 148 44 Erfolg;
565 2713 106 43 jeder
699 2713 84 34 Satz
825 2712 64 33 des
918 2711 200 35 Concertes
1160 2709 129 34 wurde
1317 2706 214 47 applaudirt
1560 2705 75 35 und
1664 2717 39 23 er

204 2772 116 35 selbst
338 2773 213 34 wiederholt
569 2773 168 46 gerufen.
765 2772 172 34 Julius
970 2769 335 36 Stockhausen
1333 2779 94 32 sang
1455 2777 130 23 ausser
1614 2766 72 34 eini-

203 2843 70 33 gen
313 2832 68 35 mit
408 2832 279 34 Meisterschaft
723 2834 296 42 vorgetragenen
1053 2829 159 34 Liedern
1254 2827 57 34 die
1339 2825 265 36 Concert-Arie
1645 2825 60 33 für

202 2892 91 34 Bass
320 2904 71 22 von
420 2893 142 33 Mozart
589 2892 75 33 und
693 2893 79 33 eine
800 2891 87 34 Arie
917 2902 67 23 aus
1014 2888 183 36 Rossini's
1228 2887 121 35 Gazza
1377 2887 107 34 ladra
1520 2885 76 34 und
1625 2888 57 30 ent-

202 2952 133 35 zückte
363 2952 115 35 durch
508 2952 57 34 die
593 2951 250 46 Leichtigkeit
871 2950 75 35 und
974 2950 165 45 Eleganz
1171 2948 64 35 des
1263 2949 214 43 Vortrages.

275 3109 43 37 In
348 3110 253 36 Oberlössnitz
630 3111 59 34 bei
716 3112 168 33 Dresden
924 3109 101 34 starb
1054 3120 60 22 am
1141 3105 59 39 26.
1230 3107 168 35 Februar
1423 3106 63 35 der
1512 3105 190 37 bekannte

198 3170 353 45 Vocal-Componist
593 3170 63 36 Dr.
694 3170 170 35 Julius
906 3168 195 46 Becker,
1151 3168 60 34 ein
1251 3166 240 36 talentvoller
1529 3164 174 36 Musiker

199 3230 75 34 und
302 3230 277 36 Schriftsteller.

581 3380 33 35 1.
645 3382 112 35 März.
814 3380 121 35 Soiree
962 3380 183 43 mitsicale,
1186 3379 167 47 gegeben
1378 3391 72 22 von
1478 3379 101 33 Frau
1607 3377 71 35 Wil-

202 3442 158 35 helmine
386 3453 35 23 v.
447 3442 102 34 Bock
578 3441 420 47 (Sehröder-Devrient).
1042 3441 66 35 Die
1136 3439 313 45 hochgeschätzte
1475 3437 224 35 Künstlerin

203 3512 91 34 sang
322 3501 66 33 den
678 3512 72 22 von
774 3500 59 33 Fr.
865 3500 196 40 Schubert,
1092 3498 87 45 „Ich
1197 3499 118 45 grolle
1491 3509 72 22 von
1582 3497 96 34 Schu-

202 3573 108 22 mann
349 3561 75 33 und
464 3561 65 34 das
569 3561 136 35 bereits
749 3560 127 35 früher
901 3561 214 45 producirte
1143 3559 226 35 schottische
1395 3558 206 42 Volkslied,
1628 3569 73 22 von

202 3620 137 35 Weber
365 3620 220 35 bearbeitet:
971 3632 8 31 ;
1008 3621 58 33 ihr
1088 3618 520 35 dramatisch-meisterhafter
1625 3617 76 34 und

202 3681 164 45 genialer
391 3681 158 44 Vortrag
588 3692 76 22 war
690 3682 37 32 in
757 3680 67 34 den
854 3686 123 28 ersten
1015 3679 130 35 beiden
1176 3680 195 44 Gesängen
1401 3678 200 34 wiederum
1628 3688 74 23 von

203 3740 282 44 ergreifendster
515 3740 193 44 Wirkung.
737 3741 75 34 Für
840 3740 58 34 die
926 3740 245 45 Vorführung
1200 3739 63 34 des
1292 3739 120 34 Herrn
1441 3737 262 35 Stockhausen

202 3799 81 34 sind
313 3800 66 33 wir
405 3799 63 33 der
496 3798 306 45 Concertgeberin
831 3812 46 21 zu
906 3798 243 36 besonderem
1177 3798 134 34 Danke
1340 3796 248 46 verpflichtet.
1616 3796 85 33 Sein

202 3859 149 44 Gesang
379 3859 63 33 hat
482 3860 36 32 in
553 3858 103 44 jeder
684 3859 173 33 Hinsicht
897 3860 79 33 eine
1017 3859 140 34 seltene
1198 3857 254 36 künstlerisch
1493 3854 210 36 vollendete

199 3919 175 44 Bildung.
402 3918 95 34 Herr
525 3918 258 34 Stockhausen
812 3930 90 32 sang
930 3918 58 34 die
1012 3918 89 34 Arie
1129 3918 64 34 des
1214 3916 218 36 Seneschall
1460 3926 67 23 aus
1548 3914 154 35 Johann

198 3991 73 23 von
300 3979 107 33 Paris
435 3989 69 23 von
534 3977 212 42 Boieldieu;
790 3977 55 33 die
887 3977 115 34 durch
1044 3978 241 45 Verspätung
1327 3976 63 34 des
1418 3975 258 44 Accompagna-

197 4041 104 33 teurs
329 4037 243 46 nothwendig
609 4036 218 46 gewordene
869 4038 126 44 eigene
1023 4038 224 45 Begleitung
1275 4038 62 34 des
1365 4036 163 45 Sängers
1555 4036 148 35 mochte

266 4110 105 23 wenn
401 4109 99 24 zwar
527 4097 232 44 keineswegs
788 4095 64 36 der
879 4096 264 45 vorzüglichen
1172 4098 192 35 virtuosen
1392 4093 306 46 Gesanges-Aus-

1771 344 165 45 Führung
2039 339 94 36 doch
2164 338 63 35 der
2252 339 116 34 freien
2387 338 267 46 Entwicklung
2681 339 63 33 des
2772 336 380 36 charakteristischen
3175 337 72 35 Aus-

1771 403 138 35 drucks
1938 402 144 43 einigen
2110 400 153 42 Eintrag
2291 398 105 33 thun.
2450 399 70 32 Die
2547 398 212 45 gewählten
2788 396 150 44 Lieder,
2968 409 71 22 von
3070 396 183 35 Schubert
3272 409 8 21 :

1771 463 80 43 ~An
1880 461 58 34 die
2173 459 104 43 ~Der
2594 458 75 32 und
2700 457 64 35 das
2794 457 69 33 auf
2887 456 206 44 allseitiges
3121 456 134 34 Verlan-

1771 534 70 32 gen
1870 518 237 45 zugegebene
2136 517 91 45 ~lch
2258 517 83 33 hört
2369 518 58 32 ein
2454 516 178 34 Bächlein
2917 515 147 34 endlich
3092 514 160 43 „Herbst-

1896 590 72 22 von
1997 576 262 35 Mendelssohn
2287 577 171 33 möchten
2487 576 171 43 zugleich
2688 576 185 44 ungefähr
2899 575 68 34 den
2997 573 276 35 vorwaltenden

1771 638 77 33 und
1877 637 148 34 starken
2053 636 168 34 Affecten
2263 635 103 33 nicht
2408 634 271 45 zugewandten
2707 635 155 33 Bereich
2903 635 49 32 im
2990 632 188 45 lyrischen
3208 631 47 35 Ge-

1773 696 323 34 fühls-Ausdruck
2125 695 64 34 des
2218 695 160 43 Sängers
2405 694 197 34 andeuten.
2647 696 56 32 Im
2731 694 179 33 höchsten
2940 693 121 34 Grade
3089 690 190 36 vollendet

1772 755 78 35 und
1879 754 232 36 entzückend
2154 765 76 23 war
2268 753 62 34 der
2357 754 163 43 Vortrag
2559 751 66 37 der
2652 753 132 34 beiden
2814 756 288 41 erstgenannten
3130 750 146 45 Lieder,

1773 814 109 33 deren
1911 814 148 33 zweites
2088 812 218 35 wiederholt
2338 811 146 35 werden
2512 814 153 31 musste.
2896 811 56 43 (C.
2982 811 43 37 B.
3054 811 65 33 Dr.
3147 809 53 45 J.)

2575 889 13 10 /

1850 976 187 37 Wien.
2091 976 202 35 Servais
2333 978 50 33 ist
2418 977 82 34 hier
2525 977 280 45 angekommen.
2856 977 86 34 Sein
2970 981 118 31 erstes
3117 976 164 35 Concert

1772 1038 115 35 findet
1913 1038 37 34 in
1980 1037 64 34 der
2072 1038 155 32 zweiten
2253 1037 132 34 Hälfte
2413 1037 120 34 dieses
2562 1037 148 34 Monats
2739 1037 109 33 Statt.

1848 1114 179 34 Fräulein
2054 1113 239 45 Tietjens,
2322 1113 110 34 deren
2459 1113 162 45 Abgang
2648 1125 83 22 vom
2750 1113 365 45 Hof-Operntheater
3142 1113 113 35 bevor-

1774 1173 120 43 stand,
1922 1174 51 33 ist
2000 1174 59 33 für
2086 1174 57 33 die
2169 1173 155 34 nächste
2353 1173 132 34 Saison
2515 1175 68 32 auf
2608 1173 87 34 acht
2722 1174 151 33 Monate
2914 1185 120 33 gegen
3064 1175 60 33 ein
3152 1174 104 35 Hono-

1775 1245 61 23 rar
1863 1244 73 23 von
1966 1231 137 44 16,000
2131 1233 56 34 Fl.
2217 1232 109 36 C.-M.
2356 1233 55 33 als
2443 1232 92 34 Gast
2562 1233 173 45 engagirt
2762 1232 159 35 worden.

1853 1309 113 34 Trotz
1997 1308 63 34 der
2086 1308 278 45 kriegerischen
2394 1308 211 45 Stimmung
2646 1320 118 33 gegen
2806 1308 57 35 die
2892 1310 185 34 Italiäner
3116 1310 83 35 sind
3225 1312 59 33 für

1776 1368 58 34 die
1861 1367 157 35 nächste
2047 1368 238 34 italiänische
2313 1368 131 34 Saison
2475 1367 173 45 folgende
2675 1369 214 44 Mitglieder
2928 1371 192 43 engagirt:
3168 1371 115 34 Sechs

1774 1428 286 42 Primadonnen,
2102 1428 80 33 vier
2213 1428 157 42 Tenöre,
2414 1428 80 33 vier
2530 1428 190 45 Baritone,
2764 1429 80 34 vier
2872 1430 127 39 Bässe,
3043 1430 147 34 endlich
3220 1431 66 34 der

1776 1487 109 34 BufFo
1914 1487 186 36 Zecchini.
2134 1488 76 33 Zur
2235 1487 247 45 Aufführung
2511 1487 83 35 sind
2621 1488 192 34 bestimmt
2841 1499 131 23 ausser
3001 1489 69 34 den
3097 1489 186 35 beliebten

1778 1546 118 45 Opern
1926 1546 62 34 des
2016 1546 99 34 alten
2144 1547 212 45 Repertoirs
2371 1560 9 22 :
2423 1548 119 33 Luisa
2570 1548 173 43 Valasco,
2776 1548 115 46 Opera
2919 1550 94 32 seria
3041 1560 71 23 von
3141 1548 143 45 Pacini,

1776 1607 162 42 Fiorina,
1969 1606 117 47 Opera
2113 1607 101 44 Luffa
2242 1619 71 22 von
2342 1607 177 44 Pedrotti,
2559 1607 148 35 endlich
2745 1608 59 34 die
2842 1608 115 47 Opera
2986 1609 98 44 Luffa
3123 1609 140 42 „Matri-

1776 1666 118 34 monio
2112 1677 72 23 von
2212 1665 205 36 Cimarosa.

1853 1842 76 33 Der
1968 1839 290 36 verdienstvolle
2284 1840 174 35 Director
2497 1840 64 35 der
2588 1841 344 36 Ober-Realschule
2973 1843 59 36 bei
3079 1844 52 36 St.
3160 1845 123 46 Anna,

1776 1900 97 34 Herr
1912 1899 280 35 Ferdinand
2234 1900 254 44 Schubert,
2534 1901 64 34 der
2639 1901 145 35 Bruder
2811 1903 119 33 Franz
2960 1904 232 47 Schubert's,
3235 1907 51 33 ist

1775 1959 99 35 nach
1901 1959 273 46 mehrtägigem
2200 1960 288 46 Krankenlager
2526 1960 70 34 den
2625 1960 60 38 26.
2712 1962 170 35 Februar
2919 1974 59 23 am
3008 1964 159 45 Typhus
3204 1976 62 23 ver-

1777 2018 185 38 schieden.

1958 3563 102 31 osie
2091 3558 527 36 Xiederrlßeinisclie
2644 3556 451 40 Mtasik-^eitins^

1769 3629 193 35 erscheint
1980 3629 118 43 jeden
2127 3627 184 45 Samstag
2345 3627 43 33 in
2422 3627 130 33 einem
2582 3635 154 35 ganzen
2773 3624 132 44 Bogen
2947 3623 69 33 mit
3053 3622 243 45 zwanglosen

1771 3681 194 44 Beilagen.
2046 3681 78 33 Der
2150 3678 404 44 Abonnementspreis
2566 3676 163 44 beträgt
2740 3674 65 34 für
2827 3676 70 32 das
2916 3672 195 46 Halbjahr
3141 3676 18 31 2
3179 3672 122 43 Tlilr.,

1772 3732 60 33 bei
1854 3732 71 33 den
1953 3732 48 33 K.
2016 3742 154 34 preuss.
2185 3729 332 34 Post-Anstalten
2545 3731 19 31 2
2581 3727 112 34 Tlilr.
2707 3728 21 32 5
2752 3725 87 46 Sgl*.
2864 3726 95 33 Eine
2986 3725 305 34 einzelneNunv

1772 3794 77 22 mer
1878 3787 22 28 4
1929 3782 85 46 Sgr.
2040 3779 514 46 Einrückungs-Gebühren
2579 3789 69 35 per
2672 3777 209 35 Petitzeile
2907 3780 17 30 2
2956 3776 84 45 Sgr.

1823 3834 122 34 Briefe
1969 3834 80 33 und
2076 3832 287 45 Zusendungen
2392 3831 99 33 aller
2524 3831 76 33 Art
2623 3829 154 34 werden
2799 3833 117 29 unter
2947 3827 67 34 der
3039 3827 170 34 Adresse
3234 3826 67 34 der

1773 3886 48 34 M.
1848 3881 558 47 DuMont-Schauberg'schen
2430 3881 321 44 Buchhandlung
2780 3881 40 32 in
2849 3879 102 34 Köln
2977 3878 175 36 erbeten.

1783 3952 8 9 .
1803 3945 3 16 .
1824 3952 20 9 IM
1901 3952 14 8 11.
2325 3945 2 16 ■
2497 3947 109 12 ....
2640 3947 11 8 II
2669 3945 18 16 I
2705 3958 125 1 ...
2851 3945 3 16 .
2994 3945 1 16 ,
3206 3945 21 14 _L
3241 3946 38 13 -ULN

1876 3987 354 40 Veranwortlicher
2257 3986 301 49 Herausgeber:
2594 3985 108 39 Prof.
2728 3984 45 39 L.
2799 3983 183 39 BischofT
3003 3983 40 37 in
3072 3983 120 37 Köln.

1826 4041 209 49 Verleger:
2063 4039 54 37 M.
2705 4036 320 47 Buchhandlung
3053 4033 42 38 in
3126 4034 120 37 Köln.

1802 4093 190 38 Drucker:
2021 4091 54 39 M.
2106 4088 429 50 DuMont-Schauberg
2562 4091 39 34 in
2630 4088 122 44 Köln,
2778 4086 261 39 Breiistrasse
3070 4086 46 37 70
3148 4095 35 29 u.

2232 2329 594 55 liikiiiKliKHEigoii.

1938 2474 43 35 In
2083 2487 162 22 unserem
2485 2473 145 46 Verlage
2827 2475 206 35 erscheinen

1778 2526 110 46 gende
1912 2526 289 43 Compasitionen
2683 2528 64 41 für
2867 2526 219 45 Piirtiuforle

1789 2586 61 48 Op.
1970 2587 64 33 Les
2061 2585 272 46 Arquebu-siers.
2364 2586 148 34 Marche
2568 2587 44 33 15
2645 2587 83 45 JSgr.

1799 2665 26 16 ~
1878 2638 60 34 83.
1968 2638 56 32 La
2051 2637 183 45 Fandctgo.
2267 2639 81 31 Dan
2355 2650 34 21 sc
2417 2636 75 35 Per
2497 2651 20 20 u
2523 2650 134 22 menne.
2791 2638 88 46 l\gr.

1801 2716 23 16 „
1879 2689 62 34 84.
1972 2690 102 32 Brise
2102 2689 242 45 mysterieuse.
2375 2690 164 46 Caprice.
2595 2690 51 32 20
2673 2689 86 46 Ngr.

1800 2768 25 16 „
1878 2740 61 35 85.
1970 2742 137 42 Hymne
2135 2742 85 33 ata
2261 2740 77 35 Vier
2341 2752 50 33 (je.
2450 2742 42 32 15
2523 2740 87 46 JSgr.

1801 2819 24 17 „
1878 2792 60 36 86.
1968 2792 69 33 Air
2067 2792 39 33 de
2137 2793 131 34 Danse.
2326 2794 45 31 15
2403 2791 85 46 Ngr.

1799 2871 24 17 ~
1876 2844 62 33 87.
1969 2844 53 33 La
2055 2844 122 33 Hönde
2206 2844 59 33 des
2295 2843 203 36 Clocheltes.
2528 2843 172 34 Morceau
2728 2844 40 34 de
2798 2843 163 35 Concerl.
3016 2843 50 34 20
3097 2843 85 46 JSgr,

1851 2904 155 46 Leipzig,
2036 2905 49 33 im
2113 2904 101 34 März,
2248 2903 107 35 1859.
2564 2902 70 34 Ila
2635 2912 9 12 o
2906 2903 54 35 &
2987 2903 223 35 S£ai*tel*

1849 3029 66 33 Bei
1952 3028 66 35 Fr.
2057 3027 34 33 11
2102 3028 242 43 ofmeisler
2379 3026 39 33 in
2459 3025 192 46 Leipzig
2686 3029 45 28 ist
2768 3023 230 34 erschienen:
3153 3051 14 18 9

1773 3088 174 47 llaydn,
1980 3089 106 41 Jos.,
2119 3087 195 34 Colleclion
2343 3086 41 33 de
2413 3084 185 42 Qualuors
2620 3095 96 35 ponr
2742 3083 24 33 2
2807 3083 153 42 Violons,
2982 3082 81 35 Alto
3081 3089 30 27 et
3140 3082 153 35 Violon-

2075 3138 97 44 celle,
2213 3137 180 45 arrangSs
2429 3148 96 34 pour
2545 3135 221 43 'Pianoforte
2806 3137 21 31 ä
2864 3135 22 32 4
2916 3135 119 33 mains
3069 3145 72 36 par
3170 3135 40 34 F.
3243 3133 45 36 X.

2081 3190 207 43 Gleichauf.
2326 3189 64 34 Bis
2407 3191 90 42 jetzt
2525 3187 46 33 35
2603 3187 211 41 Nummern,
2844 3187 23 32 ä
2895 3186 50 34 20
2974 3186 85 44 JSgr.

1822 3298 80 34 Alle
1926 3299 38 32 in
1993 3299 121 33 dieser
2136 3296 317 46 Musik-Ticilung
2477 3295 279 47 besprochenen
2790 3293 80 34 und
2896 3292 287 46 angekündigten
3212 3292 84 33 Mv-

1768 3349 151 34 sicilien
1942 3356 71 27 elc.
2036 3350 86 33 sind
2148 3363 44 20 zu
2216 3350 172 34 erhallen
2411 3351 40 31 in
2479 3348 67 33 der
2568 3354 92 27 stets
2683 3345 227 34 lollständic
2939 3345 219 33 assorlirten
3178 3344 117 32 Musi-

1769 3403 57 31 cal
1830 3414 78 20 len-
1914 3401 198 46 Handlung
2144 3402 102 34 nebst
2279 3400 241 34 Leihansiali
2556 3412 71 21 von
2671 3395 289 37 BEllhilAlil)
2999 3394 209 35 BiiK[]hl{
3254 3398 37 30 in

1774 3453 87 33 K<jl
1874 3466 35 21 n,
1941 3454 242 33 Hochsirasse
2208 3454 67 33 Ar.
2302 3454 65 33 97.
