3454 4389
1726 191 67 46 90

230 356 48 30 so
318 337 84 49 wie
441 337 77 48 das
558 337 110 47 allzu
708 334 179 64 häufige
913 329 278 51 Ritardando
1232 331 75 45 für
1344 328 70 47 die
1442 328 274 47 Bach'schen

231 414 190 47 Choräle
457 413 119 47 nicht
615 426 307 48 angemessen,
965 407 191 49 sondern
1195 422 45 29 es
1278 404 183 48 werden
1490 403 226 47 dieselben

229 488 214 48 hiedurch
473 485 221 65 geradezu
717 484 281 48 modernisirt
1026 482 89 48 und
1143 479 261 48 erscheinen
1432 478 140 47 daher
1600 478 115 47 eben

228 581 47 30 so
297 562 266 66 unpassend,
586 563 61 46 als
671 577 128 32 wenn
823 577 102 30 man
948 558 76 47 das
1048 555 245 50 Contrefait
1320 554 76 47 des
1424 554 118 47 alten
1564 554 151 46 Herrn

226 639 149 55 selbst,
404 645 163 41 anstatt
593 654 46 30 es
668 638 78 46 mit
772 634 319 50 altdeutschem
1106 632 143 54 Bock,
1269 630 444 64 Allonge-Perrücke

226 732 42 30 11.
297 731 31 30 s.
358 731 65 30 w.-
454 732 52 29 zu
546 713 287 54 schmücken,
882 710 78 47 mit
1001 710 131 47 allem
1160 706 214 47 Zubehör
1410 706 119 47 eines
1559 705 129 64 aulge-

224 797 178 57 putzten
431 790 194 46 Stutzers
653 786 112 49 nach
803 792 207 41 neuester
1048 784 169 63 pariser
1245 784 150 55 Facon
1433 780 282 48 ausstaffiren

225 872 161 47 wollte.
433 870 61 46 Es
522 869 54 46 ist
603 864 237 63 allerdings
870 863 212 53 bekannt,
1118 859 99 47 dass
1246 856 165 64 gerade
1440 855 143 48 durch
1612 855 75 48 der-

222 948 143 62 artige
405 944 351 61 Nuancirungen
807 939 115 47 beim
972 936 231 63 Absingen
1251 934 75 45 des
1367 932 216 47 Miserere
1628 949 85 29 von

219 1021 218 64 Allegri
466 1021 44 46 in
540 1019 79 48 der
647 1015 296 51 Sixtinischen
968 1014 179 63 Capelle
1174 1029 51 28 zu
1250 1011 115 46 Rom
1387 1007 219 49 während
1633 1009 82 47 der

221 1098 280 49 Charwoche
540 1095 71 48 ein
649 1090 455 52 ausserordentlicher
1129 1087 148 47 Effect
1312 1085 191 47 bewirkt
1529 1084 183 47 werden

219 1185 96 54 soll,
362 1197 93 33 was
494 1176 120 50 nicht
652 1174 137 47 selten
831 1166 185 66 (freilich
1056 1164 122 49 nicht
1217 1161 171 48 überall
1430 1160 79 47 mit
1551 1159 159 64 Glück)

217 1258 303 50 nachgeahmt
546 1250 135 56 wird;
711 1264 103 32 man
844 1244 104 48 darf
969 1241 109 48 aber
1106 1237 171 49 hierbei
1301 1237 120 47 nicht
1443 1236 269 56 übersehen,

217 1336 101 49 dass
346 1335 141 46 dieses
513 1330 214 47 Miserere
767 1338 79 33 aus
880 1336 87 31 nur
1000 1316 106 47 zwei
1138 1315 180 54 kurzen,
1349 1312 241 47 melodisch
1619 1311 93 48 und

219 1406 283 54 harmonisch
540 1401 239 64 dürftigen,
827 1397 76 46 für
939 1392 108 48 zwei
1089 1391 148 48 Chöre
1278 1388 284 47 bestimmten
1592 1390 90 45 Ton-

215 1486 202 48 sälzehen
447 1480 187 54 besteht,
663 1477 70 47 die
760 1474 90 47 sich
873 1489 47 29 so
944 1468 62 49 oft
1028 1466 318 55 wiederholen,
1376 1465 62 47 als
1461 1463 78 47 der
1561 1465 149 47 Psalm

216 1564 113 48 eben
356 1562 136 46 Verse
515 1555 182 54 enthält,
727 1550 91 49 und
846 1547 131 48 somit
1006 1546 69 47 bei
1099 1543 195 65 gleicher
1317 1541 249 47 Tonstärke
1588 1541 90 47 Lan-

215 1637 185 56 geweile
429 1649 188 47 erregen
647 1630 195 51 können,
884 1623 85 47 wie
997 1621 120 47 dann
1145 1620 80 47 der
1252 1617 284 48 bezeichnete
1564 1617 147 47 Effect

215 1714 114 49 auch
370 1711 113 50 noch
525 1706 141 49 durch
708 1703 71 47 die
818 1698 272 50 Decoration
1132 1694 90 49 und
1264 1693 312 62 Beleuchtung
1630 1692 80 48 der

211 1791 168 48 Kirche
405 1787 121 48 seine
553 1780 287 63 vollständige
866 1771 459 70 Eigentümlichkeit
1352 1769 156 47 erhält.
1548 1771 160 45 Bach's

210 1866 150 49 Musik
388 1863 221 64 dagegen,
654 1858 70 47 die
762 1856 66 47 bis
864 1871 53 29 zu
946 1852 85 47 den
1062 1849 221 49 Chorälen
1313 1846 141 48 durch
1485 1846 198 47 kunst-in-

211 1947 243 45 teressante
480 1933 442 61 Stimmenführung,
963 1923 259 52 verbunden
1252 1923 79 47 mit
1368 1922 339 48 harmonischer

211 2020 142 54 Fülle,
383 2017 43 47 in
454 2015 90 47 sich
573 2011 133 48 selbst
733 2007 107 48 Reiz
879 2021 151 48 genug
1070 2001 182 55 enthält,
1297 2016 72 30 um
1407 2016 50 29 zu
1498 1998 208 65 gefallen,

212 2112 80 32 uns
333 2112 51 30 zu
424 2092 216 52 erbauen,
680 2103 52 31 zu
770 2083 222 53 beseelen,
1037 2078 161 48 bedarf
1232 2075 292 49 äusserlicher
1552 2075 132 47 llülfs-

214 2172 137 47 miltel
389 2167 90 48 und
507 2166 114 49 auch
652 2163 78 47 der
758 2161 270 61 heutzutage
1057 2156 66 46 bis
1150 2171 99 30 zum
1278 2153 302 47 Uebermaass
1609 2168 72 31 ver-

211 2246 207 49 wandten
433 2241 239 49 süsslichen
686 2228 687 57 Sentimentalitäts-Affectation
1390 2227 130 48 nicht.
1533 2228 172 47 Zudem

209 2326 77 47 hat
313 2321 122 49 Bach
461 2319 45 49 in
534 2318 80 47 der
640 2314 200 49 Partitur
868 2308 311 51 ausdrücklich
1209 2305 85 49 den
1317 2305 320 64 Singstimmen
1659 2305 47 63 je

207 2399 118 51 nach
352 2399 128 47 ihren
508 2392 358 63 Ton-Regionen
896 2383 351 68 entsprechende
1275 2383 404 47 Instrumental-Be-

210 2477 199 65 gleitung
426 2474 57 46 im
501 2470 251 63 Einklänge
776 2465 109 47 oder
906 2465 43 46 in
974 2463 276 53 derOctave,
1274 2476 47 30 so
1345 2458 84 47 wie
1449 2459 228 64 Orgel-Be-

207 2553 200 65 gleitung
435 2544 388 69 vorgeschrieben,
852 2540 92 49 und
973 2556 45 31 es
1044 2539 55 47 ist
1124 2537 132 48 somit
1284 2535 70 48 ein
1383 2535 297 48 Ueberschrei-

205 2639 75 40 ten
309 2629 79 47 der
414 2643 99 32 vom
543 2622 281 50 Tonmeister
851 2617 324 66 angegebenen
1204 2614 109 47 oder
1350 2611 70 49 ein
1448 2614 230 62 Ergänzen-

206 2705 161 50 wollen
389 2703 80 48 der
490 2700 334 49 unterlassenen
846 2693 315 66 dynamischen
1186 2689 371 65 Bezeichnungen
1585 2689 122 47 nicht

206 2783 119 49 wohl

318 2859 73 46 Da
419 2854 113 50 wird
560 2853 78 48 das
667 2849 119 48 Kind
813 2846 168 50 wieder
1009 2845 163 48 einmal
1211 2844 77 47 mit
1317 2843 102 47 dem
1449 2843 125 48 Bade
1603 2859 77 32 aus-

207 2933 269 49 geschüttet!
535 2928 249 54 „Süssliche
1590 2920 113 47 wird

1211 2973 505 26 .

206 3029 103 31 man
341 3028 72 29 um
442 3025 47 31 so
520 3006 198 63 weniger
753 3004 44 47 in
831 3001 100 47 dem
964 3000 222 62 Vortrage
1216 2998 111 47 alter
1357 2996 345 47 Kirchenmusik

205 3088 148 49 haben
380 3085 178 55 wollen,
598 3083 64 48 als
703 3080 78 47 der
822 3076 199 66 gesunde
1052 3074 278 49 Geschmack
1369 3074 61 47 sie
1467 3074 42 47 in
1551 3074 152 47 keiner

205 3165 198 64 einzigen
433 3164 197 60 Gattung
658 3175 85 31 von
770 3154 289 51 Vocalmusik
1089 3151 166 48 duldet.
1291 3152 50 46 In
1371 3151 83 47 wie
1485 3150 104 48 weit
1616 3150 85 48 den

206 3238 382 52 Cäcilien-Verein
612 3234 89 48 und
724 3232 154 49 dessen
896 3230 262 63 Dirigenten
1181 3227 145 47 dieser
1343 3227 219 47 Vorwurf
1578 3226 124 56 trifft,

206 3319 178 48 können
424 3315 83 47 wir
546 3312 122 49 nicht
708 3310 174 53 wissen,
924 3306 214 65 gestehen
1174 3305 110 47 aber
1312 3304 136 55 offen,
1491 3302 101 50 dass
1621 3305 82 46 wir

206 3395 75 46 ihn
311 3394 75 47 für
416 3389 260 50 unverdient
704 3386 108 48 oder
831 3385 268 61 wenigstens
1123 3384 76 45 für
1222 3380 290 48 übertrieben
1534 3380 168 57 halten,

210 3470 98 48 weil
336 3470 77 47 der
437 3467 216 49 Referent
692 3481 83 31 von
812 3464 165 47 seinem
1009 3459 313 64 Standpunkte
1363 3475 79 31 aus
1481 3457 80 49 der
1589 3459 83 47 Mei-

207 3564 122 38 nuni;
360 3547 68 54 ist,
469 3545 98 47 dass
595 3542 80 49 der
704 3539 322 49 künstlerische
1054 3535 239 49 Ausdruck
1326 3535 70 48 bei
1424 3535 277 48 Bach'schen

210 3621 358 66 Compositionen
595 3619 144 55 „nicht
755 3617 118 47 wohl
1155 3613 58 47 sei
1240 3611 89 48 und
1348 3612 138 47 deren
1520 3612 156 56 „kunst-

206 3701 290 46 interessante
523 3695 365 62 Stimmführung
918 3710 41 29 u.
988 3707 32 32 s.
1052 3707 53 31 w.
1136 3690 43 48 in
1207 3690 90 47 sich
1326 3690 137 47 selbst
1489 3688 105 49 Reiz
1623 3706 52 47 ge-

205 3793 95 45 nug
328 3773 211 55 enthalte,
578 3789 74 29 um
681 3789 51 28 zu
762 3770 206 63 gefallen,
1011 3784 81 30 uns
1127 3785 52 29 zu
1209 3766 219 56 erbauen,
1465 3780 52 32 zu
1547 3765 129 48 besee-

366 3880 62 5 -
457 3850 117 48 Wer
601 3847 96 47 sind
725 3846 113 48 denn
868 3846 68 47 die
967 3845 122 57 wir,
1124 3861 84 31 von
1246 3842 145 48 denen
1426 3842 141 47 dieses
1607 3859 95 30 uns

206 3928 201 50 kommt?
436 3926 77 48 das
541 3923 223 66 gebildete
789 3923 235 47 Publicum
1053 3922 111 47 oder
1190 3921 71 47 die
1289 3920 320 66 grammatisch
1641 3920 41 47 fe-

202 4014 97 40 sten
329 4003 230 50 Musiker?
607 4000 78 48 das
715 3998 115 49 Volk
865 3998 108 49 oder
1011 3997 70 48 die
1110 3998 275 47 Gelehrten?
1433 3996 70 48 die
1532 3997 141 47 Kunst-

203 4081 187 49 freunde
418 4080 111 48 oder
562 4077 71 48 die
661 4076 259 48 Pedanten?
965 4077 68 46 Zu
1061 4074 181 49 solchen
1269 4076 182 62 Fragen
1479 4073 224 65 gelangen

1790 325 83 49 wir
1903 327 82 47 fast
2013 327 140 47 wider
2183 344 191 32 unseren
2406 332 186 56 Willen,
2630 347 132 33 wenn
2801 347 102 31 man
2935 347 80 31 uns
3046 331 62 47 als
3138 332 155 47 Gesetz

1790 402 233 48 hinstellen
2061 404 105 56 will,
2207 405 248 49 Bach'sche
2497 407 93 47 und
2630 407 299 48 Händel'sche
2957 407 175 47 Sachen
3174 408 120 55 „mit

1790 478 251 63 gleicher
2461 483 155 62 singen
2644 501 51 29 zu
2726 484 156 47 lassen.
2916 484 113 46 Was
3053 483 134 47 heisst
3215 483 77 47 das

1790 553 287 63 überhaupt?
2106 555 122 47 Alles
2727 557 143 62 forte,
2415 557 110 48 oder
2545 559 122 46 Alles
2872 559 109 47 oder
3004 559 122 46 Alles

1778 629 156 61 forte*}
1983 630 105 46 Man
2130 630 123 47 ziehe
2282 632 115 46 doch
2428 649 86 29 nur
2543 633 70 47 die
2643 634 367 64 Consequenzen,
3053 634 89 46 und
3188 651 103 30 man

1787 704 113 48 wird
1929 704 78 48 das
2030 704 412 61 Unkünstlerische,
2465 709 65 62 ja,
2554 708 339 66 Widersinnige
2921 710 175 47 solcher
3118 709 142 48 Forde-

1787 795 174 47 rungen
1992 780 223 48 einsehen.

1899 856 75 46 Ich
2006 856 151 47 werde
2186 859 76 46 lür
2284 859 144 47 meine
2451 860 169 47 Person
2646 859 241 63 allerdings
2912 859 195 65 mächtig
3131 861 135 63 ergrif-

1787 931 69 46 len
1893 948 82 30 von
2012 931 79 47 der
2121 934 175 48 Gewalt
2337 935 80 47 der
2445 935 276 65 Polyphonie
2759 936 44 46 in
2832 935 159 47 Bach's
3020 936 148 46 Musik
3198 936 92 49 und

1785 1007 118 47 habe
1926 1009 62 47 oft
2009 1025 149 48 genug
2182 1026 56 31 an
2262 1011 84 46 mir
2368 1013 135 46 selbst
2525 1011 290 65 empfunden,
2844 1011 101 47 dass
2973 1013 121 46 seine
3117 1016 171 60 grösste

1783 1085 155 46 Macht
1974 1085 115 47 eben
2126 1086 127 47 darin
2289 1087 131 64 liegt;
2461 1089 133 47 allein
2622 1087 78 49 das
2728 1086 120 48 kann
2879 1087 116 47 mich
3025 1087 113 47 doch
3168 1089 122 48 nicht

1785 1159 122 48 blind
1937 1161 189 47 machen
2157 1162 75 49 für
2260 1164 97 47 eine
2390 1190 65 8 --
2488 1181 131 31 wenn
2649 1164 113 48 auch
2793 1179 85 32 nur
2907 1164 143 47 ideale
3169 1166 89 46 Aus-

1783 1236 205 65 fuhrung
2016 1236 235 50 derselben
2281 1240 79 47 mit
2388 1240 272 48 vollendeter
2681 1241 148 46 Kunst
2855 1240 76 47 des
2952 1240 264 48 Ausdrucks
3244 1242 44 47 in

1776 1311 162 65 jeder
1979 1313 204 58 Stimme,
2225 1315 57 48 da
2310 1316 207 48 offenbar
2545 1316 141 47 durch
2718 1317 98 46 eine
2844 1316 148 47 solche
3020 1316 121 48 nicht
3169 1317 119 49 bloss

1782 1388 79 47 das
1885 1390 260 54 materielle,
2173 1391 195 48 sondern
2390 1392 78 47 das
2489 1392 237 65 eigentlich
2756 1394 241 62 geistige
3025 1392 157 48 Leben
3204 1392 82 48 der

1782 1465 276 63 Polyphonie
2086 1466 125 48 recht
2241 1467 308 48 hervortreten
2578 1467 172 48 würde.

1894 1542 233 47 Zwischen
2168 1545 262 53 „süsslicher
2912 1542 108 65 (und
3062 1561 83 47 gar
3180 1545 78 47 zwi-

1781 1616 136 47 schen
2324 1620 253 63 derselben)
2610 1620 89 47 und
2729 1620 101 47 dem
2860 1620 300 47 Ausdruck
3190 1620 100 48 der

1783 1693 296 48 Wahrheit
2120 1696 93 47 des
2256 1697 235 47 Gefühls
2531 1697 143 47 durch
2712 1697 85 47 den
2830 1697 195 64 Vortrag
3055 1697 106 64 liegt
3189 1697 98 48 eine

1781 1769 263 64 ungeheure
2079 1773 154 55 Kluft;
2276 1772 150 49 diese
2467 1775 127 55 aber,
2635 1773 70 48 die
2745 1772 303 49 Wahrheit
3086 1772 77 48 des
3199 1775 60 46 Ge-

1782 1846 136 57 fühls,
1947 1847 70 47 die
2047 1848 201 64 Sprache
2277 1848 80 48 der
2385 1852 157 46 Seele
2572 1855 165 59 mögen
2769 1849 80 47 wir
2879 1866 74 30 um
2982 1849 158 47 keinen
3163 1851 125 45 Preis

1781 1938 79 32 aus
1889 1922 80 48 der
1998 1924 146 47 Musik
2173 1924 275 58 verbannen,
2489 1927 61 47 sie
2582 1943 102 47 mag
2713 1927 176 46 Namen
2920 1924 91 49 und
3043 1927 244 63 Gattungs-

1782 1998 252 48 Charakter
2063 2008 174 57 tragen,
2267 2003 170 47 welche
2465 2003 63 47 sie
2555 2003 147 47 wolle.
2732 2002 85 47 Die
2846 2006 173 59 grösste
3052 2002 234 65 Wirkung

1778 2074 271 48 Bach'scher
2073 2077 288 49 Vocalmusik
2392 2078 109 48 wird
2533 2078 119 47 dann
2681 2079 116 46 Statt
2825 2077 167 57 finden,
3023 2095 147 39 wenn,
3202 2079 85 47 wie

1778 2152 159 47 Marx
1976 2161 115 55 sagt,
2147 2153 106 56 „der
2284 2156 122 46 Chor
2444 2154 80 48 der
2559 2156 219 46 Stimmen
2818 2154 92 47 sich
2954 2154 202 47 wirklich
3199 2154 59 48 be-

1777 2229 155 55 seelt,
1974 2244 132 32 wenn
2140 2229 106 64 jede
2282 2230 191 49 Stimme
2514 2232 57 45 im
2614 2232 188 62 eigenen
2845 2230 138 47 freien
3016 2230 167 47 Dasein
3225 2232 62 47 als

1778 2305 98 46 eine
1905 2307 211 47 Person
2161 2308 76 46 für
2274 2309 88 46 sich
2402 2324 84 31 uns
2522 2308 119 48 nahe
2681 2308 109 55 tritt,
2835 2324 74 30 um
2940 2307 90 47 sich
3061 2308 81 47 mit
3171 2309 116 47 allen

1778 2380 197 50 anderen
2004 2383 475 66 gleichberechtigten,
2508 2384 289 65 gleichfreien
2825 2401 52 30 zu
2902 2384 159 47 Einem
3088 2384 196 56 Ganzen,

1776 2474 53 31 zu
1857 2459 161 47 Einem
2047 2460 191 47 Zwecke
2265 2478 53 29 zu
2726 2462 106 45 Erst
2869 2459 120 48 dann
3024 2460 113 47 wird
3165 2460 123 49 nicht

1778 2534 118 47 bloss
1926 2534 80 48 der
2034 2537 215 54 Musiker,
2291 2537 196 48 sondern
2521 2537 130 64 jeder
2679 2535 327 57 Kunstfreund,
3042 2537 66 63 ja,
3150 2538 136 47 selbst

1777 2611 70 47 ein
1876 2629 179 47 grosser
2077 2613 128 48 Theil
2228 2613 76 48 des
2327 2614 344 65 gewöhnlichen
2694 2613 453 58 Musik-Publicums,
3178 2615 80 47 füh-

1778 2690 87 55 len,
1907 2689 100 48 dass
2047 2690 98 47 hier
2185 2690 122 48 nicht
2352 2690 117 48 bloss
2511 2691 98 47 eine
2638 2690 151 47 Probe
2830 2690 454 64 contrapunktischer

1780 2766 224 50 Weisheit
2031 2766 268 64 vorgeführt
2328 2768 130 56 wird,
2493 2768 196 47 sondern
2718 2768 71 45 ein
2820 2766 207 64 geistiges
3056 2768 156 47 Leben
3241 2769 45 47 in

1777 2845 174 55 Tönen,
1987 2844 191 47 welches
2216 2860 80 31 aus
2324 2844 125 47 einer
2475 2843 379 49 Menschenbrust
2881 2843 143 64 quillt,
3065 2843 70 48 die
3164 2844 122 47 Alles

1776 2920 91 52 hat,
1912 2920 207 47 Glauben
2158 2920 91 47 und
2277 2921 204 56 Wissen,
2525 2920 168 48 Gefühl
2724 2919 91 47 und
2844 2919 241 57 Verstand,
3126 2921 158 47 Poesie

1777 2998 88 48 und
1889 2996 217 57 Technik,
2135 2996 92 49 und
2257 2999 192 46 welches
2478 2996 207 49 desshalb
2726 3013 47 32 so
2803 2998 85 45 wie
2917 2996 149 64 wenig
3095 2996 189 50 anderes

1773 3090 84 31 von
1886 3074 244 47 Menschen
2149 3074 320 48 Geschaffenes
2498 3074 59 47 im
2576 3072 170 49 Stande
2775 3072 69 58 ist,
2874 3072 70 47 die
2975 3072 128 49 Seele
3130 3090 53 31 zu
3213 3090 47 32 er-

1773 3151 188 64 greifen,
1989 3168 52 29 zu
2072 3150 196 56 stärken,
2296 3169 54 29 zu
2380 3150 214 48 erheben.

1887 3227 111 49 Wie
2037 3227 140 47 sollen
2219 3227 81 47 wir
2342 3226 111 50 aber
2493 3226 87 48 den
2622 3225 266 66 geeigneten
2916 3226 244 48 Ausdruck
3203 3226 81 48 der

1773 3305 469 49 Gefühls-Wahrheit
2279 3305 43 47 in
2351 3304 85 48 den
2468 3304 364 66 Compositionen
2863 3304 80 47 der
2971 3305 170 47 älteren
3170 3305 84 48 Mei-

1771 3387 90 41 ster
1909 3380 166 58 finden,
2120 3398 74 30 um
2242 3380 81 48 der
2369 3381 306 64 Ausführung
2717 3380 143 48 durch
2907 3380 78 47 ihn
3028 3380 159 48 Leben
3231 3399 52 29 zu

1773 3457 183 65 geben?

1886 3537 94 46 Das
2008 3535 55 47 ist
2092 3535 168 48 freilich
2293 3535 127 48 keine
2442 3535 162 48 leichte
2627 3533 226 66 Aufgabe.
2881 3536 161 46 Hören
3070 3533 84 49 wir
3182 3533 77 50 dar-

1774 3611 113 48 über
1908 3611 90 48 und
2022 3611 114 48 über
2158 3611 80 48 das
2261 3612 192 55 Thema,
2482 3611 79 48 das
2590 3612 84 47 wir
2702 3611 294 65 besprechen,
3027 3610 260 66 überhaupt

1774 3690 242 47 Mosewius
2047 3687 56 65 (a.
2134 3705 39 32 a.
2204 3688 75 58 0.,
2309 3690 43 47 S.
2390 3688 108 64 19j:

1898 3766 102 56 „Ob
2030 3766 118 47 denn
2177 3784 91 29 nun
2298 3766 203 47 wirklich
2525 3765 105 64 jene
2657 3765 194 48 Zeichen
2879 3765 163 48 Bach's
3072 3762 89 67 (die
3189 3767 63 46 No-

1773 3841 89 66 ten)
1893 3843 106 47 alles
2027 3843 45 46 in
2100 3842 91 47 sich
2215 3842 244 53 enthalten,
2489 3857 94 32 was
2606 3841 83 47 wir
2710 3842 64 47 als
2797 3841 247 48 immanent
3071 3842 45 47 in
3143 3842 138 47 ihnen

1773 3920 219 63 geschaut
2013 3918 179 49 haben?
2223 3920 75 45 Ich
2322 3918 119 49 kann
2465 3935 87 30 nur
2573 3935 162 47 sagen:
2775 3956 17 18 „
2813 3918 301 64 „Allerdings,

1774 3996 130 48 Doch
1933 3997 163 48 wollen
2126 3997 61 46 sie
2218 3996 142 47 ihrem
2392 3996 136 47 Sinne
2555 3996 115 47 nach
2702 3994 152 49 belebt
2882 3994 209 56 werden;
3122 3996 162 47 mittels

1773 4073 81 48 der
1870 4074 188 49 Stimme
2082 4073 89 48 und
2187 4073 219 65 Sprache,
2436 4073 161 48 mittels
2619 4072 77 49 des
2724 4073 369 65 Stimmklanges,
3122 4073 162 48 mittels
