2273 3777
580 231 16 23 «
633 232 196 27 ALCESTE
866 234 35 34 »,
939 235 56 25 DE
1031 234 165 39 GLUCK,
1232 236 24 26 A
1290 221 411 48 L'OPÉRA-COMIQUE

2077 236 70 37 301

460 402 362 57 «Alceste»,
859 404 70 42 de
969 405 196 52 Gluck,
1203 405 32 42 à
1264 405 554 54 l'Opéra-Comique.

163 540 144 33 Alceste
329 549 153 25 consent
502 544 18 30 à
544 542 139 32 mourir
706 545 19 30 à
748 545 32 30 la
798 546 103 37 place
921 543 44 33 de
981 555 66 21 son
1070 544 90 33 mari
1177 546 167 39 Admète,
1369 553 31 26 et
1419 556 37 23 se
1478 546 75 33 voit
1573 548 259 40 récompensée
1849 547 43 32 de
1911 558 66 22 son
1998 548 133 32 dévoue-

118 598 98 24 ment
233 602 65 29 par
323 593 155 32 Hercule
499 592 58 41 (ou
575 593 156 41 Alcide),
749 593 64 42 qui
840 593 177 33 l'arrache
1036 605 68 21 aux
1129 596 140 32 Enfers.
1296 596 48 32 Ce
1362 599 95 41 sujet
1479 600 44 29 où
1549 609 37 21 se
1604 605 127 25 trouve
1754 599 131 36 exalté,
1904 609 141 21 comme
2065 598 88 33 dans

118 641 151 41 Fidelio,
288 643 154 32 l'amour
464 645 188 41 conjugal,
671 655 18 21 a
711 643 122 33 séduit
854 645 194 42 beaucoup
1087 646 45 32 de
1170 647 284 41 compositeurs.
1477 649 28 31 A
1525 651 33 29 la
1581 649 94 32 suite
1698 649 44 32 de
1772 651 33 31 la
1826 649 167 43 tragédie
2010 649 143 43 lyrique

116 690 231 44 d'Euripide,
363 704 47 22 on
433 702 87 33 peut
544 694 92 33 citer
659 706 5 20 :
688 695 138 31 Alceste
846 706 45 19 ou
907 695 30 31 le
962 696 176 43 triomphe
1162 697 174 38 <ïAlcide,
1358 697 44 33 de
1426 699 94 31 Lulli
1545 699 132 41 (Paris,
1724 700 104 43 1674,
1853 699 105 33 livret
1997 701 44 31 de
2061 699 69 42 Qui-

118 745 116 39 nault)
248 756 9 24 ;
274 744 21 30 Y
298 744 141 31 Alceste
455 744 44 33 de
520 744 172 43 Strungk
711 744 245 44 (Hambourg,
981 746 120 42 1680),
1125 749 91 30 celle
1236 747 44 32 de
1301 746 233 35 Schurmann
1550 749 122 40 (ibid.,
1697 762 38 30 17
1747 750 67 43 19),
1840 753 91 30 celle
1942 750 43 32 de
2000 750 128 41 Lampu-

115 792 116 43 gnani
259 793 192 42 (Londres,
481 794 119 43 1745),
626 796 90 30 celle
743 794 44 32 de
810 794 121 32 Gluck
951 795 174 41 (Vienne,
1151 796 44 31 26
1216 796 77 33 déc.
1329 796 106 44 1767,
1472 798 106 33 livret
1621 800 44 31 de
1699 799 204 43 Calzabigi,
1942 800 209 33 traduction

116 842 180 43 française
316 844 44 32 de
382 845 47 31 du
453 847 133 36 Rollet,
614 845 196 32 exécution
831 847 17 30 à
868 847 102 30 Pans
991 848 33 30 le
1042 856 40 33 23
1101 847 97 41 janv.
1229 847 119 42 1776),
1374 850 90 30 celle
1487 849 44 31 de
1555 849 207 32 Schweizer
1776 858 9 32 (
1798 861 102 33 1773,
1938 852 18 30 à
1974 850 177 39 Weimar,

116 894 106 33 livret
245 895 44 32 de
307 894 205 42 Wieland),
537 897 91 31 celle
652 895 43 32 de
718 895 183 34 Gresnick
927 896 195 40 (Londres,
1151 896 119 43 1786),
1289 899 90 31 celle
1403 897 43 33 de
1469 899 139 41 Draghi
1628 899 169 40 (Vienne,
1830 898 123 44 1799);
1976 899 176 33 YAdmeto

118 944 43 32 de
181 944 142 33 Hândel
349 945 192 43 (Londres,
571 946 126 42 1727);
718 957 84 22 sans
826 949 120 38 parler
972 946 109 33 d'une
1104 955 147 25 cantate
1271 947 230 43 dramatique
1522 949 43 32 de
1588 948 198 40 Donizetti,
1806 956 67 26 etc.

174 1088 146 54 Après
343 1089 64 40 les
444 1088 141 42 belles
627 1091 386 51 représentations
1056 1089 26 40 à
1105 1088 96 57 Iphi
1202 1089 130 54 génie
1367 1104 51 25 en
1463 1089 190 40 Tauride
1658 1122 10 16 ,
1711 1089 442 54 l'Opéra-Comique

117 1159 88 40 clôt
237 1159 265 51 clignement
526 1173 47 26 sa
596 1161 155 39 saison
775 1174 81 38 par
876 1173 88 27 une
988 1159 265 51 magistrale
1283 1161 171 51 reprise
1477 1160 54 40 de
1563 1158 200 42 YAlceste
1771 1191 8 18 ,
1805 1160 53 39 de
1877 1158 162 52 Gluck,
2064 1174 88 39 que

118 1242 116 27 nous
252 1243 54 26 ne
330 1230 318 39 connaissions
672 1229 101 53 plus
809 1243 87 39 que
920 1244 80 38 par
1023 1229 78 40 des
1140 1228 252 52 fragments
1423 1232 268 49 interprétés
1711 1229 114 40 dans
1850 1230 62 40 les
1930 1238 219 32 concerts.

117 1297 64 42 Le
211 1305 154 35 succès
390 1314 21 25 a
437 1303 68 37 été
541 1298 331 42 considérable.
901 1297 72 43 On
1008 1300 146 39 aurait
1187 1314 60 38 pu
1283 1299 207 41 craindre
1530 1300 209 52 qu'après
1763 1298 132 42 l'effet
1931 1302 35 37 si
1992 1302 138 38 saisis-

117 1377 102 31 sant
242 1369 60 40 du
338 1368 12 40 lerI
357 1376 30 18 er
412 1377 110 43 acte,
548 1369 134 40 cbune
716 1368 163 41 beauté
902 1371 36 38 si
963 1368 208 49 achevée,
1198 1370 36 38 si
1258 1369 303 53 dramatique,
1589 1383 106 26 avec
1717 1383 72 26 ses
1827 1371 87 38 airs
1938 1368 178 42 fameux
2142 1380 7 28 :

120 1451 19 24 ((
159 1436 120 50 Non,
317 1452 47 26 ce
388 1437 112 42 n'est
530 1452 81 39 pas
630 1453 59 26 un
724 1437 201 42 sacrifice
948 1442 7 36 !
984 1450 39 38 »,
1052 1451 20 25 «
1097 1437 224 42 Divinités
1344 1439 60 40 du
1430 1437 108 54 Styx
1567 1442 7 36 !
1604 1451 19 25 »
1655 1470 25 9 ..
1708 1439 63 40 les
1794 1439 113 40 deux
1927 1448 150 31 autres
2098 1453 54 26 ne

113 1509 256 51 paraissent
394 1523 60 25 un
484 1521 86 40 peu
595 1517 162 31 ternes.
784 1507 30 40 Il
834 1508 101 40 n'en
957 1523 21 25 a
1001 1509 94 38 rien
1115 1512 84 44 été,
1224 1516 41 32 et
1286 1508 231 40 l'émotion
1540 1512 260 48 provoquée
1836 1523 81 38 par
1964 1508 63 40 les
2048 1522 78 39 pre-

113 1578 136 39 miers
273 1586 178 32 accents
474 1576 226 41 cl'Alceste
738 1577 105 41 s'est
867 1585 221 33 soutenue
1108 1577 177 52 jusqu'à
1310 1577 40 39 la
1390 1575 77 52 fin,
1495 1582 21 34 à
1542 1586 170 31 travers
1733 1577 63 40 les
1817 1576 140 41 belles
1997 1583 155 35 scènes

116 1648 55 39 de
195 1647 233 40 tendresse
467 1647 240 52 conjugale
747 1647 59 41 du
839 1662 20 24 2
867 1656 12 16 e
910 1655 42 31 et
989 1647 59 39 du
1075 1660 40 36 3c
1153 1655 116 31 acte.

173 1716 64 40 Le
272 1716 93 41 rôle
398 1715 225 41 d'Alceste
645 1717 119 39 avait
787 1720 69 36 été
879 1713 145 43 confié
1049 1719 21 36 à
1092 1714 44 40 M
1143 1720 49 21 mo
1216 1715 47 40 F.
1284 1714 227 42 Litvinne.
1543 1715 30 40 Il
1615 1730 21 25 a
1675 1720 68 36 été
1767 1718 386 50 supérieurement

117 1795 120 31 tenu.
262 1785 260 53 L'ampleur
560 1794 42 31 et
639 1785 39 40 la
705 1785 162 40 beauté
886 1785 54 40 de
973 1799 48 26 sa
1060 1785 118 46 voix,
1206 1798 71 26 ses
1321 1794 177 31 accents
1537 1787 36 38 si
1597 1785 303 52 pathétiques,
1927 1799 69 26 ses
2020 1800 133 38 poses

118 1855 302 53 sculpturales
458 1863 77 32 ont
580 1859 69 36 été
684 1853 153 54 l'objet
875 1853 134 42 d'une
1049 1857 183 37 ovation
1272 1856 227 38 continue.
1523 1853 120 41 Avec
1667 1868 46 26 sa
1733 1856 101 39 voix
1855 1855 189 47 chaude,
2071 1869 82 26 son

118 1925 115 41 beau
255 1925 130 52 style,
411 1924 61 40 M.
494 1924 154 53 Beyle,
675 1924 167 51 chargé
865 1924 59 40 du
960 1924 93 40 rôle
1072 1923 255 52 d'Admète,
1354 1922 105 41 s'est
1484 1928 179 35 montré
1681 1924 38 39 le
1738 1924 138 50 digne
1898 1926 254 51 partenaire

118 1995 54 40 de
207 1992 46 42 M
258 1999 48 17 me
346 1992 230 42 Litvinne.

175 2063 125 40 Dans
320 2072 113 32 cette
466 2064 110 40 lutte
593 2065 36 38 si
651 2068 272 35 émouvante
950 2064 76 50 qui
1053 2062 179 52 remplit
1255 2062 40 39 le
1321 2076 17 25 2
1346 2072 13 16 e
1384 2070 94 32 acte
1498 2070 41 32 et
1563 2075 46 27 se
1644 2064 223 50 poursuit,
1895 2077 55 25 au
1984 2062 58 48 3°,
2066 2067 22 35 à
2114 2063 38 39 la

119 2142 127 43 porte
269 2133 78 40 des
365 2132 178 48 Enfers,
581 2133 28 39 il
628 2147 21 25 a
669 2131 168 42 obtenu
860 2137 21 34 à
916 2135 97 37 côté
1035 2131 129 40 d'elle
1201 2131 39 39 le
1263 2131 102 52 plus
1395 2130 67 41 vif
1478 2137 170 34 succès.
1690 2130 61 40 M.
1788 2130 232 41 Dufranne
2053 2136 75 48 prê-

121 2204 78 39 tait
233 2216 48 27 sa
305 2204 102 39 voix
431 2211 136 41 nette,
607 2202 254 46 mordante,
902 2201 105 40 bien
1031 2206 151 47 posée,
1209 2215 57 25 au
1307 2200 92 40 rôle
1432 2201 58 39 du
1533 2200 144 51 grand
1703 2203 160 49 prêtre.
1888 2199 30 40 Il
1945 2215 21 25 a
1985 2214 140 26 remar-

120 2271 295 54 quablement
439 2274 244 50 interprété
701 2272 40 40 la
759 2271 117 40 belle
894 2276 131 35 scène
1048 2271 59 40 du
1129 2269 14 40 lerI
1148 2274 34 17 er
1205 2279 95 31 acte
1322 2286 6 24 :
1345 2281 20 28 «
1392 2270 108 53 Déjà
1525 2270 39 39 la
1584 2279 116 31 mort
1724 2267 275 55 s'apprête...
2022 2281 21 27 ))
2065 2269 88 40 Les

120 2342 118 40 rôles
258 2340 273 51 d'Evandre,
547 2340 256 45 d'Hercule,
827 2339 238 48 deCaron,
1095 2345 88 35 très
1204 2338 104 41 bien
1327 2347 129 32 tenus
1476 2354 81 38 par
1576 2337 112 41 MM.
1711 2338 260 51 Carbonne,
1999 2337 153 41 Allard

119 2421 41 31 et
184 2410 267 51 Guillamat,
472 2411 321 52 complétaient
826 2425 60 25 un
907 2408 233 42 ensemble
1179 2417 95 31 tout
1298 2413 22 35 à
1345 2408 79 40 fait
1450 2407 333 53 remarquable.

175 2479 64 42 La
266 2483 112 38 mise
399 2494 55 27 en
475 2486 146 42 scène,
646 2494 47 26 ce
714 2481 76 51 qui
814 2480 264 39 n'étonnera
1113 2492 81 39 pas
1223 2478 53 40 de
1322 2478 40 40 la
1390 2486 98 44 part
1511 2477 55 39 de
1589 2476 63 40 M.
1684 2475 54 41 A.
1759 2475 156 49 Carré,
1942 2478 118 38 avait
2083 2481 68 35 été

119 2551 416 52 particulièrement
560 2551 204 49 soignée.
809 2547 88 42 Les
936 2547 261 41 différentes
1231 2548 171 51 parties
1439 2546 59 40 du
1537 2546 170 50 drame,
1744 2545 164 40 devant
1945 2545 38 40 le
2008 2545 145 53 palais

119 2619 254 50 d'Admète,
400 2620 115 39 dans
539 2619 39 40 le
602 2619 165 52 temple
790 2617 258 53 d'Apollon,
1076 2632 85 25 aux
1182 2625 150 44 portes
1349 2616 79 39 des
1448 2614 179 49 Enfers,
1648 2627 46 27 se
1717 2613 236 41 déroulent
1976 2614 114 39 dans
2114 2614 38 40 le

121 2690 133 40 cadre
290 2690 54 39 de
366 2688 144 40 riches
547 2688 156 40 décors
723 2688 107 40 d'un
860 2686 115 41 beau
1000 2692 223 35 caractère
1244 2688 199 50 antique.

177 2759 65 40 De
263 2760 260 50 gracieuses
546 2758 258 40 évolutions
820 2765 360 44 accompagnent
1199 2765 40 31 et
1252 2757 290 39 soutiennent
1568 2754 39 40 le
1631 2754 177 52 rythme
1830 2753 54 40 de
1909 2752 39 41 la
1972 2753 180 40 marche

121 2829 241 51 religieuse
383 2829 57 39 du
467 2827 12 41 lerI
486 2833 33 16 er
541 2836 94 31 acte
674 2836 59 38 et,
759 2842 55 25 au
841 2841 17 37 3
867 2838 14 15 e
904 2826 198 49 tableau,
1148 2826 78 40 des
1250 2826 165 40 danses
1437 2837 237 39 grecques,
1698 2823 350 40 heureusement
2081 2836 47 26 re-

118 2900 290 46 constituées,
432 2906 78 32 ont
533 2902 67 36 été
623 2897 415 53 particulièrement
1061 2900 204 47 goûtées.
1292 2892 135 42 Enfin
1451 2893 63 40 les
1551 2893 199 47 chœurs,
1770 2893 109 40 dont
1916 2892 38 40 le
1980 2892 91 40 rôle
2087 2901 66 32 est

120 2971 247 51 important
390 2968 113 40 dans
528 2966 184 42 l'œuvre
732 2967 54 40 de
807 2965 161 48 Gluck,
1001 2968 35 38 si
1055 2964 240 55 expressifs
1318 2973 41 32 et
1383 2966 35 38 si
1441 2965 163 49 variés,
1625 2976 105 27 avec
1750 2962 63 40 les
1848 2963 99 39 voix
1961 2961 192 41 fraîches

121 3039 54 39 de
209 3040 120 38 leurs
362 3038 266 52 coryphées,
654 3045 77 33 ont
754 3050 55 26 eu
833 3036 97 40 leur
962 3044 99 44 part
1096 3036 60 39 du
1181 3040 168 35 succès.
1393 3033 161 40 Citons
1607 3040 282 33 notamment
1913 3046 60 25 un
1997 3031 156 40 chœur

121 3121 106 27 avec
264 3115 436 45 accompagnement
734 3106 55 40 de
818 3107 220 51 pizzicati.
1150 3103 299 50 L'orchestre,
1484 3115 106 27 sous
1628 3102 10 38 1
1659 3100 151 40 habile
1850 3100 217 40 direction
2098 3101 54 39 de

123 3176 62 41 M.
212 3176 201 51 Luigini,
444 3191 21 25 a
487 3177 151 39 donné
677 3176 39 39 la
750 3176 102 52 plus
876 3177 114 51 juste
1027 3175 344 52 interprétation
1403 3172 53 40 de
1481 3180 111 31 cette
1628 3170 173 51 grande
1825 3184 167 26 œuvre.
2030 3168 72 42 On
2126 3185 22 24 a

120 3248 227 39 vivement
384 3247 230 51 applaudi,
642 3260 106 26 avec
777 3243 302 52 l'Ouverture,
1107 3243 40 40 la
1185 3243 114 40 belle
1336 3240 185 41 Marche
1556 3240 239 50 religieuse
1826 3248 41 30 et
1895 3254 59 24 un
1995 3240 64 38 air
2098 3240 53 39 de

121 3317 106 39 flûte
251 3316 113 40 dans
388 3315 39 40 le
451 3314 152 40 ballet.

1784 3407 51 41 L.
1863 3406 53 43 G.
