2273 3777
567 178 393 43 L'ENSEIGNEMENT
993 196 60 27 DU
1088 195 147 28 CHANT
1269 195 52 27 ET
1355 195 77 27 LES
1467 186 237 36 MÉTHODES

2070 198 72 36 303

174 286 66 41 La
266 287 214 42 méthode
513 289 58 40 du
614 288 353 43 Conservatoire
1003 304 115 27 nous
1142 290 150 41 donne
1327 303 163 28 encore
1527 305 61 25 un
1623 289 202 53 exemple
1849 292 205 51 précieux
2093 305 55 26 en

115 354 277 57 s'occupant,
409 359 79 40 dès
513 359 39 40 le
575 358 154 53 début,
752 360 57 40 du
835 362 275 38 mécanisme
1131 360 127 41 vocal
1278 369 42 32 et
1338 360 54 41 de
1414 360 40 40 la
1480 361 288 52 respiration.
1779 359 125 41 Voici
1926 374 46 26 ce
1987 360 162 53 qu'elle

115 427 63 40 dit
212 427 53 41 de
291 428 41 40 la
360 430 271 51 respiration
661 443 7 25 :
697 441 20 27 ((
744 428 74 42 On
842 443 55 27 ne
922 432 171 38 saurait
1118 439 98 44 trop
1241 430 344 41 recommander
1616 444 84 26 aux
1724 430 146 40 élèves
1893 430 54 40 de
1983 429 144 42 s'occu-

117 508 21 28 ((
174 510 80 40 per
275 498 55 40 de
350 498 41 40 la
417 500 273 50 respiration
717 509 8 38 ;
765 498 86 40 elle
875 508 66 31 est
973 505 90 34 tout
1087 513 115 39 pour
1225 500 40 41 le
1288 500 149 41 chant.
1461 512 21 27 ))

172 566 129 41 Cette
341 571 168 49 pensée
545 576 67 31 est
632 567 264 51 excellente,
922 570 116 38 mais
1061 569 39 39 la
1127 569 172 41 théorie
1332 572 287 50 respiratoire
1640 573 75 49 qui
1741 570 40 40 la
1806 578 253 33 commente
2079 578 66 32 est

116 637 249 50 singulière
389 650 57 27 ou
471 649 116 40 pour
607 637 38 39 le
666 638 149 39 moins
845 637 89 40 mal
958 637 253 53 expliquée.

170 705 51 56 Je
243 708 84 38 cite
347 721 8 26 ;
382 717 22 28 ((
425 704 165 54 Quand
614 719 58 27 on
696 707 172 51 respire
899 719 115 39 pour
1042 707 149 52 parler
1216 721 57 27 ou
1295 721 115 39 pour
1437 708 266 40 renouveler
1723 709 291 53 simplement
2053 708 99 42 l'air

118 787 20 27 ((
175 775 79 41 des
278 788 245 40 poumons,
547 774 39 41 le
619 776 195 51 premier
847 783 291 32 mouvement
1161 785 67 31 est
1249 776 111 40 celui
1393 777 53 39 de
1464 777 281 52 l'aspiration
1767 790 9 38 ;
1800 779 119 40 alors
1936 779 39 41 le
1997 788 154 32 ventre

117 857 20 27 ((
178 858 46 27 se
247 845 154 51 gonfle
438 853 42 31 et
514 858 48 26 sa
605 846 143 51 partie
782 846 262 50 supérieure
1067 842 208 43 s'avance
1298 860 60 25 un
1391 859 85 39 peu
1503 860 9 34 ;
1535 848 177 39 ensuite
1734 847 28 39 il
1788 846 235 50 s'affaisse,
2045 848 106 41 c'est

116 928 19 24 «
179 915 39 39 le
242 914 166 41 second
447 923 310 41 mouvement,
781 914 116 40 celui
924 914 53 40 de
1002 914 282 53 l'expiration
1310 931 6 24 :
1346 928 70 27 ces
1440 915 115 41 deux
1581 925 315 32 mouvements
1930 915 223 54 s'opèrent

116 996 20 27 ((
179 984 249 40 lentement
459 983 184 52 lorsque
677 983 40 40 le
746 997 131 39 corps
901 992 66 32 est
990 984 114 41 dans
1130 997 83 28 son
1234 989 90 36 état
1346 985 197 40 naturel.

179 1065 20 27 ((
245 1051 70 42 Au
348 1054 240 45 contraire,
634 1053 113 40 dans
788 1053 181 41 l'action
993 1053 55 40 de
1073 1055 195 51 respirer
1308 1067 115 39 pour
1460 1055 186 39 chanter
1670 1067 56 28 en
1749 1054 194 54 aspirant
1950 1087 8 15 ,
1982 1055 29 40 il
2057 1054 97 53 faut

118 1135 19 27 ((
177 1122 160 54 aplatir
370 1121 37 41 le
447 1128 144 35 ventre
627 1131 41 31 et
701 1122 40 40 le
788 1121 110 41 faire
941 1132 229 31 remonter
1201 1137 105 27 avec
1345 1125 310 51 promptitude
1688 1138 52 26 en
1783 1124 206 52 gonflant
2022 1134 41 31 et
2099 1139 55 26 en

120 1204 19 28 ((
183 1201 222 42 avançant
430 1192 39 40 la
494 1194 209 50 poitrine.
725 1203 22 27 ))

174 1261 126 41 Dans
325 1262 39 40 le
388 1263 196 51 premier
616 1262 303 53 paragraphe,
946 1260 192 43 l'auteur
1165 1275 116 28 nous
1305 1263 139 40 décrit
1468 1263 38 40 la
1532 1265 271 52 respiration
1830 1263 295 52 diaphragma-

118 1333 142 51 tique,
288 1333 77 50 qui
389 1340 67 31 est
475 1330 321 54 parfaitement
812 1331 243 56 applicable
1075 1347 52 24 au
1154 1331 128 40 chant
1314 1346 176 27 comme
1510 1337 22 36 à
1557 1333 40 40 la
1619 1333 152 55 parole
1808 1347 57 26 ou
1898 1347 57 26 au
1993 1334 161 52 simple

116 1400 365 41 renouvellement
501 1401 50 39 de
576 1399 100 42 l'air
682 1434 8 18 ,
719 1415 105 26 avec
847 1402 78 39 des
946 1400 266 42 différences
1232 1401 54 41 de
1310 1402 177 53 rythme
1520 1417 54 25 au
1600 1402 166 41 second
1789 1411 146 44 temps
1959 1404 167 52 respira-

121 1472 114 40 toire
259 1479 193 32 surtout.

175 1539 366 41 L'affaissement
574 1540 60 40 du
673 1549 155 31 ventre
864 1540 320 40 recommandé
1216 1555 55 25 au
1296 1541 165 40 second
1487 1540 287 53 paragraphe
1793 1549 66 31 est
1894 1540 247 42 troublant.

115 1608 52 56 Je
192 1623 201 39 suppose
413 1609 252 53 cependant
687 1609 108 53 qu'il
815 1608 135 52 s'agit
973 1610 55 39 de
1049 1610 40 40 la
1112 1611 272 50 respiration
1402 1610 276 40 claviculaire
1685 1643 9 18 ,
1708 1611 75 51 qui
1800 1610 316 41 actuellement
2132 1625 22 26 a

120 1693 87 38 peu
226 1679 54 40 de
300 1679 281 46 défenseurs,
602 1687 41 31 et
666 1691 115 39 pour
800 1691 148 27 cause.
969 1676 48 43 Si
1038 1678 40 39 la
1096 1679 271 51 respiration
1389 1687 67 32 est
1476 1684 90 34 tout
1589 1679 116 40 dans
1729 1679 40 40 le
1793 1679 150 48 chant,
1969 1679 29 40 il
2020 1682 135 38 serait

118 1747 106 42 bien
249 1750 255 39 nécessaire
523 1747 56 40 de
602 1746 108 42 fixer
734 1756 247 32 nettement
1015 1747 63 40 les
1101 1756 165 32 termes
1292 1749 75 51 qui
1386 1756 177 32 servent
1583 1748 55 40 de
1663 1748 163 52 phases
1846 1763 83 26 aux
1954 1749 172 40 malheu-

122 1831 154 28 reuses
306 1818 146 40 élèves
476 1817 160 53 depuis
664 1817 102 53 plus
791 1817 54 40 de
866 1825 99 32 cent
989 1830 96 27 ans.

177 1885 178 43 L'école
388 1886 215 41 italienne
626 1886 78 40 des
739 1885 205 54 Porpora
980 1895 41 31 et
1054 1895 152 31 autres
1243 1888 249 50 pratiquait
1529 1885 353 53 probablement
1931 1887 39 39 la
2018 1890 115 50 respi-

122 1959 147 38 ration
293 1957 434 53 diaphragmatique
751 1954 236 42 combinée
1012 1970 105 26 avec
1138 1956 39 40 le
1202 1964 102 44 type
1329 1955 153 41 latéral
1513 1956 115 40 dans
1652 1956 63 40 les
1738 1956 200 51 grandes
1960 1958 173 51 inspira-

122 2029 134 38 tions.
282 2025 50 56 Je
348 2028 84 39 cite
455 2039 162 27 encore
637 2039 88 27 une
743 2025 171 41 théorie
938 2040 60 25 un
1018 2039 87 38 peu
1126 2025 102 52 plus
1252 2039 86 38 que
1353 2039 151 37 vague
1523 2029 22 36 à
1567 2039 167 38 propos
1755 2025 54 40 de
1828 2025 249 41 l'émission
2098 2026 59 40 du

122 2110 83 27 son
231 2107 8 28 :
263 2108 20 27 ((
312 2094 50 42 Si
382 2095 251 41 l'émission
650 2109 56 26 ne
724 2108 46 27 se
791 2094 79 41 fait
885 2108 81 39 pas
990 2108 106 27 avec
1118 2094 308 55 promptitude,
1447 2095 30 40 il
1502 2095 178 40 devient
1700 2095 201 50 guttural
1922 2105 8 37 ;
1958 2096 35 39 si
2015 2095 39 40 le
2076 2109 82 26 son

123 2177 21 27 ((
179 2174 67 32 est
267 2173 99 45 trop
388 2164 120 41 forcé
526 2178 101 26 vers
651 2164 41 40 la
715 2166 77 38 tête
800 2196 8 15 ,
829 2164 29 40 il
882 2164 181 40 devient
1085 2164 144 40 nasal.
1251 2175 22 28 ))

179 2233 72 43 On
275 2246 45 28 se
345 2234 223 40 demande
592 2247 106 27 avec
718 2238 291 36 étonnement
1033 2246 47 28 ce
1104 2247 87 39 que
1210 2234 122 40 vient
1355 2232 111 42 faire
1484 2233 40 40 la
1542 2234 296 55 promptitude
1861 2238 21 35 à
1908 2231 251 43 l'émission

120 2304 246 52 gutturale,
381 2305 75 51 qui
480 2303 176 53 dépend
678 2304 54 39 de
755 2317 160 27 causes
940 2303 273 41 matérielles
1230 2309 87 34 très
1336 2303 316 48 déterminées,
1675 2312 41 32 et
1739 2303 55 40 de
1813 2304 106 52 quoi
1943 2304 41 40 la
2010 2307 85 37 tête
2114 2318 45 26 se

121 2374 131 49 mêle,
274 2389 56 25 au
355 2374 88 40 lieu
468 2373 54 40 de
539 2373 160 40 laisser
722 2373 40 40 le
777 2373 119 40 voile
919 2373 58 40 du
1002 2373 145 52 palais
1174 2372 111 40 faire
1305 2385 81 28 son
1414 2370 131 43 office
1570 2373 258 51 particulier
1846 2382 139 43 quant
2006 2388 54 26 au
2078 2387 80 27 son

122 2443 142 41 nasal.
294 2441 88 43 Sur
403 2443 40 40 la
463 2445 210 50 question
711 2443 79 39 des
827 2443 216 50 registres
1068 2439 76 55 (i),
1167 2442 40 39 la
1229 2441 213 40 méthode
1466 2451 99 42 part
1588 2443 53 39 de
1676 2440 131 43 l'effet
1840 2452 41 31 et
1906 2443 183 50 néglige
2119 2443 40 40 la

122 2526 154 35 cause;
297 2512 85 40 elle
416 2512 179 51 signale
628 2512 39 40 la
694 2516 252 36 résonance
977 2512 54 39 de
1056 2511 40 40 la
1112 2512 102 39 voix
1235 2511 54 38 de
1313 2514 85 36 tête
1423 2524 57 27 ou
1497 2511 55 38 de
1583 2509 170 41 fausset
1793 2511 115 40 dans
1931 2511 64 40 les
2033 2513 126 38 sinus

121 2580 211 42 frontaux
356 2591 41 31 et
415 2582 63 39 les
501 2580 147 42 fosses
669 2580 197 47 nasales,
893 2582 115 38 mais
1031 2593 55 26 ne
1123 2580 148 40 donne
1295 2592 81 39 pas
1397 2579 39 40 le
1458 2581 275 38 mécanisme
1753 2579 54 40 de
1839 2588 111 31 cette
1971 2582 118 45 voix,
2112 2594 47 26 ce

122 2653 76 51 qui
231 2652 59 40 du
314 2660 115 31 reste
449 2651 69 39 n'a
543 2652 94 38 rien
661 2650 259 40 d'étonnant
942 2654 22 36 à
984 2648 209 54 l'époque
1215 2655 58 35 où
1293 2649 39 40 la
1360 2649 212 40 méthode
1588 2647 64 42 fut
1674 2653 253 48 composée.
1967 2648 70 41 En
2079 2648 80 41 fait

123 2721 54 40 de
193 2720 315 47 vocalisation,
536 2719 191 42 l'auteur
750 2733 57 27 ou
829 2719 63 40 les
917 2728 182 31 auteurs
1120 2733 55 26 ne
1204 2718 280 41 l'admettent
1508 2732 87 38 que
1612 2732 75 26 sur
1711 2718 63 40 les
1790 2717 202 53 voyelles
2012 2733 23 23 a
2056 2727 41 32 et
2121 2733 36 25 e.

125 2789 49 42 Si
199 2791 40 40 la
259 2790 300 41 vocalisation
576 2799 66 32 est
659 2804 88 26 une
777 2788 152 42 bonne
949 2789 136 40 chose
1111 2803 54 26 en
1194 2789 276 45 elle-même,
1489 2801 48 27 ce
1562 2787 110 40 dont
1692 2788 39 52 je
1762 2787 151 51 doute,
1948 2787 84 41 elle
2065 2788 94 40 doit

125 2861 216 40 s'exercer
368 2874 77 26 sur
465 2868 147 32 toutes
631 2860 63 40 les
712 2859 216 53 voyelles,
947 2867 177 33 surtout
1142 2872 76 27 sur
1247 2859 62 39 les
1326 2860 149 39 moins
1492 2856 259 42 favorables
1785 2873 55 25 au
1865 2871 83 27 son
1966 2871 114 39 pour
2098 2858 63 40 les

122 2928 356 54 perfectionner.

182 2997 38 41 A
244 2998 203 52 signaler
469 3014 60 25 un
548 2998 92 41 bon
673 2998 202 52 chapitre
899 3001 21 37 à
946 3011 169 39 propos
1135 2997 111 40 delà
1269 3011 95 25 mue
1386 2997 55 39 de
1464 2996 40 40 la
1527 2998 101 39 voix
1652 3005 42 31 et
1727 2998 53 38 de
1816 2996 39 40 la
1892 2995 190 55 position
2112 2996 50 40 de

123 3069 14 38 l
156 3068 112 41 élève
288 3069 201 52 pendant
523 3068 64 40 les
621 3068 220 39 exercices
864 3067 55 40 de
952 3067 151 40 chant.
1138 3066 89 40 Des
1251 3066 201 41 données
1475 3067 139 51 justes
1638 3080 77 26 sur
1745 3065 38 40 le
1818 3073 106 46 coup
1956 3065 51 39 de
2028 3064 134 55 glotte

125 3139 75 51 qui
225 3140 168 50 portait
422 3138 120 40 alors
584 3137 333 40 modestement
947 3137 40 39 le
1026 3150 109 26 nom
1173 3136 53 40 de
1261 3143 107 46 coup
1402 3135 51 40 de
1492 3149 148 40 gosier
1670 3150 8 32 \
1712 3147 59 27 on
1808 3147 46 27 se
1886 3135 245 39 contentait
2152 3149 7 23 :

124 3219 21 28 ((
179 3207 26 40 d
228 3215 208 44 attaquer
478 3207 39 40 le
555 3220 82 27 son
661 3206 124 41 franc
822 3215 42 32 et
906 3207 133 52 juste,
1066 3219 105 27 sans
1212 3210 215 48 préparer
1448 3213 41 32 et
1526 3217 106 26 sans
1656 3205 170 38 arriver
1847 3207 23 35 à
1904 3217 46 26 ce
1978 3216 82 27 son
2083 3217 79 37 par

123 3289 21 26 ((
186 3290 176 26 aucune
383 3280 224 37 traînée...
635 3276 39 40 le
698 3289 81 27 son
802 3276 94 40 doit
918 3280 93 36 être
1028 3280 183 36 exécuté
1233 3275 54 40 de
1321 3276 200 38 manière
1545 3278 21 35 à
1592 3287 55 26 ne
1670 3274 126 51 point
1814 3271 110 41 faire
1947 3271 215 41 entendre

126 3359 20 27 ((
181 3346 55 40 de
261 3353 108 47 coup
391 3346 51 39 de
460 3344 169 54 gosier.
661 3357 19 26 »

181 3415 132 42 Voilà
342 3416 75 53 qui
438 3424 67 31 est
525 3424 90 42 net,
640 3422 98 44 trop
772 3424 73 31 net
875 3419 239 48 peut-être.
1160 3413 125 42 Nous
1310 3421 349 45 emprunterons
1680 3411 101 53 plus
1813 3411 95 41 tard
1943 3410 218 53 quelques

166 3562 48 43 (1)
243 3563 47 31 La
313 3560 174 34 méthode
511 3563 190 29 reconnaît
722 3569 17 35 3
760 3557 174 43 registres
958 3568 68 22 aux
1043 3556 149 42 soprani
1216 3563 33 25 et
1269 3566 16 21 2
1304 3565 67 22 aux
1391 3561 121 25 autres
1534 3552 101 32 voix.
