2557 4196
1377 3887 54 42 32

405 373 131 53 steller
574 372 124 52 durch
736 371 88 45 eine
861 384 54 31 an
951 370 72 52 sich
1058 369 279 45 bewunderns-

406 442 128 43 werte
556 437 413 56 Kraftanstrengung
999 436 206 54 gelungen
1233 436 130 52 wäre,

404 505 81 44 das
515 504 119 55 schon
669 503 111 53 recht
811 502 197 54 traurige
1044 501 178 46 Niveau
1260 502 101 52 noch

403 584 46 41 zu
478 570 276 46 unterbieten.

401 657 133 54 Hätte
588 657 110 52 nicht
754 655 185 52 Corinth
994 655 130 54 selbst,
1180 655 179 55 sondern

401 723 164 59 jemand
594 723 159 45 anders
782 722 131 55 dieses
944 721 186 54 Riesen—
1147 726 214 50 ,,tab1eau«

403 790 113 45 eines
559 790 172 45 nackten
761 788 181 46 Weibes
985 788 75 44 mit
1104 788 92 45 dem
1240 790 95 53 acht-

399 851 130 50 baren
585 856 174 46 Namen
808 854 186 52 Corinth
1046 855 213 55 versehen,
1314 857 44 54 so

399 923 143 45 würde
585 935 97 33 man
724 923 72 54 sich
833 922 102 45 über
972 921 66 45 die
1067 923 290 54 unglaubliche

394 988 297 55 Berhöhnung
724 989 114 45 einer
868 989 137 54 gewis-
1038 989 319 56 angreisbarem

396 1055 102 46 aber
518 1055 99 53 doch
639 1055 220 52 immerhin
878 1055 304 54 ungreifbaren
1200 1057 157 54 Kunst-

394 1122 89 46 Art
511 1123 169 54 ärgern.
723 1123 68 44 So
813 1122 128 45 bleibt
971 1123 133 45 einem
1132 1123 137 53 nichts
1289 1125 68 44 als

397 1189 63 45 ein
496 1189 303 52 bedauerndes,
836 1189 225 54 peinliches
1095 1190 261 56 Schweigen.

394 1281 195 55 Heiterer
634 1282 45 54 ist
722 1283 66 44 die
818 1283 237 54 Geschichte
1094 1284 64 45 bei
1194 1285 161 45 Iäclcei.

394 1348 84 46 Ein
519 1349 284 54 sogenannter
844 1350 241 54 ,,Zunger«,
1134 1351 79 45 den
1258 1365 97 33 man

392 1415 55 45 im
476 1415 257 55 Kunstwart,
765 1417 73 45 der
868 1417 220 54 eleganten
1118 1417 123 47 Welt
1271 1420 83 44 und

392 1482 184 46 anderen
645 1483 234 55 führenden
949 1484 406 57 Kunstzeitschriften

389 1549 69 45 als
504 1550 345 55 ,,aufstrebendes
895 1551 184 47 Talent«
1127 1552 227 55 bezeichnet

385 1629 48 40 zu
475 1617 144 54 finden
663 1617 197 55 gewohnt
905 1619 59 53 ist.
1027 1619 65 45 Er
1135 1620 135 53 macht
1312 1621 41 45 in

387 1683 251 46 Sadismus

387 1770 121 47 Aber
551 1784 67 33 um
660 1772 141 54 sowas
845 1773 201 55 gestalten
1088 1788 46 41 zu
1172 1774 179 54 können,

386 1838 97 55 musz
526 1851 98 32 man
663 1838 102 46 eben
800 1840 146 54 Sadist
984 1840 98 55 sein,
1127 1841 103 46 oder
1271 1842 81 45 das

389 1904 238 55 Gegenteil.
683 1905 149 46 Zäclcel
862 1906 46 55 ist
937 1907 144 46 beides
1125 1908 112 52 wohl
1271 1922 80 31 nur

389 1971 42 44 in
504 1972 79 44 den
652 1972 200 54 üblichen,
923 1978 75 50 gut
1064 1974 287 56 bürgerlichen

387 2039 207 55 Grenzen.
668 2039 100 46 Das
825 2040 121 56 langt
1001 2042 206 53 vielleicht
1253 2042 98 55 fürs

388 2105 286 56 Vergnügen;
717 2106 103 46 aber
856 2107 108 53 nicht
1001 2108 71 54 für
1110 2108 65 45 die
1205 2109 144 55 Kunst.

388 2172 146 54 Nicht,
563 2173 155 46 andere
744 2174 231 55 Nlenskhen
1003 2189 47 40 zu
1080 2176 269 54 erschüttern.

388 2239 75 45 Da
493 2240 125 45 wirlct
648 2253 46 32 es
722 2241 213 55 höchstens
954 2242 218 54 schamlos.
1215 2244 134 53 Nicht

389 2306 151 46 einmal
570 2308 215 54 scl)amlos,
805 2322 80 31 nur
905 2309 278 55 beschämend.
1229 2311 120 47 Was

387 2373 71 55 sür
488 2373 65 46 ein
582 2374 183 56 Spieszer
796 2390 43 31 er
871 2376 54 45 im
947 2376 180 46 Grunde
1160 2377 59 55 ist,
1248 2379 99 54 sieht

386 2454 99 33 man
526 2441 112 53 recht
681 2442 174 54 deutlich
899 2456 55 32 an
996 2443 150 55 seinem
1186 2445 161 46 braven

386 2508 209 55 Porträt,
632 2509 94 53 das,
757 2510 100 46 eben
887 2511 93 45 weil
1011 2525 46 32 es
1086 2513 71 54 sich
1196 2513 150 54 ehrlich

385 2574 258 57 spieszerhast
686 2577 105 54 gibt,
838 2578 204 54 natürlich
1091 2579 82 46 viel
1219 2580 128 55 besser

389 2641 59 54 ist,
483 2642 68 45 als
580 2642 65 46 die
675 2644 145 45 beiden
852 2645 292 56 langweiligen
1173 2647 173 47 Mord-

388 2709 83 44 und
501 2710 372 55 Totschlagbilden

389 2788 260 47 Dislcutabel
684 2791 84 54 sind
803 2805 85 33 von
925 2794 73 44 der
1034 2808 155 42 ganzen
1219 2796 127 46 Aus-

1487 369 168 55 ltellung
1706 383 79 44 n·ur
1833 370 136 54 einige
2017 371 113 54 ltille,
2178 371 271 55 belcheidene,

1486 435 362 55 unaufdringliche
1882 436 175 54 Bilder,
2101 438 65 45 die
2202 438 88 54 lich,
2334 439 112 46 Gott

1485 502 108 54 weils
1648 502 91 54 wie,
1810 503 42 44 in
1909 504 134 54 dielen
2102 504 126 46 Lärm
2284 505 160 46 verirrt

1484 568 149 52 haben.

1486 648 84 46 Ein
1632 649 293 55 freundlicher,
1987 652 187 52 rührend
2231 652 211 59 deutscher

1483 714 187 57 Thema;
1706 717 112 54 zwei,
1848 718 89 45 drei
1968 718 241 56 ernlthafte,
2238 719 91 56 lehr
2359 732 54 32 an-

1482 782 199 54 genehme
1721 784 223 54 Porträts
1978 798 85 33 von
2099 785 167 56 König;
2306 789 136 42 etwas

1481 862 85 33 von
1597 849 178 56 0ppler,
1805 864 86 33 von
1921 852 273 56 Klollowlkg

1481 958 94 45 Und
1605 959 113 44 dann
1746 959 167 55 hängen
1941 973 125 40 vorn,
2109 960 78 46 wie
2230 961 42 44 in
2311 961 134 45 einem

1478 1025 218 55 Muleum,
1745 1026 107 52 ohne
1899 1027 119 54 jeden
2074 1027 365 56 Zulammenhang

1480 1092 135 55 einige
1643 1092 195 47 Marrås
1868 1093 83 46 und
1980 1093 187 56 Menzeh
2211 1094 66 46 die
2306 1094 131 46 einem

1479 1159 109 54 nicht
1618 1173 92 40 neu,
1741 1160 103 45 aber
1875 1161 221 54 ungemein
2126 1161 80 45 lieb
2236 1161 84 54 lind
2354 1161 83 45 und

1478 1227 103 54 dazu
1611 1226 65 46 ein
1704 1240 111 41 paar
1843 1227 162 46 Bilder
2033 1240 87 33 von
2148 1227 193 55 schwer,
2374 1228 65 45 die

1480 1293 132 46 einem
1641 1307 80 32 neu
1751 1307 25 32 u
1794 1307 25 32 n
1836 1294 25 44 d
1893 1293 79 46 lieb
2002 1294 99 54 lind.

1479 1372 86 47 Die
1599 1373 172 54 Plaltik
1814 1374 45 53 ilt
1902 1374 148 55 ebenlo
2093 1375 223 54 belanglos
2360 1375 80 45 wie

1480 1439 66 45 die
1588 1440 208 45 Malerei.
1869 1440 105 55 Fritz
2022 1441 90 55 Huf
2167 1441 103 54 ltellt
2318 1442 121 45 einen

1479 1507 328 54 Zrauenkörper
1850 1507 89 54 auf,
1984 1507 75 46 der
2101 1508 71 55 liir
2215 1508 70 52 ihn
2327 1507 88 46 viel-

1481 1574 131 54 leicht,
1641 1574 71 55 fiir
1739 1575 101 53 mich
1869 1575 95 45 kein
1996 1574 202 47 Erlebnis
2228 1575 212 53 bedeutet,

1478 1641 85 46 und
1645 1641 193 54 Metzner
1910 1641 193 46 verdirbt
2174 1642 76 45 mit
2323 1641 115 46 einer

1476 1708 362 56 ,,Kolollalfigur«
1879 1709 79 46 den
2001 1709 213 54 abendlich
2245 1709 168 53 beleuch-

1476 1779 129 50 teten,
1648 1775 162 46 kleinen
1854 1776 184 53 Garten,
2082 1776 74 45 der
2191 1776 115 55 lelblt
2335 1777 101 52 noch

1477 1843 55 45 im
1552 1843 150 55 Herblt
1732 1843 80 45 das
1841 1843 228 55 hiiblkhelte
2097 1857 56 32 an
2184 1844 73 45 der
2277 1856 158 42 ganzen

1475 1909 271 56 Ausltellung
1777 1911 59 54 ilt.
1876 1910 87 46 Ob
1991 1923 45 33 er
2065 1911 162 55 glaubt,
2257 1911 84 54 dafz
2372 1909 69 46 die-s

1473 1977 252 54 Litzssfache
1744 1977 343 55 Vergrößerung
2116 1978 117 45 eines
2252 1977 182 56 Wiener

1474 2043 510 56 Cerrakottafigiirchens
2099 2045 336 45 monumentaler

1474 2111 127 47 wirkt
1630 2110 68 46 als
1728 2112 81 44 das
1838 2111 172 56 winzige
2040 2111 238 55 Original?

1473 2192 189 55 Craurig
1692 2192 99 55 geht
1820 2204 98 33 man
1948 2205 105 41 weg.
2101 2191 120 47 Was
2248 2192 76 53 hat
2347 2192 92 45 das

1473 2259 105 46 alles
1606 2259 70 55 fiir
1707 2258 119 46 einen
1855 2259 185 53 Zweck?
2087 2259 78 46 Um
2194 2259 139 55 lowas
2360 2272 50 41 zu-

1473 2326 140 53 ltande
1658 2339 47 42 zu
1752 2325 191 55 bringen,
1995 2325 198 47 arbeiten.
2234 2339 84 32 nun
2367 2326 67 45 ein

1471 2406 110 43 paar
1608 2393 186 55 Dutzend
1822 2392 232 56 Menlchen
2083 2396 162 52 tagaus
2271 2393 165 54 tagein,.

1471 2461 284 54 wochenlang,
1776 2459 237 56 jahrelang,
2035 2460 67 51 ihr
2123 2472 152 43 ganzes
2296 2459 140 46 Leben

1472 2527 134 55 lang?
1662 2527 93 47 Und
1786 2539 119 33 wenn
1935 2527 50 54 lie
2007 2539 45 33 es
2073 2526 168 56 ließen?
2284 2526 146 46 Wenn

1471 2595 51 55 lie
1564 2607 93 33 was
1699 2594 184 46 anderes
1925 2593 157 47 täten?
2156 2593 148 47 Wenn
2351 2593 80 46 alle

1471 2663 106 54 diele
1622 2661 162 50 Bilder
1830 2660 85 46 und
1962 2661 186 55 Figuren
2195 2674 81 41 gar
2323 2659 108 55 nicht

1470 2728 270 52 exiltierten?
1786 2752 54 7 —-
1885 2727 170 46 Wiirde
2113 2725 93 49 was
2255 2727 176 53 fehlen?

2168 2795 54 54 H.
2242 2795 192 55 Siemjen

686 2951 320 56 Herausgeber:
1035 2955 112 47 Otto
1176 2957 295 57 Hans-Zeno,
1499 2957 215 54 Berlin,
1741 2956 186 56 Pariler
1955 2955 126 56 Platz
2111 2959 26 40 7

1023 3076 418 55 Verantwortlicher
1471 3077 313 56 Schriftleiten

826 3147 125 55 Hans
980 3148 209 56 Siemiem
1226 3150 367 56 Lichterfelde,
1629 3150 275 55 Sternitralze
1932 3153 53 42 25

850 3233 87 55 siir
967 3235 280 56 unverlangte
1278 3237 324 57 Cinlendungen
1632 3239 118 45 lceine
1780 3237 190 55 Gewähr

390 3350 63 49 In
468 3350 229 56 Okterreich
722 3353 70 54 für
815 3354 65 45 die
896 3354 254 46 Reduktion
1166 3358 350 54 verantwortlich
1532 3358 128 56 Hugo
1676 3359 155 55 Heller,
1847 3358 147 55 Wien,
2005 3361 30 52 l,
2052 3359 332 48 Bauernmarlct
2399 3360 30 42 3

958 3468 126 36 Druck
1109 3477 77 27 von
1217 3469 45 42 H.
1288 3470 52 37 S.
1365 3470 250 41 Her-man«
1646 3473 38 34 in
1713 3473 139 35 Berlin
