2557 4196
1231 3891 45 38 19

255 394 287 68 Wahrheit
588 396 169 71 sagen,
805 398 94 57 wie
944 415 119 41 man
1107 399 63 68 sie
1216 399 150 67 weiss.
1450 399 203 68 Peguy
1697 396 274 70 verlangte
2017 396 101 85 das
2162 396 132 67 nicht

254 474 135 52 etwa
428 485 103 42 von
568 469 165 69 seinen
773 471 271 66 Freunden
1083 470 103 58 und
1224 471 234 86 Helfern,
1500 470 221 87 sondern.
1761 488 58 40 es
1860 469 161 71 ergab
2061 468 90 70 sich
2191 486 103 40 von

252 541 140 70 selbst
439 561 101 40 aus
587 542 89 59 der
720 544 407 58 vollkommenen
1173 544 253 67 Reinheit
1469 545 166 84 seines·
1681 545 246 68 Wesens,
1974 544 92 84 der
2111 543 147 58 Unbe-

253 615 360 66 kiimmertheit
645 617 163 68 seines
841 618 228 68 Herzens
1104 621 101 56 und
1243 619 90 57 der
1370 618 213 68 Armut,
1620 635 70 53 Ia,
1725 618 92 58 der
1852 617 284 87 herrlichen
2171 616 82 59 Ar-

252 693 109 52 mut
394 688 162 69 seiner
587 688 444 71 Lebensführung.
1102 691 79 57 Er
1215 690 186 69 schrieb
1443 697 151 52 1907:
1617 691 174 86 »,«,Als»
1811 690 358 87 Mitarbeiter
2202 690 92 87 der

253 760 154 70 Hefte
434 762 245 71 verlange
706 765 69 66 ich
803 765 87 67 fiir
918 764 161 57 meine
1108 765 204 57 Werke
1342 765 103 57 und
1474 765 241 85 Aufsatze
1742 765 131 86 diese
1901 781 156 54 ganze
2085 765 207 85 geistige

251 835 101 57 und
394 835 216 69 zeitliche
651 836 242 70 Freiheit,
934 837 79 57 die
1054 837 70 67 ich
1165 837 134 56 allen
1337 839 186 82 unsern
1564 838 403 87 Mitarbeitern»
1995 839 296 85 versichere

251 905 149 61 Aber
432 907 85 59 als
551 908 370 68 Herausgeber
954 909 91 56 der
1080 911 156 68 Hefte
1274 910 103 58 will
1412 911 70 67 ich
1518 912 63 68 sie
1617 911 132 66 nicht
1786 930 50 40 in
1871 930 164 40 meine
2069 912 189 70 person-

252 980 152 66 lichen
439 981 399 69 Streitigkeiten
872 981 359 72 hineinziehen,
1262 988 63 50 ni
1360 986 146 53 dans
1540 993 89 48 eet
1666 988 624 64 approfondissement

251 1054 70 55 de
358 1072 134 37 man
531 1059 124 51 etre
693 1056 299 64 religieux
1029 1059 213 61 auquel
1283 1059 45 52 il
1370 1064 91 49 est
1504 1059 237 55 evident
1782 1076 112 50 que
1935 1064 59 62 je
2034 1061 255 79 procede

250 1127 196 65 depuis
498 1128 279 65 plusieurs
816 1126 213 53 annees
1083 1144 147 36 avec
1280 1144 111 36 une
1447 1130 249 52 severire
1741 1132 372 52 croissante.«
2183 1131 107 56 Die

253 1196 228 66 Eahiers
513 1198 322 69 verschlossen
868 1200 88 66 sich
990 1200 112 58 dem
1135 1201 359 70 Ungliiubigen
1529 1203 149 68 nicht,
1712 1220 148 42 wenn
1892 1205 91 57 der
2015 1205 274 70 Unglaube

251 1270 107 57 eine
391 1271 212 67 ehrliche
635 1271 447 71 leidenschaftliche
1115 1274 293 66 Wahrheit
1440 1292 128 40 war.
1640 1277 131 58 Von
1806 1278 91 58 der
1928 1278 199 59 Armut
2158 1280 130 57 aber

250 1344 118 66 noch
400 1342 212 70 einiges.

389 1414 106 60 Als
528 1417 70 66 ich
630 1435 96 39 vor
760 1424 135 52 etwa
932 1418 161 67 sieben
1126 1419 209 66 Jahren
1367 1421 201 70 Pegug
1603 1424 50 56 in
1689 1424 111 57 dem
1833 1424 188 66 kahlen
2054 1426 232 68 Zimmer

250 1487 88 58 der
373 1501 112 43 tue:
519 1491 68 53 de
625 1493 60 52 la
721 1492 299 55 sorbonne
1057 1492 242 70 besuchte,
1337 1500 121 65 trug
1494 1495 71 68 ich
1605 1496 108 58 eine
1753 1498 105 57 alte
1895 1498 260 70 Ausgabe
2195 1501 91 57 der

248 1560 247 58 ömitatio
525 1561 78 58 bei
631 1562 114 71 mir,
775 1563 79 57 die
885 1563 69 68 ich
983 1582 86 40 am
1098 1566 142 57 Quai
1269 1567 255 57 Voltaire
1553 1568 87 68 fiir
1671 1570 136 68 sechs
1837 1572 151 57 Sous
2016 1574 269 67 erstanden

249 1631 159 66 hatte.
472 1634 113 59 Und
613 1636 91 57 der
730 1637 296 67 anwesende
1055 1638 261 67 Franczois
1344 1641 217 68 Porche
1588 1643 173 68 sprach
1789 1661 119 54 aus,
1935 1662 117 41 was
2080 1647 203 69 Peguy

249 1705 190 70 dachte,
483 1709 84 56 als
612 1726 55 39 er
710 1708 157 71 sagte,
911 1708 103 69 dasz
1060 1711 153 59 allein
1259 1713 80 57 die
1383 1714 198 58 Armut
1622 1718 93 68 auf
1758 1718 177 58 Erden
1979 1720 79 56 die
2103 1721 180 65 wahre

248 1777 291 70 Rachfolge
582 1779 188 70 Christi
812 1781 83 71 sei,
958 1783 79 57 die
1079 1784 197 59 Armut
1333 1787 84 58 als
1461 1788 109 57 eine
1610 1789 321 70 Konzeption
1991 1792 94 59 des
2148 1794 102 56 Uni-

246 1851 246 67 versums.
566 1854 147 57 Man
752 1858 119 67 mufz
909 1855 125 70 dazu
1075 1858 109 57 eine
1222 1859 91 57 der
1351 1859 246 71 schönsten
1634 1864 103 57 und
1777 1865 199 69 tiefsten
2017 1866 267 69 Schriften

246 1923 232 70 Pegugs
512 1924 148 69 lesen:
692 1927 141 57 Eise.
904 1929 93 56 Da
1029 1929 142 69 heiszt
1203 1948 76 41 es:
1316 1934 156 68 ,,Eva
1505 1951 112 42 war
1648 1936 80 59 ein
1759 1955 177 41 armes
1968 1939 181 69 Weib,
2182 1941 101 58 das

245 1996 128 58 viele
410 1997 196 59 Kinder
641 1998 259 70 begraben
935 2002 145 66 hatte
1118 2005 101 57 und
1257 2022 305 54 gezwungen
1598 2026 129 53 war,
1764 2010 167 67 Feuer
1965 2030 56 50 zu
2059 2013 223 70 machen,

246 2085 145 40 wenn
421 2087 57 41 es
511 2070 112 59 kalt
652 2073 191 69 wurde,
893 2076 103 56 und
1042 2092 304 54 gezwungen
1394 2097 129 52 war,
1573 2080 79 59 die
1701 2083 191 68 Lampe
1942 2086 340 69 anzuziinden,

246 2158 82 41 um
360 2162 53 50 zu
446 2143 201 67 sehen«:
682 2148 102 56 und
815 2146 113 59 dies
961 2165 112 40 war
1107 2149 81 67 ihr
1218 2151 129 70 Fall,
1382 2153 110 66 ihre
1525 2154 206 69 Strafe,
1765 2159 102 56 und
1903 2156 56 68 ist
1988 2160 149 68 unser
2169 2160 113 66 Fall

245 2217 100 56 und
380 2216 175 67 unsere
589 2216 206 73 Strafe,
829 2219 103 70 das;
967 2223 97 56 wir
1094 2240 306 52 gezwungen
1432 2226 121 69 sind,
1589 2227 178 59 immer
1803 2230 102 57 und
1941 2233 131 68 ewig
2104 2235 179 66 unsere

245 2286 434 74 Hauswirtschaft
716 2310 55 50 zu
808 2292 205 66 machen
1053 2297 102 56 und
1196 2297 152 70 sogar
1386 2297 80 59 die
1507 2300 315 71 Wirtschaft
1859 2304 210 69 unserer
2109 2307 172 58 Seele.

246 2362 107 66 »Es:
382 2381 62 38 oe
469 2364 147 56 n’est
645 2369 165 62 point
838 2367 179 57 cketre
1045 2371 70 53 de
1141 2373 300 54 criminels
1469 2375 69 53 de
1562 2392 259 49 marque,
1850 2379 103 53 des
1978 2383 302 53 criminels

244 2449 145 48 pour
429 2438 203 62 poetes
667 2443 417 63 romantiques,
1125 2443 139 56 c’est
1307 2445 180 56 d’etre
1528 2449 103 53 des
1673 2450 289 64 peoheurs
2002 2460 57 50 et
2097 2458 185 52 meine

245 2508 67 53 de
354 2511 179 61 petits
577 2512 336 64 pecheuxs.«
945 2547 71 6 —-
1044 2515 105 57 Die
1179 2516 197 59 Armut
1408 2518 91 65 hat
1531 2519 145 65 ihren
1708 2520 274 70 göttlichen
2013 2525 266 69 Purpur-··

245 2582 188 56 mantel
466 2582 238 60 verloren
733 2618 73 7 —-
836 2586 209 70 wiirfelt
1078 2607 119 41 man
1231 2592 134 67 nicht
1396 2610 84 40 um
1515 2594 125 66 ihn?
1712 2598 96 57 Sie
1842 2600 54 66 ist
1930 2599 152 66 heute
2115 2602 166 67 nichts

243 2653 83 57 als
365 2655 108 58 eine
511 2656 177 68 soziale
724 2659 449 71 Ungerechtigkeit
1208 2667 102 57 und
1348 2668 79 55 ein
1467 2668 437 71 wirtschaftliches
1941 2673 339 68 Phiinomen

244 2723 114 84 Der
389 2725 163 59 Arme
585 2728 184 68 schämt
805 2732 88 68 sich
929 2733 156 71 ihrer,
1120 2753 55 40 er
1208 2738 237 71 verbirgt
1479 2741 63 68 sie
1575 2743 126 57 oder
1734 2761 55 39 er
1823 2744 264 60 rebelliert
2118 2765 162 52 gegen

243 2795 78 67 sie.
365 2798 135 84 »Die
540 2800 195 61 Armut
773 2803 178 72 heiligt
986 2808 130 67 nicht
1155 2809 159 70 mehr,
1370 2812 51 68 ja
1478 2814 64 68 sie
1596 2814 55 67 ist
1703 2815 133 68 nicht
1892 2819 186 58 einmal
2135 2821 145 67 mehr

243 2871 228 68 poetisch.
544 2873 115 60 Der
693 2875 275 69 Reichtum
1005 2880 92 66 hat
1133 2884 62 66 sie
1229 2883 152 69 falsch
1420 2887 244 67 gemacht.

418 2957 115 60 Der
584 2960 165 59 Arme
799 2964 200 71 Pegug
1049 2967 229 69 schenkte
1328 2971 162 67 seiner
1539 2974 252 69 geliebten
1843 2978 160 69 Erde,
2054 2997 116 42 was
2223 2999 55 40 er

243 3026 161 65 hatte:
459 3031 101 67 sein
596 3035 148 70 Herz,
797 3036 131 69 seine
981 3038 175 70 Kunst.
1229 3041 133 60 Nun
1417 3043 93 66 hat
1564 3063 57 42 er
1674 3047 81 66 ihr
1810 3050 142 70 auch,
2009 3053 132 65 ohne
2194 3071 82 40 um

242 3098 263 70 Rechtens
543 3123 56 51 zu
639 3106 213 88 hadern,
891 3110 102 68 sein
1034 3112 166 59 Leben
1240 3116 240 71 gegeben,
1520 3118 112 58 dem
1671 3120 130 70 diese
1839 3123 181 67 Zeilen
2060 3143 98 40 nur
2197 3128 81 58 ein

243 3174 439 84 Inzmemoriam
726 3182 101 67 sein
868 3184 168 67 sollen.
1117 3186 156 59 Denn
1316 3207 84 40 um
1441 3191 202 70 Peguy
1689 3193 54 69 ist
1787 3195 79 58 die
1911 3198 204 70 geistige
2159 3202 78 57 Ge-

242 3245 197 68 lkbichte
472 3249 344 72 Frankreichs
852 3258 50 56 in
936 3257 94 58 den
1063 3259 171 70 letzten
1269 3263 219 69 zwanzig
1520 3265 208 66 Jahren
1762 3286 54 50 zu
1850 3270 270 66 schreiben.

2006 3369 134 54 Franz
2169 3372 106 46 Blei
