2557 4196
1385 3866 47 39 18

375 332 250 85 Vulgata
652 334 159 70 sagte,
841 334 103 69 daß
972 335 64 68 sie
1062 354 150 50 ,,une
1240 338 177 55 chose
1443 340 144 54 dure
1614 344 57 50 et
1700 340 241 56 tauche«
1968 340 85 70 sei,
2082 338 102 60 das
2215 341 55 68 ist
2297 340 123 67 auch

375 404 104 69 sein
519 405 261 73 Glauben,
820 408 103 58 und
963 406 101 61 das
1107 408 228 70 istseine
1377 408 170 70 Rede,
1608 411 52 56 in
1716 411 92 58 der
1864 429 56 41 er
1975 411 89 69 ihn
2121 414 299 60 ausdrückt.

375 480 165 60 Seine
568 480 184 71 Prosa
783 481 93 66 hat
905 488 187 63 ,,eette
1120 485 176 54 noble
1320 483 312 58 shardiesse
1662 485 239 71 latine«,
1933 485 51 59 in
2013 486 93 58 der
2133 504 56 40 er
2219 488 89 69 sich
2342 488 81 57 die

375 553 329 71 Gvangelien
747 555 240 72 übersetzt
1029 555 198 71 dachte;
1287 563 121 64 gute
1448 557 164 59 runde
1654 558 214 71 Worte,
1913 558 96 58 wie
2054 559 62 68 sie
2161 564 136 58 etwa
2341 556 82 58 die

377 627 367 78 Weinbauern
777 629 90 59 der
898 630 150 58 Loire
1081 629 185 73 haben,
1300 630 153 59 liebte
1487 648 71 54 er,
1591 632 91 58 der
1714 631 161 69 selber
1908 631 229 71 bäurisch
2174 649 113 40 war
2320 631 102 57 und

376 700 133 68 ohne
537 702 99 59 alle
663 702 246 70 Finessen.
958 702 137 59 llber
1126 703 100 60 das
1257 704 209 71 hinaus,
1497 722 118 41 was
1643 721 55 42 er
1728 705 85 59 als
1843 705 138 58 Kind
2012 723 103 40 aus
2144 704 113 58 dem
2286 704 109 59 klei-

376 792 98 43 nen
507 775 368 67 Katechismus
910 775 91 59 der
1036 777 219 71 Diäzüse
1289 794 105 43 von
1427 778 235 59 Orleans
1695 779 126 58 über
1854 779 167 69 seinen
2055 778 244 59 Glauben
2333 794 60 42 er-

375 848 205 73 fahren,
620 849 94 67 hat
754 867 56 44 er
850 850 167 70 diesen
1057 851 81 59 nie
1177 851 172 60 weder
1387 851 333 71 ,,erweitert«
1763 853 122 68 noch
1926 851 303 72 ,,vertieft«.
2306 851 117 58 Der

377 923 369 78 Katechismus
794 925 222 69 genügte
1062 925 184 69 diesem
1292 942 127 54 ganz
1464 926 456 70 Untheologischen
1965 926 176 70 völlig,
2190 926 133 58 denn
2368 943 56 40 er

378 1013 113 44 war
525 996 81 61 ein
639 997 68 60 im
740 997 171 60 Blute
947 997 312 73 Gläubiger,
1297 1000 101 59 das
1433 999 142 70 heißt
1610 999 213 71 einfach,
1859 999 208 70 herzlich
2102 999 103 59 und
2240 999 183 68 streng.

377 1073 132 69 »Ich
544 1070 163 60 kenne
742 1070 97 61 den
873 1071 303 71 Menschen,
1213 1074 143 69 sagte
1394 1074 152 70 Gott,
1582 1074 70 66 ich
1688 1073 103 67 hab
1828 1074 88 66 ihn
1950 1074 53 69 ja
2038 1073 246 70 gemacht,
2320 1072 103 58 und

378 1144 55 72 ist
471 1147 80 57 ein
590 1144 249 70 drolliges
879 1145 214 69 Wesen.
1169 1146 158 57 Denn
1367 1147 53 58 in
1458 1146 104 67 ihm
1600 1146 147 71 spielt
1787 1146 130 70 diese
1957 1146 246 71 Freiheit,
2242 1146 182 67 welche

378 1219 101 60 das
509 1219 310 67 Geheimnis
851 1218 91 61 der
973 1218 344 72 Geheimnisse
1347 1220 73 70 ist.
1486 1221 180 57 Wenn
1696 1236 120 41 man
1848 1220 86 67 ihn
1963 1238 56 51 zu
2049 1219 217 67 nehmen
2295 1236 96 41 ver-

377 1292 142 73 steht,
561 1292 115 70 läßt
717 1293 90 70 sich
849 1292 103 61 viel
995 1293 93 60 mit
1133 1292 104 75 ihm
1281 1294 281 69 anfangen.
1642 1293 96 68 Ich
1784 1293 131 69 weiß
1960 1293 90 67 ihn
2091 1311 57 52 zu
2191 1293 232 68 nehmen.

378 1366 82 60 Gs
493 1368 56 74 ist
577 1368 135 58 mein
733 1365 274 72 Geschäft.
1075 1367 116 57 Und
1220 1366 131 69 diese
1382 1367 231 67 Freiheit
1643 1367 55 69 ist
1727 1367 53 69 ja
1811 1367 162 58 meine
2003 1367 306 71 Schöpfung
2339 1412 14 13 .
2375 1412 48 14 ..

378 1440 80 59 Gr
485 1440 95 68 hat
609 1441 102 63 viel
744 1440 245 59 Glauben
1019 1441 102 58 und
1153 1440 481 69 Barmherzigkeit.
1701 1441 149 58 Was
1882 1458 122 40 man
2033 1459 99 40 nur
2161 1441 133 66 nicht
2321 1457 104 42 von

376 1515 104 67 ihm
521 1514 247 71 erlangen
805 1514 160 68 kann,
1007 1515 101 59 das
1147 1514 72 70 ist,
1257 1513 591 71 Herrgottnocheinmah
1889 1515 80 57 ein
2009 1513 209 69 bißchen
2257 1514 134 68 Hofs-

377 1602 155 55 nung,
570 1587 82 68 ein
688 1588 210 69 bißchen
934 1588 329 72 Vertrauen,
1299 1590 81 58 ein
1414 1588 208 69 bißchen
1659 1590 243 69 Hingabe
1938 1591 51 57 in
2025 1592 162 56 meine
2222 1591 203 68 Hände,

378 1662 80 58 ein
496 1658 209 72 bißchen
743 1660 155 68 Rast.
972 1662 96 70 Ja,
1126 1662 83 72 du,
1266 1663 162 57 meine
1466 1663 222 68 Tochter
1726 1664 197 70 Nacht,
1981 1662 81 58 dir
2118 1662 196 71 gelingt
2367 1681 59 40 es

377 1734 301 73 manchmal,
714 1735 67 59 du
817 1735 231 72 erreichst
1081 1736 101 59 das
1215 1737 286 66 manchmal
1537 1754 104 41 von
1678 1738 184 68 diesem
1896 1737 318 69 rebellischen
2248 1738 132 57 Men-

377 1808 155 72 schen,
566 1808 104 70 daß
703 1828 56 41 er
788 1810 259 71 zustimmt,
1080 1810 88 70 sich
1200 1811 99 58 mir
1332 1811 80 58 ein
1445 1810 209 69 bißchen
1688 1811 258 71 überläßt,
1979 1810 81 59 ein
2091 1810 208 69 bißchen
2333 1812 93 68 auf

377 1881 184 70 seinem
594 1882 277 68 Ruhebett
903 1883 103 69 sein
1039 1883 371 71 schmerzendes
1443 1885 135 69 Herz
1606 1884 134 70 loser
1772 1885 165 67 macht
1958 1930 12 12 .
1995 1930 12 12 .
2029 1885 49 56 .«

519 1981 130 61 Wie
681 1983 52 69 so
766 1979 169 63 vielen
968 1982 92 60 der
1092 1982 167 70 besten
1293 1984 288 70 Franzosen
1614 1984 177 59 wurde
1826 1982 80 60 die
1941 1983 485 71 Dregfuß-Affäre

378 2058 126 67 auch
532 2057 87 70 für
648 2055 204 71 Pågug
879 2075 87 52 zur
996 2058 198 69 großen
1224 2057 167 69 Krise
1455 2058 110 59 Als
1597 2075 55 41 er
1685 2058 106 70 sah,
1824 2058 104 69 daß
1958 2075 122 42 man
2109 2058 89 69 sich
2229 2075 86 40 um
2346 2058 80 58 die

380 2129 388 71 Gerechtigkeit
800 2130 199 59 überall
1029 2148 100 41 nur
1161 2130 301 72 kümmerte,
1493 2132 178 69 soweit
1701 2132 62 68 sie
1796 2132 51 57 in
1878 2133 80 57 ein
1988 2132 438 70 Parteiinteresse

380 2203 192 73 spielte,
610 2220 90 53 zog
739 2221 55 42 er
835 2205 89 68 sich
965 2223 101 41 aus
1105 2204 183 70 diesem
1328 2204 182 69 Spiele
1549 2205 178 68 zurück
1768 2205 103 58 und
1913 2205 102 70 gab
2054 2205 80 58 die
2176 2205 250 56 Cahiers

380 2280 71 56 de
493 2281 59 53 la
592 2278 329 65 Quinzaine
959 2278 214 72 heraus,
1213 2278 156 59 deren
1410 2278 157 69 erstes
1607 2279 128 70 Heft
1773 2278 68 59 im
1878 2278 238 68 Februar
2162 2285 133 51 1900
2337 2296 60 39 er-

379 2351 175 68 schien.
625 2351 137 67 Shre
798 2353 82 58 bis
914 2370 110 52 zum
1055 2352 146 58 Tode
1236 2353 237 70 Peguys
1509 2352 473 67 ununterbrochene
2018 2352 173 66 Reihe
2228 2351 199 68 enthält

382 2426 80 57 die
509 2425 391 70 bedeutendsten
948 2426 443 70 Kundgebungem
1441 2426 273 70 politische,
1761 2426 312 70 moralische,
2122 2426 304 70 ästhetische,

381 2499 94 61 des
519 2499 293 68 wirklichen
853 2498 333 72 Frankreich,
1229 2499 215 68 welches
1488 2500 171 58 weder
1702 2499 101 59 das
1847 2499 90 57 der
1978 2500 285 58 Kammern
2304 2500 122 68 noch

381 2572 93 61 der
504 2572 292 70 Zeitungen
831 2574 71 68 ist.
973 2574 107 57 Die
1113 2572 234 66 Cahiers
1380 2572 181 67 hatten
1598 2572 117 59 kein
1749 2574 332 69 Programm
2113 2574 103 57 und
2248 2590 179 41 waren

382 2645 148 61 keine
568 2647 222 70 Partei;
848 2647 144 68 jedes
1029 2646 91 59 der
1159 2647 157 70 Hefte
1356 2664 113 40 war
1507 2646 109 59 eine
1655 2663 126 54 ganz
1817 2646 365 70 unabhängige
2220 2647 172 70 Publi-

382 2721 185 59 kation
615 2721 143 59 eines
808 2720 329 71 Verfassers.
1221 2720 119 70 »Es
1388 2722 57 68 ist
1492 2719 94 71 seit
1633 2720 219 70 Beginn
1901 2719 161 70 dieser
2109 2722 157 68 Hefte
2317 2722 110 57 eine

381 2795 231 68 absolute
658 2793 190 71 Regel,
895 2794 149 69 unser
1085 2794 227 70 Prinzip
1354 2793 103 58 und
1500 2795 100 58 das
1642 2794 391 70 fundamentale
2075 2795 207 69 Statut,
2325 2795 102 58 und

381 2871 97 57 wie
515 2870 70 68 ich
615 2867 189 71 denke,
843 2867 101 60 das
979 2867 161 70 Beste
1175 2884 68 41 an
1281 2868 209 68 unserer
1525 2871 207 51 raison
1767 2868 196 66 d’etre,
2003 2868 103 67 daß
2144 2868 91 58 der
2271 2868 118 57 Ber-

380 2943 156 69 fasser
570 2943 101 68 frei
707 2942 52 59 in
796 2942 184 69 seinem
1016 2941 156 70 Hefte
1210 2940 55 70 ist
1299 2941 102 57 und
1440 2941 71 68 ich
1547 2957 98 42 nur
1683 2941 125 70 dazu
1846 2941 68 57 da
1952 2940 102 72 bin,
2094 2941 80 59 die
2210 2941 218 71 zeitliche

382 3016 302 70 Herrschaft
718 3016 161 68 dieser
911 3015 231 68 Freiheit
1172 3033 57 51 zu
1264 3014 230 70 sichern«
1565 3015 150 58 Aber
1747 3033 58 40 es
1837 3016 102 69 gab
1974 3015 120 69 doch
2129 3017 80 57 ein
2240 3016 188 69 Band,

382 3091 101 60 das
525 3091 78 59 die
646 3091 80 69 oft
766 3089 115 69 sehr
919 3088 413 70 Berschiedenen
1391 3089 209 67 einigte:
1659 3089 80 57 die
1796 3089 374 58 vollkommene
2226 3090 202 70 geistige

382 3163 391 69 Rechtlichkeit.
850 3164 200 69 Sagen,
1092 3180 116 41 was
1250 3179 120 41 man
1410 3162 150 70 weiß,
1600 3165 102 56 und
1741 3162 165 66 nichts
1947 3164 164 68 mehr;
2173 3164 102 57 und
2316 3164 112 57 dies

381 3239 104 69 sein
521 3239 177 59 Werk
735 3236 304 72 verrichten,
1078 3237 52 69 so
1166 3243 93 63 gut
1295 3252 121 42 man
1456 3235 156 71 kann,
1649 3235 94 57 mit
1780 3236 439 69 handwerklicher
2255 3236 171 69 Liebe;

382 3312 395 59 unbekümmert
838 3329 85 41 um
985 3311 270 68 Karriere,
1320 3310 254 69 Freunde,
1638 3309 334 70 Rücksichten
2035 3310 79 59 die
2177 3312 251 58 erkannte
