4978 7107
514 6703 102 76 88

525 385 114 71 20.
697 380 157 76 Der
890 384 592 94 schöpferische
1519 385 212 75 Geist
1775 387 100 71 ist
1912 385 214 73 nicht
2161 409 268 51 ausser-

525 497 190 73 halb
829 499 142 71 der
1067 499 273 88 Natur,
1453 500 219 73 nicht
1770 500 462 75 ausserhalb
2336 502 137 75 des

527 614 451 76 Menschen.
1081 616 107 72 Er
1249 619 98 71 ist
1413 619 108 71 im
1591 617 448 73 Menschen.
2141 616 333 96 Solange

529 727 145 73 der
729 729 318 75 Mensch
1101 731 137 73 ihn
1294 732 217 73 nicht
1560 732 78 72 in
1696 732 167 73 sich
1924 732 349 92 erkennt,
2334 732 135 73 ihn

529 844 464 73 ausserhalb
1064 848 254 72 seines
1392 848 254 71 Selbst
1745 846 249 93 sucht,
2099 848 206 71 kann
2390 871 84 48 er

527 958 219 72 nicht
788 959 388 97 Schöpfer
1228 963 188 90 sein,
1470 963 99 71 ist
1619 985 87 49 er
1741 961 527 76 Nachahmer.
2370 961 99 75 Es

527 1075 161 91 gibt
764 1075 249 93 Tiere,
1093 1076 127 73 die
1296 1076 521 75 nachahmen.
1922 1078 158 71 Der
2149 1078 322 74 Mensch

529 1188 203 71 steht
801 1191 144 70 auf
1001 1190 144 72 der
1194 1191 215 71 Stufe
1477 1190 142 74 der
1672 1191 249 93 Tiere,
1994 1195 320 89 solange
2390 1215 84 49 er

531 1303 450 73 nachahmt.
1088 1307 155 71 Das
1320 1307 183 72 Tier
1577 1307 191 71 ahnt
1851 1307 154 72 den
2090 1308 341 71 selbstbe-

527 1423 347 66 wussten
954 1418 235 93 Geist,
1276 1444 233 49 wenn
1589 1444 79 50 es
1746 1422 452 72 nachahmt.
2317 1423 157 71 Der

529 1532 345 91 Mensch,
930 1532 141 73 der
1106 1533 452 95 nachahmt,
1613 1538 169 72 fällt
1817 1538 97 72 ab
1951 1561 190 50 vom
2193 1538 240 72 selbst-

525 1647 451 73 bewussten
1030 1649 232 72 Geist.

525 1798 117 72 21.
698 1799 156 73 Das
893 1801 474 74 Kunstwerk
1420 1803 221 72 ahmt
1694 1804 217 73 nicht
1963 1804 127 77 die
2126 1808 345 73 Formen

529 1913 142 73 der
739 1914 328 73 inneren
1138 1916 205 75 Welt
1411 1919 225 75 nach.
1743 1921 142 75 Die
1938 1923 338 74 Formen
2332 1925 142 71 der

525 2028 329 74 inneren
908 2031 207 73 Welt
1176 2031 178 73 sind
1414 2035 678 78 unnachahmbar.
2192 2040 86 71 In
2334 2040 140 73 der

525 2143 331 73 inneren
896 2145 227 93 Welt,
1177 2146 112 72 im
1328 2146 232 90 Geist,
1614 2150 161 93 gibt
1811 2173 79 50 es
1944 2151 232 75 keine
2212 2153 206 75 Nach-

525 2256 375 97 ahmung,
952 2260 344 73 sondern
1352 2285 152 49 nur
1557 2265 670 95 Selbständigkeit.
2331 2270 142 71 Die

525 2372 275 72 innere
851 2375 210 73 Welt
1120 2375 101 73 ist
1289 2378 175 72 eine
1513 2378 294 75 andere
1865 2382 560 74 Bewusstseins-

525 2488 204 72 stufe
779 2490 117 71 als
949 2488 129 75 die
1130 2495 318 70 äussere
1482 2494 227 72 Welt.
1814 2495 127 73 Sie
1994 2497 132 73 hat
2180 2499 293 74 andere

525 2602 243 73 Sinne
820 2604 168 72 und
1040 2605 263 73 Mittel.
1409 2609 156 71 Das
1619 2607 241 76 Werk
1911 2612 101 71 ist
2063 2612 406 95 Wirkung.

525 2715 363 75 Gebildet
952 2719 100 73 ist
1115 2720 110 72 im
1281 2720 242 75 Werk
1591 2724 123 71 ein
1787 2724 423 78 Gleichnis.
2314 2727 155 75 Das

525 2831 402 74 Gleichnis
979 2834 99 71 ist
1128 2836 175 71 eine
1340 2837 601 97 Entsprechung
1975 2842 113 71 im
2124 2842 347 75 anderen

525 2944 923 81 Bewusstseinszustand.
1584 2954 154 73 Das
1826 2956 420 93 Gleichnis,
2344 2961 127 71 die

525 3059 605 97 Entsprechung
1223 3064 462 75 verkündet.
1826 3071 156 71 Das
2070 3071 399 76 Gleichnis

524 3176 310 91 gleicht,
890 3178 128 71 die
1071 3179 603 99 Entsprechung
1724 3186 320 93 spricht,
2099 3188 127 74 die
2278 3189 144 75 Ver-

524 3289 384 95 kündung
978 3293 320 73 kündet.
1399 3296 336 75 Künden
1814 3301 210 71 kann
2105 3327 149 49 nur
2331 3305 140 72 der

522 3405 440 76 Wissende.
1066 3408 401 93 Sprechen
1553 3415 209 69 kann
1850 3440 172 68 nur,
2112 3418 141 73 der
2329 3420 139 73 das

522 3520 225 74 Wort
830 3523 158 73 hat.
1113 3525 378 76 Gleichen
1575 3530 212 73 kann
1875 3555 152 48 nur
2110 3533 127 73 die
2322 3535 98 71 Er-

520 3638 454 93 scheinung,
1030 3640 127 74 die
1194 3642 141 74 das
1374 3643 176 75 Bild
1601 3647 81 71 in
1736 3648 168 72 sich
1958 3648 152 94 hat,
2165 3650 79 71 in
2298 3650 168 73 sich

520 3752 288 72 behält.

517 3907 119 72 22.
690 3906 101 73 Ist
857 3906 144 74 der
1067 3907 385 97 Schöpfer
1518 3913 79 71 in
1667 3916 166 69 sein
1902 3918 354 93 geistiges
2320 3919 98 71 Be-

520 4024 419 71 wusstsein
1044 4024 547 97 eingegangen,
1692 4053 90 49 so
1882 4031 359 75 herrscht
2324 4033 144 74 der

519 4134 641 78 selbstbewusste
1216 4139 212 75 Geist
1489 4145 80 69 in
1638 4145 191 74 ihm.
1934 4146 158 73 Der
2143 4148 321 74 Mensch

517 4251 102 71 ist
695 4253 452 73 erleuchtet.
1254 4256 157 71 Der
1486 4258 233 91 Geist,
1795 4258 139 74 das
2004 4261 247 92 Licht,
2327 4265 93 71 be-

519 4365 359 74 herrscht
915 4366 151 75 den
1100 4370 311 91 Schein,
1442 4373 127 71 die
1599 4373 564 97 Erscheinung.
2227 4378 192 71 Herr-

517 4482 252 72 schaft
851 4485 127 71 ist:
1066 4487 115 71 als
1260 4487 202 72 Herr
1545 4488 372 95 schaffen,
1992 4493 102 71 ist
2168 4495 295 91 Leiten,

519 4595 345 78 Ordnen.
966 4600 157 71 Das
1193 4602 228 73 Licht
1487 4602 283 74 ordnet
1831 4607 269 73 seinen
2156 4607 307 95 Schein,

519 4710 142 73 der
712 4712 215 73 Geist
991 4713 283 75 ordnet
1342 4715 127 73 die
1536 4719 668 98 Erscheinungen.
2307 4724 156 72 Das

517 4829 476 74 Kunstwerk
1100 4832 99 71 ist
1309 4832 175 73 eine
1587 4834 381 96 Ordnung
2080 4839 141 73 der
2319 4840 97 73 Er-

515 4942 559 95 scheinungen,
1144 4947 306 92 geleitet
1516 4971 190 51 vom
1767 4952 692 75 selbstbewussten

517 5057 235 76 Geist,

514 5213 113 73 23.
681 5213 144 73 Die
864 5215 383 95 Ordnung
1284 5216 254 75 durch
1575 5216 149 77 den
1765 5221 694 73 selbstbewussten

517 5326 213 75 Geist
781 5328 98 73 ist
930 5330 175 73 eine
1150 5333 436 95 Reinigung
1638 5333 141 75 der
1814 5337 644 94 Erscheinungen

514 5465 154 51 von
708 5445 168 73 sich
915 5447 262 74 selbst.
1264 5448 145 73 Die
1448 5450 646 95 Erscheinungen
2132 5452 322 73 werden

514 5565 228 65 unter
795 5558 139 73 das
989 5560 271 73 Gesetz
1313 5562 142 73 der
1508 5564 384 96 Ordnung
1943 5569 300 89 gestellt
2295 5567 166 73 und

514 5672 179 73 sind
759 5675 376 93 geordnet
1196 5679 166 71 sein
1420 5679 426 76 Gleichnis.
1950 5680 155 75 Das
2170 5684 241 71 Kunst-

514 5790 221 70 werk
790 5790 133 72 hat
976 5814 151 49 nur
1179 5794 229 71 einen
1464 5794 221 76 Sinn:
1743 5819 80 49 es
1873 5797 100 71 ist
2026 5797 123 73 ein
2188 5799 268 88 Mittel,

514 5924 137 51 um
720 5904 127 74 die
898 5904 533 98 Anschauung
1499 5911 142 71 der
1704 5912 329 73 inneren
2088 5914 209 73 Welt
2361 5938 95 49 zu

512 6017 345 75 künden.
984 6021 231 74 Seine
1299 6024 386 95 Wirkung
1767 6028 125 71 ist:
1982 6050 81 50 es
2146 6029 100 73 ist
2329 6031 125 71 ein

510 6133 268 91 Mittel,
866 6158 137 49 um
1086 6160 141 50 zur
1301 6138 533 96 Anschauung
1911 6141 140 74 der
2126 6148 328 71 inneren

510 6248 207 72 Welt
788 6271 95 49 zu
956 6253 398 93 gelangen.
1459 6254 145 73 Ein
1675 6258 259 91 Werk,
2012 6260 137 71 das
2226 6261 226 73 einen

509 6370 533 86 sogenannten
1115 6368 471 76 Nutzzweck
1652 6371 154 93 hat,
1870 6376 169 70 also
2107 6376 125 70 ein
2302 6376 100 73 Ge-

509 6478 823 100 brauchsgegenstand
1398 6483 193 78 oder
1658 6486 173 77 eine
1882 6488 401 81 Maschine
2332 6491 120 94 ist,

2706 390 210 73 kann
2971 389 201 73 auch
3228 414 185 49 vom
3470 390 214 75 Geist
3734 390 378 95 geordnet
4178 394 191 90 sein,
4440 394 207 73 kann

2705 506 205 74 auch
2962 506 474 76 Kunstwerk
3501 509 189 71 sein.
3792 509 102 73 Es
3958 509 96 73 ist
4112 509 193 73 aber
4363 511 240 71 Kunst-

2705 622 225 73 werk
2967 643 151 51 nur
3154 621 208 74 ohne
3399 622 371 73 Hinblick
3805 624 143 73 auf
3976 622 150 75 den
4158 624 491 75 Nutzzweck.

2703 736 119 71 Im
2872 734 571 76 Zweckdienen
3514 736 215 74 dient
3795 738 139 74 das
3988 738 242 74 Werk
4297 738 142 74 der
4505 739 97 71 Er-

2705 849 452 93 scheinung.
3260 851 146 73 Ein
3460 851 310 73 solches
3822 853 265 88 Werk,
4151 853 139 73 das
4351 853 298 73 zweien

2705 968 298 71 Herren
3045 964 234 94 dient,
3328 970 96 69 ist
3462 966 455 95 Schöpfung
3953 968 211 73 eines
4200 968 450 90 Menschen,

2705 1081 144 71 der
2916 1081 298 73 zweien
3289 1083 300 71 Herren
3670 1083 235 74 dient.
4010 1083 180 74 Sein
4264 1083 387 93 Schöpfer

2705 1196 135 72 hat
2906 1196 219 72 nicht
3192 1195 151 74 den
3413 1198 690 73 selbstbewussten
4159 1198 234 92 Geist,
4462 1200 189 71 aber

2703 1310 213 73 kann
2955 1334 187 50 vom
3181 1312 213 72 Geist
3430 1313 362 92 ergriffen
3833 1313 191 73 sein.
4124 1315 225 73 Auch
4396 1313 254 75 durch

2706 1425 126 71 ein
2886 1425 308 73 solches
3247 1425 244 75 Werk
3551 1427 214 71 kann
3819 1425 142 75 der
4010 1430 641 71 selbstbewusste

2706 1540 214 71 Geist
2989 1540 478 93 angeschaut
3531 1540 349 93 werden,
3953 1544 189 72 aber
4207 1544 140 72 das
4408 1545 243 75 Werk

2703 1677 222 49 muss
3001 1655 271 71 hierzu
3353 1679 149 49 von
3580 1657 300 71 seinem
4405 1662 246 90 gelöst

2705 1769 347 73 werden.
3157 1770 144 73 Die
3336 1770 393 95 Erlösung
3780 1770 137 75 des
3956 1772 297 75 Geistes
4305 1798 156 49 von
4512 1774 139 73 der

2705 1884 545 93 Erscheinung
3318 1886 100 72 ist
3489 1886 129 74 die
3689 1887 511 95 Entbindung
4271 1913 159 51 von
4508 1889 143 73 der

2706 1999 612 95 Unterordnung
3369 2009 226 65 unter
3648 2001 127 74 die
3827 2008 317 67 äussere
4197 2004 228 73 Welt.

2703 2153 114 71 24.
2874 2155 146 73 Die
3074 2155 359 95 Sphären
3504 2155 141 74 der
3709 2157 332 71 inneren
4103 2157 209 72 Welt
4378 2157 271 74 bilden

2705 2270 174 71 eine
2916 2270 402 73 Oberwelt
3369 2272 166 73 und
3584 2273 174 72 eine
3795 2272 451 91 Unterwelt,
4302 2273 348 73 Himmel

2705 2383 166 73 und
2940 2385 247 76 Hölle.
3294 2389 142 71 Die
3504 2389 432 72 Unterwelt
3999 2389 458 72 bezeichnet
4522 2389 129 72 die

2705 2497 521 98 Vereinigung
3281 2502 140 71 der
3470 2502 410 93 Zustände,
3946 2502 129 75 die
4136 2502 144 75 der
4329 2504 321 74 Mensch

2708 2612 417 76 durchlebt
3192 2617 153 92 hat,
3416 2641 135 49 um
3614 2619 119 71 bis
3787 2643 93 49 zu
3934 2617 144 75 der
4131 2617 213 76 Stufe
4395 2621 254 71 seines

2703 2732 525 93 gegenwärtig
3264 2732 587 75 herrschenden
3888 2734 434 73 Zustandes
4366 2759 98 49 zu
4515 2754 88 75 ge-

2703 2844 305 91 langen.
3110 2846 81 71 In
3265 2846 141 73 der
3475 2849 290 73 oberen
3819 2849 212 75 Welt
4100 2849 175 75 sind
4346 2853 106 71 all
4522 2851 128 73 die

2703 2958 391 74 Zustände
3160 2963 405 94 vereinigt,
3638 2963 129 74 die
3839 2966 141 71 der
4044 2966 322 74 Mensch
4439 2968 208 72 noch

2705 3073 491 74 durchleben
3274 3101 242 70 muss,
3595 3101 136 51 um
3811 3079 140 75 das
4004 3079 125 75 All
4207 3083 271 71 erfüllt
4552 3107 97 49 zu

2701 3188 285 76 haben.
3086 3191 86 73 Je
3240 3193 247 73 näher
3551 3218 85 48 er
3702 3195 258 74 dieser
4026 3196 225 73 Fülle
4315 3198 330 91 kommt,

2703 3328 139 48 um
2922 3328 88 49 so
3086 3308 232 71 mehr
3394 3308 361 75 herrscht
3833 3308 142 75 der
4026 3311 215 73 Geist
4303 3313 82 71 in
4452 3313 195 75 ihm.

2703 3420 312 73 Kündet
3065 3420 143 73 der
3252 3423 320 73 Mensch
3624 3425 115 69 im
3777 3425 472 74 Kunstwerk
4286 3427 363 74 Gesichte

2701 3557 141 51 aus
2913 3535 141 73 der
3120 3543 328 66 unteren
3502 3538 229 93 Welt,
3802 3562 88 49 so
3956 3542 251 71 erlebt
4271 3565 86 50 er
4417 3543 228 73 einen

2700 3652 364 73 Rückfall
3115 3653 83 72 in
3235 3652 129 74 die
3402 3653 204 75 Welt
3641 3655 254 73 seines
3932 3657 349 74 Irrtums.
4383 3660 83 71 In
4508 3660 141 73 der

2701 3765 432 75 Unterwelt
3198 3767 181 73 sind
3446 3767 127 74 die
3640 3770 584 95 Einbildungen
4293 3772 144 75 der
4503 3775 98 73 Er-

2701 3879 434 96 scheinung
3170 3882 679 97 Wirklichkeiten,
3887 3885 579 78 Wesenheiten.
4545 3889 104 73 Ist

2700 3994 259 74 dieser
3023 3997 344 73 Zustand
3435 3999 438 93 durchlebt,
3953 4024 88 51 so
4115 4004 290 73 wissen
4474 4007 171 90 wir,

2700 4111 181 72 dass
2935 4111 127 74 die
3116 4112 640 97 Erscheinungen
3811 4119 377 71 Irrtümer
4247 4119 182 75 sind
4481 4123 166 72 und

2701 4224 180 73 dass
2967 4228 114 71 sie
3164 4229 574 73 unwesentlich
3824 4233 200 71 sind.
4137 4233 171 74 Wir
4391 4234 251 75 hören

2701 4339 209 73 dann
2966 4343 464 74 allmählich
3468 4346 155 90 auf,
3677 4344 379 75 Irrtümer
4105 4370 97 49 zu
4254 4351 388 93 sprechen

2698 4454 164 75 und
2916 4458 576 96 Täuschungen
3546 4483 97 49 zu
3695 4459 293 77 bilden.

2695 4610 116 73 25.
2893 4612 269 73 Durch
3240 4614 139 72 das
3458 4614 363 74 Schaffen
3907 4615 141 73 der
4120 4619 525 76 Kunstwerke

2698 4724 285 74 dienen
3040 4727 127 73 die
3218 4729 371 73 Künstler
3640 4729 143 73 der
3834 4730 564 77 himmlischen
4435 4736 210 74 Welt

2695 4840 83 72 in
2845 4842 168 73 sich
3081 4842 194 75 oder
3340 4844 142 73 der
3548 4846 442 74 höllischen
4044 4849 209 74 Welt
4313 4851 80 72 in
4447 4854 195 73 sich.

2696 4952 144 75 Die
2903 4957 229 73 einen
3194 4959 258 73 lassen
3514 4961 168 73 sich
3738 4983 184 51 vom
3980 4961 212 76 Geist
4242 4964 400 95 bewegen,

2696 5069 143 73 der
2871 5072 113 70 im
3021 5072 349 73 Himmel
3406 5074 298 93 wohnt,
3753 5074 129 75 die
3916 5076 347 76 anderen
4303 5081 337 93 glauben

2696 5183 129 74 die
2879 5184 300 75 Geister
3228 5211 98 49 zu
3375 5189 400 95 bewegen,
3843 5191 128 75 die
4031 5194 81 72 in
4168 5193 140 76 der
4361 5196 236 75 Unter-

2693 5303 190 71 welt
2932 5303 372 74 wohnen.
3406 5303 161 74 Der
3601 5308 174 71 eine
3821 5308 96 73 ist
3970 5311 125 71 ein
4134 5311 312 93 Diener,
4501 5313 144 74 der

2693 5413 293 74 andere
3035 5416 102 73 ist
3186 5418 125 73 ein
3348 5420 456 76 Herrscher.
3907 5423 159 80 Der
4117 5426 174 75 eine
4335 5428 190 73 ruht
4559 5430 81 71 in

2695 5530 142 72 der
2888 5531 640 95 schöpferischen
3567 5538 237 92 Kraft,
3861 5538 141 75 der
4046 5540 293 76 andere
4374 5545 270 91 glaubt

2695 5645 127 74 die
2872 5648 642 95 schöpferischen
3553 5652 268 76 Kräfte
3855 5679 96 49 zu
3985 5657 398 95 bewegen.
4483 5658 159 75 Der

2691 5763 175 73 eine
2910 5765 206 71 kann
3174 5767 218 74 nicht
3441 5768 237 95 irren,
3734 5772 185 73 weil
3971 5796 88 49 er
4110 5774 171 72 sich
4334 5775 115 71 als
4488 5774 102 74 Ge-

2691 5877 290 95 schöpf
3023 5879 141 74 der
3201 5882 455 96 Schöpfung
3707 5885 327 95 hingibt.
4136 5885 161 75 Der
4346 5889 294 74 andere

2690 6017 220 49 muss
2986 5997 237 93 irren,
3301 6000 186 72 weil
3553 6022 88 51 er
3706 6002 287 92 glaubt,
4071 6004 117 71 als
4241 6004 408 95 Geschöpf

2690 6110 785 95 selbstschöpferisch
3524 6139 99 49 zu
3675 6117 191 75 sein.

2686 6266 117 73 26.
2859 6266 200 73 Dem
3111 6268 447 90 Menschen,
3636 6271 141 73 der
3841 6273 222 73 recht
4120 6273 327 73 bereitet
4513 6276 121 92 ist,

2686 6402 324 73 vermag
3047 6383 123 71 ein
3211 6383 476 76 Kunstwerk
3724 6387 127 72 die
3887 6388 164 73 Tür
4087 6410 179 51 zum
4303 6390 331 76 inneren

2688 6495 264 85 Leben
3006 6495 688 81 aufzuschliessen.
3795 6502 159 72 Der
4004 6503 321 75 Mensch
4388 6508 251 77 erlebt
