3477 4460
1663 155 97 54 325

114 305 123 50 ohne
268 321 48 36 es
341 305 159 68 jemals
533 305 111 52 oder
688 303 117 52 doch
847 320 87 33 nur
964 302 42 50 in
1036 300 300 49 vereinzelten
1366 298 155 52 Fällen
1554 317 112 50 ganz

115 407 56 33 zu
202 391 247 55 erreichen,
481 392 55 47 ist
569 407 165 32 unsere
752 388 99 50 Zeit
876 386 175 49 reicher
1072 385 63 49 als
1162 383 156 68 irgend
1350 385 99 49 eine
1483 386 158 48 vorher-

115 493 281 50 gegangene,
443 476 84 48 wie
572 475 94 49 dies
713 474 160 48 immer
919 471 41 48 in
1004 470 125 48 einer
1155 468 191 51 Periode
1378 470 80 49 der
1487 468 93 50 Fall
1616 487 54 31 zu

113 560 95 49 sein
240 561 155 67 pflegt,
426 560 172 49 welche
630 559 122 48 einer
783 556 186 67 Epoche
1002 554 77 49 des
1112 554 219 49 höchsten
1365 554 273 49 Aufschwun-

115 661 95 50 ges,
241 644 81 49 der
348 644 271 49 classischen
651 642 134 50 Höhe
816 640 127 65 folgt.
1003 640 132 47 Denn
1162 655 80 33 aus
1275 639 85 49 den
1392 637 251 66 verborgen-

114 735 117 50 sten,
261 728 272 49 dunkelsten
557 725 257 49 Schachten
845 722 82 49 der
956 722 122 50 Erde
1110 722 56 50 ist
1195 722 141 49 durch
1353 720 318 51 Riesenhände

114 811 80 51 das
226 811 114 51 helle
372 813 86 48 Erz
492 811 89 49 und
622 808 184 50 Gestein
851 809 288 48 dermaassen
1181 825 53 31 zu
1267 808 126 66 Tage
1423 805 247 67 gefördert,

115 896 103 50 dass
260 896 91 50 sich
395 913 113 49 ganz
551 893 296 66 nothwendig
879 891 236 50 unendlich
1163 891 79 50 viel
1276 891 207 50 mehrere
1515 890 153 50 finden

115 984 200 53 müssen,
345 979 173 48 welche
550 978 80 48 mit
663 976 161 50 Talent
849 975 90 51 und
969 975 218 51 Geschick
1215 974 78 49 das
1324 973 347 67 ausgegrabene

113 1064 205 51 Material
365 1081 54 30 zu
468 1064 224 47 benutzen
736 1062 92 49 und
871 1079 55 32 zu
959 1059 369 69 Compositionen
1361 1059 189 66 eigenen
1580 1059 59 48 Ge-

114 1152 166 63 präges
313 1164 54 31 zu
401 1147 283 48 verwerthen
718 1145 180 57 wissen,
947 1144 202 50 welchen
1185 1159 120 32 zwar
1337 1143 56 48 im
1427 1142 240 67 günstigen

113 1232 124 49 Falle
282 1232 158 48 immer
482 1232 98 48 eine
625 1230 193 66 gewisse
848 1228 196 51 Neuheit
1091 1228 303 49 innewohnen
1427 1227 128 57 wird,
1600 1227 68 49 die

110 1313 114 51 aber
254 1314 132 57 doch,
419 1316 77 47 mit
527 1314 245 51 schärfster
797 1314 130 66 Lupe
957 1312 212 56 besehen,
1201 1312 93 49 sich
1328 1312 131 48 meist
1491 1328 83 32 nur
1605 1310 63 50 als

113 1399 100 49 eine
255 1399 472 66 Zusammensetzung
772 1399 256 49 entlehnter
1073 1396 145 50 Stoffe
1261 1397 157 65 zeigen
1465 1394 201 51 werden.

115 1483 107 51 Wir
251 1483 182 48 wollten
467 1501 84 30 nur
581 1484 192 65 gewisse
812 1481 234 49 markante
1078 1479 185 51 Stadien
1300 1479 90 50 und
1425 1478 208 52 Wendun-

113 1583 89 50 gen
235 1567 81 50 der
337 1567 444 51 tonkünstlerischen
801 1566 279 66 Gegenwart
1108 1563 290 57 bezeichnen,
1431 1563 89 48 und
1554 1563 113 48 dazu

117 1650 208 52 schienen
368 1669 85 31 uns
486 1651 70 49 die
588 1650 259 68 gewählten
880 1650 174 49 Namen
1087 1666 70 31 am
1186 1647 329 66 geeignetsten.
1562 1647 106 51 Wir

118 1735 183 50 wollten
344 1736 171 66 zeigen,
569 1737 85 48 wie
696 1754 85 31 von
823 1735 85 48 den
953 1733 261 50 mehresten
1246 1731 424 49 Kunstbeflissenen

115 1818 83 51 der
230 1818 288 69 Gegenwart,
565 1820 90 49 und
689 1836 121 31 zwar
840 1817 168 66 gerade
1041 1835 84 30 von
1150 1816 155 66 jenen,
1351 1815 80 49 auf
1468 1815 200 49 welchen

118 1902 81 51 der
230 1901 118 52 Blick
379 1904 79 49 der
477 1904 325 66 Zeitgenossen
834 1920 70 31 am
931 1900 485 67 erwartungsvollsten
1446 1898 123 59 ruht,
1599 1897 67 51 bei

119 1987 208 51 Weitem
346 1989 73 49 das
435 1987 357 69 Hauptgewicht
807 1986 79 50 auf
913 1986 68 48 die
1009 1985 257 65 nächtigen,
1287 1982 353 69 mystisch-phan-

122 2070 247 51 tastischen
393 2071 155 50 Seiten
581 2071 80 50 der
691 2072 153 49 Kunst
882 2070 154 66 gelegt
1072 2069 130 58 wird,
1247 2067 86 50 wie
1378 2067 78 49 das
1501 2066 143 51 leiden-

119 2154 299 51 schaftlichste
449 2156 184 57 Pathos,
665 2155 78 50 das
776 2155 227 48 krasseste
1028 2151 318 59 Uebermaass,
1379 2150 79 49 das
1489 2151 148 50 Durch-

120 2238 202 50 brechen
367 2236 100 52 alhr
508 2239 280 49 natürlichen
833 2238 89 50 und
955 2236 307 51 ästhetischen
1293 2235 264 51 Schranken
1587 2235 54 50 im-

120 2340 98 33 mer
236 2323 128 49 mehr
383 2320 226 55 überhand
627 2324 177 56 nimmt,
835 2323 92 49 und
961 2321 84 50 wie
1077 2321 92 50 dies
1201 2321 160 49 immer
1390 2319 79 51 das
1501 2319 141 51 sicher-

122 2415 68 42 ste
221 2405 193 50 Zeichen
445 2405 64 60 ist,
552 2409 102 48 dass
687 2408 98 49 eine
819 2408 153 48 Kunst
1000 2406 121 49 ihrer
1152 2404 260 67 Auflösung
1439 2410 228 61 entgegen

122 2492 124 66 geht,
277 2489 121 50 ihrer
428 2489 251 70 Auflösung
710 2492 193 49 nämlich
943 2490 41 50 in
1016 2489 70 51 die
1116 2488 375 70 ursprünglichen
1524 2488 142 49 rohen

122 2574 255 57 Elemente,
416 2588 82 32 aus
520 2575 197 50 welcher
748 2582 94 42 erst
872 2573 112 51 nach
1019 2573 211 66 längerer
1261 2572 278 67 Ruhepause
1568 2572 98 48 eine

123 2676 118 33 neue
257 2658 100 48 Zeit
387 2654 160 51 wiedes
576 2659 328 67 Schöpfungen
937 2657 222 50 wahrhaft
1188 2673 158 41 neuer,
1376 2655 78 50 das
1486 2654 181 50 Schöne

125 2743 169 51 wieder
326 2760 85 31 von
444 2757 114 49 ganz
579 2761 147 33 neuen
759 2743 154 50 Seiten
955 2740 346 69 abspiegelnder
1331 2740 89 49 Art
1461 2757 83 32 aus
1574 2738 93 51 sich

125 2845 58 31 zu
213 2824 202 69 gebären
447 2840 184 50 vermag
682 2827 104 49 Wir
816 2826 184 49 wollten
1032 2842 88 32 nur
1149 2842 80 32 vor
1260 2824 148 49 Allem
1440 2823 114 50 auch
1587 2822 81 49 der

125 2912 229 66 Ignoranz
386 2907 91 51 und
510 2907 426 60 Unverschämtheit,
980 2909 86 50 den
1098 2908 323 70 cliqueartigen
1451 2908 189 48 Fanfaro-

127 2996 146 49 naden
307 2994 69 50 ein
410 2992 146 65 wenig
585 3001 216 61 entgegen
837 3002 163 50 treten,
1033 2993 172 50 welche
1235 2993 79 50 mit
1345 2991 325 50 knabenhafter

129 3078 210 50 Insolenz
371 3095 50 32 so
445 3092 107 50 gern
584 3076 77 49 das
688 3095 150 49 grosse
862 3078 105 50 Alte
995 3078 91 50 und
1117 3095 71 32 wo
1220 3076 194 67 möglich
1446 3074 115 51 auch
1591 3074 79 50 das

125 3160 422 68 jüngsterloschen?
575 3161 174 49 Schöne
781 3162 369 69 hinabposaunen
1177 3161 229 57 möchten,
1435 3158 138 51 damit
1604 3158 67 50 für

130 3246 97 49 ihre
257 3245 152 49 leeren
443 3245 202 64 Popanze
675 3264 90 31 una
793 3247 178 50 Götzen
1006 3245 80 50 der
1431 3242 240 69 möglichst

133 3328 291 69 geräumiger
454 3326 116 49 Plah
603 3328 166 51 werde.

448 3591 932 71 Orgel-Literatur.

264 3737 229 52 Nachdem
529 3735 80 47 wir
637 3756 41 31 m
713 3739 180 65 vorigen
920 3739 262 67 Jahrgange
1212 3742 52 63 (s.
1285 3740 78 50 Nr.
1385 3739 74 50 49
1489 3757 102 32 vom
1621 3738 48 51 6.

139 3820 274 69 December)
444 3819 70 50 die
535 3829 201 43 neusten
756 3823 372 67 Erscheinungen
1154 3824 80 48 auf
1258 3824 102 48 dem
1380 3823 188 49 Gebiete
1595 3823 78 48 der

142 3907 398 68 Orgel-Literatur
570 3907 213 66 angzeigt
807 3905 161 59 haben,
1001 3905 162 53 wollen
1189 3907 82 49 wir
1295 3908 115 65 jetzt
1442 3907 80 48 der
1553 3907 120 49 alten

140 3993 187 48 Heroen
374 3988 254 67 gedenken,
664 3989 53 49 'ie
761 3992 143 48 durch
949 3992 85 48 den
1081 3991 69 48 lür
1193 3991 123 48 diese
1346 3991 235 48 Literatur
1622 4007 51 32 so

143 4076 105 48 sehr
266 4073 202 67 thätigen
490 4071 193 64 Verlege
698 4074 152 49 Herrn
877 4076 231 49 Körner
1132 4073 129 50 theils
1280 4091 80 32 aus
1379 4074 100 49 dem
1498 4072 174 51 Staube

143 4158 339 66 hervorgeholt,
515 4154 127 51 theils
676 4154 24 49 ii
722 4176 147 32 neuen
902 4157 179 68 billigen
1112 4156 268 68 Ausgaben,
1424 4157 69 51 die
1520 4156 151 67 jedem

1766 293 281 70 Organisten
2088 293 80 51 auf
2204 294 102 51 dem
2343 296 155 52 Lande
2541 296 71 52 die
2644 294 317 69 Anschaffung
3007 297 193 67 möglich
3233 313 70 35 raa-

1765 381 130 59 chen,
1935 378 334 51 veröffentlicht
2301 380 188 50 worden
2530 382 113 50 sind.
2702 383 97 49 Der
2831 381 157 51 Druck
3021 381 61 51 ist
3111 382 216 51 meistens

1765 465 96 49 klar
1893 463 90 51 und
2016 461 215 59 deutlich,
2263 462 143 66 einige
2438 465 80 48 der
2549 465 434 50 letzterschienenen
3018 465 178 52 Werke
3229 463 98 52 sind

1765 566 138 48 sogar
1935 546 141 52 schön
2109 547 249 66 gestochen
2391 548 89 47 und
2514 565 50 33 so
2597 550 136 66 billig,
2776 550 118 56 dass,
2941 550 154 49 wollte
3126 567 105 32 man
3262 548 64 50 sie

1765 630 315 61 abschreiben,
2124 649 102 30 man
2270 631 79 48 das
2381 631 307 69 Notenpapier
2731 634 126 48 dalür
2890 635 186 48 theurer
3107 632 220 51 bezahlen

1765 721 188 53 müsste,
1995 715 63 49 als
2091 716 97 48 hier
2218 716 71 50 die
2320 734 142 47 ganze
2491 716 233 66 Ausgabe.
2770 716 358 69 Chronologisch
3161 720 165 66 fangen

1766 801 83 50 wir
1879 801 139 48 heute
2049 818 56 31 an
2137 799 80 50 mit
2249 800 101 49 dem
2383 800 323 67 ehrwürdigen

1891 903 277 49 Dietrich
2213 903 361 51 Buxtehude
2618 904 135 66 (gest.
2790 903 51 49 9.
2875 904 89 48 Mai
3002 903 185 67 1707).
3223 905 67 49 Ge-

2016 985 538 69 sammt-Ausgabe
2588 987 150 49 seiner
2763 985 562 69 Orgel-Compositionen.

2013 1072 110 49 Heft
2159 1072 45 61 1,
2235 1091 25 31 a
2297 1065 102 64 7%
2436 1073 102 65 Sgr.

1891 1155 156 51 Wenn
2077 1158 116 47 auch
2225 1158 161 48 dessen
2420 1154 391 70 Compositionen,
2844 1172 94 32 was
2966 1154 361 66 Grossartigkeit

1765 1239 89 50 und
1900 1239 539 51 Phantasie-Reichthum
2486 1239 187 59 betrifft,
2719 1239 148 50 hinter
2914 1239 87 49 den
3048 1238 279 50 Bach'schen

1765 1323 347 59 zurückstehen,
2143 1342 51 32 so
2226 1324 170 69 spricht
2427 1324 91 50 sich
2551 1324 117 51 doch
2700 1323 42 50 in
2773 1323 135 50 ihnen
2941 1323 140 50 schon
3115 1323 100 48 eine
3246 1322 54 49 be-

1765 1407 227 49 deutende
2025 1407 200 49 Freiheit
2265 1409 42 49 in
2349 1408 81 48 der
2462 1408 136 50 Form
2641 1408 93 48 und
2766 1407 282 49 Modulation
3081 1423 96 40 aus,
3225 1423 75 32 ver-

1764 1491 184 49 bunden
1995 1492 79 48 mit
2119 1492 325 50 interessanter
2489 1492 456 67 contrapunktischer
2997 1490 162 50 Arbeit
3205 1493 121 47 ohne

1765 1575 222 59 Steilheit,
2019 1591 51 33 so
2096 1575 102 50 dass
2217 1575 227 50 dieselben
2476 1576 125 49 nicht
2627 1575 130 49 allein
2782 1575 315 59 historischen,
3125 1575 201 50 sondern

1762 1658 116 50 auch
1910 1658 302 50 Kunstwerth
2251 1658 163 52 haben.

1887 1763 124 49 Job.
2044 1761 320 51 Pachelbel
2397 1763 133 64 (gest.
2560 1757 51 53 3.
2631 1760 126 50 März
2786 1759 188 65 1706).
3007 1759 318 49 Gesammt-

2013 1845 279 66 Ausgäbe
2338 1845 148 50 seiner
2518 1843 567 68 Orgel-Compositionen.
3133 1841 106 49 Heft
3279 1841 46 57 1,

2014 1931 25 49 ä
2075 1929 27 49 7
2118 1924 62 66 %
2213 1931 107 65 Sgr.

1888 2011 225 69 Obgleich
2145 2015 71 49 ein
2248 2014 111 50 Jahr
2389 2014 156 50 früher
2585 2011 265 68 gestorben,
2894 2010 65 51 als
3007 2010 81 50 der
3137 2010 159 50 vorher-

1762 2095 223 68 gehende,
2027 2098 172 49 scheint
2231 2116 47 31 er
2310 2114 82 33 uns
2427 2097 114 50 doch
2583 2094 350 69 chronologisch
2965 2095 156 49 hieher
3153 2111 57 31 zu
3242 2111 53 49 ge-

1761 2180 160 59 hören,
1955 2182 55 49 da
2041 2183 276 51 Buxtehude
2343 2182 140 50 schon
2514 2180 132 69 (nach
2678 2180 196 66 Gerber)
2913 2179 150 50 1669
3101 2178 222 66 Organist

1762 2281 96 33 war
1889 2264 92 51 und
2010 2267 243 49 Pachelbel
2293 2274 96 41 erst
2427 2263 151 52 1653
2627 2264 202 68 geboren
2861 2264 71 48 ist.
2992 2263 133 49 Auch
3157 2262 165 48 dessen

1764 2348 176 51 Werke
1971 2349 96 51 sind
2100 2367 102 33 zum
2235 2351 226 57 Studium,
2508 2349 258 65 vorzüglich
2810 2365 160 49 wegen
3003 2347 80 49 der
3111 2344 179 52 Behand-

1760 2432 112 68 lung
1901 2433 81 51 der
2011 2434 121 51 alten
2165 2436 248 58 Tonarten,
2443 2433 252 51 besonders
2728 2451 54 30 zu
2813 2432 269 67 empfehlen.

1886 2537 196 69 Georg
2113 2537 178 51 Fried
2305 2555 34 33 r.
2371 2537 246 50 Händel.
2660 2533 384 53 Sämmtliche
3077 2533 135 50 Com
3229 2551 60 50 Po-

2011 2622 262 50 sitionen
2305 2621 68 50 für
2405 2622 69 50 die
2508 2621 157 66 Orgel.
2714 2620 106 49 Heft
2858 2617 87 51 14.
2987 2617 125 50 Preis
3147 2615 30 51 3
3214 2619 105 64 Sgr.

1886 2706 94 47 Das
2013 2705 87 49 14.
2129 2706 108 48 Heft
2269 2705 173 51 enthält
2475 2705 68 49 die
2577 2706 127 65 Fuge
2744 2701 189 61 „Durch
2951 2701 121 51 seine
3095 2701 227 51 Wunden

1765 2789 95 51 sind
1893 2790 82 50 wir
2272 2808 81 32 aus
2386 2790 102 50 dem
2518 2789 202 49 Messias.
2753 2787 114 50 Eine
2883 2785 309 68 Empfehlung
3224 2784 70 50 die-

1766 2890 74 32 ser
1895 2874 251 49 herrlichen
2194 2875 129 65 Fuge
2376 2874 58 49 ist
2494 2873 119 50 wohl
2673 2871 286 66 überflüssig.
3021 2869 298 49 Bekanntlich

1766 2956 206 51 schliesst
2002 2958 124 50 diese
2157 2959 127 66 Fuge
2324 2959 79 48 auf
2439 2958 80 49 der
2551 2956 286 51 Dominante.
2897 2955 95 48 Der
3040 2954 94 48 hier
3180 2969 112 51 ange-

1764 3040 188 51 brachte
1980 3043 186 49 Schluss
2198 3043 41 49 in
2269 3044 173 48 F-moll
2470 3041 54 50 ist
2556 3058 112 49 ganz
2698 3040 58 48 im
2781 3039 155 49 Geiste
2966 3038 79 49 des
3071 3036 248 66 Originals.

1889 3146 319 49 J.S.Bach.
2255 3143 386 50 Sämmtliche
2684 3138 597 70 Orgel-Compositio-

2015 3246 112 33 nen
2159 3229 43 50 in
2234 3228 167 50 Heften
2432 3231 25 47 ä
2489 3226 76 68 7y
2573 3256 20 29 2
2629 3228 104 65 Sgr.

1892 3312 85 49 Die
2008 3312 137 51 Hefte
2189 3312 67 51 51
2307 3312 90 49 und
2446 3312 72 49 52
2568 3312 231 51 enthalten
2844 3308 102 50 acht
2988 3308 334 66 Orgel-Trio's.

1769 3398 136 50 Diese
1936 3397 196 51 überaus
2162 3396 234 51 lieblichen
2429 3396 368 68 Compositionen
2829 3393 264 51 erscheinen
3128 3392 110 60 hier,
3271 3410 51 33 so

1769 3481 81 49 viel
1897 3499 83 31 uns
2028 3478 198 52 bekannt
2269 3481 57 49 ist
2367 3482 178 64 (ausser
2573 3481 77 49 Nr.
2684 3477 69 67 3),
2799 3495 103 32 zum
2932 3485 154 42 ersten
3116 3476 122 51 Male
3281 3477 46 50 in

1768 3566 171 49 Druck.
1997 3566 64 49 So
2103 3566 85 49 wie
2234 3582 101 32 man
2377 3565 84 48 den
2499 3566 168 47 Löwen
2698 3581 55 32 an
2786 3563 85 50 den
2905 3562 178 50 Klauen
3115 3561 212 60 erkennt,

1768 3668 50 31 so
1865 3650 94 49 hier
2000 3650 86 49 den
2128 3666 191 50 grossen
2352 3649 186 50 Meister
2579 3665 53 32 an
2678 3646 149 51 seiner
2869 3645 205 50 Zartheit
3118 3646 91 48 und
3253 3647 49 48 In-

1768 3734 184 66 nigkeit.
2013 3732 97 51 Und
2145 3734 82 48 wie
2259 3734 79 48 der
2369 3731 399 50 Dombaumeister
2800 3731 114 48 auch
2949 3731 43 48 in
3025 3731 157 48 seinen
3215 3730 88 49 klei-

1766 3835 140 33 neren
1926 3819 177 48 Bauten
2127 3817 121 50 seine
2265 3816 286 66 Tüchtigkeit
2575 3815 225 57 bewährt,
2832 3833 51 31 so
2913 3815 118 51 auch
3063 3815 96 49 hier
3189 3831 138 33 unser

1765 3901 180 52 Johann
1973 3901 250 50 Sebastian.
2287 3899 151 50 Ueber
2469 3900 68 49 die
2569 3900 212 49 Echtheit
2822 3918 87 31 von
2941 3901 79 50 Nr.
3057 3900 30 49 2
3125 3900 197 49 könnten

1766 3985 183 51 Zweifel
1982 3985 254 56 entstehen,
2268 3984 98 48 weil
2399 3983 146 50 dieses
2577 3984 110 49 Trio
2717 4003 51 32 so
2801 4002 115 48 ganz
2949 4003 86 32 von
3068 3984 85 49 den
3185 3981 109 50 ande-

1768 4089 78 31 ren
1879 4069 250 48 Nummern
2161 4068 290 49 verschieden
2494 4069 80 57 ist;
2621 4069 116 49 doch
2785 4069 58 49 ist
2888 4085 47 32 es
2980 4069 97 48 eine
3119 4070 202 45 äusserst

1768 4151 203 54 liebliche
1999 4153 235 59 Nummer,
2278 4151 94 51 und
2419 4153 80 49 der
2540 4153 144 50 Name
2731 4154 79 49 des
2855 4153 297 54 Redacteurs,
3200 4148 121 50 Prof.
