3431 4409
1649 145 92 55 291

90 308 94 35 sem
217 291 112 52 oder
351 292 161 51 Jenem
544 308 222 51 anpassen
795 289 145 50 liesse.
972 289 70 49 Da
1075 287 78 51 das
1185 287 230 52 komische
1438 288 211 51 Element

92 394 87 33 von
212 376 103 51 dem
348 376 250 51 deutschen
631 376 237 49 Verfasser
899 390 113 49 ganz
1047 372 92 49 und
1170 388 80 49 gar
1296 373 353 65 vernachlässigt

96 460 187 50 worden
315 462 61 65 (!),
418 477 50 32 so
499 460 102 48 fand
634 460 91 48 sich
767 457 41 50 in
842 457 80 47 der
954 472 174 50 ganzen
1160 456 198 49 Partitur
1391 456 98 49 kein
1522 457 127 53 Tact,

94 545 87 49 den
211 561 103 33 man
346 545 122 48 einer
499 543 262 50 komischen
797 543 172 46 Person
1004 540 123 48 hätte
1159 540 40 49 in
1228 538 85 51 den
1345 541 140 48 Mund
1519 541 130 66 legen

92 628 197 51 können.
320 627 126 50 Alles
479 627 55 48 ist
565 626 124 49 darin
723 632 138 42 ernst.
924 625 158 48 Wenn
1117 623 80 50 der
1232 623 267 69 Componist
1534 625 113 49 auch

93 711 96 50 hier
220 709 91 52 und
343 711 56 48 da
432 728 85 30 von
550 709 168 49 seinem
751 717 214 55 strengen
996 707 80 48 Slil
1109 706 239 53 abweicht,
1378 725 51 33 so
1462 707 108 50 lässt
1602 725 48 32 er

92 795 92 49 sich
216 795 117 49 doch
365 794 246 49 höchstens
642 791 66 50 bis
737 809 80 32 zur
836 790 203 51 Anmuth
1061 791 152 57 herab,
1233 792 88 49 und
1358 791 140 50 selbst
1529 791 122 51 diese

94 877 144 51 bleibt
267 877 85 50 fast
384 877 159 47 immer
574 876 117 48 noch
723 884 142 40 etwas

89 926 34 12 TV*
134 933 10 6 ...
249 933 13 13 y
294 929 12 10 *
327 926 9 13 f
393 931 5 5 '
510 926 4 20 I

219 963 94 48 Das
358 960 56 48 ist
459 959 118 49 denn
621 959 94 49 also
761 960 71 49 die
878 960 169 67 pariser
1085 957 284 69 Euryanthe!
1426 957 224 50 Niemand

92 1045 115 51 wird
238 1045 87 48 den
358 1045 121 47 Text
520 1044 80 49 der
630 1045 118 48 Frau
794 1063 84 32 von
911 1044 151 67 Chezy
1101 1044 70 49 für
1212 1044 68 48 ein
1315 1049 133 60 gutes
1484 1044 163 47 Drama

93 1129 211 49 erklären
337 1126 187 59 wollen;
568 1126 129 51 allein
743 1145 131 32 wenn
920 1128 68 49 die
1034 1126 198 66 hiesigen
1275 1125 176 50 Blätter
1495 1142 155 49 sagen,

92 1213 104 49 dass
226 1211 155 49 Herrn
413 1211 67 50 St.
508 1211 205 68 Georges
737 1210 42 51 &
802 1211 160 68 Comp.
987 1210 259 51 Machwerk
1279 1228 123 30 zwar
1434 1209 100 52 kein
1561 1210 58 48 Ra-

94 1293 247 52 cine'sches
371 1295 183 57 Drama,
600 1295 108 50 aber
751 1295 77 50 mit
873 1295 103 49 dem
1020 1294 249 50 deutschen
1302 1294 154 48 Buche
1487 1293 137 66 vergli-

94 1378 115 49 chen
240 1377 73 49 ein
343 1378 319 51 Meisterstück
692 1380 78 56 sei,
817 1397 49 32 so
908 1379 56 48 ist
1006 1378 78 49 das
1127 1378 98 49 eine
1266 1394 87 32 von
1393 1377 135 66 jenen
1561 1377 56 49 Be-

98 1463 300 66 hauptungen
438 1462 42 49 in
524 1463 68 49 die
621 1464 110 48 Luft
775 1463 163 54 hinein,
982 1462 173 49 welche
1199 1462 70 49 die
1315 1460 331 51 französischen

94 1545 374 50 Feuilletonisten
512 1548 113 48 nach
670 1548 135 50 altem
849 1547 391 49 unverschämtem
1273 1544 207 50 Brauche
1522 1544 124 48 ihren

93 1628 240 52 Nachbarn
365 1631 266 66 gegenüber
662 1631 114 49 noch
808 1631 159 48 immer
997 1631 121 48 nicht
1148 1629 146 49 lassen
1327 1628 193 50 können.
1562 1628 85 48 Die

92 1714 142 50 Leser
262 1714 184 50 werden
478 1713 92 51 sich
601 1732 81 32 aus
714 1714 80 50 der
818 1713 268 67 gegebenen
1103 1713 157 50 Skizze
1286 1711 254 66 überzeugt
1570 1712 50 47 ha-

92 1797 106 60 ben,
229 1815 76 31 um
339 1798 202 48 welchen
572 1799 125 50 Preis
725 1815 166 33 unsere
921 1797 240 66 allerdings
1193 1805 141 40 etwas
1364 1794 282 66 langweilige

93 1882 265 67 Euryanthe
402 1882 43 50 in
487 1883 125 50 Paris
658 1902 52 30 zu
755 1882 124 50 einer
921 1881 321 66 kurzweiligen
1284 1879 211 66 gemacht
1529 1896 88 32 wor-

93 1965 88 50 den
212 1966 69 48 ist.

217 2050 105 48 Man
353 2048 168 50 ersieht
550 2066 81 33 aus
663 2050 102 49 dem
798 2051 246 63 Gesagten,
1087 2048 103 50 dass
1233 2046 70 51 die
1346 2046 301 49 französische

92 2132 265 66 Euryanthe
389 2131 100 49 eine
522 2131 129 68 Oper
681 2132 80 50 mit
791 2131 166 66 Dialog
987 2132 70 48 ist.
1105 2128 415 68 Weggeschnitten
1551 2128 95 50 sind

96 2217 95 49 also
221 2231 82 33 aus
344 2215 80 49 der
455 2215 202 51 Partitur
697 2216 84 48 alle
812 2215 263 57 Recitative,
1119 2213 114 50 auch
1277 2213 69 50 die
1387 2212 262 66 Erzählung

94 2316 89 35 von
214 2299 102 49 dem
350 2299 146 66 Ringe
529 2300 91 49 und
652 2299 80 50 der
761 2299 320 66 Erscheinung
1112 2297 212 57 Emma's,
1355 2314 50 32 so
1433 2296 101 50 dass
1567 2296 80 51 das

94 2382 414 66 Violinen-Adagio
553 2384 42 49 in
635 2384 82 48 der
757 2384 264 49 Ouvertüre
1065 2381 237 66 eigentlich
1346 2381 159 50 keinen
1537 2381 109 50 Sinn

96 2466 130 51 mehr
257 2466 89 51 hat.
403 2469 141 47 Sonst
584 2467 97 50 sind
723 2467 84 50 alle
837 2466 310 51 Musikstücke
1178 2464 301 56 beibehalten,
1526 2481 120 32 zwar

96 2551 96 49 hier
228 2550 91 50 und
351 2550 70 56 da,
454 2551 83 49 wie
567 2550 118 51 oben
728 2551 140 50 schon
907 2550 224 56 erwähnt,
1176 2567 54 31 an
1278 2549 165 49 andere
1476 2547 170 50 Stellen

99 2641 178 59 gesetzt
306 2634 92 48 und
430 2634 115 48 auch
577 2634 217 49 zuweilen
836 2634 80 48 mit
957 2631 344 69 unglücklichen
1335 2633 281 48 Verstümme-

97 2718 185 64 lungen,
313 2716 271 50 namentlich
616 2735 56 32 an
704 2718 85 49 den
819 2718 259 49 Schlüssen.
1109 2718 53 47 In
1185 2715 207 50 Adolar's
1416 2715 231 48 Romanze

98 2801 79 50 hat
207 2818 104 32 man
342 2801 114 49 auch
489 2801 87 49 den
606 2801 166 50 dritten
790 2801 117 50 Vers
931 2800 329 68 weggelassen,
1293 2817 92 30 was
1406 2799 78 48 mit
1504 2798 145 49 Recht

98 2903 88 33 von
216 2884 145 50 einem
394 2885 338 50 musicalischen
761 2885 150 50 Blatte
941 2884 200 67 getadelt
1170 2883 128 52 wird,
1336 2883 99 48 weil
1471 2881 176 50 Weber

101 2987 54 32 zu
198 2968 84 49 der
323 2967 169 50 dritten
522 2969 200 67 Strophe
762 2969 98 48 eine
903 2987 113 48 ganz
1058 2968 168 49 andere
1256 2965 237 66 Begleitun
1498 2983 29 48 g
1571 2982 50 49 ge-

101 3049 236 52 schrieben
369 3050 130 50 habe.

223 3134 139 48 Trotz
407 3134 188 50 alledem
638 3134 75 50 hat
746 3134 213 52 Weber's
1001 3132 147 50 Musik
1195 3132 115 49 doch
1355 3132 98 48 eine
1499 3130 150 50 solche

101 3218 155 50 innere
285 3215 147 60 Kraft,
477 3218 104 48 dass
628 3218 62 48 sie
732 3219 114 50 auch
891 3218 94 48 hier
1015 3215 169 51 wieder
1221 3215 129 50 einen
1385 3213 261 52 offenbaren

101 3302 110 67 Sieg
242 3301 113 49 über
385 3301 85 49 alle
498 3302 292 49 Hemmnisse
823 3303 369 65 davongetragen
1222 3301 90 48 hat.
1350 3301 154 48 Wenn
1532 3298 113 50 auch

101 3384 80 51 der
212 3383 151 51 Beifall
397 3384 55 49 im
488 3384 184 65 vorigen
703 3386 138 48 Jahre
873 3384 118 50 beim
1024 3383 190 51 Oberon
1246 3381 403 50 enthusiastischer

102 3486 109 39 war,
253 3486 50 32 so
336 3467 77 49 hat
442 3467 263 67 Euryanthe
734 3468 117 50 doch
894 3468 115 50 auch
1040 3468 129 48 einen
1202 3466 104 49 sehr
1336 3464 311 56 erfreulichen,

96 3552 59 66 ja,
197 3552 42 50 in
278 3549 215 51 mancher
524 3551 205 49 Hinsicht
770 3551 283 66 glänzenden
1086 3551 156 65 Erfolg
1288 3548 180 68 gehabt.
1524 3548 123 48 Nach

103 3637 102 50 dem
236 3642 152 45 ersten
419 3637 117 47 Acte
567 3636 189 49 wurden
788 3636 186 48 Odoard
1012 3635 206 66 (Michot)
1264 3633 90 50 und
1387 3632 260 69 Euryanthe

102 3717 355 71 (Mademoiselle
483 3718 114 68 Rey)
629 3718 204 66 gerufen.
887 3720 66 48 Im
985 3718 191 49 zweiten
1208 3718 117 49 Acte
1357 3717 188 48 wurden
1578 3716 68 48 die

104 3802 219 69 Couplets
365 3802 42 48 in
438 3803 158 47 A-dur
639 3802 80 48 mit
760 3802 101 48 dem
894 3800 346 58 Chor-Refrain,
1283 3801 56 47 im
1372 3798 166 50 dritten
1570 3798 79 49 der

99 3887 253 68 Jägerchor
677 3887 61 49 da
849 3904 108 48 capo
600 3885 219 67 verlangt.
877 3886 50 48 In
972 3884 166 49 diesem
1184 3884 218 48 letzteren
1446 3900 95 32 war
1580 3882 70 50 die

101 3971 213 50 Fermate
344 3970 80 49 auf
449 3970 100 49 dem
578 3971 74 48 des
681 3969 98 49 eine
811 3970 104 48 sehr
938 3966 321 67 ungeschickte
1283 3966 94 50 und
1400 3966 249 66 ärgerliche

102 4052 273 68 Neuerung;
407 4071 50 32 so
488 4061 142 41 etwas
662 4051 116 50 kann
809 4069 87 32 nur
926 4051 45 50 in
998 4050 126 51 Paris
1161 4049 226 50 vorfallen.
1438 4047 129 51 Eben
1599 4066 51 32 so

107 4135 159 68 widrig
296 4154 94 34 war
421 4138 69 49 die
520 4138 209 64 Zerrung
772 4135 79 53 des
892 4135 134 51 tiefen
1153 4134 42 50 in
1227 4132 69 50 die
1329 4132 148 50 Breite
1508 4131 143 52 durch

1745 284 287 51 Mademoille
2064 284 95 66 Rey
2190 300 70 31 am
2291 281 215 49 Schlüsse
2539 279 80 51 der
2648 278 144 51 Läufe
2832 277 44 49 in
2907 275 102 50 dem
3042 274 258 51 bekannten

1747 369 165 50 Finale.
1971 369 96 50 Der
2096 368 153 47 Tenor
2282 366 89 48 und
2413 366 82 48 der
2524 366 110 47 Bass
2676 364 140 65 (Herr
2846 359 251 69 Balanque)
3144 359 154 51 hatten

1745 456 95 48 ihre
1872 453 210 50 Parlieen
2115 451 157 48 besser
2303 448 259 65 aufgefasst.
2622 447 128 49 Auch
2784 443 108 52 fehlt
2923 461 48 32 es
3005 443 81 50 der
3112 443 98 67 Rey
3239 461 56 33 an

1743 536 299 66 Leichtigkeit
2077 535 80 49 der
2187 532 244 50 Coloratur
2463 531 89 49 und
2585 531 114 48 doch
2729 528 116 51 auch
2877 527 170 49 wieder
3079 543 54 32 an
3165 526 133 49 Kraft

1744 622 79 48 der
1856 621 204 48 Stimme.
2092 616 149 52 Recht
2271 625 83 57 gut
2387 630 95 33 war
2512 612 334 51 Mademoiselle
2877 611 236 66 Borghese
3145 612 43 48 in
3220 609 81 50 der

1744 705 150 48 Partie
1926 703 80 49 der
2035 698 425 68 Zarah-Eglantine.
2512 697 83 50 Die
2628 696 148 49 Chöre
2807 695 90 49 und
2931 696 78 48 das
3042 693 258 52 Orchester

1745 805 153 32 waren
1946 786 241 55 verstärkt,
2234 786 310 61 Ausstattung
2589 781 91 48 und
2714 778 330 50 Decorationen
3089 777 186 51 vortreff-

1744 872 98 50 lich.
1894 870 216 51 Dennoch
2159 871 115 48 kann
2315 885 103 32 man
2460 867 70 49 die
2563 863 300 64 Ausführung
2906 862 56 48 im
2991 862 183 50 Ganzen
3217 880 81 32 aus

1744 955 265 52 deutschem
2042 952 385 68 Gesichtspunkte
2470 966 87 33 nur
2601 949 62 49 als
2707 947 97 49 eine
2849 945 339 66 mittelmässige
3220 945 52 49 be-

1745 1040 229 50 zeichnen.
2036 1036 274 51 Hoffentlich
2356 1034 183 49 werden
2587 1032 69 50 die
2699 1034 213 64 späteren
2947 1027 351 68 Vorstellungen

1744 1124 70 49 die
1846 1121 221 50 herrliche
2094 1121 153 50 Musik
2294 1135 201 51 genauer
2540 1116 132 67 (auch
2705 1116 58 48 im
2796 1112 273 65 Orchester)
3112 1111 162 51 wieder-

1744 1206 147 68 geben
1923 1205 89 50 und
2042 1205 69 50 die
2138 1206 177 64 Sänger
2346 1203 90 49 sich
2468 1201 131 50 mehr
2628 1201 44 50 in
2704 1199 86 49 den
2822 1199 134 48 ihnen
2990 1194 166 50 freilich
3189 1211 112 51 ganz

1744 1290 203 50 fremden
1980 1290 127 48 Geist
2138 1290 144 48 dieser
2309 1288 201 48 Partitur
2540 1284 388 66 hineingesungen
2959 1279 162 51 haben.

1870 1375 62 49 Es
1965 1374 149 48 dürfte
2161 1375 68 47 für
2272 1373 69 48 die
2383 1370 250 50 deutschen
2665 1368 230 50 Verehrer
2926 1363 220 53 Weber's
3177 1361 124 51 nicht

1744 1459 119 50 ohne
1904 1458 231 48 Interesse
2176 1455 110 56 sein,
2331 1453 202 51 Urtheile
2580 1450 326 51 französischer
2937 1448 200 49 Kritiker
3182 1445 115 51 über

1745 1542 70 49 die
1846 1540 148 50 Musik
2028 1540 79 49 der
2136 1538 263 67 Euryanthe
2431 1556 56 30 zu
2517 1537 138 48 lesen.

1871 1625 126 49 Leon
2030 1623 240 49 Durocher
2300 1629 99 57 sagt
2430 1620 42 50 in
2505 1620 80 49 der
2619 1619 182 50 Gazette
2830 1619 47 66 Sf
2907 1617 150 49 Revue
3086 1615 212 50 musicale

1745 1716 135 43 unter
1913 1707 228 51 Anderem
2175 1705 113 50 über
2318 1705 70 49 die
2420 1704 285 50 Ouvertüre:
2746 1700 105 59 „Sie
2882 1702 58 45 ist
2970 1698 120 49 nicht
3122 1716 51 31 so
3204 1714 62 33 me-

1744 1791 317 58 lodieenreich,
2103 1792 84 48 wie
2219 1791 70 48 die
2321 1789 294 49 Ouvertüren
2647 1803 102 32 zum
2784 1782 262 52 Freischütz
3079 1782 91 49 und
3197 1798 103 33 zum

1745 1876 206 50 Oberon.
2011 1877 104 48 Man
2158 1876 144 48 findet
2342 1890 87 33 nur
2460 1872 109 49 zwei
2604 1868 377 67 Gesang-Motive
3023 1865 155 60 darin;
3221 1865 79 50 das

1745 1968 121 41 erste
1898 1959 76 49 hat
2004 1959 97 49 eine
2134 1957 268 67 ungemeine
2426 1952 400 53 Entschiedenheit
2855 1951 92 50 und
2972 1949 213 68 Energie,
3217 1948 80 51 das

1747 2043 174 59 zweite,
1969 2060 80 33 aus
2094 2042 122 51 einer
2247 2039 288 51 Tenor-Arie
2566 2039 78 49 des
2688 2038 189 48 zweiten
2909 2037 157 55 Actes,
3112 2034 57 49 ist
3212 2033 86 51 voll

1745 2127 132 57 Adel,
1898 2125 157 52 Leben
2075 2126 92 51 und
2187 2127 159 50 Feuer.
2382 2123 133 50 Diese
2533 2122 195 51 Melodie
2749 2119 134 51 reisst
2915 2119 72 50 hin
3018 2118 91 50 und
3140 2116 158 52 würde

2361 2198 5 5 •
2473 2193 8 13 *
2679 2184 5 5 •
2754 2186 7 12 i
2830 2184 3 22 ■

1743 2212 117 48 noch
1893 2211 128 49 mehr
2050 2210 276 66 begeistern,
2368 2225 132 33 wenn
2534 2207 62 50 sie
2627 2206 115 49 eben
2775 2221 51 34 so
2856 2203 227 66 gelungen
3114 2202 183 57 endete,

1744 2295 62 49 als
1838 2295 63 49 sie
1933 2293 201 67 beginnt.
2167 2293 123 50 Alles
2323 2291 194 66 Uebrige
2548 2291 56 49 ist
2633 2288 177 56 Arbeit,
2843 2285 290 68 geschraubt,
3165 2285 99 49 müh-

1744 2395 110 41 sam,
1882 2377 249 49 manchmal
2159 2375 200 51 ziemlich
2380 2375 186 56 confus;
2591 2391 53 32 es
2670 2372 151 50 macht
2843 2371 83 49 last
2948 2368 212 68 glauben,
3192 2368 105 49 dass

1745 2460 179 54 Weber
1956 2461 127 48 mehr
2114 2459 240 50 Phantasie
2384 2459 62 49 als
2475 2456 333 51 musicalisches
2830 2455 185 51 Wissen
3048 2453 92 49 und
3170 2452 96 50 Kön-

1743 2563 86 35 nen
1862 2545 136 48 hatte.
2060 2544 108 50 Wie
2200 2542 104 51 weit
2335 2542 196 49 entfernt
2572 2541 56 48 ist
2658 2540 121 48 diese
2811 2536 268 52 fieberhalte
3105 2535 195 49 Unruhe

1743 2627 68 51 bei
1843 2627 453 68 contrapunktischer
2314 2626 159 48 Arbeit
2497 2643 86 31 von
2609 2624 101 49 dem
2745 2622 190 49 leichten
2968 2620 93 49 und
3094 2619 207 49 sicheren

1741 2714 173 63 Gange,
1947 2713 80 48 der
2059 2711 198 50 heiteren
2290 2710 146 56 Ruhe,
2469 2710 80 48 der
2582 2706 367 62 durchsichtigen
2978 2704 205 49 Klarheit
3199 2704 66 48 Mo-

1743 2796 188 49 zart's!"
1971 2796 111 65 (Das
2114 2794 237 51 Publicum
2383 2793 232 64 verlangte
2641 2789 165 67 jedoch
2839 2789 68 49 die
2933 2786 367 65 Wiederholung

1743 2880 81 50 der
1857 2879 296 66 Ouvertüre.)

1877 3002 17 18 „
1912 2963 81 48 Die
2025 2963 108 48 Arie
2163 2959 244 70 Reynold's
2437 2956 251 70 (Lysiart's)
2719 2956 56 49 ist
2815 2955 104 65 lang
2964 2954 111 49 oder
3121 2953 175 49 scheint

1743 3047 277 64 wenigstens
2053 3045 115 65 lang.
2215 3044 75 50 Sie
2322 3045 54 49 ist
2408 3043 122 48 nicht
2557 3040 103 50 sehr
2693 3038 260 54 melodisch,
3000 3054 47 32 es
3079 3035 56 51 ist
3166 3035 131 50 mehr

1745 3129 309 51 Declamation
2083 3127 64 50 als
2171 3129 180 64 Gesang
2378 3127 138 49 darin.
2548 3127 91 47 Das
2658 3124 253 50 Orchester
2942 3122 54 49 ist
3025 3120 124 50 nicht
3182 3137 114 49 ganz

1744 3213 108 57 klar,
1886 3228 93 33 was
2009 3219 129 42 sonst
2168 3210 70 50 bei
2268 3209 180 52 Weber
2479 3208 143 49 selten
2655 3207 78 49 der
2766 3207 92 48 Fall
3061 3203 128 66 (Dies
3221 3203 75 66 lag

1743 3315 53 31 an
1824 3297 79 49 der
1923 3295 314 65 Ausführung,
2268 3295 72 50 die
2365 3293 145 52 nichts
2536 3292 200 66 weniger
2768 3290 61 49 als
2862 3288 143 68 präcis
3036 3288 94 48 und
3164 3287 106 49 deut-

1741 3381 86 49 lich
1860 3379 128 66 war.)
2056 3379 80 59 „In
2182 3379 102 49 dem
2317 3379 142 47 Duett
2500 3376 78 49 mit
2609 3374 142 50 Zarah
2784 3372 276 67 (Eglantine)
3091 3370 96 51 sind
3220 3370 52 50 Ef-

1743 3464 114 50 fecte
1886 3481 85 32 von
2004 3463 221 48 wahrhaft
2257 3462 239 49 höllischer
2516 3458 196 66 Energie
2745 3457 87 48 und
2867 3456 235 66 prächtige
3131 3453 134 51 Modu-

1743 3548 211 48 lationen.
1988 3547 155 48 Selten
2167 3546 77 48 hat
2271 3544 180 51 Weber
2475 3561 51 32 so
2557 3542 79 48 viel
2665 3541 143 55 Kraft,
2840 3541 62 48 als
2935 3539 109 50 hier.
3076 3537 225 52 Dasselbe

1743 3631 81 65 gilt
1854 3647 86 32 von
1973 3630 81 49 der
2077 3646 189 48 grossen
2286 3631 145 47 Scene
2454 3626 79 48 der
2554 3626 177 54 Wette,
2761 3623 42 48 in
2831 3622 198 49 welcher
3062 3623 79 48 das
3173 3621 103 49 herr-

1741 3715 115 49 liche
1874 3713 154 57 Motiv,
2063 3712 78 50 mit
2167 3712 216 50 welchem
2408 3711 69 48 die
2496 3710 263 48 Ouvertüre
2789 3706 202 67 beginnt,
3025 3706 72 49 die
3118 3706 152 67 Haupt-

1739 3797 113 51 rolle

1876 3881 116 57 „Die
2028 3878 143 50 kleine
2202 3876 227 57 Cavatine,
2470 3876 79 48 mit
2581 3875 198 50 welcher
2810 3873 267 69 Euryanthe
3108 3872 187 57 auftritt,

1743 3965 174 49 scheint
1942 3980 83 33 uns
2050 3964 78 48 mit
2155 3964 139 47 ihrem
2319 3961 201 51 schönen
2539 3958 204 51 Ritornel
2776 3958 124 50 eines
2931 3958 80 50 der
3042 3975 70 32 am
3144 3955 126 68 glück-

1745 4047 186 50 lichsten
1962 4045 277 51 erfundenen
2271 4045 170 48 Stücke
2474 4044 79 49 der
2585 4042 202 51 Partitur
2818 4060 52 31 zu
2907 4041 107 50 sein.
3046 4040 103 49 Man
3178 4038 114 49 kann

1961 4110 5 5 •
2212 4111 6 9 k
2912 4110 4 10 •

1745 4130 92 51 sich
1867 4130 144 51 nichts
2039 4129 246 59 Sanfteres,
2315 4127 262 51 Frischeres
2605 4127 91 51 und
2729 4125 116 52 doch
2877 4121 419 53 Träumerischeres
