2664 3896
1245 3606 107 67 169

1829 3628 431 46 AOÛT-DÉCEMBRE
2303 3627 114 46 1922

203 3648 56 33 LA
294 3641 130 40 CITÉ.

281 364 61 50 de
369 362 49 49 la
447 360 82 50 vie
555 357 167 51 même
751 369 49 37 et
828 355 61 51 de
920 368 123 38 tous
1071 355 70 49 les
1169 367 190 37 essorts
1388 354 60 50 de
1477 353 123 51 Fart
1630 371 141 46 pour
1800 352 171 64 lequel
2001 369 99 33 nos
2131 367 195 39 revues,

282 443 515 56 individuellement,
836 440 159 51 n'ont
1030 458 95 46 pas
1161 458 141 33 assez
1341 439 61 51 de
1438 438 195 51 souffle.

438 531 82 50 De
557 546 50 33 ce
646 526 444 64 rapprochement
1126 525 87 51 des
1249 524 135 52 idées
1420 524 241 56 diverses,
1703 524 61 50 de
1801 536 130 37 cette
1967 519 360 67 promiscuité,

282 617 202 67 puis-je
529 615 125 55 dire,
703 612 191 51 d'idées
939 610 435 52 contradictoires
1419 627 124 33 sous
1590 626 101 33 une
1736 607 171 52 même
1952 605 149 53 farde
2147 606 176 50 naîtra

281 701 279 68 peut-être,
596 717 103 46 peu
735 698 27 50 à
797 715 121 47 peu,
956 710 128 38 cette
1119 696 80 51 foi
1233 696 272 63 identique
1540 696 94 63 qui
1670 712 138 33 nous
1843 692 215 66 guidera
2096 706 123 37 tous
2255 707 74 33 un

281 791 125 63 jour
432 787 132 51 dans
590 787 50 48 la
665 784 168 51 même
859 783 119 51 voie
1005 782 314 65 d'équilibre
1345 795 48 37 et
1419 781 62 51 de
1507 780 231 64 logique.

440 873 119 63 Que
597 871 45 50 le
680 887 85 33 soc
805 869 61 51 de
906 887 98 32 nos
1042 868 243 51 charrues
1324 868 103 51 soit
1466 883 256 34 commun
1764 882 141 47 pour
1943 863 136 64 qu'il
2119 860 210 66 pénètre

281 962 122 65 plus
433 956 437 67 profondément.

1652 1036 133 50 Jean
1820 1036 103 50 DE
1957 1033 250 52 LIGNE.

358 1447 77 51 (1)
472 1462 22 26 «
518 1445 63 42 La
604 1445 99 41 Cité
726 1460 22 26 »
777 1443 179 52 répond
977 1442 252 42 volontiers
1251 1457 57 24 au
1333 1439 117 42 désir
1482 1439 109 42 d'un
1622 1438 57 43 de
1707 1454 69 25 ses
1806 1436 99 52 plus
1934 1435 162 42 fidèles
2126 1434 179 42 collabo-

284 1533 172 31 rateurs
486 1537 54 26 en
567 1517 214 54 publiant
811 1516 170 52 rappel
1012 1519 26 38 à
1070 1514 144 43 l'entr'
1223 1512 104 44 aide
1358 1510 381 54 professionnelle
1771 1510 107 52 qu'il
1912 1510 59 42 lui
2002 1507 197 43 adresse.
2236 1506 97 43 Elle

285 1596 259 41 examinera
581 1607 113 27 avec
729 1588 332 44 bienveillance
1099 1597 99 33 tout
1234 1601 297 35 programme
1566 1595 185 32 concret
1787 1586 73 49 qui
1897 1583 58 42 lui
1991 1583 137 40 serait
2164 1579 171 41 soumis

285 1687 56 25 en
378 1685 88 25 vue
506 1667 57 44 de
600 1665 209 44 l'édition
847 1682 55 25 en
942 1662 231 52 Belgique,
1216 1661 109 42 d'un
1366 1663 254 47 important
1657 1656 270 53 périodique
1969 1655 360 43 d'architecture.

421 1742 31 43 Il
487 1745 211 47 importe,
735 1737 276 53 cependant,
1051 1737 59 42 de
1139 1753 61 25 ne
1231 1752 83 34 pas
1347 1733 166 52 perdre
1549 1731 58 43 de
1640 1749 91 24 vue
1764 1732 64 41 les
1864 1728 248 44 difficultés
2147 1726 189 44 d'ordre

284 1816 204 44 matériel
522 1832 165 35 presqu
709 1810 385 46 insurmontables
1127 1810 58 43 de
1216 1806 186 54 pareille
1434 1807 261 49 entreprise.
1731 1804 63 42 La
1825 1803 184 52 plupart
2042 1803 79 41 des
2154 1799 181 43 Revues

283 1891 157 51 belges
466 1893 158 39 vivent
653 1888 59 42 de
739 1887 11 42 1
772 1888 183 41 activité
986 1884 328 43 desinteressee
1344 1881 58 43 de
1432 1881 116 41 leurs
1576 1877 361 44 collaborateurs
1966 1888 45 31 et
2041 1874 59 42 de
2128 1876 42 41 la
2199 1889 108 34 géné-

285 1968 136 40 rosité
460 1964 246 42 financière
746 1961 57 42 de
842 1957 217 54 quelques
1095 1959 225 40 mécènes.
1360 1953 152 44 Est-ce
1550 1951 261 44 contribuer
1849 1968 58 24 au
1945 1951 153 41 succès
2138 1947 173 43 d'entre-

285 2042 140 49 prises
457 2039 117 40 aussi
605 2039 198 47 ingrates
836 2050 87 34 que
957 2031 105 43 d'en
1092 2029 178 43 confier
1301 2028 42 42 le
1376 2039 94 31 sort
1500 2029 29 40 à
1564 2026 79 43 des
1677 2031 326 45 groupements
2036 2022 300 51 poursuivant

287 2114 78 42 des
393 2113 104 42 buts
527 2113 87 50 qui,
646 2125 104 26 sans
779 2110 95 39 être
903 2107 215 50 opposés,
1150 2102 105 46 n'en
1282 2114 106 31 sont
1417 2118 83 34 pas
1529 2100 148 42 moins
1708 2098 232 42 distincts?

420 2186 45 42 A
504 2199 223 37 supposer
769 2199 87 33 que
894 2180 43 42 la
975 2177 139 43 chose
1151 2179 89 40 soit
1279 2173 216 54 possible,
1538 2185 117 32 reste
1696 2175 26 39 à
1763 2171 152 42 savoir
1955 2171 35 41 si
2031 2168 12 42 1
2067 2185 59 26 on
2167 2182 168 35 pourra

284 2262 199 51 garantir
512 2262 26 38 à
567 2272 73 28 ces
670 2257 151 41 divers
851 2255 259 50 organimes
1139 2251 42 42 la
1212 2250 160 42 liberté
1404 2248 29 42 d
1456 2247 263 51 expression
1749 2248 26 39 à
1806 2242 196 53 laquelle
2030 2242 52 42 ils
2112 2258 57 26 ne
2199 2257 108 34 pour-

283 2338 146 40 raient
457 2333 248 42 renoncer?
744 2325 258 47 Auront-ils
1030 2324 274 44 l'assurance
1335 2323 57 41 de
1423 2335 184 31 trouver
1638 2319 114 42 dans
1781 2317 207 52 l'organe
2018 2314 199 43 collectif
2247 2326 88 28 une

283 2407 132 53 place
457 2404 367 53 correspondant
867 2421 93 25 non
1003 2420 82 35 pas
1128 2413 98 32 tant
1268 2418 56 26 au
1367 2399 196 44 nombre
1608 2399 57 42 de
1707 2396 117 43 leurs
1867 2393 232 45 membres
2143 2410 58 33 qu
2221 2395 25 39 à
2293 2391 42 41 la

283 2481 174 43 vitalité
489 2481 59 42 de
576 2480 116 43 leurs
725 2479 255 42 doctrines?

421 2554 54 44 Et
513 2558 26 38 à
575 2565 72 31 cet
684 2552 141 52 égard
863 2551 41 42 la
945 2551 220 42 direction
1205 2565 56 26 ne
1298 2558 109 42 peut
1446 2547 151 42 laisser
1636 2560 156 36 passer
1831 2559 103 26 sans
1973 2543 203 41 réserves
2216 2547 119 33 cette

285 2630 284 42 affirmation
602 2627 56 43 de
686 2626 62 43 M.
782 2626 58 42 de
868 2625 139 51 Ligne
1037 2623 182 51 d'après
1246 2619 194 54 laquelle
1473 2636 23 25 «
1528 2618 63 43 La
1618 2617 100 42 Cité
1748 2633 24 27 »
1804 2617 135 41 serait
1969 2630 23 27 «
2025 2614 309 44 obstinément

285 2716 42 30 et
354 2714 140 31 avant
522 2713 98 32 tout
649 2716 23 27 »
705 2700 12 42 1
740 2716 171 35 organe
940 2698 58 42 de
1025 2697 41 42 la
1093 2697 179 41 Société
1303 2695 80 42 des
1410 2692 267 43 Lrbanistes
1706 2689 174 51 Belges.
1917 2704 24 28 «
1974 2687 63 43 La
2067 2686 99 42 Cite
2199 2702 23 26 »
2258 2702 26 24 n
2308 2700 22 24 a

287 2777 176 43 d'autre
500 2776 84 43 but
619 2784 44 33 et
702 2773 177 43 d'autre
916 2785 296 38 programme
1249 2785 87 35 que
1376 2767 41 43 la
1459 2765 220 43 diffusion
1719 2775 43 30 et
1801 2763 42 42 la
1885 2761 189 44 défense
2117 2759 28 43 d
2166 2777 60 24 un
2265 2766 69 33 art

285 2849 315 44 architectural
628 2865 56 25 en
710 2846 240 43 harmonie
974 2860 114 26 avec
1113 2843 64 42 les
1202 2842 184 43 besoins
1414 2852 44 30 et
1484 2839 64 42 les
1574 2838 272 51 aspirations
1874 2836 59 42 de
1959 2834 42 43 la
2028 2836 73 40 vie
2129 2841 174 33 contem-

286 2926 202 49 poraine.
534 2923 136 42 Aussi
712 2918 175 45 a-1-elle
932 2921 71 39 été
1047 2917 219 42 heureuse
1310 2914 57 43 de
1410 2913 195 52 pouvoir
1649 2912 151 41 ouvrir
1843 2924 69 27 ses
1952 2906 222 44 colonnes
2218 2907 28 40 à
2290 2904 43 41 la

284 2999 180 42 Société
504 2997 80 41 des
621 2995 268 43 Urbanistes
929 2991 160 52 Belges
1129 2992 75 50 qui
1242 2987 223 44 affirmait
1504 2985 113 43 dans
1656 3002 48 25 sa
1743 2982 155 44 charte
1938 2977 394 46 contitutionnelle

285 3073 41 41 le
351 3075 151 39 même
527 3068 134 45 idéal.
691 3068 117 43 IVlais
837 3083 23 26 «
889 3066 62 43 La
977 3066 100 41 Cite
1104 3080 24 27 »
1158 3066 113 41 tient
1296 3081 26 24 &
1348 3064 195 50 préciser
1571 3076 57 34 qu
1650 3058 84 43 elle
1760 3076 28 24 n
1811 3057 169 42 entend
2007 3066 94 33 etre
2128 3054 10 41 1
2162 3066 171 38 organe

286 3145 187 43 exclusif
513 3144 226 42 d'aucune
772 3142 195 45 Société,
1009 3142 43 40 ni
1091 3138 196 43 d'aucun
1325 3151 187 36 groupe.
1553 3132 96 45 Elle
1688 3132 82 43 fait
1806 3131 136 52 appel
1982 3133 27 39 à
2046 3128 42 44 la
2127 3126 179 44 collabo-

286 3222 147 40 ration
474 3218 57 42 de
570 3229 101 31 tous
708 3232 113 25 ceux
859 3217 74 49 qui
971 3213 281 42 souscrivent
1290 3213 25 39 à
1353 3226 84 26 son
1475 3222 296 39 programme
1809 3203 251 51 esthétique
2101 3202 103 53 quel
2246 3214 87 38 que

287 3295 85 39 soit
399 3292 40 41 le
466 3290 144 43 cercle
637 3307 57 25 ou
722 3289 41 42 le
788 3288 101 42 clan
918 3287 113 43 dont
1059 3285 51 43 ils
1137 3296 104 32 sont
1267 3283 62 43 les
1356 3282 205 51 adeptes.

1799 3368 22 26 «
1861 3351 82 43 LA
1978 3349 136 44 CITE
2152 3365 40 26 ».
