2664 3896
1874 3626 436 48 AOUT-DÉCEMBRE
2349 3625 133 48 1922.

244 3639 59 34 LA
337 3629 127 44 CITÉ.

1320 3626 87 47 168

906 318 326 128 Unité
1310 316 516 130 d'Action

1831 316 58 48 10

483 662 147 52 C'est
665 663 26 51 à
724 680 156 40 vous,
919 662 297 53 rédacteurs
1247 664 89 53 des
1371 682 183 35 revues
1598 683 30 34 «
1665 666 79 52 La
1778 666 121 53 Cité
1936 686 49 38 »,
2032 685 31 35 «
2098 667 259 53 L'Emula-

320 748 118 52 tion
473 767 51 38 »,
567 767 30 33 «
630 748 398 52 L'Habitation
1060 750 26 50 à
1118 748 123 54 Bon
1272 748 222 54 Marché
1527 769 51 39 »,
1612 769 103 48 que
1744 751 52 66 je
1825 752 131 65 jette
1985 771 52 34 ce
2067 753 96 52 crit

480 835 230 57 Toutes,
765 852 140 36 vous
957 836 174 52 luttez
1184 836 373 53 difficilement
1611 855 142 48 pour
1805 838 243 52 survivre
2101 857 109 33 aux
2263 838 132 54 frais

319 922 406 65 qu'entraînent
756 940 99 34 vos
886 922 346 66 impressions
1264 937 50 39 et
1345 941 99 35 vos
1476 924 379 52 illustrations.
1891 926 230 57 Toutes,
2158 944 140 34 vous
2330 943 64 34 ne

319 1026 83 35 me
436 1009 267 66 paraissez
738 1026 98 49 pas
870 1009 409 53 suffisamment
1316 1010 243 52 nourries
1598 1028 122 35 avec
1757 1029 99 34 vos
1893 1010 208 53 feuilles
2138 1010 256 53 étouffées

319 1114 99 47 par
456 1096 51 51 la
546 1095 276 66 publicité,
866 1114 144 47 pour
1048 1114 104 47 que
1192 1114 141 34 vous
1372 1096 232 66 puissiez
1646 1114 140 36 vous
1825 1098 235 64 imposer
2101 1115 98 47 par
2241 1110 153 40 votre

319 1181 191 52 intérêt
535 1195 232 38 soutenu
794 1181 28 52 à
850 1195 124 40 tous
1000 1200 132 35 ceux
1159 1183 96 64 qui
1280 1183 190 52 vivent
1496 1200 144 49 pour
1665 1183 126 52 l'art
1816 1200 105 49 que
1949 1200 139 36 vous
2115 1181 275 55 défendez.

480 1268 308 57 Isolément,
826 1285 140 36 vous
999 1269 248 52 marchez
1282 1287 63 34 en
1382 1269 357 65 claudiquant
1775 1287 90 34 sur
1898 1270 52 51 la
1987 1280 169 41 route.

479 1355 191 52 Cessez
698 1355 139 52 donc
864 1355 62 52 de
953 1354 220 53 vouloir
1200 1355 106 52 être
1333 1354 364 53 obstinément
1725 1369 51 38 et
1805 1369 168 38 avant
2001 1368 127 39 tout
2154 1355 240 65 l'organe

320 1442 63 53 de
413 1442 52 52 la
496 1440 200 55 Société
728 1442 251 53 Centrale
1010 1442 446 57 d'Architecture,
1493 1442 63 52 de
1588 1442 51 52 la
1672 1440 226 55 Sociétés
1931 1442 89 52 des
2053 1440 337 58 Urbanistes,

320 1529 63 52 de
413 1529 70 52 tel
513 1548 74 35 ou
618 1529 63 52 de
710 1528 70 53 tel
812 1542 150 38 autre
993 1541 374 53 groupement.

480 1616 176 52 Levez
692 1614 140 52 donc
870 1614 71 52 les
979 1614 213 65 regards
1227 1632 90 34 sur
1353 1614 46 51 le
1437 1613 128 66 jour
1599 1614 97 65 qui
1733 1632 49 34 se
1818 1613 128 59 lève,
1988 1627 49 39 et
2073 1631 322 49 comprenez

320 1720 105 48 que
460 1720 144 48 pour
644 1701 262 53 atteindre
945 1699 435 67 respectivement
1420 1712 154 40 votre
1613 1699 120 59 but,
1775 1701 96 65 qui
1910 1715 77 38 est
2025 1699 202 65 malgré
2267 1711 126 41 tout

323 1802 155 40 notre
511 1788 103 52 but
647 1805 277 39 commun,
962 1787 35 51 il
1034 1786 140 58 faut,
1212 1787 123 51 bien
1371 1805 103 47 que
1510 1804 101 34 nos
1645 1786 175 53 mains
1857 1787 174 52 soient
2068 1785 322 59 différentes,

323 1876 72 52 les
432 1875 123 52 unir
591 1887 51 40 et
675 1875 73 52 les
784 1873 217 53 enfouir
1037 1872 134 54 dans
1207 1872 51 52 la
1293 1872 155 66 gerbe
1485 1872 119 54 d'or
1641 1890 103 48 que
1782 1890 140 36 vous
1960 1872 198 54 voulez
2197 1871 197 53 dresser

323 1960 279 52 au-dessus
633 1961 62 51 de
725 1960 50 52 la
808 1978 257 34 caravane
1095 1961 95 65 qui
1220 1960 227 52 marche.

483 2046 174 52 Faites
686 2046 139 52 donc
856 2065 64 33 en
949 2059 140 39 sorte
1118 2064 104 47 que
1251 2059 131 39 cette
1411 2046 153 65 gerbe
1594 2046 104 52 soit
1728 2045 130 52 faite
1888 2045 63 52 de
1980 2063 102 34 nos
2110 2042 212 68 pensées
2351 2044 42 53 si

325 2131 307 54 différentes
665 2133 232 66 parfois;
936 2133 63 52 de
1033 2133 148 52 celles
1216 2133 95 64 qui
1347 2144 250 44 couvent,
1635 2131 63 54 de
1734 2130 148 53 celles
1915 2131 97 66 qui
2046 2130 264 55 flambent
2345 2145 50 38 et

325 2220 63 52 de
430 2220 147 51 celles
619 2219 95 66 qui
759 2219 327 66 s'éteignent,
1132 2219 135 52 mais
1308 2218 195 67 qu'elle
1545 2219 123 56 soit,
1717 2235 69 35 au
1829 2216 197 59 moins,
2072 2216 45 54 le
2162 2215 232 53 faisceau

324 2305 156 54 dense
510 2305 62 52 de
602 2323 101 34 nos
732 2305 189 51 efforts
952 2304 302 66 divergents
1286 2305 133 51 dans
1448 2304 71 52 les
1548 2303 136 53 idées
1714 2317 50 39 et
1794 2321 287 35 communs
2109 2321 153 48 parce
2290 2321 105 48 que

324 2393 194 53 tendus
550 2390 416 68 désespérément
996 2408 116 36 vers
1142 2392 51 50 la
1226 2390 169 52 même
1427 2389 174 53 clarté.

484 2478 120 66 Que
633 2491 131 39 cette
793 2477 153 66 gerbe
977 2477 105 53 soit
1112 2477 139 53 donc
1283 2475 138 54 riche
1451 2489 50 40 et
1532 2474 175 60 serrée,
1741 2492 144 49 pour
1914 2492 106 49 que
2049 2473 136 56 celui
2213 2474 99 65 qui
2342 2473 51 55 la

325 2566 133 52 délie
497 2583 75 33 un
611 2564 107 52 soir
755 2564 165 52 calme
958 2582 34 47 y
1032 2577 193 38 trouve
1263 2563 51 52 la
1353 2563 311 52 nourriture
1702 2561 62 53 de
1804 2580 100 34 son
1943 2561 164 66 esprit
2144 2561 136 52 dans
2319 2561 76 52 les

323 2652 335 66 expressions
700 2649 279 66 multiples
1023 2649 62 53 de
1129 2662 154 40 votre
1325 2648 180 65 esprit,
1552 2647 62 55 de
1659 2665 99 35 vos
1801 2647 267 53 doctrines
2114 2648 28 51 à
2186 2662 140 37 vous
2378 2663 14 33 :

332 2757 32 35 «
397 2738 321 54 Emulation
751 2756 51 39 »,
846 2756 31 33 «
911 2736 121 53 Cité
1063 2756 32 33 »
1128 2751 51 38 et
1208 2749 192 39 autres.

482 2825 231 53 Unissez
755 2842 99 35 vos
897 2823 206 53 actions
1146 2821 223 53 limitées
1411 2840 98 47 par
1552 2834 154 39 votre
1748 2818 260 59 faiblesse,
2055 2832 51 40 et
2152 2835 122 37 avec
2318 2834 76 35 un

323 2912 162 66 esprit
520 2912 157 65 large,
717 2911 285 65 dépourvu
1039 2909 62 52 de
1136 2907 316 54 l'obsession
1489 2907 61 52 de
1585 2907 50 51 la
1672 2903 379 69 personnalité,
2091 2916 299 45 consentez,

322 3019 63 33 en
412 3011 321 40 conservant
762 2997 233 52 chacune
1023 2996 50 52 la
1101 2995 121 52 voie
1251 2996 61 51 de
1343 3006 153 41 votre
1523 2992 136 59 élan,
1691 2994 28 50 à
1749 2991 179 53 réunir
1956 2991 439 52 mensuellement

322 3086 71 52 les
422 3085 321 53 manuscrits
771 3084 62 53 de
861 3102 99 34 vos
992 3081 299 54 rédactions
1322 3079 309 66 respectives
1660 3098 64 34 en
1755 3096 75 35 un
1861 3077 170 54 même
2060 3075 332 68 périodique,

324 3190 141 47 pour
501 3189 103 48 que
639 3171 51 51 la
728 3188 156 34 revue
921 3169 92 52 née
1049 3169 63 52 de
1146 3187 52 33 ce
1236 3179 138 53 geste
1411 3165 280 53 nécessaire
1728 3165 105 52 soit
1871 3163 220 53 robuste
2130 3178 51 38 et
2216 3164 178 65 puisse

324 3272 182 52 porter
534 3276 89 34 sur
649 3276 75 34 ses
751 3257 212 66 épaules
988 3254 218 65 élargies
1232 3254 52 52 la
1311 3253 176 53 châsse
1514 3253 62 52 de
1604 3264 179 41 toutes
1811 3251 71 52 les
1909 3249 136 54 idées
2074 3248 318 57 esséminées,

325 3359 49 38 et
407 3345 191 64 qu'elle
630 3344 106 52 soit
767 3344 135 51 ainsi
935 3343 46 52 le
1013 3342 142 52 reflet
1188 3340 202 65 unique
1421 3353 50 38 et
1503 3339 236 65 complet
1772 3338 62 53 de
1867 3335 349 68 l'expression
2252 3335 143 52 vraie
