4064 3858
413 126 277 40 POESIA

1205 357 726 145 ALLA
2164 365 808 147 MAGA

857 691 299 65 SOGNO
1203 695 361 66 SINCERO

548 828 116 49 Una
701 848 122 45 gran
864 850 124 32 nave
1025 837 158 47 carica
1219 840 47 46 di
1305 849 121 38 tutte
1465 840 43 48 le
1545 842 251 58 ricchezze,
1839 846 46 47 io
1931 863 52 30 co-

404 900 244 47 mandavo
686 901 218 49 dall'alto
943 906 125 48 della
1104 925 164 46 poppa
1284 928 10 30 :
1335 928 97 30 una
1471 928 124 31 nave
1632 915 128 46 assai
1797 915 96 47 ben
1931 934 52 29 co-

403 980 180 36 strutta
621 988 27 30 e
686 973 179 62 meglio
903 988 187 37 armata
1106 996 11 29 :
1156 996 79 29 ma
1273 981 87 47 che
1397 991 165 39 strano
1588 985 299 64 equipaggio
1926 1004 83 30 era

403 1039 29 46 il
471 1041 98 47 mio
587 1041 8 47 !

544 1110 142 47 Sotto
725 1112 30 47 il
793 1115 261 49 trinchetto
1092 1118 181 47 sedeva
1311 1121 30 45 il
1395 1122 226 56 Destino,
1680 1126 152 61 pilota
1889 1127 92 47 taci-

402 1189 146 38 turno
564 1197 10 32 :
614 1184 254 61 guardava
906 1185 214 59 lontano,
1161 1189 147 47 dritto
1346 1190 45 47 al
1432 1192 299 61 bombresso,
1771 1196 123 48 oltre
1919 1196 64 49 l'o-

400 1250 207 48 rizzonte
664 1253 196 48 deserto
878 1269 10 31 .*
946 1273 79 30 ma
1081 1258 75 47 nel
1203 1260 149 47 fondo
1390 1262 124 48 delle
1551 1279 88 32 sue
1675 1265 183 64 pupille
1895 1284 81 45 pro-

399 1320 147 47 fonde
584 1339 27 29 e
652 1323 249 58 immobili,
941 1344 276 45 passavano
1255 1333 239 45 correndo
1532 1335 142 47 turbe
1700 1338 46 45 di
1780 1338 226 47 fantasmi

398 1392 311 50 sconosciuti,
751 1395 81 47 Da
870 1408 250 38 nostromo
1170 1403 62 44 mi
1291 1403 162 45 faceva
1490 1403 46 47 la
1575 1405 169 50 Pazzia
1762 1425 9 28 :
1813 1425 66 30 un
1919 1425 56 31 no-

396 1471 187 38 stromo
621 1480 179 44 capace
838 1483 79 30 ma
954 1469 201 62 spinoso
1192 1488 26 29 e
1255 1474 48 44 di
1343 1472 155 61 poche
1541 1476 181 60 parole.
1783 1479 108 47 Con
1937 1496 65 30 un

398 1532 165 47 fischio
601 1536 302 62 raccoglieva
940 1547 125 38 tutta
1101 1538 47 49 la
1186 1542 185 47 ciurma
1412 1543 77 47 dei
1546 1545 228 49 Desideri
1813 1566 26 30 e
1876 1549 126 48 delle

396 1602 221 48 Passioni
656 1622 26 29 e
720 1607 158 60 primo
916 1608 44 46 al
997 1612 255 62 travaglio,
1292 1613 344 51 cantilenando
1663 1618 95 47 alla
1783 1621 220 47 maniera

395 1672 74 47 de'
527 1673 203 64 galeotti
786 1677 47 46 di
889 1678 226 59 Turchia,
1174 1683 157 46 issava
1369 1701 27 29 e
1434 1686 225 48 mainava
1701 1691 217 46 secondo
1955 1691 47 47 la

394 1743 96 47 mia
529 1761 132 33 voce.
710 1745 64 46 Al
830 1747 184 48 timone
1067 1752 41 44 ci
1157 1762 137 38 stava
1349 1754 46 47 la
1435 1756 191 55 Morte;
1666 1757 46 48 la
1749 1776 88 30 sua
1873 1771 125 37 testa

391 1813 215 49 lucicava
644 1815 45 47 al
727 1818 103 46 sole
868 1836 137 31 come
1043 1838 98 31 una
1178 1823 174 61 cupola
1378 1838 327 38 maomettana
1725 1846 10 30 :
1774 1847 80 30 ma
1891 1848 108 31 essa

395 1900 95 30 non
548 1895 191 37 temeva
777 1888 13 44 i
840 1890 217 62 capogiri
1100 1908 27 29 e
1167 1893 124 47 nella
1329 1912 90 29 sua
1463 1897 155 48 ferrea
1666 1917 143 44 presa
1857 1903 117 46 scric-

391 1954 286 48 chiolavano
717 1958 10 44 i
767 1959 226 47 manubri
1031 1961 127 47 della
1194 1980 122 46 gran
1357 1977 105 35 rota
1500 1968 267 50 borchiata.

532 2026 130 60 Cosi,
703 2044 92 30 con
850 2041 175 50 questo
1082 2032 215 49 favoloso
1354 2038 311 63 equipaggio,
1713 2041 64 47 mi
1816 2059 181 45 pareva

389 2096 32 44 d
441 2111 116 31 aver
593 2097 292 64 girovagato
924 2118 87 44 per
1049 2101 31 47 il
1118 2105 183 47 mondo
1338 2116 125 37 tutta
1500 2107 46 47 la
1588 2110 96 47 mia
1722 2111 148 47 breve
1893 2112 78 63 gio-

386 2166 209 48 vinezza.

530 2237 85 46 Ma
653 2253 131 45 ecco,
840 2238 73 47 sul
968 2238 83 65 più
1108 2241 127 48 bello
1273 2243 79 47 del
1401 2245 98 47 mio
1536 2247 213 64 viaggio,
1788 2250 101 49 sale
1932 2252 63 47 da

386 2316 215 50 ponente
638 2323 63 29 un
743 2309 178 47 nembo
959 2312 292 47 minaccioso
1288 2331 28 29 e
1365 2312 247 52 m'abbuia
1661 2319 30 45 il
1735 2319 117 51 sole.
1907 2322 86 47 Sul

386 2375 122 47 cielo
548 2393 119 31 nero
705 2377 29 45 il
774 2396 134 30 mare
959 2397 89 46 par
1084 2382 48 45 di
1169 2382 132 58 latte,
1341 2401 27 30 e
1406 2385 62 47 da
1517 2385 137 67 lungi
1703 2406 207 33 corrono
1947 2392 46 48 le

385 2448 158 61 prime
578 2446 229 53 schiume.

525 2546 67 5 —
631 2518 19 45 I
690 2518 194 48 fiocchi!
941 2520 68 64 gli
1065 2521 195 64 stragli!
1312 2525 13 45 i
1363 2528 430 51 contravelacci!...
1833 2533 157 61 gridai

383 2587 161 46 subito
583 2589 45 45 io
667 2587 216 50 dall'alto
921 2590 77 47 del
1035 2608 205 34 cassero.
1283 2595 42 46 E
1363 2595 44 47 le
1444 2596 107 49 vele
1580 2599 212 49 caddero
1829 2618 29 30 a
1893 2620 97 31 una

383 2674 29 29 a
450 2674 110 38 una,
603 2669 188 37 mentre
828 2660 46 47 la
912 2661 182 47 ciurma
1131 2664 248 48 scimiesca
1416 2667 151 49 saliva
1604 2685 27 31 e
1680 2671 305 59 discendeva,

383 2728 350 61 rapidamente,
772 2746 88 46 per
897 2730 29 47 il
964 2733 239 50 sartiame.

525 2798 35 47 Il
598 2800 158 62 primo
794 2801 140 62 colpo
973 2802 48 47 di
1061 2820 132 32 mare
1230 2805 196 62 piomba
1463 2807 122 48 sulla
1838 2830 62 30 va
1924 2815 64 47 da

381 2885 122 44 prua
540 2886 29 30 a
606 2886 164 46 poppa
808 2888 91 31 con
939 2872 45 47 la
1023 2873 119 47 furia
1180 2876 116 45 d'un
1334 2887 219 38 torrente
1597 2881 226 62 alpestre,
1868 2901 27 31 e
1932 2902 55 30 se

381 2937 160 49 n'esce
578 2939 277 50 sfondando
893 2939 185 66 l'opera
1117 2956 172 37 morta.

520 3040 63 8 —
626 3010 37 47 Il
700 3013 288 48 trinchetto!
1028 3014 47 47 la
1111 3017 177 47 randa!
1330 3019 11 46 i
1378 3019 205 48 velacci!
1623 3020 46 50 la
1696 3033 208 38 maestra
1920 3024 61 51 !...

380 3079 188 65 Poggia
607 3083 332 49 timoniere!...
978 3085 183 62 gridai:
1202 3104 26 30 e
1263 3088 67 62 gli
1367 3089 152 48 alberi
1557 3092 40 45 si
1636 3093 269 51 nudarono.
1940 3095 43 47 E

379 3150 39 47 si
457 3151 186 63 poggiò
681 3169 28 31 a
747 3153 210 49 levante.

520 3220 86 48 Ma
644 3221 29 47 il
710 3234 147 37 vento
897 3225 236 47 infuriava
1170 3236 154 49 tanto,
1364 3245 28 31 e
1432 3229 29 45 il
1501 3231 178 49 nembo
1705 3249 180 33 ancora
1909 3252 48 31 sa-

376 3290 109 57 liva,
527 3309 26 29 e
592 3292 29 46 il
661 3310 133 31 mare
850 3296 300 64 travagliava
1199 3297 46 47 la
1301 3315 124 32 nave
1482 3302 45 46 in
1571 3301 41 47 si
1651 3304 127 48 malo
1816 3308 162 60 modo,

376 3361 88 47 che
502 3377 95 32 non
635 3363 98 47 vidi
770 3363 124 50 altra
930 3366 79 47 via
1047 3367 48 46 di
1122 3367 172 59 salute,
1321 3385 52 32 se
1401 3386 97 32 non
1523 3389 192 32 correre
1740 3375 48 47 in
1815 3394 164 46 poppa

2152 725 93 32 con
2282 710 47 47 la
2364 711 138 50 bassa
2537 715 169 64 gabbia
2743 718 126 49 dove
2907 720 30 47 il
2975 732 150 38 vento
3162 739 28 32 e
3228 723 31 48 il
3303 742 136 32 mare
3488 727 246 52 volessero
3753 751 7 29 :

2151 795 28 32 e
2215 791 259 53 aspettare,

2295 852 42 46 E
2373 856 312 59 aspettando,
2725 875 271 45 passarono
3021 861 46 47 le
3087 879 85 31 ore
3198 864 354 51 terribilmente
3577 868 181 52 lente...

2150 937 28 31 e
2215 939 158 32 venne
2410 925 47 47 la
2495 936 140 38 notte
2653 945 9 29 :
2702 945 101 32 una
2839 943 136 36 notte
3013 934 47 45 di
3097 946 243 50 spavento
3358 935 8 48 !
3408 937 96 47 Per
3534 937 46 49 le
3617 957 143 47 crepe

2151 991 78 47 del
2286 995 194 56 nembo,
2538 1014 206 44 serpeva
2799 1001 32 46 il
2890 1002 212 51 fulmine.
3163 1005 37 46 Il
3251 1023 150 39 mare,
3443 1007 47 47 la
3532 1026 137 46 prua,
3714 1011 46 48 la

2150 1061 126 48 cima
2314 1064 130 63 degli
2480 1066 152 48 alberi
2651 1086 11 38 ;
2701 1078 128 40 tutto
2869 1073 76 46 nel
2983 1073 118 49 buio
3115 1078 10 45 !
3170 1076 69 47 Le
3283 1076 198 49 raffiche
3527 1080 233 49 urlavano

2150 1134 239 46 morendo
2427 1146 73 37 tra
2537 1134 45 50 le
2618 1138 214 52 sartie....

2292 1203 144 48 Dove
2474 1208 359 52 andavamo?...

2291 1273 129 48 Ecco
2457 1293 87 31 ora
2582 1294 64 31 un
2702 1296 195 31 romore
2947 1287 243 47 nuovo!...
3231 1302 97 30 non
3366 1284 73 50 c'è
3483 1288 209 50 dubbio:
3730 1291 26 48 è

2149 1343 30 45 il
2218 1360 134 31 mare
2387 1345 88 47 che
2512 1349 40 44 ci
2592 1349 170 63 frange
2800 1363 170 37 contro
2997 1355 204 61 qualche
3227 1357 105 62 ripa
3360 1374 28 31 a
3413 1359 152 62 picco.
3600 1360 155 50 Tutto

2147 1412 202 64 dunque
2386 1415 28 47 è
2451 1416 245 54 finito?!...

2286 1485 82 47 Ah
2385 1490 9 44 !
2423 1504 52 30 se
2512 1490 156 46 avessi
2705 1501 176 51 saputo
2919 1494 157 61 prima
3112 1496 246 61 guardare
3394 1498 177 49 dentro
3596 1499 46 48 le
3673 1510 81 40 tue

2146 1553 196 64 pupille,
2385 1574 29 29 o
2452 1559 98 47 mio
2588 1560 297 62 impassibile
2922 1564 166 61 piloto,
3132 1567 43 45 io
3213 1578 133 36 certo
3391 1570 132 46 avrei
3571 1571 180 48 veduta

2143 1623 47 47 la
2229 1635 83 38 tua
2352 1626 273 60 fantasima,
2648 1646 29 31 o
2718 1631 151 63 Maga
2907 1640 305 54 portentosa!
3242 1654 239 32 avanzare
3515 1639 152 66 lungo
3704 1642 46 49 la

2143 1705 161 36 cresta
2340 1697 237 62 tagliente
2602 1716 27 30 e
2654 1716 226 32 corrusca
2912 1703 127 49 della
3077 1715 82 37 tua
3198 1707 261 64 scogliera:
3487 1710 103 47 cosi
3615 1727 138 33 come

2142 1766 81 59 poi
2260 1767 65 44 ho
2363 1768 182 47 veduto
2582 1768 47 48 la
2664 1780 84 36 tua
2785 1771 127 48 bella
2947 1791 214 44 persona
3198 1778 166 47 venire
3391 1788 76 38 tra
3490 1780 68 63 gli
3584 1783 165 63 scoppi

2142 1832 75 49 de'
2246 1834 202 59 fulmini,
2490 1856 93 30 con
2625 1857 145 44 passo
2806 1853 133 36 certo
2975 1861 144 32 verso
3146 1846 45 47 la
3218 1848 95 47 mia
3339 1849 406 63 disperazione!...

2141 1907 201 58 quando
2378 1908 83 62 già
2498 1908 46 47 la
2582 1910 176 63 chiglia
2795 1913 77 46 del
2912 1914 99 47 mio
3039 1932 185 44 povero
3250 1917 147 64 legno
3422 1920 225 50 sbatteva
3673 1923 73 47 sul

2142 1974 149 48 fondo
2329 1976 143 50 basso
2508 1980 63 46 ad
2608 1983 116 59 ogni
2761 1983 218 63 sfuggire
3017 1985 184 49 furioso
3238 1987 262 53 dell'onde.

2386 2050 184 47 Iattura
2588 2050 6 47 !
2639 2053 202 50 Iattura!
2881 2055 64 46 mi
2969 2056 270 63 gridavano
3279 2061 11 45 i
3328 2061 207 47 marinai
3574 2064 143 63 impaz-

2138 2115 77 47 ziti
2254 2116 128 48 dallo
2419 2130 252 51 spavento.
2710 2122 43 47 E
2792 2122 30 47 il
2861 2135 268 48 nostromo,
3170 2127 82 63 più
3293 2129 126 48 forte
3443 2131 48 47 di
3516 2131 107 49 loro
3648 2134 71 63 gri-

2138 2186 127 48 dava
2279 2204 11 29 :
2331 2188 47 49 O
2417 2190 177 48 iattura
2632 2207 30 31 o
2700 2204 156 37 morte
2872 2194 9 47 !

2277 2288 67 5 —
2382 2260 43 47 E
2452 2262 72 46 sia
2541 2262 8 47 !
2588 2262 156 62 gridai
2770 2263 144 50 alfine
2951 2294 65 6 —
3039 2266 294 63 Spalancate
3360 2271 29 47 il
3417 2271 295 65 boccaporto
3730 2293 7 38 ;

2137 2338 349 38 manomettete
2523 2341 125 38 tutte
2668 2332 44 47 le
2738 2334 95 46 mie
2871 2334 249 50 ricchezze.
3162 2338 156 49 Forza
3336 2342 61 48 !...
3438 2343 156 61 prima
3631 2346 110 61 quei

2136 2399 160 45 sacchi
2335 2399 32 46 d
2386 2416 88 32 oro
2491 2402 9 47 !
2542 2402 42 47 E
2640 2412 126 39 tutto
2804 2421 86 30 oro
2914 2417 224 52 sognato,
3170 2426 80 30 ma
3270 2427 93 46 pur
3382 2430 131 44 pesa.
3537 2415 199 50 Avanti!

2136 2477 154 38 traete
2316 2486 85 30 ora
2427 2470 160 63 quelle
2611 2474 176 60 grandi
2814 2474 156 64 figure
2997 2478 204 61 scolpite
3241 2481 77 47 nel
3359 2498 188 32 marmo
3563 2502 9 29 :
3613 2502 124 31 sono

2133 2535 45 48 le
2217 2539 163 47 donne
2417 2540 87 47 che
2541 2542 62 46 ho
2640 2554 165 37 amato
2843 2544 126 48 nella
3006 2548 173 48 vita...:
3220 2549 45 47 al
3316 2552 174 63 bordo,
3542 2554 132 51 lesti!
3713 2573 27 31 e

2132 2608 85 62 giù
2258 2609 79 47 nel
2376 2611 156 49 mare!

2273 2679 206 62 Adesso,
2508 2681 197 48 lasciate
2742 2684 87 47 che
2866 2685 47 47 lo
2950 2689 189 60 prenda
3176 2690 69 53 io,
3288 2691 114 63 quel
3427 2694 243 63 groviglio
3690 2698 47 47 di

2131 2750 216 59 serpenti
2386 2751 281 48 insonnoliti
2686 2755 9 47 !
2734 2771 122 31 sono
2894 2757 111 46 tutti
3045 2759 13 45 i
3096 2760 110 46 miei
3247 2764 202 58 peccati,
3488 2764 32 47 li
3546 2764 64 48 ho
3650 2784 56 29 nu-

2130 2818 97 46 triti
2265 2821 73 46 col
2378 2822 97 47 mio
2512 2839 190 47 sangue
2738 2841 28 31 e
2790 2826 165 62 voglio
2993 2829 273 49 sacrificarli
3293 2849 91 30 con
3411 2834 43 47 le
3481 2835 95 48 mie
3603 2837 129 47 mani

2128 2888 97 48 alla
2262 2891 96 45 mia
2396 2892 136 47 dolce
2571 2892 190 51 Sirena.

2269 2962 206 51 Avanti!
2514 2980 85 30 ora
2638 2967 260 60 portatemi
2937 2967 123 48 fuori
3101 2981 123 37 tutte
3262 2972 45 47 le
3345 2975 95 47 mie
3487 2992 113 33 care
3638 2996 63 31 me-

2128 3030 179 47 morie:
2348 3050 136 30 casse
2509 3051 187 47 pregne
2723 3037 49 46 di
2798 3037 304 49 malinconici
3134 3042 154 57 odori,
3322 3046 240 49 custodite
3595 3066 137 30 come

2127 3116 117 31 cose
2282 3104 164 48 sante!
2488 3121 97 30 non
2624 3117 168 51 aperte
2829 3124 89 45 per
2956 3109 173 48 timore
3167 3112 89 47 che
3293 3110 137 51 l'aria
3472 3118 47 46 vi
3570 3128 135 38 conta-

2124 3170 265 52 minasse...
2410 3192 9 28 :
2457 3174 85 63 giù
2582 3175 153 47 anche
2782 3178 80 45 voi
2919 3178 47 47 di
3022 3197 163 46 qua...,
3231 3199 29 31 a
3295 3184 181 48 sfamar
3524 3188 46 47 la
3613 3199 88 37 tem-

2122 3244 216 60 pesta!.,.

2264 3312 116 47 Non
2419 3312 144 50 basta
2616 3316 213 48 ancora?
2874 3317 200 50 Ancora
3116 3321 136 47 batte
3300 3324 46 47 la
3383 3326 258 65 chiglia?...
3685 3330 42 47 E

2122 3381 98 50 sia!
2263 3384 154 48 Mano
2455 3385 92 48 alle
2585 3386 94 48 mie
2715 3391 255 59 speranze!
3010 3392 45 46 ai
3092 3392 113 47 miei
3231 3396 144 62 sogni
3402 3399 48 45 di
3476 3401 246 59 poesia!...

1937 3542 226 37 14
