4064 3858
3343 213 280 40 POESIA

1935 3581 24 39 5

277 350 162 61 piente
474 345 89 48 che
600 349 311 46 ammanniva
948 349 61 46 ed
1048 348 330 47 ammannisce
1415 349 45 47 ai
1504 349 243 47 numerosi
1787 350 101 47 Roi

289 426 265 50 Bombance
580 426 125 50 delle
743 439 164 37 nostre
943 429 183 56 lettere,
1168 429 13 46 i
1218 430 300 47 manicaretti
1574 430 81 62 più
1693 432 190 62 squisiti

277 527 27 32 e
338 508 83 64 più
458 509 386 63 sapientemente
879 510 291 49 didascalici.

1074 721 26 28 *

1046 759 26 28 *
1100 759 27 28 *

414 882 112 64 Egli
563 885 239 61 potrebbe
839 885 102 47 dire
977 901 138 31 come
1154 882 365 51 Sainte-Beuve
1536 904 10 28 :
1597 901 32 40 «

280 981 96 32 mes
543 983 230 37 reserves,
1060 964 50 64 f
1127 967 301 47 aieu
1559 965 35 48 V
1609 969 63 45 air
1673 985 69 45 pur
1777 985 80 46 rap-

273 1047 328 63 presentando
638 1047 29 46 il
707 1059 167 38 nostro
902 1047 83 64 più
1011 1049 187 63 grande
1235 1049 162 47 critico
1437 1049 195 47 italiano
1650 1067 10 29 :
1698 1049 185 48 l'uomo

273 1138 196 53 passato
503 1127 483 49 cavallerescamente
1021 1147 30 29 a
1088 1139 217 37 traverso
1330 1130 112 46 tutti
1481 1127 15 51 i
1536 1130 183 47 sofismi
1756 1130 127 47 della

273 1210 112 58 vita,
423 1210 134 62 dopo
592 1228 144 30 avere
773 1211 227 47 sfruttato
1037 1211 45 47 la
1119 1211 290 63 spiritualità
1444 1213 244 62 borghese
1719 1214 129 46 demo-

272 1291 174 49 cratica
482 1293 61 45 ed
580 1293 337 54 aristocratica,
949 1309 85 46 per
1071 1293 309 63 foggiarsene
1416 1310 64 30 un
1519 1294 78 46 bel
1635 1294 245 63 ventaglio

273 1374 64 47 od
376 1390 63 31 un
475 1371 131 50 bello
649 1374 174 47 staffile
859 1392 88 44 per
983 1375 13 46 i
1033 1375 225 47 botoletti
1296 1375 199 64 maligni
1551 1376 61 46 ed
1655 1376 122 46 acidi
1832 1378 49 45 di

273 1454 160 65 quella
487 1455 280 62 repubblica
822 1456 414 64 pedanteggiante
1291 1458 87 45 che
1432 1458 39 45 si
1528 1458 181 47 annida
1762 1456 121 49 sulle

272 1538 193 47 vecchie
501 1538 252 63 mitologie
789 1538 78 47 del
908 1539 213 47 Parnaso
1159 1555 26 30 e
1204 1539 49 46 di
1281 1539 213 56 Elicona,
1519 1539 159 48 fedele
1696 1557 29 29 a
1749 1538 131 64 leggi

275 1634 96 32 non
408 1618 83 63 più
529 1618 284 48 accettabili.

413 1700 92 49 Chi
543 1702 63 47 ha
643 1700 192 64 seguito
872 1702 184 45 l'uomo
1094 1718 28 29 a
1159 1710 217 37 traverso
1414 1700 44 49 le
1482 1718 88 31 sue
1608 1702 246 47 manifesta-

272 1783 134 56 zioni,
449 1783 75 47 chi
562 1799 61 31 ne
660 1784 63 46 ha
760 1784 213 46 studiato
994 1782 234 48 l'articolo
1254 1783 225 47 brillante
1515 1801 27 29 e
1580 1783 295 56 multanime,

272 1864 183 62 l'opera
492 1864 47 47 di
578 1874 169 45 teatro,
789 1863 184 63 l'opera
1010 1864 47 46 di
1096 1864 178 61 poesia,
1317 1881 54 29 sa
1409 1864 81 62 già
1514 1864 144 62 quale
1695 1865 185 63 grande

272 1945 212 49 dottrina
522 1945 181 47 nutrita
740 1945 48 46 di
827 1963 64 28 un
917 1945 225 63 pensiero
1169 1945 145 63 vigile
1339 1962 27 30 e
1391 1945 123 47 forte
1551 1947 38 44 si
1636 1947 245 45 nasconda

275 2027 75 48 nel
386 2044 91 31 suo
502 2027 170 63 spirito
709 2044 189 46 sagace.

413 2110 151 63 Dopo
600 2126 115 31 aver
753 2109 230 62 navigato
1020 2108 126 48 nelle
1199 2126 155 44 acque
1408 2109 190 47 torbide
1636 2109 125 47 della
1797 2127 55 44 po-

272 2190 140 56 litica,
454 2192 48 45 in
540 2190 75 47 cui
654 2190 13 46 i
707 2190 162 47 cattivi
908 2190 298 63 demagoghi
1261 2189 271 62 legiferanti
1588 2190 147 47 fanno
1773 2208 81 45 pro-

273 2273 209 48 fessione
517 2273 50 47 di
604 2273 157 47 ottimi
798 2272 277 56 confessori,
1129 2272 110 63 egli,
1298 2283 196 37 tornato
1549 2272 93 48 alla
1679 2273 201 62 ragione

273 2372 121 46 pura
428 2354 112 49 dell'
563 2364 116 46 arte,
720 2354 98 63 può
869 2354 285 47 sbizzarrirsi
1209 2353 329 64 scagliandole
1574 2364 170 37 contro
1781 2353 98 48 lodi

272 2453 29 32 e
336 2437 226 48 anatemi.

412 2519 230 47 Nessuno
696 2518 179 64 meglio
912 2518 49 46 di
999 2517 64 47 lui
1103 2535 61 30 ne
1201 2535 207 30 conosce
1444 2517 45 48 le
1526 2518 167 47 intime
1730 2518 125 47 sensi-

273 2602 135 48 bilità
444 2618 28 32 e
507 2601 46 48 le
590 2599 82 64 più
710 2601 97 47 fine
842 2599 305 64 sottigliezze.

343 2683 90 48 Per
469 2698 163 32 essere
668 2698 65 30 un
770 2681 188 63 grande
995 2681 175 54 critico,
1212 2681 208 63 bisogna
1456 2697 161 31 essere
1654 2697 121 46 pure
1811 2697 65 29 un

273 2767 185 62 grande
493 2765 194 48 artefice
705 2781 9 38 ;
755 2781 114 31 aver
905 2765 198 62 piegato
1140 2763 47 47 la
1230 2765 197 60 propria
1480 2765 164 45 anima
1678 2775 131 37 sotto
1847 2763 30 47 il

273 2847 140 48 soffio
449 2864 175 45 rapace
660 2846 48 47 di
745 2856 125 37 tutte
907 2845 45 48 le
982 2846 155 47 febbri
1164 2845 125 48 della
1316 2846 286 62 impazienza
1642 2847 233 55 creativa;

272 2946 116 32 aver
423 2928 296 65 soggiogato
759 2928 12 46 i
809 2926 165 65 propri
1013 2927 278 48 sentimenti
1329 2937 129 38 sotto
1503 2927 46 48 la
1584 2928 151 47 sferza
1771 2945 81 47 spa-

273 3011 141 49 valda
449 3010 285 49 dell'analisi
771 3010 89 47 che
897 3010 234 47 comincia
1155 3011 65 46 da
1254 3008 53 49 sé
1333 3010 161 56 stessi;
1533 3027 115 31 aver
1683 3011 193 48 battuto

273 3093 111 47 tutti
421 3093 14 47 i
472 3091 205 48 martelli
732 3091 207 47 sintetici
992 3090 79 48 del
1126 3092 198 61 proprio
1377 3091 183 62 spirito,
1618 3109 88 44 per
1742 3092 135 47 farne

273 3176 229 61 sprizzare
538 3172 125 50 delle
700 3171 159 49 faville
896 3172 238 48 luminose
1184 3173 47 46 in
1288 3190 64 29 un
1391 3172 119 48 cielo
1549 3173 241 63 profondo
1827 3173 48 47 di

273 3257 220 47 oscurità.

412 3337 272 49 Domenico
723 3336 145 48 Oliva
905 3336 63 48 ha
1005 3336 119 48 fatto
1161 3346 128 38 tutto
1315 3347 188 53 questo,
1545 3337 255 47 riuscendo
1827 3337 47 46 in

273 3420 159 62 quello
469 3421 88 46 che
593 3436 65 31 un
696 3436 89 31 suo
822 3419 188 63 grande
1046 3419 342 62 predecessore
1429 3420 278 47 ammoniva
1724 3436 9 30 :

2173 370 19 22 «
2220 350 177 47 Versez
2433 350 122 47 dans
2592 349 45 48 la
2674 350 203 64 critique
2914 368 90 30 nos
3041 351 243 56 effusions,
3325 364 137 37 votre
3497 372 99 44 sym-

2024 430 166 62 pathie
2226 440 50 38 et
2311 430 47 47 la
2392 430 111 62 plus
2538 442 111 52 part
2684 431 61 47 de
2785 443 134 37 votre
2956 434 285 55 substance;
3280 434 146 56 louez,
3468 453 161 29 servez

2024 513 62 47 de
2122 522 137 39 votre
2296 513 167 62 parole
2499 513 71 48 les
2623 513 178 48 talents
2856 531 269 40 nouveaux,
3185 515 206 49 d'abord
3427 518 40 46 si
3504 534 94 30 com-

2024 595 178 56 battus,
2232 604 50 38 et
2307 612 61 30 ne
2394 612 303 32 commencez
2721 598 29 46 à
2775 613 122 31 vous
2922 598 169 47 retirer
3115 598 146 47 d'eux
3286 616 97 44 que
3419 599 64 46 du
3518 599 112 62 jour

2025 675 64 47 où
2127 693 95 31 eux
2258 674 184 50 mèmes
2477 693 54 31 se
2566 678 200 47 retirent
2801 678 63 47 de
2889 677 46 48 la
2959 678 157 48 droite
3140 679 121 56 voie,
3292 689 49 37 et
3365 691 265 50 manquent

2025 758 30 47 à
2090 757 130 49 leurs
2255 776 325 45 promesses...
2603 779 20 25 »

2166 839 160 61 Quale
2362 839 195 64 giovine
2612 857 98 30 non
2761 842 62 47 ha
2876 852 159 37 atteso
3088 840 47 50 la
3171 844 165 46 buona
3379 842 167 63 parola
3582 844 48 46 di

2023 932 174 52 questo
2234 939 147 46 mago
2418 923 252 62 profondo,
2712 923 127 48 dalla
2875 924 208 50 serenità
3120 924 394 48 innumerevole?

2165 1004 91 46 Per
2291 1003 48 47 lo
2376 1004 162 47 studio
2592 1004 273 62 complesso
2918 1005 126 49 delle
3097 1008 301 62 stravaganti
3448 1008 182 47 varietà

2024 1102 188 39 umane,
2255 1085 47 47 in
2340 1096 126 38 tutte
2502 1085 45 49 le
2584 1087 380 48 manifestazioni
3006 1087 250 57 bislacche,
3299 1106 29 29 o
3366 1088 264 48 realmente

2022 1166 283 55 verosimili;
2362 1168 315 62 strampalate
2715 1168 47 47 in
2813 1186 96 29 una
2964 1169 138 47 ridda
3157 1179 244 54 grottesca
3438 1171 48 45 di
3524 1188 79 45 pas-

2022 1247 124 47 sioni
2183 1265 30 29 o
2253 1248 44 46 in
2339 1265 64 29 un
2442 1248 209 48 tumulto
2688 1251 278 62 sanguigno
3003 1251 50 47 di
3090 1251 195 55 ferocie;
3335 1262 294 52 stemperate

2023 1329 46 46 in
2093 1346 96 30 una
2215 1328 266 50 mellifluità
2505 1329 262 49 femminile
2791 1332 48 46 di
2865 1348 321 33 evanescenze
3213 1351 29 29 o
3270 1333 44 46 in
3345 1350 96 30 una
3467 1334 161 47 sobria

2023 1411 153 48 ironia
2212 1412 50 47 di
2298 1412 202 47 cinismo
2536 1412 349 57 sentimentale,
2930 1414 273 49 Domenico
3247 1414 145 49 Oliva
3429 1432 97 31 non
3565 1417 63 47 ha

2023 1493 176 64 eguali.

2161 1576 111 63 Egli
2310 1577 62 47 ha
2409 1577 121 48 fatto
2568 1595 198 45 passare
2790 1590 131 37 sotto
2947 1578 30 47 il
3015 1596 89 31 suo
3123 1578 191 50 coltello
3351 1581 275 47 anatomico

2022 1657 49 46 di
2108 1657 132 47 buon
2278 1658 301 47 conoscitore
2616 1660 48 45 di
2702 1660 160 47 anime
2898 1661 49 46 di
2983 1661 114 47 tutti
3123 1661 14 46 i
3173 1662 150 61 prezzi
3361 1679 27 29 e
3425 1662 49 46 di
3511 1663 113 46 tutti

2022 1737 13 46 i
2074 1738 143 63 gusti,
2259 1755 159 30 mezzo
2456 1738 77 49 del
2560 1751 166 37 nostro
2753 1742 182 45 mondo
2955 1742 246 55 moderno,
3233 1743 393 47 anatomizzando

2022 1818 295 50 sottilmente
2354 1820 121 48 sulle
2512 1821 250 48 debolezze
2799 1839 26 30 e
2862 1822 121 47 sulle
3021 1822 268 47 fortitudini
3345 1825 89 47 che
3469 1826 41 46 si
3554 1842 49 30 ar-

2020 1901 301 63 roncigliano
2359 1920 89 29 con
2488 1920 96 30 una
2621 1903 330 63 disperazione
2988 1921 192 45 sempre
3219 1905 111 48 folle
3368 1905 124 48 nelle
3534 1907 70 61 spi-

2022 1982 85 47 rali
2146 1982 229 48 convulse
2411 1983 127 49 della
2575 1996 167 36 nostra
2766 1985 296 48 letteratura.

2159 2066 42 46 E
2237 2082 88 46 per
2361 2076 125 37 tutte
2522 2066 46 48 le
2603 2067 188 47 vittime
2827 2084 30 30 o
2883 2085 86 44 per
3004 2068 112 47 tutti
3144 2068 12 46 i
3195 2070 105 45 suoi
3339 2068 186 49 esaltati
3563 2071 64 47 ha

2020 2156 148 38 avuto
2206 2147 29 46 il
2273 2159 142 50 gesto
2453 2147 162 48 nobile
2651 2165 28 30 e
2715 2148 47 47 la
2800 2150 169 61 parola
3004 2150 233 56 discreta;
3295 2151 63 47 ha
3394 2151 121 50 fatto
3552 2169 48 30 ca-

2022 2223 114 52 dere
2173 2244 30 30 o
2240 2227 154 57 salire,
2436 2230 298 54 sorridendo,
2759 2246 89 31 con
2870 2230 250 62 quell'aria
3139 2231 48 46 di
3208 2241 203 52 paterna
3436 2249 27 30 e
3500 2242 101 37 tran-

2019 2309 150 62 quilla
2204 2310 254 48 bonarietà
2494 2328 90 30 con
2622 2311 46 47 la
2705 2311 143 64 quale
2885 2312 146 47 sfiora
3055 2322 140 47 tutto,
3228 2312 215 49 illumina
3479 2325 141 38 tutto.

2162 2391 83 47 Un
2283 2391 97 47 tale
2415 2392 183 63 spirito,
2640 2392 122 51 deve
2800 2392 268 64 inquietare
3093 2411 98 31 una
3228 2395 116 47 data
3380 2396 246 64 categoria

2019 2471 50 47 di
2107 2474 182 45 uomini
2307 2490 10 31 :
2357 2472 160 64 quella
2554 2474 129 63 degli
2720 2474 192 48 analisti
2949 2491 87 46 per
3060 2476 141 47 forza.

2157 2554 279 49 Analizzare
2472 2573 66 30 un
2577 2556 162 48 critico
2777 2556 126 48 della
2940 2574 89 30 sua
3074 2557 139 58 forza,
3272 2569 268 38 attraverso
3577 2560 49 47 la

2020 2635 268 63 semplicità
2323 2636 127 50 della
2485 2655 89 31 sua
2608 2639 101 48 vita
2744 2639 244 48 letteraria
3026 2639 28 48 è
3091 2641 138 62 quasi
3286 2659 64 29 un
3389 2644 204 46 assurdo
3610 2660 9 30 :

2016 2715 47 48 la
2100 2735 89 31 sua
2225 2735 151 46 opera
2413 2736 96 31 non
2547 2720 40 46 si
2625 2720 185 48 discute
2847 2738 28 30 e
2911 2721 39 47 si
2988 2731 184 39 accetta
3209 2721 142 64 quale
3405 2723 39 55 è,
3486 2740 138 31 come

2018 2797 30 49 il
2088 2799 148 49 frutto
2272 2801 49 47 di
2361 2818 95 30 una
2493 2803 188 62 grande
2706 2803 225 48 sincerità
2954 2820 28 31 e
3018 2805 195 61 probità
3253 2805 228 50 artistica.

2817 3010 27 25 *

2789 3050 26 29 *
2844 3055 30 26 *

2157 3175 54 45 In
2250 3191 97 31 una
2406 3191 108 31 sera
2568 3185 297 52 tempestosa
2918 3176 48 47 di
3004 3175 365 63 glorificazione,
3413 3178 66 47 fui
3516 3196 78 46 pre-

2016 3267 192 37 sentato
2246 3274 30 30 a
2312 3257 273 47 Domenico
2641 3256 145 48 Oliva
2841 3257 76 47 nel
2973 3258 244 49 camerino
3271 3260 48 47 di
3360 3278 64 29 un
3463 3271 157 38 attore

2015 3338 118 64 oggi
2169 3338 263 47 celebrato:
2471 3340 48 45 di
2559 3340 254 47 Ferruccio
2851 3340 305 63 Garavaglia.

2157 3421 337 59 Robespierre,
2537 3430 259 47 autocrate,
2839 3422 193 47 artefice
3068 3424 50 45 di
3178 3424 301 56 rivoluzione,
3521 3443 74 30 car-
