3292 4572
2567 329 75 62 47

907 341 234 56 Eduard
1170 339 292 54 Bernstein
1501 358 22 23 ♦
1566 336 196 56 Völker
1788 354 70 35 zu
1886 336 197 52 Hause

347 560 105 71 die
465 555 107 72 für
597 553 106 73 die
718 551 189 73 Stadt
925 544 307 92 jedesmal
1260 547 106 69 ein
1385 542 292 89 Ereignis
1695 543 167 81 sind,
1891 574 83 40 an
2002 542 150 71 dem
2180 538 120 72 alle
2318 537 173 72 Welt
2507 536 93 73 An-

346 651 110 74 teil
474 652 255 78 nimmt,
757 647 141 71 und
924 645 114 72 das
1058 642 207 73 durch
1283 638 395 88 Aushängen
1696 670 126 42 von
1841 637 289 80 Fahnen,
2147 632 503 86 Veranstaltung

348 781 127 40 von
503 746 346 85 Umzügen
882 772 164 42 usw.
1082 739 265 87 gefeiert
1377 736 184 81 wird,
1595 736 225 71 ziehen
1846 735 163 72 viele
2036 732 382 84 auswärtige
2448 729 200 72 Gäste

348 875 126 42 von
508 840 389 84 Bedeutung
939 867 104 41 an.
1113 831 124 74 Ein
1278 861 113 43 zur
1427 829 142 75 Zeit
1607 833 245 70 meines
1884 829 313 72 Züricher
2230 823 420 74 Aufenthalts

347 970 81 41 zu
473 936 263 86 Anfang
780 933 116 72 der
940 930 327 86 achtziger
1312 928 192 85 Jahre
1548 925 451 88 abgehaltenes
2054 922 376 87 Sängerfest
2474 920 179 71 hatte

346 1054 190 53 unter
550 1031 282 73 anderen
850 1030 126 72 den
1004 1028 251 85 greisen
1279 1023 207 74 Franz
1503 1023 179 71 Liszt
1695 1054 81 40 an
1804 1022 104 71 die
1931 1019 286 73 Gestade
2244 1018 113 73 des
2374 1016 238 72 Zürich-

348 1160 136 42 sees
522 1127 271 88 gelockt.
864 1124 160 71 Und
1058 1121 289 74 bekannt
1382 1124 103 77 ist,
1521 1117 242 74 welche
1800 1116 183 72 Rolle
2017 1113 243 74 Zürich
2294 1116 90 70 im
2422 1112 228 71 Leben

351 1224 282 74 Richard
667 1223 310 86 Wagners
1014 1216 269 90 gespielt
1320 1218 131 71 hat.

449 1320 171 73 Vom
656 1318 250 71 Militär
939 1315 287 88 dagegen
1275 1311 247 74 merkte
1565 1341 154 40 man
1752 1306 244 74 damals
2031 1309 212 84 wenig
2281 1308 66 70 in
2383 1304 265 80 Zürich,

350 1417 137 71 und
517 1446 127 42 was
680 1445 151 42 man
865 1412 212 72 davon
1109 1411 138 80 sah,
1288 1408 367 72 offenbarte
1687 1404 115 73 auf
1837 1404 244 73 Schritt
2112 1404 141 70 und
2285 1402 198 80 Tritt,
2520 1398 132 74 daß

351 1544 151 41 man
545 1513 90 69 im
672 1507 228 74 Lande
941 1507 113 71 des
1090 1505 467 85 Milizsystems
1603 1502 137 71 sich
1781 1499 264 73 befand.
2120 1496 380 76 Außerhalb
2537 1496 113 71 des

350 1607 256 73 aktiven
640 1606 307 71 Dienstes
993 1623 150 64 trug
1188 1602 147 70 kein
1383 1597 282 74 Mensch
1707 1595 336 73 Uniform.
2125 1592 97 74 Im
2266 1592 386 73 Restaurant

355 1699 437 74 Kronenhalle
835 1696 160 74 fand
1030 1696 139 71 sich
1212 1727 81 39 zu
1333 1696 176 70 einer
1547 1691 145 73 Zeit
1738 1690 393 88 regelmäßig
2172 1719 202 56 gegen
2411 1685 242 72 Abend

351 1800 107 69 ein
510 1797 241 71 kleiner
804 1794 191 72 Kreis
1047 1794 230 85 geistig
1326 1788 518 75 hochstehender
1894 1784 589 74 Persönlichkeiten
2538 1813 76 41 zu-

352 1922 313 50 sammen,
717 1921 82 39 an
839 1891 196 71 deren
1075 1887 204 71 Tisch
1319 1886 105 71 ich
1470 1886 310 71 zuweilen
1818 1884 103 70 ein
1929 1882 267 87 geladen
2237 1879 245 74 wurde.
2551 1875 101 74 Zu

352 1988 198 70 ihnen
567 1987 261 86 gehörte
842 2004 191 50 unter
1042 1985 284 69 anderen
1347 1983 101 70 ein
1462 1981 259 71 Dozent
1734 1980 113 71 der
1861 1972 792 91 Kriegswissenschaften,

355 2085 113 70 der
502 2080 290 87 zugleich
828 2077 242 73 Oberst
1103 2077 115 71 der
1251 2076 240 71 Armee
1526 2103 151 44 war.
1754 2073 74 70 In
1865 2076 242 69 seinem
2143 2070 347 71 Auftreten
2525 2068 131 72 ließ

355 2178 115 69 der
497 2176 209 71 Mann
734 2174 181 72 nicht
943 2176 89 69 im
1060 2174 367 85 geringsten
1456 2173 127 69 den
1613 2169 249 72 Militär
1890 2166 490 80 durchblicken,
2413 2195 73 40 so
2509 2164 146 72 sehr

357 2274 134 80 ihn,
519 2302 127 41 was
675 2272 113 69 das
814 2265 265 75 Äußere
1103 2267 270 80 betrifft,
1405 2268 138 70 sein
1575 2265 203 71 hoher
1800 2264 269 81 Wuchs,
2096 2261 141 72 und
2263 2261 230 86 geistig
2519 2261 137 70 sein

358 2366 227 86 großes
620 2367 254 71 Wissen
926 2363 112 72 auf
1082 2363 487 71 militärischem
1618 2359 242 74 Gebiet
1907 2358 96 88 (er
2039 2357 360 73 bekleidete
2443 2369 215 74 später

358 2460 506 94 Generalsrang)
892 2460 165 71 dazu
1084 2457 287 88 befähigt
1399 2457 242 71 hätten.
1679 2456 216 72 Heute
1914 2453 253 73 scheint
2181 2452 117 71 der
2317 2451 305 72 Militaris-

360 2587 141 39 mus
531 2560 64 67 in
624 2556 114 71 der
766 2556 294 71 Schweiz
1089 2554 279 72 stärkere
1396 2551 307 75 Wurzeln
1733 2550 383 87 geschlagen
2142 2581 82 40 zu
2251 2548 236 72 haben.
2520 2548 136 70 Das

360 2648 204 72 kleine
602 2650 187 70 Land
823 2651 118 69 mit
971 2653 210 68 seiner
1216 2646 514 74 friedliebenden
1766 2645 471 85 Bevölkerung,
2284 2645 103 70 die
2425 2642 230 72 keinen

360 2744 443 71 sehnlicheren
835 2744 292 72 Wunsch
1162 2744 130 83 hat,
1326 2744 94 71 als
1453 2775 115 39 aus
1603 2743 127 71 den
1766 2739 458 74 Welthändeln
2258 2739 117 71 der
2410 2738 245 87 großen

361 2837 549 72 Nachbarstaaten
926 2838 494 74 herausbleiben
1438 2869 79 39 zu
1532 2837 258 80 dürfen,
1808 2838 82 69 ist
1903 2866 200 56 gegen
2120 2834 107 71 die
2236 2833 422 86 Ansteckung

361 2933 203 70 durch
607 2936 177 68 seine
821 2935 399 85 Umgebung
1263 2933 179 73 nicht
1482 2933 197 87 völlig
1716 2931 217 87 gefeit.
2012 2929 135 72 Um
2190 2929 138 72 sich
2364 2929 292 86 dagegen

360 3027 258 71 wehren
663 3058 80 39 zu
797 3027 279 84 können,
1129 3027 129 74 daß
1302 3059 65 41 es
1418 3030 66 68 in
1532 3027 127 71 den
1695 3026 185 71 Tanz
1924 3025 513 85 hineingezogen
2473 3023 184 82 wird,

361 3121 126 71 den
516 3123 113 69 der
648 3121 453 73 Militarismus
1123 3124 116 71 der
1258 3121 448 73 Großmächte
1722 3152 83 39 zu
1832 3119 351 73 entfesseln
2210 3119 268 82 behebt,
2507 3119 154 72 zollt

362 3248 64 40 es
463 3216 136 72 ihm
632 3216 331 72 allerhand
988 3218 301 72 Tribute.
1340 3218 189 70 Auch
1566 3220 144 69 eine
1739 3216 395 72 Illustration
2171 3247 152 41 zum
2351 3215 272 73 Dichter-

362 3331 181 62 wort,
562 3309 127 74 daß
706 3312 117 71 der
840 3313 364 71 Frömmste
1225 3313 179 71 nicht
1419 3316 89 68 im
1524 3310 278 73 Frieden
1822 3310 189 73 leben
2031 3310 238 83 könne,
2288 3342 190 41 wenn
2498 3342 163 42 usw.

461 3407 73 70 In
569 3407 127 70 den
723 3407 321 85 achtziger
1071 3408 236 85 Jahren
1343 3407 113 72 des
1484 3410 265 83 vorigen
1777 3407 478 85 Jahrhunderts
2284 3410 204 83 zeigte
2525 3407 137 72 sich

362 3501 211 72 davon
609 3502 169 71 noch
812 3504 228 83 wenig,
1093 3501 141 71 und
1283 3533 72 40 so
1399 3502 124 87 gab
1556 3533 67 42 es
1660 3502 177 73 denn
1871 3502 169 71 auch
2074 3505 70 70 in
2180 3502 117 73 der
2330 3502 296 73 Arbeiter-

362 3596 360 87 bewegung
771 3596 115 73 der
936 3596 295 73 Schweiz
1281 3597 170 72 noch
1504 3597 234 73 keinen
1786 3597 635 74 Antimilitarismus.
2516 3597 147 72 Nur

362 3694 247 84 wenige
642 3691 584 74 Weiterblickende
1277 3693 199 72 sahen
1528 3693 108 72 die
1684 3694 512 72 verräterischen
2230 3694 277 72 Wolken
2558 3726 104 39 am

365 3787 339 73 Horizont.
739 3787 197 73 Einer
955 3820 126 40 von
1109 3789 199 73 ihnen
1335 3818 132 44 war
1494 3789 115 73 der
1635 3791 528 72 schweizerische
2183 3792 299 71 Sozialist
2504 3788 159 74 Karl

364 3882 243 84 Bürkli,
656 3883 114 74 der
814 3883 367 89 überhaupt
1225 3885 297 73 ziemlich
1556 3886 126 72 viel
1716 3918 130 41 von
1898 3887 466 74 militärischen
2399 3887 264 85 Dingen
