3292 4572
826 450 71 57 36

1383 459 227 52 Francis
1638 460 240 66 Jamnies
1910 482 22 20 *
1961 461 113 53 Der
2097 464 377 52 Hasenroman

820 652 240 71 schwer
1107 682 203 42 waren
1345 654 132 70 ihre
1513 654 215 85 Flügel
1763 687 123 41 von
1921 657 240 74 Gefühl
2208 662 134 69 und
2391 661 405 86 Morgentau.
2844 664 185 72 Noch

818 745 301 83 schlugen
1138 746 102 70 die
1258 747 325 70 Wachteln
1603 748 173 70 nicht
1803 752 64 67 in
1893 751 123 70 den
2044 766 240 70 grünen
2312 752 292 74 Halmen.
2638 756 125 70 Die
2780 756 249 72 Meisen

820 838 115 68 mit
953 838 178 68 ihren
1150 838 353 70 schwarzen
1532 840 339 84 Köpfchen
1898 845 333 71 rauschten
2256 849 65 66 in
2347 846 145 70 dem
2521 846 508 85 Feigendickicht

816 930 120 67 wie
972 930 210 67 Kiesel
1217 931 64 66 in
1315 930 112 69 der
1460 930 367 88 Strömung.
1877 934 119 71 Ein
2031 935 427 85 Grünspecht,
2493 939 267 70 beinahe
2786 943 116 67 wie
2928 944 100 67 ein

817 1020 269 69 Büschel
1122 1020 160 70 Gras
1316 1052 125 39 von
1475 1023 659 83 goldschimmernden
2184 1030 269 78 Wiesen,
2505 1033 137 67 eine
2694 1032 336 72 Kleeblüte

817 1112 111 67 auf
958 1112 145 69 dem
1138 1113 197 82 Kopf,
1386 1117 202 69 zerriß
1636 1119 116 67 mit
1800 1122 238 67 seinem
2088 1120 215 72 Schrei
2355 1122 102 70 die
2505 1122 522 73 Himmelsbläue.

818 1204 190 69 Dann
1043 1206 262 69 richtete
1328 1233 67 44 er
1419 1211 216 68 seinen
1663 1209 159 85 Flug
1846 1212 109 70 auf
1978 1213 103 70 die
2104 1213 188 81 alten,
2319 1214 319 72 blendend
2665 1216 361 72 blühenden

814 1294 442 84 Apfelbäume.

908 1388 124 69 Die
1066 1388 131 70 drei
1232 1390 276 83 Sperber
1538 1393 135 69 und
1706 1393 102 70 die
1841 1395 156 70 Eule
2029 1397 227 83 gingen
2290 1400 101 67 ein
2425 1400 66 67 in
2525 1399 170 69 diese
2727 1401 257 71 Blumen-

816 1480 263 79 weiden,
1113 1482 136 68 und
1283 1484 174 69 nicht
1490 1487 100 68 ein
1626 1486 452 81 Rotkehlchen,
2115 1490 173 69 nicht
2322 1493 100 67 ein
2458 1491 358 80 Distelfink,
2853 1495 173 69 nicht

816 1574 100 66 ein
967 1571 301 87 Hänfling
1315 1575 369 71 erschraken
1734 1606 110 43 vor
1893 1580 214 70 ihnen.
2172 1580 126 70 Die
2346 1581 362 86 Raubvögel
2758 1585 266 71 hockten

814 1664 134 69 sich
1005 1665 215 70 nieder
1276 1668 96 67 ins
1430 1667 216 82 Geäst,
1711 1672 66 67 in
1842 1672 423 71 anmaßender
2327 1674 135 70 und
2518 1675 509 87 schwermütiger

814 1754 303 85 Haltung,
1151 1757 133 68 und
1317 1758 110 70 das
1460 1759 183 84 Auge
1674 1790 111 42 zur
1818 1762 216 71 Sonne
2065 1764 277 84 gekehrt,
2399 1766 301 85 schlugen
2733 1771 89 67 sie
2855 1769 168 70 dann

812 1847 135 68 und
978 1877 182 41 wann
1195 1851 114 70 mit
1342 1851 179 71 ihren
1547 1853 540 87 Stahlschwingen
2114 1886 194 55 gegen
2335 1857 123 71 den
2483 1858 367 85 scheckigen
2881 1861 143 71 Kiel

812 1940 166 69 ihrer
1010 1941 208 71 Brust.

907 2034 125 68 Die
1063 2032 157 71 Eule
1250 2035 149 70 aber
1432 2037 219 70 suchte
1683 2037 123 71 den
1841 2039 490 86 Schattenhügel
2363 2042 128 79 auf,
2539 2074 111 38 um
2684 2045 301 85 zurückge-

814 2153 195 55 zogen
1043 2126 65 69 in
1142 2154 170 42 einer
1345 2128 324 85 Höhlung,
1702 2130 136 70 und
1871 2131 323 71 zufrieden
2229 2136 115 68 mit
2375 2135 201 70 ihrem
2609 2136 255 70 Dunkel
2890 2139 133 69 und

813 2215 167 70 ihrer
1013 2216 303 82 Einsicht,
1352 2219 103 71 die
1488 2220 354 87 Nachtigall
1876 2223 217 85 klagen
2128 2255 77 39 zu
2239 2225 216 71 hören.

1904 2368 37 38 *

903 2491 187 72 Doch
1108 2492 103 70 die
1229 2492 360 74 köstlichste
1604 2495 295 73 Zuflucht
1926 2498 212 71 hatten
2165 2500 133 68 sich
2323 2500 103 69 die
2450 2500 266 73 Tauben
2744 2505 275 71 erwählt.

811 2581 106 70 Sie
941 2582 192 70 saßen
1166 2585 112 70 auf
1307 2589 314 82 würzigen
1655 2582 358 78 ölbäumen
2046 2592 91 68 im
2167 2591 437 72 Abendwehn.
2664 2595 69 70 In
2783 2596 236 71 diesem

809 2672 239 73 Garten
1084 2676 209 71 lebten
1326 2681 191 82 junge
1550 2680 341 81 Mädchen,
1927 2684 103 68 die
2062 2713 146 39 man
2242 2714 211 54 wegen
2488 2686 168 70 ihrer
2686 2690 333 70 tierhaften

806 2765 243 71 Anmut
1098 2769 382 84 eingelassen
1531 2771 190 82 hatte,
1770 2773 118 71 alle
1919 2774 103 70 die
2054 2777 231 81 jungen
2328 2777 341 82 Mädchen,
2719 2780 301 71 seufzend

807 2859 134 67 und
975 2862 116 68 wie
1122 2860 607 85 Jelänger-Jelieber,
1780 2865 118 72 alle
1928 2867 103 70 die
2078 2869 233 83 jungen
2360 2868 343 82 Mädchen,
2754 2873 103 69 die
2904 2877 115 67 mit

808 2950 122 69 den
995 2952 505 84 empfindsamen
1565 2956 268 71 Tauben
1898 2958 425 81 schmachten,
2389 2991 123 41 von
2570 2962 122 71 den
2749 2964 268 72 Tauben

807 3042 335 72 Venetiens
1176 3076 101 50 an,
1312 3047 103 70 die
1448 3048 123 70 den
1606 3050 468 85 gelangweilten
2110 3053 395 83 Dogaressen
2539 3053 332 84 fächelten,
2923 3060 94 67 bis

808 3164 78 39 zu
920 3135 122 69 den
1076 3136 268 72 Tauben
1377 3138 447 83 Westindiens,
1883 3145 114 67 mit
2031 3144 146 69 dem
2211 3145 374 73 neckischen
2619 3147 201 70 Feuer
2852 3150 166 68 ihrer

811 3254 302 56 orangen-
1173 3231 136 67 und
1364 3232 491 72 tabakfarbenen
1905 3234 784 85 Fischermnenschnäbel;
2750 3241 118 69 alle
2916 3243 101 68 die

808 3318 267 69 Tauben
1124 3320 111 70 der
1282 3323 277 71 Träume
1606 3325 134 70 und
1787 3325 120 71 alle
1954 3328 103 70 die
2102 3330 414 71 träumenden
2566 3331 300 70 Tauben:
2915 3334 102 70 die

808 3409 243 80 Taube,
1096 3412 102 69 die
1239 3414 277 72 Beatrice
1547 3417 110 69 auf
1658 3448 134 54 zog,
1839 3419 135 69 und
2007 3420 112 69 der
2152 3422 211 70 Dante
2396 3425 100 68 ein
2533 3422 180 70 Korn
2747 3425 266 79 reichte;

804 3502 136 68 und
972 3504 160 81 jene,
1169 3504 101 71 die
1302 3508 65 67 in
1403 3508 109 70 der
1545 3508 209 74 Nacht
1791 3541 125 39 von
1942 3512 112 70 der
2079 3514 437 70 enttäuschten
2542 3514 311 82 Quitteria
2880 3546 100 42 ver-

806 3624 299 40 nommen
1154 3598 203 79 ward;
1406 3601 134 68 und
1587 3603 160 82 jene,
1797 3603 103 70 die
1947 3605 487 71 aufschluchzen
2483 3607 220 70 mußte
2750 3608 109 69 auf
2905 3610 110 69 der

804 3686 294 70 Schulter
1124 3687 374 85 Virginiens,
1547 3693 88 70 als
1669 3696 90 67 sie
1791 3696 88 67 im
1914 3696 394 72 nächtlichen
2342 3697 209 82 Quell,
2601 3701 88 69 im
2716 3701 297 70 Schatten

803 3779 112 69 der
941 3779 444 85 Kokospalme,
1413 3786 336 83 vergebens
1768 3787 134 72 ihre
1928 3789 361 85 Liebesglut
2308 3822 76 37 zu
2403 3791 230 70 kühlen
2652 3794 360 80 versuchte;

802 3871 134 69 und
971 3873 162 69 noch
1168 3874 102 70 die
1311 3874 241 82 Taube,
1604 3878 110 71 der
1763 3879 103 71 die
1914 3880 571 86 Siebzehnjährige,
2537 3884 303 71 bedrückt
2890 3918 122 38 von
