3379 4572
1466 433 152 50 Peier
1644 429 181 51 Baum
1858 445 20 21 *
1912 424 120 52 Aus
2059 422 186 52 seinen
2278 417 223 53 Werken

856 437 74 60 82

860 642 342 71 Phantasie
1246 636 241 72 weiche
1519 630 384 77 Tonmasse,
1952 628 68 69 in
2067 623 106 73 die
2221 624 91 69 sie
2361 619 128 72 den
2522 611 347 76 Ausdruck
2902 622 203 74 prägt,

862 735 130 74 den
1025 738 92 69 sie
1150 730 193 74 will.“
2545 802 33 12 „
2723 800 35 14 Ä
2921 796 65 18 TT

959 830 102 70 Da
1094 826 169 72 steht
1305 852 69 40 er
1408 824 89 67 im
1524 819 284 70 Zimmer
1843 816 210 69 seiner
2083 810 187 72 Frau.
2306 806 85 71 Er
2417 802 188 80 weiß,
2634 800 128 73 daß
2787 800 106 70 die
2921 795 188 72 Halle

866 953 114 42 vor
1012 923 149 70 dem
1194 917 218 71 Hause
1446 912 336 72 erloschen
1817 912 104 68 ist.
1978 906 130 73 Die
2145 903 286 72 Flamme
2464 898 179 72 bläht
2677 895 138 71 sich
2847 894 122 68 wie
3003 892 107 69 ein

867 1012 457 75 unförmliches
1359 1007 180 71 Tier.
1596 1003 85 72 Es
1716 1021 176 53 tanzt
1926 999 163 73 über
2123 999 114 70 der
2273 995 234 71 Kerze.
2667 986 160 72 Nun
2864 986 146 70 hört
3043 1011 68 43 er

866 1108 286 74 deutlich
1186 1102 319 72 Gertruds
1542 1099 298 72 Stimme.
2770 1177 12 13 .

965 1200 248 82 ~Nein!
1248 1195 62 72 0
1346 1199 184 68 nein!
1564 1190 304 75 Schließe
1902 1190 107 69 die
2042 1186 170 70 Tür!
2249 1182 85 72 Er
2368 1181 170 71 kann
2571 1207 121 41 wie
2728 1205 144 42 eine
2909 1174 205 68 Katze

870 1295 387 78 schleichen,
1308 1320 190 41 wenn
1549 1318 69 42 er
1665 1285 152 72 will.
1883 1282 125 71 Ein
2056 1279 364 72 tückischer
2469 1272 200 85 Tiger
2720 1273 83 68 ist
2852 1294 67 44 er
2969 1266 146 70 dort

871 1388 292 75 draußen
1199 1383 368 87 geworden.
1633 1378 86 72 Er
1754 1374 250 76 schießt
2038 1404 122 40 uns
2196 1371 190 71 beide
2419 1375 163 62 tot.“

965 1484 136 70 Der
1136 1480 214 72 Mann
1395 1475 168 74 reißt
1608 1474 106 71 die
1750 1472 209 69 Flinte
2003 1500 81 40 an
2118 1468 107 70 die
2260 1461 301 74 Schulter
2592 1458 138 71 und
2765 1456 251 84 springt
3049 1454 69 67 in

873 1580 106 71 die
1025 1574 217 73 Höhe.
1295 1571 145 72 Wie
1487 1573 91 69 sie
1624 1568 138 71 sich
1808 1567 81 68 da
1933 1558 472 85 umschlingen,
2450 1554 217 83 bringt
2701 1578 67 43 er
2803 1550 92 70 sie
2927 1545 193 71 beide

875 1700 113 43 zur
1022 1670 211 70 Ruhe.

969 1764 123 71 Ein
1129 1759 192 75 Knall
1357 1759 139 71 und
1530 1754 163 73 Stoß
1727 1754 114 69 der
1878 1748 234 73 Flinte.
2173 1742 344 89 Kopfüber
2551 1751 203 61 stürzt
2790 1765 67 43 er
2893 1766 67 40 in
2994 1740 126 64 den

879 1859 238 77 Strom,
1154 1858 114 70 der
1303 1854 115 71 ihn
1451 1879 112 42 zur
1595 1845 192 74 Tiefe
1821 1842 389 74 schleudert.

1652 2164 712 82 KAMMERMUSIK

1784 2339 466 63 FRAGMENTE

1002 2570 12 14 .
1079 2569 14 14 .
1157 2568 14 14 .
1237 2510 136 70 Der
1408 2505 278 84 Morgen
1722 2502 143 71 kam
1897 2502 121 68 wie
2052 2499 105 69 ein
2184 2491 287 74 Gaukler
2498 2489 204 72 durch
2730 2488 106 69 die
2862 2484 270 72 Fenster

887 2607 139 72 und
1058 2603 166 74 trieb
1261 2596 526 87 Schattenspiele.
1846 2592 87 73 Er
1966 2592 219 85 glühte
2217 2587 192 72 Wein
2442 2588 67 67 in
2545 2585 105 70 die
2685 2579 250 80 Gläser,
2972 2575 163 73 Glut

889 2706 68 67 in
1003 2702 107 70 die
1155 2693 596 75 Marmorflammen
1798 2690 114 69 der
1945 2683 421 74 Vestahnnen
2410 2677 141 72 und
2596 2679 67 69 in
2710 2676 140 71 ihre
2894 2672 200 72 durch-

890 2797 262 70 äderten
1186 2790 316 84 Wangen.

971 2888 341 85 Verhagen
1360 2883 114 72 saß
1519 2912 90 40 im
1653 2876 245 88 großen
1935 2869 363 77 Lehnstuhl
2344 2869 139 71 und
2530 2867 172 70 hatte
2749 2867 106 68 die
2890 2867 245 78 Mappe

895 3013 125 42 von
1064 2980 321 85 lyrischen
1434 2973 428 87 Fragmenten
1909 2998 113 42 vor
2069 2965 161 72 sich.
2377 2960 85 71 Er
2495 2960 247 70 wachte
2786 2984 158 56 gern
2977 2952 160 72 über

896 3078 130 70 den
1059 3071 222 74 Schlaf
1313 3073 251 69 hinaus.
1630 3067 197 71 Dann
1862 3062 146 72 kam
2042 3062 104 69 die
2182 3055 309 74 verklärte
2523 3051 362 78 Wachheit,
2923 3051 66 69 in
3025 3045 114 73 der

899 3200 148 42 man
1067 3199 125 42 von
1211 3170 113 68 der
1342 3158 462 78 Formtarantel
1825 3157 346 88 gestochen
2185 3153 246 70 wurde.
2457 3149 130 71 Die
2598 3145 202 72 Verse
2820 3171 319 57 sprangen

903 3264 174 71 dann
1122 3265 68 67 in
1237 3261 134 71 ihm
1418 3257 188 79 hoch,
1656 3253 241 84 blutige
1935 3250 357 76 Fontänen,
2342 3243 241 73 ebenso
2627 3241 106 70 die
2766 3237 220 71 Bilder
3030 3261 110 44 vor

904 3354 491 87 geschlossenen
1420 3350 252 85 Augen.
1815 3345 186 71 Nach
2028 3344 230 83 langen
2284 3335 581 76 Nachtmärschen,
2893 3328 110 73 auf
3029 3328 114 70 der

908 3449 231 71 Flucht
1172 3477 113 42 vor
1319 3445 289 70 Feinden
1643 3441 211 73 haben
1888 3440 139 71 sich
2069 3439 105 70 die
2210 3434 233 71 Götter
2488 3430 297 88 geformt,
2833 3444 175 65 sagte
3054 3450 90 43 er.

2008 3585 34 38 *

1002 3727 84 72 Es
1133 3753 127 45 war
1307 3725 440 82 nachmittags.
1813 3719 305 72 Guilbert
2163 3747 128 41 von
2323 3713 269 71 Anman
2639 3709 139 71 und
2824 3736 69 42 er
2933 3730 213 45 waren

910 3826 68 69 in
1025 3824 245 69 seinem
1305 3817 426 73 Musiksalon.
1796 3815 129 71 Die
1958 3812 220 71 Bilder
2224 3811 139 69 und
2397 3807 274 71 Statuen
2716 3802 296 85 glänzten
3059 3799 87 68 im

913 3919 220 69 Dunst
1167 3915 113 70 der
1314 3913 206 69 durch
1554 3911 104 70 die
1691 3907 409 73 weitoffenen
2138 3905 268 70 Fenster
2452 3897 419 75 strömenden
2905 3893 241 70 Sonne.
