3342 4572
872 404 75 60 46

1425 418 226 52 Eduard
1676 421 287 54 Bernstein
2001 440 20 25 *
2062 427 190 53 Völker
2279 446 67 35 zu
2373 429 187 56 Hause

1297 1190 579 108 VÖLKER
1933 1218 182 82 ZU
2181 1222 478 84 HAUSE

1581 989 312 87 Eduard
2032 1011 359 69 Bernstein

1617 1425 723 77 ERINNERUNGEN

1924 1583 64 57 V.

1245 1696 166 60 VOM
1452 1700 236 59 LEBEN
1732 1703 164 59 UND
1938 1706 320 62 TREIBEN
2300 1712 79 57 IN
2421 1702 278 74 ZÜRICH

885 1837 97 95 /\
1021 1849 104 70 LS
1153 1853 87 69 im
1258 1852 186 84 Jahre
1470 1856 169 70 1877
1669 1862 63 68 in
1758 1860 211 72 Berlin
1994 1863 111 72 das
2125 1866 314 74 Denkmal
2464 1872 109 70 des
2595 1871 329 76 Freiherrn
2943 1909 145 41 vom

854 1937 40 50 1
1052 1943 178 72 Stein
1265 1949 271 71 enthüllt
1567 1952 238 82 wurde,
1842 1956 178 71 hörte
2054 1959 99 68 ich
2186 1976 133 69 tags
2355 1963 160 71 nach
2552 1966 111 70 der
2696 1968 393 90 Enthüllung

854 2034 169 69 beim
1042 2036 367 75 Beschauen
1426 2043 111 71 des
1559 2045 345 74 Denkmals
1924 2054 184 67 einen
2127 2051 487 78 Lehrburschen
2642 2064 181 69 einen
2848 2067 238 70 andern

854 2125 247 86 fragen:
1139 2130 174 81 „Du,
1335 2164 159 41 wem
1520 2138 116 68 soll
1658 2139 167 70 denn
1846 2142 111 69 der
1973 2143 80 68 da
2068 2145 330 72 vorstellen
2420 2156 72 63 ?“
2520 2149 262 75 Worauf
2806 2157 101 70 die
2922 2157 122 71 Ant-

852 2239 160 51 woit
1045 2222 294 87 erfolgte:
1411 2228 172 80 „Det
1617 2253 226 51 weeste
1876 2236 196 71 mch?
2143 2239 128 72 Det
2305 2262 78 50 ist
2417 2244 112 69 der
2559 2244 243 83 Jeneral
2839 2251 245 72 Stein“.

940 2312 104 71 An
1089 2316 171 72 diese
1307 2318 471 90 Unterhaltung
1816 2328 172 70 ward
2033 2331 101 70 ich
2181 2336 297 80 erinnert,
2528 2337 88 71 als
2668 2342 101 69 ich
2816 2345 112 68 auf
2973 2346 111 69 der

851 2403 561 88 Platzpromenade
1462 2416 65 67 in
1571 2413 233 75 Zürich
1853 2449 112 41 vor
2014 2421 111 71 der
2169 2424 364 76 Denksäule
2581 2432 204 80 stand,
2829 2435 100 70 die
2981 2439 99 67 ein

850 2497 345 75 Rehefbild
1236 2504 112 69 des
1391 2505 82 70 ob
1515 2539 204 41 seiner
1763 2510 237 85 Idyllen
2050 2515 376 75 berühmten
2467 2521 294 74 Dichters
2803 2525 278 75 Gessner

847 2611 183 65 zeigt.
1082 2592 170 73 Zwei
1291 2596 271 74 Knaben
1599 2632 87 38 im
1708 2601 178 74 Alter
1922 2637 120 39 von
2078 2629 156 51 etwa
2272 2611 75 69 14
2375 2613 230 84 Jahren
2637 2636 199 53 traten
2864 2620 215 74 heran.

847 2684 221 80 „Du“,
1100 2685 277 75 forschte
1402 2693 111 70 der
1528 2694 159 81 eine,
1719 2699 312 78 „werisch
2050 2704 150 81 jetzt
2223 2707 161 68 auch
2402 2705 113 73 der
2531 2709 168 70 da?“
2740 2712 169 82 „0“,
2938 2717 141 70 kam

843 2807 65 39 es
945 2780 254 79 zurück,
1240 2783 151 79 „das
1429 2787 131 68 isch
1594 2817 71 40 so
1699 2820 35 39 e
1768 2789 412 85 Sängervater
2213 2799 158 82 gsi“.

934 2869 184 87 Prägt
1152 2876 135 68 sich
1324 2878 174 69 nicht
1532 2910 65 38 in
1632 2879 216 74 diesen
1886 2886 226 71 beiden
2139 2886 410 89 Gesprächen
2585 2926 101 40 ein
2714 2897 200 73 Stück
2939 2929 102 43 ver-

840 2961 398 84 gleichender
1287 2967 641 93 Völkerpsychologie
1969 2986 156 64 aus?
2216 2982 71 70 In
2331 2982 212 75 Berlin
2594 2989 219 71 mußte
2858 3023 66 41 es
2972 2996 102 69 ein

840 3055 274 72 General
1152 3092 155 49 sein,
1346 3094 63 38 in
1445 3064 235 72 Zürich
1715 3098 125 42 war
1875 3103 65 38 es
1976 3103 113 48 „so
2120 3104 34 40 e
2190 3075 478 88 Sängervater“.

935 3150 70 67 In
1034 3151 109 70 der
1161 3153 126 71 Tat
1313 3155 132 70 fällt
1470 3158 148 69 dem
1646 3159 558 87 Norddeutschen,
2230 3169 112 70 der
2367 3173 161 70 nach
2547 3172 235 73 Zürich
2808 3177 263 83 kommt,

835 3241 130 80 auf,
1001 3243 123 71 daß
1155 3246 464 86 Komponisten
1655 3255 133 69 und
1815 3255 574 91 Musikdirigenten
2423 3264 102 71 bei
2559 3267 123 71 den
2710 3268 362 75 Bildsäulen

836 3333 112 71 der
987 3335 183 73 Stadt
1209 3368 103 42 am
1355 3343 438 74 reichlichsten
1829 3348 272 74 bedacht
2138 3356 256 71 worden
2437 3360 165 71 sind.
2684 3362 123 69 Die
2851 3363 220 73 Musik

835 3428 222 83 spielte
1092 3433 139 69 eine
1255 3433 192 83 große
1475 3436 179 72 Rolle
1688 3441 65 67 in
1781 3440 264 73 Zürichs
2072 3447 293 71 sozialem
2394 3450 241 73 Leben.
2686 3454 125 71 Die
2840 3456 229 72 beiden

835 3520 241 82 großen
1129 3523 430 87 Sängerchöre
1597 3531 265 74 Zürichs
2031 3537 112 70 der
2180 3544 344 81 gemischte
2567 3545 174 72 Chor
2788 3551 134 69 und
2967 3553 103 69 die

833 3611 350 74 Harmonie
1340 3621 287 73 erfreuen
1675 3626 134 70 sich
1856 3630 169 69 eines
2072 3635 144 67 weit
2262 3634 158 71 über
2465 3636 104 72 die
2615 3639 295 72 Grenzen
2957 3644 110 71 der

831 3704 287 75 Schweiz
1139 3709 224 72 hinaus
1383 3715 377 74 reichenden
1777 3720 218 83 Rufes,
2023 3725 134 69 und
2173 3725 264 74 Zürichs
2456 3730 195 84 große
2665 3732 398 86 Musikfeste,

1991 1583 31 32 *

897 3829 138 87 A?-
1036 3850 15 26 e
1042 3894 11 22 ,
1056 3831 52 46 he
1096 3894 18 22 f
1142 3833 52 45 da
1198 3896 23 20 o
1241 3834 43 82 P
1287 3854 22 26 e
1310 3854 47 62 f
1359 3836 212 50 mberheft
1602 3840 75 47 der
1701 3842 177 48 Weißen
1904 3845 174 55 Blätter.
2111 3848 41 48 2.
2176 3848 229 60 Jahrgang,
2435 3853 93 47 und
2560 3853 68 47 die
2660 3854 223 59 Februar-,
2920 3859 144 49 März-

826 3896 95 42 und
947 3896 226 52 Maihefte,
1197 3896 42 47 3.
1260 3897 226 58 Jahrgang.
