3310 4572
955 372 161 51 Peter
1142 372 186 52 Baum
1363 391 20 19 ♦
1415 373 125 53 Aus
1567 374 189 53 seinen
1791 374 229 53 Werken

2558 373 75 59 77

816 589 200 72 Dann
1051 590 82 70 ist
1167 591 105 70 ein
1308 590 262 74 Lachen
1603 593 163 73 über
1802 596 146 82 mir.

818 682 161 73 Und
1012 684 323 72 staunend
1369 684 141 74 fühl
1543 688 128 81 ich,
1707 692 120 71 wie
1860 690 176 73 mich
2070 689 179 89 biegt

818 778 161 71 Und
1009 778 116 72 auf
1154 779 141 73 und
1328 782 221 72 nieder
1581 786 189 85 wiegt

814 873 137 73 Das
988 873 165 74 helle
1187 875 263 73 Lachen
1483 877 163 74 über
1679 882 145 71 mir.

335 1111 309 75 WENN
708 1111 348 74 FRECH
1119 1113 209 74 DER
1374 1113 357 75 ABEND
1789 1116 842 75 NIEDERBLECKT

620 1271 212 72 Wenn
869 1271 180 73 frech
1083 1272 116 74 der
1230 1272 239 75 Abend
1502 1275 438 73 niederbleckt

620 1366 133 72 Mit
787 1366 502 76 blutbefleckten
1324 1369 544 86 Wolkenzähnen,

621 1460 159 74 Und
808 1465 66 70 in
902 1464 128 72 den
1058 1464 301 73 Häusern
1493 1466 259 89 dumpf,
1780 1469 318 72 versteckt

616 1557 156 72 Sich
809 1559 364 74 Menschen
1208 1560 378 74 ineinander
1619 1562 259 89 quälen.

615 1717 196 72 Dann
847 1717 321 74 schleiche
1200 1719 105 72 ich
1340 1720 237 73 durchs
1614 1719 366 76 Heiderohr

617 1812 160 72 Und
809 1816 213 83 grinse
1056 1816 67 69 in
1158 1814 104 73 die
1297 1814 199 88 große
1530 1816 222 85 Leere,

615 1907 213 74 Recke
861 1908 127 73 den
1026 1907 183 89 Kopf
1247 1910 231 73 hervor

613 2001 211 74 Heule
858 2004 165 72 nach
1059 2006 245 71 meiner
1337 2005 207 73 Seele.

885 2338 277 75 WENN
1199 2339 156 72 DIE
1389 2339 328 74 NACHT
1749 2338 301 76 FÄLLT

1192 2498 176 61 EINE
1398 2499 354 61 NOVELLE

419 2668 131 75 Die
598 2669 525 86 Lebensbäume,
1170 2674 106 71 die
1321 2673 115 72 auf
1469 2675 155 73 dem
1660 2674 205 74 Grase
1902 2678 330 82 kauerten,
2269 2680 93 72 sie
2398 2707 212 46 waren

327 2794 121 41 nur
482 2763 395 75 furchtsame
926 2767 236 74 Hüter.
1220 2768 113 74 Sie
1368 2790 254 67 wagten
1658 2771 202 82 nicht,
1897 2771 140 73 ihre
2074 2772 293 88 Königin
2403 2806 207 55 gegen

324 2858 128 71 den
489 2858 291 76 Himmel
815 2893 81 39 zu
932 2863 255 71 recken.
1225 2863 315 73 Inmitten
1575 2866 113 71 des
1724 2865 247 73 Rasens
2005 2868 191 70 stand
2230 2871 146 70 eine
2410 2868 200 88 große

325 2951 229 77 Zeder.
622 2956 200 74 Rund
882 2960 140 71 und
1083 2960 243 85 ragend
1370 2979 150 67 trug
1566 2964 92 68 sie
1705 2961 108 73 die
1864 2962 405 74 Dunkelheit
2316 2995 115 42 aus
2478 2965 132 74 den

322 3068 247 54 matten
604 3051 314 73 Schatten
955 3054 115 71 der
1105 3054 453 89 Dämmerung
1591 3084 248 57 empor.

419 3144 74 72 In
540 3147 115 72 der
702 3148 212 82 Halle,
962 3148 107 72 die
1117 3178 115 44 vor
1275 3149 152 73 dem
1473 3150 312 74 finsteren
1822 3152 221 72 Hause
2093 3154 101 71 ihr
2231 3154 195 74 Licht
2459 3186 111 42 aus-

321 3235 295 89 breitete,
653 3262 424 53 verstummte
1111 3243 114 74 das
1261 3244 359 85 Sprechen,
1656 3277 192 42 wenn
1883 3246 108 73 die
2027 3247 310 85 Schritte,
2373 3251 107 73 die
2516 3255 92 68 im

320 3329 248 79 Garten
599 3342 381 85 umgingen,
1018 3340 202 71 näher
1256 3340 255 73 kamen.
1661 3341 187 72 Eben
1885 3342 171 73 noch
2081 3373 130 44 war
2240 3345 118 72 der
2384 3346 222 88 große,

320 3425 228 90 hagere
587 3432 209 73 Mann
834 3435 170 70 oben
1039 3465 317 56 gewesen,
1403 3467 113 40 um
1563 3439 181 71 seine
1782 3436 169 74 Frau
1984 3439 142 72 und
2160 3440 187 72 ihren
2380 3441 227 74 Vetter

320 3552 79 42 zu
433 3524 361 89 begrüßen.
861 3528 193 75 Ohne
1087 3531 380 87 abzulegen,
1502 3550 125 54 trat
1661 3561 69 44 er
1763 3533 179 73 dann
1977 3536 244 73 wieder
2255 3540 102 69 ins
2395 3536 210 75 Freie.

319 3615 85 73 Er
435 3620 242 85 wußte,
714 3655 151 41 man
900 3624 238 71 kannte
1172 3625 113 73 das
1322 3627 104 72 bei
1464 3627 161 73 ihm.
1850 3628 225 75 Schon
2111 3634 121 70 seit
2267 3661 336 58 geraumer

319 3710 142 75 Zeit
493 3719 169 71 trieb
696 3747 68 45 er
797 3721 139 72 sich
971 3721 99 72 bis
1105 3721 122 71 tief
1260 3724 67 69 in
1364 3721 106 75 die
1506 3722 217 72 Nacht
1759 3724 296 75 draußen
2090 3726 254 76 herum.

411 3810 84 71 Er
531 3813 250 74 wußte:
816 3817 154 84 jetzt
1006 3816 203 72 hören
1243 3820 94 68 sie
1373 3818 114 72 ihn
1523 3849 114 42 aus
1672 3820 152 72 dem
1859 3820 178 76 Tore
2072 3823 195 87 gehn.
2433 3823 168 73 Laut

315 3905 244 82 spricht
594 3939 69 42 er
696 3914 120 68 mit
848 3911 153 73 dem
1037 3911 286 74 Knecht.
