3299 4572
835 409 72 59 24

1400 419 233 53 Francis
1659 422 244 67 Jamnies
1933 442 26 25 •
1990 424 111 53 Der
2124 425 379 56 Hasenroman

832 611 140 73 Ohr
1004 614 160 71 nach
1198 644 176 53 vorn,
1409 617 109 71 das
1551 618 234 73 andere
1833 622 161 71 nach
2042 624 341 73 rückwärts
2431 628 326 84 gerichtet,
2807 659 126 44 war
2981 660 65 45 er

831 707 419 86 unschlüssig,
1286 708 82 71 ob
1401 738 67 41 er
1500 710 193 72 fliehn
1719 712 156 73 solle
1915 716 154 71 oder
2102 717 277 73 bleiben.

926 801 154 70 Dies
1114 790 111 81 sah
1259 801 395 74 Franziskus.
1686 805 85 71 Er
1797 809 212 83 rupfte
2035 840 123 41 von
2185 811 111 71 der
2323 814 206 71 Wiese
2553 815 141 71 eine
2719 815 322 74 Handvoll

832 889 186 83 Gras,
1053 894 234 71 reichte
1319 924 63 41 es
1416 895 148 72 dem
1598 896 513 92 Leichtfüßigen,
2144 904 136 71 und
2310 905 113 71 der
2456 905 195 87 folgte
2699 909 136 71 ihm
2883 941 156 42 nun.

1924 1066 35 37 *

2935 1106 15 19 o

922 1173 141 69 Von
1096 1172 203 71 dieser
1335 1173 212 74 Nacht
1579 1207 80 41 an
1689 1178 254 74 blieben
1976 1185 91 68 sie
2100 1182 375 75 Gefährten.

921 1263 321 71 Niemand
1274 1268 366 72 vermochte
1684 1271 193 72 ihnen
1927 1304 79 41 zu
2055 1277 296 80 schaden,
2402 1279 171 69 denn
2622 1279 113 72 der
2792 1279 254 74 Glaube

827 1356 366 72 beschützte
1226 1361 112 70 sie.
1372 1361 204 71 Wenn
1613 1362 201 73 Franz
1846 1367 115 69 mit
1994 1370 216 70 seinen
2246 1369 335 73 Freunden
2619 1373 130 69 halt
2774 1375 269 80 machte,

824 1449 112 71 auf
967 1453 207 68 einem
1209 1453 355 85 Dorfplatz,
1598 1487 99 39 wo
1731 1458 103 71 die
1868 1459 202 72 Leute
2111 1461 170 72 beim
2315 1461 298 75 Gedudel
2646 1468 172 70 einer
2853 1469 155 70 Sack-

826 1543 194 84 pfeife
1051 1562 275 63 tanzten,
1362 1547 190 80 dann,
1593 1578 183 41 wenn
1810 1550 103 71 die
1947 1552 235 71 Ulmen
2216 1555 333 72 zerfließen
2582 1558 136 70 und
2764 1559 112 70 auf
2921 1560 125 72 den

826 1635 279 72 dunkeln
1139 1637 599 75 Wirtshaustischen
1772 1643 103 71 die
1924 1644 324 74 Mädchen
2298 1648 99 70 ihr
2456 1648 155 73 Glas
2661 1651 268 73 lachend
2976 1657 67 67 in

826 1728 123 70 den
981 1728 405 73 Abendwind
1420 1732 227 81 heben,
1683 1734 235 73 bildete
1952 1769 146 39 man
2131 1742 186 69 einen
2354 1741 182 72 Kreis
2571 1774 112 39 um
2717 1747 110 70 sie.
2888 1746 155 71 Und

824 1821 110 71 das
968 1822 191 84 junge
1190 1822 164 71 Volk
1385 1827 116 67 mit
1534 1826 216 86 Bogen
1785 1828 153 72 oder
1969 1831 340 72 Armbrust
2357 1835 228 72 dachte
2618 1839 174 68 nicht
2825 1839 214 81 daran,

827 1914 297 85 Langohr
1172 1945 79 41 zu
1298 1930 200 67 töten,
1547 1949 73 39 so
1654 1922 438 73 verwunderte
2124 1928 91 68 sie
2248 1928 135 68 sein
2417 1929 253 85 ruhiges
2705 1931 334 82 Wandeln,

824 2037 72 39 so
924 2035 287 56 grausam
1255 2010 283 71 erschien
1571 2013 216 81 ihnen,
1823 2046 101 39 ein
1955 2044 202 45 armes
2191 2019 154 71 Tier
2385 2051 79 39 zu
2500 2021 393 87 hmtergehn,
2930 2025 111 71 das

824 2099 194 71 ihnen
1052 2131 133 39 sein
1221 2100 317 75 Zutrauen
1574 2136 77 39 zu
1679 2105 222 73 Füßen
1928 2108 183 86 legte.
2145 2110 108 72 Sie
2279 2113 232 71 hielten
2540 2114 371 74 Franziskus
2939 2119 103 70 für

824 2222 186 40 einen
1048 2192 334 82 Fremden,
1419 2195 223 72 dessen
1678 2197 274 73 Gewerb
1987 2232 63 40 es
2084 2227 146 56 war,
2267 2204 103 71 die
2402 2206 190 71 Tiere
2624 2239 79 38 zu
2752 2209 285 82 zähmen,

824 2286 91 68 sie
948 2284 278 73 öffneten
1252 2287 135 70 ihm
1414 2288 103 71 für
1542 2289 103 72 die
1670 2291 211 71 Nacht
1907 2293 134 73 ihre
2067 2295 336 73 Scheunen
2432 2298 136 70 und
2594 2297 278 76 reichten
2905 2303 134 70 ihm

821 2376 325 81 Almosen,
1181 2378 204 71 wofür
1419 2409 66 42 er
1517 2385 216 68 seinen
1767 2383 234 73 Tieren
2035 2387 134 71 ihre
2196 2389 573 87 Lieblingsspeisen
2804 2395 234 74 kaufte.

913 2470 186 71 Auch
1113 2470 232 72 fanden
1362 2472 103 71 die
1480 2474 372 73 Fahrenden
1866 2480 287 70 mühelos
2169 2481 178 73 ihren
2365 2483 357 83 Unterhalt,
2742 2488 169 69 denn
2926 2489 112 71 der

822 2561 262 83 Herbst,
1110 2564 201 71 durch
1338 2565 127 71 den
1490 2569 91 68 sie
1611 2599 217 54 zogen,
1863 2599 126 42 war
2022 2571 324 88 freigebig,
2374 2575 104 73 die
2502 2578 302 84 Speicher
2830 2580 207 87 bogen

819 2654 155 81 sich,
1011 2686 148 40 man
1198 2656 126 72 ließ
1357 2688 91 41 sie
1494 2660 112 70 auf
1651 2662 125 69 den
1818 2663 416 74 Maisfeldern
2285 2668 311 72 Nachlese
2642 2670 211 73 halten
2901 2674 136 71 und

818 2748 385 72 teilnehmen
1236 2781 80 39 an
1352 2752 111 71 der
1495 2753 384 84 Weinernte,
1913 2777 117 51 mit
2064 2759 122 70 den
2238 2761 337 86 Gesängen
2609 2763 100 71 bei
2747 2767 253 71 Sonnen-

817 2860 371 67 untergang.
1213 2844 126 70 Die
1364 2844 278 73 blonden
1670 2847 238 85 Mägde
1933 2851 305 72 drückten
2265 2855 299 71 Trauben
2590 2888 80 39 an
2696 2858 135 72 ihre
2856 2860 155 72 licht-

818 2933 377 85 umspielten
1230 2937 247 73 Brüste.
1545 2938 141 73 Ihre
1739 2940 307 86 Ellbogen
2101 2945 357 72 leuchteten
2502 2951 536 84 emporgehoben.

819 3024 186 72 Oben
1040 3027 157 71 über
1245 3029 146 71 dem
1440 3030 229 72 blauen
1705 3034 256 72 Dunkel
1995 3036 113 71 der
2143 3037 556 87 Kastanienhaine,
2732 3046 66 68 in
2831 3045 206 83 Ruhe,

818 3119 220 84 glitten
1072 3120 271 74 fallende
1372 3124 246 74 Sterne.
1654 3126 131 72 Das
1820 3128 390 73 Heidekraut
2244 3134 66 70 in
2345 3164 238 41 seinem
2619 3137 179 71 Samt
2820 3139 218 71 wurde

818 3210 365 75 schwärzer.
1214 3213 140 72 Wie
1385 3217 283 71 seufzten
1702 3219 104 71 die
1839 3220 214 73 Röcke
2084 3223 178 72 ferne
2309 3227 66 68 in
2423 3227 126 71 den
2583 3227 453 89 Laubgängen.

913 3303 154 82 Jene
1099 3305 300 72 schauten
1426 3337 111 43 vor
1569 3312 134 70 sich
1738 3312 109 71 das
1882 3314 205 82 Meer,
2122 3319 102 68 ein
2252 3316 312 75 Gemälde
2595 3352 80 39 an
2710 3322 112 71 der
2848 3322 140 72 Him-

819 3397 362 81 melswand,
1198 3399 136 70 und
1350 3401 102 71 die
1468 3408 329 82 geneigten
1824 3407 204 92 Segel,
2055 3410 125 71 den
2206 3413 243 70 weißen
2475 3413 177 72 Sand
2677 3417 117 70 mit
2817 3418 217 70 seinen

819 3487 268 72 Flecken
1122 3521 123 41 von
1284 3492 123 71 den
1443 3495 300 73 Schatten
1777 3500 113 70 der
1914 3500 434 86 Tamarisken,
2384 3505 112 71 der
2521 3507 515 75 Erdbeerbäume

814 3581 136 70 und
983 3582 112 70 der
1119 3582 243 75 Pinien.
1396 3586 107 71 Sie
1526 3590 360 72 wanderten
1913 3594 157 71 über
2097 3595 235 74 heitere
2359 3599 273 81 Matten,
2658 3631 118 52 wo,
2808 3601 187 73 herab-

816 3672 266 86 gefallen
1115 3706 111 39 aus
1260 3675 112 72 der
1406 3679 509 76 Unbeflecktheit
1945 3685 111 71 des
2108 3689 301 83 Schnees,
2460 3690 104 71 die
2613 3693 419 75 Sturzwässer

816 3797 77 39 zu
912 3766 250 72 Bächen
1181 3769 273 84 werden,
1473 3772 164 71 doch
1655 3774 307 85 glitzernd
1980 3779 104 73 die
2100 3780 400 89 Erinnerung
2516 3784 165 71 noch
2699 3786 333 74 bewahren

812 3888 80 41 an
926 3859 125 71 den
1085 3860 378 87 Spießglanz
1495 3866 135 69 und
1663 3868 103 71 die
1802 3869 209 74 Firne.
