3319 4572
857 398 77 59 58

1411 408 224 55 Eduard
1664 409 282 55 Bernstein
1985 430 21 25 *
2049 416 193 52 Völker
2268 433 68 36 zu
2359 418 190 54 Hause

951 604 125 70 Die
1111 607 116 68 mit
1259 606 320 73 allerhand
1612 610 453 75 interessanten
2098 614 429 76 Einzelheiten
2563 623 361 82 verquickte
2958 623 88 72 Ge-

852 695 286 72 schichte
1155 699 111 68 der
1284 696 365 89 Gründung
1666 700 110 73 des
1807 701 305 75 Züricher
2141 708 619 81 „Sozialdemokrat“
2787 717 81 68 ist
2892 717 197 72 schon

851 788 99 71 oft
977 792 232 69 erzählt
1236 792 279 72 worden.
1552 793 250 88 August
1828 797 193 72 Bebel
2049 801 108 71 hat
2180 803 100 71 ihr
2304 806 88 67 im
2420 804 232 71 dritten
2680 807 180 72 Band
2884 812 205 70 seiner

852 882 717 89 Lebenserinnerungen
1603 889 103 70 ein
1740 891 212 85 langes
1990 894 253 86 Kapitel
2277 898 355 85 gewidmet,
2688 902 135 70 und
2855 933 71 39 so
2961 905 124 69 will

855 976 100 70 ich
988 978 90 69 sie
1111 977 133 70 hier
1278 977 383 86 übergehen,
1707 1013 72 40 so
1811 986 146 70 sehr
1990 987 102 70 ich
2126 988 193 72 selbst
2353 990 101 72 bei
2492 992 96 70 ihr
2623 994 282 86 beteiligt
2938 1025 147 43 war.

852 1067 82 71 Es
968 1067 99 85 lag
1099 1071 65 69 in
1195 1070 113 70 der
1341 1070 209 73 Natur
1581 1075 112 71 der
1726 1076 224 84 Sache,
2002 1080 144 81 daß,
2197 1084 310 71 nachdem
2541 1085 200 72 dieses
2776 1088 167 72 Blatt
2977 1121 70 53 ge-

847 1160 281 71 schaffen
1162 1190 148 55 war,
1359 1165 112 71 der
1505 1165 122 74 Ort
1658 1173 205 68 seiner
1908 1171 405 91 Herstellung
2347 1178 135 70 und
2515 1178 419 87 Versendung
2981 1212 68 41 so-

849 1253 177 86 lange
1050 1284 79 41 zu
1155 1258 207 70 einem
1379 1258 309 75 Zentrum
1712 1263 112 71 der
1849 1264 347 74 deutschen
2223 1269 594 75 Sozialdemokratie
2842 1275 238 82 wurde,

842 1347 92 68 als
969 1347 172 72 diese
1174 1349 143 71 kein
1350 1352 395 75 öffentliches
1779 1357 388 75 Parteileben
2195 1362 302 74 entfalten
2525 1364 256 73 konnte.
2820 1367 129 71 Um
2976 1371 104 70 die

846 1438 351 72 Redaktion
1233 1444 138 70 und
1402 1446 103 70 die
1538 1446 379 86 Expedition
1947 1451 111 71 des
2096 1452 621 80 „Sozialdemokrat“
2754 1461 326 72 sammelte

845 1532 134 70 sich
1024 1564 134 40 nun
1191 1537 103 69 ein
1330 1540 100 68 ein
1464 1569 228 54 ganzer
1727 1542 185 71 Kreis
1946 1574 123 41 von
2106 1545 336 82 Personen,
2493 1552 136 70 und
2676 1582 79 40 an
2807 1552 123 73 den
2966 1555 74 70 be-

843 1625 430 75 deutenderen
1293 1629 201 73 Orten
1511 1631 112 71 der
1640 1634 284 72 Schweiz
1942 1639 260 70 wurden
2221 1640 111 70 auf
2345 1640 346 89 Anregung
2705 1676 123 40 von
2845 1646 232 73 Zürich

843 1749 110 40 aus
974 1720 584 85 Mitgliedschaften
1579 1728 112 68 der
1708 1726 347 75 deutschen
2083 1731 594 77 Sozialdemokratie
2703 1742 371 81 gegründet,

838 1810 107 71 die
984 1813 135 70 sich
1162 1815 250 85 speziell
1447 1819 117 69 mit
1597 1819 124 70 den
1753 1820 576 88 Angelegenheiten
2359 1827 113 71 der
2505 1830 200 72 Partei
2754 1832 318 75 befaßten.

936 1903 355 75 Redakteur
1324 1908 110 71 des
1471 1910 618 80 „Sozialdemokrat“
2126 1919 65 69 in
2225 1917 233 73 Zürich
2484 1950 129 43 war
2637 1924 64 69 in
2729 1923 112 73 der
2867 1946 205 52 ersten

843 1994 138 73 Zeit
1009 1996 214 88 Georg
1250 2031 122 41 von
1398 2002 300 82 Vollmar,
1727 2006 158 71 über
1910 2008 224 73 dessen
2162 2011 499 87 hervorragende
2676 2016 360 75 Persönlich-

840 2088 128 73 keit
993 2092 135 70 und
1153 2092 376 89 Bedeutung
1555 2097 142 71 kein
1716 2098 179 74 Wort
1920 2102 179 71 mehr
2125 2133 77 40 zu
2223 2105 301 73 verlieren
2543 2112 101 68 ist.
2681 2111 117 70 Ihn
2817 2111 156 73 löste
2990 2144 80 41 an

836 2181 117 71 der
984 2184 441 82 Jahreswende
1461 2189 360 75 1880/1881
1862 2196 206 69 meine
2103 2195 352 89 Wenigkeit
2487 2201 101 80 ab,
2633 2204 135 68 und
2801 2206 121 69 mir
2954 2210 118 68 wie

837 2275 230 70 vorher
1091 2276 283 74 Vollmar
1398 2283 186 68 stand
1611 2314 121 41 von
1759 2284 437 76 Deutschland
2220 2321 111 40 aus
2351 2291 296 74 Wilhelm
2675 2295 394 74 Liebknecht

837 2366 89 70 als
954 2370 624 89 gleichberechtigter
1604 2377 400 73 Mitarbeiter
2028 2410 112 42 zur
2167 2383 189 71 Seite.
2393 2387 124 70 Die
2540 2387 526 75 Administration

837 2460 109 70 des
978 2462 232 72 Blattes
1244 2465 135 70 und
1419 2469 170 70 seine
1622 2468 415 90 Versendung
2070 2476 351 72 übernahm
2455 2479 149 72 bald
2637 2482 160 72 nach
2842 2486 224 70 dessen

835 2551 365 91 Gründung
1226 2558 199 84 Julius
1447 2561 317 82 Metteier,
1792 2567 325 71 seinerzeit
2144 2573 114 68 mit
2277 2571 211 82 Bebel,
2516 2572 394 76 Liebknecht
2926 2580 135 70 und

827 2646 279 72 anderen
1186 2652 174 70 einer
1429 2652 112 73 der
1602 2656 487 85 Mitbegründer
2155 2664 111 69 der
2329 2665 734 77 sozialdemokratischen

829 2739 489 88 Arbeiterpartei
1371 2745 375 75 Eisenacher
1783 2750 417 86 Programms,
2252 2759 101 67 ein
2404 2760 248 83 eigener
2703 2763 181 85 Kopf
2929 2765 134 70 und

831 2831 409 88 beweglicher
1256 2836 203 83 Geist,
1477 2839 160 74 dazu
1652 2841 201 73 durch
1867 2876 173 40 seine
2055 2845 316 90 Tätigkeit
2385 2850 87 71 als
2489 2852 574 77 Kaufmännischer

832 2924 210 71 Leiter
1122 2930 476 74 verschiedener
1664 2939 707 80 genossenschaftlicher
2446 2944 612 90 Unternehmungen

831 3018 231 71 ebenso
1097 3023 406 84 geschäftlich
1537 3028 310 83 erfahren,
1898 3034 116 69 wie
2047 3061 69 42 er
2146 3036 135 71 sich
2315 3056 186 52 unter
2533 3040 161 69 allen
2732 3041 292 73 Gesichts-

831 3111 278 82 punkten
1157 3116 87 68 als
1293 3147 158 54 ganz
1501 3120 338 73 besonders
1891 3130 609 86 vertrauenswürdig
2552 3133 278 70 bewährt
2864 3135 192 73 hatte.

826 3203 105 70 Da
964 3205 102 69 die
1101 3206 422 91 Verbreitung
1555 3214 108 71 des
1702 3216 621 79 „Sozialdemokrat“
2361 3225 64 69 in
2461 3225 442 74 Deutschland
2935 3230 90 70 als-

831 3295 145 71 bald
1021 3300 109 68 auf
1177 3299 232 72 Grund
1456 3305 108 71 des
1600 3306 647 89 Sozialistengesetzes
2281 3316 304 71 verboten
2615 3320 255 71 worden
2906 3352 145 49 war,

827 3387 220 72 mußte
1081 3422 168 42 seine
1282 3394 433 91 Beförderung
1745 3432 98 41 ins
1895 3404 197 71 Reich
2141 3409 112 70 auf
2299 3409 147 71 dem
2497 3412 558 89 Schmuggelwege

823 3481 374 83 geschehen,
1217 3488 133 68 und
1368 3492 99 67 ein
1495 3492 196 72 Stück
1711 3494 580 89 Schmuggelarbeit
2318 3532 127 41 war
2468 3504 161 71 auch
2658 3508 101 69 die
2785 3508 230 71 Weiter-

826 3572 426 90 beförderung
1275 3579 112 71 der
1405 3583 380 74 verbotenen
1802 3587 186 71 Ware
2008 3621 121 41 von
2150 3592 404 75 bestimmten
2573 3597 476 74 Zentralstellen

817 3697 117 40 aus
951 3697 77 40 an
1052 3669 99 69 die
1170 3671 199 71 vielen
1388 3672 174 84 Orte,
1584 3708 96 41 wo
1698 3680 112 71 der
1832 3681 619 80 „Sozialdemokrat“
2475 3690 148 71 bald
2641 3692 194 71 Leser
2856 3695 193 71 hatte.

925 3758 70 70 In
1050 3761 114 71 der
1222 3762 438 87 Organisation
1708 3774 135 68 und
1894 3775 274 86 Leitung
2215 3780 202 72 dieses
2468 3782 414 89 Schmuggels
2943 3789 105 68 hat

816 3851 326 85 Metteier,
1176 3873 380 58 unterstützt
1583 3864 199 71 durch
1810 3868 208 85 fähige
2041 3873 136 68 und
2204 3873 397 86 hingebende
2627 3878 417 82 Mitarbeiter,
