3472 4427
300 136 1452 214 i\id<Ti'!i<MDische
1905 131 1183 239 Miisik-Zciüing

670 418 188 89 für
909 413 871 92 Kunstfreunde
1836 411 239 83 und
2128 403 587 91 Künstler.

119 624 446 84 Herausgegeben
609 638 99 35 von
761 616 269 56 Professor
2042 616 53 52 L.
2216 612 245 74 Bischoff.
1583 609 194 84 Verlag
1821 606 90 56 der
1952 609 65 53 J/.
2583 625 25 22 «
2633 604 158 54 sehen
2833 601 434 85 Buchhandlung.

190 1016 210 37 Inhalt.

457 1010 80 38 Zur
567 1006 238 41 Geschichte
835 1006 69 37 der
935 1001 311 44 Charakteristik
1277 1000 69 38 der
1376 1000 215 38 Tonarten.
1623 998 50 39 11.
1785 995 153 41 Musica
1967 995 144 41 divina.
2219 995 161 39 Pariser
2411 994 129 40 Briefe
2571 995 87 50 (Die
2689 992 331 53 Opern-Theater
3103 992 53 40 Lc
3174 994 124 38 Trou-

80 1092 92 29 verc
200 1078 78 39 und
310 1074 198 52 Bigoletto
537 1084 75 27 von
645 1070 122 39 Verdi
879 1069 156 52 Psyche
1066 1079 73 27 von
1171 1066 50 38 A.
1251 1065 175 38 Thomas
1538 1059 158 41 Bouftes
1730 1059 270 40 Parisiennes:
2031 1057 350 52 Preis-Operetten
2413 1070 37 27 u.
2478 1070 29 27 s.
2539 1059 79 48 w.).
2648 1056 89 39 Von
2771 1056 43 39 B.
2847 1055 40 39 P.
2991 1055 142 38 Drittes
3164 1056 108 38 Abon-

79 1136 373 44 nements-Concert
480 1133 70 40 des
581 1132 137 40 kölner
746 1126 525 56 Männergesang-Vereins.
1405 1125 181 50 Tages-
1627 1122 97 38 und
1772 1121 573 51 Unterhaltungsblatt
2386 1121 139 47 (Köln,
2554 1117 340 53 Sing-Akademie
3041 1116 125 47 Bonn,
3197 1117 101 38 Entil

81 1205 209 38 Naumann
385 1198 79 38 Das
495 1196 210 40 Aachener
734 1193 230 47 Musikfest).
3185 1193 2 50 ,

155 1385 99 57 Zur
292 1380 287 60 Geschichte
620 1378 83 58 der
733 1374 403 62 Charakteristik
1176 1373 82 58 der
1305 1371 266 59 Tonarten.

839 1499 56 48 II.

707 1613 45 52 (I.
782 1623 29 28 s.
843 1611 67 40 Nr.
945 1612 73 44 17.)

212 1701 159 66 Gegen
405 1697 69 51 die
507 1691 358 54 Chamkteristik
907 1709 86 30 von
1026 1689 51 50 C.
1111 1689 47 50 F.
1196 1689 56 47 D.
1286 1684 230 52 Schubart
1558 1686 90 49 und

86 1786 205 52 ähnliche
324 1791 147 42 traten
504 1780 170 49 andere
697 1776 202 49 Musiker
931 1775 80 49 mit
1041 1791 112 50 ganz
1187 1777 463 61 entgegengesetzter

87 1870 192 53 Ansicht
313 1866 87 51 auf.

216 1954 155 49 Wenn
404 1968 103 31 man
538 1946 115 51 auch
687 1945 67 49 (ür
786 1943 70 50 die
886 1942 150 51 Musik
1081 1941 81 49 der
1194 1940 224 49 Griechen
1450 1938 80 49 mit
1561 1937 86 50 den

87 2040 120 50 alten
254 2034 352 53 Schriftstellern
667 2030 132 48 einen
856 2023 453 54 charakteristischen
1354 2021 294 51 Unterschied

90 2124 80 49 der
200 2123 233 47 Tonarten
479 2115 152 68 gelten
672 2114 147 48 lassen
867 2110 148 57 wolle,
1060 2126 132 31 wenn
1239 2107 151 50 ferner
1430 2106 85 48 den
1548 2105 75 49 Kir-

91 2205 374 51 chen-Tonarten
498 2217 80 31 aus
611 2197 100 49 dem
745 2194 264 50 Mittelalter
1050 2194 98 48 eine
1191 2191 192 67 gewisse
1426 2190 198 49 verschie-

91 2293 115 47 dene
226 2281 460 71 Eigentümlichkeit
705 2277 310 69 zugestanden
1045 2276 185 50 werden
1252 2280 165 53 müsse,
1449 2293 49 31 so
1531 2274 116 49 habe

91 2374 115 51 doch
254 2371 90 50 die
392 2384 217 34 neuere
655 2366 401 65 Temperatur
1103 2361 79 49 mit
1225 2360 80 48 der
1349 2359 139 49 festen
1524 2360 123 65 Lage

90 2459 80 48 der
199 2454 163 52 halben
382 2454 128 48 Töne
543 2449 92 51 und
667 2448 69 50 die
763 2445 357 66 Beschränkung
1156 2444 78 48 auf
1260 2444 77 48 das
1369 2441 278 51 diatonische

91 2544 181 66 System
303 2539 42 48 in
673 2539 109 48 Dur
518 2534 90 50 und
1200 2534 113 50 Moll
792 2530 84 50 alle
919 2526 422 52 charakteristische
1374 2525 274 66 Bedeutung

91 2627 83 49 der
203 2622 231 52 einzelnen
458 2620 231 47 Tonarten
721 2613 240 52 verwischt
993 2613 89 49 und
1112 2611 179 67 vertilgt
1323 2610 88 50 und
1445 2627 85 31 nur
1562 2609 85 48 den

93 2705 295 54 Unterschied
415 2703 225 49 zwischen
673 2702 107 49 Dur
811 2698 89 49 und
929 2699 115 50 Moll
1074 2695 131 66 übrig
1236 2694 229 67 gelassen;
1497 2693 125 51 inner-

93 2793 104 51 halb
228 2792 148 49 dieser
407 2788 127 51 stelle
565 2785 91 53 sich
688 2784 109 51 aber
829 2784 158 47 immer
1018 2779 206 52 dasselbe
1247 2779 283 50 Verhältniss
1562 2794 85 33 von

122 2879 147 50 C-dur
282 2874 90 50 und
733 2873 176 51 A-moll
613 2869 41 50 in
691 2869 114 50 allen
837 2868 231 48 Tonarten
1101 2864 93 56 dar,
1211 2863 106 51 .und
1349 2863 109 49 aller
1482 2863 138 48 Unter-

94 2961 150 51 schied
278 2957 171 51 beruhe
481 2973 86 33 nur
598 2953 79 50 auf
702 2953 80 50 der
813 2949 238 51 Tonhöhe.

222 3045 62 48 So
347 3038 273 54 namentlich
679 3043 153 42 zuerst
879 3034 39 49 K
938 3032 334 65 irnberger,
1333 3029 117 50 dann
1498 3028 150 48 Zelter

98 3128 88 50 und
221 3127 199 50 Andere.
457 3169 5 8 .

225 3211 80 49 Ein
350 3207 141 52 Stück
538 3206 41 49 in
1167 3206 178 49 Es-dur
847 3202 110 50 oder
1232 3198 80 50 auf
1352 3197 177 65 zufällig
1573 3215 74 30 um

96 3296 127 50 einen
258 3293 160 50 halben
449 3292 99 47 Ton
581 3290 144 48 höher
755 3287 293 67 gestimmten
1072 3286 339 48 Instrumenten
1444 3279 206 68 gespielt,

98 3379 152 50 werde
282 3373 292 55 unvermerkt
1133 3373 157 49 E-dur
794 3371 111 49 oder
1194 3368 52 47 da
1270 3366 46 67 ja
1347 3366 70 48 ein
1444 3363 206 51 Normal-

98 3465 99 47 Ton
230 3462 123 49 nicht
385 3479 52 30 zu
472 3457 160 50 fixiren
673 3456 63 48 sei
768 3455 92 49 und
905 3453 80 50 wir
1027 3452 99 50 kein
1159 3450 247 53 absolutes,
1453 3447 194 50 sondern

98 3564 86 33 nur
213 3545 70 49 ein
316 3539 381 55 Conventionelles
799 3536 623 52 Chaben.
1015 3536 107 50 Man
1163 3539 150 44 müsse
1355 3532 79 50 das
1464 3531 184 66 Steigen

100 3631 80 50 der
209 3630 261 62 Stimmung
514 3626 57 47 im
604 3621 311 69 Allgemeinen
962 3620 79 49 mit
1087 3620 42 48 in
1173 3617 230 66 Anschlag
1446 3615 205 67 bringen,

101 3713 171 50 welche
302 3711 81 50 mit
414 3711 101 49 dem
548 3707 106 50 Reiz
688 3706 78 50 des
797 3704 282 49 Gehörsinns
1111 3702 91 50 sich
1234 3701 167 50 erhöht
1431 3699 88 50 hat.
1567 3697 83 50 Ein

98 3798 249 63 Dreiklang
377 3812 85 31 von
495 3789 398 54 Metall-Glocken,
940 3786 82 50 der
1062 3803 80 31 vor
1185 3785 166 67 lünfzig
1382 3784 110 50 oder
1524 3781 127 50 mehr

99 3883 169 49 Jahren
482 3881 92 50 C-dur
575 3876 99 66 klang,
679 3874 141 66 klingt
865 3888 83 33 uns
988 3870 113 67 jetzt
1380 3869 118 49 Was
1533 3865 118 49 Bach

101 3965 93 51 und
217 3963 177 51 Händel
427 3963 43 48 in
496 3961 155 49 E-dur
674 3958 192 48 dachten
895 3954 92 51 und
1012 3951 251 56 schrieben,
1296 3955 100 46 tönt
1429 3968 86 32 uns
1539 3949 113 66 jetzt

101 4049 42 48 in
269 4049 182 50 Es-dur.
452 4048 44 56 Ja,
532 4061 129 33 wenn
694 4040 69 50 ein
796 4040 125 50 Chor
956 4038 118 50 ohne
1110 4035 274 66 Begleitung
1416 4034 40 48 in
1488 4034 162 65 langen

101 4132 91 50 und
226 4130 298 65 schwierigen
557 4129 167 50 Sätzen
763 4123 121 52 sinkt
928 4122 89 50 und
1050 4141 34 30 z.
1120 4122 48 48 B.
1200 4119 42 49 in
1275 4120 42 47 F
1343 4118 185 66 beginnt
1561 4116 91 50 und

1738 1347 44 48 in
1815 1347 81 49 der
1929 1347 353 64 heterogensten
2315 1344 231 51 Tonfarbe
2578 1362 84 32 von
2690 1344 48 48 E
2756 1341 219 59 schliesst,
3008 1359 74 32 wo
3115 1340 189 68 beginnt

1738 1430 55 49 da
1829 1430 69 49 die
1931 1429 387 66 Wahrnehmung
2362 1429 122 48 eines
2525 1428 198 49 anderen
2756 1427 274 49 Charakters
3061 1425 81 50 der
3174 1427 91 49 Ton-

1740 1513 103 49 art?
1876 1513 78 48 mit
1984 1513 200 48 anderen
2218 1512 225 49 Worten:
2478 1529 71 32 wo
2582 1509 139 52 bleibt
2752 1509 55 50 da
2838 1509 70 50 die
2940 1509 357 51 Charakteristik

1742 1598 80 48 der
1853 1597 268 49 Tonarten?

1868 1682 218 65 Dagegen
2132 1687 92 42 trat
2276 1679 80 50 Dr.
2415 1677 350 52 Ferdinand
2826 1675 162 50 Hand
3050 1675 42 51 in
3153 1677 145 49 seiner

1744 1764 237 51 Aesthetik
2017 1764 81 50 der
2128 1763 257 60 Tonkunst,
2418 1763 195 67 Leipzig,
2641 1759 171 61 1837,
2836 1761 84 49 Th.
2940 1762 51 57 1.,
3024 1762 45 48 S.
3095 1759 108 50 211
3238 1761 59 59 IT.,

1742 1849 169 50 wieder
1942 1849 78 49 auf
2047 1848 89 50 und
2170 1848 182 55 meinte,
2404 1847 133 57 „dass
2569 1844 241 68 allerdings
2848 1844 70 51 die
2959 1861 173 33 neuere
3162 1846 102 48 Tem-

1742 1942 187 60 peratur
1944 1932 217 51 Manches
2183 1932 301 66 umgeändert
2511 1929 87 51 und
2633 1928 353 68 eingeschränkt
3017 1927 141 58 habe;
3190 1928 81 51 den-

1742 2017 113 50 noch
1886 2017 230 66 behaupte
2150 2016 90 49 sich
2276 2016 80 48 der
2387 2015 254 49 Charakter
2672 2013 114 50 auch
2826 2013 116 66 jetzt
2986 2012 114 50 noch
3134 2012 62 50 als
3231 2013 66 50 ein

2187 2100 62 48 Er
2279 2097 265 69 behauptet,
2586 2097 104 50 dass
2730 2096 99 51 eine
2859 2096 142 51 Reihe
3043 2114 85 31 von
3160 2096 111 51 That-

1741 2185 165 51 sachen
1937 2183 63 50 als
2033 2182 205 51 Beweise
2283 2182 127 50 dafür
2455 2182 81 50 auf
2573 2180 331 50 erkennbarem
2937 2180 188 50 Grunde
3167 2181 127 57 ruhe,

1740 2271 96 65 fügt
1862 2269 163 67 jedoch
2060 2267 147 55 hinzu,
2239 2267 101 50 dass
2372 2267 70 49 die
2472 2266 216 50 Existenz
2720 2266 79 48 des
2832 2265 465 49 Charakteristischen

1740 2352 200 51 dadurch
1973 2352 121 50 nicht
2126 2351 40 48 in
2198 2351 182 48 Zweifel
2422 2369 52 30 zu
2521 2350 157 49 stellen
2710 2350 77 57 sei,
2836 2350 100 48 dass
2970 2349 82 49 wir
3085 2347 94 50 hier
3210 2349 87 49 wie

1741 2436 284 50 anderwärts
2056 2435 149 49 Vieles
2235 2434 116 49 noch
2385 2434 122 49 nicht
2539 2451 52 31 zu
2619 2432 342 50 durchschauen
2988 2431 309 50 vermöchten.

1742 2523 93 48 Das
1867 2519 434 49 Charakteristische
2340 2517 280 50 beschränke
2659 2516 93 51 sich
2794 2516 120 50 nicht
2956 2515 80 49 auf
3063 2515 69 49 die
3163 2515 136 51 Höhe

1742 2604 93 51 und
1867 2604 139 58 Tiefe,
2037 2603 113 49 auch
2183 2601 122 51 nicht
2334 2603 127 48 allein
2494 2601 78 50 auf
2591 2603 108 47 Dur
2732 2600 87 50 und
2840 2601 129 56 Moll,
3001 2599 198 49 sondern
3232 2599 69 51 die

1741 2688 333 66 Tonordnung,
2119 2688 42 48 in
2210 2685 196 50 welcher
2451 2685 91 50 sich
2584 2685 99 48 Ton
2730 2702 56 31 an
2817 2685 100 48 Ton
2963 2683 213 50 innerlich
3223 2700 51 32 an-

1741 2771 221 55 schliesst,
2003 2770 155 48 werde
2198 2770 40 48 in
2273 2769 130 66 jeder
2433 2770 174 47 Tonart
2638 2785 54 31 zu
2726 2768 125 48 einer
2881 2766 213 58 anderen,
3142 2766 87 49 und

1741 2857 63 49 sei
1836 2857 43 49 in
1918 2857 147 49 C-dur
2095 2854 70 50 ein
2197 2854 207 57 anderes,
2434 2853 64 49 als
2530 2852 42 49 in
2601 2853 178 49 D-dur.

1868 2938 226 51 Hiernach
2127 2937 97 67 gibt
2254 2954 48 33 er
2334 2937 99 49 eine
2452 2934 356 51 Charakteristik
2841 2934 80 50 der
2940 2935 246 57 Tonarten,
3218 2932 52 52 de-

1745 3042 77 33 ren
1855 3022 324 52 wesentlichen
2211 3022 146 49 Inhalt
2389 3020 81 50 wir
2500 3019 338 66 auszugsweise
2869 3018 274 49 mittheilen:

1869 3108 85 48 Die
1971 3106 292 67 Aufstellung
2290 3106 122 48 einer
2429 3103 357 49 Charakteristik
2819 3102 80 49 der
2928 3100 228 51 einzelnen
3172 3102 93 49 Ton-

1744 3199 128 44 arten
1893 3192 75 49 hat
1991 3207 80 32 aus
2091 3189 134 49 leicht
2246 3187 332 51 erkennbarem
2598 3186 189 49 Grunde
2809 3186 69 48 die
2895 3188 179 62 grösste
3094 3184 174 51 Schwie-

1744 3276 176 66 rigkeit,
1963 3274 90 50 und
2098 3272 79 51 das
2216 3272 305 66 Aufgestellte
2553 3271 111 49 wird
2696 3271 119 48 nicht
2846 3269 77 49 auf
2941 3268 131 65 jedes
3104 3269 167 49 vorhan-

1744 3360 115 49 dene
1892 3357 151 53 Werk
2075 3366 157 56 streng
2264 3356 203 64 bezogen
2512 3354 183 50 werden
2738 3354 194 54 können,
2977 3352 100 48 weil
3111 3352 71 49 die
3213 3353 57 48 Be-

1744 3442 397 66 handlungsweise
2182 3440 64 49 als
2287 3440 79 49 das
2399 3437 359 51 Entscheidende
2782 3452 80 33 vor
2893 3436 148 48 Allem
3074 3436 42 49 in
3147 3436 121 51 Rück-

1745 3528 115 50 sicht
1892 3527 173 48 kommt
2097 3523 92 51 und
2217 3541 102 32 man
2352 3522 169 50 danach
2542 3540 52 30 zu
2621 3522 151 64 fragen
2794 3520 91 58 hat,
2918 3520 85 48 wie
3030 3518 80 51 der
3128 3521 143 49 Künst-

1744 3612 66 50 ler
1853 3611 72 49 die
1957 3611 174 48 Tonart
2175 3607 244 51 melodisch
2461 3603 268 51 behandelte
2772 3603 92 51 und
2907 3605 79 48 auf
3012 3603 141 51 deren
3186 3605 87 49 Ver-

1745 3694 301 52 wandtschaft
2076 3692 79 50 mit
2184 3691 200 51 anderen
2417 3691 228 47 Tonarten
2678 3688 200 66 einging.
2922 3688 105 49 Man
3061 3688 118 50 kann
3208 3688 91 50 also

1745 3779 294 66 zugestehen,
2098 3777 101 49 dass
2253 3776 98 48 eine
2395 3771 306 51 theoretische
2746 3771 359 50 Charakteristik
3149 3772 153 50 weder

1744 3861 243 56 ausreicht,
2032 3860 114 49 noch
2194 3859 69 49 die
2307 3856 108 50 freie
2447 3855 268 67 Schöpfung
2756 3855 162 66 jemals
2956 3855 164 49 binden
3163 3855 138 57 wird;

1745 3946 115 50 doch
1892 3961 186 47 vermag
2113 3944 80 48 der
2217 3939 277 50 Tondichter
2525 3939 114 49 auch
2673 3939 123 49 nicht
2827 3939 68 48 die
2927 3940 145 48 Natur
3104 3939 89 50 und
3224 3939 52 49 de-

1746 4048 79 32 ren
1857 4026 375 70 eigenthümliche
2249 4024 414 51 Ausdrucksweise
2695 4024 366 58 umzuwandeln,
3090 4022 209 53 vielmehr

1747 4113 77 49 hat
1848 4113 130 65 jeder
2010 4109 292 51 willkürliche
2321 4106 223 70 Missgriff
2568 4106 91 51 sich
2692 4106 142 51 selbst
2866 4106 254 69 geschadet,
3151 4104 148 52 indem

2694 4190 59 50 19

154 831 79 57 Nr.
272 828 75 60 19.

2860 806 59 58 V.
2954 807 275 75 Jahrgang.

1433 802 173 82 KÖLN,
1647 813 51 57 9.
1736 809 98 60 Mai
1874 809 143 57 1857.
