3472 4427
1640 169 92 54 151

80 312 190 67 Dreissig
299 312 138 50 Jahre
482 310 403 52 ununterbrochen
932 309 79 48 auf
1049 307 100 50 dem
1183 308 282 67 Repertoire.
1526 310 108 50 Erst

75 396 64 50 als
172 395 178 51 Chollet
382 397 69 49 die
476 397 157 49 Bühne
664 413 80 32 vor
776 402 116 41 etwa
927 392 139 49 zwölf
1086 392 168 49 Jahren
1286 394 195 57 verliess,
1514 394 120 67 legte

73 497 103 32 man
207 481 63 49 sie
300 482 182 49 zurück.
529 481 104 48 Ihre
665 475 346 68 Gesangstücke
1044 476 187 49 wurden
1265 475 252 68 beispiellos
1551 496 52 49 po-

73 564 153 66 pulär;
259 565 172 55 Nicolo,
463 565 80 49 der
574 561 203 66 zugleich
812 561 269 64 Componist
1112 560 91 48 und
1235 560 396 68 Musik-Verleger

74 665 108 41 war,
228 649 82 49 soll
352 649 99 48 eine
492 648 131 64 lange
655 647 98 46 Zeit
784 642 220 51 hindurch
1030 642 189 66 jährlich
1255 643 212 58 60,000
1504 648 124 47 Frcs.

71 749 55 31 an
158 732 102 49 dem
278 733 230 49 Verkaufe
539 731 80 48 der
650 728 232 48 einzelnen
913 728 252 49 Nummern
1195 727 79 49 des
1307 728 294 50 Clavier-Aus-

73 832 110 49 zugs
214 816 202 48 verdient
449 813 159 49 haben.
667 811 127 49 Noch
828 811 116 66 jetzt
986 810 207 50 bewährt
1225 811 120 49 diese
1376 812 147 49 Musik
1555 811 68 49 für

64 898 127 64 jedes
225 896 347 52 unverdorbene
593 895 102 50 Ohr
724 895 125 49 ihren
873 895 465 49 einschmeichelnden
1364 895 122 50 Reiz.
1530 896 60 49 De-

71 982 202 49 moiselle
301 980 221 50 Lefebvre
553 979 118 66 singt
702 979 77 48 das
810 978 378 51 Rosenmädchen
1220 978 243 48 Jeannette
1497 978 107 49 aller-

70 1065 149 56 liebst,
253 1065 91 49 und
377 1065 79 48 der
475 1063 181 49 Bariton
678 1063 148 49 Faure
857 1062 55 49 ist
943 1063 40 48 in
1016 1063 80 48 der
1124 1062 269 65 Hauptrolle
1418 1062 183 48 vortreff-

70 1149 99 49 lich.
200 1149 136 47 Diese
368 1151 123 45 wäre
522 1147 115 49 auch
670 1145 69 50 für
769 1145 316 51 Stockhausen
1118 1145 105 48 sehr
1251 1145 191 66 passend
1475 1163 121 48 gewe-

70 1250 94 38 sen,
207 1230 109 50 aber
346 1232 122 48 seine
501 1230 379 49 Unbeholfenheit
910 1230 57 48 im
998 1229 119 67 Spiel
1150 1228 179 49 hindert
1360 1229 120 48 seine
1514 1230 85 47 Ver-

78 1315 232 66 wendung
339 1316 80 48 auf
444 1316 80 48 der
552 1315 173 49 Bühne.

195 1461 103 48 Nun
329 1461 115 48 noch
478 1460 67 48 ein
581 1477 105 49 paar
722 1460 167 48 Worte
919 1459 113 49 über
1064 1460 78 49 das
1177 1460 145 49 kleine
1353 1460 197 49 Theater
1585 1460 41 49 in

73 1545 79 49 der
182 1546 192 64 Passage
407 1545 218 49 Clioiseul.
687 1542 144 50 Unser
862 1544 288 48 Landsmann
1197 1545 39 48 J.
1284 1543 340 49 Offenbach

74 1628 258 49 entwickelt
369 1627 127 49 dabei
528 1627 120 49 nicht
680 1644 85 31 nur
795 1626 64 49 als
892 1627 223 57 Director,
1162 1627 196 49 sondern
1404 1627 112 48 auch
1562 1627 63 48 als

74 1712 266 67 Componist
370 1712 96 47 eine
499 1728 158 48 grosse
684 1709 333 66 Thätigkeit—
1031 1711 82 48 seit
1131 1711 170 48 Januar
1334 1711 74 47 hat
1439 1727 48 31 er
1519 1710 80 49 wie-

73 1796 80 48 der
184 1814 54 30 zu
273 1795 92 48 drei
398 1795 248 65 einactigen
672 1795 254 65 Operetten
957 1794 97 48 eine
1085 1794 128 48 recht
1243 1793 145 64 artige
1419 1793 89 48 und
1543 1811 54 30 un-

73 1879 283 49 terhaltende
401 1879 147 48 Musik
595 1878 218 65 geliefert,
861 1895 132 31 wenn
1041 1878 140 48 schon
1227 1876 69 49 die
1334 1876 293 49 Textbücher

75 1963 90 48 und
209 1962 154 49 mithin
407 1962 80 48 der
530 1961 154 65 Erfolg
729 1961 80 49 der
839 1961 169 49 Stücke
1056 1961 104 47 sehr
1207 1959 206 66 ungleich
1460 1977 165 31 waren.

73 2046 203 64 Anfangs
304 2046 124 65 April
462 2045 54 48 ist
548 2046 115 47 dann
697 2044 112 48 auch
844 2045 69 47 die
944 2045 280 64 Preis-Oper
1243 2045 61 48 Le
1324 2045 197 48 Docteur
1538 2045 58 48 Mi-

73 2132 114 47 racle
217 2129 205 65 gegeben
449 2127 203 55 worden,
685 2128 136 48 heute
852 2127 81 48 mit
965 2127 147 48 Musik
1146 2144 86 31 von
1264 2128 209 65 Lecoq,
1507 2144 87 31 mor-

73 2230 85 46 gen
192 2212 77 48 mit
301 2212 147 48 Musik
482 2229 83 30 von
599 2210 179 54 Bizet,
808 2210 128 48 beide
956 2210 116 48 Male
1099 2210 142 49 durch
1262 2210 226 48 dieselben
1505 2211 87 47 Dar-

74 2295 166 49 steller.
302 2295 81 48 Die
415 2295 185 48 Richter
647 2294 152 48 hatten
845 2293 189 49 nämlich
1086 2293 85 48 den
1219 2292 406 50 Offenbach'schen

73 2379 128 47 Preis
245 2378 150 48 diesen
443 2377 156 49 beiden
633 2376 275 50 Bewerbern
939 2395 56 32 ex
1026 2395 141 48 aequo
1212 2376 263 50 zuerkannt.
1534 2379 92 46 Das

74 2462 235 49 Publicum
343 2462 74 48 hat
444 2461 163 65 jedoch
642 2460 127 49 mehr
803 2462 147 47 Partei
984 2460 67 48 für
1082 2460 85 48 den
1200 2459 425 66 achtzehnjährigen

73 2545 125 48 Bizet
230 2561 287 49 genommen,
549 2544 160 49 dessen
729 2544 146 49 Musik
908 2560 110 48 ganz
1039 2543 174 49 hübsch
1240 2542 70 59 ist,
1341 2561 86 30 nur
1458 2543 139 49 zuwei-

75 2628 70 48 len
178 2637 141 40 etwas
353 2647 51 29 zu
438 2628 212 64 gedehnt.
688 2629 88 47 Das
796 2627 140 49 Stück
967 2626 141 50 selbst
1138 2626 57 48 ist
1224 2626 99 48 eine
1353 2627 156 57 Posse,
1541 2626 85 50 wie

75 2729 101 31 man
208 2713 137 47 deren
368 2712 237 48 Hunderte
638 2711 97 57 hat;
767 2711 98 48 eine
896 2709 460 66 Schein-Vergiftung
1390 2710 130 67 spielt
1550 2710 49 48 da-

77 2794 66 47 bei
186 2795 69 49 die
289 2794 294 67 Hauptrolle:
630 2794 68 49 ein
731 2794 186 49 Officier
950 2792 191 51 bewirkt
1185 2793 61 48 sie
1291 2793 62 48 als
1386 2793 241 48 Bedienter

76 2878 89 49 und
207 2886 137 41 rettet
390 2880 62 47 als
484 2880 174 47 Doctor
700 2878 85 48 den
821 2877 152 58 Alten,
1019 2876 219 50 natürlich
1280 2894 75 31 um
1388 2877 85 48 den
1507 2876 120 49 Preis

77 2961 146 49 seiner
253 2963 213 49 Tochter.

1377 2959 47 49 B.
1457 2959 47 47 P.

202 3376 39 39 in
285 3377 77 38 den
402 3376 188 39 Monaten
634 3376 116 50 April
779 3378 83 37 und
889 3377 81 40 Mai
1014 3378 99 39 1814
1157 3377 236 39 wechselten
1438 3375 191 46 Joconde,

207 3438 98 39 Jean
329 3438 47 38 de
398 3436 112 40 Paris
538 3438 80 38 lind
639 3438 251 40 Chcrubini's
912 3441 294 51 Wasserträger
1234 3440 38 38 in
1303 3440 70 38 der
1402 3438 226 39 komischen

207 3499 63 50 Op
276 3512 41 25 er
346 3501 49 37 ab
509 3500 94 39 alles
633 3500 221 39 vollendete
884 3501 308 51 Vorstellungen
1237 3502 39 38 in
1306 3501 171 48 Gesang,
1520 3499 108 49 Spiel

207 3562 80 37 und
320 3560 224 47 Orchester,
591 3561 75 39 wie
706 3561 71 39 wir
818 3562 56 38 sie
912 3562 38 39 in
981 3563 131 40 dieser
1142 3564 174 50 Gattung
1345 3562 107 39 nicht
1481 3561 147 39 wieder

205 3622 141 53 gehört
376 3624 141 38 haben.
574 3624 79 39 Der
684 3624 295 50 Wasserträger
1020 3626 137 38 wurde
1201 3626 151 38 damals
1392 3624 71 39 mit
1501 3622 126 39 einem

209 3685 292 51 improvisirten
531 3686 185 39 Schlüsse
745 3686 189 50 gegeben,
978 3685 70 39 der
1090 3699 74 26 uns
1193 3687 75 38 viel
1297 3699 45 25 zu
1374 3686 136 38 lachen
1540 3685 89 51 gab.

210 3749 78 38 Der
305 3748 135 38 Retter
469 3748 69 37 des
556 3747 145 40 Grafen
722 3748 179 38 Armand
932 3750 144 35 stürzte
1106 3748 194 38 athemlos
1329 3748 68 38 auf
1423 3747 61 39 die
1505 3748 125 38 Scene

210 3810 79 39 und
333 3809 91 39 rief:
466 3810 69 35 Les
564 3810 106 35 allies
698 3818 81 28 sont
809 3818 99 29 entre
945 3810 95 35 dans
1070 3810 124 44 Paris,
1239 3817 78 28 tout
1346 3817 51 28 est
1421 3810 207 48 pardonne,

205 3875 119 33 vivent
351 3873 51 35 les
424 3873 226 35 Souverains
678 3873 117 44 allies,
824 3874 118 34 vivent
970 3872 49 35 les
1049 3871 221 36 Bourbons!
1378 3871 80 38 und
1493 3871 141 38 darauf

210 3936 163 37 wurden
405 3934 185 50 Couplets
633 3933 70 38 auf
740 3933 64 38 die
834 3934 142 39 Kaiser
1005 3933 229 38 Alexander
1272 3933 79 37 und
1383 3933 125 37 Franz
1548 3932 80 38 und

208 3999 70 36 auf
304 3998 75 37 den
411 3995 132 51 König
574 3994 200 39 Friedrich
799 3995 190 38 Wilhelm
1010 3995 69 38 111.
1108 4005 216 39 gesungen.
1353 3994 58 37 Im
1449 3994 153 38 Wasser-

210 4061 131 47 träger
370 4059 79 37 und
480 4057 39 39 in
549 4057 176 39 Joconde
757 4068 78 26 war
865 4056 191 40 Martin
1086 4056 62 39 die
1178 4056 292 49 Hauptperson,
1500 4056 128 38 neben

210 4120 82 39 ihm
311 4120 106 41 Mad.
449 4121 291 48 Boulanger
769 4119 79 38 und
879 4119 103 38 Mad.
1015 4117 294 41 Gavaudan.

1463 4177 40 37 L.
1538 4178 40 36 B.

1945 338 257 46 Drittes
2243 338 835 47 Abonnements-Concert

2020 441 85 51 Des
2155 438 167 53 kölner
2356 438 722 54 Männergesang-Vereins.

2194 556 276 46 Mittwoch,
2510 557 93 38 den
2645 558 35 38 6.
2719 559 111 38 Mai.

1806 647 79 38 Das
1915 647 113 38 letzte
2054 645 170 39 Concert
2248 644 69 38 des
2336 643 509 50 Männergesang-Vereins
2872 649 116 35 unter
3018 646 170 51 Leitung
3217 647 69 39 des

1724 707 37 40 k.
1792 707 355 40 Musik-Directors
2178 707 43 38 F.
2253 706 187 39 Weber
2481 716 82 27 war
2601 705 151 37 sowohl
2783 705 124 39 durch
2935 706 85 39 sein
3050 707 236 53 Programm

1722 769 75 39 wie
1827 769 125 39 durch
1983 769 65 38 die
2081 769 265 50 Ausführung
2388 768 209 39 desselben
2636 765 108 40 eines
2774 767 69 37 der
2872 768 312 41 bedeutendsten
3213 771 72 40 der

1721 831 269 51 diesjährigen
2020 830 154 40 Saison.
2232 830 241 51 Aufgeführt
2517 828 166 38 wurden
2723 827 63 38 die
2817 828 130 39 Musik
2977 841 76 27 von
3083 832 40 37 F.
3152 832 100 41 Men-

1721 893 248 38 delssohn
2000 903 69 26 zur
2096 891 282 51 Antigone,
2422 890 62 38 die
2515 889 345 50 Dithyrambe
2900 900 75 27 von
3004 891 91 38 Jul.
3125 893 158 49 Rietz,

1720 954 118 38 beide
1868 954 70 38 mit
1969 952 302 52 vollständigem
2295 951 226 46 Orchester,
2554 950 79 39 und
2664 949 88 39 eine
2783 961 101 27 neue
2914 949 270 51 Composition
3207 966 76 28 von

1721 1015 42 38 F.
1792 1015 109 38 Hill
1917 1027 51 26 er
2014 1015 61 38 für
2104 1015 269 40 Männerchor
2403 1014 105 39 ohne
2538 1013 257 50 Begleitung:
2841 1011 190 46 „Meine

1720 1089 75 27 von
1827 1076 129 39 Göthe
1981 1076 136 51 (Drei
2149 1076 257 40 Gedichte
2435 1088 95 26 von
2561 1074 165 40 Göthe
2756 1074 63 38 für
2848 1072 311 53 vierstimmigen
3175 1076 84 41 Män-

1722 1137 181 39 nerchor.
1934 1136 75 53 Op.
2041 1138 61 38 63.
2132 1138 144 46 Mainz,
2304 1138 64 39 bei
2400 1137 43 39 B.
2474 1136 167 39 Schott's
2670 1135 195 48 Söhnen).

1801 1200 80 38 Der
1910 1199 107 40 Chor
2048 1211 80 27 war
2157 1199 103 39 stark
2293 1201 169 43 besetzt;
2493 1211 49 26 an
2576 1198 73 38 100
2680 1197 164 51 kräftige
2860 1196 196 40 Stimmen
3086 1198 86 48 (der
3191 1200 72 41 Ver-

1722 1260 63 39 ein
1816 1261 102 39 zählt
1958 1262 95 50 jetzt
2086 1262 72 38 136
2189 1262 122 38 active
2339 1260 241 52 Mitglieder)
2628 1261 177 49 drangen
2851 1261 150 37 überall
3043 1261 242 42 vortrefflich

1722 1323 124 38 durch
1879 1324 77 37 und
1988 1323 187 38 schieden
2214 1323 81 38 sich
2326 1323 99 38 auch
2457 1323 37 38 in
2528 1323 75 37 den
2637 1321 304 50 Doppelchören
2971 1321 92 40 sehr
3094 1322 188 41 deutlich.

1722 1385 78 38 Das
1832 1386 156 37 letztere
2018 1390 88 44 trug
2136 1383 355 39 ausserordentlich
2523 1383 74 39 viel
2628 1396 69 25 zur
2724 1382 224 51 Erhöhung
2977 1383 71 39 der
3079 1385 202 54 Wirkung

1722 1448 71 36 der
1823 1445 356 52 Antigone-Musik
2212 1446 74 38 bei.
2317 1445 42 39 C.
2390 1445 47 39 0.
2467 1446 149 37 Stern
2630 1457 57 26 au
2718 1444 139 51 sprach
2888 1445 69 38 mit
2973 1446 213 42 Ausdruck
3215 1450 69 40 das

1722 1519 75 27 von
1829 1508 81 38 ihm
1941 1508 186 37 verfasste
2158 1507 269 38 verbindende
2449 1506 183 47 Gedicht,
2663 1507 38 37 in
2735 1506 167 39 welches
2932 1507 62 38 die
3024 1509 234 41 melodrama-

1722 1570 98 38 tisch
1853 1570 264 38 behandelten
2149 1569 145 38 Stellen
2338 1569 70 37 der
2437 1569 197 49 Tragödie
2679 1568 68 37 auf
2786 1567 225 50 geschickte
3051 1571 79 37 und
3160 1584 97 40 unge-

1721 1644 219 40 zwungene
1976 1632 132 39 Weise
2138 1632 305 49 aufgenommen
2473 1643 146 26 waren.
2649 1631 51 38 So
2731 1631 154 38 machte
2916 1631 103 38 denn
3050 1633 68 38 das
3149 1633 131 43 Ganze

1722 1695 123 37 durch
1877 1695 76 37 den
1985 1698 157 33 ernsten
2173 1692 82 38 und
2286 1691 131 39 hohen
2449 1691 110 39 Geist
2601 1692 70 38 der
2700 1691 341 50 Sophokleischen
3072 1693 211 54 Dichtung,

1721 1756 125 38 durch
1877 1756 63 38 die
1971 1756 137 38 innere
2138 1754 111 38 Kraft
2279 1756 70 35 der
2378 1752 275 51 Composition
2700 1754 80 37 und
2819 1753 62 39 die
2912 1755 237 49 grossartige
3178 1757 78 40 Aus-

1720 1818 174 50 führung
1936 1818 117 38 einen
2092 1818 119 37 tiefen
2255 1815 217 42 Eindruck,
2517 1828 76 25 von
2636 1816 192 38 welchem
2940 1818 240 39 namentlich
3208 1832 76 28 von

1719 1881 89 37 dem
1837 1880 278 38 Bacchuschor
2144 1890 50 26 an
2224 1878 58 38 bis
2324 1890 86 25 zum
2444 1878 159 38 Schluss
2714 1878 63 38 die
2820 1890 124 38 ganze
2973 1878 307 45 Zuhörerschaft

1719 1942 172 38 sichtbar
1921 1940 183 51 ergriffen
2136 1952 93 26 war.

1802 2004 113 37 Diese
1932 2003 133 38 Musik
2096 2003 109 36 füllte
2236 2002 64 38 die
2330 2007 100 32 erste
2454 2001 248 50 Abtheilung
2731 2003 68 38 des
2817 2003 203 42 Concerts.
3050 2006 230 42 Diezweite

1722 2066 155 49 begann
1908 2065 68 37 mit
2006 2065 109 38 einer
2142 2068 120 46 guten
2291 2063 263 49 Ausführung
2585 2064 70 37 der
2695 2063 298 43 Ouvertüre
3036 2081 89 26 zur
3165 2070 88 39 Zau-

1722 2128 237 45 berflöte,
2003 2127 121 38 deren
2154 2126 164 49 Allegro
2349 2124 107 39 nicht
2486 2132 99 31 etwa
2616 2126 220 49 abgehetzt,
2882 2130 172 38 sondern
3086 2142 74 28 von
3190 2133 91 39 dem

1724 2189 230 50 Dirigenten
1998 2187 41 40 in
2084 2187 92 39 sehr
2216 2186 208 50 richtigem
2455 2187 166 50 Tempo,
2669 2188 63 39 bei
2763 2190 191 39 welchem
2984 2191 115 40 keine
3129 2193 151 52 einzige

1721 2252 70 38 der
1819 2252 249 38 zahlreichen
2089 2250 418 42 Detail-Schönheiten
2530 2251 180 38 verloren
2731 2251 106 51 ging,
2866 2265 240 39 genommen
3126 2257 152 39 wurde.

1799 2313 172 39 Hierauf
1995 2314 120 48 folgte
2143 2312 108 39 Hill
2265 2312 90 39 er's
2385 2311 272 50 Composition
2686 2312 157 46 „Meine
3064 2315 129 41 Hiller
3215 2318 68 40 hat

1722 2375 63 39 die
1823 2376 104 38 oben
1968 2375 204 38 erwähnte
2201 2374 189 50 Ausgabe
2434 2373 69 39 mit
2546 2373 204 50 folgender
2780 2374 254 53 Bemerkung
3077 2379 204 50 begleitet:

1724 2437 96 48 „Bei
1849 2438 70 38 der
1947 2448 164 38 grossen
2140 2436 290 49 Ausdehnung,
2477 2436 150 38 welche
2656 2436 69 38 der
2753 2437 321 53 Männergesang
3104 2441 179 51 heutiges

1723 2501 128 49 Tages
1880 2511 235 38 gewonnen,
2146 2499 48 38 ist
2223 2510 41 27 es
2295 2499 87 38 eine
2411 2497 237 39 auffallende
2671 2497 290 54 Erscheinung,
2991 2502 90 38 dass
3111 2515 42 26 er
3182 2504 102 39 nach

1723 2562 110 39 einer
1862 2562 104 39 Seite
1999 2562 68 38 hin
2096 2573 42 27 so
2168 2561 129 51 wenig
2327 2562 159 38 benutzt
2511 2561 176 46 worden,
2717 2561 148 39 welche
2894 2563 131 38 seiner
3043 2563 125 42 Natur
3198 2578 64 27 vor-

1724 2623 216 51 zugsweise
1969 2635 258 39 angemessen
2258 2623 207 45 erscheint,
2495 2623 100 39 nach
2625 2624 70 38 der
2725 2624 173 38 nämlich
2930 2626 68 37 des
3028 2626 217 41 declama-

1724 2686 269 38 torischen
2038 2685 266 51 Gesanges
2347 2686 71 38 mit
2448 2686 234 50 Benutzung
2716 2691 163 41 ernster,
2908 2687 375 52 bedeutungsvoller

1724 2747 137 47 Texte,
1903 2748 75 38 wie
2006 2748 56 39 sie
2091 2747 107 40 eines
2227 2748 126 39 Chors
2383 2760 74 26 von
2488 2748 198 39 Männern
2716 2749 155 49 würdig
2902 2749 99 39 sind.
3057 2751 80 40 Der
3166 2751 87 41 Com-

1722 2809 132 51 ponist
1896 2810 65 38 hat
2001 2810 54 38 im
2098 2810 263 50 anliegenden
2402 2810 119 38 Hefte
2567 2810 263 47 (namentlich
2866 2810 76 38 den
2974 2817 128 34 ersten
3134 2814 144 40 beiden

1724 2872 239 39 Nummern:
1994 2872 158 46 „Meine
2371 2873 82 37 und
2484 2872 209 46 „Gränzen
2723 2873 71 38 der
3151 2876 129 51 einige

1726 2932 205 40 Versuche
1960 2934 193 50 gemacht,
2195 2934 178 38 welchen
2419 2946 43 26 er
2498 2934 114 37 mehr
2651 2946 68 25 um
2763 2933 109 39 ihrer
2900 2934 199 53 Richtung
3126 2939 55 38 als
3210 2951 68 28 um

1724 2994 107 38 ihrer
1860 2996 120 37 selbst
2011 2995 129 38 willen
2170 2995 88 38 eine
2290 2994 243 39 beachtende
2563 2994 263 39 Theilnahme
3191 3001 88 39 Wir

1724 3055 87 39 sind
1842 3056 37 38 in
1910 3057 134 50 Bezug
2072 3057 69 38 auf
2166 3058 76 37 den
2273 3062 130 34 ersten
2429 3057 89 38 Salz
2548 3069 97 37 ganz
2675 3057 73 38 mit
2777 3058 89 38 dem
2886 3058 279 51 Componisten
3196 3062 63 39 ein-

1724 3119 245 43 verstanden,
2013 3120 76 36 den
2127 3120 140 38 letzten
2298 3121 96 37 aber
2422 3123 161 35 müssen
2617 3120 71 38 wir
2728 3120 257 50 berichtigen.
3043 3123 95 38 Was
3168 3125 110 38 seine

1725 3179 329 40 Bescheidenheit
2099 3180 205 39 Versuche
2348 3186 133 41 nennt,
2528 3182 64 37 hat
2636 3182 81 38 sich
2764 3188 114 33 unter
2923 3182 128 39 seiner
3091 3183 165 53 kunstge-

1724 3242 183 38 wandten
1940 3242 116 38 Hand
2086 3255 45 25 zu
2162 3242 129 39 feinen
2310 3243 356 39 Cabinelsstücken
2682 3245 188 49 gestaltet,
2900 3243 62 39 die
2979 3244 299 43 Meisterwerke

1724 3304 108 39 einer
1862 3317 127 26 neuen
2022 3304 173 51 Gattung
2225 3306 101 38 sind.
2381 3306 96 39 Man
2506 3308 137 37 würde
2674 3306 90 39 sehr
2793 3306 115 44 irren,
2954 3318 117 27 wenn
3115 3321 91 27 man
3238 3311 40 38 in

1723 3367 135 38 diesen
1887 3366 324 51 Compositionen
2241 3367 113 38 einen
2395 3368 227 46 trockenen,
2665 3368 84 39 rein
2786 3368 379 41 declamatorischen
3194 3372 84 46 Stil,

1722 3429 214 51 gleichsam
1969 3442 73 26 nur
2071 3431 87 37 eine
2187 3429 203 40 wörtliche
2422 3431 291 49 Uebersetzung
2744 3429 67 39 des
2836 3429 214 40 Gedichtes
3081 3433 39 39 in
3149 3434 130 40 Noten

1723 3492 257 38 vermuthete.
2037 3492 98 38 Dem
2166 3492 48 38 ist
2242 3492 108 38 nicht
2378 3504 55 33 so,
2477 3493 79 37 und
2586 3492 67 38 das
2683 3503 80 27 war
2791 3492 100 38 auch
2921 3505 78 27 von
3030 3494 141 47 Hiller,
3209 3497 70 40 der

1722 3553 65 40 nie
1816 3554 174 49 vergisst,
2033 3553 89 38 dass
2150 3554 94 37 alles
2274 3553 61 39 für
2364 3553 156 50 Gesang
2550 3553 295 40 Geschriebene
2874 3555 136 40 Musik
3041 3556 83 40 sein
3156 3571 123 36 muss,

1723 3616 108 38 nicht
1860 3628 45 26 zu
1935 3619 206 34 erwarten.
2199 3614 71 39 Die
2300 3614 269 39 Declamation
2611 3614 63 38 hat
2705 3627 73 26 nur
2808 3616 64 38 die
2904 3617 120 40 Form
3055 3619 223 54 bestimmt;

1722 3679 108 38 diese
1859 3678 48 38 ist
1935 3677 83 46 frei,
2049 3676 73 39 wie
2151 3676 55 39 sie
2237 3689 39 26 es
2301 3676 99 39 auch
2429 3676 40 38 in
2498 3676 75 37 den
2595 3675 222 40 Gedichten
2847 3678 64 38 bei
2942 3678 130 42 Göthe
3104 3682 59 47 ist,
3195 3687 82 38 und

1722 3741 93 50 folgt
1843 3739 109 40 nicht
1981 3740 76 37 den
2088 3739 150 50 Regeln
2279 3738 108 38 einer
2430 3738 120 37 festen
2594 3738 306 40 miusicalischen
2931 3742 131 47 Form,
3105 3747 173 39 sondern

1721 3803 88 37 dem
1831 3801 138 49 Gange
1999 3801 67 37 des
2088 3799 222 43 Gedichtes,
2341 3810 73 26 nur
2445 3799 78 37 hält
2552 3798 68 47 sie,
2650 3812 42 26 so
2723 3800 75 38 wie
2822 3801 141 40 dieses,
2994 3804 89 39 eine
3112 3807 146 41 einheit-

1721 3864 99 39 liche
1862 3864 236 49 Stimmung,
2140 3863 99 38 auch
2286 3863 86 38 eine
2416 3863 304 50 Haupt-Tonart
2763 3865 56 49 (in
2861 3866 70 39 Nr.
2963 3869 16 37 1
3027 3870 133 37 D-dur
3201 3871 71 40 mit

1722 3927 54 35 G-
1806 3927 78 37 und
1917 3925 138 49 B-dur)
2082 3925 86 38 fest.
2222 3924 44 37 In
2297 3924 113 38 allem
2445 3923 198 51 Uebrigen
2674 3926 94 50 folgt
2799 3927 71 39 der
2891 3928 180 41 Musiker
3100 3932 75 38 wie
3204 3932 70 38 der

1722 3988 160 40 Dichter
1912 3988 153 45 „seiner
2295 3986 69 38 der
2399 3986 223 40 Phantasie.
2683 3988 83 39 Und
2797 3990 56 38 sie
2884 3990 65 39 hat
2988 3991 67 39 ihn
3086 3993 107 38 nicht
3220 3993 53 39 im

1721 4051 104 39 Sticii
1857 4050 197 49 gelassen;
2084 4050 104 37 denn
2217 4049 106 44 alles,
2354 4061 80 26 was
2464 4049 72 38 wir
2566 4049 136 42 hören,
2734 4050 45 39 ist
2809 4052 143 45 Musik,
2982 4053 48 39 ist
3058 4055 119 38 schön
3206 4055 46 39 de-

1721 4111 194 40 clamirter
1932 4110 168 50 Gesang,
2129 4111 70 37 der
2228 4110 63 38 die
2316 4110 137 40 Worte
2484 4111 189 50 beflügelt
2702 4114 79 37 und
2813 4113 105 48 hebt,
2947 4115 106 38 nicht
3082 4117 93 38 aber
3203 4117 69 39 das

1722 4171 257 52 Bleigewicht
2009 4172 338 50 psalmodirender
2375 4172 231 40 Monotonie
2634 4176 123 38 daran
2790 4176 117 50 hängt
2938 4178 76 38 und
3045 4177 55 39 sie
3132 4178 117 40 herab-
