2311 3893
835 235 330 27 PUBLICATIONS
1200 236 266 28 NOUVELLES

2085 239 71 37 375

191 328 62 41 La
279 328 252 41 traduction
546 329 53 40 de
623 328 60 41 M.
707 326 322 43 Prod'homme
1065 337 66 32 est
1165 329 150 46 claire,
1358 338 193 31 correcte
1587 338 41 31 et
1652 338 165 31 exacte.
1847 342 19 24 «
1892 328 127 42 Nous
2045 342 114 28 nous

138 411 195 27 sommes
355 396 177 53 efforcé,
559 398 131 49 dit-il,
717 398 54 40 de
793 398 158 40 rendre
976 396 225 52 l'original
1223 412 78 38 par
1325 412 86 26 une
1453 398 252 41 traduction
1748 400 121 39 aussi
1911 396 131 42 fidèle
2077 412 85 38 que

137 466 214 54 possible,
377 466 135 41 fût-ce
536 482 54 25 au
614 469 95 50 prix
732 468 54 39 de
812 466 244 52 bélégance
1075 476 41 31 et
1140 468 53 39 de
1214 467 39 39 la
1281 468 136 40 clarté
1440 468 154 39 chères
1619 482 55 26 au
1696 468 166 40 lecteur
1907 466 208 52 français.
2141 481 19 23 »

137 537 61 39 Le
221 536 256 40 traducteur
496 549 46 27 se
566 536 77 41 fait
670 539 54 37 ici
749 546 98 43 trop
873 537 215 39 modeste.
1113 535 86 41 Les
1233 536 193 52 qualités
1464 535 135 54 qu'on
1629 537 220 40 demande
1883 541 20 36 à
1948 551 87 26 une
2074 546 68 31 tra-

137 607 179 43 duction
341 614 102 31 sont
466 605 38 40 la
531 603 167 43 fidélité
720 614 42 32 et
786 604 280 42 l'exactitude
1085 614 41 31 et
1151 619 87 26 non
1273 605 244 51 l'élégance
1540 620 8 34 ;
1576 619 85 26 une
1683 607 253 40 traduction
1959 607 205 50 élégante

138 676 131 39 serait
290 687 87 27 une
401 675 218 50 trahison,
645 690 73 25 car
741 675 83 40 elle
845 688 55 27 ne
935 675 201 52 pourrait
1182 677 161 38 revêtir
1377 675 77 40 des
1492 679 256 46 agréments
1792 676 53 39 de
1884 676 112 51 style
2032 676 131 51 qu'en

137 743 268 50 s'éloignant
429 744 53 39 de
506 742 166 54 l'esprit
696 753 40 31 et
760 744 53 40 de
834 744 39 39 la
893 745 207 39 sincérité
1114 744 58 40 du
1198 753 113 31 texte
1332 744 194 50 original
1567 753 41 31 et
1641 757 54 27 en
1729 744 190 51 perdant
1960 753 122 31 toute
2116 758 46 26 sa

135 812 167 40 valeur.
331 812 126 40 Celle
480 814 54 39 de
560 813 58 40 M.
647 812 323 42 Prod'homme
984 826 214 27 conserve
1215 813 38 39 la
1280 826 162 27 saveur
1458 813 59 39 du
1539 821 113 31 texte
1668 813 54 39 de
1738 812 219 51 Wagner,
1972 822 42 31 et
2035 823 99 41 peut-

136 896 54 26 on
215 882 170 40 désirer
407 882 255 50 davantage
685 887 16 34 )
719 880 153 54 Quant
898 887 19 34 à
956 882 38 40 la
1023 895 18 23 «
1066 882 134 40 clarté
1237 895 37 34 »,
1318 882 104 40 c'est
1461 882 207 50 Wagner
1712 883 76 51 qui
1833 896 54 26 en
1924 897 20 25 a
1970 887 196 46 manqué

137 960 186 31 souvent
359 959 39 31 et
424 951 150 51 quand
597 950 257 41 l'obscurité
878 960 66 30 est
977 951 113 39 dans
1124 950 39 40 la
1198 955 166 47 pensée
1388 951 52 39 de
1468 948 203 50 l'auteur,
1709 950 84 40 elle
1818 964 54 26 ne
1897 960 103 42 peut
2019 964 79 38 pas
2119 963 47 27 se

135 1021 196 49 changer
350 1033 55 26 en
426 1020 187 40 lumière
638 1033 106 30 sous
769 1019 38 40 la
833 1019 151 52 plume
1017 1019 55 40 de
1106 1019 112 40 celui
1260 1021 74 50 qui
1372 1019 38 40 le
1440 1020 183 39 traduit.
1666 1019 121 40 Dans
1816 1033 18 24 «
1863 1033 85 26 une
1972 1021 138 38 visite
2141 1023 21 35 à

136 1089 256 40 Beethoven
417 1102 38 37 »,
482 1091 36 38 si
539 1091 279 50 pittoresque
842 1097 40 32 et
907 1090 34 39 si
963 1093 270 36 émouvante
1255 1093 21 34 à
1299 1089 38 39 la
1364 1087 101 49 fois,
1495 1087 53 42 R.
1589 1087 206 52 Wagner
1837 1097 88 31 met
1968 1088 112 39 dans
2116 1088 37 39 la

135 1158 172 40 bouche
328 1158 53 39 de
403 1158 257 40 Beethoven
682 1159 77 39 des
784 1158 194 40 théories
995 1172 75 26 sur
1092 1158 38 40 le
1148 1159 155 39 drame
1322 1158 186 39 musical
1536 1159 74 50 qui
1636 1167 101 31 sont
1760 1171 84 26 une
1866 1171 19 24 «
1913 1157 183 40 défense
2121 1167 40 30 et

135 1225 272 42 illustration
448 1240 19 24 »
493 1240 90 28 non
617 1228 53 39 de
709 1228 37 39 la
792 1230 209 50 musique
1038 1228 53 39 de
1128 1226 274 48 Beethoven,
1447 1228 112 38 mais
1600 1227 54 39 de
1706 1227 108 39 celle
1852 1227 54 39 de
1939 1226 221 51 Wagner.

135 1295 195 41 Voulant
353 1298 193 50 préciser
563 1296 39 40 le
627 1297 90 39 rôle
742 1310 86 39 que
853 1306 191 42 peuvent
1066 1297 122 51 jouer
1208 1296 113 40 dans
1342 1296 293 52 l'expression
1654 1296 286 51 dramatique
1975 1294 188 54 parfaite

135 1365 37 39 la
198 1366 100 39 voix
330 1365 216 40 humaine
569 1376 41 29 et
631 1365 63 40 les
717 1367 313 44 instruments,
1056 1365 27 40 il
1108 1367 205 50 esquisse
1339 1374 110 31 cette
1491 1365 171 39 théorie
1705 1364 349 53 philosophique
2075 1370 87 34 très

138 1435 253 39 allemande
411 1444 41 30 et
473 1437 76 49 qui
575 1449 20 25 a
615 1435 98 40 l'air
736 1435 52 40 de
810 1432 204 53 signifier
1038 1435 196 51 quelque
1254 1435 150 45 chose,
1433 1435 113 38 mais
1571 1447 54 26 ne
1645 1432 181 52 signifie
1866 1435 94 38 rien
1981 1445 7 27 :
2030 1446 19 24 «
2074 1432 87 41 Les

138 1517 105 26 sons
266 1504 78 39 des
367 1505 312 49 instruments,
700 1517 104 27 sans
829 1501 106 54 qu'il
956 1505 86 38 soit
1068 1501 200 54 possible
1289 1503 53 39 de
1360 1504 195 50 préciser
1576 1502 95 40 leur
1696 1504 119 38 vraie
1840 1499 319 53 signification,

139 1574 314 51 préexistaient
493 1573 112 40 dans
645 1573 38 39 le
729 1572 163 40 monde
929 1571 193 54 primitif
1150 1585 174 26 comme
1357 1585 193 37 organes
1591 1572 53 39 de
1669 1571 38 40 la
1749 1579 159 32 nature
1945 1575 138 42 créée,
2120 1580 42 31 et

141 1651 132 31 avant
313 1646 145 36 même
504 1656 56 38 qu
582 1642 28 40 il
654 1658 25 36 y
703 1647 73 35 eût
818 1643 79 39 des
934 1642 207 39 hommes
1186 1654 75 27 sur
1298 1651 114 30 terre
1466 1654 113 38 pour
1618 1640 221 40 recueillir
1882 1654 70 26 ces
1992 1653 170 37 vagues

140 1712 259 39 harmonies
440 1710 116 41 Mais
577 1712 27 38 il
629 1725 54 26 en
701 1720 65 31 est
791 1720 94 31 tout
915 1719 252 32 autrement
1207 1710 58 40 du
1290 1712 133 48 génie
1447 1711 53 38 de
1532 1710 40 39 la
1595 1711 96 38 voix
1715 1711 214 38 humaine
1952 1721 8 38 ;
1987 1709 173 39 celle-ci

137 1790 64 31 est
225 1779 273 53 l'interprète
518 1781 165 40 directe
704 1781 58 39 du
787 1793 122 26 cœur
933 1780 203 46 humain,
1163 1788 40 31 et
1226 1779 165 40 traduit
1435 1792 82 27 nos
1554 1781 256 38 sensations
1854 1778 242 40 abstraites
2122 1787 40 30 et

137 1849 331 41 individuelles.
516 1847 89 43 Son
649 1850 212 39 domaine
904 1858 66 31 est
1005 1849 117 39 donc
1148 1849 382 39 essentiellement
1566 1848 156 49 limité,
1762 1849 114 38 mais
1915 1861 70 26 ses
2023 1849 112 37 mani-

140 1919 235 40 festations
401 1927 103 32 sont
529 1919 204 52 toujours
756 1918 159 40 claires
932 1926 41 31 et
1000 1919 208 50 précises.
1237 1930 19 24 »
1280 1916 105 41 Cela
1410 1917 215 52 s'appelle
1645 1925 287 43 proprement
1956 1916 58 39 du
2046 1915 93 51 gali-

139 1989 176 48 matias,
361 1996 42 31 et
442 2001 47 26 ce
535 1988 112 40 n'est
682 2000 79 39 pas
805 2002 56 25 au
904 1987 256 39 traducteur
1204 1985 210 49 français,
1470 1986 174 49 malgré
1675 1999 45 26 sa
1763 1984 272 51 confession,
2073 1998 86 38 que

136 2070 112 27 nous
268 2070 54 26 en
356 2055 149 41 ferons
528 2056 38 40 le
592 2056 228 52 reproche.

192 2125 61 41 Le
276 2127 132 49 génie
426 2126 52 40 de
512 2125 53 41 R.
592 2125 206 51 Wagner
830 2126 233 40 dominera
1091 2125 259 53 longtemps
1376 2125 38 39 le
1449 2124 163 40 monde
1647 2125 251 51 artistique.
1941 2122 221 40 Musicien

135 2204 40 31 et
201 2200 145 47 poète,
361 2195 28 39 il
416 2209 20 25 a
457 2199 97 36 créé
576 2209 88 26 une
689 2195 142 40 forme
851 2193 112 42 d'art
983 2195 109 40 dont
1113 2207 108 27 ceux
1245 2198 169 36 mêmes
1430 2195 76 51 qui
1530 2192 88 42 s'en
1645 2194 268 39 détournent
1931 2191 231 41 subissent

135 2264 265 40 l'influence.
425 2263 30 40 Il
477 2278 21 25 a
524 2265 122 51 peint
668 2264 62 39 les
755 2266 210 50 passions
983 2263 236 40 humaines
1242 2277 105 26 avec
1364 2277 84 26 une
1473 2263 101 40 telle
1598 2263 208 40 sincérité
1830 2261 330 52 d'inspiration,

137 2347 102 26 avec
262 2347 88 26 une
372 2333 102 40 telle
494 2334 239 51 puissance
757 2333 322 52 d'expression,
1108 2332 108 51 qu'il
1257 2347 20 24 a
1306 2334 84 37 mis
1414 2332 112 40 dans
1552 2346 45 25 sa
1634 2332 208 49 musique
1866 2340 121 30 toute
2021 2329 38 40 la
2093 2331 68 37 vie

134 2402 52 40 de
208 2400 145 42 l'âme.
381 2401 121 41 C'est
534 2404 224 50 pourquoi
782 2402 85 40 elle
885 2415 113 27 nous
1025 2414 152 27 remue
1200 2402 36 38 si
1257 2400 347 53 profondément
1633 2409 40 31 et
1707 2413 114 27 nous
1859 2397 173 42 semble
2057 2402 21 35 à
2120 2398 38 39 la

135 2470 84 41 fois
238 2471 144 40 idéale
399 2480 41 31 et
464 2471 229 39 humaine.
719 2470 68 40 En
812 2471 165 39 dehors
1001 2470 52 40 de
1075 2470 108 47 cela,
1210 2470 25 39 il
1263 2467 70 55 n'y
1357 2484 38 32 a,
1421 2470 63 39 dit
1507 2468 220 51 Wagner,
1753 2482 86 39 que
1865 2481 19 26 «
1914 2480 248 37 mensonge

135 2550 39 30 et
196 2540 100 40 vide
316 2540 205 43 musical,
549 2545 134 35 néant
697 2545 106 47 paré
821 2538 261 53 d'oripeaux
1108 2552 19 24 »
1155 2550 7 36 ;
1189 2552 73 35 ou,
1289 2552 111 38 pour
1420 2543 91 35 être
1535 2539 98 51 plus
1668 2539 129 51 juste,
1830 2537 29 39 il
1882 2552 26 37 y
1948 2551 22 25 a
2011 2551 60 25 un
2095 2550 39 25 ai
2150 2545 12 30 t

134 2609 226 47 inférieur,
387 2608 126 41 futile
532 2618 41 31 et
597 2609 149 47 banal,
770 2615 233 45 agrément
1024 2621 217 39 passager
1264 2608 53 39 de
1338 2606 183 42 l'oreille
1559 2616 41 31 et
1629 2608 78 39 des
1739 2620 119 36 sens,
1898 2608 114 37 mais
2056 2618 105 26 sans

135 2678 171 51 dignité
328 2688 41 30 et
392 2691 105 27 sans
518 2679 244 49 grandeur,
788 2691 175 27 comme
988 2687 144 30 toutes
1157 2677 62 39 les
1252 2678 286 50 expressions
1559 2676 113 39 d'art
1710 2677 76 51 qui
1811 2689 54 26 ne
1902 2674 150 40 valent
2073 2687 87 38 que

135 2761 78 37 par
230 2748 38 39 la
294 2746 156 42 forme.

190 2815 126 41 Nous
341 2829 140 27 avons
500 2820 205 36 retrouvé
730 2816 113 39 dans
864 2829 46 26 ce
928 2817 193 49 premier
1141 2815 179 40 volume
1344 2814 336 52 quelques-uns
1713 2813 78 40 des
1814 2814 255 51 jugements
2107 2813 53 38 de

135 2885 204 51 Wagner
361 2900 77 26 sur
457 2885 63 40 les
541 2886 241 39 musiciens
803 2885 54 39 de
881 2897 80 27 son
1000 2893 160 42 temps,
1204 2897 80 27 son
1326 2883 271 40 admiration
1635 2888 88 34 très
1761 2882 243 51 éclectique
2047 2893 113 40 pour

136 2954 182 47 Weber,
343 2968 113 38 pour
481 2954 185 52 Halévy,
686 2968 114 38 pour
823 2952 167 50 Auber,
1015 2966 82 27 son
1122 2954 207 38 aversion
1353 2966 115 38 pour
1484 2952 144 39 Adam
1653 2960 40 31 et
1718 2965 113 38 pour
1867 2950 62 40 les
1957 2949 196 41 Italiens.

136 3022 205 42 L'article
370 3038 77 26 sur
469 3024 39 40 le
534 3037 18 24 «
579 3025 157 38 métier
758 3023 54 40 de
847 3024 199 38 virtuose
1071 3035 37 34 »,
1146 3035 103 26 avec
1289 3035 46 26 ce
1369 3022 231 39 sous-titre
1625 3034 8 25 :
1671 3020 208 40 fantaisie
1908 3020 253 51 esthétique

135 3090 102 43 d'un
255 3095 234 45 musicien,
515 3102 65 31 est
600 3093 119 52 plein
744 3091 167 40 d'idées
925 3092 138 52 justes
1085 3100 40 31 et
1149 3091 53 39 de
1231 3090 193 40 conseils
1442 3089 254 40 excellents.
1735 3103 18 23 «
1780 3088 36 40 L
1835 3089 230 40 exécution
2095 3097 66 31 est

137 3176 85 27 une
243 3164 141 51 partie
400 3164 273 50 importante
690 3162 54 39 de
768 3159 96 42 l'art
886 3161 245 40 musical...
1159 3173 45 26 sa
1238 3161 220 50 première
1477 3159 118 50 règle
1628 3159 92 40 doit
1744 3163 90 35 être
1873 3159 54 39 de
1964 3157 196 40 traduire

137 3245 103 27 avec
262 3246 87 26 une
374 3230 167 41 fidélité
561 3231 291 52 scrupuleuse
869 3230 63 40 les
956 3230 246 40 intentions
1226 3229 58 40 du
1319 3230 356 51 compositeur...
1710 3241 19 24 »
1769 3227 83 40 elle
1889 3237 66 30 est
1997 3240 18 24 «
2061 3225 79 40 l'ac-

135 3302 190 38 cessoire
346 3310 80 31 »et
450 3314 54 26 ne
541 3301 93 39 doit
657 3301 160 51 jamais
852 3300 183 39 devenir
1068 3299 38 39 le
1137 3310 20 27 ((
1199 3298 219 52 principal
1448 3310 17 25 »
1494 3312 9 34 ;
1549 3298 38 40 le
1628 3300 197 38 virtuose
1863 3310 55 27 ne
1956 3296 93 40 doit
2080 3309 79 39 pas

137 3370 209 40 chercher
365 3374 21 36 à
413 3383 19 24 «
454 3378 156 32 mettre
634 3382 53 27 en
712 3367 128 42 relief
852 3382 70 26 ses
941 3368 192 51 qualités
1158 3367 310 52 personnelles
1504 3380 18 24 »
1546 3382 8 33 ;
1581 3367 27 39 il
1634 3366 194 40 faudrait
1845 3371 21 35 à
1899 3366 39 38 la
1978 3366 182 49 rigueur

137 3453 84 37 que
247 3453 18 24 «
288 3441 44 38 ni
351 3439 62 40 les
433 3438 177 41 défauts
645 3441 43 37 ni
713 3438 63 39 les
791 3438 192 52 qualités
1007 3437 52 39 de
1078 3436 265 40 l'exécutant
1365 3450 52 26 ne
1437 3445 188 43 pussent
1652 3436 246 40 influencer
1924 3432 236 42 l'auditeur

137 3517 40 31 et
201 3522 84 38 que
309 3509 39 39 le
372 3510 156 38 mérite
548 3508 94 40 seul
666 3508 53 39 de
740 3507 39 40 la
805 3507 301 52 composition
1127 3507 219 39 maîtrisât
1371 3514 121 31 toute
1516 3519 81 26 son
1620 3506 218 39 attention
1858 3517 35 26 ».
1934 3502 196 42 Observa-

139 3578 115 39 tions
294 3578 75 52 qui
431 3578 163 39 étaient
652 3580 223 50 peut-être
920 3588 157 27 encore
1106 3575 101 52 plus
1248 3583 276 45 opportunes
1568 3580 19 33 à
1634 3574 10 39 1
1666 3578 174 48 époque
1885 3578 57 34 où
1978 3573 181 38 écrivait
