2301 3899
146 263 77 48 396

986 271 329 28 INFORMATIONS

201 365 63 42 Le
293 369 93 49 prix
409 381 19 24 a
452 371 68 35 été
543 366 201 41 décerné,
776 369 20 35 à
819 363 296 48 l'unanimité,
1146 369 21 35 à
1193 364 11 41 1
1224 377 200 40 ouvrage
1464 376 179 44 portant
1678 368 39 40 le
1757 372 47 35 n°
1844 379 80 28 210
1961 373 41 32 et
2035 363 107 53 l'épi-

144 435 172 52 graphe
342 449 8 24 :
379 433 86 56 «Je
489 435 92 38 suis
605 434 182 41 homme
823 443 40 31 et
896 435 92 38 rien
1025 433 54 40 de
1099 447 47 26 ce
1186 433 75 52 qui
1294 443 65 32 est
1387 435 186 41 humain
1600 450 53 26 ne
1673 436 126 40 m'est
1824 439 209 44 étranger
2056 445 40 36 »,
2122 440 41 31 et

145 504 175 40 intitulé
346 517 19 24 «
391 502 202 41 Madame
624 503 145 40 Pierre
794 517 39 38 »,
868 504 108 40 dont
1007 504 37 40 la
1072 505 213 50 partition
1306 513 65 31 est
1390 505 52 40 de
1470 505 57 40 M.
1554 505 208 41 Edmond
1794 502 235 42 Malherbe
2061 510 41 31 et
2128 502 37 39 le

148 573 123 39 livret
310 574 55 39 de
385 571 112 41 MM.
522 572 136 40 Henri
677 572 113 40 Gain
834 582 41 30 et
898 572 169 40 Isidore
1108 572 142 40 Marx.

655 674 296 40 Concours
972 673 68 40 de
1066 673 186 40 Ballet
1278 685 7 28 :
1325 674 101 41 Prix
1450 678 131 37 8.000
1607 671 49 43 fr.

204 762 53 52 3>6
278 761 228 55 partitions
531 768 73 33 ont
627 765 59 37 été
724 765 215 49 envoyées.
970 784 44 5 —
1044 760 61 42 Le
1138 763 97 51 jury
1259 776 45 26 se
1327 764 250 51 composait
1613 762 54 40 de
1700 760 111 40 MM.
1856 759 172 42 Gaston
2060 758 78 42 Sal-

146 844 150 37 vavre,
324 830 182 41 Gabriel
529 831 177 47 Pierné,
738 830 146 41 Emile
908 831 208 47 Pessard,
1153 830 140 41 Louis
1312 830 175 52 Ganne,
1513 830 204 51 Georges
1741 830 250 47 Caussade,
2014 828 152 40 André

148 899 139 42 Bloch
313 910 40 30 et
374 901 204 40 Fernand
600 901 243 50 Bourgeat.

203 969 63 41 Le
290 972 96 52 jury
411 986 22 26 a
455 971 154 41 décidé
632 969 106 55 qu'il
762 969 70 55 n'y
856 973 117 38 avait
997 984 79 39 pas
1095 970 87 41 lieu
1202 969 266 43 d'attribuer
1491 970 52 40 de
1567 972 194 51 premier
1784 970 112 51 prix,
1932 969 114 39 mais
2077 981 86 26 une

150 1042 200 40 mention
372 1050 42 32 et
436 1055 87 27 une
546 1043 143 51 prime
712 1042 53 40 de
788 1055 130 37 4.000
932 1040 52 41 fr.
1007 1050 77 32 ont
1108 1045 68 36 été
1193 1041 239 41 décernées
1454 1045 20 35 à
1494 1040 39 40 la
1555 1040 232 40 meilleure
1810 1052 153 27 œuvre
1981 1042 154 49 présen-

150 1115 66 35 tée
240 1125 54 26 au
319 1124 232 33 concours,
578 1124 86 39 que
696 1111 38 39 le
757 1111 97 52 jury
878 1125 21 25 a
923 1111 103 53 jugé
1054 1114 94 36 être
1172 1110 60 40 La
1270 1110 219 40 Soubrette
1496 1143 9 10 ,
1531 1118 180 44 portant
1734 1109 40 41 le
1797 1113 49 36 n°
1871 1111 73 47 184
1968 1117 41 31 et
2042 1105 102 54 l'épi-

148 1179 171 52 graphe
350 1193 18 23 «
388 1178 111 41 Côte
522 1178 165 41 d'Azur
711 1192 36 26 ».
779 1178 170 41 Auteur
980 1184 53 35 de
1058 1179 40 40 la
1122 1179 228 52 partition,
1377 1178 61 41 M.
1466 1176 217 43 Giacomo
1718 1175 175 43 Orefice
1919 1191 9 33 ;
1966 1176 125 41 livret
2115 1176 54 40 de

150 1247 60 40 M.
239 1247 173 41 Achille
435 1246 219 42 Tedeschi

604 1334 299 42 Concours
927 1334 68 41 de
1026 1334 268 52 Musique
1328 1333 68 41 de
1420 1332 292 43 chambre.

209 1421 64 42 Le
297 1423 95 52 jury
418 1437 46 26 se
482 1424 249 51 composait
749 1423 53 40 de
824 1421 112 41 MM.
961 1421 191 42 Vincent
1171 1421 156 54 d'Indy
1352 1433 8 38 ;
1382 1421 151 53 Henry
1555 1421 185 43 Marcel,
1769 1422 157 39 ancien
1948 1420 222 40 directeur

154 1492 78 40 des
255 1491 279 41 Beaux-Arts
556 1503 9 37 ;
581 1491 212 41 Edouard
818 1490 205 42 Colonne
1049 1503 9 36 ;
1094 1491 206 40 Fernand
1326 1489 210 54 Halphen
1575 1501 8 37 ;
1620 1489 151 41 André
1806 1489 141 40 Bloch
1973 1503 10 35 ;
2014 1487 154 42 Alfred

153 1560 158 42 Cortot
333 1575 9 34 ;
363 1560 191 55 Jacques
575 1559 208 42 Thibaud
807 1574 10 35 ;
839 1559 143 41 Pablo
1005 1559 161 41 Casais
1186 1568 41 32 et
1249 1559 139 41 Louis
1411 1559 54 40 de
1488 1558 208 41 Morsier.

825 1658 54 41 A.
912 1682 43 6 —
983 1658 130 42 Trio
1146 1675 7 24 :
1174 1659 105 40 Prix
1301 1673 18 36 3
1346 1672 84 27 000
1449 1657 51 41 fr.

212 1756 52 41 59
286 1756 161 26 œuvres
471 1748 73 33 ont
567 1745 61 36 été
647 1744 218 49 envoyées.
955 1739 64 42 Le
1035 1741 98 52 jury
1155 1755 22 25 a
1200 1740 153 41 décidé
1374 1753 86 39 que
1483 1739 39 41 le
1551 1741 95 51 prix
1670 1741 134 39 serait
1834 1744 187 48 partagé
2044 1748 124 33 entre

152 1811 64 40 les
239 1825 176 27 œuvres
438 1819 178 44 portant
659 1811 62 40 les
755 1825 26 25 n
785 1814 32 18 os
836 1819 40 32 et
910 1810 273 52 épigraphes
1203 1811 204 39 suivants
1432 1823 8 26 :
1465 1813 68 43 61,
1559 1809 47 39 In
1645 1807 258 42 Memoriam
1923 1821 13 34 ;
1975 1818 158 32 auteur
2161 1824 7 25 :

153 1880 63 40 M.
246 1880 146 54 Julius
416 1879 229 51 Rontgen,
671 1879 350 48 d'Amsterdam,
1047 1888 41 31 et
1126 1893 91 36 129,
1245 1877 86 50 Qui
1352 1877 118 41 vivra
1503 1892 120 27 verra
1647 1893 14 34 ;
1684 1886 158 33 auteur
1868 1894 7 24 :
1900 1878 61 41 M.
1992 1878 178 41 Herriot

153 1949 137 53 Levy,
312 1950 55 40 de
389 1948 218 52 Chicago.

783 2032 49 40 B.
860 2054 50 5 —
934 2032 212 40 Sonate
1173 2046 7 25 :
1208 2030 102 42 Prix
1336 2044 131 28 2.000
1492 2030 51 41 fr.

212 2115 56 41 68
300 2115 231 53 partitions
574 2120 72 34 ont
688 2118 59 37 été
783 2117 215 50 envoyées.
1047 2137 47 4 —
1127 2112 63 41 Le
1214 2115 94 51 prix
1334 2127 21 26 a
1378 2118 68 35 été
1462 2113 187 40 décerné
1667 2117 21 35 à
1716 2111 182 42 l'œuvre
1926 2120 177 44 portant
2135 2112 38 40 le

155 2190 48 35 n°
233 2185 75 51 189
331 2195 41 30 et
387 2185 279 52 l'épigraphe
682 2185 158 40 Archet
861 2195 15 40 ;
907 2194 158 31 auteur
1090 2200 6 24 :
1126 2184 60 40 M.
1213 2183 163 43 Michel
1398 2183 231 53 Esposito,
1656 2184 54 39 de
1730 2183 186 40 Dublin.

1346 2279 10 13 «

213 2295 55 42 II.
299 2297 158 40 AUTRE
500 2310 252 28 CONCOURS.
791 2319 53 5 —
880 2296 63 40 La
988 2294 176 43 Société
1202 2296 78 40 des
1305 2297 325 51 compositeurs
1670 2296 54 40 de
1761 2297 209 51 musique
1995 2304 89 31 met
2117 2309 56 26 au

155 2379 232 32 concours,
414 2370 175 36 réservé
623 2380 83 26 aux
739 2366 119 40 seuls
882 2367 245 39 musiciens
1151 2364 208 52 français,
1382 2378 113 39 pour
1537 2363 171 42 l'année
1734 2377 119 39 1907,
1900 2365 62 39 les
1997 2377 177 28 œuvres

156 2436 195 51 ci-après
378 2446 6 28 :

219 2518 32 25 1.
290 2526 53 4 —
381 2503 214 40 Œuvre
637 2502 444 52 symphonique,
1118 2517 112 38 pour
1271 2505 134 50 piano
1440 2512 40 31 et
1505 2502 227 41 orchestre
1757 2514 7 33 ;
1792 2515 54 28 en
1882 2515 87 27 une
1993 2515 56 27 ou
2079 2501 72 53 plu-

160 2575 143 38 sieurs
326 2573 180 52 parties.
533 2571 166 50 (Durée
721 2574 184 38 environ
931 2573 125 49 vingt
1077 2574 196 38 minutes
1309 2573 9 48 )

212 2641 103 40 Prix
342 2654 81 39 500
441 2640 147 41 francs
610 2639 252 54 (fondation
885 2640 150 54 Pleyel
1056 2638 145 44 Wolff
1222 2639 145 53 Lyon)
1391 2649 40 32 et
1461 2642 232 39 exécution
1718 2644 20 35 à
1765 2639 91 41 l'un
1873 2640 79 40 des
1975 2649 200 32 concerts

156 2711 55 40 de
231 2710 39 40 la
296 2712 178 38 société.

212 2779 201 55 (Joindre
436 2792 86 28 une
548 2780 230 39 réduction
795 2780 54 38 de
872 2778 257 41 l'orchestre
1150 2782 183 48 séparée
1357 2792 115 38 pour
1491 2793 59 25 un
1572 2778 232 40 deuxième
1831 2779 154 51 piano.
2008 2777 69 41 En
2102 2793 74 26 cas

156 2849 293 47 d'exécution,
473 2846 186 43 l'auteur
680 2848 131 40 devra
837 2846 174 42 fournir
1033 2848 64 40 les
1121 2848 165 52 parties
1306 2845 303 51 d'orchestre).

214 2931 37 26 2.
278 2940 53 5 —
365 2917 157 40 Deus
546 2916 312 49 Jabraam,
884 2917 88 40 duo
1007 2930 113 39 pour
1153 2921 127 36 ténor
1308 2925 41 31 et
1388 2915 192 53 baryton
1602 2930 106 26 avec
1747 2926 430 42 accompagnement

157 2985 187 51 d'orgue
364 2994 43 33 et
428 2986 155 40 chœur
607 2990 21 35 à
653 2987 109 39 trois
783 2999 55 27 ou
863 2994 157 43 quatre
1042 2987 101 39 voix
1160 2985 202 50 inégales
1383 2984 38 52 (à
1449 2985 38 40 la
1505 2985 182 41 volonté
1706 2985 54 40 de
1783 2984 223 53 l'auteur).

216 3055 101 40 Prix
341 3053 183 42 Samuel
553 3053 237 42 Rousseau
816 3067 81 39 300
919 3053 71 50 fr.,
1017 3053 128 42 offert
1167 3068 82 39 par
1271 3053 45 40 M
1321 3058 48 18 me
1390 3051 186 44 Samuel
1598 3053 254 42 Rousseau.

214 3156 78 41 Les
311 3157 255 40 manuscrits
588 3158 179 40 devront
789 3159 84 38 être
899 3166 213 45 parvenus
1135 3157 37 40 le
1204 3173 24 38 y
1240 3173 14 24 1
1281 3157 217 40 décembre
1526 3170 130 43 1907,
1682 3172 54 25 au
1757 3157 98 55 plus
1889 3157 110 49 tard,
2025 3160 22 36 à
2065 3157 26 40 b
2096 3157 54 40 Ar-

158 3225 174 42 chiviste
355 3227 49 38 de
428 3225 40 40 la
491 3225 182 52 Société,
700 3241 72 31 22,
797 3241 73 24 rue
892 3225 326 42 Rochechouart
1236 3224 44 57 (9
1285 3234 12 15 e
1303 3226 31 52 ).

214 3295 123 40 Pour
360 3295 37 38 le
417 3294 237 54 règlement
686 3301 36 33 et
760 3301 91 34 tous
885 3295 381 54 renseignements,
1304 3293 229 42 s'adresser
1569 3298 23 36 à
1621 3293 59 42 M.
1721 3293 224 54 Lefèbure,
1988 3310 72 33 22,
2107 3310 70 25 rue

158 3363 343 50 Rochechouart,
527 3377 54 26 ou
601 3377 55 26 au
685 3362 238 41 Secrétaire
938 3363 195 54 général,
1157 3377 75 42 45,
1249 3378 75 26 rue
1345 3363 405 41 Saint-Ferdinand
1766 3364 38 50 (1
1819 3380 21 38 7
1846 3371 12 16 e
1863 3365 31 49 ).

1390 3495 55 41 Le
1478 3495 163 40 Gérant
1667 3511 12 24 :
1710 3497 54 38 A.
1802 3496 201 45 REBECQ.

801 3604 100 25 Poitiers.
918 3615 17 5 -
948 3604 83 27 Société
1048 3606 106 31 française
1167 3607 152 29 d'lmprimerie
1335 3607 25 26 et
1375 3610 27 24 de
1423 3608 108 26 Librairie.
