2301 3899
786 261 309 41 L'ORCHESTRE
1130 278 56 24 DE
1222 276 19 24 ((
1278 260 182 42 L'ORFEO
1497 275 17 24 »

2160 311 0 0 387

202 364 85 41 Les
313 374 225 31 amateurs
562 365 55 40 du
643 380 70 24 xvi
719 370 14 17 e
756 374 40 31 et
820 366 57 40 du
898 381 87 24 xvn
993 375 13 16 e
1030 367 131 39 siècle
1186 381 52 26 ne
1261 367 358 51 soupçonnaient
1646 379 79 39 pas
1746 377 161 28 encore
1930 365 62 39 les
2026 378 109 27 sono-

149 437 101 37 rités
290 435 256 50 puissantes
578 435 74 50 qui
690 447 114 27 nous
845 434 221 41 semblent
1107 433 284 54 aujourd'hui
1430 434 364 52 indispensables
1829 438 20 35 à
1888 431 272 42 l'orchestre.

149 503 186 40 Comme
359 502 62 39 les
443 503 242 39 musiciens
709 503 58 40 du
795 503 139 40 Ballet
954 504 48 39 de
1028 504 40 39 la
1099 503 150 53 Royne
1291 518 59 25 un
1376 511 130 44 quart
1530 504 53 39 de
1607 503 132 40 siècle
1772 511 134 32 avant
1930 502 77 48 lui,
2034 503 95 39 Mon-

149 571 174 41 teverde
347 585 45 26 se
415 581 206 30 contente
645 572 53 39 de
722 580 111 31 cette
870 574 134 50 petite
1028 572 146 40 bande
1211 572 52 40 de
1297 572 70 39 dix
1401 572 177 40 violons
1604 574 128 47 aigus
1772 581 41 30 et
1849 585 162 36 graves
2053 572 108 39 dont

148 640 146 48 l'effet,
332 641 53 39 de
418 654 81 26 nos
542 642 136 51 jours,
706 642 232 50 paraîtrait
975 643 35 37 si
1047 643 188 48 maigre.
1284 640 35 39 A
1357 649 64 31 cet
1463 640 231 40 ensemble
1731 641 198 39 modeste
1953 641 26 39 il
2018 640 143 42 confie

148 710 60 39 les
231 709 101 52 plus
353 707 322 52 significatives
696 710 292 51 symphonies
1011 710 53 39 de
1088 723 81 27 son
1186 710 155 39 drame
1364 709 174 51 lyrique
1580 722 105 26 sans
1708 722 114 38 pour
1844 710 90 39 cela
1950 709 63 41 les
2035 709 105 41 affec-

149 788 62 30 ter
234 778 38 39 le
295 779 148 39 moins
470 778 59 40 du
548 778 179 48 monde,
751 791 89 27 non
860 778 117 52 plus,
1006 783 19 35 à
1053 778 56 40 tel
1139 791 287 39 personnage
1451 778 139 51 plutôt
1617 776 99 53 qu'à
1740 778 55 39 tel
1822 786 139 32 autre.

201 845 86 40 Les
311 847 173 39 thèmes
518 847 53 39 de
595 860 69 27 ces
692 847 283 40 ritournelles
1000 845 106 53 (car,
1133 847 27 39 il
1197 845 90 42 faut
1325 847 39 39 le
1390 847 158 43 redire,
1582 859 46 26 ce
1652 847 108 51 petit
1792 847 226 39 orchestre
2040 845 95 41 n'ac-

146 929 249 38 compagne
425 916 161 51 jamais
611 915 38 40 la
688 917 116 48 voix,
826 917 35 38 si
899 929 47 26 ce
980 916 110 39 n'est
1111 929 113 38 pour
1256 915 191 40 doubler
1470 915 63 39 les
1572 915 197 49 chœurs)
1794 917 248 50 expriment
2079 915 78 40 des

146 985 263 39 sentiments
433 983 85 41 fort
552 984 162 39 divers.
759 983 30 40 Il
815 998 53 25 en
892 993 66 31 est
983 986 75 51 qui
1085 986 259 38 reviennent
1369 985 224 50 plusieurs
1626 982 86 41 fois
1736 997 54 26 au
1815 997 130 27 cours
1968 984 53 39 de
2046 984 90 40 l'ou-

146 1066 151 37 vrage,
334 1066 104 27 avec
472 1054 220 39 intention
717 1053 318 50 évidemment,
1068 1054 113 39 mais
1205 1066 105 27 sans
1342 1051 106 53 qu'il
1480 1054 85 39 soit
1590 1051 200 53 possible
1813 1053 53 39 de
1889 1053 270 40 déterminer

146 1136 101 25 avec
272 1122 215 40 certitude
511 1122 148 51 quelle
695 1120 303 52 signification
1032 1124 170 50 précise
1237 1122 38 39 le
1304 1122 217 39 musicien
1545 1121 228 39 entendait
1797 1120 95 41 leur
1928 1120 222 41 conférer.

146 1190 61 40 Le
228 1190 147 52 rappel
403 1190 53 40 de
480 1190 172 40 thèmes
674 1189 98 41 n'en
798 1193 220 38 constitue
1042 1204 80 39 pas
1147 1192 145 39 moins
1317 1205 58 25 un
1410 1190 188 52 procédé
1620 1191 283 39 intéressant.

200 1258 199 54 Voyons,
425 1273 78 38 par
520 1260 216 50 exemple,
763 1260 38 39 la
828 1260 268 52 symphonie
1120 1261 35 39 si
1177 1261 253 51 expressive
1456 1273 79 37 par
1569 1260 104 50 quoi
1713 1256 176 42 s'ouvre
1925 1260 39 38 le
1986 1259 170 48 drame,

144 1327 385 40 immédiatement
552 1333 130 47 après
708 1328 37 39 la
777 1327 183 40 Toccata
984 1329 77 39 des
1083 1337 260 43 trompettes
1371 1340 7 26 :

198 2396 141 52 Après
366 2397 123 40 avoir
524 2397 114 39 servi
676 2397 53 39 de
753 2396 183 51 prélude
961 2409 54 26 au
1052 2394 228 50 Prologue
1303 2392 106 53 (que
1431 2392 177 52 remplit
1647 2406 59 24 un
1741 2390 94 40 seul
1872 2402 286 39 personnage

142 2465 293 52 allégorique,
478 2465 39 39 la
554 2464 226 52 Musique,
818 2465 108 38 dont
963 2463 39 40 le
1027 2465 103 38 récit
1167 2472 64 30 est
1256 2463 120 39 aussi
1416 2465 141 47 coupé
1590 2474 79 38 par
1703 2459 76 40 des
1817 2460 190 49 reprises
2041 2458 53 39 de
2119 2457 36 39 la

142 2538 143 35 même
308 2533 197 52 phrase),
534 2542 109 31 cette
664 2533 269 52 symphonie
953 2545 45 26 se
1017 2536 204 47 présente
1245 2543 173 27 comme
1436 2529 302 40 introduction
1757 2542 55 25 au
1835 2528 191 51 premier
2047 2534 108 41 acte,

142 2602 159 52 lequel,
328 2604 115 38 ainsi
468 2615 86 39 que
577 2602 37 39 la
638 2603 218 50 première
880 2602 153 39 moitié
1056 2601 57 39 du
1137 2601 248 38 deuxième,
1418 2599 130 51 jusqu
1570 2602 21 35 à
1614 2597 40 39 la
1678 2609 143 27 venue
1845 2596 53 39 de
1932 2596 39 38 la
1992 2594 139 40 Messa-

141 2676 119 44 gère,
288 2670 141 40 forme
450 2684 86 26 une
557 2676 129 34 scène
711 2670 225 52 pastorale
960 2667 287 52 d'allégresse
1277 2667 206 52 paisible.
1511 2668 141 49 Après
1673 2665 63 40 les
1759 2664 306 52 déplorations
2102 2663 54 39 de

142 2740 36 38 la
207 2738 58 41 fin
288 2743 56 36 du
370 2740 232 40 deuxième
628 2749 107 37 acte,
763 2739 39 39 le
825 2739 147 39 thème
1009 2742 191 47 reparaît
1226 2750 86 27 une
1350 2735 81 40 fois
1461 2748 172 27 encore.
1662 2733 55 40 Et
1750 2733 151 52 quand
1926 2731 180 52 Orphée
2132 2746 21 24 a

143 2811 140 48 quitté
307 2809 38 39 le
371 2807 180 41 sombre
576 2821 213 39 royaume
814 2814 73 40 où,
916 2820 86 26 une
1026 2806 191 40 seconde
1251 2804 100 44 fois,
1387 2804 27 39 il
1440 2818 21 25 a
1487 2803 138 52 perdu
1660 2816 44 26 sa
1732 2801 155 41 tendre
1915 2799 237 53 Eurydice,

142 2877 102 39 c'est
279 2877 37 39 la
359 2882 145 34 même
538 2877 192 40 mélodie
771 2877 90 51 qui,
902 2891 55 25 au
999 2874 137 41 début
1167 2876 57 38 du
1261 2874 176 40 dernier
1474 2881 108 40 acte,
1623 2876 181 35 ramène
1840 2883 70 26 ses
1942 2869 209 52 plaintes,

143 2945 269 53 qu'Apollon
437 2946 182 39 viendra
646 2946 171 39 bientôt
850 2947 195 47 apaiser.

195 3013 174 42 N'est-il
393 3029 79 38 pas
499 3015 181 52 permis,
708 3029 54 24 au
791 3015 146 38 moins
962 3018 18 34 à
1004 3015 99 38 titre
1126 3013 53 38 de
1202 3010 349 41 vraisemblable
1572 3008 265 53 hypothèse,
1855 3008 53 39 de
1933 3019 221 40 supposer

141 3097 83 38 que
252 3084 38 39 le
311 3085 218 39 musicien
554 3083 103 41 s'est
680 3088 194 47 proposé
903 3083 52 39 de
976 3082 196 40 traduire
1212 3083 113 38 ainsi
1364 3079 341 41 musicalement
1730 3092 59 26 un
1819 3077 78 40 des
1922 3076 155 40 décors
2101 3075 54 39 de

184 3372 91 33 C'est
293 3375 31 29 là
349 3375 69 30 très
446 3372 279 41 probablement
754 3374 8 29 1
780 3371 219 32 instrument
1022 3379 71 31 que
1113 3368 234 32 Monteverde
1377 3366 179 34 introduit
1578 3365 90 33 dans
1699 3368 7 28 1
1726 3364 104 42 Orfeo
1845 3374 86 22 sous
1951 3366 31 29 le
2009 3373 82 21 nom
2115 3362 42 32 de

150 3421 135 32 Violino
306 3423 132 41 piccolo
474 3422 67 31 alla
556 3423 169 41 francese
731 3447 8 12 ,
759 3429 33 25 et
810 3422 87 32 dont
925 3421 22 30 il
968 3429 37 23 se
1021 3426 70 25 sert
1106 3421 71 29 très
1197 3414 334 45 épisodiquemeiît.

187 3462 4 47 i
214 3483 66 21 our
297 3473 179 32 l'identité
495 3473 61 31 des
578 3473 86 30 viole
681 3474 41 30 da
747 3473 122 31 brazzo
892 3479 33 24 et
943 3471 61 31 des
1022 3468 157 38 violons,
1199 3479 44 22 on
1269 3476 85 33 peut
1383 3467 143 42 joindre
1547 3477 42 21 au
1611 3464 238 44 témoignage
1876 3464 43 31 de
1959 3462 198 32 Praetorius

140 3523 90 30 celui
256 3523 42 32 de
322 3523 129 32 Landi.
478 3526 31 29 le
539 3523 252 39 compositeur
813 3522 45 31 du
900 3522 38 31 S.
980 3520 130 31 Alessio
1158 3520 170 39 rapporté
1367 3529 64 29 par
1469 3518 192 31 Mersenne
1688 3515 8 41 (
1703 3514 197 32 Harmonie
1927 3511 229 38 Universelle,

141 3572 56 31 IV.
222 3584 90 28 prop
344 3573 90 31 XIII)
462 3584 6 19 :
499 3584 14 18 «
541 3599 34 5 ...
598 3574 38 38 Je
654 3573 106 32 laisse
780 3574 43 30 de
836 3582 33 21 cc
883 3574 33 30 té
935 3582 38 22 ce
996 3581 71 31 que
1085 3574 29 27 le
1130 3567 22 33 S
1160 3577 10 14 -
1195 3569 224 32 Hieronvmo
1441 3567 111 32 Landi
1575 3566 51 32 dit
1650 3565 42 32 de
1715 3565 171 31 lavioleà
1909 3564 94 33 bras,
2029 3562 128 41 quina

141 3633 69 30 que
233 3631 128 32 quatre
385 3624 127 32 cordes
530 3624 219 32 semblables
771 3626 16 30 à
811 3626 107 30 celles
939 3623 45 31 du
1009 3623 135 33 violon.
1169 3647 6 6 .
1206 3635 12 13 »>
