2539 3304
303 359 33 27 In
357 357 57 28 den
427 357 139 28 Nächten
580 357 102 28 wälzte
704 367 30 18 er
754 357 59 28 sich
833 357 39 29 im
885 357 108 28 Fieber.
1025 357 65 29 Sein

245 402 81 29 Herz
345 409 81 20 raste.
454 401 37 28 Er
511 401 92 28 fühlte
624 411 29 18 es
674 403 52 27 mit
745 401 101 28 wilder
866 402 95 37 Angst
980 402 60 28 ihm
1060 403 30 28 in

245 446 46 29 die
318 445 89 28 Kehle
433 445 147 34 wachsen,
607 445 46 29 die
683 445 101 29 Adern
811 456 34 18 an
872 446 58 28 den
957 446 132 29 Schläfen

245 489 163 34 schwellen,
436 499 29 18 er
489 488 92 29 fühlte
608 500 30 18 es
666 490 131 29 schreien
823 490 60 28 und
910 490 179 30 verzweifelt

246 534 73 29 nach
331 534 44 28 ihr
388 534 103 28 flehen.
524 534 69 28 Und
608 534 77 29 dann
700 545 102 28 sprang
823 544 31 18 er
867 534 67 29 wirr
955 545 45 18 aus
1022 535 67 29 dem

244 581 96 32 Bette,
367 578 77 28 seine
470 578 104 28 Hände
602 579 152 29 flackerten
780 588 98 20 unstet
901 579 31 29 in
955 581 133 28 rastloser

246 624 129 34 Unruhe,
397 622 59 29 sein
475 623 112 38 Körper
607 622 94 35 bebte,
729 623 62 28 sein
811 623 83 39 Kopf
910 624 109 37 glühte:
1040 626 48 34 oh,

246 669 59 30 dafs
333 678 31 19 er
390 668 39 28 sie
454 666 88 30 holen
569 667 60 28 und
652 667 30 28 in
709 668 52 28 alle
789 668 138 38 Ewigkeit
952 679 50 19 um
1029 671 59 28 sich

245 716 92 29 haben
357 713 118 29 könnte!

305 760 35 28 Es
351 768 58 20 war
423 755 169 31 zweifellos:
607 766 30 19 er
648 757 107 29 mufste
767 757 135 30 arbeiten.
916 759 50 28 An
978 759 109 29 seinem

247 806 117 39 grofsen
386 803 111 29 Werke
527 801 105 30 mufste
662 812 31 19 er
723 803 139 34 arbeiten,
893 813 36 19 an
959 803 51 29 der
1038 804 34 28 Er-

247 850 161 41 schöpfung
430 848 50 28 der
500 847 107 29 letzten
628 847 172 34 Kunstziele,
821 858 34 18 an
876 848 51 28 der
940 848 130 28 Enträtse-

246 898 69 37 lung
326 896 50 29 der
386 895 106 29 letzten
501 892 229 38 Daseinsgründe
740 892 31 28 in
782 892 52 28 der
840 893 248 38 Verschmelzung

247 942 104 30 zweier
370 940 121 33 Wesen,
512 937 30 29 in
563 937 94 29 einem
677 937 179 30 kosmischen
877 938 119 29 Ich-Du.

304 986 65 29 Sein
382 984 101 34 Werk,
504 982 47 29 das
571 992 58 19 war
647 983 26 36 ja
690 992 55 19 nur
766 982 47 29 ein
831 983 122 38 einziges
967 984 120 35 Ich-Du,

248 1033 75 33 nein,
345 1039 53 20 nur
416 1029 48 29 sie
477 1027 92 36 allein,
590 1027 78 29 denn
682 1027 91 30 durch
784 1028 38 28 sie
833 1037 57 19 war
901 1029 76 28 seine
988 1029 100 29 Macht

247 1075 179 33 entstanden,
447 1083 60 19 von
526 1073 43 29 ihr
584 1077 117 25 strömte
723 1073 33 29 all
771 1072 44 29 die
829 1072 80 29 Kraft
922 1073 61 29 und
997 1074 73 28 Herr-

245 1121 114 31 lichkeit
378 1120 30 29 in
427 1119 50 29 ihn
497 1119 131 28 herüber.

304 1166 69 30 Und
394 1175 31 19 er
444 1164 91 30 fühlte
557 1165 63 28 eine
640 1164 111 35 Macht,
779 1163 38 30 als
837 1168 75 24 wäre
933 1163 78 29 Alles
1032 1174 55 18 nur

247 1213 46 30 ein
314 1212 104 34 Chaos,
439 1220 47 20 aus
508 1210 66 29 dem
594 1211 37 28 Er
651 1218 59 21 erst
729 1219 75 19 neue
818 1208 124 29 Welten
961 1207 124 37 formen,

247 1259 49 29 alle
314 1258 119 28 Kreatur
447 1266 54 18 nur
511 1255 169 35 Urschleim,
696 1265 46 19 aus
757 1255 66 29 dem
838 1263 29 19 er
882 1263 85 19 neues
983 1253 102 29 Getier

249 1302 173 31 entwickeln
443 1301 90 30 sollte.

304 1349 81 29 Aber
405 1357 32 20 so
459 1346 44 31 oft
524 1356 30 20 er
574 1347 152 29 versuchte
741 1356 36 19 zu
797 1345 135 34 arbeiten,
952 1353 58 20 war
1027 1343 58 29 ihm

244 1395 38 30 als
304 1395 101 29 würde
426 1404 30 19 er
476 1404 60 19 von
557 1393 100 30 hinten
678 1393 119 39 gepackt
817 1391 59 30 und
896 1390 100 29 immer
1014 1388 71 29 aufs

247 1451 73 20 neue
341 1451 60 20 von
422 1440 51 30 der
493 1439 103 30 Arbeit
615 1438 199 39 weggerissen.

304 1488 66 29 Sein
390 1487 112 30 Gehirn
522 1487 111 29 konnte
654 1485 60 31 sich
734 1483 79 31 nicht
834 1482 142 30 sammeln.

304 1534 104 29 Sobald
423 1544 30 18 er
467 1543 35 19 zu
517 1533 114 29 denken
645 1531 103 39 anfing,
765 1529 96 31 verlor
876 1538 30 20 er
921 1528 66 34 sich,
1008 1527 75 28 ohne

247 1590 35 19 zu
303 1580 117 35 wissen,
439 1580 30 28 in
491 1579 47 29 die
558 1579 77 35 Zeit,
657 1578 45 29 die
723 1587 31 19 er
774 1577 52 28 mit
845 1576 44 29 ihr
908 1572 175 31 verbrachte.

243 1625 71 35 Jede
338 1625 130 29 Sekunde
495 1624 76 30 lebte
600 1633 29 20 er
656 1623 78 29 noch
757 1621 101 30 einmal
878 1619 102 35 durch,
1007 1618 76 38 jedes

245 1670 76 28 ihrer
341 1671 109 28 Worte
478 1670 101 39 sprach
607 1679 30 19 er
662 1668 141 30 innerlich
829 1665 84 35 nach,
940 1665 86 28 liebte
1046 1673 38 26 es,

247 1715 173 33 streichelte,
445 1714 138 29 hebkoste
609 1724 42 24 es,
676 1714 61 29 und
762 1713 77 29 dann
864 1711 85 29 nahm
974 1720 31 18 er
1023 1709 61 28 ihre

246 1758 92 28 Briefe
359 1768 55 19 vor
433 1759 61 28 und
513 1759 38 28 las
570 1759 61 28 und
648 1759 38 28 las
698 1780 43 7 ...

304 1803 86 33 „Und
416 1804 114 27 komme
554 1804 48 27 ich
625 1813 36 18 zu
682 1804 54 33 dir,
763 1803 76 28 dann
859 1801 57 29 will
936 1801 47 29 ich
1002 1799 81 29 keine

246 1848 107 32 Sonne,
383 1847 64 28 kein
467 1848 85 27 Licht
579 1848 99 34 sehen,
708 1858 54 17 nur
782 1848 77 33 dich,
880 1856 54 19 nur
961 1846 66 28 dich
1049 1862 33 4 —

245 1892 103 27 keinen
362 1891 73 28 Laut
454 1892 57 27 will
531 1892 47 27 ich
597 1892 99 34 hören,
717 1902 54 18 nur
784 1892 98 27 deiner
896 1891 117 28 Stimme
1027 1890 57 29 will

245 1936 46 28 ich
310 1936 135 28 lauschen
464 1936 60 28 und
544 1936 117 34 zittern,
689 1936 54 28 wie
764 1937 40 28 sie
823 1936 77 28 mich
922 1936 81 34 liebt,
1030 1936 55 28 wie

246 1981 38 30 sie
306 1981 58 29 sich
384 1981 30 28 in
434 1980 77 29 mein
525 1981 79 28 Herz
624 1980 122 30 küfst...
773 1982 50 28 Ich
843 1980 57 29 will
922 1980 83 29 elend
1025 1980 60 29 und

246 2037 58 20 arm
331 2026 72 36 sein,
430 2025 47 30 ich
497 2025 57 29 will
578 2026 131 38 hungern
729 2026 60 28 und
810 2025 140 29 zerrissen
971 2026 95 28 herum-

245 2073 108 35 laufen,
374 2081 86 20 wenn
480 2071 47 30 ich
547 2081 54 19 nur
621 2071 46 29 bei
687 2071 55 35 dir,
763 2071 53 29 mit
835 2071 56 34 dir,
911 2071 30 28 in
961 2070 43 29 dir
1024 2070 60 29 sein

246 2121 74 29 kann
334 2141 25 7 ..

304 2167 38 29 Er
361 2164 92 32 küfste
474 2162 160 40 inbrünstig
654 2162 57 30 den
730 2162 85 29 Brief.

304 2214 71 29 Von
402 2212 66 29 dem
487 2212 119 28 Fenster
633 2219 46 20 aus
708 2209 48 30 sah
778 2218 31 19 er
829 2207 138 30 herrliche
988 2207 80 29 Kasta-

248 2261 179 34 nienbäume,
447 2259 45 30 die
514 2258 73 29 eben
608 2256 113 30 erblüht
740 2264 105 20 waren.

305 2308 37 29 Er
363 2306 66 41 ging
448 2306 52 30 mit
519 2306 56 34 ihr,
602 2313 30 21 er
652 2303 77 31 hatte
750 2301 38 30 sie
810 2300 79 30 dicht
909 2300 95 29 neben
1025 2300 59 30 sich

246 2355 61 28 und
327 2354 109 40 prefste
457 2353 81 30 ihren
558 2352 71 30 Arm
651 2361 36 19 an
707 2349 76 30 seine
804 2349 90 28 Brust.
934 2346 38 30 Er
991 2345 92 31 fühlte

247 2400 59 30 ihre
328 2400 187 40 grenzenlose
530 2399 184 40 Hingebung.
754 2396 36 29 Es
810 2404 66 26 war,
896 2393 38 30 als
955 2393 129 39 erglühte

247 2456 48 19 um
323 2448 39 28 sie
387 2448 88 29 Beide
503 2447 64 29 eine
595 2443 164 32 strömende
779 2442 100 39 Woge
905 2450 61 20 von
993 2439 91 30 dieser

248 2492 189 40 Hingebung,
465 2494 45 29 die
531 2493 60 30 sich
611 2491 107 30 schnell
737 2489 62 31 und
819 2487 138 31 schneller
977 2496 49 20 um
1045 2486 39 29 sie

246 2536 182 39 herumwarf,
443 2540 39 29 sie
497 2539 171 38 umschlang,
689 2538 172 33 umbrauste,
875 2533 41 30 bis
938 2532 49 30 alle
1001 2532 84 29 Welt

247 2590 54 19 vor
326 2582 83 31 ihren
432 2586 107 38 Augen
565 2583 201 36 verschwand,
794 2582 40 30 bis
861 2581 39 29 sie
927 2580 51 30 mit
1005 2588 64 30 grau-

247 2625 88 37 sigem
354 2629 96 30 Glück
469 2632 32 28 in
521 2632 46 29 die
588 2632 128 38 geheime
729 2627 154 32 Nacktheit
897 2626 74 31 ihrer
985 2626 100 28 Seelen

247 2670 189 34 schauten...

1225 360 71 28 Und
1317 361 45 27 die
1383 361 92 30 Aeste
1496 363 50 29 der
1563 365 108 29 Bäume
1694 366 98 39 ringen
1813 379 35 20 an
1868 380 37 19 zu
1924 372 98 35 leben,

1167 404 39 28 sie
1232 405 138 28 wuchsen
1396 407 73 28 über
1496 408 57 28 den
1579 410 129 29 Himmel
1738 413 62 35 hin,
1828 423 194 31 entspannten

1167 448 61 28 sich
1241 458 36 19 zu
1292 450 168 37 segnenden
1473 453 127 34 Armen;
1622 455 46 28 die
1681 465 99 21 zarten
1793 458 107 30 Blüten
1916 460 105 30 ballten

1167 492 60 29 sich
1240 503 36 18 zu
1290 493 131 29 Wolken
1435 504 166 22 zusammen
1620 500 61 28 und
1702 502 103 37 glitten
1821 504 62 28 und
1903 513 118 22 tanzten

1165 537 40 28 im
1226 538 224 29 Himmelslicht:
1478 540 85 30 einen
1591 552 110 28 ganzen
1721 547 223 31 Blütenhimmel
1972 551 49 29 sah

1166 591 32 18 er
1217 581 31 28 in
1267 582 47 28 nie
1335 583 137 37 geahnter
1492 586 103 29 Pracht
1615 588 149 37 erblühen,
1785 592 86 28 einen
1891 594 128 30 Himmel

1165 626 60 28 voll
1244 626 115 29 weifser
1375 627 74 30 Glut
1469 629 60 29 und
1548 631 158 31 schwülem
1719 635 88 35 Duft,
1828 637 52 28 der
1893 638 126 38 langsam

1165 670 72 29 über
1257 670 45 30 ihr
1320 672 150 30 Brautbett
1490 674 67 28 sank
1568 697 44 6 ...

1578 792 21 27 *

1223 895 88 34 „Und
1330 895 47 29 ich
1397 896 91 29 breite
1508 897 96 29 meine
1618 899 91 28 Arme
1731 902 74 28 nach
1825 902 44 29 dir
1889 913 57 27 aus,
1966 906 45 29 ich

1165 939 90 29 werfe
1276 940 76 29 mich
1376 951 54 18 vor
1452 941 43 28 dir
1509 942 109 35 nieder,
1638 944 46 29 ich
1700 946 84 36 grabe
1798 947 94 29 meine
1907 949 105 30 Hände

1165 984 30 28 in
1215 984 107 29 deinen
1341 985 86 36 Leib,
1451 986 47 29 ich
1524 986 72 30 fasse
1622 988 68 29 dein
1710 990 140 37 goldenes
1871 993 127 30 Strahlen-

1165 1029 65 28 haar
1249 1030 62 28 und
1332 1040 84 28 sauge
1438 1031 67 30 dich
1525 1032 47 28 ein
1591 1033 61 28 und
1667 1034 94 28 trinke
1778 1035 121 31 dich...
1921 1039 91 29 Einen

1165 1074 127 30 Himmel
1305 1076 54 29 hab
1373 1076 46 29 ich
1432 1077 222 37 herabgerissen,
1666 1089 49 18 um
1729 1079 68 30 dich
1811 1090 36 20 zu
1858 1082 152 38 begraben,

1165 1119 61 29 dafs
1241 1120 39 29 du
1294 1121 55 28 mir
1363 1121 80 29 nicht
1457 1122 104 34 fliehst;
1575 1123 85 28 einen
1670 1124 71 29 Blitz
1756 1125 53 29 hab
1822 1126 48 30 ich
1884 1128 52 28 auf
1945 1129 67 30 dich

1164 1165 164 37 geworfen,
1353 1167 111 28 schwer
1488 1167 55 28 wie
1568 1167 62 29 eine
1658 1169 137 37 gefallene
1816 1172 194 39 Ewigkeit...

1221 1211 108 34 „Nein!
1370 1211 75 30 Dich
1465 1211 71 29 fasse
1556 1212 47 29 ich
1623 1213 92 30 nicht!

1221 1256 81 33 „Wo
1323 1256 53 28 soll
1396 1256 46 30 ich
1464 1257 65 30 dich
1549 1258 127 29 suchen?

1221 1301 73 34 „Bist
1315 1301 38 29 du
1374 1302 47 28 das
1443 1302 119 29 Grauen
1583 1303 52 29 der
1655 1305 111 35 Nacht,
1788 1316 86 19 wenn
1895 1308 114 30 Ströme

1162 1355 60 18 von
1233 1346 110 29 Blitzen
1357 1347 57 28 den
1426 1347 126 29 Himmel
1563 1348 29 28 in
1606 1349 89 28 breite
1709 1350 132 30 Furchen
1851 1354 158 29 zerreifsen

1161 1390 60 28 und
1248 1391 255 39 Frühlingsorkane
1531 1393 47 28 die
1604 1395 190 38 mächtigsten
1817 1398 107 29 Bäume
1953 1400 54 29 wie

1161 1435 157 30 Schilfrohr
1339 1438 137 28 knicken?

1219 1481 57 34 „Ist
1297 1491 28 18 es
1341 1482 67 28 dein
1423 1483 119 35 Antlitz,
1564 1484 48 29 das
1633 1485 29 29 in
1683 1485 51 29 der
1747 1487 81 29 Lohe
1850 1487 50 30 des
1922 1489 68 30 bren-

1160 1526 118 28 nenden
1307 1527 140 30 Himmels
1475 1529 128 37 erglüht?
1642 1531 100 28 Fährst
1769 1531 38 29 du
1835 1533 98 29 einher
1960 1536 52 29 auf

1161 1571 66 29 dem
1247 1571 123 30 weifsen
1391 1573 120 30 Schaum
1532 1577 285 37 sturmgepeitschter
1837 1580 118 28 Meere?

1218 1617 47 35 „O
1286 1618 99 29 könnt'
1405 1619 47 28 ich
1473 1620 66 28 dich
1558 1620 106 29 fassen!

1218 1662 109 35 „Einen
1341 1664 92 28 Kranz
1454 1674 46 18 aus
1515 1665 241 38 Sternenliedern,
1778 1667 46 29 die
1844 1669 53 28 auf
1912 1670 94 30 meine

1160 1708 116 28 Nächte
1302 1708 227 39 niederquellen,
1556 1710 57 30 will
1639 1711 47 30 ich
1713 1723 49 18 um
1790 1713 67 28 dein
1883 1715 122 32 blondes

1160 1752 232 40 Mädchenhaupt
1423 1754 42 29 dir
1492 1755 132 36 winden,
1654 1757 30 28 in
1713 1758 74 28 allen
1815 1759 112 30 Gluten
1954 1762 52 29 der

1160 1799 262 29 Dämmerstunden
1448 1801 80 28 wirst
1554 1801 39 29 du
1613 1802 150 39 erglühen,
1790 1804 61 29 und
1878 1806 55 29 wie
1954 1808 52 29 der

1160 1845 72 29 stille
1248 1845 84 29 Geist
1353 1845 50 29 der
1418 1846 97 28 Nacht
1528 1846 79 29 wirst
1622 1847 38 29 du
1675 1848 69 36 sein,
1764 1849 56 29 tief
1836 1851 60 28 und
1915 1853 90 29 schön

1160 1890 55 28 wie
1236 1890 76 28 seine
1332 1890 193 39 Ewigkeit...

1217 1935 71 35 „Ein
1302 1935 82 29 Kleid
1407 1937 97 29 werde
1519 1937 47 30 ich
1579 1938 45 29 dir
1637 1939 106 29 weben
1758 1950 46 19 aus
1819 1941 66 30 dem
1902 1944 87 29 schön-

1160 1989 66 21 sten
1245 1981 112 29 Rausch
1377 1982 109 29 meiner
1506 1983 184 30 schaffenden
1708 1985 88 36 Seele,
1817 1988 53 29 mit
1889 1990 116 29 meinen

1160 2026 195 39 brünstigsten
1366 2028 151 28 Träumen
1528 2028 57 29 will
1595 2028 47 31 ich
1656 2030 66 29 dich
1735 2034 164 36 umgürten,
1911 2036 94 29 meine

1160 2072 190 39 mächtigsten
1370 2073 163 29 Gedanken
1561 2074 51 29 lafs
1640 2075 46 30 ich
1713 2077 55 28 wie
1794 2078 45 28 die
1865 2089 123 31 sturmge-

1160 2117 110 29 borene
1295 2118 71 29 Brut
1395 2119 101 29 wilder
1522 2120 103 30 Falken
1651 2131 50 19 um
1731 2122 68 29 dein
1825 2125 102 41 Haupt
1954 2128 52 29 mit

1160 2163 149 29 schweren
1322 2163 121 40 Flügeln
1463 2166 150 36 rauschen,
1633 2167 60 29 und
1714 2168 39 30 du
1768 2169 80 30 wirst
1869 2172 61 29 sein
1951 2174 54 29 wie

1160 2208 45 29 die
1226 2209 258 40 Himmelskönigin
1503 2211 32 30 in
1557 2211 52 30 der
1629 2212 252 34 feuerzuckenden
1902 2219 103 30 Glorie

1160 2254 52 29 der
1232 2255 216 30 Himmelfahrt:
1474 2257 44 29 die
1546 2260 243 39 sterneglühende
1812 2263 194 34 Milchstrafse

1160 2310 36 19 zu
1218 2300 106 29 deinen
1343 2301 115 30 Füfsen.

1217 2346 86 36 „Dies
1334 2347 78 29 Alles
1443 2349 107 30 schenk
1580 2350 47 32 ich
1660 2353 59 36 dir,
1756 2365 55 20 nur
1846 2358 40 29 sei
1922 2360 83 37 mein,

1160 2393 99 28 komm
1278 2403 36 19 zu
1335 2393 105 31 mir...

1218 2439 94 36 „Dich
1331 2439 62 31 fühl
1413 2440 47 30 ich
1476 2443 120 30 überall:
1617 2445 40 31 du
1671 2447 115 31 thronst
1800 2450 51 30 auf
1861 2453 128 30 weichen-

1161 2485 58 29 dan
1238 2486 119 29 Nebeln
1378 2487 50 29 des
1448 2490 259 40 Morgengrauens,
1729 2494 39 31 du
1789 2497 144 32 zerrinnst
1954 2501 53 29 mir

1160 2531 61 30 und
1245 2531 112 39 gleitest
1377 2543 64 30 weg
1466 2534 39 30 im
1530 2539 165 31 tanzenden
1716 2541 84 31 Licht
1824 2543 53 30 der
1897 2546 110 36 Sterne,

1161 2577 66 30 dich
1254 2577 63 31 fühl
1343 2579 48 30 ich
1417 2580 30 29 in
1475 2581 66 30 dem
1568 2584 217 41 Balsamgeruch
1817 2590 52 29 der
1894 2593 114 38 tauigen

1163 2624 121 30 Wiesen
1297 2625 61 30 und
1379 2626 196 41 dampfenden
1589 2631 220 40 Weidetriften,
1824 2636 68 30 dein
1905 2638 37 29 ist
1956 2638 51 30 der

1160 2670 81 37 Ton,
1255 2671 52 30 der
1327 2671 60 31 sich
1408 2673 91 31 durch
1519 2675 65 31 alles
1595 2677 145 36 Jauchzen
1761 2681 51 30 der
1827 2683 180 30 schaffenden

1202 2851 0 0 115
