2539 3304
241 409 22 24 d'
263 379 32 20 tZt
302 416 14 17 \
314 380 51 26 Und
444 385 14 26 d
462 395 21 16 e
500 389 101 26 nächste
616 391 54 25 Zeit
689 401 30 16 zu
738 398 97 19 steuern
854 391 81 26 sucht.
964 391 72 26 Auch
1055 390 41 26 für

268 421 11 15 e
303 419 126 29 Mitarbeit
452 425 43 26 der
518 427 132 28 bildenden
676 430 116 26 Künstler
821 440 40 16 am
890 429 205 37 Kunstgewerbe,

241 456 38 18 wc
292 455 44 26 ehe
357 458 71 29 einen
446 462 108 30 frischen
572 467 100 35 grofsen
693 471 56 33 Zug
769 470 24 25 in
811 469 109 26 dasselbe
939 469 82 35 bringt
1043 468 52 26 und

279 499 31 19 en
331 505 102 27 eigenen
451 503 64 27 Duft
533 506 61 26 über
611 507 109 26 einzelne
737 508 102 35 Zweige
857 508 124 25 desselben
1000 507 95 31 breitet,

269 537 26 17 ur
315 542 28 17 cn
352 537 83 28 solche
443 542 127 34 gröfseren
578 545 143 37 Aufgaben,
728 548 51 24 wie
787 547 39 25 die
836 546 165 36 Ausführung
1008 556 88 26 ganzer

322 581 24 16 er
358 579 41 23 rür
413 578 42 27 das
470 582 53 25 eine
539 584 60 26 oder
613 585 89 26 andere
716 588 132 28 Museum,
863 596 45 15 vor
921 586 175 25 Auswüchsen

287 616 37 22 en,
336 622 29 16 zu
376 615 78 29 denen
466 620 40 26 die
517 622 87 27 letzten
613 625 193 35 Ausstellungen
816 625 27 25 in
851 626 64 24 Paris
926 625 78 25 schon
1015 623 81 26 starke

357 661 33 17 Zei
392 665 15 25 ß
411 661 40 22 ten
456 669 6 19 ;
478 669 8 15 s
489 660 22 25 ie
524 663 106 25 würden
644 666 51 32 jene
709 663 140 31 kostbaren,
865 663 56 26 aber
933 663 163 36 kapriziösen,

315 692 105 27 ebrauch
432 698 52 25 und
495 701 167 26 Ornamentik
674 707 126 21 unnützen
812 703 117 25 Arbeiten
941 702 154 30 verhindern,

268 730 11 15 e
360 730 41 27 der
419 737 194 34 unglücklichen
629 743 77 24 Sucht
724 751 98 16 unserer
837 742 61 29 Zeit,
918 742 87 24 immer
1019 747 77 19 etwas

243 797 19 24 A
290 800 12 21 f|
301 772 7 15 l
308 772 10 49 '
318 775 22 16 eS
365 779 29 16 ZU
403 781 26 17 Dr
432 783 5 15 '
440 784 15 15 n
458 785 55 25 gen,
520 777 179 38 hervorgehen.
710 781 118 26 Amerika
835 780 74 26 bietet
916 790 43 15 uns
967 781 25 24 in
998 780 99 35 einigen

276 809 11 15 c
307 807 93 28 itekten
414 814 49 25 und
475 815 185 30 Dekorateuren
675 821 79 25 schon
769 820 39 25 die
821 820 105 34 richtige
938 821 45 23 Art
994 819 41 25 des
1047 820 34 23 Zu-

242 872 31 26 dü
289 879 7 19 f
294 849 112 25 nienarDe
409 857 60 21 'tens
490 856 53 25 und
563 858 39 24 ein
623 868 27 16 so
666 859 160 35 eigenartiges
841 868 42 16 aus
899 858 48 25 den
962 857 120 26 Lebensbe-

242 916 42 23 auf
295 918 13 24 d
317 890 60 21 ISSCn
386 893 112 25 entstand
501 903 55 17 enes
564 897 113 30 Vorbild,
687 898 52 25 dafs
748 898 65 25 diese
821 896 163 26 talentvollen
992 898 105 24 Ansätze

242 948 14 25 b
300 956 13 17 u
396 937 38 16 em
443 931 85 28 Boden
538 945 51 15 von
600 936 46 25 den
659 936 296 36 Kunstgewerbemuseen
967 935 129 25 besonders

242 960 108 54 pachtet
361 967 101 27 werden
473 971 97 28 sollten.
597 977 72 24 Denn
681 975 89 36 gerade
784 975 26 25 in
825 975 42 25 der
877 973 165 36 Vorführung
1056 974 40 25 des

241 1027 25 25 N
287 1006 20 46 ,
307 1006 93 23 einsten
407 1025 7 10 '
444 1008 24 26 in
492 1011 58 26 dem
574 1013 39 26 die
637 1014 138 26 Vorstände
796 1014 41 26 das
859 1013 104 26 Geniale
984 1023 51 16 von
1056 1012 41 26 der

241 1065 14 25 £
258 1077 11 14 c
273 1069 12 9 -,
299 1072 14 6 ~a
316 1047 29 46 ^m
348 1049 42 18 un
392 1052 42 28 g,
449 1057 42 17 aus
506 1050 57 27 dem
578 1052 69 26 rasch
661 1052 187 36 Vergehendem
862 1052 47 25 den
923 1052 71 26 Keim
1009 1061 30 16 zu
1053 1061 30 25 ge-

318 1084 55 20 eher
397 1085 194 41 Entwicklung
616 1092 188 26 unterscheiden
828 1095 106 25 müssen,
959 1091 60 35 liegt
1042 1091 54 24 eine

241 1143 30 26 sic
272 1117 46 57 a^
318 1117 56 25 tauf
375 1121 59 32 gabe
453 1125 42 27 der
512 1130 119 31 Museen,
653 1130 52 27 und
724 1131 64 26 nach
808 1130 41 25 der
869 1130 128 34 Richtung
1015 1129 81 26 haben

242 1185 48 26 wie
323 1162 23 50 'v,
354 1158 117 32 Dlrektor
473 1175 29 16 en
517 1177 45 16 vor
574 1169 83 27 Allem
672 1179 29 17 zu
716 1169 142 27 bewähren.
880 1168 60 26 Dafs
953 1168 39 25 ein
1005 1169 90 29 Raum,

268 1233 11 15 a
279 1201 20 47 -
318 1201 11 15 C
329 1201 25 47 ,
378 1201 25 47 .
427 1202 63 28 °ben
509 1205 61 28 kurz
589 1207 142 28 entworfen
749 1208 72 31 habe,
842 1214 68 19 teuer
929 1207 52 25 sein
997 1206 98 30 würde,

242 1241 39 45 Stü
300 1265 13 21 k
351 1243 53 19 eine
428 1242 227 41 Entschuldigung;
683 1247 108 26 einzelne
815 1256 61 26 ganz
899 1245 196 35 hervorragende

317 1278 12 15 e
343 1275 39 25 des
398 1278 64 28 alten
475 1284 232 28 Kunsthandwerks
723 1286 88 26 kosten
826 1284 164 37 gelegentlich
1004 1293 27 16 so
1047 1283 48 26 viel

1173 391 52 25 und
1241 389 77 30 mehr,
1333 389 51 25 wie
1402 389 54 24 eine
1471 397 73 27 ganze
1560 387 162 35 Einrichtung
1736 386 41 26 der
1791 388 53 24 Art.
1872 386 73 25 Auch
1959 385 67 25 kann

1174 430 53 26 eine
1246 428 83 27 solche
1345 427 163 36 Einrichtung
1528 425 40 27 für
1586 427 109 25 mehrere
1709 428 102 23 Museen
1830 434 141 17 zusammen
1985 434 28 25 ge-

1174 468 101 26 arbeitet
1290 467 49 25 und
1351 466 66 25 dann
1427 466 142 25 wechselnd
1580 475 50 16 von
1642 465 54 25 dem
1709 466 69 25 einen
1792 474 28 16 an
1833 464 42 25 das
1886 463 87 27 andere
1984 463 29 26 ab-

1174 507 109 36 gegeben
1294 506 109 26 werden.
1421 507 24 32 Je
1456 505 88 25 weiter
1555 505 33 24 sie
1599 504 148 36 zugänglich
1758 503 115 36 gemacht
1883 502 108 29 werden,
2004 504 23 32 je

1174 546 70 26 mehr
1255 546 33 25 sie
1299 544 134 30 wechseln,
1444 553 43 16 um
1498 553 27 15 so
1537 543 77 25 besser
1625 542 40 26 für
1676 544 51 24 ihre
1736 541 137 35 Wirkung.
1892 543 70 24 Denn
1970 544 57 31 jetzt

1174 585 84 25 stehen
1268 587 54 32 jene
1334 583 160 26 vereinzelten
1504 583 154 34 Erzeugnisse
1670 580 143 36 fremdartig
1825 581 23 25 in
1861 590 96 16 unserer
1963 581 43 24 Um-

1174 623 109 36 gebung,
1298 621 145 35 fremdartig
1455 621 71 25 selbst
1537 622 25 24 in
1573 622 48 24 den
1632 623 116 28 Museen;
1763 629 30 16 an
1805 619 51 26 ihre
1868 618 87 30 reiche,
1969 619 44 25 har-

1174 662 128 26 monische
1317 660 220 35 Farbenwirkung,
1557 670 30 15 an
1605 660 52 25 ihre
1675 658 107 26 stilvolle
1797 657 176 35 Verwendung
1987 656 39 25 des

1174 700 98 30 Stoffes,
1279 710 29 16 an
1316 700 51 25 eine
1373 700 110 25 dadurch
1491 699 163 35 notwendige
1660 697 119 26 teilweise
1784 695 190 36 Umgestaltung
1982 705 30 15 un-

1174 750 61 15 serer
1243 739 160 35 Umgebung,
1412 738 40 25 die
1460 748 45 16 uns
1515 738 62 25 auch
1584 738 46 24 mit
1637 737 68 25 ihren
1713 734 313 35 Geschmacklosigkeiten,

1174 778 121 35 Mängeln
1311 778 51 25 und
1376 776 284 37 Unbequemlichkeiten
1674 774 47 26 lieb
1732 773 135 37 geworden
1879 774 38 28 ist,
1929 776 97 22 müssen

1174 817 50 27 wir
1243 827 47 16 uns
1304 817 145 25 allmählich
1463 822 46 19 erst
1523 816 152 35 gewöhnen.
1697 816 48 23 Der
1756 813 58 25 Sinn
1826 811 66 26 mufs
1903 810 122 36 geweckt,

1174 855 40 27 die
1235 866 81 16 neuen
1337 854 155 27 Bedürfnisse
1516 858 97 22 müssen
1634 862 50 17 von
1710 852 48 25 den
1776 850 137 27 Künstlern
1936 850 89 33 richtig

1175 894 86 27 erfafst
1274 894 61 31 und,
1355 904 28 15 so
1398 894 61 26 weit
1472 894 50 25 wie
1538 893 119 35 möglich,
1676 889 47 28 auf
1732 888 137 28 nationaler
1883 888 144 34 Grundlage

1175 934 26 26 in
1209 933 178 26 künstlerische
1398 935 71 23 Form
1478 932 116 35 gebracht
1604 931 50 25 und
1664 931 45 24 mit
1720 929 42 26 der
1771 937 93 27 ganzen
1875 926 151 34 Umgebung

1174 972 273 36 zusammengestimmt
1465 971 108 26 werden.
1609 969 78 26 Dabei
1707 967 101 26 können
1826 974 85 17 unsere
1932 966 77 24 Kunst-

1175 1011 219 36 gewerbemuseen
1411 1011 27 25 in
1458 1016 72 20 erster
1548 1010 68 24 Linie
1636 1006 155 29 mitwirken,
1812 1004 69 25 darin
1896 1002 79 26 haben
1990 1003 34 24 sie

1175 1052 54 24 eine
1243 1059 72 21 neue,
1330 1050 53 25 eine
1391 1048 118 27 wirklich
1523 1046 170 35 lebensfähige
1702 1043 122 36 Aufgabe,
1839 1043 38 25 die
1889 1041 38 25 bei
1937 1047 87 29 gutem

1174 1089 99 26 Willen
1293 1088 52 26 und
1363 1088 129 34 tüchtigen
1506 1085 111 30 Kräften,
1633 1083 141 27 verbunden
1793 1081 45 27 mit
1853 1081 65 24 einer
1931 1079 78 35 gründ-

1174 1129 83 25 lichen
1270 1126 192 37 Umgestaltung
1481 1126 25 25 in
1526 1126 41 24 der
1580 1122 159 35 Aufstellung
1758 1120 51 26 und
1823 1121 140 32 Benutzung
1983 1117 42 25 der

1175 1167 65 25 alten
1256 1167 112 29 Schätze,
1390 1166 49 25 wie
1461 1165 33 25 sie
1515 1164 65 25 oben
1601 1161 147 37 angedeutet
1765 1158 105 26 worden
1892 1158 42 29 ist,
1958 1156 66 25 nach

1174 1207 98 34 einigen
1282 1204 161 34 Jahrzehnten
1457 1203 39 25 die
1511 1200 293 36 Kunstgewerbemuseen
1819 1197 68 24 nicht
1899 1195 70 25 mehr
1980 1203 44 21 „in

1174 1245 47 25 den
1445 1241 82 27 finden
1541 1240 79 25 lassen
1632 1237 95 27 würde.

1770 1275 130 24 Wilhelm
1914 1274 67 23 Bode

1218 2869 0 0 127
