2243 3797
688 245 189 26 LETTRES
911 246 54 26 DE
998 247 51 25 LA
1080 247 183 25 FAMILLE
1295 248 55 24 DE
1385 246 162 26 CHOPIN

2051 243 72 39 245

197 334 292 54 Aujourd'hui
514 351 22 26 a
571 337 86 41 lieu
696 338 38 40 le
758 347 171 31 concert
965 339 51 39 de
1039 338 45 40 M
1091 347 39 14 me
1165 339 217 41 Weinert.
1407 338 46 40 M
1458 337 37 24 lle
1519 336 237 42 Orlowska
1779 351 27 37 y
1830 335 225 41 chantera.
2091 333 37 40 A

141 417 163 38 propos
326 408 6 36 !
358 403 63 41 Le
443 404 89 40 bon
556 403 179 43 Sinosio
769 404 47 54 [?]
840 415 63 32 est
926 407 170 40 devenu
1132 406 73 41 fou
1230 407 202 40 d'amour
1473 406 96 41 Une
1592 413 205 45 prompte
1820 417 101 26 cure
1957 401 54 41 Ta
2046 401 80 40 fait

142 473 170 37 revenir
334 476 21 34 à
391 472 58 40 lui
474 484 7 35 ;
517 472 30 40 il
576 481 64 33 est
678 476 139 47 guéri,
844 477 112 37 mais
979 488 56 26 on
1061 483 103 43 peut
1186 474 237 45 s'attendre
1448 479 21 35 à
1488 488 45 26 ce
1553 488 84 38 que
1659 487 46 26 ce
1727 486 54 27 ne
1805 474 84 38 soit
1914 484 79 39 pas
2014 483 113 38 pour

142 538 273 53 longtemps.
440 539 146 41 Laure
609 550 65 32 est
690 555 141 27 venue
854 542 146 40 hier...

900 867 275 44 LETTRE
1228 868 140 43 XXII

1043 967 68 40 [Du
1136 967 95 40 père]

357 1115 221 41 Monsieur
584 1148 9 16 y
628 1115 220 41 Monsieur
879 1114 197 41 Frédéric
1102 1113 186 56 Chopin.

179 1241 241 42 [Estampilles
438 1254 6 20 :
464 1254 16 19 «
498 1242 182 39 Varsovie,
704 1253 90 31 11,4
817 1251 15 21 »
849 1251 7 29 ;
869 1251 17 22 «
914 1241 133 38 Berlin,
1070 1252 51 30 14,
1140 1252 20 30 4
1180 1251 30 28 »,
1227 1247 32 25 et
1280 1239 128 43 [Paris]
1429 1250 15 22 ((
1465 1251 37 21 21
1524 1241 87 32 avril
1639 1251 16 22 »
1682 1240 152 43 [l'année
1865 1250 52 25 est
1945 1242 173 43 illisible].

1780 1392 27 30 A
1827 1391 113 40 Paris,

1462 1457 180 32 Chaussée
1667 1458 157 39 d'Antin,
1850 1463 38 26 n°
1906 1468 33 33 5.

1498 1524 53 42 [11
1580 1524 86 33 avril
1693 1525 61 44 183
1766 1524 31 44 5]
1815 1525 9 42 (
1835 1524 10 45 1:
1857 1526 22 41 ).

353 1649 107 40 MON
496 1664 116 25 CHER
644 1663 184 32 ENFANT,

184 1760 49 53 Je
258 1759 217 41 n'attends
500 1773 78 38 pas
602 1768 40 31 ta
661 1760 124 39 lettre
806 1760 73 49 qui
898 1763 223 34 sûrement
1141 1771 53 26 ne
1211 1758 172 39 tardera
1402 1771 78 38 pas
1498 1762 21 35 à
1546 1771 112 27 nous
1671 1761 138 45 venir,
1824 1773 111 38 pour
1949 1760 167 40 t'écrire

131 1828 213 51 quelques
367 1836 129 31 mots.
543 1825 136 42 Notre
715 1828 210 38 situation
960 1834 64 31 est
1063 1826 197 51 toujours
1298 1826 39 39 la
1372 1830 157 42 même,
1570 1824 269 43 c'est-à-dire
1877 1841 85 38 que
2000 1842 113 26 nous

129 1908 195 26 sommes
353 1908 54 26 en
428 1908 120 26 assez
573 1894 146 40 bonne
742 1898 138 44 santé,
903 1901 41 32 et
967 1894 37 51 je
1037 1894 91 38 suis
1161 1892 102 40 bien
1288 1894 88 39 aise
1401 1907 83 37 que
1517 1903 45 31 tu
1583 1896 89 38 aies
1693 1900 129 46 passé
1843 1895 38 40 le
1904 1897 205 39 carnaval

130 1976 103 25 sans
254 1962 329 51 indisposition.
611 1960 104 41 Mon
757 1960 165 47 enfant,
955 1965 188 45 ménage
1179 1969 40 31 ta
1260 1965 140 43 santé,
1439 1975 52 26 ne
1524 1962 162 51 prends
1707 1964 94 38 rien
1825 1976 72 27 sur
1923 1963 38 40 le
1985 1977 128 38 repos

128 2032 246 37 nécessaire
393 2042 8 29 ;
425 2031 38 50 je
486 2031 91 37 suis
599 2028 101 40 bien
722 2029 216 51 persuadé
955 2042 84 37 que
1058 2028 74 39 nul
1158 2037 121 30 autre
1296 2033 124 34 excès
1441 2041 53 26 ne
1512 2037 104 42 peut
1638 2037 38 31 te
1712 2030 139 46 nuire,
1890 2044 71 24 car
1995 2039 44 31 tu
2060 2044 54 26 ne

127 2097 86 40 t'en
232 2107 191 41 permets
448 2111 93 37 pas,
564 2098 38 50 je
625 2105 40 31 te
681 2098 182 38 connais
888 2108 135 27 assez.
1049 2095 98 39 Ton
1171 2094 89 41 bon
1281 2096 103 45 ami,
1407 2108 85 38 que
1512 2095 265 52 j'embrasse
1800 2097 53 39 de
1893 2106 92 31 tout
2008 2111 104 26 mon

126 2178 135 33 cœur,
285 2164 77 40 fait
380 2169 87 35 très
483 2164 103 39 bien
607 2164 52 38 de
682 2173 40 30 te
749 2165 161 37 retenir
932 2162 102 40 chez
1059 2171 59 31 toi
1143 2171 152 30 autant
1316 2176 84 37 que
1425 2161 211 52 possible,
1652 2171 40 31 et
1714 2171 44 31 tu
1778 2162 83 40 fais
1883 2166 118 37 aussi
2025 2170 86 34 très

127 2230 100 40 bien
250 2231 53 39 de
326 2244 53 26 ne
398 2244 78 38 pas
493 2239 40 31 te
556 2230 262 50 surcharger
836 2230 53 39 de
906 2230 147 50 leçons
1073 2237 40 31 et
1136 2229 53 39 de
1220 2230 182 39 cultiver
1424 2238 75 31 ton
1531 2231 130 48 génie
1691 2244 79 37 par
1806 2230 52 39 de
1882 2232 227 38 nouvelles

125 2298 300 51 productions,
452 2300 73 49 qui
543 2307 188 42 peuvent
750 2298 53 39 de
825 2298 99 51 plus
945 2311 54 25 en
1025 2297 101 51 plus
1159 2310 219 38 propager
1408 2305 41 31 ta
1476 2296 210 41 méthode
1721 2305 40 32 et
1800 2305 39 32 te
1865 2298 246 50 distinguer

125 2366 76 38 des
240 2374 146 31 autres
418 2367 337 49 compositeurs.
780 2364 67 41 Tu
872 2379 53 26 ne
945 2378 113 27 nous
1077 2377 45 27 as
1145 2378 78 38 pas
1241 2378 158 26 encore
1416 2369 184 47 marqué
1620 2366 35 38 si
1673 2374 44 31 tu
1743 2379 46 25 as
1809 2364 77 41 fini
1904 2375 74 31 ton
2003 2368 85 38 troi-

125 2434 136 38 sième
277 2441 201 31 concerto
497 2441 40 31 et
558 2434 32 38 si
618 2441 45 31 tu
680 2431 82 41 fais
783 2434 226 50 imprimer
1027 2433 38 39 le
1084 2434 190 49 premier
1293 2430 58 54 (2)
1375 2444 8 37 ;
1409 2433 38 51 je
1469 2434 113 38 crois
1606 2446 84 38 que
1713 2432 173 40 celui-ci
1910 2447 54 26 ne
1984 2448 96 24 man-

124 2514 134 36 quera
275 2514 78 38 pas
376 2500 52 40 de
444 2500 137 51 plaire
605 2510 8 37 ;
640 2500 39 39 la
696 2502 216 49 première
931 2500 217 45 dédicace,
1175 2513 78 37 par
1275 2502 218 47 intrigues
1513 2500 39 52 je
1582 2502 128 47 crois,
1740 2498 68 41 n'a
1833 2514 78 38 pas
1928 2514 52 26 eu
2002 2502 102 45 lieu,

124 2569 110 38 ainsi
259 2572 21 34 à
302 2582 74 36 qui
397 2568 38 38 la
456 2572 268 35 réserves-tu
741 2571 16 35 ?
793 2567 49 54 Je
862 2576 153 32 trouve
1038 2576 265 44 surprenant
1324 2581 84 37 que
1428 2568 131 51 jusqu
1579 2571 22 35 à
1622 2580 46 26 ce
1688 2576 196 32 moment
1906 2576 45 32 tu
1970 2566 137 42 n'aies

120 2649 79 37 pas
221 2649 53 26 eu
294 2634 230 41 l'occasion
541 2636 53 39 de
607 2636 265 51 rapprocher
893 2636 38 38 le
952 2634 102 41 fruit
1074 2636 52 39 de
1148 2636 10 38 1
1180 2635 125 39 arbre
1322 2647 8 32 ;
1347 2635 28 38 il
1404 2633 92 41 faut
1524 2648 85 38 que
1651 2635 52 39 de
1740 2648 46 26 ce
1824 2636 160 38 côté-là
2008 2636 28 38 il
2061 2649 46 25 se

122 2712 151 30 trouve
295 2717 59 25 un
378 2702 195 40 obstacle
592 2705 164 37 vivant.
776 2701 66 41 Ne
858 2704 272 49 pourrais-tu
1148 2716 79 37 pas
1248 2702 39 39 le
1305 2703 176 37 vaincre
1501 2705 15 35 }
1549 2700 207 52 Quoique
1780 2710 44 31 tu
1849 2716 53 25 ne
1933 2704 171 38 tiennes

122 2783 78 37 pas
224 2773 21 35 à
259 2770 106 45 cela,
385 2783 20 25 c
423 2778 63 31 est
506 2770 244 50 cependant
771 2770 198 50 toujours
990 2770 190 50 quelque
1199 2769 132 39 chose
1351 2781 111 38 pour
1485 2768 38 39 le
1543 2767 138 40 relief.
1690 2791 52 5 —
1761 2767 343 54 Kal[kbrenner]

119 2850 53 26 va
192 2836 112 39 donc
324 2840 21 35 à
364 2835 170 41 Vienne
553 2847 8 37 ;
580 2837 38 51 je
641 2838 90 37 suis
754 2836 102 39 bien
877 2837 90 38 aise
982 2834 103 52 qu'il
1105 2836 131 40 sache
1256 2848 85 39 que
1361 2844 43 31 tu
1425 2850 27 37 y
1470 2848 46 26 as
1536 2836 77 38 des
1633 2837 357 38 connaissances.
2013 2836 91 40 Des

120 2903 173 40 feuilles
327 2903 270 39 allemandes
618 2912 74 31 ont
717 2907 197 35 annoncé
933 2901 105 52 qu'il
1069 2903 217 40 viendrait
1306 2905 52 37 ici
1378 2914 8 36 ;
1411 2903 37 50 je
1472 2905 111 37 serai
1615 2902 175 40 charmé
1822 2903 52 40 de
1895 2904 37 40 le
1951 2906 95 38 voir
2065 2913 40 31 et

161 3072 46 40 (1)
225 3072 47 32 La
292 3071 80 33 date
393 3071 42 33 de
450 3078 93 26 cette
564 3074 103 30 lettre
683 3082 18 21 a
723 3082 47 29 pu
793 3074 73 29 être
884 3070 86 34 fixée
991 3076 108 37 grâce
1121 3074 18 30 à
1155 3075 31 30 la
1211 3072 156 33 mention
1388 3072 61 41 qui
1471 3084 21 30 y
1512 3079 51 25 est
1592 3072 83 32 faite
1701 3072 45 31 du
1767 3073 114 41 projet
1901 3073 42 32 de
1965 3085 140 32 voyage

118 3123 17 29 à
158 3121 173 32 Carlsbad
349 3121 62 31 des
446 3128 145 33 parents
614 3120 42 32 de
679 3119 178 40 Frédéric,
889 3121 80 40 puis
992 3121 45 31 du
1062 3130 166 24 concerto
1265 3122 43 32 de
1331 3121 141 40 Chopin
1495 3121 62 42 qui
1586 3121 51 32 fut
1671 3121 136 40 publié,
1833 3121 89 33 ainsi
1943 3133 70 30 que
2047 3133 59 22 ces

118 3177 90 26 mots
226 3180 6 21 :
254 3184 15 15 «
294 3172 67 30 Tes
383 3181 115 21 sœurs
518 3169 194 38 t'écrivent,
732 3170 31 42 je
783 3172 48 29 les
853 3169 93 32 crois
965 3170 192 33 heureuses
1182 3184 27 26 »,
1234 3171 62 41 qui
1312 3171 116 32 furent
1447 3171 106 31 écrits
1569 3173 103 38 après
1686 3173 30 29 le
1733 3170 158 42 mariage
1905 3172 198 39 d'lsabelle,

118 3219 91 32 donc
226 3222 103 38 après
356 3219 91 42 1834
460 3219 4 42 .

158 3268 47 40 (2)
225 3269 48 31 Le
295 3271 82 38 père
397 3269 43 31 de
459 3268 141 41 Chopin
620 3271 110 37 parle,
755 3278 82 22 sans
863 3278 116 22 aucun
1003 3269 119 38 doute,
1141 3269 44 33 ici
1209 3270 45 30 du
1278 3277 169 25 concerto
1470 3279 42 21 en
1524 3269 44 41 fa
1590 3269 143 31 mineur
1738 3293 7 9 ,
1766 3268 76 41 qui,
1862 3269 161 41 quoique
2039 3281 63 21 son

115 3316 80 33 titre
212 3317 68 32 soit
301 3317 134 32 Second
454 3318 167 32 Concerto
628 3340 7 15 ,
659 3318 50 31 fut
728 3316 199 41 cependant
946 3317 86 32 écrit
1049 3325 103 25 avant
1185 3321 30 29 le
1234 3325 166 25 concerto
1423 3328 42 22 en
1485 3319 51 30 mi
1555 3319 151 30 mineur.
1727 3317 47 31 Le
1796 3326 166 24 concerto
1992 3328 42 22 en
2058 3319 45 40 fa

116 3367 141 30 mineur
277 3377 104 29 parut
413 3377 42 21 au
473 3366 200 40 printemps
715 3365 42 32 de
804 3365 100 43 1836.
944 3366 120 40 Quant
1104 3378 44 21 au
1172 3366 180 33 troisième
1391 3373 180 32 concerto,
1595 3366 78 41 déjà
1704 3365 81 40 cité,
1808 3366 31 41 je
1877 3366 73 33 suis
1978 3370 18 29 à
2032 3378 68 30 peu

115 3417 80 37 près
213 3415 135 31 certain
369 3415 87 42 qu'il
475 3422 52 25 est
546 3414 167 42 question
738 3415 43 31 de
803 3417 19 28 Y
827 3415 146 40 Allegro
996 3416 38 30 de
1059 3415 148 34 Concert
1211 3442 7 15 ,
1238 3427 59 30 op.
1320 3417 58 39 46,
1402 3416 63 41 qui
1487 3415 51 33 fut
1562 3415 124 41 publié
1709 3424 43 21 en
1784 3415 101 42 1842,
1906 3416 88 32 mais
2023 3417 77 42 qui,

116 3465 134 40 malgré
277 3466 87 36 cela,
384 3471 101 33 porte
507 3474 42 22 en
573 3465 187 39 beaucoup
790 3463 194 32 d'endroits
1007 3466 31 30 le
1059 3467 178 30 caractère
1259 3465 61 32 des
1351 3464 176 33 créations
1553 3465 42 32 de
1619 3464 141 42 Chopin
1781 3464 87 33 dans
1891 3467 49 30 les
1969 3467 131 31 années

115 3513 229 32 antérieures.
367 3513 156 40 (Niecks,
540 3513 41 40 11,
605 3512 188 41 244-245.)
