2243 3797
782 256 196 33 MUSIQUE
1011 258 51 26 ET
1093 258 139 27 DANSE
1263 259 55 26 AU
1352 258 139 27 GABON

2044 259 72 38 215

156 346 52 38 de
223 344 214 49 l'Amour,
461 348 73 49 qui
552 349 169 37 ouvrait
740 350 343 49 primitivement
1102 350 38 39 le
1174 364 17 36 3
1199 358 13 18 e
1244 358 107 38 acte,
1392 358 39 32 et
1456 352 73 50 qui
1548 349 64 41 fut
1636 350 226 40 retranché
1892 351 53 39 de
1978 351 39 39 la
2052 364 46 26 re-

2095 400 7 14 •i

154 416 298 48 présentation
474 428 112 37 pour
608 429 81 27 son
711 417 191 39 inutilité
933 417 292 51 dramatique,
1251 419 110 38 mais
1394 431 83 37 que
1500 418 87 39 l'on
1613 431 52 26 ne
1688 427 76 43 put
1787 432 44 25 se
1852 419 208 38 résoudre
2096 423 22 34 à

153 483 250 50 supprimer
421 482 52 39 de
496 483 38 38 la
554 485 224 49 partition,
805 488 22 34 à
851 497 129 26 cause
1003 485 52 38 de
1073 498 44 25 sa
1142 483 172 40 beauté.
1342 485 29 38 Il
1396 493 63 30 est
1481 485 84 39 fort
1589 486 170 51 simple,
1782 494 39 31 et
1839 499 80 26 son
1942 486 176 39 charmé

155 557 63 31 est
240 550 98 50 plus
349 551 140 38 moral
508 564 84 38 que
614 551 206 46 musical;
845 551 100 39 c'est
962 551 37 39 le
1013 564 158 38 propre
1187 551 52 39 de
1255 565 189 37 presque
1465 560 117 30 toute
1596 553 38 37 la
1660 555 202 49 musique
1886 554 51 39 de
1956 552 158 41 Gluck.

155 616 30 38 Il
209 624 64 32 est
293 623 85 33 très
397 617 172 40 difficile
592 619 51 38 de
665 617 108 40 faire
796 619 135 38 sentir
968 631 45 25 sa
1047 617 157 40 beauté
1227 622 21 34 à
1274 619 71 50 qui
1369 631 53 25 ne
1455 617 36 39 la
1526 626 94 31 sent
1642 619 52 38 de
1730 619 228 40 lui-même
1982 631 6 25 :
2015 621 101 40 c'est

153 697 86 25 une
270 686 204 48 question
510 684 141 40 d'âme
672 685 98 51 plus
806 697 153 27 encore
982 698 83 37 que
1088 684 125 40 d'art.
1248 684 86 51 Qui
1364 687 112 36 aime
1516 683 140 41 Gluck
1688 694 249 32 retrouvera
1976 689 68 45 ici,
2079 689 37 49 je

153 763 148 37 pense,
326 760 141 31 toutes
487 765 68 26 ses
580 753 171 38 raisons
775 751 52 39 de
850 751 188 48 l'aimer;
1074 760 39 31 et
1136 750 180 52 j'espère
1340 765 83 37 que
1443 765 45 25 ce
1517 760 120 31 court
1660 751 218 50 fragment
1909 754 59 39 lui
2007 755 80 38 don-

151 830 103 26 nera
277 818 38 38 le
338 819 115 39 clésir
474 819 52 39 de
548 819 206 39 chercher
777 823 20 34 à
818 822 226 37 connaître
1067 819 37 39 le
1126 827 113 31 reste
1258 819 52 39 de
1331 819 37 39 la
1393 818 113 40 belle
1544 832 163 35 œuvre,
1750 833 84 37 que
1871 819 65 39 M.
1969 819 145 41 Saint-

153 882 139 42 Saëns
315 893 39 31 et
376 884 60 40 M.
458 885 38 55 J.
522 885 172 41 Tiersot
712 899 110 28 nous
846 894 74 31 ont
943 886 179 40 rendue.

1556 965 174 42 ROMAIN
1766 966 227 42 ROLLAND,

396 1201 260 51 Musique
688 1202 54 39 et
774 1201 185 40 Danse
994 1211 71 29 au
1105 1200 189 42 Gabon
1327 1199 203 53 (Congo
1571 1201 279 53 français).

200 1323 66 36 Un
302 1322 48 37 de
391 1334 75 24 nos
508 1322 117 46 amis,
649 1329 197 30 revenant
881 1321 224 48 d'Afrique,
1138 1329 96 29 veut
1265 1322 95 37 bien
1399 1335 104 24 nous
1540 1324 317 48 communiquer
1897 1324 57 37 les
1990 1332 118 30 notes

149 1383 209 37 suivantes
384 1397 7 23 :

201 1484 69 37 Au
291 1482 177 53 Congo,
494 1481 61 39 les
573 1480 233 55 indigènes
830 1494 52 26 ne
907 1480 301 41 s'intéressent
1227 1481 101 53 qu'à
1347 1481 41 41 la
1411 1482 207 53 musique
1639 1483 51 39 de
1715 1483 150 41 danse.
1897 1485 80 38 Les
2012 1485 63 39 mé-

146 1548 157 49 lodies,
329 1547 62 41 les
415 1561 234 27 romances
674 1557 40 30 et
732 1547 63 40 les
818 1546 87 41 airs
928 1548 202 53 d'opéras
1151 1547 97 41 leur
1272 1559 100 29 sont
1395 1548 241 41 inconnus.

202 1615 81 40 Les
304 1614 233 53 indigènes
560 1624 221 44 prennent
804 1625 96 42 part
922 1627 54 26 au
999 1613 158 41 Gabon
1179 1613 22 40 à
1225 1614 115 39 deux
1363 1615 244 52 catégories
1632 1616 51 39 de
1710 1616 94 39 bals
1830 1630 7 25 :
1879 1616 38 39 le
1957 1616 70 40 bal
2051 1617 53 39 de

144 1683 159 39 danses
317 1683 306 52 européennes
642 1681 177 54 (valses,
841 1680 173 53 polkas,
1039 1681 232 40 mazurkas
1295 1693 40 28 et
1357 1681 241 54 maringas)
1624 1691 41 31 et
1705 1682 38 40 le
1767 1682 70 40 bal
1870 1683 51 39 de
1945 1684 159 39 danses

143 1747 350 41 exclusivement
515 1746 250 55 indigènes.
792 1747 83 40 Les
907 1746 87 41 airs
1018 1757 102 30 sont
1143 1757 99 30 tous
1277 1748 75 39 des
1373 1748 234 40 souvenirs
1631 1749 52 39 de
1715 1749 187 40 l'ancien
1928 1750 151 40 orches-

142 1825 61 30 tre
242 1815 52 40 de
332 1815 40 40 la
408 1815 191 40 mission
637 1815 75 40 des
755 1814 132 41 Pères
923 1815 59 39 du
1025 1813 316 55 Saint-Esprit,
1364 1815 52 40 de
1455 1814 40 41 la
1528 1815 208 54 musique
1759 1816 52 39 de
1834 1816 40 40 la
1907 1816 196 40 division

142 1881 171 50 navale,
334 1891 40 31 et
397 1883 131 39 d'une
566 1882 168 40 fanfare
770 1881 52 40 de
860 1881 153 53 jeunes
1050 1881 262 41 Gabonnais
1351 1881 257 54 supprimée
1641 1882 29 39 il
1693 1897 26 39 y
1742 1896 22 27 a
1788 1884 114 39 deux
1926 1896 78 28 ans
2026 1898 78 40 par

143 1949 149 41 raison
319 1948 273 54 budgétaire.

197 2016 85 40 Ces
306 2015 86 41 airs
417 2026 100 30 sont
541 2016 51 39 de
615 2015 237 41 véritables
876 2015 304 54 pots-pourris
1201 2017 257 52 empruntés
1477 2016 21 40 à
1523 2016 74 40 des
1618 2030 242 26 morceaux
1892 2018 52 38 de
1964 2018 137 40 danse

138 2083 62 40 les
221 2083 102 54 plus
346 2096 190 35 connus,
561 2093 280 30 notamment
873 2096 84 27 aux
989 2081 142 41 valses
1161 2083 52 40 de
1248 2082 290 49 Waldteufel,
1564 2083 124 40 telles
1712 2097 84 40 que
1834 2085 191 39 Dolorès
2062 2095 40 29 et

146 2150 197 40 Vénétia.
368 2149 117 40 L'air
508 2163 75 26 sur
602 2149 39 40 le
660 2149 190 42 Général
874 2149 294 53 Boulangera
1191 2149 119 40 aussi
1335 2150 233 53 beaucoup
1601 2151 52 39 de
1677 2150 167 41 succès.
1874 2152 83 40 Les
1978 2164 92 27 mor-

138 2230 136 27 ceaux
297 2227 100 30 sont
416 2230 85 40 peu
520 2215 141 41 variés
686 2225 39 30 et
744 2215 163 41 l'ordre
931 2217 75 40 des
1030 2217 159 39 danses
1212 2215 204 55 toujours
1437 2216 39 39 le
1499 2217 159 39 même.

193 2283 279 41 L'orchestre
507 2284 59 39 du
599 2283 70 40 bal
701 2284 224 53 européen
958 2297 43 26 se
1034 2296 212 41 compose
1282 2284 104 39 d'un
1423 2297 58 26 ou
1514 2284 115 39 deux
1660 2285 290 50 accordéons,
1992 2286 105 39 d'un

136 2350 188 54 triangle
343 2360 40 31 et
406 2350 104 42 d'un
534 2349 109 55 petit
662 2350 210 40 tambour
893 2359 175 31 servant
1088 2349 319 41 d'instrument
1430 2349 489 55 d'accompagnement.
1951 2352 115 50 Quel-

136 2417 176 55 quefois
334 2431 59 26 un
417 2427 153 30 cornet
590 2417 22 40 à
637 2416 360 55 pistons,vestige
1018 2418 52 39 de
1090 2416 189 41 l'ancien
1298 2417 241 51 orchestre,
1554 2427 63 30 est
1639 2417 171 55 adjoint
1829 2418 22 40 à
1872 2432 70 26 ces
1960 2418 109 40 musi-

135 2485 121 40 ciens
279 2498 8 39 ;
314 2484 113 42 mais
450 2484 41 40 la
511 2484 135 40 chose
667 2493 64 31 est
752 2497 109 26 rare.

190 2552 82 40 Les
289 2551 172 54 polkas,
485 2551 60 40 les
564 2551 250 51 mazurkas,
844 2550 63 40 les
941 2551 157 51 valses,
1133 2561 101 30 sont
1270 2551 184 40 dansées
1484 2564 176 27 comme
1684 2565 51 26 en
1761 2553 183 41 France.
1981 2552 84 41 Gra-

133 2619 170 39 cieuses
324 2629 39 29 et
385 2617 184 54 légères,
591 2618 61 39 les
672 2617 257 50 danseuses,
952 2627 146 30 toutes
1119 2617 249 53 indigènes,
1394 2629 101 29 sont
1516 2618 365 53 soigneusement
1900 2618 192 40 coiffées.

136 2686 138 39 Leurs
295 2685 223 52 chignons
541 2686 158 51 crépus
724 2683 278 40 artistement
1022 2683 203 54 disposés
1247 2694 101 29 sont
1371 2686 131 38 ornés
1522 2685 52 39 de
1591 2685 132 39 fleurs
1756 2685 228 40 blanches.
2012 2686 83 39 Les

134 2753 186 39 femmes
340 2761 180 44 portent
543 2749 330 54 généralement
901 2749 41 41 là
978 2751 105 38 robe
1110 2766 16 19 «
1166 2751 107 38 bébé
1298 2764 19 25 »
1346 2762 7 36 ;
1394 2750 349 53 quelques-unes
1768 2761 77 29 ont
1878 2751 39 38 le
1952 2764 143 40 pagne

133 2818 201 40 national
356 2832 8 36 ;
382 2818 191 40 d'autres
595 2827 101 30 sont
714 2818 151 38 vêtues
884 2817 22 38 à
926 2816 40 40 la
992 2817 130 38 mode
1140 2818 297 52 européenne,
1454 2817 131 40 d'une
1603 2817 101 54 jupe
1722 2827 39 30 et
1784 2817 106 40 d'un
1913 2831 181 40 corsage

133 2885 168 41 blancs.
328 2884 147 42 Celles
495 2883 76 54 qui
592 2893 78 30 ont
687 2883 38 40 le
746 2893 202 30 costume
969 2885 224 52 européen
1216 2893 180 44 portent
1415 2884 75 39 des
1526 2883 221 40 ceintures
1779 2897 137 38 roses,
1943 2884 151 40 bleues

131 2966 55 27 ou
209 2954 52 38 de
280 2952 256 54 préférence
561 2964 176 40 rouges.
767 2951 138 39 Leurs
929 2950 155 54 bijoux
1107 2951 247 40 consistent
1373 2964 54 26 en
1468 2951 181 54 bagues,
1675 2951 205 49 broches,
1909 2951 184 41 boucles

131 3019 222 40 d'oreilles
374 3029 40 30 et
437 3017 201 55 épingles
663 3016 251 55 indigènes,
942 3031 51 26 en
1015 3017 133 41 métal
1168 3032 57 26 ou
1246 3032 53 26 en
1320 3017 156 50 ivoire,
1498 3018 199 54 plantées
1727 3019 109 40 dans
1856 3019 40 40 la
1928 3019 135 40 cheve-

130 3086 110 41 lure.

185 3155 61 39 La
264 3153 203 53 maringa
486 3152 222 54 remplace
733 3160 126 31 notre
893 3151 234 53 quadrille.
1157 3153 82 40 Les
1274 3153 184 53 couples
1496 3166 55 26 au
1590 3153 188 39 nombre
1818 3153 131 39 d'une
1981 3154 81 39 dou-

127 3220 140 49 zaine,
287 3220 40 40 la
348 3220 129 40 dame
495 3220 242 53 précédant
757 3218 38 39 le
816 3217 205 52 cavalier,
1041 3229 212 31 tournent
1289 3229 162 31 autour
1476 3220 57 39 du
1568 3219 125 40 salon
1736 3232 53 27 en
1832 3219 162 40 faisant
2017 3220 74 39 des

128 3288 163 51 grâces.
320 3287 134 48 C'est,
479 3286 148 54 plutôt
647 3286 165 53 qu'une
835 3285 153 49 danse,
1015 3299 86 26 une
1122 3286 180 40 marche
1324 3286 218 55 rythmée,
1575 3285 118 41 aussi
1717 3285 197 53 élégante
1935 3300 84 39 que
2051 3286 39 39 le

129 3370 17 19 «
171 3367 76 40 pas
268 3354 75 39 des
360 3353 230 54 patineurs
619 3370 34 23 ».
683 3353 83 40 Les
802 3352 207 40 hommes
1048 3354 231 39 exécutent
1311 3354 76 39 des
1422 3351 268 49 entrechats,
1713 3365 43 26 se
1782 3352 247 40 dandinent
2053 3363 38 29 et

126 3431 212 29 tournent
359 3434 75 26 sur
457 3422 278 38 eux-mêmes
760 3433 53 26 en
830 3419 249 41 marchant.
1107 3419 59 40 Ils
1188 3421 230 39 exécutent
1437 3433 71 26 ces
1529 3429 328 38 mouvements,
1882 3419 63 40 les
1976 3420 115 39 deux

127 3487 143 40 mains
303 3488 110 40 dans
444 3488 120 39 leurs
597 3487 181 53 poches,
812 3500 53 26 en
901 3485 161 41 faisant
1098 3487 209 40 mouvoir
1339 3487 62 40 les
1436 3487 180 53 épaules
1655 3499 53 26 en
1759 3487 207 40 cadence.
2011 3487 82 39 Les
