<?xml version="1.0" encoding="UTF-8"?>
<alto xmlns:xsi="http://www.w3.org/2001/XMLSchema-instance" xmlns="http://www.loc.gov/standards/alto/ns-v2#" xsi:schemaLocation="http://www.loc.gov/standards/alto/ns-v2# http://www.loc.gov/standards/alto/alto-v2.0.xsd" xmlns:xlink="http://www.w3.org/1999/xlink">
	<Description>
		<MeasurementUnit>mm10</MeasurementUnit>
		<sourceImageInformation>
			<fileName>//fileserver7/IN2-2/Princeton/bmtnabj/1903/05/31_01/00000253.tif</fileName>
		</sourceImageInformation>
		<OCRProcessing ID="OCRPROCESSING_1">
			<preProcessingStep>
				<processingSoftware>
					<softwareCreator>CCS Content Conversion Specialists GmbH, Germany</softwareCreator>
					<softwareName>CCS docWorks</softwareName>
					<softwareVersion>6.7-1.20</softwareVersion>
				</processingSoftware>
			</preProcessingStep>
			<ocrProcessingStep>
				<processingSoftware>
					<softwareCreator>ABBYY (BIT Software), Russia</softwareCreator>
					<softwareName>FineReader</softwareName>
					<softwareVersion>10.0</softwareVersion>
				</processingSoftware>
			</ocrProcessingStep>
		</OCRProcessing>
	</Description>
	<Styles>
		<TextStyle ID="TXT_0" FONTSIZE="16" FONTFAMILY="Times New Roman" FONTSTYLE="bold"/>
		<TextStyle ID="TXT_1" FONTSIZE="14" FONTFAMILY="Times New Roman" FONTSTYLE="italics"/>
		<TextStyle ID="TXT_2" FONTSIZE="18" FONTFAMILY="Times New Roman"/>
		<TextStyle ID="TXT_3" FONTSIZE="12" FONTFAMILY="Times New Roman"/>
		<TextStyle ID="TXT_4" FONTSIZE="14" FONTFAMILY="Times New Roman"/>
		<TextStyle ID="TXT_5" FONTSIZE="12" FONTFAMILY="Times New Roman"/>
		<TextStyle ID="TXT_6" FONTSIZE="8" FONTFAMILY="Times New Roman"/>
		<ParagraphStyle ID="PAR_LEFT" ALIGN="Left"/>
		<ParagraphStyle ID="PAR_RIGHT" ALIGN="Right"/>
		<ParagraphStyle ID="PAR_CENTER" ALIGN="Center"/>
	</Styles>
	<Layout>
		<Page ID="P25" PHYSICAL_IMG_NR="25" HEIGHT="3797" WIDTH="2243" PRINTED_IMG_NR="233" PC="0.919">
			<TopMargin ID="P25_TM00001" HPOS="0" VPOS="0" WIDTH="2243" HEIGHT="232"/>
			<LeftMargin ID="P25_LM00001" HPOS="0" VPOS="232" WIDTH="147" HEIGHT="3332"/>
			<RightMargin ID="P25_RM00001" HPOS="2096" VPOS="232" WIDTH="147" HEIGHT="3332"/>
			<BottomMargin ID="P25_BM00001" HPOS="0" VPOS="3564" WIDTH="2243" HEIGHT="233"/>
			<PrintSpace ID="P25_PS00001" HPOS="147" VPOS="232" WIDTH="1950" HEIGHT="3332">
				<TextBlock ID="P25_TB00001" HPOS="334" VPOS="232" WIDTH="1365" HEIGHT="50" STYLEREFS="TXT_0 PAR_LEFT">
					<TextLine ID="P25_TL00001" HPOS="335" VPOS="232" WIDTH="1361" HEIGHT="47">
						<String ID="P25_ST00001" HPOS="335" VPOS="232" WIDTH="307" HEIGHT="42" CONTENT="LETTRES" WC="0.99" CC="2003300"/>
						<SP ID="P25_SP00001" HPOS="642" VPOS="274" WIDTH="41"/>
						<String ID="P25_ST00002" HPOS="683" VPOS="233" WIDTH="89" HEIGHT="42" CONTENT="DE" WC="0.87" CC="20"/>
						<SP ID="P25_SP00002" HPOS="772" VPOS="275" WIDTH="42"/>
						<String ID="P25_ST00003" HPOS="814" VPOS="235" WIDTH="87" HEIGHT="40" CONTENT="LA" WC="0.47" CC="46"/>
						<SP ID="P25_SP00003" HPOS="901" VPOS="275" WIDTH="42"/>
						<String ID="P25_ST00004" HPOS="943" VPOS="236" WIDTH="308" HEIGHT="42" CONTENT="FAMILLE" WC="0.99" CC="0450000"/>
						<SP ID="P25_SP00004" HPOS="1251" VPOS="278" WIDTH="40"/>
						<String ID="P25_ST00005" HPOS="1291" VPOS="237" WIDTH="90" HEIGHT="42" CONTENT="DE" WC="1.00" CC="00"/>
						<SP ID="P25_SP00005" HPOS="1381" VPOS="279" WIDTH="42"/>
						<String ID="P25_ST00006" HPOS="1423" VPOS="237" WIDTH="273" HEIGHT="42" CONTENT="CHOPIN" WC="0.99" CC="560002"/>
					</TextLine>
				</TextBlock>
				<TextBlock ID="P25_TB00002" HPOS="1731" VPOS="235" WIDTH="169" HEIGHT="55" STYLEREFS="TXT_1 PAR_RIGHT">
					<TextLine ID="P25_TL00002" HPOS="1734" VPOS="237" WIDTH="165" HEIGHT="52">
						<String ID="P25_ST00007" HPOS="1734" VPOS="237" WIDTH="141" HEIGHT="50" CONTENT="(Suite" WC="0.69" CC="005750"/>
						<SP ID="P25_SP00006" HPOS="1875" VPOS="287" WIDTH="2"/>
						<String ID="P25_ST00008" HPOS="1877" VPOS="238" WIDTH="22" HEIGHT="51" CONTENT=")" WC="0.68" CC="3"/>
					</TextLine>
				</TextBlock>
				<TextBlock ID="P25_TB00003" HPOS="895" VPOS="530" WIDTH="467" HEIGHT="43" STYLEREFS="TXT_2 PAR_CENTER">
					<TextLine ID="P25_TL00003" HPOS="895" VPOS="530" WIDTH="467" HEIGHT="43">
						<String ID="P25_ST00009" HPOS="895" VPOS="530" WIDTH="268" HEIGHT="43" CONTENT="LETTRE" WC="1.00" CC="000200"/>
						<SP ID="P25_SP00007" HPOS="1163" VPOS="573" WIDTH="35"/>
						<String ID="P25_ST00010" HPOS="1198" VPOS="530" WIDTH="164" HEIGHT="43" CONTENT="XVIII" WC="0.79" CC="07300"/>
					</TextLine>
				</TextBlock>
				<TextBlock ID="P25_TB00004" HPOS="1024" VPOS="635" WIDTH="188" HEIGHT="43" STYLEREFS="TXT_3 PAR_CENTER">
					<TextLine ID="P25_TL00004" HPOS="1025" VPOS="635" WIDTH="184" HEIGHT="41">
						<String ID="P25_ST00011" HPOS="1025" VPOS="635" WIDTH="68" HEIGHT="41" CONTENT="[Du" WC="0.97" CC="024"/>
						<SP ID="P25_SP00008" HPOS="1093" VPOS="676" WIDTH="23"/>
						<String ID="P25_ST00012" HPOS="1116" VPOS="635" WIDTH="93" HEIGHT="40" CONTENT="père]" WC="0.98" CC="03608"/>
					</TextLine>
				</TextBlock>
				<TextBlock ID="P25_TB00005" HPOS="147" VPOS="753" WIDTH="1950" HEIGHT="2565" STYLEREFS="TXT_4 PAR_LEFT">
					<TextLine ID="P25_TL00005" HPOS="1382" VPOS="754" WIDTH="511" HEIGHT="42">
						<String ID="P25_ST00013" HPOS="1382" VPOS="754" WIDTH="181" HEIGHT="40" CONTENT="Varsovie," WC="0.99" CC="707450401" STYLEREFS="TXT_3"/>
						<SP ID="P25_SP00009" HPOS="1563" VPOS="794" WIDTH="24"/>
						<String ID="P25_ST00014" HPOS="1587" VPOS="764" WIDTH="37" HEIGHT="22" CONTENT="ce" WC="0.67" CC="60" STYLEREFS="TXT_3"/>
						<SP ID="P25_SP00010" HPOS="1624" VPOS="794" WIDTH="22"/>
						<String ID="P25_ST00015" HPOS="1646" VPOS="765" WIDTH="31" HEIGHT="20" CONTENT="21" WC="0.57" CC="25" STYLEREFS="TXT_1"/>
						<SP ID="P25_SP00011" HPOS="1677" VPOS="794" WIDTH="23"/>
						<String ID="P25_ST00016" HPOS="1700" VPOS="756" WIDTH="193" HEIGHT="40" CONTENT="marsiB42." WC="0.68" CC="056006143" STYLEREFS="TXT_3"/>
					</TextLine>
					<TextLine ID="P25_TL00006" HPOS="364" VPOS="831" WIDTH="526" HEIGHT="47">
						<String ID="P25_ST00017" HPOS="364" VPOS="831" WIDTH="104" HEIGHT="40" CONTENT="MON" WC="0.99" CC="001" STYLEREFS="TXT_5"/>
						<SP ID="P25_SP00012" HPOS="468" VPOS="871" WIDTH="35"/>
						<String ID="P25_ST00018" HPOS="503" VPOS="845" WIDTH="112" HEIGHT="25" CONTENT="CHER" WC="0.98" CC="0506" STYLEREFS="TXT_5"/>
						<SP ID="P25_SP00013" HPOS="615" VPOS="871" WIDTH="34"/>
						<String ID="P25_ST00019" HPOS="649" VPOS="831" WIDTH="241" HEIGHT="47" CONTENT="FRÉDÉRIC," WC="0.98" CC="723532447" STYLEREFS="TXT_5"/>
					</TextLine>
					<TextLine ID="P25_TL00007" HPOS="202" VPOS="949" WIDTH="1886" HEIGHT="51">
						<String ID="P25_ST00020" HPOS="202" VPOS="953" WIDTH="61" HEIGHT="38" CONTENT="Ta" WC="0.71" CC="14"/>
						<SP ID="P25_SP00014" HPOS="263" VPOS="991" WIDTH="21"/>
						<String ID="P25_ST00021" HPOS="284" VPOS="953" WIDTH="121" HEIGHT="38" CONTENT="lettre" WC="0.97" CC="555547"/>
						<SP ID="P25_SP00015" HPOS="405" VPOS="991" WIDTH="18"/>
						<String ID="P25_ST00022" HPOS="423" VPOS="952" WIDTH="56" HEIGHT="38" CONTENT="du" WC="0.66" CC="15"/>
						<SP ID="P25_SP00016" HPOS="479" VPOS="991" WIDTH="19"/>
						<String ID="P25_ST00023" HPOS="498" VPOS="965" WIDTH="44" HEIGHT="35" CONTENT="25" WC="0.28" CC="68"/>
						<SP ID="P25_SP00017" HPOS="542" VPOS="1000" WIDTH="29"/>
						<String ID="P25_ST00024" HPOS="571" VPOS="951" WIDTH="169" HEIGHT="39" CONTENT="dernier" WC="0.99" CC="0027102"/>
						<SP ID="P25_SP00018" HPOS="740" VPOS="1000" WIDTH="19"/>
						<String ID="P25_ST00025" HPOS="759" VPOS="964" WIDTH="110" HEIGHT="25" CONTENT="nous" WC="0.98" CC="2050"/>
						<SP ID="P25_SP00019" HPOS="869" VPOS="1000" WIDTH="21"/>
						<String ID="P25_ST00026" HPOS="890" VPOS="965" WIDTH="21" HEIGHT="24" CONTENT="a" WC="0.93" CC="0"/>
						<SP ID="P25_SP00020" HPOS="911" VPOS="1000" WIDTH="30"/>
						<String ID="P25_ST00027" HPOS="941" VPOS="949" WIDTH="75" HEIGHT="40" CONTENT="fait" WC="0.99" CC="0040"/>
						<SP ID="P25_SP00021" HPOS="1016" VPOS="1000" WIDTH="33"/>
						<String ID="P25_ST00028" HPOS="1049" VPOS="964" WIDTH="57" HEIGHT="24" CONTENT="un" WC="0.77" CC="04"/>
						<SP ID="P25_SP00022" HPOS="1106" VPOS="1000" WIDTH="38"/>
						<String ID="P25_ST00029" HPOS="1144" VPOS="950" WIDTH="159" HEIGHT="38" CONTENT="double" WC="0.99" CC="003055"/>
						<SP ID="P25_SP00023" HPOS="1303" VPOS="1000" WIDTH="18"/>
						<String ID="P25_ST00030" HPOS="1321" VPOS="950" WIDTH="151" HEIGHT="50" CONTENT="plaisir" WC="0.99" CC="4301440"/>
						<SP ID="P25_SP00024" HPOS="1472" VPOS="1000" WIDTH="22"/>
						<String ID="P25_ST00031" HPOS="1494" VPOS="961" WIDTH="6" HEIGHT="24" CONTENT=":" WC="0.41" CC="5"/>
						<SP ID="P25_SP00025" HPOS="1500" VPOS="1000" WIDTH="26"/>
						<String ID="P25_ST00032" HPOS="1526" VPOS="950" WIDTH="37" HEIGHT="39" CONTENT="le" WC="0.78" CC="40"/>
						<SP ID="P25_SP00026" HPOS="1563" VPOS="1000" WIDTH="36"/>
						<String ID="P25_ST00033" HPOS="1599" VPOS="952" WIDTH="185" HEIGHT="48" CONTENT="premier" WC="1.00" CC="4000300"/>
						<SP ID="P25_SP00027" HPOS="1784" VPOS="1000" WIDTH="36"/>
						<String ID="P25_ST00034" HPOS="1820" VPOS="964" WIDTH="51" HEIGHT="26" CONTENT="en" WC="0.70" CC="23"/>
						<SP ID="P25_SP00028" HPOS="1871" VPOS="1000" WIDTH="30"/>
						<String ID="P25_ST00035" HPOS="1901" VPOS="951" WIDTH="187" HEIGHT="38" CONTENT="calmant" WC="0.99" CC="0021004"/>
					</TextLine>
					<TextLine ID="P25_TL00008" HPOS="147" VPOS="1016" WIDTH="1941" HEIGHT="52">
						<String ID="P25_ST00036" HPOS="147" VPOS="1028" WIDTH="121" HEIGHT="29" CONTENT="notre" WC="1.00" CC="00000"/>
						<SP ID="P25_SP00029" HPOS="268" VPOS="1057" WIDTH="22"/>
						<String ID="P25_ST00037" HPOS="290" VPOS="1018" WIDTH="253" HEIGHT="50" CONTENT="inquiétude" WC="0.99" CC="0002470400"/>
						<SP ID="P25_SP00030" HPOS="543" VPOS="1068" WIDTH="21"/>
						<String ID="P25_ST00038" HPOS="564" VPOS="1023" WIDTH="122" HEIGHT="44" CONTENT="après" WC="0.98" CC="03080"/>
						<SP ID="P25_SP00031" HPOS="686" VPOS="1068" WIDTH="33"/>
						<String ID="P25_ST00039" HPOS="719" VPOS="1019" WIDTH="104" HEIGHT="37" CONTENT="trois" WC="1.00" CC="00000"/>
						<SP ID="P25_SP00032" HPOS="823" VPOS="1068" WIDTH="35"/>
						<String ID="P25_ST00040" HPOS="858" VPOS="1018" WIDTH="111" HEIGHT="37" CONTENT="mois" WC="0.99" CC="0030"/>
						<SP ID="P25_SP00033" HPOS="969" VPOS="1068" WIDTH="36"/>
						<String ID="P25_ST00041" HPOS="1005" VPOS="1016" WIDTH="51" HEIGHT="38" CONTENT="de" WC="1.00" CC="00"/>
						<SP ID="P25_SP00034" HPOS="1056" VPOS="1068" WIDTH="35"/>
						<String ID="P25_ST00042" HPOS="1091" VPOS="1016" WIDTH="159" HEIGHT="40" CONTENT="silence" WC="0.99" CC="0060600"/>
						<SP ID="P25_SP00035" HPOS="1250" VPOS="1068" WIDTH="20"/>
						<String ID="P25_ST00043" HPOS="1270" VPOS="1016" WIDTH="51" HEIGHT="38" CONTENT="de" WC="1.00" CC="00"/>
						<SP ID="P25_SP00036" HPOS="1321" VPOS="1068" WIDTH="23"/>
						<String ID="P25_ST00044" HPOS="1344" VPOS="1024" WIDTH="40" HEIGHT="31" CONTENT="ta" WC="1.00" CC="00"/>
						<SP ID="P25_SP00037" HPOS="1384" VPOS="1068" WIDTH="39"/>
						<String ID="P25_ST00045" HPOS="1423" VPOS="1025" WIDTH="108" HEIGHT="41" CONTENT="part," WC="0.99" CC="00004"/>
						<SP ID="P25_SP00038" HPOS="1531" VPOS="1068" WIDTH="41"/>
						<String ID="P25_ST00046" HPOS="1572" VPOS="1025" WIDTH="39" HEIGHT="31" CONTENT="et" WC="1.00" CC="00"/>
						<SP ID="P25_SP00039" HPOS="1611" VPOS="1068" WIDTH="40"/>
						<String ID="P25_ST00047" HPOS="1651" VPOS="1025" WIDTH="120" HEIGHT="31" CONTENT="notre" WC="1.00" CC="02000"/>
						<SP ID="P25_SP00040" HPOS="1771" VPOS="1068" WIDTH="35"/>
						<String ID="P25_ST00048" HPOS="1806" VPOS="1019" WIDTH="187" HEIGHT="48" CONTENT="position" WC="0.99" CC="01050040"/>
						<SP ID="P25_SP00041" HPOS="1993" VPOS="1068" WIDTH="24"/>
						<String ID="P25_ST00049" HPOS="2017" VPOS="1022" WIDTH="71" HEIGHT="33" CONTENT="eût" WC="0.98" CC="051"/>
					</TextLine>
					<TextLine ID="P25_TL00009" HPOS="147" VPOS="1082" WIDTH="1941" HEIGHT="52">
						<String ID="P25_ST00050" HPOS="147" VPOS="1098" WIDTH="153" HEIGHT="26" CONTENT="encore" WC="0.99" CC="500150"/>
						<SP ID="P25_SP00042" HPOS="300" VPOS="1124" WIDTH="19"/>
						<String ID="P25_ST00051" HPOS="319" VPOS="1089" WIDTH="66" HEIGHT="35" CONTENT="été" WC="0.93" CC="756"/>
						<SP ID="P25_SP00043" HPOS="385" VPOS="1124" WIDTH="16"/>
						<String ID="P25_ST00052" HPOS="401" VPOS="1084" WIDTH="98" HEIGHT="39" CONTENT="bien" WC="0.99" CC="0300"/>
						<SP ID="P25_SP00044" HPOS="499" VPOS="1124" WIDTH="20"/>
						<String ID="P25_ST00053" HPOS="519" VPOS="1084" WIDTH="97" HEIGHT="50" CONTENT="plus" WC="0.98" CC="0450"/>
						<SP ID="P25_SP00045" HPOS="616" VPOS="1134" WIDTH="20"/>
						<String ID="P25_ST00054" HPOS="636" VPOS="1084" WIDTH="188" HEIGHT="50" CONTENT="pénible," WC="0.99" CC="00610003"/>
						<SP ID="P25_SP00046" HPOS="824" VPOS="1134" WIDTH="20"/>
						<String ID="P25_ST00055" HPOS="844" VPOS="1085" WIDTH="33" HEIGHT="37" CONTENT="si" WC="0.94" CC="01"/>
						<SP ID="P25_SP00047" HPOS="877" VPOS="1134" WIDTH="20"/>
						<String ID="P25_ST00056" HPOS="897" VPOS="1082" WIDTH="56" HEIGHT="38" CONTENT="M'" WC="0.81" CC="03"/>
						<String ID="P25_ST00057" HPOS="956" VPOS="1091" WIDTH="36" HEIGHT="16" CONTENT="ne" STYLE="superscript" WC="0.56" CC="44"/>
						<SP ID="P25_SP00048" HPOS="992" VPOS="1134" WIDTH="16"/>
						<String ID="P25_ST00058" HPOS="1008" VPOS="1082" WIDTH="294" HEIGHT="41" CONTENT="Wasilewska" WC="0.88" CC="0003500020"/>
						<SP ID="P25_SP00049" HPOS="1302" VPOS="1134" WIDTH="21"/>
						<String ID="P25_ST00059" HPOS="1323" VPOS="1096" WIDTH="53" HEIGHT="25" CONTENT="ne" WC="1.00" CC="00"/>
						<SP ID="P25_SP00050" HPOS="1376" VPOS="1134" WIDTH="18"/>
						<String ID="P25_ST00060" HPOS="1394" VPOS="1096" WIDTH="111" HEIGHT="26" CONTENT="nous" WC="0.99" CC="0330"/>
						<SP ID="P25_SP00051" HPOS="1505" VPOS="1134" WIDTH="20"/>
						<String ID="P25_ST00061" HPOS="1525" VPOS="1089" WIDTH="71" HEIGHT="33" CONTENT="eût" WC="0.98" CC="024"/>
						<SP ID="P25_SP00052" HPOS="1596" VPOS="1134" WIDTH="21"/>
						<String ID="P25_ST00062" HPOS="1617" VPOS="1088" WIDTH="209" HEIGHT="42" CONTENT="rassurés," WC="1.00" CC="100000003"/>
						<SP ID="P25_SP00053" HPOS="1826" VPOS="1134" WIDTH="17"/>
						<String ID="P25_ST00063" HPOS="1843" VPOS="1084" WIDTH="167" HEIGHT="50" CONTENT="d'après" WC="1.00" CC="0000070"/>
						<SP ID="P25_SP00054" HPOS="2010" VPOS="1134" WIDTH="17"/>
						<String ID="P25_ST00064" HPOS="2027" VPOS="1084" WIDTH="61" HEIGHT="38" CONTENT="les" WC="0.98" CC="400"/>
					</TextLine>
					<TextLine ID="P25_TL00010" HPOS="147" VPOS="1148" WIDTH="1939" HEIGHT="53">
						<String ID="P25_ST00065" HPOS="147" VPOS="1152" WIDTH="146" HEIGHT="38" CONTENT="lettres" WC="0.99" CC="3005004"/>
						<SP ID="P25_SP00055" HPOS="293" VPOS="1190" WIDTH="16"/>
						<String ID="P25_ST00066" HPOS="309" VPOS="1151" WIDTH="52" HEIGHT="39" CONTENT="de" WC="1.00" CC="00"/>
						<SP ID="P25_SP00056" HPOS="361" VPOS="1190" WIDTH="17"/>
						<String ID="P25_ST00067" HPOS="378" VPOS="1164" WIDTH="78" HEIGHT="26" CONTENT="son" WC="0.97" CC="016"/>
						<SP ID="P25_SP00057" HPOS="456" VPOS="1190" WIDTH="18"/>
						<String ID="P25_ST00068" HPOS="474" VPOS="1150" WIDTH="83" HEIGHT="46" CONTENT="fils," WC="0.98" CC="37003"/>
						<SP ID="P25_SP00058" HPOS="557" VPOS="1196" WIDTH="27"/>
						<String ID="P25_ST00069" HPOS="584" VPOS="1152" WIDTH="71" HEIGHT="49" CONTENT="qui" WC="0.98" CC="030"/>
						<SP ID="P25_SP00059" HPOS="655" VPOS="1201" WIDTH="19"/>
						<String ID="P25_ST00070" HPOS="674" VPOS="1165" WIDTH="21" HEIGHT="24" CONTENT="a" WC="1.00" CC="0"/>
						<SP ID="P25_SP00060" HPOS="695" VPOS="1201" WIDTH="23"/>
						<String ID="P25_ST00071" HPOS="718" VPOS="1155" WIDTH="66" HEIGHT="35" CONTENT="été" WC="0.95" CC="607"/>
						<SP ID="P25_SP00061" HPOS="784" VPOS="1201" WIDTH="20"/>
						<String ID="P25_ST00072" HPOS="804" VPOS="1155" WIDTH="85" HEIGHT="34" CONTENT="très" WC="0.97" CC="4070"/>
						<SP ID="P25_SP00062" HPOS="889" VPOS="1201" WIDTH="17"/>
						<String ID="P25_ST00073" HPOS="906" VPOS="1150" WIDTH="116" HEIGHT="38" CONTENT="flatté" WC="0.97" CC="760157"/>
						<SP ID="P25_SP00063" HPOS="1022" VPOS="1201" WIDTH="19"/>
						<String ID="P25_ST00074" HPOS="1041" VPOS="1149" WIDTH="55" HEIGHT="39" CONTENT="du" WC="1.00" CC="00"/>
						<SP ID="P25_SP00064" HPOS="1096" VPOS="1201" WIDTH="18"/>
						<String ID="P25_ST00075" HPOS="1114" VPOS="1148" WIDTH="85" HEIGHT="40" CONTENT="bon" WC="0.97" CC="006"/>
						<SP ID="P25_SP00065" HPOS="1199" VPOS="1201" WIDTH="24"/>
						<String ID="P25_ST00076" HPOS="1223" VPOS="1150" WIDTH="158" HEIGHT="38" CONTENT="accueil" WC="0.99" CC="0004026"/>
						<SP ID="P25_SP00066" HPOS="1381" VPOS="1201" WIDTH="22"/>
						<String ID="P25_ST00077" HPOS="1403" VPOS="1163" WIDTH="82" HEIGHT="36" CONTENT="que" WC="1.00" CC="000"/>
						<SP ID="P25_SP00067" HPOS="1485" VPOS="1201" WIDTH="22"/>
						<String ID="P25_ST00078" HPOS="1507" VPOS="1148" WIDTH="75" HEIGHT="52" CONTENT="[tu]" WC="0.97" CC="5006"/>
						<SP ID="P25_SP00068" HPOS="1582" VPOS="1201" WIDTH="24"/>
						<String ID="P25_ST00079" HPOS="1606" VPOS="1150" WIDTH="58" HEIGHT="38" CONTENT="lui" WC="0.99" CC="200"/>
						<SP ID="P25_SP00069" HPOS="1664" VPOS="1201" WIDTH="22"/>
						<String ID="P25_ST00080" HPOS="1686" VPOS="1163" WIDTH="45" HEIGHT="25" CONTENT="as" WC="1.00" CC="00"/>
						<SP ID="P25_SP00070" HPOS="1731" VPOS="1201" WIDTH="16"/>
						<String ID="P25_ST00081" HPOS="1747" VPOS="1149" WIDTH="77" HEIGHT="40" CONTENT="fait" WC="1.00" CC="0000"/>
						<SP ID="P25_SP00071" HPOS="1824" VPOS="1201" WIDTH="18"/>
						<String ID="P25_ST00082" HPOS="1842" VPOS="1164" WIDTH="7" HEIGHT="33" CONTENT=";" WC="0.25" CC="7"/>
						<SP ID="P25_SP00072" HPOS="1849" VPOS="1201" WIDTH="22"/>
						<String ID="P25_ST00083" HPOS="1871" VPOS="1150" WIDTH="37" HEIGHT="38" CONTENT="le" WC="0.94" CC="10"/>
						<SP ID="P25_SP00073" HPOS="1908" VPOS="1201" WIDTH="22"/>
						<String ID="P25_ST00084" HPOS="1930" VPOS="1150" WIDTH="156" HEIGHT="39" CONTENT="second" WC="0.99" CC="040550"/>
					</TextLine>
					<TextLine ID="P25_TL00011" HPOS="148" VPOS="1216" WIDTH="1939" HEIGHT="52">
						<String ID="P25_ST00085" HPOS="148" VPOS="1226" WIDTH="63" HEIGHT="30" CONTENT="est" WC="0.96" CC="226"/>
						<SP ID="P25_SP00074" HPOS="211" VPOS="1256" WIDTH="21"/>
						<String ID="P25_ST00086" HPOS="232" VPOS="1217" WIDTH="283" HEIGHT="51" CONTENT="d'apprendre" WC="1.00" CC="01000000000"/>
						<SP ID="P25_SP00075" HPOS="515" VPOS="1268" WIDTH="20"/>
						<String ID="P25_ST00087" HPOS="535" VPOS="1231" WIDTH="76" HEIGHT="36" CONTENT="par" WC="1.00" CC="000"/>
						<SP ID="P25_SP00076" HPOS="611" VPOS="1268" WIDTH="21"/>
						<String ID="P25_ST00088" HPOS="632" VPOS="1230" WIDTH="45" HEIGHT="26" CONTENT="ce" WC="1.00" CC="00"/>
						<SP ID="P25_SP00077" HPOS="677" VPOS="1268" WIDTH="19"/>
						<String ID="P25_ST00089" HPOS="696" VPOS="1230" WIDTH="82" HEIGHT="37" CONTENT="que" WC="1.00" CC="000"/>
						<SP ID="P25_SP00078" HPOS="778" VPOS="1268" WIDTH="24"/>
						<String ID="P25_ST00090" HPOS="802" VPOS="1225" WIDTH="43" HEIGHT="30" CONTENT="tu" WC="0.68" CC="60"/>
						<SP ID="P25_SP00079" HPOS="845" VPOS="1268" WIDTH="18"/>
						<String ID="P25_ST00091" HPOS="863" VPOS="1228" WIDTH="110" HEIGHT="27" CONTENT="nous" WC="0.97" CC="5602"/>
						<SP ID="P25_SP00080" HPOS="973" VPOS="1268" WIDTH="26"/>
						<String ID="P25_ST00092" HPOS="999" VPOS="1229" WIDTH="219" HEIGHT="37" CONTENT="marques," WC="1.00" CC="00500004"/>
						<SP ID="P25_SP00081" HPOS="1218" VPOS="1268" WIDTH="23"/>
						<String ID="P25_ST00093" HPOS="1241" VPOS="1229" WIDTH="83" HEIGHT="37" CONTENT="que" WC="1.00" CC="000"/>
						<SP ID="P25_SP00082" HPOS="1324" VPOS="1268" WIDTH="23"/>
						<String ID="P25_ST00094" HPOS="1347" VPOS="1224" WIDTH="42" HEIGHT="30" CONTENT="tu" WC="0.67" CC="60"/>
						<SP ID="P25_SP00083" HPOS="1389" VPOS="1268" WIDTH="31"/>
						<String ID="P25_ST00095" HPOS="1420" VPOS="1229" WIDTH="46" HEIGHT="25" CONTENT="as" WC="1.00" CC="00"/>
						<SP ID="P25_SP00084" HPOS="1466" VPOS="1268" WIDTH="20"/>
						<String ID="P25_ST00096" HPOS="1486" VPOS="1216" WIDTH="143" HEIGHT="38" CONTENT="donné" WC="0.99" CC="00550"/>
						<SP ID="P25_SP00085" HPOS="1629" VPOS="1268" WIDTH="37"/>
						<String ID="P25_ST00097" HPOS="1666" VPOS="1230" WIDTH="85" HEIGHT="25" CONTENT="une" WC="0.98" CC="600"/>
						<SP ID="P25_SP00086" HPOS="1751" VPOS="1268" WIDTH="31"/>
						<String ID="P25_ST00098" HPOS="1782" VPOS="1218" WIDTH="139" HEIGHT="37" CONTENT="soirée" WC="0.99" CC="201400"/>
						<SP ID="P25_SP00087" HPOS="1921" VPOS="1268" WIDTH="33"/>
						<String ID="P25_ST00099" HPOS="1954" VPOS="1218" WIDTH="107" HEIGHT="37" CONTENT="musi" SUBS_TYPE="HypPart1" SUBS_CONTENT="musicale" WC="0.98" CC="0303"/>
						<HYP HPOS="2061" VPOS="1218" WIDTH="26" CONTENT="-"/>
					</TextLine>
					<TextLine ID="P25_TL00012" HPOS="149" VPOS="1281" WIDTH="1937" HEIGHT="53">
						<String ID="P25_ST00100" HPOS="149" VPOS="1284" WIDTH="90" HEIGHT="38" CONTENT="cale" SUBS_TYPE="HypPart2" SUBS_CONTENT="musicale" WC="0.99" CC="0030"/>
						<SP ID="P25_SP00088" HPOS="239" VPOS="1322" WIDTH="20"/>
						<String ID="P25_ST00101" HPOS="259" VPOS="1282" WIDTH="57" HEIGHT="52" CONTENT="(1)" WC="0.54" CC="426"/>
						<SP ID="P25_SP00089" HPOS="316" VPOS="1334" WIDTH="19"/>
						<String ID="P25_ST00102" HPOS="335" VPOS="1285" WIDTH="89" HEIGHT="49" CONTENT="qui," WC="0.98" CC="0027"/>
						<SP ID="P25_SP00090" HPOS="424" VPOS="1334" WIDTH="18"/>
						<String ID="P25_ST00103" HPOS="442" VPOS="1282" WIDTH="169" HEIGHT="52" CONTENT="d'après" WC="0.99" CC="0400070"/>
						<SP ID="P25_SP00091" HPOS="611" VPOS="1334" WIDTH="19"/>
						<String ID="P25_ST00104" HPOS="630" VPOS="1284" WIDTH="60" HEIGHT="38" CONTENT="les" WC="0.99" CC="300"/>
						<SP ID="P25_SP00092" HPOS="690" VPOS="1334" WIDTH="20"/>
						<String ID="P25_ST00105" HPOS="710" VPOS="1296" WIDTH="227" HEIGHT="25" CONTENT="morceaux" WC="1.00" CC="00000003"/>
						<SP ID="P25_SP00093" HPOS="937" VPOS="1334" WIDTH="15"/>
						<String ID="P25_ST00106" HPOS="952" VPOS="1296" WIDTH="83" HEIGHT="36" CONTENT="que" WC="1.00" CC="000"/>
						<SP ID="P25_SP00094" HPOS="1035" VPOS="1334" WIDTH="16"/>
						<String ID="P25_ST00107" HPOS="1051" VPOS="1291" WIDTH="44" HEIGHT="29" CONTENT="tu" WC="0.92" CC="10"/>
						<SP ID="P25_SP00095" HPOS="1095" VPOS="1334" WIDTH="14"/>
						<String ID="P25_ST00108" HPOS="1109" VPOS="1295" WIDTH="111" HEIGHT="25" CONTENT="nous" WC="0.99" CC="5000"/>
						<SP ID="P25_SP00096" HPOS="1220" VPOS="1334" WIDTH="19"/>
						<String ID="P25_ST00109" HPOS="1239" VPOS="1295" WIDTH="47" HEIGHT="25" CONTENT="as" WC="1.00" CC="00"/>
						<SP ID="P25_SP00097" HPOS="1286" VPOS="1334" WIDTH="13"/>
						<String ID="P25_ST00110" HPOS="1299" VPOS="1287" WIDTH="203" HEIGHT="45" CONTENT="envoyés," WC="0.99" CC="05406604"/>
						<SP ID="P25_SP00098" HPOS="1502" VPOS="1334" WIDTH="21"/>
						<String ID="P25_ST00111" HPOS="1523" VPOS="1296" WIDTH="20" HEIGHT="24" CONTENT="a" WC="1.00" CC="0"/>
						<SP ID="P25_SP00099" HPOS="1543" VPOS="1334" WIDTH="18"/>
						<String ID="P25_ST00112" HPOS="1561" VPOS="1281" WIDTH="185" HEIGHT="40" CONTENT="satisfait" WC="1.00" CC="000100005"/>
						<SP ID="P25_SP00100" HPOS="1746" VPOS="1334" WIDTH="18"/>
						<String ID="P25_ST00113" HPOS="1764" VPOS="1291" WIDTH="72" HEIGHT="30" CONTENT="ton" WC="1.00" CC="000"/>
						<SP ID="P25_SP00101" HPOS="1836" VPOS="1334" WIDTH="25"/>
						<String ID="P25_ST00114" HPOS="1861" VPOS="1282" WIDTH="225" HEIGHT="40" CONTENT="auditoire." WC="1.00" CC="0501001005"/>
					</TextLine>
					<TextLine ID="P25_TL00013" HPOS="148" VPOS="1348" WIDTH="1942" HEIGHT="54">
						<String ID="P25_ST00115" HPOS="148" VPOS="1349" WIDTH="49" HEIGHT="53" CONTENT="Je" WC="1.00" CC="00"/>
						<SP ID="P25_SP00102" HPOS="197" VPOS="1402" WIDTH="16"/>
						<String ID="P25_ST00116" HPOS="213" VPOS="1349" WIDTH="83" HEIGHT="39" CONTENT="t'en" WC="0.98" CC="0407"/>
						<SP ID="P25_SP00103" HPOS="296" VPOS="1402" WIDTH="23"/>
						<String ID="P25_ST00117" HPOS="319" VPOS="1349" WIDTH="156" HEIGHT="39" CONTENT="félicite" WC="0.99" CC="20330200"/>
						<SP ID="P25_SP00104" HPOS="475" VPOS="1402" WIDTH="20"/>
						<String ID="P25_ST00118" HPOS="495" VPOS="1350" WIDTH="51" HEIGHT="38" CONTENT="de" WC="1.00" CC="00"/>
						<SP ID="P25_SP00105" HPOS="546" VPOS="1402" WIDTH="16"/>
						<String ID="P25_ST00119" HPOS="562" VPOS="1358" WIDTH="91" HEIGHT="30" CONTENT="tout" WC="0.98" CC="4040"/>
						<SP ID="P25_SP00106" HPOS="653" VPOS="1402" WIDTH="24"/>
						<String ID="P25_ST00120" HPOS="677" VPOS="1362" WIDTH="103" HEIGHT="26" CONTENT="mon" WC="0.95" CC="056"/>
						<SP ID="P25_SP00107" HPOS="780" VPOS="1402" WIDTH="15"/>
						<String ID="P25_ST00121" HPOS="795" VPOS="1362" WIDTH="133" HEIGHT="36" CONTENT="cœur," WC="0.99" CC="00204"/>
						<SP ID="P25_SP00108" HPOS="928" VPOS="1402" WIDTH="21"/>
						<String ID="P25_ST00122" HPOS="949" VPOS="1348" WIDTH="357" HEIGHT="50" CONTENT="principalement" WC="1.00" CC="00320100330450"/>
						<SP ID="P25_SP00109" HPOS="1306" VPOS="1402" WIDTH="24"/>
						<String ID="P25_ST00123" HPOS="1330" VPOS="1351" WIDTH="20" HEIGHT="35" CONTENT="à" WC="0.42" CC="5"/>
						<SP ID="P25_SP00110" HPOS="1350" VPOS="1402" WIDTH="21"/>
						<String ID="P25_ST00124" HPOS="1371" VPOS="1362" WIDTH="127" HEIGHT="25" CONTENT="cause" WC="0.99" CC="00600"/>
						<SP ID="P25_SP00111" HPOS="1498" VPOS="1402" WIDTH="16"/>
						<String ID="P25_ST00125" HPOS="1514" VPOS="1348" WIDTH="52" HEIGHT="38" CONTENT="de" WC="1.00" CC="00"/>
						<SP ID="P25_SP00112" HPOS="1566" VPOS="1402" WIDTH="17"/>
						<String ID="P25_ST00126" HPOS="1583" VPOS="1357" WIDTH="39" HEIGHT="30" CONTENT="ta" WC="0.79" CC="40"/>
						<SP ID="P25_SP00113" HPOS="1622" VPOS="1402" WIDTH="19"/>
						<String ID="P25_ST00127" HPOS="1641" VPOS="1350" WIDTH="182" HEIGHT="38" CONTENT="réussite" WC="1.00" CC="00000240"/>
						<SP ID="P25_SP00114" HPOS="1823" VPOS="1402" WIDTH="18"/>
						<String ID="P25_ST00128" HPOS="1841" VPOS="1351" WIDTH="71" HEIGHT="48" CONTENT="qui" WC="0.99" CC="002"/>
						<SP ID="P25_SP00115" HPOS="1912" VPOS="1402" WIDTH="18"/>
						<String ID="P25_ST00129" HPOS="1930" VPOS="1362" WIDTH="160" HEIGHT="37" CONTENT="prouve" WC="1.00" CC="000040"/>
					</TextLine>
					<TextLine ID="P25_TL00014" HPOS="151" VPOS="1414" WIDTH="1939" HEIGHT="52">
						<String ID="P25_ST00130" HPOS="151" VPOS="1415" WIDTH="100" HEIGHT="39" CONTENT="bien" WC="0.98" CC="0305"/>
						<SP ID="P25_SP00116" HPOS="251" VPOS="1454" WIDTH="21"/>
						<String ID="P25_ST00131" HPOS="272" VPOS="1429" WIDTH="83" HEIGHT="37" CONTENT="que" WC="0.98" CC="040"/>
						<SP ID="P25_SP00117" HPOS="355" VPOS="1466" WIDTH="19"/>
						<String ID="P25_ST00132" HPOS="374" VPOS="1425" WIDTH="43" HEIGHT="30" CONTENT="tu" WC="1.00" CC="00"/>
						<SP ID="P25_SP00118" HPOS="417" VPOS="1466" WIDTH="17"/>
						<String ID="P25_ST00133" HPOS="434" VPOS="1429" WIDTH="229" HEIGHT="25" CONTENT="conserves" WC="1.00" CC="006004001"/>
						<SP ID="P25_SP00119" HPOS="663" VPOS="1466" WIDTH="20"/>
						<String ID="P25_ST00134" HPOS="683" VPOS="1425" WIDTH="39" HEIGHT="29" CONTENT="ta" WC="0.78" CC="40"/>
						<SP ID="P25_SP00120" HPOS="722" VPOS="1466" WIDTH="21"/>
						<String ID="P25_ST00135" HPOS="743" VPOS="1415" WIDTH="119" HEIGHT="50" CONTENT="place" WC="0.99" CC="05000"/>
						<SP ID="P25_SP00121" HPOS="862" VPOS="1466" WIDTH="24"/>
						<String ID="P25_ST00136" HPOS="886" VPOS="1416" WIDTH="137" HEIGHT="49" CONTENT="parmi" WC="1.00" CC="00003"/>
						<SP ID="P25_SP00122" HPOS="1023" VPOS="1466" WIDTH="24"/>
						<String ID="P25_ST00137" HPOS="1047" VPOS="1414" WIDTH="60" HEIGHT="38" CONTENT="les" WC="0.98" CC="400"/>
						<SP ID="P25_SP00123" HPOS="1107" VPOS="1466" WIDTH="26"/>
						<String ID="P25_ST00138" HPOS="1133" VPOS="1416" WIDTH="184" HEIGHT="47" CONTENT="artistes," WC="1.00" CC="010300004"/>
						<SP ID="P25_SP00124" HPOS="1317" VPOS="1466" WIDTH="20"/>
						<String ID="P25_ST00139" HPOS="1337" VPOS="1423" WIDTH="38" HEIGHT="30" CONTENT="et" WC="1.00" CC="00"/>
						<SP ID="P25_SP00125" HPOS="1375" VPOS="1466" WIDTH="24"/>
						<String ID="P25_ST00140" HPOS="1399" VPOS="1428" WIDTH="51" HEIGHT="25" CONTENT="en" WC="1.00" CC="00"/>
						<SP ID="P25_SP00126" HPOS="1450" VPOS="1466" WIDTH="22"/>
						<String ID="P25_ST00141" HPOS="1472" VPOS="1415" WIDTH="156" HEIGHT="38" CONTENT="second" WC="1.00" CC="000000"/>
						<SP ID="P25_SP00127" HPOS="1628" VPOS="1466" WIDTH="30"/>
						<String ID="P25_ST00142" HPOS="1658" VPOS="1415" WIDTH="100" HEIGHT="49" CONTENT="lieu," WC="0.98" CC="00254"/>
						<SP ID="P25_SP00128" HPOS="1758" VPOS="1466" WIDTH="21"/>
						<String ID="P25_ST00143" HPOS="1779" VPOS="1419" WIDTH="20" HEIGHT="34" CONTENT="à" WC="0.83" CC="1"/>
						<SP ID="P25_SP00129" HPOS="1799" VPOS="1466" WIDTH="34"/>
						<String ID="P25_ST00144" HPOS="1833" VPOS="1428" WIDTH="128" HEIGHT="26" CONTENT="cause" WC="1.00" CC="00010"/>
						<SP ID="P25_SP00130" HPOS="1961" VPOS="1466" WIDTH="19"/>
						<String ID="P25_ST00145" HPOS="1980" VPOS="1415" WIDTH="51" HEIGHT="39" CONTENT="de" WC="1.00" CC="00"/>
						<SP ID="P25_SP00131" HPOS="2031" VPOS="1466" WIDTH="21"/>
						<String ID="P25_ST00146" HPOS="2052" VPOS="1414" WIDTH="38" HEIGHT="38" CONTENT="la" WC="0.72" CC="50"/>
					</TextLine>
					<TextLine ID="P25_TL00015" HPOS="152" VPOS="1480" WIDTH="1938" HEIGHT="52">
						<String ID="P25_ST00147" HPOS="152" VPOS="1491" WIDTH="155" HEIGHT="30" CONTENT="recette" WC="1.00" CC="0000500"/>
						<SP ID="P25_SP00132" HPOS="307" VPOS="1521" WIDTH="23"/>
						<String ID="P25_ST00148" HPOS="330" VPOS="1484" WIDTH="88" HEIGHT="48" CONTENT="qui," WC="0.99" CC="0003"/>
						<SP ID="P25_SP00133" HPOS="418" VPOS="1532" WIDTH="23"/>
						<String ID="P25_ST00149" HPOS="441" VPOS="1495" WIDTH="102" HEIGHT="25" CONTENT="sans" WC="0.99" CC="0060"/>
						<SP ID="P25_SP00134" HPOS="543" VPOS="1532" WIDTH="17"/>
						<String ID="P25_ST00150" HPOS="560" VPOS="1482" WIDTH="144" HEIGHT="45" CONTENT="doute," WC="0.99" CC="004403"/>
						<SP ID="P25_SP00135" HPOS="704" VPOS="1532" WIDTH="27"/>
						<String ID="P25_ST00151" HPOS="731" VPOS="1489" WIDTH="38" HEIGHT="31" CONTENT="te" WC="0.50" CC="45"/>
						<SP ID="P25_SP00136" HPOS="769" VPOS="1532" WIDTH="16"/>
						<String ID="P25_ST00152" HPOS="785" VPOS="1491" WIDTH="86" HEIGHT="29" CONTENT="met" WC="1.00" CC="000"/>
						<SP ID="P25_SP00137" HPOS="871" VPOS="1532" WIDTH="19"/>
						<String ID="P25_ST00153" HPOS="890" VPOS="1485" WIDTH="20" HEIGHT="33" CONTENT="à" WC="0.51" CC="4"/>
						<SP ID="P25_SP00138" HPOS="910" VPOS="1532" WIDTH="29"/>
						<String ID="P25_ST00154" HPOS="939" VPOS="1484" WIDTH="140" HEIGHT="35" CONTENT="même" WC="0.98" CC="3400"/>
						<SP ID="P25_SP00139" HPOS="1079" VPOS="1532" WIDTH="30"/>
						<String ID="P25_ST00155" HPOS="1109" VPOS="1480" WIDTH="50" HEIGHT="38" CONTENT="de" WC="0.73" CC="05"/>
						<SP ID="P25_SP00140" HPOS="1159" VPOS="1532" WIDTH="22"/>
						<String ID="P25_ST00156" HPOS="1181" VPOS="1494" WIDTH="150" HEIGHT="36" CONTENT="passer" WC="1.00" CC="000000"/>
						<SP ID="P25_SP00141" HPOS="1331" VPOS="1532" WIDTH="29"/>
						<String ID="P25_ST00157" HPOS="1360" VPOS="1481" WIDTH="210" HEIGHT="50" CONTENT="quelques" WC="1.00" CC="00050000"/>
						<SP ID="P25_SP00142" HPOS="1570" VPOS="1532" WIDTH="29"/>
						<String ID="P25_ST00158" HPOS="1599" VPOS="1483" WIDTH="112" HEIGHT="37" CONTENT="mois" WC="0.99" CC="0040"/>
						<SP ID="P25_SP00143" HPOS="1711" VPOS="1532" WIDTH="36"/>
						<String ID="P25_ST00159" HPOS="1747" VPOS="1485" WIDTH="21" HEIGHT="34" CONTENT="à" WC="0.30" CC="6"/>
						<SP ID="P25_SP00144" HPOS="1768" VPOS="1532" WIDTH="23"/>
						<String ID="P25_ST00160" HPOS="1791" VPOS="1482" WIDTH="38" HEIGHT="37" CONTENT="la" WC="0.88" CC="20"/>
						<SP ID="P25_SP00145" HPOS="1829" VPOS="1532" WIDTH="21"/>
						<String ID="P25_ST00161" HPOS="1850" VPOS="1494" WIDTH="240" HEIGHT="37" CONTENT="campagne" WC="0.99" CC="00000760"/>
					</TextLine>
					<TextLine ID="P25_TL00016" HPOS="152" VPOS="1545" WIDTH="1938" HEIGHT="53">
						<String ID="P25_ST00162" HPOS="152" VPOS="1548" WIDTH="190" HEIGHT="50" CONTENT="pendant" WC="0.99" CC="0400006"/>
						<SP ID="P25_SP00146" HPOS="342" VPOS="1598" WIDTH="20"/>
						<String ID="P25_ST00163" HPOS="362" VPOS="1548" WIDTH="39" HEIGHT="38" CONTENT="la" WC="0.74" CC="50"/>
						<SP ID="P25_SP00147" HPOS="401" VPOS="1598" WIDTH="17"/>
						<String ID="P25_ST00164" HPOS="418" VPOS="1547" WIDTH="113" HEIGHT="39" CONTENT="belle" WC="0.98" CC="01350"/>
						<SP ID="P25_SP00148" HPOS="531" VPOS="1598" WIDTH="19"/>
						<String ID="P25_ST00165" HPOS="550" VPOS="1550" WIDTH="162" HEIGHT="46" CONTENT="saison," WC="1.00" CC="0030004"/>
						<SP ID="P25_SP00149" HPOS="712" VPOS="1598" WIDTH="20"/>
						<String ID="P25_ST00166" HPOS="732" VPOS="1555" WIDTH="192" HEIGHT="31" CONTENT="moment" WC="1.00" CC="000000"/>
						<SP ID="P25_SP00150" HPOS="924" VPOS="1598" WIDTH="23"/>
						<String ID="P25_ST00167" HPOS="947" VPOS="1553" WIDTH="53" HEIGHT="32" CONTENT="où" WC="0.42" CC="37"/>
						<SP ID="P25_SP00151" HPOS="1000" VPOS="1598" WIDTH="25"/>
						<String ID="P25_ST00168" HPOS="1025" VPOS="1546" WIDTH="37" HEIGHT="39" CONTENT="le" WC="0.75" CC="40"/>
						<SP ID="P25_SP00152" HPOS="1062" VPOS="1598" WIDTH="18"/>
						<String ID="P25_ST00169" HPOS="1080" VPOS="1545" WIDTH="180" HEIGHT="40" CONTENT="nombre" WC="1.00" CC="000000"/>
						<SP ID="P25_SP00153" HPOS="1260" VPOS="1598" WIDTH="23"/>
						<String ID="P25_ST00170" HPOS="1283" VPOS="1546" WIDTH="74" HEIGHT="39" CONTENT="des" WC="1.00" CC="000"/>
						<SP ID="P25_SP00154" HPOS="1357" VPOS="1598" WIDTH="23"/>
						<String ID="P25_ST00171" HPOS="1380" VPOS="1546" WIDTH="144" HEIGHT="49" CONTENT="leçons" WC="1.00" CC="400000"/>
						<SP ID="P25_SP00155" HPOS="1524" VPOS="1598" WIDTH="17"/>
						<String ID="P25_ST00172" HPOS="1541" VPOS="1547" WIDTH="193" HEIGHT="38" CONTENT="diminue" WC="1.00" CC="0060010"/>
						<SP ID="P25_SP00156" HPOS="1734" VPOS="1598" WIDTH="19"/>
						<String ID="P25_ST00173" HPOS="1753" VPOS="1548" WIDTH="337" HEIGHT="37" CONTENT="ordinairement" WC="1.00" CC="1000502000425"/>
					</TextLine>
					<TextLine ID="P25_TL00017" HPOS="151" VPOS="1611" WIDTH="1941" HEIGHT="54">
						<String ID="P25_ST00174" HPOS="151" VPOS="1623" WIDTH="39" HEIGHT="30" CONTENT="et" WC="1.00" CC="00"/>
						<SP ID="P25_SP00157" HPOS="190" VPOS="1653" WIDTH="23"/>
						<String ID="P25_ST00175" HPOS="213" VPOS="1615" WIDTH="190" HEIGHT="49" CONTENT="pendant" WC="1.00" CC="0000005"/>
						<SP ID="P25_SP00158" HPOS="403" VPOS="1664" WIDTH="24"/>
						<String ID="P25_ST00176" HPOS="427" VPOS="1614" WIDTH="139" HEIGHT="50" CONTENT="lequel" WC="0.99" CC="200005"/>
						<SP ID="P25_SP00159" HPOS="566" VPOS="1664" WIDTH="25"/>
						<String ID="P25_ST00177" HPOS="591" VPOS="1615" WIDTH="116" HEIGHT="37" CONTENT="aussi" WC="1.00" CC="00000"/>
						<SP ID="P25_SP00160" HPOS="707" VPOS="1664" WIDTH="17"/>
						<String ID="P25_ST00178" HPOS="724" VPOS="1622" WIDTH="43" HEIGHT="30" CONTENT="tu" WC="1.00" CC="00"/>
						<SP ID="P25_SP00161" HPOS="767" VPOS="1664" WIDTH="18"/>
						<String ID="P25_ST00179" HPOS="785" VPOS="1626" WIDTH="108" HEIGHT="37" CONTENT="peux" WC="1.00" CC="0000"/>
						<SP ID="P25_SP00162" HPOS="893" VPOS="1664" WIDTH="20"/>
						<String ID="P25_ST00180" HPOS="913" VPOS="1621" WIDTH="39" HEIGHT="30" CONTENT="te" WC="0.71" CC="50"/>
						<SP ID="P25_SP00163" HPOS="952" VPOS="1664" WIDTH="21"/>
						<String ID="P25_ST00181" HPOS="973" VPOS="1620" WIDTH="200" HEIGHT="31" CONTENT="remettre" WC="0.99" CC="25305540"/>
						<SP ID="P25_SP00164" HPOS="1173" VPOS="1664" WIDTH="19"/>
						<String ID="P25_ST00182" HPOS="1192" VPOS="1612" WIDTH="51" HEIGHT="38" CONTENT="de" WC="1.00" CC="00"/>
						<SP ID="P25_SP00165" HPOS="1243" VPOS="1664" WIDTH="27"/>
						<String ID="P25_ST00183" HPOS="1270" VPOS="1621" WIDTH="61" HEIGHT="30" CONTENT="tes" WC="1.00" CC="000"/>
						<SP ID="P25_SP00166" HPOS="1331" VPOS="1664" WIDTH="25"/>
						<String ID="P25_ST00184" HPOS="1356" VPOS="1611" WIDTH="200" HEIGHT="50" CONTENT="fatigues." WC="0.99" CC="000190003"/>
						<SP ID="P25_SP00167" HPOS="1556" VPOS="1664" WIDTH="28"/>
						<String ID="P25_ST00185" HPOS="1584" VPOS="1612" WIDTH="49" HEIGHT="53" CONTENT="Je" WC="0.94" CC="10"/>
						<SP ID="P25_SP00168" HPOS="1633" VPOS="1665" WIDTH="23"/>
						<String ID="P25_ST00186" HPOS="1656" VPOS="1626" WIDTH="52" HEIGHT="25" CONTENT="ne" WC="0.72" CC="50"/>
						<SP ID="P25_SP00169" HPOS="1708" VPOS="1665" WIDTH="36"/>
						<String ID="P25_ST00187" HPOS="1744" VPOS="1621" WIDTH="39" HEIGHT="31" CONTENT="te" WC="0.75" CC="40"/>
						<SP ID="P25_SP00170" HPOS="1783" VPOS="1665" WIDTH="36"/>
						<String ID="P25_ST00188" HPOS="1819" VPOS="1613" WIDTH="107" HEIGHT="38" CONTENT="dirai" WC="0.99" CC="03001"/>
						<SP ID="P25_SP00171" HPOS="1926" VPOS="1665" WIDTH="34"/>
						<String ID="P25_ST00189" HPOS="1960" VPOS="1614" WIDTH="90" HEIGHT="38" CONTENT="rien" WC="1.00" CC="0200"/>
						<SP ID="P25_SP00172" HPOS="2050" VPOS="1665" WIDTH="21"/>
						<String ID="P25_ST00190" HPOS="2071" VPOS="1617" WIDTH="21" HEIGHT="34" CONTENT="à" WC="0.52" CC="4"/>
					</TextLine>
					<TextLine ID="P25_TL00018" HPOS="153" VPOS="1677" WIDTH="1941" HEIGHT="52">
						<String ID="P25_ST00191" HPOS="153" VPOS="1680" WIDTH="161" HEIGHT="49" CONTENT="l'égard" WC="1.00" CC="5000000"/>
						<SP ID="P25_SP00173" HPOS="314" VPOS="1729" WIDTH="19"/>
						<String ID="P25_ST00192" HPOS="333" VPOS="1680" WIDTH="50" HEIGHT="39" CONTENT="de" WC="1.00" CC="00"/>
						<SP ID="P25_SP00174" HPOS="383" VPOS="1729" WIDTH="24"/>
						<String ID="P25_ST00193" HPOS="407" VPOS="1677" WIDTH="251" HEIGHT="42" CONTENT="l'économie" WC="1.00" CC="5400000010"/>
						<SP ID="P25_SP00175" HPOS="658" VPOS="1729" WIDTH="22"/>
						<String ID="P25_ST00194" HPOS="680" VPOS="1687" WIDTH="39" HEIGHT="31" CONTENT="et" WC="1.00" CC="00"/>
						<SP ID="P25_SP00176" HPOS="719" VPOS="1729" WIDTH="22"/>
						<String ID="P25_ST00195" HPOS="741" VPOS="1679" WIDTH="52" HEIGHT="38" CONTENT="de" WC="0.66" CC="06"/>
						<SP ID="P25_SP00177" HPOS="793" VPOS="1729" WIDTH="32"/>
						<String ID="P25_ST00196" HPOS="825" VPOS="1677" WIDTH="193" HEIGHT="46" CONTENT="l'avenir," WC="0.99" CC="500000504"/>
						<SP ID="P25_SP00178" HPOS="1018" VPOS="1729" WIDTH="25"/>
						<String ID="P25_ST00197" HPOS="1043" VPOS="1680" WIDTH="140" HEIGHT="44" CONTENT="sinon," WC="0.99" CC="210550"/>
						<SP ID="P25_SP00179" HPOS="1183" VPOS="1729" WIDTH="36"/>
						<String ID="P25_ST00198" HPOS="1219" VPOS="1691" WIDTH="83" HEIGHT="37" CONTENT="que" WC="0.98" CC="050"/>
						<SP ID="P25_SP00180" HPOS="1302" VPOS="1729" WIDTH="34"/>
						<String ID="P25_ST00199" HPOS="1336" VPOS="1680" WIDTH="34" HEIGHT="36" CONTENT="si" WC="0.89" CC="02"/>
						<SP ID="P25_SP00181" HPOS="1370" VPOS="1729" WIDTH="36"/>
						<String ID="P25_ST00200" HPOS="1406" VPOS="1692" WIDTH="110" HEIGHT="25" CONTENT="nous" WC="0.99" CC="6000"/>
						<SP ID="P25_SP00182" HPOS="1516" VPOS="1729" WIDTH="33"/>
						<String ID="P25_ST00201" HPOS="1549" VPOS="1680" WIDTH="149" HEIGHT="37" CONTENT="avions" WC="1.00" CC="000060"/>
						<SP ID="P25_SP00183" HPOS="1698" VPOS="1729" WIDTH="38"/>
						<String ID="P25_ST00202" HPOS="1736" VPOS="1692" WIDTH="55" HEIGHT="37" CONTENT="pu" WC="0.94" CC="01"/>
						<SP ID="P25_SP00184" HPOS="1791" VPOS="1729" WIDTH="36"/>
						<String ID="P25_ST00203" HPOS="1827" VPOS="1680" WIDTH="267" HEIGHT="37" CONTENT="économiser" WC="1.00" CC="0004001550"/>
					</TextLine>
					<TextLine ID="P25_TL00019" HPOS="153" VPOS="1743" WIDTH="1939" HEIGHT="54">
						<String ID="P25_ST00204" HPOS="153" VPOS="1746" WIDTH="258" HEIGHT="48" CONTENT="davantage," WC="1.00" CC="0000050902"/>
						<SP ID="P25_SP00185" HPOS="411" VPOS="1794" WIDTH="27"/>
						<String ID="P25_ST00205" HPOS="438" VPOS="1759" WIDTH="110" HEIGHT="26" CONTENT="nous" WC="1.00" CC="0200"/>
						<SP ID="P25_SP00186" HPOS="548" VPOS="1794" WIDTH="17"/>
						<String ID="P25_ST00206" HPOS="565" VPOS="1759" WIDTH="110" HEIGHT="25" CONTENT="nous" WC="0.99" CC="3000"/>
						<SP ID="P25_SP00187" HPOS="675" VPOS="1794" WIDTH="16"/>
						<String ID="P25_ST00207" HPOS="691" VPOS="1759" WIDTH="52" HEIGHT="24" CONTENT="en" WC="0.68" CC="06"/>
						<SP ID="P25_SP00188" HPOS="743" VPOS="1794" WIDTH="23"/>
						<String ID="P25_ST00208" HPOS="766" VPOS="1746" WIDTH="272" HEIGHT="38" CONTENT="trouverions" WC="1.00" CC="00030000001"/>
						<SP ID="P25_SP00189" HPOS="1038" VPOS="1794" WIDTH="21"/>
						<String ID="P25_ST00209" HPOS="1059" VPOS="1746" WIDTH="158" HEIGHT="46" CONTENT="mieux," WC="0.99" CC="000404"/>
						<SP ID="P25_SP00190" HPOS="1217" VPOS="1794" WIDTH="26"/>
						<String ID="P25_ST00210" HPOS="1243" VPOS="1746" WIDTH="190" HEIGHT="49" CONTENT="quoique" WC="1.00" CC="0000000"/>
						<SP ID="P25_SP00191" HPOS="1433" VPOS="1795" WIDTH="23"/>
						<String ID="P25_ST00211" HPOS="1456" VPOS="1758" WIDTH="109" HEIGHT="25" CONTENT="nous" WC="0.99" CC="2000"/>
						<SP ID="P25_SP00192" HPOS="1565" VPOS="1795" WIDTH="24"/>
						<String ID="P25_ST00212" HPOS="1589" VPOS="1758" WIDTH="160" HEIGHT="37" CONTENT="soyons" WC="0.99" CC="006040"/>
						<SP ID="P25_SP00193" HPOS="1749" VPOS="1795" WIDTH="31"/>
						<String ID="P25_ST00213" HPOS="1780" VPOS="1753" WIDTH="211" HEIGHT="31" CONTENT="contents." WC="1.00" CC="400000034"/>
						<SP ID="P25_SP00194" HPOS="1991" VPOS="1795" WIDTH="22"/>
						<String ID="P25_ST00214" HPOS="2013" VPOS="1743" WIDTH="79" HEIGHT="54" CONTENT="J'ai" WC="0.98" CC="0403"/>
					</TextLine>
					<TextLine ID="P25_TL00020" HPOS="152" VPOS="1807" WIDTH="1943" HEIGHT="54">
						<String ID="P25_ST00215" HPOS="152" VPOS="1812" WIDTH="133" HEIGHT="49" CONTENT="gardé" WC="0.99" CC="90000"/>
						<SP ID="P25_SP00195" HPOS="285" VPOS="1861" WIDTH="18"/>
						<String ID="P25_ST00216" HPOS="303" VPOS="1812" WIDTH="39" HEIGHT="38" CONTENT="la" WC="0.75" CC="40"/>
						<SP ID="P25_SP00196" HPOS="342" VPOS="1861" WIDTH="24"/>
						<String ID="P25_ST00217" HPOS="366" VPOS="1810" WIDTH="204" HEIGHT="39" CONTENT="chambre" WC="1.00" CC="0200050"/>
						<SP ID="P25_SP00197" HPOS="570" VPOS="1861" WIDTH="28"/>
						<String ID="P25_ST00218" HPOS="598" VPOS="1811" WIDTH="189" HEIGHT="50" CONTENT="pendant" WC="1.00" CC="0000000"/>
						<SP ID="P25_SP00198" HPOS="787" VPOS="1861" WIDTH="33"/>
						<String ID="P25_ST00219" HPOS="820" VPOS="1823" WIDTH="183" HEIGHT="37" CONTENT="presque" WC="1.00" CC="0000050"/>
						<SP ID="P25_SP00199" HPOS="1003" VPOS="1861" WIDTH="38"/>
						<String ID="P25_ST00220" HPOS="1041" VPOS="1819" WIDTH="91" HEIGHT="30" CONTENT="tout" WC="1.00" CC="0000"/>
						<SP ID="P25_SP00200" HPOS="1132" VPOS="1861" WIDTH="31"/>
						<String ID="P25_ST00221" HPOS="1163" VPOS="1807" WIDTH="164" HEIGHT="49" CONTENT="l'hiver," WC="0.99" CC="52500000"/>
						<SP ID="P25_SP00201" HPOS="1327" VPOS="1861" WIDTH="30"/>
						<String ID="P25_ST00222" HPOS="1357" VPOS="1811" WIDTH="239" HEIGHT="49" CONTENT="cependant" WC="0.99" CC="000060056"/>
						<SP ID="P25_SP00202" HPOS="1596" VPOS="1861" WIDTH="40"/>
						<String ID="P25_ST00223" HPOS="1636" VPOS="1810" WIDTH="67" HEIGHT="51" CONTENT="j'ai" WC="0.99" CC="0200"/>
						<SP ID="P25_SP00203" HPOS="1703" VPOS="1861" WIDTH="36"/>
						<String ID="P25_ST00224" HPOS="1739" VPOS="1815" WIDTH="66" HEIGHT="34" CONTENT="été" WC="1.00" CC="000"/>
						<SP ID="P25_SP00204" HPOS="1805" VPOS="1861" WIDTH="38"/>
						<String ID="P25_ST00225" HPOS="1843" VPOS="1825" WIDTH="52" HEIGHT="24" CONTENT="au" WC="1.00" CC="00"/>
						<SP ID="P25_SP00205" HPOS="1895" VPOS="1861" WIDTH="31"/>
						<String ID="P25_ST00226" HPOS="1926" VPOS="1819" WIDTH="169" HEIGHT="30" CONTENT="concert" WC="1.00" CC="1000000"/>
					</TextLine>
					<TextLine ID="P25_TL00021" HPOS="154" VPOS="1875" WIDTH="1940" HEIGHT="52">
						<String ID="P25_ST00227" HPOS="154" VPOS="1875" WIDTH="165" HEIGHT="42" CONTENT="d'Artôt" WC="0.70" CC="0005346"/>
						<SP ID="P25_SP00206" HPOS="319" VPOS="1917" WIDTH="21"/>
						<String ID="P25_ST00228" HPOS="340" VPOS="1880" WIDTH="87" HEIGHT="47" CONTENT="qui," WC="0.97" CC="0524"/>
						<SP ID="P25_SP00207" HPOS="427" VPOS="1927" WIDTH="21"/>
						<String ID="P25_ST00229" HPOS="448" VPOS="1891" WIDTH="100" HEIGHT="25" CONTENT="sans" WC="0.98" CC="0060"/>
						<SP ID="P25_SP00208" HPOS="548" VPOS="1927" WIDTH="21"/>
						<String ID="P25_ST00230" HPOS="569" VPOS="1877" WIDTH="131" HEIGHT="38" CONTENT="doute" WC="0.99" CC="00500"/>
						<SP ID="P25_SP00209" HPOS="700" VPOS="1927" WIDTH="20"/>
						<String ID="P25_ST00231" HPOS="720" VPOS="1880" WIDTH="21" HEIGHT="35" CONTENT="à" WC="0.69" CC="3"/>
						<SP ID="P25_SP00210" HPOS="741" VPOS="1927" WIDTH="16"/>
						<String ID="P25_ST00232" HPOS="757" VPOS="1889" WIDTH="128" HEIGHT="26" CONTENT="cause" WC="1.00" CC="00000"/>
						<SP ID="P25_SP00211" HPOS="885" VPOS="1927" WIDTH="23"/>
						<String ID="P25_ST00233" HPOS="908" VPOS="1876" WIDTH="51" HEIGHT="39" CONTENT="de" WC="1.00" CC="00"/>
						<SP ID="P25_SP00212" HPOS="959" VPOS="1927" WIDTH="31"/>
						<String ID="P25_ST00234" HPOS="990" VPOS="1879" WIDTH="75" HEIGHT="43" CONTENT="toi," WC="0.98" CC="0034"/>
						<SP ID="P25_SP00213" HPOS="1065" VPOS="1927" WIDTH="32"/>
						<String ID="P25_ST00235" HPOS="1097" VPOS="1876" WIDTH="99" HEIGHT="39" CONTENT="s'est" WC="0.99" CC="23000"/>
						<SP ID="P25_SP00214" HPOS="1196" VPOS="1927" WIDTH="29"/>
						<String ID="P25_ST00236" HPOS="1225" VPOS="1889" WIDTH="194" HEIGHT="26" CONTENT="souvenu" WC="0.99" CC="0500060"/>
						<SP ID="P25_SP00215" HPOS="1419" VPOS="1927" WIDTH="24"/>
						<String ID="P25_ST00237" HPOS="1443" VPOS="1877" WIDTH="52" HEIGHT="37" CONTENT="de" WC="1.00" CC="00"/>
						<SP ID="P25_SP00216" HPOS="1495" VPOS="1927" WIDTH="22"/>
						<String ID="P25_ST00238" HPOS="1517" VPOS="1889" WIDTH="112" HEIGHT="26" CONTENT="nous" WC="0.98" CC="4400"/>
						<SP ID="P25_SP00217" HPOS="1629" VPOS="1927" WIDTH="35"/>
						<String ID="P25_ST00239" HPOS="1664" VPOS="1885" WIDTH="40" HEIGHT="31" CONTENT="et" WC="0.69" CC="06"/>
						<SP ID="P25_SP00218" HPOS="1704" VPOS="1927" WIDTH="39"/>
						<String ID="P25_ST00240" HPOS="1743" VPOS="1890" WIDTH="110" HEIGHT="25" CONTENT="nous" WC="1.00" CC="1000"/>
						<SP ID="P25_SP00219" HPOS="1853" VPOS="1927" WIDTH="32"/>
						<String ID="P25_ST00241" HPOS="1885" VPOS="1891" WIDTH="20" HEIGHT="24" CONTENT="a" WC="1.00" CC="0"/>
						<SP ID="P25_SP00220" HPOS="1905" VPOS="1927" WIDTH="24"/>
						<String ID="P25_ST00242" HPOS="1929" VPOS="1880" WIDTH="165" HEIGHT="47" CONTENT="envoyé" WC="0.99" CC="060000"/>
					</TextLine>
					<TextLine ID="P25_TL00022" HPOS="153" VPOS="1941" WIDTH="1939" HEIGHT="55">
						<String ID="P25_ST00243" HPOS="153" VPOS="1957" WIDTH="83" HEIGHT="26" CONTENT="une" WC="0.98" CC="600"/>
						<SP ID="P25_SP00221" HPOS="236" VPOS="1983" WIDTH="20"/>
						<String ID="P25_ST00244" HPOS="256" VPOS="1944" WIDTH="112" HEIGHT="49" CONTENT="loge." WC="0.97" CC="40903"/>
						<SP ID="P25_SP00222" HPOS="368" VPOS="1993" WIDTH="21"/>
						<String ID="P25_ST00245" HPOS="389" VPOS="1943" WIDTH="22" HEIGHT="53" CONTENT="J" WC="1.00" CC="0"/>
						<SP ID="P25_SP00223" HPOS="411" VPOS="1996" WIDTH="20"/>
						<String ID="P25_ST00246" HPOS="431" VPOS="1945" WIDTH="35" HEIGHT="37" CONTENT="ai" WC="0.77" CC="04"/>
						<SP ID="P25_SP00224" HPOS="466" VPOS="1996" WIDTH="22"/>
						<String ID="P25_ST00247" HPOS="488" VPOS="1957" WIDTH="51" HEIGHT="25" CONTENT="eu" WC="0.77" CC="04"/>
						<SP ID="P25_SP00225" HPOS="539" VPOS="1996" WIDTH="16"/>
						<String ID="P25_ST00248" HPOS="555" VPOS="1944" WIDTH="56" HEIGHT="38" CONTENT="du" WC="1.00" CC="00"/>
						<SP ID="P25_SP00226" HPOS="611" VPOS="1996" WIDTH="24"/>
						<String ID="P25_ST00249" HPOS="635" VPOS="1943" WIDTH="148" HEIGHT="50" CONTENT="plaisir" WC="1.00" CC="0402000"/>
						<SP ID="P25_SP00227" HPOS="783" VPOS="1996" WIDTH="18"/>
						<String ID="P25_ST00250" HPOS="801" VPOS="1947" WIDTH="20" HEIGHT="34" CONTENT="à" WC="0.38" CC="6"/>
						<SP ID="P25_SP00228" HPOS="821" VPOS="1996" WIDTH="19"/>
						<String ID="P25_ST00251" HPOS="840" VPOS="1942" WIDTH="235" HEIGHT="39" CONTENT="l'entendre" WC="0.99" CC="6306605010"/>
						<SP ID="P25_SP00229" HPOS="1075" VPOS="1996" WIDTH="13"/>
						<String ID="P25_ST00252" HPOS="1088" VPOS="1943" WIDTH="119" HEIGHT="50" CONTENT="jouer" WC="0.99" CC="00600"/>
						<SP ID="P25_SP00230" HPOS="1207" VPOS="1996" WIDTH="16"/>
						<String ID="P25_ST00253" HPOS="1223" VPOS="1957" WIDTH="56" HEIGHT="24" CONTENT="un" WC="0.80" CC="04"/>
						<SP ID="P25_SP00231" HPOS="1279" VPOS="1996" WIDTH="18"/>
						<String ID="P25_ST00254" HPOS="1297" VPOS="1943" WIDTH="51" HEIGHT="38" CONTENT="de" WC="1.00" CC="00"/>
						<SP ID="P25_SP00232" HPOS="1348" VPOS="1996" WIDTH="20"/>
						<String ID="P25_ST00255" HPOS="1368" VPOS="1952" WIDTH="61" HEIGHT="29" CONTENT="tes" WC="0.97" CC="600"/>
						<SP ID="P25_SP00233" HPOS="1429" VPOS="1996" WIDTH="20"/>
						<String ID="P25_ST00256" HPOS="1449" VPOS="1941" WIDTH="233" HEIGHT="40" CONTENT="Mazurkas" WC="1.00" CC="00030400"/>
						<SP ID="P25_SP00234" HPOS="1682" VPOS="1996" WIDTH="76"/>
						<String ID="P25_ST00257" HPOS="1758" VPOS="1943" WIDTH="27" HEIGHT="38" CONTENT="il" WC="0.78" CC="04"/>
						<SP ID="P25_SP00235" HPOS="1785" VPOS="1996" WIDTH="17"/>
						<String ID="P25_ST00258" HPOS="1802" VPOS="1957" WIDTH="20" HEIGHT="24" CONTENT="a" WC="1.00" CC="0"/>
						<SP ID="P25_SP00236" HPOS="1822" VPOS="1996" WIDTH="15"/>
						<String ID="P25_ST00259" HPOS="1837" VPOS="1942" WIDTH="76" HEIGHT="40" CONTENT="fait" WC="1.00" CC="0000"/>
						<SP ID="P25_SP00237" HPOS="1913" VPOS="1996" WIDTH="17"/>
						<String ID="P25_ST00260" HPOS="1930" VPOS="1942" WIDTH="162" HEIGHT="40" CONTENT="fureur." WC="1.00" CC="0000004"/>
					</TextLine>
					<TextLine ID="P25_TL00023" HPOS="151" VPOS="2008" WIDTH="1943" HEIGHT="52">
						<String ID="P25_ST00261" HPOS="151" VPOS="2009" WIDTH="60" HEIGHT="40" CONTENT="Le" WC="0.74" CC="50"/>
						<SP ID="P25_SP00238" HPOS="211" VPOS="2049" WIDTH="22"/>
						<String ID="P25_ST00262" HPOS="233" VPOS="2009" WIDTH="86" HEIGHT="40" CONTENT="bon" WC="0.98" CC="006"/>
						<SP ID="P25_SP00239" HPOS="319" VPOS="2049" WIDTH="33"/>
						<String ID="P25_ST00263" HPOS="352" VPOS="2009" WIDTH="171" HEIGHT="50" CONTENT="Elsner," WC="0.86" CC="0400004"/>
						<SP ID="P25_SP00240" HPOS="523" VPOS="2059" WIDTH="32"/>
						<String ID="P25_ST00264" HPOS="555" VPOS="2011" WIDTH="73" HEIGHT="49" CONTENT="qui" WC="0.97" CC="054"/>
						<SP ID="P25_SP00241" HPOS="628" VPOS="2060" WIDTH="29"/>
						<String ID="P25_ST00265" HPOS="657" VPOS="2023" WIDTH="53" HEIGHT="25" CONTENT="ne" WC="0.69" CC="60"/>
						<SP ID="P25_SP00242" HPOS="710" VPOS="2060" WIDTH="28"/>
						<String ID="P25_ST00266" HPOS="738" VPOS="2008" WIDTH="177" HEIGHT="40" CONTENT="t'oublie" WC="0.99" CC="03040320"/>
						<SP ID="P25_SP00243" HPOS="915" VPOS="2060" WIDTH="30"/>
						<String ID="P25_ST00267" HPOS="945" VPOS="2023" WIDTH="91" HEIGHT="36" CONTENT="pas," WC="0.98" CC="0034"/>
						<SP ID="P25_SP00244" HPOS="1036" VPOS="2060" WIDTH="36"/>
						<String ID="P25_ST00268" HPOS="1072" VPOS="2017" WIDTH="63" HEIGHT="31" CONTENT="est" WC="0.99" CC="010"/>
						<SP ID="P25_SP00245" HPOS="1135" VPOS="2060" WIDTH="35"/>
						<String ID="P25_ST00269" HPOS="1170" VPOS="2022" WIDTH="110" HEIGHT="25" CONTENT="venu" WC="0.99" CC="0040"/>
						<SP ID="P25_SP00246" HPOS="1280" VPOS="2060" WIDTH="36"/>
						<String ID="P25_ST00270" HPOS="1316" VPOS="2022" WIDTH="111" HEIGHT="25" CONTENT="nous" WC="0.99" CC="5000"/>
						<SP ID="P25_SP00247" HPOS="1427" VPOS="2060" WIDTH="33"/>
						<String ID="P25_ST00271" HPOS="1460" VPOS="2011" WIDTH="94" HEIGHT="36" CONTENT="voir" WC="1.00" CC="0000"/>
						<SP ID="P25_SP00248" HPOS="1554" VPOS="2060" WIDTH="30"/>
						<String ID="P25_ST00272" HPOS="1584" VPOS="2009" WIDTH="35" HEIGHT="38" CONTENT="le" WC="0.50" CC="54"/>
						<SP ID="P25_SP00249" HPOS="1619" VPOS="2060" WIDTH="22"/>
						<String ID="P25_ST00273" HPOS="1641" VPOS="2010" WIDTH="94" HEIGHT="49" CONTENT="jour" WC="0.99" CC="0400"/>
						<SP ID="P25_SP00250" HPOS="1735" VPOS="2060" WIDTH="22"/>
						<String ID="P25_ST00274" HPOS="1757" VPOS="2009" WIDTH="51" HEIGHT="39" CONTENT="de" WC="1.00" CC="00"/>
						<SP ID="P25_SP00251" HPOS="1808" VPOS="2060" WIDTH="23"/>
						<String ID="P25_ST00275" HPOS="1831" VPOS="2018" WIDTH="40" HEIGHT="30" CONTENT="ta" WC="1.00" CC="00"/>
						<SP ID="P25_SP00252" HPOS="1871" VPOS="2060" WIDTH="21"/>
						<String ID="P25_ST00276" HPOS="1892" VPOS="2008" WIDTH="83" HEIGHT="40" CONTENT="fête" WC="0.99" CC="0600"/>
						<SP ID="P25_SP00253" HPOS="1975" VPOS="2060" WIDTH="21"/>
						<String ID="P25_ST00277" HPOS="1996" VPOS="2020" WIDTH="9" HEIGHT="36" CONTENT=";" WC="0.24" CC="7"/>
						<SP ID="P25_SP00254" HPOS="2005" VPOS="2060" WIDTH="22"/>
						<String ID="P25_ST00278" HPOS="2027" VPOS="2021" WIDTH="67" HEIGHT="27" CONTENT="ses" WC="1.00" CC="100"/>
					</TextLine>
					<TextLine ID="P25_TL00024" HPOS="152" VPOS="2073" WIDTH="1941" HEIGHT="51">
						<String ID="P25_ST00279" HPOS="152" VPOS="2077" WIDTH="195" HEIGHT="38" CONTENT="souhaits" WC="0.99" CC="00010470"/>
						<SP ID="P25_SP00255" HPOS="347" VPOS="2115" WIDTH="21"/>
						<String ID="P25_ST00280" HPOS="368" VPOS="2084" WIDTH="97" HEIGHT="31" CONTENT="sont" WC="0.99" CC="0060"/>
						<SP ID="P25_SP00256" HPOS="465" VPOS="2115" WIDTH="23"/>
						<String ID="P25_ST00281" HPOS="488" VPOS="2078" WIDTH="201" HEIGHT="41" CONTENT="sincères," WC="0.99" CC="100080004"/>
						<SP ID="P25_SP00257" HPOS="689" VPOS="2119" WIDTH="23"/>
						<String ID="P25_ST00282" HPOS="712" VPOS="2075" WIDTH="27" HEIGHT="38" CONTENT="il" WC="0.59" CC="34"/>
						<SP ID="P25_SP00258" HPOS="739" VPOS="2119" WIDTH="25"/>
						<String ID="P25_ST00283" HPOS="764" VPOS="2084" WIDTH="39" HEIGHT="29" CONTENT="te" WC="1.00" CC="00"/>
						<SP ID="P25_SP00259" HPOS="803" VPOS="2119" WIDTH="18"/>
						<String ID="P25_ST00284" HPOS="821" VPOS="2084" WIDTH="99" HEIGHT="29" CONTENT="veut" WC="0.99" CC="0050"/>
						<SP ID="P25_SP00260" HPOS="920" VPOS="2119" WIDTH="23"/>
						<String ID="P25_ST00285" HPOS="943" VPOS="2084" WIDTH="92" HEIGHT="30" CONTENT="tout" WC="0.99" CC="5000"/>
						<SP ID="P25_SP00261" HPOS="1035" VPOS="2119" WIDTH="22"/>
						<String ID="P25_ST00286" HPOS="1057" VPOS="2075" WIDTH="38" HEIGHT="38" CONTENT="le" WC="0.79" CC="40"/>
						<SP ID="P25_SP00262" HPOS="1095" VPOS="2119" WIDTH="18"/>
						<String ID="P25_ST00287" HPOS="1113" VPOS="2074" WIDTH="99" HEIGHT="39" CONTENT="bien" WC="0.98" CC="0405"/>
						<SP ID="P25_SP00263" HPOS="1212" VPOS="2119" WIDTH="22"/>
						<String ID="P25_ST00288" HPOS="1234" VPOS="2074" WIDTH="206" HEIGHT="50" CONTENT="possible." WC="1.00" CC="000020703"/>
						<SP ID="P25_SP00264" HPOS="1440" VPOS="2124" WIDTH="27"/>
						<String ID="P25_ST00289" HPOS="1467" VPOS="2073" WIDTH="123" HEIGHT="40" CONTENT="Nous" WC="0.98" CC="3400"/>
						<SP ID="P25_SP00265" HPOS="1590" VPOS="2124" WIDTH="21"/>
						<String ID="P25_ST00290" HPOS="1611" VPOS="2089" WIDTH="133" HEIGHT="24" CONTENT="avons" WC="0.99" CC="00350"/>
						<SP ID="P25_SP00266" HPOS="1744" VPOS="2124" WIDTH="17"/>
						<String ID="P25_ST00291" HPOS="1761" VPOS="2089" WIDTH="51" HEIGHT="24" CONTENT="eu" WC="0.74" CC="05"/>
						<SP ID="P25_SP00267" HPOS="1812" VPOS="2124" WIDTH="27"/>
						<String ID="P25_ST00292" HPOS="1839" VPOS="2075" WIDTH="37" HEIGHT="38" CONTENT="la" WC="0.76" CC="40"/>
						<SP ID="P25_SP00268" HPOS="1876" VPOS="2124" WIDTH="17"/>
						<String ID="P25_ST00293" HPOS="1893" VPOS="2077" WIDTH="126" HEIGHT="37" CONTENT="visite" WC="1.00" CC="020000"/>
						<SP ID="P25_SP00269" HPOS="2019" VPOS="2124" WIDTH="19"/>
						<String ID="P25_ST00294" HPOS="2038" VPOS="2075" WIDTH="55" HEIGHT="39" CONTENT="du" WC="1.00" CC="00"/>
					</TextLine>
					<TextLine ID="P25_TL00025" HPOS="153" VPOS="2140" WIDTH="1943" HEIGHT="52">
						<String ID="P25_ST00295" HPOS="153" VPOS="2152" WIDTH="138" HEIGHT="30" CONTENT="comte" WC="0.99" CC="03300"/>
						<SP ID="P25_SP00270" HPOS="291" VPOS="2182" WIDTH="16"/>
						<String ID="P25_ST00296" HPOS="307" VPOS="2141" WIDTH="257" HEIGHT="49" CONTENT="Miecielski," WC="0.87" CC="00003020213"/>
						<SP ID="P25_SP00271" HPOS="564" VPOS="2190" WIDTH="24"/>
						<String ID="P25_ST00297" HPOS="588" VPOS="2143" WIDTH="72" HEIGHT="49" CONTENT="qui" WC="0.99" CC="003"/>
						<SP ID="P25_SP00272" HPOS="660" VPOS="2192" WIDTH="19"/>
						<String ID="P25_ST00298" HPOS="679" VPOS="2143" WIDTH="101" HEIGHT="37" CONTENT="était" WC="0.98" CC="80035"/>
						<SP ID="P25_SP00273" HPOS="780" VPOS="2192" WIDTH="19"/>
						<String ID="P25_ST00299" HPOS="799" VPOS="2145" WIDTH="20" HEIGHT="34" CONTENT="à" WC="0.86" CC="1"/>
						<SP ID="P25_SP00274" HPOS="819" VPOS="2192" WIDTH="23"/>
						<String ID="P25_ST00300" HPOS="842" VPOS="2140" WIDTH="214" HEIGHT="40" CONTENT="Carlsbad" WC="0.92" CC="10040000"/>
						<SP ID="P25_SP00275" HPOS="1056" VPOS="2192" WIDTH="23"/>
						<String ID="P25_ST00301" HPOS="1079" VPOS="2154" WIDTH="52" HEIGHT="26" CONTENT="en" WC="0.71" CC="05"/>
						<SP ID="P25_SP00276" HPOS="1131" VPOS="2192" WIDTH="32"/>
						<String ID="P25_ST00302" HPOS="1163" VPOS="2145" WIDTH="140" HEIGHT="34" CONTENT="même" WC="0.98" CC="0700"/>
						<SP ID="P25_SP00277" HPOS="1303" VPOS="2192" WIDTH="23"/>
						<String ID="P25_ST00303" HPOS="1326" VPOS="2149" WIDTH="138" HEIGHT="42" CONTENT="temps" WC="1.00" CC="00000"/>
						<SP ID="P25_SP00278" HPOS="1464" VPOS="2192" WIDTH="34"/>
						<String ID="P25_ST00304" HPOS="1498" VPOS="2154" WIDTH="82" HEIGHT="37" CONTENT="que" WC="0.98" CC="060"/>
						<SP ID="P25_SP00279" HPOS="1580" VPOS="2192" WIDTH="28"/>
						<String ID="P25_ST00305" HPOS="1608" VPOS="2155" WIDTH="110" HEIGHT="25" CONTENT="nous" WC="0.99" CC="3001"/>
						<SP ID="P25_SP00280" HPOS="1718" VPOS="2192" WIDTH="20"/>
						<String ID="P25_ST00306" HPOS="1738" VPOS="2156" WIDTH="7" HEIGHT="32" CONTENT=";" WC="0.42" CC="5"/>
						<SP ID="P25_SP00281" HPOS="1745" VPOS="2192" WIDTH="27"/>
						<String ID="P25_ST00307" HPOS="1772" VPOS="2141" WIDTH="27" HEIGHT="39" CONTENT="il" WC="0.49" CC="36"/>
						<SP ID="P25_SP00282" HPOS="1799" VPOS="2192" WIDTH="22"/>
						<String ID="P25_ST00308" HPOS="1821" VPOS="2154" WIDTH="44" HEIGHT="26" CONTENT="se" WC="1.00" CC="00"/>
						<SP ID="P25_SP00283" HPOS="1865" VPOS="2192" WIDTH="33"/>
						<String ID="P25_ST00309" HPOS="1898" VPOS="2141" WIDTH="119" HEIGHT="39" CONTENT="flatte" WC="0.98" CC="900430"/>
						<SP ID="P25_SP00284" HPOS="2017" VPOS="2192" WIDTH="28"/>
						<String ID="P25_ST00310" HPOS="2045" VPOS="2141" WIDTH="51" HEIGHT="39" CONTENT="de" WC="1.00" CC="00"/>
					</TextLine>
					<TextLine ID="P25_TL00026" HPOS="153" VPOS="2207" WIDTH="1937" HEIGHT="53">
						<String ID="P25_ST00311" HPOS="153" VPOS="2210" WIDTH="9" HEIGHT="37" CONTENT="1" WC="0.44" CC="5"/>
						<SP ID="P25_SP00285" HPOS="162" VPOS="2247" WIDTH="19"/>
						<String ID="P25_ST00312" HPOS="181" VPOS="2214" WIDTH="232" HEIGHT="46" CONTENT="espérance" WC="0.99" CC="000800600"/>
						<SP ID="P25_SP00286" HPOS="413" VPOS="2260" WIDTH="21"/>
						<String ID="P25_ST00313" HPOS="434" VPOS="2209" WIDTH="52" HEIGHT="38" CONTENT="de" WC="1.00" CC="00"/>
						<SP ID="P25_SP00287" HPOS="486" VPOS="2260" WIDTH="16"/>
						<String ID="P25_ST00314" HPOS="502" VPOS="2218" WIDTH="39" HEIGHT="29" CONTENT="te" WC="1.00" CC="00"/>
						<SP ID="P25_SP00288" HPOS="541" VPOS="2260" WIDTH="16"/>
						<String ID="P25_ST00315" HPOS="557" VPOS="2210" WIDTH="93" HEIGHT="37" CONTENT="voir" WC="1.00" CC="0010"/>
						<SP ID="P25_SP00289" HPOS="650" VPOS="2260" WIDTH="15"/>
						<String ID="P25_ST00316" HPOS="665" VPOS="2222" WIDTH="58" HEIGHT="24" CONTENT="un" WC="0.66" CC="60"/>
						<SP ID="P25_SP00290" HPOS="723" VPOS="2260" WIDTH="17"/>
						<String ID="P25_ST00317" HPOS="740" VPOS="2209" WIDTH="94" HEIGHT="49" CONTENT="jour" WC="0.99" CC="0050"/>
						<SP ID="P25_SP00291" HPOS="834" VPOS="2260" WIDTH="15"/>
						<String ID="P25_ST00318" HPOS="849" VPOS="2207" WIDTH="100" HEIGHT="39" CONTENT="chez" WC="0.99" CC="0401"/>
						<SP ID="P25_SP00292" HPOS="949" VPOS="2260" WIDTH="24"/>
						<String ID="P25_ST00319" HPOS="973" VPOS="2207" WIDTH="75" HEIGHT="46" CONTENT="lui," WC="0.98" CC="3034"/>
						<SP ID="P25_SP00293" HPOS="1048" VPOS="2260" WIDTH="17"/>
						<String ID="P25_ST00320" HPOS="1065" VPOS="2216" WIDTH="39" HEIGHT="30" CONTENT="et" WC="0.75" CC="04"/>
						<SP ID="P25_SP00294" HPOS="1104" VPOS="2260" WIDTH="18"/>
						<String ID="P25_ST00321" HPOS="1122" VPOS="2207" WIDTH="27" HEIGHT="38" CONTENT="il" WC="0.63" CC="34"/>
						<SP ID="P25_SP00295" HPOS="1149" VPOS="2260" WIDTH="21"/>
						<String ID="P25_ST00322" HPOS="1170" VPOS="2220" WIDTH="109" HEIGHT="26" CONTENT="nous" WC="0.98" CC="6400"/>
						<SP ID="P25_SP00296" HPOS="1279" VPOS="2260" WIDTH="18"/>
						<String ID="P25_ST00323" HPOS="1297" VPOS="2221" WIDTH="20" HEIGHT="25" CONTENT="a" WC="1.00" CC="0"/>
						<SP ID="P25_SP00297" HPOS="1317" VPOS="2260" WIDTH="21"/>
						<String ID="P25_ST00324" HPOS="1338" VPOS="2207" WIDTH="61" HEIGHT="39" CONTENT="dit" WC="0.99" CC="020"/>
						<SP ID="P25_SP00298" HPOS="1399" VPOS="2260" WIDTH="18"/>
						<String ID="P25_ST00325" HPOS="1417" VPOS="2220" WIDTH="82" HEIGHT="38" CONTENT="que" WC="1.00" CC="000"/>
						<SP ID="P25_SP00299" HPOS="1499" VPOS="2260" WIDTH="20"/>
						<String ID="P25_ST00326" HPOS="1519" VPOS="2216" WIDTH="44" HEIGHT="30" CONTENT="tu" WC="0.66" CC="60"/>
						<SP ID="P25_SP00300" HPOS="1563" VPOS="2260" WIDTH="28"/>
						<String ID="P25_ST00327" HPOS="1591" VPOS="2209" WIDTH="119" HEIGHT="37" CONTENT="avais" WC="1.00" CC="00000"/>
						<SP ID="P25_SP00301" HPOS="1710" VPOS="2260" WIDTH="17"/>
						<String ID="P25_ST00328" HPOS="1727" VPOS="2207" WIDTH="232" HEIGHT="39" CONTENT="renouvelé" WC="1.00" CC="004300040"/>
						<SP ID="P25_SP00302" HPOS="1959" VPOS="2260" WIDTH="23"/>
						<String ID="P25_ST00329" HPOS="1982" VPOS="2216" WIDTH="108" HEIGHT="30" CONTENT="cette" WC="0.99" CC="00050"/>
					</TextLine>
					<TextLine ID="P25_TL00027" HPOS="152" VPOS="2272" WIDTH="1942" HEIGHT="54">
						<String ID="P25_ST00330" HPOS="152" VPOS="2289" WIDTH="224" HEIGHT="37" CONTENT="promesse" WC="1.00" CC="00000000"/>
						<SP ID="P25_SP00303" HPOS="376" VPOS="2326" WIDTH="23"/>
						<String ID="P25_ST00331" HPOS="399" VPOS="2280" WIDTH="20" HEIGHT="34" CONTENT="à" WC="0.40" CC="5"/>
						<SP ID="P25_SP00304" HPOS="419" VPOS="2326" WIDTH="39"/>
						<String ID="P25_ST00332" HPOS="458" VPOS="2288" WIDTH="84" HEIGHT="26" CONTENT="une" WC="0.98" CC="050"/>
						<SP ID="P25_SP00305" HPOS="542" VPOS="2326" WIDTH="24"/>
						<String ID="P25_ST00333" HPOS="566" VPOS="2275" WIDTH="52" HEIGHT="38" CONTENT="de" WC="1.00" CC="00"/>
						<SP ID="P25_SP00306" HPOS="618" VPOS="2326" WIDTH="35"/>
						<String ID="P25_ST00334" HPOS="653" VPOS="2287" WIDTH="67" HEIGHT="26" CONTENT="ses" WC="1.00" CC="000"/>
						<SP ID="P25_SP00307" HPOS="720" VPOS="2326" WIDTH="29"/>
						<String ID="P25_ST00335" HPOS="749" VPOS="2282" WIDTH="200" HEIGHT="42" CONTENT="parentes" WC="0.99" CC="00300502"/>
						<SP ID="P25_SP00308" HPOS="949" VPOS="2326" WIDTH="31"/>
						<String ID="P25_ST00336" HPOS="980" VPOS="2275" WIDTH="73" HEIGHT="49" CONTENT="qui" WC="0.98" CC="040"/>
						<SP ID="P25_SP00309" HPOS="1053" VPOS="2326" WIDTH="33"/>
						<String ID="P25_ST00337" HPOS="1086" VPOS="2287" WIDTH="21" HEIGHT="25" CONTENT="a" WC="1.00" CC="0"/>
						<SP ID="P25_SP00310" HPOS="1107" VPOS="2326" WIDTH="31"/>
						<String ID="P25_ST00338" HPOS="1138" VPOS="2278" WIDTH="66" HEIGHT="34" CONTENT="été" WC="1.00" CC="000"/>
						<SP ID="P25_SP00311" HPOS="1204" VPOS="2326" WIDTH="25"/>
						<String ID="P25_ST00339" HPOS="1229" VPOS="2278" WIDTH="21" HEIGHT="34" CONTENT="à" WC="0.31" CC="6"/>
						<SP ID="P25_SP00312" HPOS="1250" VPOS="2326" WIDTH="20"/>
						<String ID="P25_ST00340" HPOS="1270" VPOS="2273" WIDTH="139" HEIGHT="39" CONTENT="Paris." WC="1.00" CC="000003"/>
						<SP ID="P25_SP00313" HPOS="1409" VPOS="2326" WIDTH="27"/>
						<String ID="P25_ST00341" HPOS="1436" VPOS="2272" WIDTH="121" HEIGHT="40" CONTENT="Nous" WC="1.00" CC="0000"/>
						<SP ID="P25_SP00314" HPOS="1557" VPOS="2326" WIDTH="36"/>
						<String ID="P25_ST00342" HPOS="1593" VPOS="2287" WIDTH="192" HEIGHT="25" CONTENT="sommes" WC="1.00" CC="000000"/>
						<SP ID="P25_SP00315" HPOS="1785" VPOS="2326" WIDTH="39"/>
						<String ID="P25_ST00343" HPOS="1824" VPOS="2279" WIDTH="95" HEIGHT="33" CONTENT="sûrs" WC="0.99" CC="0500"/>
						<SP ID="P25_SP00316" HPOS="1919" VPOS="2326" WIDTH="25"/>
						<String ID="P25_ST00344" HPOS="1944" VPOS="2286" WIDTH="81" HEIGHT="38" CONTENT="que" WC="1.00" CC="000"/>
						<SP ID="P25_SP00317" HPOS="2025" VPOS="2326" WIDTH="25"/>
						<String ID="P25_ST00345" HPOS="2050" VPOS="2282" WIDTH="44" HEIGHT="30" CONTENT="tu" WC="1.00" CC="00"/>
					</TextLine>
					<TextLine ID="P25_TL00028" HPOS="153" VPOS="2338" WIDTH="1942" HEIGHT="52">
						<String ID="P25_ST00346" HPOS="153" VPOS="2344" WIDTH="133" HEIGHT="37" CONTENT="serais" WC="0.99" CC="300040"/>
						<SP ID="P25_SP00318" HPOS="286" VPOS="2381" WIDTH="19"/>
						<String ID="P25_ST00347" HPOS="305" VPOS="2341" WIDTH="99" HEIGHT="39" CONTENT="bien" WC="0.99" CC="0006"/>
						<SP ID="P25_SP00319" HPOS="404" VPOS="2381" WIDTH="20"/>
						<String ID="P25_ST00348" HPOS="424" VPOS="2355" WIDTH="98" HEIGHT="35" CONTENT="reçu" WC="0.99" CC="0004"/>
						<SP ID="P25_SP00320" HPOS="522" VPOS="2390" WIDTH="19"/>
						<String ID="P25_ST00349" HPOS="541" VPOS="2341" WIDTH="108" HEIGHT="39" CONTENT="dans" WC="0.99" CC="0060"/>
						<SP ID="P25_SP00321" HPOS="649" VPOS="2390" WIDTH="16"/>
						<String ID="P25_ST00350" HPOS="665" VPOS="2354" WIDTH="68" HEIGHT="25" CONTENT="ces" WC="0.99" CC="100"/>
						<SP ID="P25_SP00322" HPOS="733" VPOS="2390" WIDTH="19"/>
						<String ID="P25_ST00351" HPOS="752" VPOS="2344" WIDTH="210" HEIGHT="35" CONTENT="contrées." WC="1.00" CC="000000003"/>
						<SP ID="P25_SP00323" HPOS="962" VPOS="2390" WIDTH="24"/>
						<String ID="P25_ST00352" HPOS="986" VPOS="2338" WIDTH="119" HEIGHT="40" CONTENT="Liszt" WC="0.99" CC="51000"/>
						<SP ID="P25_SP00324" HPOS="1105" VPOS="2390" WIDTH="17"/>
						<String ID="P25_ST00353" HPOS="1122" VPOS="2338" WIDTH="107" HEIGHT="40" CONTENT="n'est" WC="1.00" CC="00000"/>
						<SP ID="P25_SP00325" HPOS="1229" VPOS="2390" WIDTH="18"/>
						<String ID="P25_ST00354" HPOS="1247" VPOS="2353" WIDTH="76" HEIGHT="37" CONTENT="pas" WC="1.00" CC="000"/>
						<SP ID="P25_SP00326" HPOS="1323" VPOS="2390" WIDTH="20"/>
						<String ID="P25_ST00355" HPOS="1343" VPOS="2353" WIDTH="154" HEIGHT="25" CONTENT="encore" WC="1.00" CC="003000"/>
						<SP ID="P25_SP00327" HPOS="1497" VPOS="2390" WIDTH="20"/>
						<String ID="P25_ST00356" HPOS="1517" VPOS="2354" WIDTH="113" HEIGHT="24" CONTENT="venu" WC="0.99" CC="0004"/>
						<SP ID="P25_SP00328" HPOS="1630" VPOS="2390" WIDTH="18"/>
						<String ID="P25_ST00357" HPOS="1648" VPOS="2341" WIDTH="51" HEIGHT="37" CONTENT="ici" WC="0.98" CC="104"/>
						<SP ID="P25_SP00329" HPOS="1699" VPOS="2390" WIDTH="22"/>
						<String ID="P25_ST00358" HPOS="1721" VPOS="2354" WIDTH="8" HEIGHT="32" CONTENT=";" WC="0.30" CC="6"/>
						<SP ID="P25_SP00330" HPOS="1729" VPOS="2390" WIDTH="28"/>
						<String ID="P25_ST00359" HPOS="1757" VPOS="2354" WIDTH="54" HEIGHT="25" CONTENT="on" WC="0.65" CC="06"/>
						<SP ID="P25_SP00331" HPOS="1811" VPOS="2390" WIDTH="23"/>
						<String ID="P25_ST00360" HPOS="1834" VPOS="2340" WIDTH="61" HEIGHT="39" CONTENT="dit" WC="0.98" CC="006"/>
						<SP ID="P25_SP00332" HPOS="1895" VPOS="2390" WIDTH="17"/>
						<String ID="P25_ST00361" HPOS="1912" VPOS="2338" WIDTH="103" HEIGHT="52" CONTENT="qu'il" WC="0.97" CC="05335"/>
						<SP ID="P25_SP00333" HPOS="2015" VPOS="2390" WIDTH="17"/>
						<String ID="P25_ST00362" HPOS="2032" VPOS="2348" WIDTH="63" HEIGHT="30" CONTENT="est" WC="0.99" CC="001"/>
					</TextLine>
					<TextLine ID="P25_TL00029" HPOS="154" VPOS="2404" WIDTH="1940" HEIGHT="53">
						<String ID="P25_ST00363" HPOS="154" VPOS="2409" WIDTH="108" HEIGHT="48" CONTENT="parti" WC="0.99" CC="00062"/>
						<SP ID="P25_SP00334" HPOS="262" VPOS="2457" WIDTH="22"/>
						<String ID="P25_ST00364" HPOS="284" VPOS="2407" WIDTH="51" HEIGHT="38" CONTENT="de" WC="1.00" CC="00"/>
						<SP ID="P25_SP00335" HPOS="335" VPOS="2457" WIDTH="23"/>
						<String ID="P25_ST00365" HPOS="358" VPOS="2406" WIDTH="145" HEIGHT="39" CONTENT="Berlin" WC="0.99" CC="000035"/>
						<SP ID="P25_SP00336" HPOS="503" VPOS="2457" WIDTH="19"/>
						<String ID="P25_ST00366" HPOS="522" VPOS="2419" WIDTH="110" HEIGHT="37" CONTENT="pour" WC="1.00" CC="0000"/>
						<SP ID="P25_SP00337" HPOS="632" VPOS="2457" WIDTH="23"/>
						<String ID="P25_ST00367" HPOS="655" VPOS="2406" WIDTH="104" HEIGHT="38" CONTENT="aller" WC="0.99" CC="03300"/>
						<SP ID="P25_SP00338" HPOS="759" VPOS="2457" WIDTH="15"/>
						<String ID="P25_ST00368" HPOS="774" VPOS="2418" WIDTH="53" HEIGHT="25" CONTENT="en" WC="0.66" CC="06"/>
						<SP ID="P25_SP00339" HPOS="827" VPOS="2457" WIDTH="17"/>
						<String ID="P25_ST00369" HPOS="844" VPOS="2404" WIDTH="158" HEIGHT="40" CONTENT="Russie" WC="0.99" CC="410050"/>
						<SP ID="P25_SP00340" HPOS="1002" VPOS="2457" WIDTH="20"/>
						<String ID="P25_ST00370" HPOS="1022" VPOS="2417" WIDTH="51" HEIGHT="25" CONTENT="en" WC="0.74" CC="05"/>
						<SP ID="P25_SP00341" HPOS="1073" VPOS="2457" WIDTH="23"/>
						<String ID="P25_ST00371" HPOS="1096" VPOS="2413" WIDTH="177" HEIGHT="41" CONTENT="passant" WC="1.00" CC="0000006"/>
						<SP ID="P25_SP00342" HPOS="1273" VPOS="2457" WIDTH="23"/>
						<String ID="P25_ST00372" HPOS="1296" VPOS="2419" WIDTH="77" HEIGHT="36" CONTENT="par" WC="1.00" CC="000"/>
						<SP ID="P25_SP00343" HPOS="1373" VPOS="2457" WIDTH="33"/>
						<String ID="P25_ST00373" HPOS="1406" VPOS="2404" WIDTH="309" HEIGHT="51" CONTENT="Kœnigsberg," WC="0.91" CC="30010000004"/>
						<SP ID="P25_SP00344" HPOS="1715" VPOS="2457" WIDTH="22"/>
						<String ID="P25_ST00374" HPOS="1737" VPOS="2414" WIDTH="38" HEIGHT="31" CONTENT="et" WC="1.00" CC="00"/>
						<SP ID="P25_SP00345" HPOS="1775" VPOS="2457" WIDTH="34"/>
						<String ID="P25_ST00375" HPOS="1809" VPOS="2419" WIDTH="83" HEIGHT="37" CONTENT="que" WC="0.99" CC="020"/>
						<SP ID="P25_SP00346" HPOS="1892" VPOS="2457" WIDTH="27"/>
						<String ID="P25_ST00376" HPOS="1919" VPOS="2419" WIDTH="46" HEIGHT="25" CONTENT="ce" WC="1.00" CC="00"/>
						<SP ID="P25_SP00347" HPOS="1965" VPOS="2457" WIDTH="22"/>
						<String ID="P25_ST00377" HPOS="1987" VPOS="2404" WIDTH="107" HEIGHT="41" CONTENT="n'est" WC="0.99" CC="43000"/>
					</TextLine>
					<TextLine ID="P25_TL00030" HPOS="154" VPOS="2469" WIDTH="1940" HEIGHT="55">
						<String ID="P25_ST00378" HPOS="154" VPOS="2472" WIDTH="96" HEIGHT="51" CONTENT="qu'à" WC="0.98" CC="0047"/>
						<SP ID="P25_SP00348" HPOS="250" VPOS="2523" WIDTH="20"/>
						<String ID="P25_ST00379" HPOS="270" VPOS="2486" WIDTH="78" HEIGHT="26" CONTENT="son" WC="0.97" CC="036"/>
						<SP ID="P25_SP00349" HPOS="348" VPOS="2523" WIDTH="20"/>
						<String ID="P25_ST00380" HPOS="368" VPOS="2481" WIDTH="145" HEIGHT="31" CONTENT="retour" WC="1.00" CC="000030"/>
						<SP ID="P25_SP00350" HPOS="513" VPOS="2523" WIDTH="20"/>
						<String ID="P25_ST00381" HPOS="533" VPOS="2486" WIDTH="82" HEIGHT="37" CONTENT="que" WC="1.00" CC="000"/>
						<SP ID="P25_SP00351" HPOS="615" VPOS="2523" WIDTH="28"/>
						<String ID="P25_ST00382" HPOS="643" VPOS="2485" WIDTH="111" HEIGHT="26" CONTENT="nous" WC="0.99" CC="6000"/>
						<SP ID="P25_SP00352" HPOS="754" VPOS="2523" WIDTH="21"/>
						<String ID="P25_ST00383" HPOS="775" VPOS="2484" WIDTH="159" HEIGHT="26" CONTENT="aurons" WC="0.99" CC="000061"/>
						<SP ID="P25_SP00353" HPOS="934" VPOS="2523" WIDTH="34"/>
						<String ID="P25_ST00384" HPOS="968" VPOS="2471" WIDTH="38" HEIGHT="38" CONTENT="le" WC="0.83" CC="30"/>
						<SP ID="P25_SP00354" HPOS="1006" VPOS="2523" WIDTH="28"/>
						<String ID="P25_ST00385" HPOS="1034" VPOS="2471" WIDTH="150" HEIGHT="50" CONTENT="plaisir" WC="1.00" CC="0106000"/>
						<SP ID="P25_SP00355" HPOS="1184" VPOS="2523" WIDTH="30"/>
						<String ID="P25_ST00386" HPOS="1214" VPOS="2471" WIDTH="51" HEIGHT="39" CONTENT="de" WC="1.00" CC="00"/>
						<SP ID="P25_SP00356" HPOS="1265" VPOS="2523" WIDTH="33"/>
						<String ID="P25_ST00387" HPOS="1298" VPOS="2469" WIDTH="251" HEIGHT="41" CONTENT="l'entendre." WC="1.00" CC="12000000003"/>
						<SP ID="P25_SP00357" HPOS="1549" VPOS="2523" WIDTH="24"/>
						<String ID="P25_ST00388" HPOS="1573" VPOS="2472" WIDTH="49" HEIGHT="52" CONTENT="Je" WC="1.00" CC="00"/>
						<SP ID="P25_SP00358" HPOS="1622" VPOS="2524" WIDTH="36"/>
						<String ID="P25_ST00389" HPOS="1658" VPOS="2470" WIDTH="169" HEIGHT="41" CONTENT="t'avoue" WC="0.99" CC="4300060"/>
						<SP ID="P25_SP00359" HPOS="1827" VPOS="2524" WIDTH="32"/>
						<String ID="P25_ST00390" HPOS="1859" VPOS="2485" WIDTH="82" HEIGHT="37" CONTENT="que" WC="1.00" CC="000"/>
						<SP ID="P25_SP00360" HPOS="1941" VPOS="2524" WIDTH="34"/>
						<String ID="P25_ST00391" HPOS="1975" VPOS="2473" WIDTH="38" HEIGHT="50" CONTENT="je" WC="0.97" CC="00"/>
						<SP ID="P25_SP00361" HPOS="2013" VPOS="2524" WIDTH="28"/>
						<String ID="P25_ST00392" HPOS="2041" VPOS="2486" WIDTH="53" HEIGHT="25" CONTENT="ne" WC="0.69" CC="60"/>
					</TextLine>
					<TextLine ID="P25_TL00031" HPOS="154" VPOS="2534" WIDTH="1939" HEIGHT="55">
						<String ID="P25_ST00393" HPOS="154" VPOS="2538" WIDTH="274" HEIGHT="40" CONTENT="m'attendais" WC="1.00" CC="00050100000"/>
						<SP ID="P25_SP00362" HPOS="428" VPOS="2578" WIDTH="17"/>
						<String ID="P25_ST00394" HPOS="445" VPOS="2552" WIDTH="76" HEIGHT="37" CONTENT="pas" WC="1.00" CC="000"/>
						<SP ID="P25_SP00363" HPOS="521" VPOS="2589" WIDTH="26"/>
						<String ID="P25_ST00395" HPOS="547" VPOS="2543" WIDTH="20" HEIGHT="34" CONTENT="à" WC="0.04" CC="9"/>
						<SP ID="P25_SP00364" HPOS="567" VPOS="2589" WIDTH="20"/>
						<String ID="P25_ST00396" HPOS="587" VPOS="2552" WIDTH="46" HEIGHT="25" CONTENT="ce" WC="1.00" CC="00"/>
						<SP ID="P25_SP00365" HPOS="633" VPOS="2589" WIDTH="20"/>
						<String ID="P25_ST00397" HPOS="653" VPOS="2551" WIDTH="83" HEIGHT="37" CONTENT="que" WC="0.98" CC="060"/>
						<SP ID="P25_SP00366" HPOS="736" VPOS="2589" WIDTH="16"/>
						<String ID="P25_ST00398" HPOS="752" VPOS="2547" WIDTH="43" HEIGHT="29" CONTENT="tu" WC="0.76" CC="04"/>
						<SP ID="P25_SP00367" HPOS="795" VPOS="2589" WIDTH="20"/>
						<String ID="P25_ST00399" HPOS="815" VPOS="2534" WIDTH="112" HEIGHT="42" CONTENT="m'en" WC="0.98" CC="0406"/>
						<SP ID="P25_SP00368" HPOS="927" VPOS="2589" WIDTH="23"/>
						<String ID="P25_ST00400" HPOS="950" VPOS="2538" WIDTH="81" HEIGHT="44" CONTENT="dis," WC="0.99" CC="0014"/>
						<SP ID="P25_SP00369" HPOS="1031" VPOS="2589" WIDTH="22"/>
						<String ID="P25_ST00401" HPOS="1053" VPOS="2545" WIDTH="39" HEIGHT="31" CONTENT="et" WC="1.00" CC="00"/>
						<SP ID="P25_SP00370" HPOS="1092" VPOS="2589" WIDTH="24"/>
						<String ID="P25_ST00402" HPOS="1116" VPOS="2537" WIDTH="38" HEIGHT="38" CONTENT="la" WC="0.89" CC="20"/>
						<SP ID="P25_SP00371" HPOS="1154" VPOS="2589" WIDTH="17"/>
						<String ID="P25_ST00403" HPOS="1171" VPOS="2539" WIDTH="193" HEIGHT="37" CONTENT="mention" WC="1.00" CC="0000040"/>
						<SP ID="P25_SP00372" HPOS="1364" VPOS="2589" WIDTH="28"/>
						<String ID="P25_ST00404" HPOS="1392" VPOS="2537" WIDTH="129" HEIGHT="50" CONTENT="qu'on" WC="0.99" CC="03200"/>
						<SP ID="P25_SP00373" HPOS="1521" VPOS="2589" WIDTH="26"/>
						<String ID="P25_ST00405" HPOS="1547" VPOS="2537" WIDTH="75" HEIGHT="40" CONTENT="fait" WC="0.98" CC="0046"/>
						<SP ID="P25_SP00374" HPOS="1622" VPOS="2589" WIDTH="27"/>
						<String ID="P25_ST00406" HPOS="1649" VPOS="2538" WIDTH="51" HEIGHT="38" CONTENT="de" WC="1.00" CC="00"/>
						<SP ID="P25_SP00375" HPOS="1700" VPOS="2589" WIDTH="32"/>
						<String ID="P25_ST00407" HPOS="1732" VPOS="2538" WIDTH="59" HEIGHT="39" CONTENT="lui" WC="0.99" CC="200"/>
						<SP ID="P25_SP00376" HPOS="1791" VPOS="2589" WIDTH="26"/>
						<String ID="P25_ST00408" HPOS="1817" VPOS="2547" WIDTH="40" HEIGHT="30" CONTENT="et" WC="0.75" CC="05"/>
						<SP ID="P25_SP00377" HPOS="1857" VPOS="2589" WIDTH="26"/>
						<String ID="P25_ST00409" HPOS="1883" VPOS="2538" WIDTH="52" HEIGHT="38" CONTENT="de" WC="1.00" CC="00"/>
						<SP ID="P25_SP00378" HPOS="1935" VPOS="2589" WIDTH="27"/>
						<String ID="P25_ST00410" HPOS="1962" VPOS="2537" WIDTH="105" HEIGHT="39" CONTENT="Thal" SUBS_TYPE="HypPart1" SUBS_CONTENT="Thal[berg]" WC="0.86" CC="0002"/>
						<HYP HPOS="2067" VPOS="2537" WIDTH="26" CONTENT="-"/>
					</TextLine>
					<TextLine ID="P25_TL00032" HPOS="154" VPOS="2602" WIDTH="1941" HEIGHT="54">
						<String ID="P25_ST00411" HPOS="154" VPOS="2603" WIDTH="137" HEIGHT="53" CONTENT="[berg]" SUBS_TYPE="HypPart2" SUBS_CONTENT="Thal[berg]" WC="0.71" CC="000574"/>
						<SP ID="P25_SP00379" HPOS="291" VPOS="2656" WIDTH="25"/>
						<String ID="P25_ST00412" HPOS="316" VPOS="2606" WIDTH="107" HEIGHT="38" CONTENT="dans" WC="0.99" CC="0060"/>
						<SP ID="P25_SP00380" HPOS="423" VPOS="2656" WIDTH="26"/>
						<String ID="P25_ST00413" HPOS="449" VPOS="2606" WIDTH="61" HEIGHT="38" CONTENT="les" WC="0.98" CC="400"/>
						<SP ID="P25_SP00381" HPOS="510" VPOS="2656" WIDTH="33"/>
						<String ID="P25_ST00414" HPOS="543" VPOS="2605" WIDTH="169" HEIGHT="39" CONTENT="articles" WC="1.00" CC="04000400"/>
						<SP ID="P25_SP00382" HPOS="712" VPOS="2656" WIDTH="33"/>
						<String ID="P25_ST00415" HPOS="745" VPOS="2617" WIDTH="73" HEIGHT="25" CONTENT="sur" WC="0.97" CC="440"/>
						<SP ID="P25_SP00383" HPOS="818" VPOS="2656" WIDTH="21"/>
						<String ID="P25_ST00416" HPOS="839" VPOS="2612" WIDTH="40" HEIGHT="30" CONTENT="ta" WC="0.72" CC="50"/>
						<SP ID="P25_SP00384" HPOS="879" VPOS="2656" WIDTH="21"/>
						<String ID="P25_ST00417" HPOS="900" VPOS="2605" WIDTH="138" HEIGHT="37" CONTENT="soirée" WC="1.00" CC="000000"/>
						<SP ID="P25_SP00385" HPOS="1038" VPOS="2656" WIDTH="22"/>
						<String ID="P25_ST00418" HPOS="1060" VPOS="2616" WIDTH="52" HEIGHT="26" CONTENT="ne" WC="0.68" CC="60"/>
						<SP ID="P25_SP00386" HPOS="1112" VPOS="2656" WIDTH="31"/>
						<String ID="P25_ST00419" HPOS="1143" VPOS="2602" WIDTH="274" HEIGHT="40" CONTENT="contribuera" WC="1.00" CC="00060000000"/>
						<SP ID="P25_SP00387" HPOS="1417" VPOS="2656" WIDTH="21"/>
						<String ID="P25_ST00420" HPOS="1438" VPOS="2617" WIDTH="76" HEIGHT="36" CONTENT="pas" WC="1.00" CC="000"/>
						<SP ID="P25_SP00388" HPOS="1514" VPOS="2656" WIDTH="24"/>
						<String ID="P25_ST00421" HPOS="1538" VPOS="2603" WIDTH="223" HEIGHT="51" CONTENT="beaucoup" WC="1.00" CC="00000000"/>
						<SP ID="P25_SP00389" HPOS="1761" VPOS="2656" WIDTH="25"/>
						<String ID="P25_ST00422" HPOS="1786" VPOS="2608" WIDTH="21" HEIGHT="33" CONTENT="à" WC="1.00" CC="0"/>
						<SP ID="P25_SP00390" HPOS="1807" VPOS="2656" WIDTH="20"/>
						<String ID="P25_ST00423" HPOS="1827" VPOS="2618" WIDTH="58" HEIGHT="24" CONTENT="un" WC="0.72" CC="05"/>
						<SP ID="P25_SP00391" HPOS="1885" VPOS="2656" WIDTH="34"/>
						<String ID="P25_ST00424" HPOS="1919" VPOS="2618" WIDTH="151" HEIGHT="36" CONTENT="rappro" SUBS_TYPE="HypPart1" SUBS_CONTENT="rapprochement." WC="1.00" CC="000001"/>
						<HYP HPOS="2070" VPOS="2618" WIDTH="25" CONTENT="-"/>
					</TextLine>
					<TextLine ID="P25_TL00033" HPOS="152" VPOS="2668" WIDTH="1940" HEIGHT="53">
						<String ID="P25_ST00425" HPOS="152" VPOS="2672" WIDTH="211" HEIGHT="38" CONTENT="chement." SUBS_TYPE="HypPart2" SUBS_CONTENT="rapprochement." WC="0.99" CC="05405004"/>
						<SP ID="P25_SP00392" HPOS="363" VPOS="2710" WIDTH="26"/>
						<String ID="P25_ST00426" HPOS="389" VPOS="2670" WIDTH="95" HEIGHT="51" CONTENT="Que" WC="0.98" CC="060"/>
						<SP ID="P25_SP00393" HPOS="484" VPOS="2721" WIDTH="28"/>
						<String ID="P25_ST00427" HPOS="512" VPOS="2670" WIDTH="106" HEIGHT="39" CONTENT="faire" WC="0.98" CC="00362"/>
						<SP ID="P25_SP00394" HPOS="618" VPOS="2721" WIDTH="17"/>
						<String ID="P25_ST00428" HPOS="635" VPOS="2684" WIDTH="53" HEIGHT="25" CONTENT="en" WC="0.60" CC="16"/>
						<SP ID="P25_SP00395" HPOS="688" VPOS="2721" WIDTH="17"/>
						<String ID="P25_ST00429" HPOS="705" VPOS="2670" WIDTH="177" HEIGHT="51" CONTENT="pareille" WC="1.00" CC="00003500"/>
						<SP ID="P25_SP00396" HPOS="882" VPOS="2721" WIDTH="18"/>
						<String ID="P25_ST00430" HPOS="900" VPOS="2672" WIDTH="293" HEIGHT="35" CONTENT="circonstance" WC="1.00" CC="003005000600"/>
						<SP ID="P25_SP00397" HPOS="1193" VPOS="2721" WIDTH="15"/>
						<String ID="P25_ST00431" HPOS="1208" VPOS="2672" WIDTH="15" HEIGHT="35" CONTENT="?" WC="1.00" CC="9"/>
						<SP ID="P25_SP00398" HPOS="1223" VPOS="2721" WIDTH="26"/>
						<String ID="P25_ST00432" HPOS="1249" VPOS="2668" WIDTH="115" HEIGHT="39" CONTENT="C'est" WC="0.99" CC="30014"/>
						<SP ID="P25_SP00399" HPOS="1364" VPOS="2721" WIDTH="29"/>
						<String ID="P25_ST00433" HPOS="1393" VPOS="2668" WIDTH="138" HEIGHT="49" CONTENT="d'agir" WC="0.98" CC="000926"/>
						<SP ID="P25_SP00400" HPOS="1531" VPOS="2721" WIDTH="24"/>
						<String ID="P25_ST00434" HPOS="1555" VPOS="2682" WIDTH="100" HEIGHT="26" CONTENT="avec" WC="1.00" CC="0002"/>
						<SP ID="P25_SP00401" HPOS="1655" VPOS="2721" WIDTH="19"/>
						<String ID="P25_ST00435" HPOS="1674" VPOS="2678" WIDTH="40" HEIGHT="30" CONTENT="ta" WC="1.00" CC="00"/>
						<SP ID="P25_SP00402" HPOS="1714" VPOS="2721" WIDTH="23"/>
						<String ID="P25_ST00436" HPOS="1737" VPOS="2670" WIDTH="215" HEIGHT="49" CONTENT="prudence" WC="0.99" CC="01405000"/>
						<SP ID="P25_SP00403" HPOS="1952" VPOS="2721" WIDTH="32"/>
						<String ID="P25_ST00437" HPOS="1984" VPOS="2679" WIDTH="39" HEIGHT="29" CONTENT="et" WC="0.76" CC="04"/>
						<SP ID="P25_SP00404" HPOS="2023" VPOS="2721" WIDTH="29"/>
						<String ID="P25_ST00438" HPOS="2052" VPOS="2679" WIDTH="40" HEIGHT="29" CONTENT="ta" WC="0.54" CC="08"/>
					</TextLine>
					<TextLine ID="P25_TL00034" HPOS="153" VPOS="2733" WIDTH="1937" HEIGHT="52">
						<String ID="P25_ST00439" HPOS="153" VPOS="2738" WIDTH="250" HEIGHT="38" CONTENT="délicatesse" WC="1.00" CC="00440050000"/>
						<SP ID="P25_SP00405" HPOS="403" VPOS="2776" WIDTH="17"/>
						<String ID="P25_ST00440" HPOS="420" VPOS="2738" WIDTH="255" HEIGHT="47" CONTENT="ordinaires," WC="1.00" CC="30040000004"/>
						<SP ID="P25_SP00406" HPOS="675" VPOS="2785" WIDTH="26"/>
						<String ID="P25_ST00441" HPOS="701" VPOS="2749" WIDTH="101" HEIGHT="26" CONTENT="sans" WC="0.99" CC="5000"/>
						<SP ID="P25_SP00407" HPOS="802" VPOS="2785" WIDTH="17"/>
						<String ID="P25_ST00442" HPOS="819" VPOS="2736" WIDTH="124" HEIGHT="37" CONTENT="céder" WC="1.00" CC="00000"/>
						<SP ID="P25_SP00408" HPOS="943" VPOS="2785" WIDTH="20"/>
						<String ID="P25_ST00443" HPOS="963" VPOS="2735" WIDTH="37" HEIGHT="38" CONTENT="le" WC="0.90" CC="10"/>
						<SP ID="P25_SP00409" HPOS="1000" VPOS="2785" WIDTH="16"/>
						<String ID="P25_ST00444" HPOS="1016" VPOS="2748" WIDTH="91" HEIGHT="36" CONTENT="pas." WC="0.99" CC="0013"/>
						<SP ID="P25_SP00410" HPOS="1107" VPOS="2785" WIDTH="23"/>
						<String ID="P25_ST00445" HPOS="1130" VPOS="2733" WIDTH="65" HEIGHT="39" CONTENT="Tu" WC="0.58" CC="25"/>
						<SP ID="P25_SP00411" HPOS="1195" VPOS="2785" WIDTH="22"/>
						<String ID="P25_ST00446" HPOS="1217" VPOS="2747" WIDTH="109" HEIGHT="36" CONTENT="peux" WC="1.00" CC="0000"/>
						<SP ID="P25_SP00412" HPOS="1326" VPOS="2785" WIDTH="19"/>
						<String ID="P25_ST00447" HPOS="1345" VPOS="2743" WIDTH="192" HEIGHT="30" CONTENT="montrer" WC="1.00" CC="0050100"/>
						<SP ID="P25_SP00413" HPOS="1537" VPOS="2785" WIDTH="17"/>
						<String ID="P25_ST00448" HPOS="1554" VPOS="2735" WIDTH="52" HEIGHT="38" CONTENT="de" WC="1.00" CC="00"/>
						<SP ID="P25_SP00414" HPOS="1606" VPOS="2785" WIDTH="19"/>
						<String ID="P25_ST00449" HPOS="1625" VPOS="2736" WIDTH="37" HEIGHT="37" CONTENT="la" WC="0.73" CC="50"/>
						<SP ID="P25_SP00415" HPOS="1662" VPOS="2785" WIDTH="21"/>
						<String ID="P25_ST00450" HPOS="1683" VPOS="2735" WIDTH="203" HEIGHT="39" CONTENT="noblesse" WC="1.00" CC="03020000"/>
						<SP ID="P25_SP00416" HPOS="1886" VPOS="2785" WIDTH="33"/>
						<String ID="P25_ST00451" HPOS="1919" VPOS="2735" WIDTH="108" HEIGHT="39" CONTENT="dans" WC="1.00" CC="0001"/>
						<SP ID="P25_SP00417" HPOS="2027" VPOS="2785" WIDTH="23"/>
						<String ID="P25_ST00452" HPOS="2050" VPOS="2744" WIDTH="40" HEIGHT="30" CONTENT="ta" WC="0.76" CC="40"/>
					</TextLine>
					<TextLine ID="P25_TL00035" HPOS="151" VPOS="2799" WIDTH="1942" HEIGHT="54">
						<String ID="P25_ST00453" HPOS="151" VPOS="2804" WIDTH="201" HEIGHT="38" CONTENT="conduite" WC="1.00" CC="03004100"/>
						<SP ID="P25_SP00418" HPOS="352" VPOS="2842" WIDTH="19"/>
						<String ID="P25_ST00454" HPOS="371" VPOS="2811" WIDTH="40" HEIGHT="30" CONTENT="et" WC="1.00" CC="00"/>
						<SP ID="P25_SP00419" HPOS="411" VPOS="2842" WIDTH="23"/>
						<String ID="P25_ST00455" HPOS="434" VPOS="2801" WIDTH="107" HEIGHT="40" CONTENT="faire" WC="1.00" CC="00300"/>
						<SP ID="P25_SP00420" HPOS="541" VPOS="2842" WIDTH="24"/>
						<String ID="P25_ST00456" HPOS="565" VPOS="2801" WIDTH="216" HEIGHT="40" CONTENT="retomber" WC="1.00" CC="20510000"/>
						<SP ID="P25_SP00421" HPOS="781" VPOS="2842" WIDTH="30"/>
						<String ID="P25_ST00457" HPOS="811" VPOS="2802" WIDTH="37" HEIGHT="37" CONTENT="le" WC="0.66" CC="60"/>
						<SP ID="P25_SP00422" HPOS="848" VPOS="2842" WIDTH="32"/>
						<String ID="P25_ST00458" HPOS="880" VPOS="2809" WIDTH="91" HEIGHT="30" CONTENT="tout" WC="0.99" CC="0003"/>
						<SP ID="P25_SP00423" HPOS="971" VPOS="2842" WIDTH="33"/>
						<String ID="P25_ST00459" HPOS="1004" VPOS="2813" WIDTH="72" HEIGHT="26" CONTENT="sur" WC="1.00" CC="000"/>
						<SP ID="P25_SP00424" HPOS="1076" VPOS="2842" WIDTH="34"/>
						<String ID="P25_ST00460" HPOS="1110" VPOS="2800" WIDTH="73" HEIGHT="38" CONTENT="lui." WC="0.97" CC="3054"/>
						<SP ID="P25_SP00425" HPOS="1183" VPOS="2842" WIDTH="22"/>
						<String ID="P25_ST00461" HPOS="1205" VPOS="2799" WIDTH="67" HEIGHT="39" CONTENT="En" WC="0.67" CC="06"/>
						<SP ID="P25_SP00426" HPOS="1272" VPOS="2842" WIDTH="18"/>
						<String ID="P25_ST00462" HPOS="1290" VPOS="2801" WIDTH="114" HEIGHT="38" CONTENT="voilà" WC="0.98" CC="04353"/>
						<SP ID="P25_SP00427" HPOS="1404" VPOS="2842" WIDTH="22"/>
						<String ID="P25_ST00463" HPOS="1426" VPOS="2814" WIDTH="118" HEIGHT="25" CONTENT="assez" WC="1.00" CC="00000"/>
						<SP ID="P25_SP00428" HPOS="1544" VPOS="2842" WIDTH="26"/>
						<String ID="P25_ST00464" HPOS="1570" VPOS="2801" WIDTH="232" HEIGHT="39" CONTENT="là-dessus." WC="0.99" CC="5040000334"/>
						<SP ID="P25_SP00429" HPOS="1802" VPOS="2842" WIDTH="23"/>
						<String ID="P25_ST00465" HPOS="1825" VPOS="2801" WIDTH="49" HEIGHT="52" CONTENT="Je" WC="1.00" CC="00"/>
						<SP ID="P25_SP00430" HPOS="1874" VPOS="2853" WIDTH="38"/>
						<String ID="P25_ST00466" HPOS="1912" VPOS="2801" WIDTH="181" HEIGHT="40" CONTENT="t'assure" WC="0.99" CC="54003000"/>
					</TextLine>
					<TextLine ID="P25_TL00036" HPOS="153" VPOS="2866" WIDTH="1939" HEIGHT="53">
						<String ID="P25_ST00467" HPOS="153" VPOS="2870" WIDTH="239" HEIGHT="39" CONTENT="seulement" WC="1.00" CC="100600060"/>
						<SP ID="P25_SP00431" HPOS="392" VPOS="2909" WIDTH="20"/>
						<String ID="P25_ST00468" HPOS="412" VPOS="2881" WIDTH="83" HEIGHT="38" CONTENT="que" WC="1.00" CC="000"/>
						<SP ID="P25_SP00432" HPOS="495" VPOS="2919" WIDTH="24"/>
						<String ID="P25_ST00469" HPOS="519" VPOS="2866" WIDTH="76" HEIGHT="52" CONTENT="[tu]" WC="0.96" CC="3507"/>
						<SP ID="P25_SP00433" HPOS="595" VPOS="2919" WIDTH="18"/>
						<String ID="P25_ST00470" HPOS="613" VPOS="2881" WIDTH="68" HEIGHT="25" CONTENT="me" WC="1.00" CC="00"/>
						<SP ID="P25_SP00434" HPOS="681" VPOS="2919" WIDTH="15"/>
						<String ID="P25_ST00471" HPOS="696" VPOS="2867" WIDTH="112" HEIGHT="39" CONTENT="feras" WC="1.00" CC="00000"/>
						<SP ID="P25_SP00435" HPOS="808" VPOS="2919" WIDTH="21"/>
						<String ID="P25_ST00472" HPOS="829" VPOS="2866" WIDTH="135" HEIGHT="49" CONTENT="grand" WC="0.98" CC="90060"/>
						<SP ID="P25_SP00436" HPOS="964" VPOS="2919" WIDTH="24"/>
						<String ID="P25_ST00473" HPOS="988" VPOS="2866" WIDTH="150" HEIGHT="50" CONTENT="plaisir" WC="0.99" CC="0503010"/>
						<SP ID="P25_SP00437" HPOS="1138" VPOS="2919" WIDTH="18"/>
						<String ID="P25_ST00474" HPOS="1156" VPOS="2879" WIDTH="52" HEIGHT="25" CONTENT="en" WC="1.00" CC="00"/>
						<SP ID="P25_SP00438" HPOS="1208" VPOS="2919" WIDTH="17"/>
						<String ID="P25_ST00475" HPOS="1225" VPOS="2879" WIDTH="52" HEIGHT="26" CONTENT="ne" WC="1.00" CC="00"/>
						<SP ID="P25_SP00439" HPOS="1277" VPOS="2919" WIDTH="16"/>
						<String ID="P25_ST00476" HPOS="1293" VPOS="2879" WIDTH="68" HEIGHT="26" CONTENT="me" WC="1.00" CC="00"/>
						<SP ID="P25_SP00440" HPOS="1361" VPOS="2919" WIDTH="19"/>
						<String ID="P25_ST00477" HPOS="1380" VPOS="2867" WIDTH="181" HEIGHT="39" CONTENT="laissant" WC="0.99" CC="40300006"/>
						<SP ID="P25_SP00441" HPOS="1561" VPOS="2919" WIDTH="17"/>
						<String ID="P25_ST00478" HPOS="1578" VPOS="2881" WIDTH="77" HEIGHT="36" CONTENT="pas" WC="1.00" CC="000"/>
						<SP ID="P25_SP00442" HPOS="1655" VPOS="2919" WIDTH="17"/>
						<String ID="P25_ST00479" HPOS="1672" VPOS="2869" WIDTH="33" HEIGHT="37" CONTENT="si" WC="1.00" CC="00"/>
						<SP ID="P25_SP00443" HPOS="1705" VPOS="2919" WIDTH="20"/>
						<String ID="P25_ST00480" HPOS="1725" VPOS="2867" WIDTH="247" HEIGHT="51" CONTENT="longtemps" WC="1.00" CC="200900000"/>
						<SP ID="P25_SP00444" HPOS="1972" VPOS="2919" WIDTH="19"/>
						<String ID="P25_ST00481" HPOS="1991" VPOS="2881" WIDTH="101" HEIGHT="26" CONTENT="sans" WC="1.00" CC="0000"/>
					</TextLine>
					<TextLine ID="P25_TL00037" HPOS="154" VPOS="2931" WIDTH="1938" HEIGHT="54">
						<String ID="P25_ST00482" HPOS="154" VPOS="2950" WIDTH="68" HEIGHT="25" CONTENT="me" WC="1.00" CC="00"/>
						<SP ID="P25_SP00445" HPOS="222" VPOS="2975" WIDTH="31"/>
						<String ID="P25_ST00483" HPOS="253" VPOS="2936" WIDTH="165" HEIGHT="39" CONTENT="donner" WC="1.00" CC="000000"/>
						<SP ID="P25_SP00446" HPOS="418" VPOS="2975" WIDTH="30"/>
						<String ID="P25_ST00484" HPOS="448" VPOS="2935" WIDTH="51" HEIGHT="38" CONTENT="de" WC="1.00" CC="00"/>
						<SP ID="P25_SP00447" HPOS="499" VPOS="2975" WIDTH="29"/>
						<String ID="P25_ST00485" HPOS="528" VPOS="2943" WIDTH="63" HEIGHT="30" CONTENT="tes" WC="1.00" CC="000"/>
						<SP ID="P25_SP00448" HPOS="591" VPOS="2975" WIDTH="31"/>
						<String ID="P25_ST00486" HPOS="622" VPOS="2934" WIDTH="237" HEIGHT="39" CONTENT="nouvelles." WC="1.00" CC="0230013002"/>
						<SP ID="P25_SP00449" HPOS="859" VPOS="2975" WIDTH="18"/>
						<String ID="P25_ST00487" HPOS="877" VPOS="2931" WIDTH="126" HEIGHT="40" CONTENT="Voilà" WC="0.99" CC="00040"/>
						<SP ID="P25_SP00450" HPOS="1003" VPOS="2975" WIDTH="21"/>
						<String ID="P25_ST00488" HPOS="1024" VPOS="2946" WIDTH="47" HEIGHT="36" CONTENT="72" WC="0.99" CC="00"/>
						<SP ID="P25_SP00451" HPOS="1071" VPOS="2982" WIDTH="35"/>
						<String ID="P25_ST00489" HPOS="1106" VPOS="2946" WIDTH="76" HEIGHT="25" CONTENT="ans" WC="0.98" CC="050"/>
						<SP ID="P25_SP00452" HPOS="1182" VPOS="2982" WIDTH="29"/>
						<String ID="P25_ST00490" HPOS="1211" VPOS="2935" WIDTH="72" HEIGHT="48" CONTENT="qui" WC="0.98" CC="041"/>
						<SP ID="P25_SP00453" HPOS="1283" VPOS="2983" WIDTH="25"/>
						<String ID="P25_ST00491" HPOS="1308" VPOS="2931" WIDTH="199" HEIGHT="42" CONTENT="finissent" WC="0.98" CC="176200575"/>
						<SP ID="P25_SP00454" HPOS="1507" VPOS="2983" WIDTH="19"/>
						<String ID="P25_ST00492" HPOS="1526" VPOS="2945" WIDTH="9" HEIGHT="37" CONTENT=";" WC="0.27" CC="7"/>
						<SP ID="P25_SP00455" HPOS="1535" VPOS="2983" WIDTH="35"/>
						<String ID="P25_ST00493" HPOS="1570" VPOS="2948" WIDTH="82" HEIGHT="37" CONTENT="que" WC="0.98" CC="040"/>
						<SP ID="P25_SP00456" HPOS="1652" VPOS="2985" WIDTH="19"/>
						<String ID="P25_ST00494" HPOS="1671" VPOS="2935" WIDTH="190" HEIGHT="50" CONTENT="pendant" WC="0.99" CC="0060065"/>
						<SP ID="P25_SP00457" HPOS="1861" VPOS="2985" WIDTH="20"/>
						<String ID="P25_ST00495" HPOS="1881" VPOS="2935" WIDTH="38" HEIGHT="38" CONTENT="le" WC="0.69" CC="60"/>
						<SP ID="P25_SP00458" HPOS="1919" VPOS="2985" WIDTH="19"/>
						<String ID="P25_ST00496" HPOS="1938" VPOS="2948" WIDTH="82" HEIGHT="37" CONTENT="peu" WC="0.98" CC="005"/>
						<SP ID="P25_SP00459" HPOS="2020" VPOS="2985" WIDTH="21"/>
						<String ID="P25_ST00497" HPOS="2041" VPOS="2935" WIDTH="51" HEIGHT="38" CONTENT="de" WC="1.00" CC="00"/>
					</TextLine>
					<TextLine ID="P25_TL00038" HPOS="154" VPOS="2999" WIDTH="1940" HEIGHT="54">
						<String ID="P25_ST00498" HPOS="154" VPOS="3012" WIDTH="138" HEIGHT="41" CONTENT="temps" WC="1.00" CC="00000"/>
						<SP ID="P25_SP00460" HPOS="292" VPOS="3053" WIDTH="23"/>
						<String ID="P25_ST00499" HPOS="315" VPOS="3004" WIDTH="73" HEIGHT="48" CONTENT="qui" WC="1.00" CC="000"/>
						<SP ID="P25_SP00461" HPOS="388" VPOS="3053" WIDTH="20"/>
						<String ID="P25_ST00500" HPOS="408" VPOS="3015" WIDTH="69" HEIGHT="25" CONTENT="me" WC="1.00" CC="00"/>
						<SP ID="P25_SP00462" HPOS="477" VPOS="3053" WIDTH="18"/>
						<String ID="P25_ST00501" HPOS="495" VPOS="3009" WIDTH="127" HEIGHT="40" CONTENT="reste," WC="1.00" CC="000003"/>
						<SP ID="P25_SP00463" HPOS="622" VPOS="3053" WIDTH="22"/>
						<String ID="P25_ST00502" HPOS="644" VPOS="3001" WIDTH="37" HEIGHT="50" CONTENT="je" WC="1.00" CC="00"/>
						<SP ID="P25_SP00464" HPOS="681" VPOS="3053" WIDTH="20"/>
						<String ID="P25_ST00503" HPOS="701" VPOS="3002" WIDTH="147" HEIGHT="48" CONTENT="puisse" WC="1.00" CC="002000"/>
						<SP ID="P25_SP00465" HPOS="848" VPOS="3053" WIDTH="16"/>
						<String ID="P25_ST00504" HPOS="864" VPOS="2999" WIDTH="56" HEIGHT="38" CONTENT="du" WC="1.00" CC="00"/>
						<SP ID="P25_SP00466" HPOS="920" VPOS="3053" WIDTH="16"/>
						<String ID="P25_ST00505" HPOS="936" VPOS="3000" WIDTH="143" HEIGHT="37" CONTENT="moins" WC="0.98" CC="00262"/>
						<SP ID="P25_SP00467" HPOS="1079" VPOS="3053" WIDTH="16"/>
						<String ID="P25_ST00506" HPOS="1095" VPOS="3012" WIDTH="153" HEIGHT="25" CONTENT="encore" WC="1.00" CC="000000"/>
						<SP ID="P25_SP00468" HPOS="1248" VPOS="3053" WIDTH="15"/>
						<String ID="P25_ST00507" HPOS="1263" VPOS="3004" WIDTH="155" HEIGHT="44" CONTENT="goûter" WC="0.98" CC="904600"/>
						<SP ID="P25_SP00469" HPOS="1418" VPOS="3053" WIDTH="16"/>
						<String ID="P25_ST00508" HPOS="1434" VPOS="3001" WIDTH="51" HEIGHT="38" CONTENT="de" WC="1.00" CC="00"/>
						<SP ID="P25_SP00470" HPOS="1485" VPOS="3053" WIDTH="17"/>
						<String ID="P25_ST00509" HPOS="1502" VPOS="3009" WIDTH="140" HEIGHT="42" CONTENT="temps" WC="0.99" CC="60000"/>
						<SP ID="P25_SP00471" HPOS="1642" VPOS="3053" WIDTH="18"/>
						<String ID="P25_ST00510" HPOS="1660" VPOS="3014" WIDTH="52" HEIGHT="25" CONTENT="en" WC="1.00" CC="00"/>
						<SP ID="P25_SP00472" HPOS="1712" VPOS="3053" WIDTH="18"/>
						<String ID="P25_ST00511" HPOS="1730" VPOS="3009" WIDTH="139" HEIGHT="42" CONTENT="temps" WC="0.99" CC="50000"/>
						<SP ID="P25_SP00473" HPOS="1869" VPOS="3053" WIDTH="17"/>
						<String ID="P25_ST00512" HPOS="1886" VPOS="3001" WIDTH="38" HEIGHT="38" CONTENT="le" WC="0.48" CC="45"/>
						<SP ID="P25_SP00474" HPOS="1924" VPOS="3053" WIDTH="20"/>
						<String ID="P25_ST00513" HPOS="1944" VPOS="3001" WIDTH="150" HEIGHT="50" CONTENT="plaisir" WC="1.00" CC="0300004"/>
					</TextLine>
					<TextLine ID="P25_TL00039" HPOS="152" VPOS="3064" WIDTH="1941" HEIGHT="55">
						<String ID="P25_ST00514" HPOS="152" VPOS="3069" WIDTH="51" HEIGHT="38" CONTENT="de" WC="1.00" CC="00"/>
						<SP ID="P25_SP00475" HPOS="203" VPOS="3107" WIDTH="17"/>
						<String ID="P25_ST00515" HPOS="220" VPOS="3069" WIDTH="76" HEIGHT="38" CONTENT="lire" WC="0.98" CC="5200"/>
						<SP ID="P25_SP00476" HPOS="296" VPOS="3107" WIDTH="19"/>
						<String ID="P25_ST00516" HPOS="315" VPOS="3069" WIDTH="340" HEIGHT="50" CONTENT="quelques-unes" WC="1.00" CC="0406050036000"/>
						<SP ID="P25_SP00477" HPOS="655" VPOS="3119" WIDTH="23"/>
						<String ID="P25_ST00517" HPOS="678" VPOS="3067" WIDTH="51" HEIGHT="38" CONTENT="de" WC="1.00" CC="00"/>
						<SP ID="P25_SP00478" HPOS="729" VPOS="3119" WIDTH="23"/>
						<String ID="P25_ST00518" HPOS="752" VPOS="3076" WIDTH="62" HEIGHT="29" CONTENT="tes" WC="0.98" CC="400"/>
						<SP ID="P25_SP00479" HPOS="814" VPOS="3119" WIDTH="24"/>
						<String ID="P25_ST00519" HPOS="838" VPOS="3065" WIDTH="161" HEIGHT="38" CONTENT="lettres." WC="1.00" CC="30030000"/>
						<SP ID="P25_SP00480" HPOS="999" VPOS="3119" WIDTH="19"/>
						<String ID="P25_ST00520" HPOS="1018" VPOS="3064" WIDTH="238" HEIGHT="40" CONTENT="Parle-moi" WC="1.00" CC="000200000"/>
						<SP ID="P25_SP00481" HPOS="1256" VPOS="3119" WIDTH="23"/>
						<String ID="P25_ST00521" HPOS="1279" VPOS="3066" WIDTH="52" HEIGHT="38" CONTENT="de" WC="1.00" CC="00"/>
						<SP ID="P25_SP00482" HPOS="1331" VPOS="3119" WIDTH="23"/>
						<String ID="P25_ST00522" HPOS="1354" VPOS="3069" WIDTH="74" HEIGHT="43" CONTENT="toi," WC="0.98" CC="6010"/>
						<SP ID="P25_SP00483" HPOS="1428" VPOS="3119" WIDTH="27"/>
						<String ID="P25_ST00523" HPOS="1455" VPOS="3067" WIDTH="52" HEIGHT="38" CONTENT="de" WC="1.00" CC="00"/>
						<SP ID="P25_SP00484" HPOS="1507" VPOS="3119" WIDTH="19"/>
						<String ID="P25_ST00524" HPOS="1526" VPOS="3081" WIDTH="47" HEIGHT="24" CONTENT="ce" WC="0.92" CC="10"/>
						<SP ID="P25_SP00485" HPOS="1573" VPOS="3119" WIDTH="21"/>
						<String ID="P25_ST00525" HPOS="1594" VPOS="3069" WIDTH="71" HEIGHT="48" CONTENT="qui" WC="0.98" CC="040"/>
						<SP ID="P25_SP00486" HPOS="1665" VPOS="3119" WIDTH="22"/>
						<String ID="P25_ST00526" HPOS="1687" VPOS="3076" WIDTH="40" HEIGHT="31" CONTENT="te" WC="0.72" CC="50"/>
						<SP ID="P25_SP00487" HPOS="1727" VPOS="3119" WIDTH="18"/>
						<String ID="P25_ST00527" HPOS="1745" VPOS="3080" WIDTH="223" HEIGHT="34" CONTENT="concerne," WC="0.99" CC="106100603"/>
						<SP ID="P25_SP00488" HPOS="1968" VPOS="3119" WIDTH="23"/>
						<String ID="P25_ST00528" HPOS="1991" VPOS="3065" WIDTH="102" HEIGHT="41" CONTENT="c'est" WC="0.99" CC="03600"/>
					</TextLine>
					<TextLine ID="P25_TL00040" HPOS="154" VPOS="3129" WIDTH="1939" HEIGHT="55">
						<String ID="P25_ST00529" HPOS="154" VPOS="3133" WIDTH="97" HEIGHT="40" CONTENT="bien" WC="1.00" CC="0000"/>
						<SP ID="P25_SP00489" HPOS="251" VPOS="3173" WIDTH="23"/>
						<String ID="P25_ST00530" HPOS="274" VPOS="3135" WIDTH="38" HEIGHT="38" CONTENT="la" WC="0.79" CC="40"/>
						<SP ID="P25_SP00490" HPOS="312" VPOS="3173" WIDTH="17"/>
						<String ID="P25_ST00531" HPOS="329" VPOS="3135" WIDTH="119" HEIGHT="38" CONTENT="seule" WC="0.98" CC="10470"/>
						<SP ID="P25_SP00491" HPOS="448" VPOS="3173" WIDTH="15"/>
						<String ID="P25_ST00532" HPOS="463" VPOS="3135" WIDTH="131" HEIGHT="38" CONTENT="chose" WC="1.00" CC="03000"/>
						<SP ID="P25_SP00492" HPOS="594" VPOS="3173" WIDTH="20"/>
						<String ID="P25_ST00533" HPOS="614" VPOS="3135" WIDTH="72" HEIGHT="49" CONTENT="qui" WC="1.00" CC="001"/>
						<SP ID="P25_SP00493" HPOS="686" VPOS="3184" WIDTH="17"/>
						<String ID="P25_ST00534" HPOS="703" VPOS="3134" WIDTH="148" HEIGHT="49" CONTENT="puisse" WC="1.00" CC="002000"/>
						<SP ID="P25_SP00494" HPOS="851" VPOS="3184" WIDTH="16"/>
						<String ID="P25_ST00535" HPOS="867" VPOS="3129" WIDTH="305" HEIGHT="41" CONTENT="m'intéresser." WC="0.85" CC="3305000030003"/>
						<SP ID="P25_SP00495" HPOS="1172" VPOS="3184" WIDTH="22"/>
						<String ID="P25_ST00536" HPOS="1194" VPOS="3131" WIDTH="127" HEIGHT="40" CONTENT="Voilà" WC="0.99" CC="00440"/>
						<SP ID="P25_SP00496" HPOS="1321" VPOS="3184" WIDTH="34"/>
						<String ID="P25_ST00537" HPOS="1355" VPOS="3130" WIDTH="95" HEIGHT="41" CONTENT="l'été" WC="0.99" CC="54000"/>
						<SP ID="P25_SP00497" HPOS="1450" VPOS="3184" WIDTH="23"/>
						<String ID="P25_ST00538" HPOS="1473" VPOS="3135" WIDTH="72" HEIGHT="48" CONTENT="qui" WC="0.98" CC="005"/>
						<SP ID="P25_SP00498" HPOS="1545" VPOS="3184" WIDTH="32"/>
						<String ID="P25_ST00539" HPOS="1577" VPOS="3135" WIDTH="116" HEIGHT="37" CONTENT="vient" WC="0.98" CC="03066"/>
						<SP ID="P25_SP00499" HPOS="1693" VPOS="3184" WIDTH="23"/>
						<String ID="P25_ST00540" HPOS="1716" VPOS="3143" WIDTH="7" HEIGHT="36" CONTENT=";" WC="1.00" CC="0"/>
						<SP ID="P25_SP00500" HPOS="1723" VPOS="3184" WIDTH="24"/>
						<String ID="P25_ST00541" HPOS="1747" VPOS="3147" WIDTH="84" HEIGHT="37" CONTENT="que" WC="0.98" CC="050"/>
						<SP ID="P25_SP00501" HPOS="1831" VPOS="3184" WIDTH="34"/>
						<String ID="P25_ST00542" HPOS="1865" VPOS="3142" WIDTH="228" HEIGHT="41" CONTENT="penses-tu" WC="0.99" CC="005130370"/>
					</TextLine>
					<TextLine ID="P25_TL00041" HPOS="154" VPOS="3196" WIDTH="1940" HEIGHT="53">
						<String ID="P25_ST00543" HPOS="154" VPOS="3198" WIDTH="103" HEIGHT="41" CONTENT="faire" WC="0.99" CC="10300"/>
						<SP ID="P25_SP00502" HPOS="257" VPOS="3239" WIDTH="18"/>
						<String ID="P25_ST00544" HPOS="275" VPOS="3204" WIDTH="16" HEIGHT="35" CONTENT="?" WC="1.00" CC="9"/>
						<SP ID="P25_SP00503" HPOS="291" VPOS="3239" WIDTH="24"/>
						<String ID="P25_ST00545" HPOS="315" VPOS="3200" WIDTH="272" HEIGHT="40" CONTENT="Resteras-tu" WC="1.00" CC="50040003230"/>
						<SP ID="P25_SP00504" HPOS="587" VPOS="3240" WIDTH="25"/>
						<String ID="P25_ST00546" HPOS="612" VPOS="3204" WIDTH="21" HEIGHT="34" CONTENT="à" WC="1.00" CC="0"/>
						<SP ID="P25_SP00505" HPOS="633" VPOS="3240" WIDTH="17"/>
						<String ID="P25_ST00547" HPOS="650" VPOS="3199" WIDTH="125" HEIGHT="39" CONTENT="Paris" WC="0.99" CC="00035"/>
						<SP ID="P25_SP00506" HPOS="775" VPOS="3240" WIDTH="22"/>
						<String ID="P25_ST00548" HPOS="797" VPOS="3203" WIDTH="14" HEIGHT="34" CONTENT="?" WC="0.01" CC="9"/>
						<SP ID="P25_SP00507" HPOS="811" VPOS="3240" WIDTH="17"/>
						<String ID="P25_ST00549" HPOS="828" VPOS="3196" WIDTH="65" HEIGHT="41" CONTENT="Ne" WC="1.00" CC="00"/>
						<SP ID="P25_SP00508" HPOS="893" VPOS="3240" WIDTH="18"/>
						<String ID="P25_ST00550" HPOS="911" VPOS="3196" WIDTH="179" HEIGHT="40" CONTENT="feras-tu" WC="1.00" CC="00002050"/>
						<SP ID="P25_SP00509" HPOS="1090" VPOS="3240" WIDTH="20"/>
						<String ID="P25_ST00551" HPOS="1110" VPOS="3211" WIDTH="77" HEIGHT="37" CONTENT="pas" WC="1.00" CC="000"/>
						<SP ID="P25_SP00510" HPOS="1187" VPOS="3248" WIDTH="24"/>
						<String ID="P25_ST00552" HPOS="1211" VPOS="3199" WIDTH="186" HEIGHT="50" CONTENT="quelque" WC="1.00" CC="0004001"/>
						<SP ID="P25_SP00511" HPOS="1397" VPOS="3249" WIDTH="20"/>
						<String ID="P25_ST00553" HPOS="1417" VPOS="3201" WIDTH="224" HEIGHT="37" CONTENT="excursion" WC="0.99" CC="005020005"/>
						<SP ID="P25_SP00512" HPOS="1641" VPOS="3249" WIDTH="16"/>
						<String ID="P25_ST00554" HPOS="1657" VPOS="3203" WIDTH="15" HEIGHT="34" CONTENT="?" WC="0.26" CC="7"/>
						<SP ID="P25_SP00513" HPOS="1672" VPOS="3249" WIDTH="21"/>
						<String ID="P25_ST00555" HPOS="1693" VPOS="3197" WIDTH="131" HEIGHT="40" CONTENT="Enfin" WC="0.98" CC="00286"/>
						<SP ID="P25_SP00514" HPOS="1824" VPOS="3249" WIDTH="29"/>
						<String ID="P25_ST00556" HPOS="1853" VPOS="3201" WIDTH="241" HEIGHT="37" CONTENT="écris-nous" WC="1.00" CC="0000040062"/>
					</TextLine>
					<TextLine ID="P25_TL00042" HPOS="155" VPOS="3264" WIDTH="1940" HEIGHT="53">
						<String ID="P25_ST00557" HPOS="155" VPOS="3269" WIDTH="114" HEIGHT="36" CONTENT="aussi" WC="1.00" CC="00300"/>
						<SP ID="P25_SP00515" HPOS="269" VPOS="3305" WIDTH="22"/>
						<String ID="P25_ST00558" HPOS="291" VPOS="3281" WIDTH="51" HEIGHT="24" CONTENT="au" WC="1.00" CC="00"/>
						<SP ID="P25_SP00516" HPOS="342" VPOS="3305" WIDTH="17"/>
						<String ID="P25_ST00559" HPOS="359" VPOS="3267" WIDTH="104" HEIGHT="49" CONTENT="long" WC="0.96" CC="4229"/>
						<SP ID="P25_SP00517" HPOS="463" VPOS="3316" WIDTH="20"/>
						<String ID="P25_ST00560" HPOS="483" VPOS="3279" WIDTH="82" HEIGHT="38" CONTENT="que" WC="0.98" CC="050"/>
						<SP ID="P25_SP00518" HPOS="565" VPOS="3317" WIDTH="17"/>
						<String ID="P25_ST00561" HPOS="582" VPOS="3266" WIDTH="38" HEIGHT="39" CONTENT="le" WC="0.89" CC="20"/>
						<SP ID="P25_SP00519" HPOS="620" VPOS="3317" WIDTH="15"/>
						<String ID="P25_ST00562" HPOS="635" VPOS="3275" WIDTH="140" HEIGHT="41" CONTENT="temps" WC="0.98" CC="60007"/>
						<SP ID="P25_SP00520" HPOS="775" VPOS="3317" WIDTH="23"/>
						<String ID="P25_ST00563" HPOS="798" VPOS="3274" WIDTH="40" HEIGHT="30" CONTENT="te" WC="0.72" CC="50"/>
						<SP ID="P25_SP00521" HPOS="838" VPOS="3317" WIDTH="22"/>
						<String ID="P25_ST00564" HPOS="860" VPOS="3264" WIDTH="38" HEIGHT="39" CONTENT="le" WC="0.81" CC="30"/>
						<SP ID="P25_SP00522" HPOS="898" VPOS="3317" WIDTH="19"/>
						<String ID="P25_ST00565" HPOS="917" VPOS="3273" WIDTH="247" HEIGHT="41" CONTENT="permettra," WC="1.00" CC="0000004002"/>
						<SP ID="P25_SP00523" HPOS="1164" VPOS="3317" WIDTH="23"/>
						<String ID="P25_ST00566" HPOS="1187" VPOS="3278" WIDTH="102" HEIGHT="25" CONTENT="sans" WC="0.99" CC="0060"/>
						<SP ID="P25_SP00524" HPOS="1289" VPOS="3317" WIDTH="21"/>
						<String ID="P25_ST00567" HPOS="1310" VPOS="3266" WIDTH="242" HEIGHT="50" CONTENT="cependant" WC="1.00" CC="100000000"/>
						<SP ID="P25_SP00525" HPOS="1552" VPOS="3317" WIDTH="36"/>
						<String ID="P25_ST00568" HPOS="1588" VPOS="3265" WIDTH="183" HEIGHT="51" CONTENT="prendre" WC="1.00" CC="0000000"/>
						<SP ID="P25_SP00526" HPOS="1771" VPOS="3317" WIDTH="37"/>
						<String ID="P25_ST00569" HPOS="1808" VPOS="3279" WIDTH="72" HEIGHT="25" CONTENT="sur" WC="0.96" CC="046"/>
						<SP ID="P25_SP00527" HPOS="1880" VPOS="3317" WIDTH="31"/>
						<String ID="P25_ST00570" HPOS="1911" VPOS="3265" WIDTH="74" HEIGHT="40" CONTENT="des" WC="0.98" CC="060"/>
						<SP ID="P25_SP00528" HPOS="1985" VPOS="3317" WIDTH="20"/>
						<String ID="P25_ST00571" HPOS="2005" VPOS="3279" WIDTH="90" HEIGHT="26" CONTENT="mo-" WC="0.65" CC="054"/>
					</TextLine>
				</TextBlock>
				<TextBlock ID="P25_TB00006" HPOS="154" VPOS="3409" WIDTH="1940" HEIGHT="82" STYLEREFS="TXT_6 PAR_LEFT">
					<TextLine ID="P25_TL00043" HPOS="193" VPOS="3410" WIDTH="1901" HEIGHT="46">
						<String ID="P25_ST00572" HPOS="193" VPOS="3411" WIDTH="49" HEIGHT="41" CONTENT="(1)" WC="0.64" CC="460"/>
						<SP ID="P25_SP00529" HPOS="242" VPOS="3452" WIDTH="22"/>
						<String ID="P25_ST00573" HPOS="264" VPOS="3411" WIDTH="23" HEIGHT="31" CONTENT="Il" WC="0.53" CC="26"/>
						<SP ID="P25_SP00530" HPOS="287" VPOS="3452" WIDTH="20"/>
						<String ID="P25_ST00574" HPOS="307" VPOS="3419" WIDTH="49" HEIGHT="24" CONTENT="est" WC="0.98" CC="004"/>
						<SP ID="P25_SP00531" HPOS="356" VPOS="3452" WIDTH="23"/>
						<String ID="P25_ST00575" HPOS="379" VPOS="3410" WIDTH="59" HEIGHT="33" CONTENT="fait" WC="0.98" CC="0540"/>
						<SP ID="P25_SP00532" HPOS="438" VPOS="3452" WIDTH="26"/>
						<String ID="P25_ST00576" HPOS="464" VPOS="3411" WIDTH="151" HEIGHT="32" CONTENT="allusion" WC="0.99" CC="00530237"/>
						<SP ID="P25_SP00533" HPOS="615" VPOS="3452" WIDTH="17"/>
						<String ID="P25_ST00577" HPOS="632" VPOS="3411" WIDTH="43" HEIGHT="31" CONTENT="ici" WC="0.95" CC="382"/>
						<SP ID="P25_SP00534" HPOS="675" VPOS="3452" WIDTH="21"/>
						<String ID="P25_ST00578" HPOS="696" VPOS="3422" WIDTH="41" HEIGHT="20" CONTENT="au" WC="0.73" CC="05"/>
						<SP ID="P25_SP00535" HPOS="737" VPOS="3452" WIDTH="30"/>
						<String ID="P25_ST00579" HPOS="767" VPOS="3418" WIDTH="140" HEIGHT="24" CONTENT="concert" WC="0.98" CC="0663170"/>
						<SP ID="P25_SP00536" HPOS="907" VPOS="3452" WIDTH="25"/>
						<String ID="P25_ST00580" HPOS="932" VPOS="3410" WIDTH="115" HEIGHT="31" CONTENT="donné" WC="1.00" CC="00000"/>
						<SP ID="P25_SP00537" HPOS="1047" VPOS="3452" WIDTH="19"/>
						<String ID="P25_ST00581" HPOS="1066" VPOS="3421" WIDTH="61" HEIGHT="29" CONTENT="par" WC="0.97" CC="006"/>
						<SP ID="P25_SP00538" HPOS="1127" VPOS="3452" WIDTH="23"/>
						<String ID="P25_ST00582" HPOS="1150" VPOS="3410" WIDTH="138" HEIGHT="40" CONTENT="Chopin" WC="0.98" CC="652057"/>
						<SP ID="P25_SP00539" HPOS="1288" VPOS="3452" WIDTH="27"/>
						<String ID="P25_ST00583" HPOS="1315" VPOS="3411" WIDTH="85" HEIGHT="32" CONTENT="dans" WC="0.96" CC="6067"/>
						<SP ID="P25_SP00540" HPOS="1400" VPOS="3452" WIDTH="16"/>
						<String ID="P25_ST00584" HPOS="1416" VPOS="3415" WIDTH="31" HEIGHT="29" CONTENT="la" WC="0.69" CC="41"/>
						<SP ID="P25_SP00541" HPOS="1447" VPOS="3452" WIDTH="22"/>
						<String ID="P25_ST00585" HPOS="1469" VPOS="3415" WIDTH="84" HEIGHT="29" CONTENT="salle" WC="0.98" CC="00254"/>
						<SP ID="P25_SP00542" HPOS="1553" VPOS="3452" WIDTH="22"/>
						<String ID="P25_ST00586" HPOS="1575" VPOS="3414" WIDTH="133" HEIGHT="40" CONTENT="Pleyel," WC="0.63" CC="7403053"/>
						<SP ID="P25_SP00543" HPOS="1708" VPOS="3454" WIDTH="23"/>
						<String ID="P25_ST00587" HPOS="1731" VPOS="3416" WIDTH="31" HEIGHT="29" CONTENT="le" WC="0.86" CC="20"/>
						<SP ID="P25_SP00544" HPOS="1762" VPOS="3454" WIDTH="19"/>
						<String ID="P25_ST00588" HPOS="1781" VPOS="3424" WIDTH="38" HEIGHT="21" CONTENT="21" WC="0.35" CC="93"/>
						<SP ID="P25_SP00545" HPOS="1819" VPOS="3454" WIDTH="25"/>
						<String ID="P25_ST00589" HPOS="1844" VPOS="3414" WIDTH="125" HEIGHT="33" CONTENT="février" WC="0.99" CC="0550026"/>
						<SP ID="P25_SP00546" HPOS="1969" VPOS="3454" WIDTH="26"/>
						<String ID="P25_ST00590" HPOS="1995" VPOS="3415" WIDTH="99" HEIGHT="41" CONTENT="1842," WC="0.47" CC="45950"/>
					</TextLine>
					<TextLine ID="P25_TL00044" HPOS="154" VPOS="3458" WIDTH="1127" HEIGHT="33">
						<String ID="P25_ST00591" HPOS="154" VPOS="3469" WIDTH="79" HEIGHT="22" CONTENT="avec" WC="0.99" CC="4000"/>
						<SP ID="P25_SP00547" HPOS="233" VPOS="3491" WIDTH="22"/>
						<String ID="P25_ST00592" HPOS="255" VPOS="3463" WIDTH="31" HEIGHT="28" CONTENT="la" WC="0.77" CC="40"/>
						<SP ID="P25_SP00548" HPOS="286" VPOS="3491" WIDTH="22"/>
						<String ID="P25_ST00593" HPOS="308" VPOS="3461" WIDTH="255" HEIGHT="30" CONTENT="collaboration" WC="1.00" CC="3454004002050"/>
						<SP ID="P25_SP00549" HPOS="563" VPOS="3491" WIDTH="21"/>
						<String ID="P25_ST00594" HPOS="584" VPOS="3459" WIDTH="41" HEIGHT="31" CONTENT="de" WC="1.00" CC="00"/>
						<SP ID="P25_SP00550" HPOS="625" VPOS="3491" WIDTH="19"/>
						<String ID="P25_ST00595" HPOS="644" VPOS="3460" WIDTH="33" HEIGHT="30" CONTENT="M" WC="1.00" CC="0"/>
						<String ID="P25_ST00596" HPOS="682" VPOS="3464" WIDTH="35" HEIGHT="17" CONTENT="me" STYLE="superscript" WC="0.56" CC="44"/>
						<SP ID="P25_SP00551" HPOS="717" VPOS="3491" WIDTH="17"/>
						<String ID="P25_ST00597" HPOS="734" VPOS="3459" WIDTH="146" HEIGHT="32" CONTENT="Viardot" WC="0.65" CC="6136051"/>
						<SP ID="P25_SP00552" HPOS="880" VPOS="3491" WIDTH="19"/>
						<String ID="P25_ST00598" HPOS="899" VPOS="3466" WIDTH="31" HEIGHT="24" CONTENT="et" WC="0.77" CC="04"/>
						<SP ID="P25_SP00553" HPOS="930" VPOS="3491" WIDTH="24"/>
						<String ID="P25_ST00599" HPOS="954" VPOS="3458" WIDTH="41" HEIGHT="31" CONTENT="de" WC="1.00" CC="00"/>
						<SP ID="P25_SP00554" HPOS="995" VPOS="3491" WIDTH="19"/>
						<String ID="P25_ST00600" HPOS="1014" VPOS="3459" WIDTH="267" HEIGHT="32" CONTENT="Franchomme." WC="0.69" CC="80036053103"/>
					</TextLine>
				</TextBlock>
				<TextBlock ID="P25_TB00007" HPOS="283" VPOS="3519" WIDTH="113" HEIGHT="34" STYLEREFS="TXT_6 PAR_LEFT">
					<TextLine ID="P25_TL00045" HPOS="283" VPOS="3520" WIDTH="110" HEIGHT="31">
						<String ID="P25_ST00601" HPOS="283" VPOS="3521" WIDTH="39" HEIGHT="30" CONTENT="R." WC="0.50" CC="54"/>
						<SP ID="P25_SP00555" HPOS="322" VPOS="3551" WIDTH="26"/>
						<String ID="P25_ST00602" HPOS="348" VPOS="3520" WIDTH="45" HEIGHT="31" CONTENT="M." WC="0.79" CC="04"/>
						<SP ID="P25_SP00556" HPOS="393" VPOS="3551" WIDTH="0"/>
					</TextLine>
				</TextBlock>
				<TextBlock ID="P25_TB00008" HPOS="1906" VPOS="3527" WIDTH="38" HEIGHT="37" STYLEREFS="TXT_6 PAR_RIGHT">
					<TextLine ID="P25_TL00046" HPOS="1909" VPOS="3531" WIDTH="35" HEIGHT="33">
						<String ID="P25_ST00603" HPOS="1909" VPOS="3531" WIDTH="35" HEIGHT="33" CONTENT="15" WC="0.31" CC="85"/>
					</TextLine>
				</TextBlock>
				<TextBlock ID="P25_TB00009" HPOS="2011" VPOS="253" WIDTH="72" HEIGHT="36" STYLEREFS="TXT_4 PAR_RIGHT">
					<TextLine ID="P25_TL00047" HPOS="2011" VPOS="253" WIDTH="72" HEIGHT="35">
						<String ID="P25_ST00604" HPOS="2011" VPOS="253" WIDTH="72" HEIGHT="35" CONTENT="233" WC="0.41" CC="908"/>
					</TextLine>
				</TextBlock>
			</PrintSpace>
		</Page>
	</Layout>
</alto>
