2243 3797
168 256 130 56 234

776 273 243 27 SOUVENIRS
1054 265 170 33 INÉDITS
1259 273 53 25 DE
1344 272 160 26 CHOPIN

168 370 142 30 ments
328 363 70 49 qui
421 369 40 31 te
480 369 97 30 sont
593 360 97 51 plus
709 362 216 49 précieux.
953 359 127 39 Crois
1104 373 82 37 que
1203 372 112 26 nous
1337 372 54 25 ne
1414 357 285 41 t'oublierons
1722 373 76 36 pas
1824 371 9 36 ;
1855 369 39 29 ta
1918 366 131 43 mère,
2074 369 41 30 ta

169 428 148 38 tendre
339 433 131 39 mère,
492 426 165 49 malgré
675 426 38 38 la
733 425 204 41 faiblesse
957 427 52 38 de
1032 440 46 25 sa
1097 440 81 25 vue
1200 428 70 49 qui
1301 425 145 39 baisse
1478 430 86 34 très
1601 424 99 48 fort,
1739 425 133 39 t'écrit
1903 427 210 50 quelques

168 502 127 30 mots.
317 493 50 52 Je
384 501 12 30 t
415 492 223 40 embrasse
655 492 51 39 de
726 501 91 31 tout
839 507 102 25 mon
964 507 132 25 cœur.

1811 557 82 39 CH.

219 686 130 40 P.-S.
448 686 131 40 Ernst
603 696 62 30 est
683 701 112 26 venu
816 701 109 26 nous
948 690 94 37 voir
1060 696 39 31 et
1135 685 82 41 m'a
1246 692 165 46 envoyé
1433 701 58 25 un
1527 687 122 39 billet
1680 700 110 38 pour
1825 700 78 25 son
1926 697 184 30 concert.

968 860 129 41 (Lettre
1129 859 41 32 de
1191 859 139 42 Louise]

384 987 104 41 MON
523 1000 222 27 BIEN-AIME
778 988 22 38 F
814 992 205 43 RÉDÉRIC,

217 1097 34 39 C
271 1106 62 31 est
351 1097 273 51 aujourd'hui
647 1096 240 40 seulement
904 1108 82 38 que
1005 1108 109 26 nous
1130 1107 166 27 venons
1313 1103 39 31 te
1372 1094 223 40 souhaiter
1620 1108 84 26 une
1724 1094 145 40 bonne
1895 1094 83 40 fête
2000 1108 110 37 pour

163 1164 38 38 le
223 1178 11 24 lERI
245 1171 29 14 ER
296 1173 39 30 et
353 1164 37 38 le
412 1176 14 38 5
447 1177 116 25 mars
584 1162 51 51 ;I)
661 1178 8 32 ;
695 1176 110 25 nous
826 1161 257 39 n'écrivions
1103 1174 93 37 pas,
1221 1174 127 37 parce
1364 1173 83 38 que
1464 1174 110 25 nous
1597 1161 248 39 attendions
1867 1174 83 25 une
1967 1161 139 49 lettre,

162 1239 54 38 et,
240 1231 179 39 sachant
441 1243 81 37 que
555 1238 43 30 tu
622 1229 147 38 devais
793 1228 166 38 donner
991 1242 56 23 un
1080 1235 184 38 concert,
1286 1226 29 39 il
1339 1239 110 26 nous
1480 1226 202 39 semblait
1715 1240 82 37 que
1821 1235 44 31 tu
1895 1228 215 38 attendais

161 1310 109 37 pour
287 1309 110 26 nous
421 1309 51 25 en
492 1294 239 51 apprendre
755 1294 38 38 la
814 1294 198 45 réussite,
1031 1301 39 31 et
1092 1292 315 39 effectivement
1424 1290 140 42 c'était
1583 1294 125 38 ainsi.
1732 1291 137 41 Grâce
1887 1298 21 34 à
1924 1293 123 47 Dieu,
2068 1303 40 30 ta

160 1363 122 39 lettre
301 1371 64 30 est
387 1363 178 44 arrivée,
588 1375 71 25 car
673 1360 81 39 elle
770 1369 62 30 est
852 1364 85 35 très
962 1360 243 38 nécessaire
1222 1362 21 35 à
1261 1358 38 39 la
1320 1362 124 36 santé
1466 1367 39 31 et
1527 1373 52 25 au
1600 1372 126 37 repos
1745 1359 52 39 de
1813 1373 79 26 nos
1915 1369 190 41 parents.

156 1428 49 54 Je
226 1427 165 52 préfère
408 1428 39 38 la
470 1429 182 48 critique
671 1427 52 39 de
744 1427 39 38 la
817 1425 163 40 Gazette
1015 1427 49 37 de
1101 1424 174 40 France.
1294 1423 63 41 La
1379 1425 142 40 Revue
1541 1426 198 38 musicale
1771 1425 109 42 n'est
1912 1440 77 37 pas
2014 1431 20 34 à
2070 1428 37 38 la

157 1496 185 38 hauteur
358 1494 52 39 de
427 1507 45 26 sa
490 1496 181 48 critique
694 1494 52 39 de
765 1493 167 38 l'année
950 1493 210 38 dernière.
1187 1491 218 52 Toujours
1429 1492 113 41 Fritz
1565 1501 63 32 est
1649 1493 37 39 le
1710 1493 91 39 seul
1820 1492 130 52 qu'on
1972 1494 112 46 adrpi-

157 1575 91 25 rera
266 1562 97 50 plus
387 1560 51 40 de
454 1569 95 31 cent
566 1559 81 40 fois
664 1573 169 33 encore,
855 1567 39 32 et
915 1559 157 40 devant
1090 1558 141 51 lequel
1263 1571 55 26 on
1348 1557 247 42 s'extasiera
1631 1573 171 26 comme
1836 1573 55 26 on
1912 1560 52 39 l'a
1988 1559 76 40 fait
2086 1564 20 35 à

156 1641 158 38 propos
332 1627 51 39 de
396 1640 68 26 ses
478 1627 219 39 dernières
713 1627 315 50 compositions
1045 1627 89 49 qui,
1146 1638 170 26 comme
1332 1625 38 38 le
1389 1625 60 39 dit
1465 1622 366 54 Nowak[owski],
1853 1634 97 30 sont
1972 1634 112 31 extra-

156 1695 256 48 ordinaires,
444 1694 61 39 les
521 1693 96 51 plus
642 1693 133 39 belles
799 1693 163 38 d'entre
985 1692 60 39 les
1064 1691 150 40 belles.
1238 1691 30 38 Il
1285 1700 64 31 est
1372 1691 192 39 heureux
1584 1705 83 36 que
1687 1691 38 39 le
1744 1691 159 39 monde
1923 1692 181 39 musical

155 1762 83 37 soit
255 1759 186 40 satisfait
466 1774 8 32 ;
503 1773 54 26 on
578 1773 46 26 se
642 1761 155 50 réjouit
822 1762 21 35 à
866 1759 11 38 1
896 1759 94 38 idée
1014 1771 82 38 que
1112 1761 215 47 peut-être
1346 1771 58 25 un
1420 1757 97 51 jour
1535 1766 44 30 tu
1612 1766 39 31 te
1689 1757 113 40 feras
1822 1759 223 48 entendre,
2065 1767 38 31 et

154 1839 56 26 on
230 1823 235 42 s'informe.
488 1823 144 51 Qu'on
670 1825 187 45 attende,
889 1833 39 30 et
948 1837 54 26 on
1024 1839 26 36 y
1078 1823 273 51 parviendra,
1377 1825 86 44 oui,
1501 1836 101 26 sans
1633 1824 130 39 doute
1791 1837 170 26 comme
1997 1827 104 44 moi,

153 1893 108 37 dans
281 1905 70 25 ma
371 1895 158 47 pensée
553 1891 52 38 de
628 1899 39 31 te
683 1893 139 37 revoir
840 1905 59 24 un
921 1891 108 50 jour.
1055 1889 148 47 Merci,
1230 1902 103 26 mon
1353 1889 99 39 bien
1469 1889 131 50 chéri,
1622 1903 110 37 pour
1747 1887 281 54 Turofwska]
2044 1889 60 52 (2)

151 1967 39 30 et
209 1970 109 38 pour
339 1957 334 49 Wasi[lewski],
699 1966 97 30 tous
817 1957 108 38 deux
948 1964 97 31 sont
1074 1964 211 37 contents,
1308 1954 224 48 satisfaits,
1568 1958 114 37 ravis
1705 1967 8 37 ;
1752 1955 104 41 c'est
1880 1962 85 34 très
1985 1956 115 40 bien.

151 2024 194 50 Puisque
366 2022 253 52 Meyerbeer
643 2037 21 25 a
698 2025 101 37 écrit
821 2025 125 44 ainsi,
971 2023 38 51 je
1030 2035 53 26 ne
1115 2023 218 39 m'étonne
1361 2035 93 37 pas,
1485 2020 195 42 d'autant
1717 2022 97 51 plus
1835 2035 82 38 que
1941 2024 37 50 je
2018 2021 87 54 m'y

151 2091 178 38 connais
349 2103 82 37 peu
450 2098 38 31 et
513 2103 82 37 que
614 2089 137 52 j'étais
769 2089 95 51 plus
889 2090 95 46 liée,
1004 2091 127 47 grâce
1155 2093 21 34 à
1197 2090 73 38 toi.
1290 2088 61 39 Ta
1374 2087 229 41 définition
1634 2097 64 31 est
1721 2089 250 46 excellente,
1991 2091 110 37 mais

151 2159 35 36 si
202 2169 55 26 on
275 2155 195 40 travaille
488 2160 21 34 à
530 2155 38 39 la
591 2155 329 51 perfectionner,
947 2159 215 47 peut-être
1181 2168 52 26 en
1260 2154 300 40 résultera-t-il
1593 2154 190 51 quelque
1816 2155 130 39 chose
1985 2154 116 41 C'est

149 2236 84 26 une
266 2227 180 44 étrange
479 2224 244 49 prétention
756 2235 83 38 que
873 2222 51 39 de
956 2222 173 39 vouloir
1161 2220 163 50 figurer
1357 2225 20 35 à
1407 2221 39 39 la
1482 2220 120 51 place
1634 2222 51 38 de
1715 2220 365 41 Viardot-Garcia

148 2288 202 40 Malheur
370 2293 20 34 à
415 2289 11 38 1
445 2302 330 37 amour-propre
797 2292 7 36 !
829 2287 46 41 Si
899 2297 44 31 tu
962 2302 51 25 en
1032 2290 134 43 avais,
1188 2302 52 24 au
1258 2288 85 39 lieu
1366 2288 52 38 de
1453 2296 41 31 ta
1534 2288 168 48 dignité
1737 2288 293 50 personnelle,
2056 2298 43 30 tu

149 2368 52 25 ne
233 2356 135 37 serais
390 2368 77 36 pas
488 2368 46 25 ce
556 2368 84 37 que
664 2363 43 30 tu
731 2368 60 25 es.
817 2354 219 40 Continue
1059 2359 21 33 à
1097 2354 215 39 recueillir
1334 2354 38 39 la
1405 2354 218 46 célébrité,
1649 2352 177 42 l'amitié
1847 2363 40 31 et
1920 2355 181 39 l'estime

149 2421 55 38 du
222 2420 159 39 monde
399 2435 8 32 ;
427 2423 201 47 porte-toi
647 2420 114 45 bien,
781 2422 88 37 sois
892 2423 87 46 gai,
999 2420 190 39 heureux
1209 2431 7 36 ;
1240 2434 82 36 que
1353 2422 89 36 rien
1466 2421 155 50 jamais
1661 2434 52 25 ne
1746 2430 40 30 te
1823 2435 206 37 manque,
2061 2430 38 30 et

149 2488 244 38 aime-nous
412 2501 7 32 ;
442 2488 113 49 puis,
580 2498 109 38 pour
710 2486 215 39 satisfaire
960 2495 121 30 notre
1116 2486 100 39 cher
1242 2500 126 37 papa,
1393 2486 133 49 garde
1548 2500 80 24 une
1659 2486 118 54 poire
1804 2494 110 46 pour
1946 2488 40 38 la
2016 2486 90 51 soif

148 2553 209 51 (quoique
373 2566 46 26 ce
435 2566 53 26 ne
523 2554 82 38 soit
622 2566 77 37 pas
722 2561 92 31 tout
838 2557 20 34 à
882 2552 75 40 fait
976 2557 21 34 à
1021 2561 74 31 ton
1115 2551 124 52 goût)
1259 2563 7 24 :
1290 2552 79 40 tels
1392 2562 97 30 sont
1510 2566 79 26 nos
1621 2552 213 40 souhaits.
1853 2554 140 39 -—Tu
2014 2556 85 37 sais

147 2620 110 50 déjà,
280 2632 102 26 mon
401 2619 113 47 cher,
538 2619 98 51 quel
653 2619 181 50 chagrin
857 2632 110 26 nous
986 2632 149 26 avons.
1176 2618 67 40 Tu
1279 2632 52 26 ne
1371 2621 179 37 croirais
1587 2632 77 37 pas
1699 2619 201 39 combien
1931 2620 28 38 il
1988 2634 111 26 nous

184 2770 47 42 (1)
248 2771 47 31 La
318 2770 99 33 Saint
436 2770 160 33 Frédéric
617 2771 118 32 tombe
753 2773 31 30 le
810 2781 12 32 5
849 2782 90 21 mars
958 2782 6 27 ;
986 2773 21 30 il
1036 2774 130 30 résulte
1188 2772 90 32 clone
1301 2772 216 39 clairement,
1541 2784 64 29 par
1623 2776 48 28 les
1691 2780 90 25 mots
1810 2773 61 41 qui
1894 2774 202 39 précèdent,

141 2829 69 30 que
226 2822 30 28 la
276 2818 130 32 famille
421 2818 139 41 Chopin
586 2819 96 32 fêtait
699 2822 30 29 le
750 2830 10 20 i
770 2825 30 16 er
822 2831 92 20 mars
930 2831 63 20 son
1016 2821 239 32 anniversaire
1280 2821 42 31 de
1341 2822 196 31 naissance.
1561 2822 100 31 Nous
1684 2829 170 25 trouvons
1876 2830 89 25 cette
1988 2827 110 28 même

140 2867 79 31 date
236 2867 87 31 dans
346 2877 67 21 une
435 2870 99 28 lettre
568 2867 42 31 de
638 2870 30 29 la
703 2870 93 29 mère
817 2869 42 30 de
878 2868 139 40 Chopin
1040 2871 17 29 à
1083 2879 63 21 son
1186 2867 66 40 fils,
1277 2868 88 32 ainsi
1384 2879 69 30 que
1480 2880 59 20 sur
1560 2880 63 20 son
1643 2870 148 39 portrait
1814 2872 17 29 à
1851 2870 133 32 l'huile.
2016 2870 60 31 Lui-

140 2919 110 27 même
268 2915 212 32 considérait
502 2923 91 24 cette
619 2916 79 31 date
719 2926 135 21 comme
868 2917 182 38 véritable,
1068 2927 136 22 comme
1222 2928 44 21 on
1289 2920 31 29 le
1339 2917 73 32 voit
1435 2918 136 40 d'après
1588 2928 68 21 une
1678 2921 101 28 lettre
1799 2919 42 30 de
1860 2919 33 30 M
1899 2919 30 21 lle
1947 2918 151 41 Stirling

139 2963 86 31 ainsi
246 2973 68 30 que
335 2963 136 40 d'après
487 2974 68 20 une
570 2966 100 30 lettre
695 2964 42 31 de
758 2964 143 40 Chopin
923 2968 18 29 à
964 2968 31 29 la
1016 2965 139 32 Société
1177 2965 168 32 littéraire
1364 2966 184 39 polonaise
1567 2968 17 29 à
1601 2966 114 40 Paris,
1738 2966 144 40 publiée
1901 2978 63 28 par
1980 2966 99 33 Ladis-

137 3013 50 28 las
206 3010 215 32 Mickiewicz
436 3022 5 19 :
466 3021 15 21 ((
504 3010 191 33 Souvenirs
717 3013 161 38 polonais
901 3016 17 28 à
946 3013 99 32 Paris
1068 3025 30 25 »,
1132 3015 183 40 Tygodnik
1336 3015 226 40 ilustrowany
1568 3039 7 15 ,
1598 3021 37 24 n°
1658 3025 86 31 2191
1779 3015 71 41 (421
1871 3015 44 30 du
1945 3026 38 31 19
2005 3022 75 24 octo-

137 3058 60 32 bre
218 3069 146 31 i9oi,p.
387 3058 79 41 824.
506 3058 185 33 Comment
713 3060 165 31 accorder
896 3061 72 31 ceci
985 3072 81 21 avec
1092 3062 147 31 l'extrait
1263 3062 42 31 de
1327 3062 184 32 naissance
1532 3062 122 40 publié
1676 3074 63 28 par
1760 3063 114 32 l'abbé
1894 3063 200 39 Bielawski,

134 3108 83 30 curé
236 3107 42 31 de
299 3106 174 32 Brochow
489 3108 102 37 (Date
609 3108 41 30 de
673 3111 30 29 la
727 3109 182 31 naissance
929 3109 41 32 de
989 3110 162 32 Frédéric
1165 3109 141 41 Chopin
1323 3123 7 24 ;
1351 3111 93 30 Echo
1461 3121 185 32 muzyczne
1652 3137 6 14 ,
1680 3118 39 24 n°
1738 3111 69 41 486
1822 3111 45 44 (4)
1891 3111 45 31 du
1958 3122 37 20 21
2020 3112 57 40 jan-

133 3155 74 32 vier
230 3155 84 43 1893
334 3166 61 28 »P-
421 3165 15 20 2
443 3154 46 43 9)'
514 3155 169 38 donnant,
701 3166 134 22 comme
858 3158 79 31 date
959 3158 41 31 de
1023 3161 31 29 la
1077 3159 183 31 naissance
1283 3159 41 31 de
1341 3159 151 40 Chopin,
1517 3162 29 28 le
1570 3169 40 20 22
1632 3159 125 32 février
1776 3161 6 33 (
1797 3159 99 40 1810)
1912 3159 13 32 ?
1946 3161 89 31 C'est
2057 3170 37 21 ce

134 3214 67 29 que
224 3204 30 40 je
274 3213 42 21 ne
335 3203 79 40 puis
436 3203 195 40 expliquer.
654 3205 148 40 J'ajoute
826 3216 70 30 que
915 3206 55 40 j'ai
1004 3216 41 22 eu
1066 3207 190 31 l'occasion
1282 3207 42 31 de
1347 3218 53 20 me
1421 3207 193 40 persuader
1642 3218 64 29 par
1728 3207 201 33 moi-même
1959 3209 41 31 de
2016 3211 64 29 l'au-

132 3251 183 32 thenticité
331 3251 41 32 de
394 3259 53 24 cet
468 3251 124 32 extrait
615 3252 42 31 de
675 3253 194 32 naissance.
902 3255 47 30 Le
969 3257 132 29 lecteur
1116 3263 162 25 trouvera
1297 3258 17 28 à
1331 3258 31 29 la
1381 3255 45 31 fin
1457 3256 42 30 de
1529 3265 38 21 ce
1590 3255 85 31 livre
1698 3266 67 21 une
1790 3257 102 39 copie
1908 3265 118 23 exacte
2049 3257 42 30 du

131 3307 89 25 texte
242 3300 85 31 latin
349 3311 132 27 connu,
505 3300 88 32 ainsi
610 3310 69 31 que
701 3302 45 30 du
767 3309 90 24 texte
882 3303 174 39 polonais,
1077 3303 109 32 inédit
1204 3304 137 40 jusqu'à
1374 3305 151 39 présent,
1550 3311 31 24 et
1606 3304 62 40 qui
1691 3304 121 31 diffère
1831 3305 242 32 considérable-

133 3356 94 24 ment
260 3349 44 29 du
324 3349 203 39 précédent.

173 3397 44 41 (2)
238 3397 116 30 Lettre
387 3396 41 31 de
457 3396 138 40 Chopin
635 3400 17 29 à
689 3399 33 30 M
730 3397 30 23 lle
783 3398 191 40 Joséphine
996 3399 207 40 Turowska,
1223 3403 80 36 plus
1331 3399 76 32 tard
1429 3400 34 29 M
1471 3406 21 15 m
1496 3405 12 15 ®
1530 3399 225 39 Leskiewicz,
1776 3402 143 39 publiée
1948 3402 85 32 dans
2065 3404 29 27 le

127 3448 68 28 vol.
221 3452 33 24 n°
274 3445 23 38 1,
321 3456 33 29 p.
375 3445 75 40 108,
469 3445 44 31 du
529 3446 100 31 Livre
650 3448 38 29 de
706 3447 188 31 Souvenirs
917 3447 55 39 (de
992 3447 243 40 Mickiewicz),
1256 3458 85 30 paru
1375 3458 41 21 en
1461 3447 99 43 1898,
1586 3448 86 32 dans
1692 3449 159 32 l'édition
1885 3451 57 32 Br.
1964 3450 107 32 Natan-

128 3504 79 20 son.
233 3493 181 31 Varsovie.
