2243 3797
779 257 197 32 MUSIQUE
1009 258 50 26 ET
1092 259 138 27 DANSE
1261 260 54 26 AU
1350 259 140 27 GABON

2028 262 74 36 217

145 346 228 52 chevilles,
393 348 233 53 beaucoup
647 347 53 41 de
720 347 131 55 petits
872 348 177 41 colliers
1066 362 53 26 en
1136 349 165 40 cuivre.
1328 349 203 54 L'Akaya
1561 346 265 56 (principale
1850 347 252 53 danseuse),

145 413 41 40 la
207 414 223 57 cheffeuse
435 448 11 20 ,
479 427 174 29 comme
688 414 39 40 le
767 414 146 42 disent
952 415 35 41 si
1023 416 296 53 élégamment
1351 429 70 27 ces
1463 414 240 42 messieurs
1743 416 59 38 du
1843 414 175 52 Gabon,
2043 425 62 29 est

145 480 150 41 mieux
314 484 130 52 parée
461 492 40 31 et
525 482 239 55 maquillée
785 497 85 40 que
891 497 67 26 ses
975 495 287 41 compagnes.
1284 482 97 41 Elle
1401 493 127 44 porte
1547 483 38 40 le
1605 493 201 30 costume
1830 481 215 50 national,
2067 481 38 40 le

143 561 143 41 pagne
310 550 52 39 de
385 550 189 40 couleur
593 550 84 40 très
700 560 207 44 voyante,
928 564 135 39 rouge
1089 550 51 39 de
1164 550 268 53 préférence.
1474 550 76 40 Ses
1588 564 113 40 yeux
1734 560 100 31 sont
1856 549 164 41 cerclés
2052 549 52 39 de

144 615 131 41 blanc
299 626 40 30 et
362 617 52 40 de
447 630 139 40 rouge
610 627 40 30 et
670 617 41 40 la
733 616 140 54 figure
905 616 240 54 maquillée
1168 617 52 39 de
1253 618 162 39 même.
1440 617 207 54 L'Akaya
1665 627 63 30 est
1747 618 134 39 ornée
1902 617 52 40 de
1977 629 95 27 nom-

145 682 181 42 breuses
346 684 235 40 amulettes
604 694 40 30 et
681 694 125 43 porte
840 685 141 38 serrée
1004 697 85 27 aux
1127 683 199 41 hanches
1366 697 87 26 une
1476 697 113 40 peau
1622 685 52 39 de
1697 684 101 40 chat
1820 684 129 54 tigre,
1970 694 40 30 et
2043 697 60 27 un

144 750 107 52 petit
268 750 158 41 miroir
443 752 130 48 rond,
590 750 82 40 fixé
695 764 55 26 au
771 750 75 40 bas
870 750 75 40 des
966 750 132 40 reins.
1114 750 76 40 Ses
1214 752 99 38 bras
1334 760 100 30 sont
1449 750 268 54 enveloppés
1741 751 53 39 de
1818 750 283 49 mouchoirs,

144 827 40 30 et
207 817 82 40 elle
306 817 110 41 tient
432 818 22 40 à
477 818 41 40 la
541 817 122 41 main
680 830 87 27 une
784 830 140 28 canne
948 831 53 26 en
1022 817 154 53 ébène,
1202 816 160 56 qu'elle
1393 831 53 26 ne
1471 817 140 54 quitte
1631 817 173 54 jamais.

202 884 61 40 La
286 884 135 40 danse
445 898 53 26 ne
522 898 261 26 commence
817 884 100 54 qu'à
939 884 74 40 dix
1035 884 160 40 heures
1220 886 58 38 du
1300 884 106 41 soir.
1430 885 66 39 De
1517 884 211 40 l'endroit
1750 884 59 40 où
1828 884 63 40 les
1917 884 187 40 femmes

143 964 43 27 se
209 961 101 29 sont
330 952 153 52 parées
500 951 22 40 à
543 951 357 54 l'emplacement
924 951 143 41 choisi
1093 965 115 41 pour
1243 952 40 40 la
1316 952 151 49 danse,
1507 951 105 40 elles
1645 951 232 41 marchent
1912 951 22 40 à
1970 951 41 41 la
2035 951 70 40 file

143 1017 229 50 indienne,
399 1032 53 26 en
472 1018 214 40 chantant
708 1018 62 40 les
791 1018 216 54 louanges
1029 1019 52 39 de
1101 1018 201 55 l'Akaya,
1341 1018 75 54 qui
1453 1018 87 40 suit
1576 1018 208 52 derrière,
1808 1018 161 40 cachée
2001 1032 104 26 sous

142 1084 76 41 des
238 1098 181 40 pagnes.
440 1087 70 38 Au
531 1096 202 30 moment
753 1086 59 40 où
832 1086 90 40 l'on
945 1085 155 41 atteint
1119 1085 210 41 l'endroit
1353 1086 51 39 de
1427 1086 40 40 la
1496 1086 152 50 danse,
1682 1085 185 55 l'Akaya
1910 1096 195 29 entonne

143 1165 61 27 un
225 1152 134 40 chant
383 1166 85 40 que
490 1152 63 40 les
570 1163 147 30 autres
735 1153 185 40 femmes
942 1163 271 44 reprennent
1232 1166 50 28 en
1308 1153 173 40 chœur.
1508 1152 36 41 Il
1566 1163 64 30 est
1653 1152 62 40 dit
1738 1153 110 40 dans
1869 1166 46 26 ce
1938 1152 134 40 chant
2094 1165 7 27 :

144 1232 20 26 a
199 1218 295 42 Laissez-moi
511 1234 164 40 passer,
702 1234 84 40 que
810 1220 38 54 je
872 1234 69 26 me
964 1222 113 39 fasse
1097 1220 114 50 voir,
1230 1220 87 40 afin
1355 1219 209 41 d'exciter
1601 1219 160 41 l'envie
1797 1220 51 39 de
1886 1233 110 26 ceux
2028 1220 76 52 qui

143 1298 69 27 me
233 1286 250 53 regardent.
510 1303 16 20 »
552 1286 123 50 Puis,
700 1287 62 40 les
785 1287 184 41 femmes
987 1289 197 39 forment
1214 1288 115 39 deux
1364 1300 194 41 groupes
1591 1296 163 32 autour
1789 1287 74 39 des
1895 1286 176 40 torches
2094 1299 9 37 ;

141 1352 188 54 l'Akaya
352 1366 44 26 se
413 1353 110 41 tient
545 1368 55 26 au
624 1354 172 41 milieu.
824 1356 62 39 La
917 1355 136 40 danse
1092 1368 261 27 commence
1388 1354 133 41 alors.
1563 1354 118 40 C'est
1703 1354 183 54 l'Akaya
1910 1352 91 55 qui,
2026 1367 79 39 par

142 1432 67 27 ses
233 1419 302 53 contorsions,
560 1420 79 41 fait
656 1420 61 41 les
738 1421 104 40 frais
874 1422 52 39 de
950 1421 38 41 la
1014 1421 155 41 soirée.
1199 1422 79 39 Les
1309 1432 146 30 autres
1493 1421 203 51 femmes,
1735 1434 54 27 au
1813 1434 82 26 son
1915 1421 59 39 du
1998 1430 81 30 tam-

142 1496 107 40 tam,
271 1497 270 43 reprennent
562 1488 204 54 toujours
786 1502 53 27 en
863 1489 157 40 chœur
1042 1489 61 39 les
1125 1489 156 40 chants
1302 1489 160 53 qu'elle
1483 1502 22 27 a
1545 1490 299 39 commencés.
1874 1488 61 40 La
1968 1488 134 39 danse

143 1554 109 40 dure
275 1553 207 54 jusqu'au
504 1554 155 41 matin.

937 1700 86 37 Air
1045 1698 52 40 de
1160 1698 172 53 l'Ivanga

201 2082 59 39 Le
287 2081 253 50 M'Boouri,
562 2081 256 54 l'ologo,le
843 2081 232 51 M'Kinda,
1102 2090 101 31 sont
1225 2080 63 40 les
1311 2081 159 39 danses
1495 2079 307 55 qu'exécutent
1831 2079 62 40 les
1916 2079 186 40 femmes

139 2149 105 40 d'un
268 2147 167 42 certain
459 2149 93 52 âge,
574 2162 116 41 pour
720 2148 209 54 conjurer
955 2148 61 40 les
1040 2147 230 50 maladies,
1296 2157 40 30 et
1360 2157 176 30 surtout
1554 2160 116 41 pour
1707 2146 106 40 faire
1837 2148 157 52 opérer
2015 2160 86 26 une

139 2215 230 54 guérison.
397 2215 114 40 Sous
534 2229 60 26 un
614 2215 108 54 petit
764 2215 169 54 hangar
967 2215 51 40 de
1058 2215 174 40 feuilles
1270 2215 52 39 de
1357 2213 202 54 palmier,
1586 2227 44 26 se
1662 2213 111 40 tient
1809 2227 87 26 une
1936 2213 165 40 femme

141 2282 216 41 simulant
376 2282 40 40 la
439 2282 189 41 maladie
648 2295 85 40 que
756 2281 90 41 l'on
866 2292 103 30 veut
992 2281 163 54 guérir,
1201 2282 60 40 La
1291 2282 217 39 danseuse
1529 2280 196 54 invoque
1750 2281 148 50 Satan,
1924 2279 78 41 fait
2025 2280 75 39 des

141 2349 242 54 simagrées
408 2363 102 26 sans
530 2349 189 40 nombre
743 2363 103 26 avec
871 2350 75 39 des
966 2349 165 50 sabres,
1152 2349 75 40 des
1257 2361 240 28 morceaux
1519 2349 52 39 de
1604 2347 113 49 bois,
1756 2348 74 39 des
1865 2346 237 41 bouteilles

141 2427 40 30 et
198 2416 191 41 d'autres
406 2416 159 53 objets.
602 2417 72 40 On
695 2416 94 41 boit
810 2427 177 30 surtout
1009 2417 233 53 beaucoup
1268 2415 242 54 d'alougou
1531 2414 118 54 (tafia
1670 2415 51 39 de
1741 2414 160 53 traite).
1929 2417 38 37 A
1987 2414 113 40 deux

140 2483 159 40 heures
317 2483 58 40 du
400 2483 155 50 matin,
577 2493 146 30 toutes
737 2483 62 40 les
824 2483 186 41 femmes
1034 2493 102 30 sont
1159 2483 132 40 ivres.

196 2549 258 54 L'Abandja
489 2563 23 27 a
549 2549 88 42 lieu
666 2564 115 40 pour
813 2551 194 39 célébrer
1041 2550 41 41 la
1129 2549 232 41 naissance
1397 2549 105 40 d'un
1538 2548 166 41 enfant.
1733 2549 83 40 Les
1859 2548 241 39 danseuses

138 2626 194 45 peuvent
355 2616 93 41 dire
471 2617 74 40 des
567 2617 176 40 sottises
760 2617 22 40 à
806 2617 238 54 n'importe
1069 2616 92 54 qui,
1199 2617 22 39 à
1260 2615 235 41 condition
1531 2614 183 53 qu'elles
1744 2614 165 41 n'aient
1947 2628 77 40 pas
2048 2615 50 38 de

139 2693 180 44 parents
338 2684 110 40 dans
471 2684 290 40 l'assemblée.

195 2751 124 39 Dans
341 2749 306 50 rOkoukoué,
664 2750 30 39 il
714 2749 126 54 s'agit
860 2751 51 39 de
936 2749 106 41 faire
1058 2763 112 40 peur
1189 2763 85 26 aux
1295 2747 187 41 femmes
1506 2761 52 27 en
1577 2749 196 38 revêtant
1788 2747 62 40 les
1874 2758 225 30 costumes

140 2817 63 40 les
221 2817 103 53 plus
347 2817 217 52 étranges.

198 2883 60 40 Le
281 2883 222 39 M'Jembé
524 2895 22 27 a
561 2881 90 40 lieu
676 2882 150 53 quand
847 2895 57 26 on
930 2881 239 40 recherche
1190 2895 61 26 un
1274 2881 156 40 voleur
1462 2894 57 27 ou
1540 2893 61 27 un
1622 2880 367 54 empoisonneur.
2017 2881 82 40 Les

141 2950 186 39 femmes
352 2958 101 31 sont
470 2961 125 28 nues.
622 2949 123 38 Dans
769 2961 70 26 ces
862 2958 141 30 sortes
1027 2949 51 39 de
1101 2948 159 40 danses
1281 2947 31 40 il
1336 2947 71 54 n'y
1439 2961 23 27 a
1484 2960 191 41 presque
1699 2960 77 40 pas
1796 2947 53 40 de
1873 2947 224 54 musique.

142 3016 120 41 C'est
277 3015 39 41 le
334 3015 174 56 rythme
529 3016 58 39 du
611 3025 207 30 tam-tam
836 3014 76 53 qui
930 3015 187 40 conduit
1131 3015 62 40 les
1214 3015 230 40 danseurs.
1475 3014 35 41 Il
1533 3013 168 41 semble
1724 3027 85 41 que
1825 3015 91 39 l'on
1940 3014 159 42 chante

146 3097 48 27 ce
218 3097 85 40 que
325 3083 91 40 l'on
435 3093 118 39 veut,
576 3095 75 27 sur
671 3081 237 54 n'importe
929 3082 102 53 quel
1054 3082 78 41 air.

198 3151 59 39 Le
278 3149 218 42 M'Bouiti
519 3159 63 30 est
605 3163 86 26 une
720 3149 136 40 danse
877 3151 200 38 exécutée
1098 3163 77 40 par
1201 3150 76 39 des
1297 3150 206 40 hommes
1538 3151 125 38 vêtus
1685 3147 106 42 d'un
1827 3147 182 53 caleçon
2042 3150 52 39 de

140 3217 149 54 paille.
313 3217 98 40 Elle
432 3231 22 26 a
473 3217 89 40 lieu
587 3230 105 27 sous
709 3229 60 27 un
793 3215 184 54 hangar.
1006 3217 80 39 Les
1107 3217 215 40 danseurs
1355 3217 96 40 font
1472 3217 76 40 des
1576 3215 287 41 contorsions
1896 3226 175 31 extrava-

141 3294 153 44 gantes
317 3295 40 29 et
379 3285 75 39 des
475 3294 120 30 sauts
624 3283 219 54 périlleux
872 3293 160 30 autour
1070 3285 105 38 d'un
1214 3284 184 41 brasier.
1441 3284 118 41 C'est
1594 3297 86 26 une
1714 3283 135 39 danse
1891 3295 206 42 sauvage,

139 3365 190 40 presque
353 3350 276 55 diabolique.
664 3351 122 40 Tout
804 3350 39 40 le
863 3360 143 44 temps
1029 3350 159 54 qu'elle
1206 3352 124 49 dure,
1364 3351 62 40 les
1454 3360 288 45 spectateurs,
1773 3352 325 52 accompagnés

144 3419 59 38 du
223 3427 220 40 tam-tam,
463 3417 210 41 chantent
696 3419 75 39 des
792 3417 86 40 airs
908 3417 75 53 qui
1004 3419 125 39 n'ont
1148 3419 94 39 rien
1263 3417 359 42 d'harmonieux.

194 3485 149 43 Telles
366 3495 101 30 sont
483 3485 60 40 les
560 3485 272 57 principales
849 3485 157 40 danses
1027 3486 59 39 du
1112 3486 176 54 Congo.
1302 3485 192 41 Comme
1517 3498 59 27 on
1597 3485 38 40 le
1654 3485 108 51 voit,
1785 3485 61 40 les
1865 3484 231 54 indigènes
