<?xml version="1.0" encoding="UTF-8"?>
<alto xmlns:xsi="http://www.w3.org/2001/XMLSchema-instance" xmlns="http://www.loc.gov/standards/alto/ns-v2#" xsi:schemaLocation="http://www.loc.gov/standards/alto/ns-v2# http://www.loc.gov/standards/alto/alto-v2.0.xsd" xmlns:xlink="http://www.w3.org/1999/xlink">
	<Description>
		<MeasurementUnit>mm10</MeasurementUnit>
		<sourceImageInformation>
			<fileName>//fileserver7/IN2-2/Princeton/bmtnabj/1904/02/01_01/00000119.tif</fileName>
		</sourceImageInformation>
		<OCRProcessing ID="OCRPROCESSING_1">
			<preProcessingStep>
				<processingSoftware>
					<softwareCreator>CCS Content Conversion Specialists GmbH, Germany</softwareCreator>
					<softwareName>CCS docWorks</softwareName>
					<softwareVersion>6.7-1.20</softwareVersion>
				</processingSoftware>
			</preProcessingStep>
			<ocrProcessingStep>
				<processingSoftware>
					<softwareCreator>ABBYY (BIT Software), Russia</softwareCreator>
					<softwareName>FineReader</softwareName>
					<softwareVersion>10.0</softwareVersion>
				</processingSoftware>
			</ocrProcessingStep>
		</OCRProcessing>
	</Description>
	<Styles>
		<TextStyle ID="TXT_0" FONTSIZE="13" FONTFAMILY="Times New Roman"/>
		<TextStyle ID="TXT_1" FONTSIZE="15" FONTFAMILY="Times New Roman"/>
		<TextStyle ID="TXT_2" FONTSIZE="15" FONTFAMILY="Times New Roman" FONTSTYLE="italics"/>
		<TextStyle ID="TXT_3" FONTSIZE="12" FONTFAMILY="Times New Roman"/>
		<TextStyle ID="TXT_4" FONTSIZE="21" FONTFAMILY="Times New Roman"/>
		<TextStyle ID="TXT_5" FONTSIZE="18" FONTFAMILY="Times New Roman" FONTSTYLE="bold"/>
		<TextStyle ID="TXT_6" FONTSIZE="12" FONTFAMILY="Times New Roman"/>
		<TextStyle ID="TXT_7" FONTSIZE="12" FONTFAMILY="Times New Roman" FONTSTYLE="italics"/>
		<ParagraphStyle ID="PAR_CENTER" ALIGN="Center"/>
		<ParagraphStyle ID="PAR_RIGHT" ALIGN="Right"/>
		<ParagraphStyle ID="PAR_BLOCK" ALIGN="Block"/>
		<ParagraphStyle ID="PAR_LEFT" ALIGN="Left"/>
	</Styles>
	<Layout>
		<Page ID="P31" PHYSICAL_IMG_NR="31" HEIGHT="3660" WIDTH="2268" PRINTED_IMG_NR="103" PC="0.917">
			<TopMargin ID="P31_TM00001" HPOS="0" VPOS="0" WIDTH="2268" HEIGHT="178">
				<TextBlock ID="P31_TB00001" HPOS="613" VPOS="128" WIDTH="1088" HEIGHT="45" STYLEREFS="TXT_0 PAR_CENTER">
					<TextLine ID="P31_TL00001" HPOS="615" VPOS="130" WIDTH="1086" HEIGHT="43">
						<String ID="P31_ST00001" HPOS="615" VPOS="146" WIDTH="246" HEIGHT="27" CONTENT="EXERCICES" WC="1.00" CC="730000000"/>
						<SP ID="P31_SP00001" HPOS="861" VPOS="173" WIDTH="34"/>
						<String ID="P31_ST00002" HPOS="895" VPOS="130" WIDTH="281" HEIGHT="42" CONTENT="D'HARMONIE" WC="0.99" CC="4483160030"/>
						<SP ID="P31_SP00002" HPOS="1176" VPOS="173" WIDTH="33"/>
						<String ID="P31_ST00003" HPOS="1209" VPOS="144" WIDTH="52" HEIGHT="25" CONTENT="ET" WC="0.81" CC="03"/>
						<SP ID="P31_SP00003" HPOS="1261" VPOS="173" WIDTH="34"/>
						<String ID="P31_ST00004" HPOS="1295" VPOS="142" WIDTH="56" HEIGHT="27" CONTENT="DE" WC="1.00" CC="00"/>
						<SP ID="P31_SP00004" HPOS="1351" VPOS="173" WIDTH="37"/>
						<String ID="P31_ST00005" HPOS="1388" VPOS="139" WIDTH="313" HEIGHT="29" CONTENT="CONTREPOINT" WC="1.00" CC="00310020110"/>
					</TextLine>
				</TextBlock>
				<TextBlock ID="P31_TB00002" HPOS="2080" VPOS="138" WIDTH="72" HEIGHT="38" STYLEREFS="TXT_1 PAR_RIGHT">
					<TextLine ID="P31_TL00002" HPOS="2082" VPOS="139" WIDTH="70" HEIGHT="37">
						<String ID="P31_ST00006" HPOS="2082" VPOS="139" WIDTH="70" HEIGHT="37" CONTENT="103" WC="0.60" CC="307"/>
					</TextLine>
				</TextBlock>
			</TopMargin>
			<LeftMargin ID="P31_LM00001" HPOS="0" VPOS="178" WIDTH="109" HEIGHT="3352"/>
			<RightMargin ID="P31_RM00001" HPOS="2175" VPOS="178" WIDTH="93" HEIGHT="3352"/>
			<BottomMargin ID="P31_BM00001" HPOS="0" VPOS="3530" WIDTH="2268" HEIGHT="130"/>
			<PrintSpace ID="P31_PS00001" HPOS="109" VPOS="178" WIDTH="2066" HEIGHT="3352">
				<TextBlock ID="P31_TB00003" HPOS="109" VPOS="230" WIDTH="2051" HEIGHT="693" STYLEREFS="TXT_1 PAR_BLOCK">
					<TextLine ID="P31_TL00003" HPOS="250" VPOS="231" WIDTH="1907" HEIGHT="61">
						<String ID="P31_ST00007" HPOS="250" VPOS="242" WIDTH="70" HEIGHT="42" CONTENT="Au" WC="0.87" CC="02"/>
						<SP ID="P31_SP00005" HPOS="320" VPOS="284" WIDTH="22"/>
						<String ID="P31_ST00008" HPOS="342" VPOS="242" WIDTH="156" HEIGHT="41" CONTENT="Cercle" WC="0.99" CC="200040"/>
						<SP ID="P31_SP00006" HPOS="498" VPOS="284" WIDTH="14"/>
						<String ID="P31_ST00009" HPOS="512" VPOS="240" WIDTH="259" HEIGHT="52" CONTENT="catholique" WC="1.00" CC="1040024000"/>
						<SP ID="P31_SP00007" HPOS="771" VPOS="292" WIDTH="23"/>
						<String ID="P31_ST00010" HPOS="794" VPOS="239" WIDTH="60" HEIGHT="40" CONTENT="du" WC="1.00" CC="00"/>
						<SP ID="P31_SP00008" HPOS="854" VPOS="292" WIDTH="17"/>
						<String ID="P31_ST00011" HPOS="871" VPOS="237" WIDTH="343" HEIGHT="51" CONTENT="Luxembourg," WC="1.00" CC="30000500004"/>
						<SP ID="P31_SP00009" HPOS="1214" VPOS="292" WIDTH="21"/>
						<String ID="P31_ST00012" HPOS="1235" VPOS="235" WIDTH="64" HEIGHT="41" CONTENT="M." WC="0.81" CC="03"/>
						<SP ID="P31_SP00010" HPOS="1299" VPOS="292" WIDTH="18"/>
						<String ID="P31_ST00013" HPOS="1317" VPOS="234" WIDTH="52" HEIGHT="41" CONTENT="A." WC="0.81" CC="03"/>
						<SP ID="P31_SP00011" HPOS="1369" VPOS="292" WIDTH="22"/>
						<String ID="P31_ST00014" HPOS="1391" VPOS="235" WIDTH="129" HEIGHT="40" CONTENT="Pirro" WC="0.93" CC="03000"/>
						<SP ID="P31_SP00012" HPOS="1520" VPOS="292" WIDTH="25"/>
						<String ID="P31_ST00015" HPOS="1545" VPOS="231" WIDTH="167" HEIGHT="47" CONTENT="faisait," WC="1.00" CC="00104003"/>
						<SP ID="P31_SP00013" HPOS="1712" VPOS="292" WIDTH="24"/>
						<String ID="P31_ST00016" HPOS="1736" VPOS="231" WIDTH="39" HEIGHT="40" CONTENT="le" WC="0.69" CC="23"/>
						<SP ID="P31_SP00014" HPOS="1775" VPOS="292" WIDTH="23"/>
						<String ID="P31_ST00017" HPOS="1798" VPOS="245" WIDTH="49" HEIGHT="25" CONTENT="22" WC="0.75" CC="13"/>
						<SP ID="P31_SP00015" HPOS="1847" VPOS="292" WIDTH="20"/>
						<String ID="P31_ST00018" HPOS="1867" VPOS="231" WIDTH="184" HEIGHT="52" CONTENT="janvier," WC="1.00" CC="00400004"/>
						<SP ID="P31_SP00016" HPOS="2051" VPOS="292" WIDTH="19"/>
						<String ID="P31_ST00019" HPOS="2070" VPOS="246" WIDTH="87" HEIGHT="26" CONTENT="une" WC="0.96" CC="703"/>
					</TextLine>
					<TextLine ID="P31_TL00004" HPOS="113" VPOS="300" WIDTH="2046" HEIGHT="65">
						<String ID="P31_ST00020" HPOS="113" VPOS="312" WIDTH="269" HEIGHT="43" CONTENT="conférence" WC="1.00" CC="7000700000"/>
						<SP ID="P31_SP00017" HPOS="382" VPOS="355" WIDTH="24"/>
						<String ID="P31_ST00021" HPOS="406" VPOS="325" WIDTH="76" HEIGHT="26" CONTENT="sur" WC="0.98" CC="040"/>
						<SP ID="P31_SP00018" HPOS="482" VPOS="355" WIDTH="21"/>
						<String ID="P31_ST00022" HPOS="503" VPOS="308" WIDTH="120" HEIGHT="57" CONTENT="J.-S." WC="0.86" CC="03300"/>
						<SP ID="P31_SP00019" HPOS="623" VPOS="365" WIDTH="24"/>
						<String ID="P31_ST00023" HPOS="647" VPOS="308" WIDTH="122" HEIGHT="41" CONTENT="Bach" WC="1.00" CC="0020"/>
						<SP ID="P31_SP00020" HPOS="769" VPOS="365" WIDTH="26"/>
						<String ID="P31_ST00024" HPOS="795" VPOS="309" WIDTH="77" HEIGHT="51" CONTENT="qui" WC="0.99" CC="003"/>
						<SP ID="P31_SP00021" HPOS="872" VPOS="365" WIDTH="22"/>
						<String ID="P31_ST00025" HPOS="894" VPOS="308" WIDTH="231" HEIGHT="49" CONTENT="témoigne" WC="1.00" CC="50001030"/>
						<SP ID="P31_SP00022" HPOS="1125" VPOS="365" WIDTH="24"/>
						<String ID="P31_ST00026" HPOS="1149" VPOS="306" WIDTH="107" HEIGHT="40" CONTENT="d'un" WC="0.99" CC="0400"/>
						<SP ID="P31_SP00023" HPOS="1256" VPOS="365" WIDTH="34"/>
						<String ID="P31_ST00027" HPOS="1290" VPOS="310" WIDTH="110" HEIGHT="47" CONTENT="goût" WC="0.99" CC="0050"/>
						<SP ID="P31_SP00024" HPOS="1400" VPOS="365" WIDTH="24"/>
						<String ID="P31_ST00028" HPOS="1424" VPOS="303" WIDTH="87" HEIGHT="41" CONTENT="fort" WC="1.00" CC="0000"/>
						<SP ID="P31_SP00025" HPOS="1511" VPOS="365" WIDTH="24"/>
						<String ID="P31_ST00029" HPOS="1535" VPOS="302" WIDTH="165" HEIGHT="41" CONTENT="délicat" WC="1.00" CC="0060000"/>
						<SP ID="P31_SP00026" HPOS="1700" VPOS="365" WIDTH="22"/>
						<String ID="P31_ST00030" HPOS="1722" VPOS="309" WIDTH="42" HEIGHT="32" CONTENT="et" WC="0.72" CC="05"/>
						<SP ID="P31_SP00027" HPOS="1764" VPOS="365" WIDTH="16"/>
						<String ID="P31_ST00031" HPOS="1780" VPOS="300" WIDTH="134" HEIGHT="40" CONTENT="d'une" WC="0.99" CC="00301"/>
						<SP ID="P31_SP00028" HPOS="1914" VPOS="365" WIDTH="38"/>
						<String ID="P31_ST00032" HPOS="1952" VPOS="301" WIDTH="182" HEIGHT="40" CONTENT="connais" SUBS_TYPE="HypPart1" SUBS_CONTENT="connaissance" WC="0.99" CC="0400040"/>
						<HYP HPOS="2134" VPOS="301" WIDTH="25" CONTENT="-"/>
					</TextLine>
					<TextLine ID="P31_TL00005" HPOS="114" VPOS="367" WIDTH="2036" HEIGHT="66">
						<String ID="P31_ST00033" HPOS="114" VPOS="396" WIDTH="136" HEIGHT="28" CONTENT="sance" SUBS_TYPE="HypPart2" SUBS_CONTENT="connaissance" WC="1.00" CC="40000"/>
						<SP ID="P31_SP00029" HPOS="250" VPOS="424" WIDTH="21"/>
						<String ID="P31_ST00034" HPOS="271" VPOS="378" WIDTH="364" HEIGHT="55" CONTENT="approfondiedu" WC="0.88" CC="0040430000002"/>
						<SP ID="P31_SP00030" HPOS="635" VPOS="433" WIDTH="23"/>
						<String ID="P31_ST00035" HPOS="658" VPOS="378" WIDTH="128" HEIGHT="52" CONTENT="sujet." WC="0.99" CC="040054"/>
						<SP ID="P31_SP00031" HPOS="786" VPOS="433" WIDTH="21"/>
						<String ID="P31_ST00036" HPOS="807" VPOS="376" WIDTH="64" HEIGHT="40" CONTENT="La" WC="0.76" CC="40"/>
						<SP ID="P31_SP00032" HPOS="871" VPOS="433" WIDTH="22"/>
						<String ID="P31_ST00037" HPOS="893" VPOS="378" WIDTH="241" HEIGHT="51" CONTENT="puissance" WC="1.00" CC="003000500"/>
						<SP ID="P31_SP00033" HPOS="1134" VPOS="433" WIDTH="18"/>
						<String ID="P31_ST00038" HPOS="1152" VPOS="376" WIDTH="256" HEIGHT="52" CONTENT="expressive" WC="1.00" CC="0050000000"/>
						<SP ID="P31_SP00034" HPOS="1408" VPOS="433" WIDTH="19"/>
						<String ID="P31_ST00039" HPOS="1427" VPOS="374" WIDTH="54" HEIGHT="40" CONTENT="de" WC="1.00" CC="00"/>
						<SP ID="P31_SP00035" HPOS="1481" VPOS="433" WIDTH="15"/>
						<String ID="P31_ST00040" HPOS="1496" VPOS="381" WIDTH="111" HEIGHT="32" CONTENT="cette" WC="0.99" CC="40600"/>
						<SP ID="P31_SP00036" HPOS="1607" VPOS="433" WIDTH="20"/>
						<String ID="P31_ST00041" HPOS="1627" VPOS="372" WIDTH="211" HEIGHT="50" CONTENT="musique" WC="0.99" CC="0311060"/>
						<SP ID="P31_SP00037" HPOS="1838" VPOS="433" WIDTH="17"/>
						<String ID="P31_ST00042" HPOS="1855" VPOS="377" WIDTH="66" HEIGHT="32" CONTENT="est" WC="0.98" CC="104"/>
						<SP ID="P31_SP00038" HPOS="1921" VPOS="433" WIDTH="18"/>
						<String ID="P31_ST00043" HPOS="1939" VPOS="367" WIDTH="86" HEIGHT="42" CONTENT="fort" WC="1.00" CC="0000"/>
						<SP ID="P31_SP00039" HPOS="2025" VPOS="433" WIDTH="20"/>
						<String ID="P31_ST00044" HPOS="2045" VPOS="368" WIDTH="105" HEIGHT="41" CONTENT="bien" WC="0.98" CC="0106"/>
					</TextLine>
					<TextLine ID="P31_TL00006" HPOS="118" VPOS="440" WIDTH="2036" HEIGHT="58">
						<String ID="P31_ST00045" HPOS="118" VPOS="451" WIDTH="310" HEIGHT="47" CONTENT="caractérisée," WC="1.00" CC="5000750040004"/>
						<SP ID="P31_SP00040" HPOS="428" VPOS="498" WIDTH="27"/>
						<String ID="P31_ST00046" HPOS="455" VPOS="457" WIDTH="42" HEIGHT="32" CONTENT="et" WC="0.65" CC="07"/>
						<SP ID="P31_SP00041" HPOS="497" VPOS="498" WIDTH="36"/>
						<String ID="P31_ST00047" HPOS="533" VPOS="446" WIDTH="255" HEIGHT="41" CONTENT="l'influence" WC="1.00" CC="00405520000"/>
						<SP ID="P31_SP00042" HPOS="788" VPOS="498" WIDTH="24"/>
						<String ID="P31_ST00048" HPOS="812" VPOS="446" WIDTH="58" HEIGHT="40" CONTENT="du" WC="1.00" CC="00"/>
						<SP ID="P31_SP00043" HPOS="870" VPOS="498" WIDTH="22"/>
						<String ID="P31_ST00049" HPOS="892" VPOS="454" WIDTH="109" HEIGHT="42" CONTENT="mot," WC="0.99" CC="0003"/>
						<SP ID="P31_SP00044" HPOS="1001" VPOS="498" WIDTH="27"/>
						<String ID="P31_ST00050" HPOS="1028" VPOS="445" WIDTH="54" HEIGHT="40" CONTENT="de" WC="1.00" CC="00"/>
						<SP ID="P31_SP00045" HPOS="1082" VPOS="498" WIDTH="24"/>
						<String ID="P31_ST00051" HPOS="1106" VPOS="445" WIDTH="38" HEIGHT="39" CONTENT="la" WC="0.80" CC="40"/>
						<SP ID="P31_SP00046" HPOS="1144" VPOS="498" WIDTH="27"/>
						<String ID="P31_ST00052" HPOS="1171" VPOS="444" WIDTH="144" HEIGHT="41" CONTENT="forme" WC="1.00" CC="00000"/>
						<SP ID="P31_SP00047" HPOS="1315" VPOS="498" WIDTH="32"/>
						<String ID="P31_ST00053" HPOS="1347" VPOS="452" WIDTH="41" HEIGHT="32" CONTENT="et" WC="0.73" CC="05"/>
						<SP ID="P31_SP00048" HPOS="1388" VPOS="498" WIDTH="23"/>
						<String ID="P31_ST00054" HPOS="1411" VPOS="444" WIDTH="60" HEIGHT="40" CONTENT="du" WC="1.00" CC="00"/>
						<SP ID="P31_SP00049" HPOS="1471" VPOS="498" WIDTH="30"/>
						<String ID="P31_ST00055" HPOS="1501" VPOS="456" WIDTH="104" HEIGHT="28" CONTENT="sens" WC="0.99" CC="0140"/>
						<SP ID="P31_SP00050" HPOS="1605" VPOS="498" WIDTH="37"/>
						<String ID="P31_ST00056" HPOS="1642" VPOS="441" WIDTH="54" HEIGHT="41" CONTENT="de" WC="1.00" CC="00"/>
						<SP ID="P31_SP00051" HPOS="1696" VPOS="498" WIDTH="30"/>
						<String ID="P31_ST00057" HPOS="1726" VPOS="440" WIDTH="175" HEIGHT="51" CONTENT="chaque" WC="0.99" CC="010057"/>
						<SP ID="P31_SP00052" HPOS="1901" VPOS="498" WIDTH="30"/>
						<String ID="P31_ST00058" HPOS="1931" VPOS="447" WIDTH="109" HEIGHT="37" CONTENT="mot," WC="0.99" CC="0003"/>
						<SP ID="P31_SP00053" HPOS="2040" VPOS="498" WIDTH="38"/>
						<String ID="P31_ST00059" HPOS="2078" VPOS="452" WIDTH="76" HEIGHT="26" CONTENT="sur" WC="0.99" CC="003"/>
					</TextLine>
					<TextLine ID="P31_TL00007" HPOS="115" VPOS="508" WIDTH="2044" HEIGHT="63">
						<String ID="P31_ST00060" HPOS="115" VPOS="522" WIDTH="14" HEIGHT="40" CONTENT="1" WC="0.37" CC="6"/>
						<SP ID="P31_SP00054" HPOS="129" VPOS="562" WIDTH="21"/>
						<String ID="P31_ST00061" HPOS="150" VPOS="520" WIDTH="305" HEIGHT="51" CONTENT="imagination" WC="1.00" CC="00000305103"/>
						<SP ID="P31_SP00055" HPOS="455" VPOS="571" WIDTH="22"/>
						<String ID="P31_ST00062" HPOS="477" VPOS="517" WIDTH="54" HEIGHT="41" CONTENT="de" WC="1.00" CC="00"/>
						<SP ID="P31_SP00056" HPOS="531" VPOS="571" WIDTH="17"/>
						<String ID="P31_ST00063" HPOS="548" VPOS="516" WIDTH="140" HEIGHT="51" CONTENT="Bach," WC="0.99" CC="03004"/>
						<SP ID="P31_SP00057" HPOS="688" VPOS="571" WIDTH="27"/>
						<String ID="P31_ST00064" HPOS="715" VPOS="524" WIDTH="65" HEIGHT="32" CONTENT="est" WC="0.98" CC="006"/>
						<SP ID="P31_SP00058" HPOS="780" VPOS="571" WIDTH="24"/>
						<String ID="P31_ST00065" HPOS="804" VPOS="520" WIDTH="90" HEIGHT="35" CONTENT="très" WC="0.97" CC="3072"/>
						<SP ID="P31_SP00059" HPOS="894" VPOS="571" WIDTH="24"/>
						<String ID="P31_ST00066" HPOS="918" VPOS="522" WIDTH="248" HEIGHT="33" CONTENT="nettement" WC="1.00" CC="006600000"/>
						<SP ID="P31_SP00060" HPOS="1166" VPOS="571" WIDTH="33"/>
						<String ID="P31_ST00067" HPOS="1199" VPOS="513" WIDTH="217" HEIGHT="51" CONTENT="dégagée." WC="0.99" CC="06000603"/>
						<SP ID="P31_SP00061" HPOS="1416" VPOS="571" WIDTH="27"/>
						<String ID="P31_ST00068" HPOS="1443" VPOS="511" WIDTH="131" HEIGHT="42" CONTENT="Voilà" WC="0.99" CC="00044"/>
						<SP ID="P31_SP00062" HPOS="1574" VPOS="571" WIDTH="40"/>
						<String ID="P31_ST00069" HPOS="1614" VPOS="512" WIDTH="75" HEIGHT="52" CONTENT="qui" WC="0.98" CC="050"/>
						<SP ID="P31_SP00063" HPOS="1689" VPOS="571" WIDTH="25"/>
						<String ID="P31_ST00070" HPOS="1714" VPOS="509" WIDTH="79" HEIGHT="42" CONTENT="fait" WC="0.99" CC="0005"/>
						<SP ID="P31_SP00064" HPOS="1793" VPOS="571" WIDTH="30"/>
						<String ID="P31_ST00071" HPOS="1823" VPOS="508" WIDTH="105" HEIGHT="41" CONTENT="bien" WC="1.00" CC="0000"/>
						<SP ID="P31_SP00065" HPOS="1928" VPOS="571" WIDTH="35"/>
						<String ID="P31_ST00072" HPOS="1963" VPOS="521" WIDTH="196" HEIGHT="37" CONTENT="augurer" WC="1.00" CC="0501000"/>
					</TextLine>
					<TextLine ID="P31_TL00008" HPOS="120" VPOS="576" WIDTH="2040" HEIGHT="64">
						<String ID="P31_ST00073" HPOS="120" VPOS="591" WIDTH="56" HEIGHT="40" CONTENT="de" WC="1.00" CC="00"/>
						<SP ID="P31_SP00066" HPOS="176" VPOS="631" WIDTH="24"/>
						<String ID="P31_ST00074" HPOS="200" VPOS="590" WIDTH="39" HEIGHT="40" CONTENT="la" WC="0.78" CC="40"/>
						<SP ID="P31_SP00067" HPOS="239" VPOS="631" WIDTH="27"/>
						<String ID="P31_ST00075" HPOS="266" VPOS="590" WIDTH="129" HEIGHT="40" CONTENT="thèse" WC="0.98" CC="50700"/>
						<SP ID="P31_SP00068" HPOS="395" VPOS="631" WIDTH="22"/>
						<String ID="P31_ST00076" HPOS="417" VPOS="600" WIDTH="84" HEIGHT="40" CONTENT="que" WC="1.00" CC="000"/>
						<SP ID="P31_SP00069" HPOS="501" VPOS="640" WIDTH="19"/>
						<String ID="P31_ST00077" HPOS="520" VPOS="585" WIDTH="263" HEIGHT="42" CONTENT="soutiendra" WC="1.00" CC="0000002000"/>
						<SP ID="P31_SP00070" HPOS="783" VPOS="640" WIDTH="23"/>
						<String ID="P31_ST00078" HPOS="806" VPOS="583" WIDTH="189" HEIGHT="47" CONTENT="bientôt," WC="0.99" CC="02005564"/>
						<SP ID="P31_SP00071" HPOS="995" VPOS="640" WIDTH="23"/>
						<String ID="P31_ST00079" HPOS="1018" VPOS="597" WIDTH="55" HEIGHT="26" CONTENT="en" WC="1.00" CC="00"/>
						<SP ID="P31_SP00072" HPOS="1073" VPOS="640" WIDTH="25"/>
						<String ID="P31_ST00080" HPOS="1098" VPOS="581" WIDTH="260" HEIGHT="53" CONTENT="Sorbonne," WC="0.91" CC="003000004"/>
						<SP ID="P31_SP00073" HPOS="1358" VPOS="640" WIDTH="22"/>
						<String ID="P31_ST00081" HPOS="1380" VPOS="581" WIDTH="63" HEIGHT="41" CONTENT="M." WC="0.92" CC="01"/>
						<SP ID="P31_SP00074" HPOS="1443" VPOS="640" WIDTH="18"/>
						<String ID="P31_ST00082" HPOS="1461" VPOS="581" WIDTH="53" HEIGHT="41" CONTENT="A." WC="0.83" CC="03"/>
						<SP ID="P31_SP00075" HPOS="1514" VPOS="640" WIDTH="21"/>
						<String ID="P31_ST00083" HPOS="1535" VPOS="581" WIDTH="147" HEIGHT="49" CONTENT="Pirro," WC="0.90" CC="030002"/>
						<SP ID="P31_SP00076" HPOS="1682" VPOS="640" WIDTH="21"/>
						<String ID="P31_ST00084" HPOS="1703" VPOS="595" WIDTH="75" HEIGHT="26" CONTENT="sur" WC="1.00" CC="000"/>
						<SP ID="P31_SP00077" HPOS="1778" VPOS="640" WIDTH="24"/>
						<String ID="P31_ST00085" HPOS="1802" VPOS="577" WIDTH="25" HEIGHT="42" CONTENT="Y" WC="0.18" CC="8" STYLEREFS="TXT_2"/>
						<SP ID="P31_SP00078" HPOS="1827" VPOS="640" WIDTH="7"/>
						<String ID="P31_ST00086" HPOS="1834" VPOS="576" WIDTH="253" HEIGHT="55" CONTENT="Esthétique" WC="0.99" CC="6000050060" STYLEREFS="TXT_2"/>
						<SP ID="P31_SP00079" HPOS="2087" VPOS="640" WIDTH="19"/>
						<String ID="P31_ST00087" HPOS="2106" VPOS="578" WIDTH="54" HEIGHT="39" CONTENT="de" WC="1.00" CC="00" STYLEREFS="TXT_2"/>
					</TextLine>
					<TextLine ID="P31_TL00009" HPOS="122" VPOS="646" WIDTH="2038" HEIGHT="62">
						<String ID="P31_ST00088" HPOS="122" VPOS="658" WIDTH="139" HEIGHT="42" CONTENT="Bach." WC="0.98" CC="10603" STYLEREFS="TXT_2"/>
						<SP ID="P31_SP00080" HPOS="261" VPOS="700" WIDTH="49"/>
						<String ID="P31_ST00089" HPOS="310" VPOS="658" WIDTH="90" HEIGHT="40" CONTENT="Des" WC="0.97" CC="620"/>
						<SP ID="P31_SP00081" HPOS="400" VPOS="700" WIDTH="21"/>
						<String ID="P31_ST00090" HPOS="421" VPOS="657" WIDTH="254" HEIGHT="51" CONTENT="fragments" WC="0.99" CC="200000650"/>
						<SP ID="P31_SP00082" HPOS="675" VPOS="708" WIDTH="24"/>
						<String ID="P31_ST00091" HPOS="699" VPOS="654" WIDTH="54" HEIGHT="40" CONTENT="de" WC="1.00" CC="00"/>
						<SP ID="P31_SP00083" HPOS="753" VPOS="708" WIDTH="24"/>
						<String ID="P31_ST00092" HPOS="777" VPOS="654" WIDTH="25" HEIGHT="40" CONTENT="Y" WC="0.16" CC="8" STYLEREFS="TXT_2"/>
						<SP ID="P31_SP00084" HPOS="802" VPOS="708" WIDTH="7"/>
						<String ID="P31_ST00093" HPOS="809" VPOS="652" WIDTH="207" HEIGHT="41" CONTENT="Oratorio" WC="0.99" CC="60075040" STYLEREFS="TXT_2"/>
						<SP ID="P31_SP00085" HPOS="1016" VPOS="708" WIDTH="33"/>
						<String ID="P31_ST00094" HPOS="1049" VPOS="652" WIDTH="51" HEIGHT="39" CONTENT="de" WC="1.00" CC="00" STYLEREFS="TXT_2"/>
						<SP ID="P31_SP00086" HPOS="1100" VPOS="708" WIDTH="22"/>
						<String ID="P31_ST00095" HPOS="1122" VPOS="651" WIDTH="115" HEIGHT="41" CONTENT="Noël" WC="0.98" CC="3040" STYLEREFS="TXT_2"/>
						<SP ID="P31_SP00087" HPOS="1237" VPOS="708" WIDTH="36"/>
						<String ID="P31_ST00096" HPOS="1273" VPOS="660" WIDTH="77" HEIGHT="32" CONTENT="ont" WC="0.98" CC="005"/>
						<SP ID="P31_SP00088" HPOS="1350" VPOS="708" WIDTH="24"/>
						<String ID="P31_ST00097" HPOS="1374" VPOS="656" WIDTH="69" HEIGHT="36" CONTENT="été" WC="0.93" CC="657"/>
						<SP ID="P31_SP00089" HPOS="1443" VPOS="708" WIDTH="22"/>
						<String ID="P31_ST00098" HPOS="1465" VPOS="655" WIDTH="205" HEIGHT="37" CONTENT="exécutés" WC="1.00" CC="00001603"/>
						<SP ID="P31_SP00090" HPOS="1670" VPOS="708" WIDTH="24"/>
						<String ID="P31_ST00099" HPOS="1694" VPOS="650" WIDTH="176" HEIGHT="41" CONTENT="ensuite" WC="0.99" CC="0500063"/>
						<SP ID="P31_SP00091" HPOS="1870" VPOS="708" WIDTH="31"/>
						<String ID="P31_ST00100" HPOS="1901" VPOS="660" WIDTH="107" HEIGHT="28" CONTENT="sous" WC="1.00" CC="0100"/>
						<SP ID="P31_SP00092" HPOS="2008" VPOS="708" WIDTH="23"/>
						<String ID="P31_ST00101" HPOS="2031" VPOS="646" WIDTH="39" HEIGHT="41" CONTENT="la" WC="0.70" CC="50"/>
						<SP ID="P31_SP00093" HPOS="2070" VPOS="708" WIDTH="28"/>
						<String ID="P31_ST00102" HPOS="2098" VPOS="646" WIDTH="42" HEIGHT="40" CONTENT="di" SUBS_TYPE="HypPart1" SUBS_CONTENT="direction" WC="0.99" CC="00"/>
						<HYP HPOS="2140" VPOS="646" WIDTH="20" CONTENT="-"/>
					</TextLine>
					<TextLine ID="P31_TL00010" HPOS="128" VPOS="715" WIDTH="2032" HEIGHT="59">
						<String ID="P31_ST00103" HPOS="128" VPOS="731" WIDTH="169" HEIGHT="40" CONTENT="rection" SUBS_TYPE="HypPart2" SUBS_CONTENT="direction" WC="1.00" CC="0000102"/>
						<SP ID="P31_SP00094" HPOS="297" VPOS="771" WIDTH="34"/>
						<String ID="P31_ST00104" HPOS="331" VPOS="729" WIDTH="53" HEIGHT="40" CONTENT="de" WC="1.00" CC="00"/>
						<SP ID="P31_SP00095" HPOS="384" VPOS="771" WIDTH="39"/>
						<String ID="P31_ST00105" HPOS="423" VPOS="726" WIDTH="61" HEIGHT="41" CONTENT="M." WC="0.81" CC="03"/>
						<SP ID="P31_SP00096" HPOS="484" VPOS="771" WIDTH="28"/>
						<String ID="P31_ST00106" HPOS="512" VPOS="726" WIDTH="50" HEIGHT="41" CONTENT="P." WC="0.71" CC="13"/>
						<SP ID="P31_SP00097" HPOS="562" VPOS="771" WIDTH="37"/>
						<String ID="P31_ST00107" HPOS="599" VPOS="726" WIDTH="54" HEIGHT="39" CONTENT="de" WC="1.00" CC="00"/>
						<SP ID="P31_SP00098" HPOS="653" VPOS="771" WIDTH="25"/>
						<String ID="P31_ST00108" HPOS="678" VPOS="723" WIDTH="261" HEIGHT="42" CONTENT="Saunières." WC="0.86" CC="0000370002"/>
						<SP ID="P31_SP00099" HPOS="939" VPOS="771" WIDTH="27"/>
						<String ID="P31_ST00109" HPOS="966" VPOS="721" WIDTH="64" HEIGHT="41" CONTENT="Le" WC="1.00" CC="00"/>
						<SP ID="P31_SP00100" HPOS="1030" VPOS="771" WIDTH="23"/>
						<String ID="P31_ST00110" HPOS="1053" VPOS="721" WIDTH="218" HEIGHT="53" CONTENT="prochain" WC="1.00" CC="00000010"/>
						<SP ID="P31_SP00101" HPOS="1271" VPOS="774" WIDTH="23"/>
						<String ID="P31_ST00111" HPOS="1294" VPOS="730" WIDTH="179" HEIGHT="32" CONTENT="concert" WC="1.00" CC="0000004"/>
						<SP ID="P31_SP00102" HPOS="1473" VPOS="774" WIDTH="19"/>
						<String ID="P31_ST00112" HPOS="1492" VPOS="736" WIDTH="107" HEIGHT="25" CONTENT="aura" WC="0.98" CC="0700"/>
						<SP ID="P31_SP00103" HPOS="1599" VPOS="774" WIDTH="26"/>
						<String ID="P31_ST00113" HPOS="1625" VPOS="721" WIDTH="88" HEIGHT="39" CONTENT="lieu" WC="1.00" CC="1000"/>
						<SP ID="P31_SP00104" HPOS="1713" VPOS="774" WIDTH="38"/>
						<String ID="P31_ST00114" HPOS="1751" VPOS="719" WIDTH="39" HEIGHT="40" CONTENT="le" WC="1.00" CC="00"/>
						<SP ID="P31_SP00105" HPOS="1790" VPOS="774" WIDTH="40"/>
						<String ID="P31_ST00115" HPOS="1830" VPOS="722" WIDTH="51" HEIGHT="36" CONTENT="26" WC="0.95" CC="00"/>
						<SP ID="P31_SP00106" HPOS="1881" VPOS="774" WIDTH="33"/>
						<String ID="P31_ST00116" HPOS="1914" VPOS="715" WIDTH="161" HEIGHT="42" CONTENT="février" WC="1.00" CC="0000000"/>
						<SP ID="P31_SP00107" HPOS="2075" VPOS="774" WIDTH="25"/>
						<String ID="P31_ST00117" HPOS="2100" VPOS="717" WIDTH="60" HEIGHT="48" CONTENT=";il" WC="1.00" CC="045"/>
					</TextLine>
					<TextLine ID="P31_TL00011" HPOS="122" VPOS="785" WIDTH="2038" HEIGHT="59">
						<String ID="P31_ST00118" HPOS="122" VPOS="815" WIDTH="99" HEIGHT="27" CONTENT="sera" WC="1.00" CC="0000"/>
						<SP ID="P31_SP00108" HPOS="221" VPOS="842" WIDTH="38"/>
						<String ID="P31_ST00119" HPOS="259" VPOS="801" WIDTH="214" HEIGHT="39" CONTENT="consacré" WC="1.00" CC="00300000"/>
						<SP ID="P31_SP00109" HPOS="473" VPOS="842" WIDTH="25"/>
						<String ID="P31_ST00120" HPOS="498" VPOS="801" WIDTH="22" HEIGHT="36" CONTENT="à" WC="0.25" CC="7"/>
						<SP ID="P31_SP00110" HPOS="520" VPOS="842" WIDTH="34"/>
						<String ID="P31_ST00121" HPOS="554" VPOS="792" WIDTH="304" HEIGHT="45" CONTENT="Saint-Saéns" WC="0.88" CC="00000400700"/>
						<SP ID="P31_SP00111" HPOS="858" VPOS="842" WIDTH="36"/>
						<String ID="P31_ST00122" HPOS="894" VPOS="801" WIDTH="42" HEIGHT="31" CONTENT="et" WC="1.00" CC="00"/>
						<SP ID="P31_SP00112" HPOS="936" VPOS="842" WIDTH="38"/>
						<String ID="P31_ST00123" HPOS="974" VPOS="791" WIDTH="190" HEIGHT="53" CONTENT="précédé" WC="1.00" CC="0000000"/>
						<SP ID="P31_SP00113" HPOS="1164" VPOS="844" WIDTH="38"/>
						<String ID="P31_ST00124" HPOS="1202" VPOS="790" WIDTH="134" HEIGHT="40" CONTENT="d'une" WC="0.99" CC="04201"/>
						<SP ID="P31_SP00114" HPOS="1336" VPOS="844" WIDTH="39"/>
						<String ID="P31_ST00125" HPOS="1375" VPOS="798" WIDTH="152" HEIGHT="32" CONTENT="courte" WC="1.00" CC="000060"/>
						<SP ID="P31_SP00115" HPOS="1527" VPOS="844" WIDTH="39"/>
						<String ID="P31_ST00126" HPOS="1566" VPOS="790" WIDTH="246" HEIGHT="40" CONTENT="allocution" WC="1.00" CC="0300000505"/>
						<SP ID="P31_SP00116" HPOS="1812" VPOS="844" WIDTH="34"/>
						<String ID="P31_ST00127" HPOS="1846" VPOS="788" WIDTH="54" HEIGHT="39" CONTENT="de" WC="0.77" CC="04"/>
						<SP ID="P31_SP00117" HPOS="1900" VPOS="844" WIDTH="29"/>
						<String ID="P31_ST00128" HPOS="1929" VPOS="785" WIDTH="63" HEIGHT="41" CONTENT="M." WC="0.96" CC="00"/>
						<SP ID="P31_SP00118" HPOS="1992" VPOS="844" WIDTH="26"/>
						<String ID="P31_ST00129" HPOS="2018" VPOS="785" WIDTH="142" HEIGHT="41" CONTENT="Louis" WC="0.99" CC="00600"/>
					</TextLine>
					<TextLine ID="P31_TL00012" HPOS="122" VPOS="870" WIDTH="160" HEIGHT="52">
						<String ID="P31_ST00130" HPOS="122" VPOS="870" WIDTH="160" HEIGHT="52" CONTENT="Laloy." WC="0.78" CC="003054"/>
					</TextLine>
				</TextBlock>
				<TextBlock ID="P31_TB00004" HPOS="177" VPOS="982" WIDTH="313" HEIGHT="49" STYLEREFS="TXT_3 PAR_LEFT">
					<TextLine ID="P31_TL00013" HPOS="179" VPOS="985" WIDTH="308" HEIGHT="43">
						<String ID="P31_ST00131" HPOS="179" VPOS="985" WIDTH="308" HEIGHT="43" CONTENT="WIESBADEN." WC="0.71" CC="5200408054"/>
						<SP ID="P31_SP00119" HPOS="487" VPOS="1028" WIDTH="0"/>
					</TextLine>
				</TextBlock>
				<TextBlock ID="P31_TB00005" HPOS="119" VPOS="978" WIDTH="2043" HEIGHT="406" STYLEREFS="TXT_1 PAR_BLOCK">
					<Shape>
						<Polygon POINTS="2162,1384 119,1384 119,1043 502,1043 502,978 2162,978"/>
					</Shape>
					<TextLine ID="P31_TL00014" HPOS="509" VPOS="978" WIDTH="1653" HEIGHT="57">
						<String ID="P31_ST00132" HPOS="509" VPOS="1007" WIDTH="50" HEIGHT="4" CONTENT="—" WC="0.20" CC="8"/>
						<SP ID="P31_SP00120" HPOS="559" VPOS="1011" WIDTH="23"/>
						<String ID="P31_ST00133" HPOS="582" VPOS="982" WIDTH="64" HEIGHT="41" CONTENT="Le" WC="0.79" CC="12"/>
						<SP ID="P31_SP00121" HPOS="646" VPOS="1023" WIDTH="24"/>
						<String ID="P31_ST00134" HPOS="670" VPOS="983" WIDTH="311" HEIGHT="52" CONTENT="compositeur" WC="1.00" CC="10000015000"/>
						<SP ID="P31_SP00122" HPOS="981" VPOS="1035" WIDTH="21"/>
						<String ID="P31_ST00135" HPOS="1002" VPOS="980" WIDTH="163" HEIGHT="41" CONTENT="Lucien" WC="0.98" CC="484035" STYLEREFS="TXT_2"/>
						<SP ID="P31_SP00123" HPOS="1165" VPOS="1035" WIDTH="21"/>
						<String ID="P31_ST00136" HPOS="1186" VPOS="980" WIDTH="51" HEIGHT="39" CONTENT="de" WC="0.80" CC="30" STYLEREFS="TXT_2"/>
						<SP ID="P31_SP00124" HPOS="1237" VPOS="1035" WIDTH="21"/>
						<String ID="P31_ST00137" HPOS="1258" VPOS="978" WIDTH="192" HEIGHT="56" CONTENT="Flagny," WC="0.70" CC="1050805" STYLEREFS="TXT_2"/>
						<SP ID="P31_SP00125" HPOS="1450" VPOS="1035" WIDTH="28"/>
						<String ID="P31_ST00138" HPOS="1478" VPOS="981" WIDTH="93" HEIGHT="52" CONTENT="qui," WC="0.98" CC="0204"/>
						<SP ID="P31_SP00126" HPOS="1571" VPOS="1035" WIDTH="26"/>
						<String ID="P31_ST00139" HPOS="1597" VPOS="980" WIDTH="201" HEIGHT="53" CONTENT="pendant" WC="0.99" CC="3050040"/>
						<SP ID="P31_SP00127" HPOS="1798" VPOS="1035" WIDTH="37"/>
						<String ID="P31_ST00140" HPOS="1835" VPOS="994" WIDTH="82" HEIGHT="28" CONTENT="son" WC="1.00" CC="000"/>
						<SP ID="P31_SP00128" HPOS="1917" VPOS="1035" WIDTH="35"/>
						<String ID="P31_ST00141" HPOS="1952" VPOS="982" WIDTH="149" HEIGHT="52" CONTENT="séjour" WC="0.98" CC="060055"/>
						<SP ID="P31_SP00129" HPOS="2101" VPOS="1035" WIDTH="40"/>
						<String ID="P31_ST00142" HPOS="2141" VPOS="986" WIDTH="21" HEIGHT="36" CONTENT="à" WC="0.20" CC="7"/>
					</TextLine>
					<TextLine ID="P31_TL00015" HPOS="121" VPOS="1049" WIDTH="2041" HEIGHT="59">
						<String ID="P31_ST00143" HPOS="121" VPOS="1054" WIDTH="235" HEIGHT="54" CONTENT="Mayence," WC="0.77" CC="20506004"/>
						<SP ID="P31_SP00130" HPOS="356" VPOS="1108" WIDTH="58"/>
						<String ID="P31_ST00144" HPOS="414" VPOS="1063" WIDTH="74" HEIGHT="32" CONTENT="eut" WC="1.00" CC="000"/>
						<SP ID="P31_SP00131" HPOS="488" VPOS="1108" WIDTH="40"/>
						<String ID="P31_ST00145" HPOS="528" VPOS="1052" WIDTH="241" HEIGHT="42" CONTENT="l'honneur" WC="0.99" CC="341046000"/>
						<SP ID="P31_SP00132" HPOS="769" VPOS="1108" WIDTH="48"/>
						<String ID="P31_ST00146" HPOS="817" VPOS="1052" WIDTH="54" HEIGHT="40" CONTENT="de" WC="1.00" CC="00"/>
						<SP ID="P31_SP00133" HPOS="871" VPOS="1108" WIDTH="50"/>
						<String ID="P31_ST00147" HPOS="921" VPOS="1052" WIDTH="99" HEIGHT="40" CONTENT="voir" WC="1.00" CC="0000"/>
						<SP ID="P31_SP00134" HPOS="1020" VPOS="1108" WIDTH="41"/>
						<String ID="P31_ST00148" HPOS="1061" VPOS="1055" WIDTH="206" HEIGHT="36" CONTENT="exécuter" WC="0.99" CC="03600500"/>
						<SP ID="P31_SP00135" HPOS="1267" VPOS="1108" WIDTH="48"/>
						<String ID="P31_ST00149" HPOS="1315" VPOS="1063" WIDTH="70" HEIGHT="27" CONTENT="ses" WC="1.00" CC="000"/>
						<SP ID="P31_SP00136" HPOS="1385" VPOS="1108" WIDTH="54"/>
						<String ID="P31_ST00150" HPOS="1439" VPOS="1049" WIDTH="311" HEIGHT="42" CONTENT="Kinderlieder" WC="0.98" CC="000001000000" STYLEREFS="TXT_2"/>
						<String ID="P31_ST00151" HPOS="1758" VPOS="1081" WIDTH="9" HEIGHT="18" CONTENT="," WC="0.99" CC="0"/>
						<SP ID="P31_SP00137" HPOS="1767" VPOS="1108" WIDTH="41"/>
						<String ID="P31_ST00152" HPOS="1808" VPOS="1065" WIDTH="153" HEIGHT="27" CONTENT="œuvre" WC="1.00" CC="00400"/>
						<SP ID="P31_SP00138" HPOS="1961" VPOS="1108" WIDTH="65"/>
						<String ID="P31_ST00153" HPOS="2026" VPOS="1050" WIDTH="136" HEIGHT="42" CONTENT="d'une" WC="0.99" CC="02050"/>
					</TextLine>
					<TextLine ID="P31_TL00016" HPOS="121" VPOS="1119" WIDTH="2039" HEIGHT="59">
						<String ID="P31_ST00154" HPOS="121" VPOS="1126" WIDTH="218" HEIGHT="52" CONTENT="piquante" WC="1.00" CC="04040000"/>
						<SP ID="P31_SP00139" HPOS="339" VPOS="1178" WIDTH="24"/>
						<String ID="P31_ST00155" HPOS="363" VPOS="1122" WIDTH="277" HEIGHT="52" CONTENT="originalité," WC="1.00" CC="000740043004"/>
						<SP ID="P31_SP00140" HPOS="640" VPOS="1178" WIDTH="28"/>
						<String ID="P31_ST00156" HPOS="668" VPOS="1125" WIDTH="22" HEIGHT="37" CONTENT="à" WC="0.33" CC="6"/>
						<SP ID="P31_SP00141" HPOS="690" VPOS="1178" WIDTH="23"/>
						<String ID="P31_ST00157" HPOS="713" VPOS="1122" WIDTH="38" HEIGHT="39" CONTENT="la" WC="0.78" CC="40"/>
						<SP ID="P31_SP00142" HPOS="751" VPOS="1178" WIDTH="26"/>
						<String ID="P31_ST00158" HPOS="777" VPOS="1120" WIDTH="125" HEIGHT="42" CONTENT="Cour" WC="0.98" CC="3050"/>
						<SP ID="P31_SP00143" HPOS="902" VPOS="1178" WIDTH="22"/>
						<String ID="P31_ST00159" HPOS="924" VPOS="1121" WIDTH="59" HEIGHT="41" CONTENT="du" WC="1.00" CC="00"/>
						<SP ID="P31_SP00144" HPOS="983" VPOS="1178" WIDTH="26"/>
						<String ID="P31_ST00160" HPOS="1009" VPOS="1119" WIDTH="274" HEIGHT="43" CONTENT="Grand-Duc" WC="0.99" CC="000604500"/>
						<SP ID="P31_SP00145" HPOS="1283" VPOS="1178" WIDTH="25"/>
						<String ID="P31_ST00161" HPOS="1308" VPOS="1124" WIDTH="191" HEIGHT="47" CONTENT="régnant" WC="0.98" CC="0095055"/>
						<SP ID="P31_SP00146" HPOS="1499" VPOS="1178" WIDTH="21"/>
						<String ID="P31_ST00162" HPOS="1520" VPOS="1120" WIDTH="54" HEIGHT="41" CONTENT="de" WC="0.86" CC="02"/>
						<SP ID="P31_SP00147" HPOS="1574" VPOS="1178" WIDTH="18"/>
						<String ID="P31_ST00163" HPOS="1592" VPOS="1120" WIDTH="379" HEIGHT="42" CONTENT="Hesse-au-Rhin" WC="0.90" CC="2001000030300"/>
						<SP ID="P31_SP00148" HPOS="1971" VPOS="1178" WIDTH="24"/>
						<String ID="P31_ST00164" HPOS="1995" VPOS="1131" WIDTH="42" HEIGHT="31" CONTENT="et" WC="0.71" CC="05"/>
						<SP ID="P31_SP00149" HPOS="2037" VPOS="1178" WIDTH="35"/>
						<String ID="P31_ST00165" HPOS="2072" VPOS="1125" WIDTH="21" HEIGHT="36" CONTENT="à" WC="0.20" CC="7"/>
						<SP ID="P31_SP00150" HPOS="2093" VPOS="1178" WIDTH="27"/>
						<String ID="P31_ST00166" HPOS="2120" VPOS="1122" WIDTH="40" HEIGHT="40" CONTENT="la" WC="0.77" CC="40"/>
					</TextLine>
					<TextLine ID="P31_TL00017" HPOS="123" VPOS="1188" WIDTH="2034" HEIGHT="56">
						<String ID="P31_ST00167" HPOS="123" VPOS="1195" WIDTH="231" HEIGHT="40" CONTENT="résidence" WC="0.99" CC="008080000"/>
						<SP ID="P31_SP00151" HPOS="354" VPOS="1235" WIDTH="23"/>
						<String ID="P31_ST00168" HPOS="377" VPOS="1193" WIDTH="54" HEIGHT="40" CONTENT="de" WC="1.00" CC="00"/>
						<SP ID="P31_SP00152" HPOS="431" VPOS="1235" WIDTH="22"/>
						<String ID="P31_ST00169" HPOS="453" VPOS="1191" WIDTH="46" HEIGHT="42" CONTENT="S." WC="0.86" CC="02"/>
						<SP ID="P31_SP00153" HPOS="499" VPOS="1235" WIDTH="25"/>
						<String ID="P31_ST00170" HPOS="524" VPOS="1191" WIDTH="53" HEIGHT="41" CONTENT="A." WC="0.90" CC="02"/>
						<SP ID="P31_SP00154" HPOS="577" VPOS="1235" WIDTH="25"/>
						<String ID="P31_ST00171" HPOS="602" VPOS="1191" WIDTH="54" HEIGHT="42" CONTENT="R." WC="0.83" CC="30"/>
						<SP ID="P31_SP00155" HPOS="656" VPOS="1235" WIDTH="24"/>
						<String ID="P31_ST00172" HPOS="680" VPOS="1190" WIDTH="214" HEIGHT="42" CONTENT="Madame" WC="1.00" CC="300000"/>
						<SP ID="P31_SP00156" HPOS="894" VPOS="1235" WIDTH="20"/>
						<String ID="P31_ST00173" HPOS="914" VPOS="1192" WIDTH="39" HEIGHT="40" CONTENT="la" WC="0.85" CC="20"/>
						<SP ID="P31_SP00157" HPOS="953" VPOS="1235" WIDTH="26"/>
						<String ID="P31_ST00174" HPOS="979" VPOS="1190" WIDTH="237" HEIGHT="42" CONTENT="Princesse" WC="1.00" CC="300000000"/>
						<SP ID="P31_SP00158" HPOS="1216" VPOS="1235" WIDTH="21"/>
						<String ID="P31_ST00175" HPOS="1237" VPOS="1188" WIDTH="327" HEIGHT="52" CONTENT="Lichtenstein," WC="0.83" CC="5006000050004"/>
						<SP ID="P31_SP00159" HPOS="1564" VPOS="1240" WIDTH="21"/>
						<String ID="P31_ST00176" HPOS="1585" VPOS="1192" WIDTH="121" HEIGHT="40" CONTENT="vient" WC="0.99" CC="04006"/>
						<SP ID="P31_SP00160" HPOS="1706" VPOS="1240" WIDTH="24"/>
						<String ID="P31_ST00177" HPOS="1730" VPOS="1192" WIDTH="54" HEIGHT="40" CONTENT="de" WC="1.00" CC="00"/>
						<SP ID="P31_SP00161" HPOS="1784" VPOS="1240" WIDTH="40"/>
						<String ID="P31_ST00178" HPOS="1824" VPOS="1200" WIDTH="251" HEIGHT="44" CONTENT="remporter" WC="1.00" CC="000000400"/>
						<SP ID="P31_SP00162" HPOS="2075" VPOS="1244" WIDTH="23"/>
						<String ID="P31_ST00179" HPOS="2098" VPOS="1206" WIDTH="59" HEIGHT="26" CONTENT="un" WC="0.67" CC="60"/>
					</TextLine>
					<TextLine ID="P31_TL00018" HPOS="123" VPOS="1257" WIDTH="2039" HEIGHT="55">
						<String ID="P31_ST00180" HPOS="123" VPOS="1275" WIDTH="209" HEIGHT="28" CONTENT="nouveau" WC="1.00" CC="0040000"/>
						<SP ID="P31_SP00163" HPOS="332" VPOS="1303" WIDTH="34"/>
						<String ID="P31_ST00181" HPOS="366" VPOS="1266" WIDTH="154" HEIGHT="35" CONTENT="succès" WC="0.99" CC="000070"/>
						<SP ID="P31_SP00164" HPOS="520" VPOS="1303" WIDTH="37"/>
						<String ID="P31_ST00182" HPOS="557" VPOS="1273" WIDTH="105" HEIGHT="27" CONTENT="avec" WC="1.00" CC="0000"/>
						<SP ID="P31_SP00165" HPOS="662" VPOS="1303" WIDTH="34"/>
						<String ID="P31_ST00183" HPOS="696" VPOS="1259" WIDTH="236" HEIGHT="41" CONTENT="l'audition" WC="1.00" CC="3300000205"/>
						<SP ID="P31_SP00166" HPOS="932" VPOS="1303" WIDTH="32"/>
						<String ID="P31_ST00184" HPOS="964" VPOS="1257" WIDTH="107" HEIGHT="55" CONTENT="qu'il" WC="0.98" CC="05243"/>
						<SP ID="P31_SP00167" HPOS="1071" VPOS="1312" WIDTH="24"/>
						<String ID="P31_ST00185" HPOS="1095" VPOS="1259" WIDTH="190" HEIGHT="41" CONTENT="donnait" WC="0.99" CC="0032006"/>
						<SP ID="P31_SP00168" HPOS="1285" VPOS="1312" WIDTH="23"/>
						<String ID="P31_ST00186" HPOS="1308" VPOS="1261" WIDTH="54" HEIGHT="38" CONTENT="ici" WC="0.97" CC="304"/>
						<SP ID="P31_SP00169" HPOS="1362" VPOS="1312" WIDTH="36"/>
						<String ID="P31_ST00187" HPOS="1398" VPOS="1259" WIDTH="54" HEIGHT="40" CONTENT="de" WC="1.00" CC="00"/>
						<SP ID="P31_SP00170" HPOS="1452" VPOS="1312" WIDTH="20"/>
						<String ID="P31_ST00188" HPOS="1472" VPOS="1273" WIDTH="71" HEIGHT="27" CONTENT="ses" WC="1.00" CC="000"/>
						<SP ID="P31_SP00171" HPOS="1543" VPOS="1312" WIDTH="26"/>
						<String ID="P31_ST00189" HPOS="1569" VPOS="1273" WIDTH="178" HEIGHT="28" CONTENT="œuvres" WC="0.99" CC="020040"/>
						<SP ID="P31_SP00172" HPOS="1747" VPOS="1312" WIDTH="25"/>
						<String ID="P31_ST00190" HPOS="1772" VPOS="1260" WIDTH="112" HEIGHT="40" CONTENT="dans" WC="1.00" CC="0010"/>
						<SP ID="P31_SP00173" HPOS="1884" VPOS="1312" WIDTH="19"/>
						<String ID="P31_ST00191" HPOS="1903" VPOS="1260" WIDTH="39" HEIGHT="40" CONTENT="la" WC="1.00" CC="00"/>
						<SP ID="P31_SP00174" HPOS="1942" VPOS="1312" WIDTH="30"/>
						<String ID="P31_ST00192" HPOS="1972" VPOS="1259" WIDTH="112" HEIGHT="41" CONTENT="salle" WC="0.99" CC="00600"/>
						<SP ID="P31_SP00175" HPOS="2084" VPOS="1312" WIDTH="26"/>
						<String ID="P31_ST00193" HPOS="2110" VPOS="1259" WIDTH="52" HEIGHT="41" CONTENT="de" WC="1.00" CC="00"/>
					</TextLine>
					<TextLine ID="P31_TL00019" HPOS="123" VPOS="1328" WIDTH="2039" HEIGHT="54">
						<String ID="P31_ST00194" HPOS="123" VPOS="1340" WIDTH="181" HEIGHT="32" CONTENT="concert" WC="0.99" CC="3000005"/>
						<SP ID="P31_SP00176" HPOS="304" VPOS="1372" WIDTH="31"/>
						<String ID="P31_ST00195" HPOS="335" VPOS="1329" WIDTH="207" HEIGHT="42" CONTENT="Victoria." WC="0.99" CC="003001067" STYLEREFS="TXT_2"/>
						<SP ID="P31_SP00177" HPOS="542" VPOS="1372" WIDTH="28"/>
						<String ID="P31_ST00196" HPOS="570" VPOS="1328" WIDTH="63" HEIGHT="42" CONTENT="Le" WC="0.77" CC="40"/>
						<SP ID="P31_SP00178" HPOS="633" VPOS="1372" WIDTH="21"/>
						<String ID="P31_ST00197" HPOS="654" VPOS="1328" WIDTH="151" HEIGHT="53" CONTENT="public" WC="1.00" CC="030100"/>
						<SP ID="P31_SP00179" HPOS="805" VPOS="1381" WIDTH="33"/>
						<String ID="P31_ST00198" HPOS="838" VPOS="1334" WIDTH="89" HEIGHT="36" CONTENT="très" WC="0.98" CC="3070"/>
						<SP ID="P31_SP00180" HPOS="927" VPOS="1381" WIDTH="23"/>
						<String ID="P31_ST00199" HPOS="950" VPOS="1329" WIDTH="231" HEIGHT="50" CONTENT="distingué" WC="1.00" CC="000033006"/>
						<SP ID="P31_SP00181" HPOS="1181" VPOS="1381" WIDTH="19"/>
						<String ID="P31_ST00200" HPOS="1200" VPOS="1328" WIDTH="70" HEIGHT="41" CONTENT="n'a" WC="0.98" CC="400"/>
						<SP ID="P31_SP00182" HPOS="1270" VPOS="1381" WIDTH="29"/>
						<String ID="P31_ST00201" HPOS="1299" VPOS="1341" WIDTH="80" HEIGHT="40" CONTENT="pas" WC="1.00" CC="000"/>
						<SP ID="P31_SP00183" HPOS="1379" VPOS="1381" WIDTH="24"/>
						<String ID="P31_ST00202" HPOS="1403" VPOS="1334" WIDTH="194" HEIGHT="46" CONTENT="ménagé" WC="1.00" CC="000000"/>
						<SP ID="P31_SP00184" HPOS="1597" VPOS="1381" WIDTH="24"/>
						<String ID="P31_ST00203" HPOS="1621" VPOS="1343" WIDTH="71" HEIGHT="27" CONTENT="ses" WC="1.00" CC="000"/>
						<SP ID="P31_SP00185" HPOS="1692" VPOS="1381" WIDTH="25"/>
						<String ID="P31_ST00204" HPOS="1717" VPOS="1329" WIDTH="445" HEIGHT="53" CONTENT="applaudissements" WC="1.00" CC="0005040000000040"/>
					</TextLine>
				</TextBlock>
				<TextBlock ID="P31_TB00006" HPOS="119" VPOS="1396" WIDTH="758" HEIGHT="58" STYLEREFS="TXT_1 PAR_LEFT">
					<TextLine ID="P31_TL00020" HPOS="127" VPOS="1399" WIDTH="748" HEIGHT="53">
						<String ID="P31_ST00205" HPOS="127" VPOS="1404" WIDTH="23" HEIGHT="36" CONTENT="à" WC="0.65" CC="3"/>
						<SP ID="P31_SP00186" HPOS="150" VPOS="1440" WIDTH="25"/>
						<String ID="P31_ST00206" HPOS="175" VPOS="1399" WIDTH="192" HEIGHT="42" CONTENT="l'auteur" WC="0.99" CC="42006400"/>
						<SP ID="P31_SP00187" HPOS="367" VPOS="1441" WIDTH="19"/>
						<String ID="P31_ST00207" HPOS="386" VPOS="1409" WIDTH="42" HEIGHT="32" CONTENT="et" WC="0.69" CC="06"/>
						<SP ID="P31_SP00188" HPOS="428" VPOS="1441" WIDTH="25"/>
						<String ID="P31_ST00208" HPOS="453" VPOS="1404" WIDTH="21" HEIGHT="36" CONTENT="à" WC="0.39" CC="6"/>
						<SP ID="P31_SP00189" HPOS="474" VPOS="1441" WIDTH="26"/>
						<String ID="P31_ST00209" HPOS="500" VPOS="1413" WIDTH="71" HEIGHT="27" CONTENT="ses" WC="1.00" CC="000"/>
						<SP ID="P31_SP00190" HPOS="571" VPOS="1441" WIDTH="21"/>
						<String ID="P31_ST00210" HPOS="592" VPOS="1402" WIDTH="283" HEIGHT="50" CONTENT="interprètes." WC="0.99" CC="151002086003"/>
					</TextLine>
				</TextBlock>
				<TextBlock ID="P31_TB00007" HPOS="1852" VPOS="1396" WIDTH="82" HEIGHT="47" STYLEREFS="TXT_4 PAR_RIGHT">
					<TextLine ID="P31_TL00021" HPOS="1855" VPOS="1398" WIDTH="76" HEIGHT="42">
						<String ID="P31_ST00211" HPOS="1855" VPOS="1398" WIDTH="76" HEIGHT="42" CONTENT="w." WC="0.96" CC="00"/>
					</TextLine>
				</TextBlock>
				<TextBlock ID="P31_TB00008" HPOS="738" VPOS="1726" WIDTH="451" HEIGHT="47" STYLEREFS="TXT_5 PAR_LEFT">
					<TextLine ID="P31_TL00022" HPOS="739" VPOS="1730" WIDTH="447" HEIGHT="40">
						<String ID="P31_ST00212" HPOS="739" VPOS="1730" WIDTH="120" HEIGHT="40" CONTENT="Nos" WC="0.98" CC="005"/>
						<SP ID="P31_SP00191" HPOS="859" VPOS="1770" WIDTH="40"/>
						<String ID="P31_ST00213" HPOS="899" VPOS="1739" WIDTH="287" HEIGHT="31" CONTENT="concours" WC="0.99" CC="00512060"/>
						<SP ID="P31_SP00192" HPOS="1186" VPOS="1770" WIDTH="0"/>
					</TextLine>
				</TextBlock>
				<TextBlock ID="P31_TB00009" HPOS="1217" VPOS="1725" WIDTH="320" HEIGHT="57" STYLEREFS="TXT_2 PAR_RIGHT">
					<TextLine ID="P31_TL00023" HPOS="1221" VPOS="1726" WIDTH="316" HEIGHT="55">
						<String ID="P31_ST00214" HPOS="1221" VPOS="1726" WIDTH="138" HEIGHT="43" CONTENT="(Suite" WC="0.98" CC="107043"/>
						<SP ID="P31_SP00193" HPOS="1359" VPOS="1769" WIDTH="24"/>
						<String ID="P31_ST00215" HPOS="1383" VPOS="1734" WIDTH="36" HEIGHT="35" CONTENT="et" WC="1.00" CC="00"/>
						<SP ID="P31_SP00194" HPOS="1419" VPOS="1769" WIDTH="18"/>
						<String ID="P31_ST00216" HPOS="1437" VPOS="1726" WIDTH="100" HEIGHT="55" CONTENT="fin)." WC="0.97" CC="43364"/>
					</TextLine>
				</TextBlock>
				<TextBlock ID="P31_TB00010" HPOS="121" VPOS="1873" WIDTH="2048" HEIGHT="654" STYLEREFS="TXT_2 PAR_LEFT">
					<TextLine ID="P31_TL00024" HPOS="183" VPOS="1874" WIDTH="1884" HEIGHT="54">
						<String ID="P31_ST00217" HPOS="183" VPOS="1877" WIDTH="128" HEIGHT="42" CONTENT="Nous" WC="0.99" CC="1040" STYLEREFS="TXT_1"/>
						<SP ID="P31_SP00195" HPOS="311" VPOS="1919" WIDTH="24"/>
						<String ID="P31_ST00218" HPOS="335" VPOS="1891" WIDTH="142" HEIGHT="27" CONTENT="avons" WC="0.98" CC="06060" STYLEREFS="TXT_1"/>
						<SP ID="P31_SP00196" HPOS="477" VPOS="1919" WIDTH="24"/>
						<String ID="P31_ST00219" HPOS="501" VPOS="1891" WIDTH="101" HEIGHT="37" CONTENT="reçu" WC="0.98" CC="7002" STYLEREFS="TXT_1"/>
						<SP ID="P31_SP00197" HPOS="602" VPOS="1928" WIDTH="21"/>
						<String ID="P31_ST00220" HPOS="623" VPOS="1877" WIDTH="63" HEIGHT="40" CONTENT="les" WC="0.99" CC="300" STYLEREFS="TXT_1"/>
						<SP ID="P31_SP00198" HPOS="686" VPOS="1928" WIDTH="21"/>
						<String ID="P31_ST00221" HPOS="707" VPOS="1875" WIDTH="234" HEIGHT="42" CONTENT="nouvelles" WC="1.00" CC="100102402" STYLEREFS="TXT_1"/>
						<SP ID="P31_SP00199" HPOS="941" VPOS="1928" WIDTH="24"/>
						<String ID="P31_ST00222" HPOS="965" VPOS="1877" WIDTH="328" HEIGHT="51" CONTENT="compositions" WC="1.00" CC="105002030040" STYLEREFS="TXT_1"/>
						<SP ID="P31_SP00200" HPOS="1293" VPOS="1928" WIDTH="24"/>
						<String ID="P31_ST00223" HPOS="1317" VPOS="1883" WIDTH="181" HEIGHT="44" CONTENT="portant" WC="1.00" CC="3003000" STYLEREFS="TXT_1"/>
						<SP ID="P31_SP00201" HPOS="1498" VPOS="1928" WIDTH="24"/>
						<String ID="P31_ST00224" HPOS="1522" VPOS="1874" WIDTH="64" HEIGHT="40" CONTENT="les" WC="0.99" CC="020" STYLEREFS="TXT_1"/>
						<SP ID="P31_SP00202" HPOS="1586" VPOS="1928" WIDTH="23"/>
						<String ID="P31_ST00225" HPOS="1609" VPOS="1874" WIDTH="176" HEIGHT="40" CONTENT="devises" WC="0.99" CC="4005000" STYLEREFS="TXT_1"/>
						<SP ID="P31_SP00203" HPOS="1785" VPOS="1928" WIDTH="21"/>
						<String ID="P31_ST00226" HPOS="1806" VPOS="1875" WIDTH="233" HEIGHT="39" CONTENT="suivantes" WC="1.00" CC="003000600" STYLEREFS="TXT_1"/>
						<SP ID="P31_SP00204" HPOS="2039" VPOS="1928" WIDTH="21"/>
						<String ID="P31_ST00227" HPOS="2060" VPOS="1885" WIDTH="7" HEIGHT="28" CONTENT=":" WC="0.42" CC="5" STYLEREFS="TXT_1"/>
					</TextLine>
					<TextLine ID="P31_TL00025" HPOS="182" VPOS="1986" WIDTH="1985" HEIGHT="57">
						<String ID="P31_ST00228" HPOS="182" VPOS="1992" WIDTH="86" HEIGHT="40" CONTENT="Sur" WC="0.98" CC="060"/>
						<SP ID="P31_SP00205" HPOS="268" VPOS="2032" WIDTH="16"/>
						<String ID="P31_ST00229" HPOS="284" VPOS="1990" WIDTH="156" HEIGHT="42" CONTENT="rherbe" WC="0.77" CC="903406"/>
						<SP ID="P31_SP00206" HPOS="440" VPOS="2032" WIDTH="22"/>
						<String ID="P31_ST00230" HPOS="462" VPOS="1990" WIDTH="143" HEIGHT="49" CONTENT="molle," WC="0.98" CC="360043"/>
						<SP ID="P31_SP00207" HPOS="605" VPOS="2039" WIDTH="32"/>
						<String ID="P31_ST00231" HPOS="637" VPOS="1991" WIDTH="109" HEIGHT="39" CONTENT="dans" WC="0.97" CC="0636"/>
						<SP ID="P31_SP00208" HPOS="746" VPOS="2039" WIDTH="19"/>
						<String ID="P31_ST00232" HPOS="765" VPOS="1990" WIDTH="40" HEIGHT="40" CONTENT="la" WC="0.50" CC="09"/>
						<SP ID="P31_SP00209" HPOS="805" VPOS="2039" WIDTH="23"/>
						<String ID="P31_ST00233" HPOS="828" VPOS="1989" WIDTH="107" HEIGHT="51" CONTENT="nuit," WC="0.96" CC="78373"/>
						<SP ID="P31_SP00210" HPOS="935" VPOS="2040" WIDTH="25"/>
						<String ID="P31_ST00234" HPOS="960" VPOS="1990" WIDTH="58" HEIGHT="39" CONTENT="les" WC="0.98" CC="031"/>
						<SP ID="P31_SP00211" HPOS="1018" VPOS="2040" WIDTH="22"/>
						<String ID="P31_ST00235" HPOS="1040" VPOS="1988" WIDTH="147" HEIGHT="52" CONTENT="jeunes" WC="0.99" CC="007300"/>
						<SP ID="P31_SP00212" HPOS="1187" VPOS="2040" WIDTH="12"/>
						<String ID="P31_ST00236" HPOS="1199" VPOS="1988" WIDTH="123" HEIGHT="55" CONTENT="filles" WC="1.00" CC="000000"/>
						<SP ID="P31_SP00213" HPOS="1322" VPOS="2043" WIDTH="23"/>
						<String ID="P31_ST00237" HPOS="1345" VPOS="1995" WIDTH="73" HEIGHT="33" CONTENT="ont" WC="0.96" CC="524"/>
						<SP ID="P31_SP00214" HPOS="1418" VPOS="2043" WIDTH="23"/>
						<String ID="P31_ST00238" HPOS="1441" VPOS="1988" WIDTH="134" HEIGHT="40" CONTENT="dansé" WC="0.98" CC="09400"/>
						<SP ID="P31_SP00215" HPOS="1575" VPOS="2043" WIDTH="22"/>
						<String ID="P31_ST00239" HPOS="1597" VPOS="1994" WIDTH="136" HEIGHT="34" CONTENT="toutes" WC="1.00" CC="006000"/>
						<SP ID="P31_SP00216" HPOS="1733" VPOS="2043" WIDTH="22"/>
						<String ID="P31_ST00240" HPOS="1755" VPOS="1987" WIDTH="212" HEIGHT="40" CONTENT="ensemble" WC="1.00" CC="03000000"/>
						<SP ID="P31_SP00217" HPOS="1967" VPOS="2043" WIDTH="26"/>
						<String ID="P31_ST00241" HPOS="1993" VPOS="1986" WIDTH="174" HEIGHT="51" CONTENT="(Pierre" WC="1.00" CC="3000000" STYLEREFS="TXT_1"/>
					</TextLine>
					<TextLine ID="P31_TL00026" HPOS="126" VPOS="2056" WIDTH="2043" HEIGHT="58">
						<String ID="P31_ST00242" HPOS="126" VPOS="2061" WIDTH="171" HEIGHT="53" CONTENT="Louys," WC="0.84" CC="005004" STYLEREFS="TXT_1"/>
						<SP ID="P31_SP00218" HPOS="297" VPOS="2114" WIDTH="25"/>
						<String ID="P31_ST00243" HPOS="322" VPOS="2062" WIDTH="62" HEIGHT="40" CONTENT="les" WC="0.97" CC="303" STYLEREFS="TXT_1"/>
						<SP ID="P31_SP00219" HPOS="384" VPOS="2114" WIDTH="24"/>
						<String ID="P31_ST00244" HPOS="408" VPOS="2060" WIDTH="243" HEIGHT="42" CONTENT="Chansons" WC="1.00" CC="15000000" STYLEREFS="TXT_1"/>
						<SP ID="P31_SP00220" HPOS="651" VPOS="2114" WIDTH="36"/>
						<String ID="P31_ST00245" HPOS="687" VPOS="2061" WIDTH="54" HEIGHT="39" CONTENT="de" WC="1.00" CC="00" STYLEREFS="TXT_1"/>
						<SP ID="P31_SP00221" HPOS="741" VPOS="2114" WIDTH="25"/>
						<String ID="P31_ST00246" HPOS="766" VPOS="2058" WIDTH="184" HEIGHT="54" CONTENT="Bilitis)." WC="0.88" CC="020000033" STYLEREFS="TXT_1"/>
						<SP ID="P31_SP00222" HPOS="950" VPOS="2114" WIDTH="32"/>
						<String ID="P31_ST00247" HPOS="982" VPOS="2082" WIDTH="54" HEIGHT="5" CONTENT="—" WC="0.20" CC="8" STYLEREFS="TXT_1"/>
						<String ID="P31_ST00248" HPOS="1056" VPOS="2058" WIDTH="73" HEIGHT="40" CONTENT="Au" WC="1.00" CC="00"/>
						<SP ID="P31_SP00223" HPOS="1129" VPOS="2114" WIDTH="35"/>
						<String ID="P31_ST00249" HPOS="1164" VPOS="2058" WIDTH="112" HEIGHT="55" CONTENT="petit" WC="0.99" CC="50130"/>
						<SP ID="P31_SP00224" HPOS="1276" VPOS="2114" WIDTH="28"/>
						<String ID="P31_ST00250" HPOS="1304" VPOS="2056" WIDTH="206" HEIGHT="42" CONTENT="bonheur." WC="1.00" CC="00200006"/>
						<SP ID="P31_SP00225" HPOS="1510" VPOS="2114" WIDTH="35"/>
						<String ID="P31_ST00251" HPOS="1545" VPOS="2056" WIDTH="129" HEIGHT="40" CONTENT="—ln" WC="0.91" CC="802"/>
						<SP ID="P31_SP00226" HPOS="1674" VPOS="2114" WIDTH="36"/>
						<String ID="P31_ST00252" HPOS="1710" VPOS="2056" WIDTH="120" HEIGHT="41" CONTENT="tenui" WC="0.84" CC="30030"/>
						<SP ID="P31_SP00227" HPOS="1830" VPOS="2114" WIDTH="35"/>
						<String ID="P31_ST00253" HPOS="1865" VPOS="2057" WIDTH="139" HEIGHT="40" CONTENT="labor." WC="0.78" CC="080004"/>
						<String ID="P31_ST00254" HPOS="2023" VPOS="2080" WIDTH="52" HEIGHT="4" CONTENT="—" WC="0.20" CC="8"/>
						<SP ID="P31_SP00228" HPOS="2075" VPOS="2114" WIDTH="35"/>
						<String ID="P31_ST00255" HPOS="2110" VPOS="2056" WIDTH="59" HEIGHT="41" CONTENT="Le" WC="1.00" CC="00"/>
					</TextLine>
					<TextLine ID="P31_TL00027" HPOS="126" VPOS="2125" WIDTH="2043" HEIGHT="60">
						<String ID="P31_ST00256" HPOS="126" VPOS="2131" WIDTH="164" HEIGHT="54" CONTENT="rythme" WC="0.99" CC="800000"/>
						<SP ID="P31_SP00229" HPOS="290" VPOS="2185" WIDTH="28"/>
						<String ID="P31_ST00257" HPOS="318" VPOS="2138" WIDTH="58" HEIGHT="33" CONTENT="est" WC="1.00" CC="000"/>
						<SP ID="P31_SP00230" HPOS="376" VPOS="2185" WIDTH="29"/>
						<String ID="P31_ST00258" HPOS="405" VPOS="2129" WIDTH="211" HEIGHT="42" CONTENT="Vélément" WC="0.80" CC="61040011"/>
						<SP ID="P31_SP00231" HPOS="616" VPOS="2185" WIDTH="31"/>
						<String ID="P31_ST00259" HPOS="647" VPOS="2129" WIDTH="211" HEIGHT="41" CONTENT="masculin" WC="0.99" CC="09077000"/>
						<SP ID="P31_SP00232" HPOS="858" VPOS="2185" WIDTH="33"/>
						<String ID="P31_ST00260" HPOS="891" VPOS="2129" WIDTH="51" HEIGHT="40" CONTENT="de" WC="1.00" CC="00"/>
						<SP ID="P31_SP00233" HPOS="942" VPOS="2185" WIDTH="23"/>
						<String ID="P31_ST00261" HPOS="965" VPOS="2129" WIDTH="42" HEIGHT="40" CONTENT="la" WC="1.00" CC="00"/>
						<SP ID="P31_SP00234" HPOS="1007" VPOS="2185" WIDTH="28"/>
						<String ID="P31_ST00262" HPOS="1035" VPOS="2142" WIDTH="193" HEIGHT="40" CONTENT="musique" WC="0.99" CC="0402320"/>
						<SP ID="P31_SP00235" HPOS="1228" VPOS="2185" WIDTH="25"/>
						<String ID="P31_ST00263" HPOS="1253" VPOS="2143" WIDTH="11" HEIGHT="33" CONTENT=";" WC="0.62" CC="3"/>
						<SP ID="P31_SP00236" HPOS="1264" VPOS="2185" WIDTH="31"/>
						<String ID="P31_ST00264" HPOS="1295" VPOS="2128" WIDTH="42" HEIGHT="40" CONTENT="la" WC="1.00" CC="00"/>
						<SP ID="P31_SP00237" HPOS="1337" VPOS="2185" WIDTH="22"/>
						<String ID="P31_ST00265" HPOS="1359" VPOS="2128" WIDTH="184" HEIGHT="40" CONTENT="mélodie" WC="0.99" CC="9000030"/>
						<SP ID="P31_SP00238" HPOS="1543" VPOS="2185" WIDTH="30"/>
						<String ID="P31_ST00266" HPOS="1573" VPOS="2142" WIDTH="50" HEIGHT="24" CONTENT="en" WC="0.84" CC="03"/>
						<SP ID="P31_SP00239" HPOS="1623" VPOS="2185" WIDTH="30"/>
						<String ID="P31_ST00267" HPOS="1653" VPOS="2133" WIDTH="59" HEIGHT="34" CONTENT="est" WC="1.00" CC="000"/>
						<SP ID="P31_SP00240" HPOS="1712" VPOS="2185" WIDTH="29"/>
						<String ID="P31_ST00268" HPOS="1741" VPOS="2125" WIDTH="211" HEIGHT="41" CONTENT="Vélément" WC="0.69" CC="60038060"/>
						<SP ID="P31_SP00241" HPOS="1952" VPOS="2185" WIDTH="17"/>
						<String ID="P31_ST00269" HPOS="1969" VPOS="2126" WIDTH="200" HEIGHT="54" CONTENT="jéminin" WC="0.85" CC="6040000"/>
					</TextLine>
					<TextLine ID="P31_TL00028" HPOS="129" VPOS="2194" WIDTH="2040" HEIGHT="61">
						<String ID="P31_ST00270" HPOS="129" VPOS="2198" WIDTH="56" HEIGHT="56" CONTENT="(J." WC="0.63" CC="703" STYLEREFS="TXT_1"/>
						<SP ID="P31_SP00242" HPOS="185" VPOS="2254" WIDTH="28"/>
						<String ID="P31_ST00271" HPOS="213" VPOS="2197" WIDTH="87" HEIGHT="55" CONTENT="C.)." WC="0.95" CC="0001" STYLEREFS="TXT_1"/>
						<SP ID="P31_SP00243" HPOS="300" VPOS="2254" WIDTH="105"/>
						<String ID="P31_ST00272" HPOS="405" VPOS="2198" WIDTH="114" HEIGHT="50" CONTENT="Quot" WC="0.80" CC="0106"/>
						<SP ID="P31_SP00244" HPOS="519" VPOS="2254" WIDTH="22"/>
						<String ID="P31_ST00273" HPOS="541" VPOS="2199" WIDTH="159" HEIGHT="56" CONTENT="capita," WC="0.75" CC="0000573"/>
						<SP ID="P31_SP00245" HPOS="700" VPOS="2255" WIDTH="27"/>
						<String ID="P31_ST00274" HPOS="727" VPOS="2205" WIDTH="59" HEIGHT="34" CONTENT="tôt" WC="1.00" CC="000"/>
						<SP ID="P31_SP00246" HPOS="786" VPOS="2255" WIDTH="21"/>
						<String ID="P31_ST00275" HPOS="807" VPOS="2213" WIDTH="164" HEIGHT="25" CONTENT="sensus." WC="0.83" CC="0000704"/>
						<SP ID="P31_SP00247" HPOS="971" VPOS="2255" WIDTH="101"/>
						<String ID="P31_ST00276" HPOS="1072" VPOS="2197" WIDTH="209" HEIGHT="40" CONTENT="L'aurore" WC="0.99" CC="07030000"/>
						<SP ID="P31_SP00248" HPOS="1281" VPOS="2255" WIDTH="24"/>
						<String ID="P31_ST00277" HPOS="1305" VPOS="2196" WIDTH="291" HEIGHT="55" CONTENT="apparaissait" WC="0.99" CC="654700000003"/>
						<SP ID="P31_SP00249" HPOS="1596" VPOS="2255" WIDTH="32"/>
						<String ID="P31_ST00278" HPOS="1628" VPOS="2195" WIDTH="176" HEIGHT="51" CONTENT="(Victor" WC="1.00" CC="0000400" STYLEREFS="TXT_1"/>
						<SP ID="P31_SP00250" HPOS="1804" VPOS="2255" WIDTH="23"/>
						<String ID="P31_ST00279" HPOS="1827" VPOS="2194" WIDTH="170" HEIGHT="54" CONTENT="Hugo)." WC="0.97" CC="879023" STYLEREFS="TXT_1"/>
						<SP ID="P31_SP00251" HPOS="1997" VPOS="2255" WIDTH="105"/>
						<String ID="P31_ST00280" HPOS="2102" VPOS="2194" WIDTH="67" HEIGHT="41" CONTENT="Un" WC="0.87" CC="02"/>
					</TextLine>
					<TextLine ID="P31_TL00029" HPOS="129" VPOS="2265" WIDTH="1980" HEIGHT="58">
						<String ID="P31_ST00281" HPOS="129" VPOS="2269" WIDTH="109" HEIGHT="40" CONTENT="tiens" WC="0.97" CC="50058"/>
						<SP ID="P31_SP00252" HPOS="238" VPOS="2309" WIDTH="23"/>
						<String ID="P31_ST00282" HPOS="261" VPOS="2275" WIDTH="99" HEIGHT="35" CONTENT="vaut" WC="1.00" CC="0001"/>
						<SP ID="P31_SP00253" HPOS="360" VPOS="2310" WIDTH="14"/>
						<String ID="P31_ST00283" HPOS="374" VPOS="2269" WIDTH="143" HEIGHT="40" CONTENT="mieux" WC="1.00" CC="00002"/>
						<SP ID="P31_SP00254" HPOS="517" VPOS="2310" WIDTH="10"/>
						<String ID="P31_ST00284" HPOS="527" VPOS="2284" WIDTH="78" HEIGHT="39" CONTENT="que" WC="1.00" CC="000"/>
						<SP ID="P31_SP00255" HPOS="605" VPOS="2323" WIDTH="17"/>
						<String ID="P31_ST00285" HPOS="622" VPOS="2270" WIDTH="111" HEIGHT="39" CONTENT="deux" WC="1.00" CC="0000"/>
						<SP ID="P31_SP00256" HPOS="733" VPOS="2323" WIDTH="17"/>
						<String ID="P31_ST00286" HPOS="750" VPOS="2275" WIDTH="42" HEIGHT="34" CONTENT="tu" WC="0.92" CC="10"/>
						<SP ID="P31_SP00257" HPOS="792" VPOS="2323" WIDTH="18"/>
						<String ID="P31_ST00287" HPOS="810" VPOS="2269" WIDTH="175" HEIGHT="40" CONTENT="ïauras." WC="0.84" CC="6000004"/>
						<String ID="P31_ST00288" HPOS="997" VPOS="2291" WIDTH="45" HEIGHT="4" CONTENT="—" WC="0.20" CC="8"/>
						<SP ID="P31_SP00258" HPOS="1042" VPOS="2323" WIDTH="19"/>
						<String ID="P31_ST00289" HPOS="1061" VPOS="2267" WIDTH="66" HEIGHT="40" CONTENT="De" WC="1.00" CC="00"/>
						<SP ID="P31_SP00259" HPOS="1127" VPOS="2323" WIDTH="15"/>
						<String ID="P31_ST00290" HPOS="1142" VPOS="2282" WIDTH="118" HEIGHT="27" CONTENT="verre" WC="1.00" CC="00000"/>
						<SP ID="P31_SP00260" HPOS="1260" VPOS="2323" WIDTH="11"/>
						<String ID="P31_ST00291" HPOS="1271" VPOS="2274" WIDTH="114" HEIGHT="48" CONTENT="pour" WC="0.98" CC="9000"/>
						<SP ID="P31_SP00261" HPOS="1385" VPOS="2323" WIDTH="15"/>
						<String ID="P31_ST00292" HPOS="1400" VPOS="2270" WIDTH="161" HEIGHT="51" CONTENT="gémir," WC="0.99" CC="000007"/>
						<SP ID="P31_SP00262" HPOS="1561" VPOS="2323" WIDTH="17"/>
						<String ID="P31_ST00293" HPOS="1578" VPOS="2265" WIDTH="191" HEIGHT="41" CONTENT="d'airain" WC="1.00" CC="01000004"/>
						<SP ID="P31_SP00263" HPOS="1769" VPOS="2323" WIDTH="14"/>
						<String ID="P31_ST00294" HPOS="1783" VPOS="2274" WIDTH="119" HEIGHT="46" CONTENT="pour" WC="0.97" CC="0066"/>
						<SP ID="P31_SP00264" HPOS="1902" VPOS="2323" WIDTH="17"/>
						<String ID="P31_ST00295" HPOS="1919" VPOS="2269" WIDTH="190" HEIGHT="36" CONTENT="résister." WC="0.99" CC="630050004"/>
						<SP ID="P31_SP00265" HPOS="2109" VPOS="2323" WIDTH="0"/>
					</TextLine>
					<TextLine ID="P31_TL00030" HPOS="130" VPOS="2335" WIDTH="2039" HEIGHT="58">
						<String ID="P31_ST00296" HPOS="130" VPOS="2338" WIDTH="66" HEIGHT="40" CONTENT="Ire" WC="1.00" CC="000"/>
						<SP ID="P31_SP00266" HPOS="196" VPOS="2378" WIDTH="35"/>
						<String ID="P31_ST00297" HPOS="231" VPOS="2345" WIDTH="37" HEIGHT="33" CONTENT="et" WC="1.00" CC="00"/>
						<SP ID="P31_SP00267" HPOS="268" VPOS="2378" WIDTH="31"/>
						<String ID="P31_ST00298" HPOS="299" VPOS="2338" WIDTH="161" HEIGHT="41" CONTENT="lœtare." WC="0.92" CC="0200003"/>
						<SP ID="P31_SP00268" HPOS="460" VPOS="2379" WIDTH="101"/>
						<String ID="P31_ST00299" HPOS="561" VPOS="2338" WIDTH="57" HEIGHT="40" CONTENT="Le" WC="1.00" CC="00"/>
						<SP ID="P31_SP00269" HPOS="618" VPOS="2379" WIDTH="26"/>
						<String ID="P31_ST00300" HPOS="644" VPOS="2338" WIDTH="153" HEIGHT="54" CONTENT="simple" WC="1.00" CC="500000"/>
						<SP ID="P31_SP00270" HPOS="797" VPOS="2392" WIDTH="28"/>
						<String ID="P31_ST00301" HPOS="825" VPOS="2338" WIDTH="113" HEIGHT="55" CONTENT="plaît" WC="0.97" CC="80640"/>
						<SP ID="P31_SP00271" HPOS="938" VPOS="2393" WIDTH="36"/>
						<String ID="P31_ST00302" HPOS="974" VPOS="2352" WIDTH="85" HEIGHT="26" CONTENT="aux" WC="1.00" CC="000"/>
						<SP ID="P31_SP00272" HPOS="1059" VPOS="2393" WIDTH="22"/>
						<String ID="P31_ST00303" HPOS="1081" VPOS="2336" WIDTH="140" HEIGHT="55" CONTENT="petits." WC="0.99" CC="0040007"/>
						<SP ID="P31_SP00273" HPOS="1221" VPOS="2393" WIDTH="112"/>
						<String ID="P31_ST00304" HPOS="1333" VPOS="2336" WIDTH="248" HEIGHT="40" CONTENT="Lœtamini." WC="0.79" CC="051040104"/>
						<SP ID="P31_SP00274" HPOS="1581" VPOS="2393" WIDTH="107"/>
						<String ID="P31_ST00305" HPOS="1688" VPOS="2335" WIDTH="206" HEIGHT="54" CONTENT="Regarde" WC="1.00" CC="0000000"/>
						<SP ID="P31_SP00275" HPOS="1894" VPOS="2393" WIDTH="35"/>
						<String ID="P31_ST00306" HPOS="1929" VPOS="2341" WIDTH="73" HEIGHT="34" CONTENT="ton" WC="0.99" CC="200"/>
						<SP ID="P31_SP00276" HPOS="2002" VPOS="2393" WIDTH="26"/>
						<String ID="P31_ST00307" HPOS="2028" VPOS="2335" WIDTH="71" HEIGHT="40" CONTENT="but" WC="0.97" CC="041"/>
						<SP ID="P31_SP00277" HPOS="2099" VPOS="2393" WIDTH="35"/>
						<String ID="P31_ST00308" HPOS="2134" VPOS="2340" WIDTH="35" HEIGHT="34" CONTENT="et" WC="0.94" CC="01"/>
					</TextLine>
					<TextLine ID="P31_TL00031" HPOS="130" VPOS="2403" WIDTH="1959" HEIGHT="57">
						<String ID="P31_ST00309" HPOS="130" VPOS="2406" WIDTH="185" HEIGHT="41" CONTENT="marche." WC="0.99" CC="0005604"/>
						<SP ID="P31_SP00278" HPOS="315" VPOS="2447" WIDTH="99"/>
						<String ID="P31_ST00310" HPOS="414" VPOS="2408" WIDTH="295" HEIGHT="40" CONTENT="Permamero." WC="0.96" CC="0000000003"/>
						<SP ID="P31_SP00279" HPOS="709" VPOS="2448" WIDTH="104"/>
						<String ID="P31_ST00311" HPOS="813" VPOS="2406" WIDTH="82" HEIGHT="42" CONTENT="Nil" WC="1.00" CC="000"/>
						<SP ID="P31_SP00280" HPOS="895" VPOS="2448" WIDTH="41"/>
						<String ID="P31_ST00312" HPOS="936" VPOS="2406" WIDTH="329" HEIGHT="54" CONTENT="desperandum." WC="0.88" CC="000000050044"/>
						<SP ID="P31_SP00281" HPOS="1265" VPOS="2460" WIDTH="101"/>
						<String ID="P31_ST00313" HPOS="1366" VPOS="2404" WIDTH="38" HEIGHT="40" CONTENT="Il" WC="0.97" CC="00"/>
						<SP ID="P31_SP00282" HPOS="1404" VPOS="2460" WIDTH="29"/>
						<String ID="P31_ST00314" HPOS="1433" VPOS="2411" WIDTH="58" HEIGHT="33" CONTENT="est" WC="0.99" CC="002"/>
						<SP ID="P31_SP00283" HPOS="1491" VPOS="2460" WIDTH="40"/>
						<String ID="P31_ST00315" HPOS="1531" VPOS="2404" WIDTH="82" HEIGHT="40" CONTENT="bon" WC="1.00" CC="000"/>
						<SP ID="P31_SP00284" HPOS="1613" VPOS="2460" WIDTH="24"/>
						<String ID="P31_ST00316" HPOS="1637" VPOS="2404" WIDTH="51" HEIGHT="39" CONTENT="de" WC="1.00" CC="00"/>
						<SP ID="P31_SP00285" HPOS="1688" VPOS="2460" WIDTH="23"/>
						<String ID="P31_ST00317" HPOS="1711" VPOS="2403" WIDTH="79" HEIGHT="40" CONTENT="lire" WC="0.98" CC="0700"/>
						<SP ID="P31_SP00286" HPOS="1790" VPOS="2460" WIDTH="36"/>
						<String ID="P31_ST00318" HPOS="1826" VPOS="2409" WIDTH="38" HEIGHT="34" CONTENT="et" WC="0.93" CC="01"/>
						<SP ID="P31_SP00287" HPOS="1864" VPOS="2460" WIDTH="34"/>
						<String ID="P31_ST00319" HPOS="1898" VPOS="2403" WIDTH="191" HEIGHT="41" CONTENT="d'écrire." WC="1.00" CC="000500004"/>
						<SP ID="P31_SP00288" HPOS="2089" VPOS="2460" WIDTH="0"/>
					</TextLine>
					<TextLine ID="P31_TL00032" HPOS="129" VPOS="2476" WIDTH="567" HEIGHT="51">
						<String ID="P31_ST00320" HPOS="129" VPOS="2476" WIDTH="218" HEIGHT="41" CONTENT="Abbiamo" WC="1.00" CC="0000000"/>
						<SP ID="P31_SP00289" HPOS="347" VPOS="2517" WIDTH="32"/>
						<String ID="P31_ST00321" HPOS="379" VPOS="2491" WIDTH="87" HEIGHT="25" CONTENT="11110" WC="0.64" CC="64510"/>
						<SP ID="P31_SP00290" HPOS="466" VPOS="2517" WIDTH="38"/>
						<String ID="P31_ST00322" HPOS="504" VPOS="2476" WIDTH="192" HEIGHT="51" CONTENT="fratello." WC="0.93" CC="100000004"/>
					</TextLine>
				</TextBlock>
				<TextBlock ID="P31_TB00011" HPOS="488" VPOS="2775" WIDTH="1326" HEIGHT="56" STYLEREFS="TXT_5 PAR_CENTER">
					<TextLine ID="P31_TL00033" HPOS="489" VPOS="2777" WIDTH="1325" HEIGHT="54">
						<String ID="P31_ST00323" HPOS="489" VPOS="2788" WIDTH="310" HEIGHT="43" CONTENT="Exercices" WC="1.00" CC="000600002"/>
						<SP ID="P31_SP00291" HPOS="799" VPOS="2831" WIDTH="39"/>
						<String ID="P31_ST00324" HPOS="838" VPOS="2783" WIDTH="358" HEIGHT="44" CONTENT="d'harmonie" WC="0.99" CC="5362020120"/>
						<SP ID="P31_SP00292" HPOS="1196" VPOS="2831" WIDTH="37"/>
						<String ID="P31_ST00325" HPOS="1233" VPOS="2783" WIDTH="57" HEIGHT="40" CONTENT="et" WC="0.98" CC="00"/>
						<SP ID="P31_SP00293" HPOS="1290" VPOS="2831" WIDTH="42"/>
						<String ID="P31_ST00326" HPOS="1332" VPOS="2781" WIDTH="69" HEIGHT="42" CONTENT="de" WC="1.00" CC="00"/>
						<SP ID="P31_SP00294" HPOS="1401" VPOS="2831" WIDTH="32"/>
						<String ID="P31_ST00327" HPOS="1433" VPOS="2777" WIDTH="381" HEIGHT="54" CONTENT="contrepoint." WC="1.00" CC="001200700414"/>
					</TextLine>
				</TextBlock>
				<TextBlock ID="P31_TB00012" HPOS="122" VPOS="2941" WIDTH="2053" HEIGHT="589" STYLEREFS="TXT_6 PAR_LEFT">
					<TextLine ID="P31_TL00034" HPOS="190" VPOS="2942" WIDTH="1980" HEIGHT="62">
						<String ID="P31_ST00328" HPOS="190" VPOS="2954" WIDTH="128" HEIGHT="43" CONTENT="Nous" WC="0.99" CC="4000" STYLEREFS="TXT_1"/>
						<SP ID="P31_SP00295" HPOS="318" VPOS="2997" WIDTH="33"/>
						<String ID="P31_ST00329" HPOS="351" VPOS="2967" WIDTH="143" HEIGHT="29" CONTENT="avons" WC="0.99" CC="00060" STYLEREFS="TXT_1"/>
						<SP ID="P31_SP00296" HPOS="494" VPOS="2997" WIDTH="24"/>
						<String ID="P31_ST00330" HPOS="518" VPOS="2966" WIDTH="119" HEIGHT="38" CONTENT="reçu," WC="1.00" CC="00030" STYLEREFS="TXT_1"/>
						<SP ID="P31_SP00297" HPOS="637" VPOS="3004" WIDTH="23"/>
						<String ID="P31_ST00331" HPOS="660" VPOS="2964" WIDTH="55" HEIGHT="28" CONTENT="en" WC="0.91" CC="10" STYLEREFS="TXT_1"/>
						<SP ID="P31_SP00298" HPOS="715" VPOS="3004" WIDTH="33"/>
						<String ID="P31_ST00332" HPOS="748" VPOS="2954" WIDTH="191" HEIGHT="50" CONTENT="réponse" WC="0.99" CC="0503000" STYLEREFS="TXT_1"/>
						<SP ID="P31_SP00299" HPOS="939" VPOS="3004" WIDTH="21"/>
						<String ID="P31_ST00333" HPOS="960" VPOS="2953" WIDTH="23" HEIGHT="36" CONTENT="à" WC="1.00" CC="0" STYLEREFS="TXT_1"/>
						<SP ID="P31_SP00300" HPOS="983" VPOS="3004" WIDTH="34"/>
						<String ID="P31_ST00334" HPOS="1017" VPOS="2948" WIDTH="39" HEIGHT="41" CONTENT="la" WC="0.94" CC="10" STYLEREFS="TXT_1"/>
						<SP ID="P31_SP00301" HPOS="1056" VPOS="3004" WIDTH="26"/>
						<String ID="P31_ST00335" HPOS="1082" VPOS="2948" WIDTH="209" HEIGHT="52" CONTENT="question" WC="0.99" CC="00003470" STYLEREFS="TXT_1"/>
						<SP ID="P31_SP00302" HPOS="1291" VPOS="3004" WIDTH="36"/>
						<String ID="P31_ST00336" HPOS="1327" VPOS="2951" WIDTH="137" HEIGHT="48" CONTENT="posée" WC="0.99" CC="00060" STYLEREFS="TXT_1"/>
						<SP ID="P31_SP00303" HPOS="1464" VPOS="3004" WIDTH="36"/>
						<String ID="P31_ST00337" HPOS="1500" VPOS="2944" WIDTH="116" HEIGHT="41" CONTENT="dans" WC="1.00" CC="0002" STYLEREFS="TXT_1"/>
						<SP ID="P31_SP00304" HPOS="1616" VPOS="3004" WIDTH="22"/>
						<String ID="P31_ST00338" HPOS="1638" VPOS="2953" WIDTH="130" HEIGHT="32" CONTENT="notre" WC="1.00" CC="00010" STYLEREFS="TXT_1"/>
						<SP ID="P31_SP00305" HPOS="1768" VPOS="3004" WIDTH="21"/>
						<String ID="P31_ST00339" HPOS="1789" VPOS="2944" WIDTH="179" HEIGHT="41" CONTENT="dernier" WC="0.99" CC="5202403" STYLEREFS="TXT_1"/>
						<SP ID="P31_SP00306" HPOS="1968" VPOS="3004" WIDTH="32"/>
						<String ID="P31_ST00340" HPOS="2000" VPOS="2942" WIDTH="170" HEIGHT="50" CONTENT="article," WC="1.00" CC="00002404" STYLEREFS="TXT_1"/>
					</TextLine>
					<TextLine ID="P31_TL00035" HPOS="134" VPOS="3011" WIDTH="2040" HEIGHT="69">
						<String ID="P31_ST00341" HPOS="134" VPOS="3028" WIDTH="226" HEIGHT="52" CONTENT="plusieurs" WC="1.00" CC="000000100" STYLEREFS="TXT_1"/>
						<SP ID="P31_SP00307" HPOS="360" VPOS="3080" WIDTH="23"/>
						<String ID="P31_ST00342" HPOS="383" VPOS="3025" WIDTH="151" HEIGHT="41" CONTENT="lettres" WC="1.00" CC="0051000" STYLEREFS="TXT_1"/>
						<SP ID="P31_SP00308" HPOS="534" VPOS="3080" WIDTH="21"/>
						<String ID="P31_ST00343" HPOS="555" VPOS="3034" WIDTH="7" HEIGHT="38" CONTENT=";" WC="1.00" CC="0" STYLEREFS="TXT_1"/>
						<SP ID="P31_SP00309" HPOS="562" VPOS="3080" WIDTH="27"/>
						<String ID="P31_ST00344" HPOS="589" VPOS="3023" WIDTH="39" HEIGHT="39" CONTENT="la" WC="1.00" CC="00" STYLEREFS="TXT_1"/>
						<SP ID="P31_SP00310" HPOS="628" VPOS="3080" WIDTH="27"/>
						<String ID="P31_ST00345" HPOS="655" VPOS="3023" WIDTH="206" HEIGHT="39" CONTENT="suivante" WC="0.99" CC="03309200" STYLEREFS="TXT_1"/>
						<SP ID="P31_SP00311" HPOS="861" VPOS="3080" WIDTH="20"/>
						<String ID="P31_ST00346" HPOS="881" VPOS="3032" WIDTH="116" HEIGHT="28" CONTENT="nous" WC="1.00" CC="0000" STYLEREFS="TXT_1"/>
						<SP ID="P31_SP00312" HPOS="997" VPOS="3080" WIDTH="19"/>
						<String ID="P31_ST00347" HPOS="1016" VPOS="3022" WIDTH="146" HEIGHT="49" CONTENT="paraît" WC="0.98" CC="006454" STYLEREFS="TXT_1"/>
						<SP ID="P31_SP00313" HPOS="1162" VPOS="3080" WIDTH="19"/>
						<String ID="P31_ST00348" HPOS="1181" VPOS="3017" WIDTH="174" HEIGHT="40" CONTENT="donner" WC="1.00" CC="005000" STYLEREFS="TXT_1"/>
						<SP ID="P31_SP00314" HPOS="1355" VPOS="3080" WIDTH="19"/>
						<String ID="P31_ST00349" HPOS="1374" VPOS="3015" WIDTH="218" HEIGHT="52" CONTENT="l'analyse" WC="0.99" CC="240603300" STYLEREFS="TXT_1"/>
						<SP ID="P31_SP00315" HPOS="1592" VPOS="3080" WIDTH="22"/>
						<String ID="P31_ST00350" HPOS="1614" VPOS="3015" WIDTH="39" HEIGHT="40" CONTENT="la" WC="0.88" CC="20" STYLEREFS="TXT_1"/>
						<SP ID="P31_SP00316" HPOS="1653" VPOS="3080" WIDTH="21"/>
						<String ID="P31_ST00351" HPOS="1674" VPOS="3014" WIDTH="100" HEIGHT="52" CONTENT="plus" WC="0.99" CC="0040" STYLEREFS="TXT_1"/>
						<SP ID="P31_SP00317" HPOS="1774" VPOS="3080" WIDTH="16"/>
						<String ID="P31_ST00352" HPOS="1790" VPOS="3013" WIDTH="136" HEIGHT="40" CONTENT="claire" WC="0.99" CC="324000" STYLEREFS="TXT_1"/>
						<SP ID="P31_SP00318" HPOS="1926" VPOS="3080" WIDTH="19"/>
						<String ID="P31_ST00353" HPOS="1945" VPOS="3020" WIDTH="42" HEIGHT="33" CONTENT="et" WC="0.73" CC="05" STYLEREFS="TXT_1"/>
						<SP ID="P31_SP00319" HPOS="1987" VPOS="3080" WIDTH="24"/>
						<String ID="P31_ST00354" HPOS="2011" VPOS="3013" WIDTH="38" HEIGHT="39" CONTENT="la" WC="1.00" CC="00" STYLEREFS="TXT_1"/>
						<SP ID="P31_SP00320" HPOS="2049" VPOS="3080" WIDTH="23"/>
						<String ID="P31_ST00355" HPOS="2072" VPOS="3011" WIDTH="102" HEIGHT="53" CONTENT="plus" WC="1.00" CC="0000" STYLEREFS="TXT_1"/>
					</TextLine>
					<TextLine ID="P31_TL00036" HPOS="130" VPOS="3090" WIDTH="925" HEIGHT="59">
						<String ID="P31_ST00356" HPOS="130" VPOS="3098" WIDTH="174" HEIGHT="51" CONTENT="précise" WC="0.98" CC="5463043" STYLEREFS="TXT_1"/>
						<SP ID="P31_SP00321" HPOS="304" VPOS="3149" WIDTH="23"/>
						<String ID="P31_ST00357" HPOS="327" VPOS="3095" WIDTH="59" HEIGHT="41" CONTENT="du" WC="0.78" CC="04" STYLEREFS="TXT_1"/>
						<SP ID="P31_SP00322" HPOS="386" VPOS="3149" WIDTH="19"/>
						<String ID="P31_ST00358" HPOS="405" VPOS="3106" WIDTH="194" HEIGHT="41" CONTENT="passage" WC="0.98" CC="4401274" STYLEREFS="TXT_1"/>
						<SP ID="P31_SP00323" HPOS="599" VPOS="3149" WIDTH="23"/>
						<String ID="P31_ST00359" HPOS="622" VPOS="3105" WIDTH="86" HEIGHT="39" CONTENT="que" WC="0.97" CC="420" STYLEREFS="TXT_1"/>
						<SP ID="P31_SP00324" HPOS="708" VPOS="3149" WIDTH="22"/>
						<String ID="P31_ST00360" HPOS="730" VPOS="3103" WIDTH="115" HEIGHT="28" CONTENT="nous" WC="0.99" CC="3000" STYLEREFS="TXT_1"/>
						<SP ID="P31_SP00325" HPOS="845" VPOS="3149" WIDTH="20"/>
						<String ID="P31_ST00361" HPOS="865" VPOS="3090" WIDTH="160" HEIGHT="40" CONTENT="citions" WC="0.99" CC="0055050" STYLEREFS="TXT_1"/>
						<SP ID="P31_SP00326" HPOS="1025" VPOS="3149" WIDTH="22"/>
						<String ID="P31_ST00362" HPOS="1047" VPOS="3102" WIDTH="8" HEIGHT="26" CONTENT=":" WC="1.00" CC="0" STYLEREFS="TXT_1"/>
					</TextLine>
					<TextLine ID="P31_TL00037" HPOS="489" VPOS="3237" WIDTH="473" HEIGHT="39">
						<String ID="P31_ST00363" HPOS="489" VPOS="3237" WIDTH="188" HEIGHT="33" CONTENT="Monsieur" WC="0.99" CC="03701027"/>
						<SP ID="P31_SP00327" HPOS="677" VPOS="3270" WIDTH="20"/>
						<String ID="P31_ST00364" HPOS="697" VPOS="3239" WIDTH="31" HEIGHT="31" CONTENT="le" WC="0.54" CC="35"/>
						<SP ID="P31_SP00328" HPOS="728" VPOS="3270" WIDTH="28"/>
						<String ID="P31_ST00365" HPOS="756" VPOS="3237" WIDTH="206" HEIGHT="39" CONTENT="Directeur," WC="0.99" CC="6551040070"/>
					</TextLine>
					<TextLine ID="P31_TL00038" HPOS="181" VPOS="3336" WIDTH="1994" HEIGHT="51">
						<String ID="P31_ST00366" HPOS="181" VPOS="3347" WIDTH="114" HEIGHT="32" CONTENT="Votre" WC="0.98" CC="50500"/>
						<SP ID="P31_SP00329" HPOS="295" VPOS="3379" WIDTH="22"/>
						<String ID="P31_ST00367" HPOS="317" VPOS="3346" WIDTH="117" HEIGHT="32" CONTENT="Revue" WC="0.98" CC="06007" STYLEREFS="TXT_7"/>
						<SP ID="P31_SP00330" HPOS="434" VPOS="3379" WIDTH="20"/>
						<String ID="P31_ST00368" HPOS="454" VPOS="3345" WIDTH="47" HEIGHT="32" CONTENT="du" WC="0.97" CC="00"/>
						<SP ID="P31_SP00331" HPOS="501" VPOS="3379" WIDTH="30"/>
						<String ID="P31_ST00369" HPOS="531" VPOS="3354" WIDTH="36" HEIGHT="33" CONTENT="15" WC="0.65" CC="06"/>
						<SP ID="P31_SP00332" HPOS="567" VPOS="3387" WIDTH="31"/>
						<String ID="P31_ST00370" HPOS="598" VPOS="3343" WIDTH="138" HEIGHT="42" CONTENT="janvier" WC="0.99" CC="0164313"/>
						<SP ID="P31_SP00333" HPOS="736" VPOS="3387" WIDTH="18"/>
						<String ID="P31_ST00371" HPOS="754" VPOS="3353" WIDTH="88" HEIGHT="31" CONTENT="pose" WC="1.00" CC="0000"/>
						<SP ID="P31_SP00334" HPOS="842" VPOS="3387" WIDTH="23"/>
						<String ID="P31_ST00372" HPOS="865" VPOS="3344" WIDTH="50" HEIGHT="40" CONTENT="(p." WC="0.96" CC="704"/>
						<SP ID="P31_SP00335" HPOS="915" VPOS="3387" WIDTH="26"/>
						<String ID="P31_ST00373" HPOS="941" VPOS="3354" WIDTH="17" HEIGHT="31" CONTENT="7" WC="0.81" CC="1"/>
						<String ID="P31_ST00374" HPOS="967" VPOS="3342" WIDTH="32" HEIGHT="41" CONTENT="2)" WC="0.37" CC="65" STYLEREFS="TXT_2"/>
						<SP ID="P31_SP00336" HPOS="999" VPOS="3387" WIDTH="26"/>
						<String ID="P31_ST00375" HPOS="1025" VPOS="3352" WIDTH="70" HEIGHT="22" CONTENT="une" WC="0.97" CC="304"/>
						<SP ID="P31_SP00337" HPOS="1095" VPOS="3387" WIDTH="22"/>
						<String ID="P31_ST00376" HPOS="1117" VPOS="3341" WIDTH="172" HEIGHT="43" CONTENT="question" WC="0.99" CC="07015430"/>
						<SP ID="P31_SP00338" HPOS="1289" VPOS="3387" WIDTH="25"/>
						<String ID="P31_ST00377" HPOS="1314" VPOS="3342" WIDTH="19" HEIGHT="31" CONTENT="à" WC="0.98" CC="0"/>
						<SP ID="P31_SP00339" HPOS="1333" VPOS="3387" WIDTH="24"/>
						<String ID="P31_ST00378" HPOS="1357" VPOS="3341" WIDTH="158" HEIGHT="41" CONTENT="laquelle" WC="0.99" CC="50001532"/>
						<SP ID="P31_SP00340" HPOS="1515" VPOS="3387" WIDTH="24"/>
						<String ID="P31_ST00379" HPOS="1539" VPOS="3337" WIDTH="226" HEIGHT="41" CONTENT="répondront" WC="0.99" CC="0004652110"/>
						<SP ID="P31_SP00341" HPOS="1765" VPOS="3387" WIDTH="23"/>
						<String ID="P31_ST00380" HPOS="1788" VPOS="3347" WIDTH="84" HEIGHT="23" CONTENT="sans" WC="1.00" CC="0000"/>
						<SP ID="P31_SP00342" HPOS="1872" VPOS="3387" WIDTH="22"/>
						<String ID="P31_ST00381" HPOS="1894" VPOS="3336" WIDTH="108" HEIGHT="42" CONTENT="peine" WC="1.00" CC="00000"/>
						<SP ID="P31_SP00343" HPOS="2002" VPOS="3387" WIDTH="25"/>
						<String ID="P31_ST00382" HPOS="2027" VPOS="3344" WIDTH="80" HEIGHT="25" CONTENT="tous" WC="0.97" CC="0347"/>
						<SP ID="P31_SP00344" HPOS="2107" VPOS="3387" WIDTH="17"/>
						<String ID="P31_ST00383" HPOS="2124" VPOS="3338" WIDTH="51" HEIGHT="31" CONTENT="les" WC="0.98" CC="500"/>
					</TextLine>
					<TextLine ID="P31_TL00039" HPOS="136" VPOS="3388" WIDTH="2037" HEIGHT="48">
						<String ID="P31_ST00384" HPOS="136" VPOS="3401" WIDTH="158" HEIGHT="30" CONTENT="lecteurs" WC="0.99" CC="62040000"/>
						<SP ID="P31_SP00345" HPOS="294" VPOS="3431" WIDTH="21"/>
						<String ID="P31_ST00385" HPOS="315" VPOS="3397" WIDTH="43" HEIGHT="32" CONTENT="de" WC="0.87" CC="02"/>
						<SP ID="P31_SP00346" HPOS="358" VPOS="3431" WIDTH="32"/>
						<String ID="P31_ST00386" HPOS="390" VPOS="3407" WIDTH="63" HEIGHT="21" CONTENT="vos" WC="0.98" CC="230"/>
						<SP ID="P31_SP00347" HPOS="453" VPOS="3431" WIDTH="20"/>
						<String ID="P31_ST00387" HPOS="473" VPOS="3394" WIDTH="215" HEIGHT="42" CONTENT="précédents" WC="0.99" CC="0643301070"/>
						<SP ID="P31_SP00348" HPOS="688" VPOS="3436" WIDTH="21"/>
						<String ID="P31_ST00388" HPOS="709" VPOS="3394" WIDTH="143" HEIGHT="33" CONTENT="articles" WC="0.99" CC="00633330"/>
						<SP ID="P31_SP00349" HPOS="852" VPOS="3436" WIDTH="23"/>
						<String ID="P31_ST00389" HPOS="875" VPOS="3403" WIDTH="61" HEIGHT="22" CONTENT="sur" WC="1.00" CC="000"/>
						<SP ID="P31_SP00350" HPOS="936" VPOS="3436" WIDTH="19"/>
						<String ID="P31_ST00390" HPOS="955" VPOS="3395" WIDTH="51" HEIGHT="30" CONTENT="les" WC="0.97" CC="420"/>
						<SP ID="P31_SP00351" HPOS="1006" VPOS="3436" WIDTH="31"/>
						<String ID="P31_ST00391" HPOS="1037" VPOS="3398" WIDTH="96" HEIGHT="26" CONTENT="notes" WC="0.98" CC="51040" STYLEREFS="TXT_7"/>
						<SP ID="P31_SP00352" HPOS="1133" VPOS="3436" WIDTH="24"/>
						<String ID="P31_ST00392" HPOS="1157" VPOS="3394" WIDTH="40" HEIGHT="30" CONTENT="de" WC="1.00" CC="00" STYLEREFS="TXT_7"/>
						<SP ID="P31_SP00353" HPOS="1197" VPOS="3436" WIDTH="17"/>
						<String ID="P31_ST00393" HPOS="1214" VPOS="3397" WIDTH="174" HEIGHT="39" CONTENT="passage," WC="0.98" CC="92456762" STYLEREFS="TXT_7"/>
						<SP ID="P31_SP00354" HPOS="1388" VPOS="3436" WIDTH="32"/>
						<String ID="P31_ST00394" HPOS="1420" VPOS="3389" WIDTH="192" HEIGHT="38" CONTENT="broderies," WC="1.00" CC="1070000003" STYLEREFS="TXT_7"/>
						<SP ID="P31_SP00355" HPOS="1612" VPOS="3436" WIDTH="16"/>
						<String ID="P31_ST00395" HPOS="1628" VPOS="3389" WIDTH="190" HEIGHT="42" CONTENT="échappées" WC="0.99" CC="050069009" STYLEREFS="TXT_7"/>
						<SP ID="P31_SP00356" HPOS="1818" VPOS="3436" WIDTH="23"/>
						<String ID="P31_ST00396" HPOS="1841" VPOS="3395" WIDTH="33" HEIGHT="25" CONTENT="et" WC="1.00" CC="00"/>
						<SP ID="P31_SP00357" HPOS="1874" VPOS="3436" WIDTH="16"/>
						<String ID="P31_ST00397" HPOS="1890" VPOS="3388" WIDTH="283" HEIGHT="44" CONTENT="appoggiature." WC="0.71" CC="0004840006075" STYLEREFS="TXT_7"/>
					</TextLine>
					<TextLine ID="P31_TL00040" HPOS="139" VPOS="3438" WIDTH="2036" HEIGHT="50">
						<String ID="P31_ST00398" HPOS="139" VPOS="3447" WIDTH="230" HEIGHT="33" CONTENT="L'harmonie" WC="0.99" CC="6000012631"/>
						<SP ID="P31_SP00358" HPOS="369" VPOS="3480" WIDTH="23"/>
						<String ID="P31_ST00399" HPOS="392" VPOS="3446" WIDTH="182" HEIGHT="42" CONTENT="classique" WC="1.00" CC="000001053"/>
						<SP ID="P31_SP00359" HPOS="574" VPOS="3488" WIDTH="24"/>
						<String ID="P31_ST00400" HPOS="598" VPOS="3455" WIDTH="86" HEIGHT="23" CONTENT="aura" WC="0.96" CC="2770"/>
						<SP ID="P31_SP00360" HPOS="684" VPOS="3488" WIDTH="21"/>
						<String ID="P31_ST00401" HPOS="705" VPOS="3450" WIDTH="52" HEIGHT="28" CONTENT="tôt" WC="0.96" CC="505"/>
						<SP ID="P31_SP00361" HPOS="757" VPOS="3488" WIDTH="24"/>
						<String ID="P31_ST00402" HPOS="781" VPOS="3444" WIDTH="61" HEIGHT="33" CONTENT="fait" WC="0.98" CC="3043"/>
						<SP ID="P31_SP00362" HPOS="842" VPOS="3488" WIDTH="24"/>
						<String ID="P31_ST00403" HPOS="866" VPOS="3444" WIDTH="44" HEIGHT="32" CONTENT="de" WC="1.00" CC="00"/>
						<SP ID="P31_SP00363" HPOS="910" VPOS="3488" WIDTH="25"/>
						<String ID="P31_ST00404" HPOS="935" VPOS="3450" WIDTH="170" HEIGHT="26" CONTENT="remettre" WC="0.99" CC="00033402"/>
						<SP ID="P31_SP00364" HPOS="1105" VPOS="3488" WIDTH="20"/>
						<String ID="P31_ST00405" HPOS="1125" VPOS="3445" WIDTH="18" HEIGHT="31" CONTENT="à" WC="1.00" CC="0"/>
						<SP ID="P31_SP00365" HPOS="1143" VPOS="3488" WIDTH="13"/>
						<String ID="P31_ST00406" HPOS="1156" VPOS="3454" WIDTH="38" HEIGHT="22" CONTENT="sa" WC="1.00" CC="00"/>
						<SP ID="P31_SP00366" HPOS="1194" VPOS="3488" WIDTH="20"/>
						<String ID="P31_ST00407" HPOS="1214" VPOS="3445" WIDTH="103" HEIGHT="39" CONTENT="place" WC="1.00" CC="02000"/>
						<SP ID="P31_SP00367" HPOS="1317" VPOS="3488" WIDTH="23"/>
						<String ID="P31_ST00408" HPOS="1340" VPOS="3441" WIDTH="163" HEIGHT="33" CONTENT="chacune" WC="0.98" CC="4045033"/>
						<SP ID="P31_SP00368" HPOS="1503" VPOS="3488" WIDTH="24"/>
						<String ID="P31_ST00409" HPOS="1527" VPOS="3439" WIDTH="62" HEIGHT="32" CONTENT="des" WC="0.98" CC="040"/>
						<SP ID="P31_SP00369" HPOS="1589" VPOS="3488" WIDTH="24"/>
						<String ID="P31_ST00410" HPOS="1613" VPOS="3446" WIDTH="101" HEIGHT="25" CONTENT="notes" WC="1.00" CC="00000"/>
						<SP ID="P31_SP00370" HPOS="1714" VPOS="3488" WIDTH="14"/>
						<String ID="P31_ST00411" HPOS="1728" VPOS="3438" WIDTH="43" HEIGHT="33" CONTENT="de" WC="1.00" CC="00"/>
						<SP ID="P31_SP00371" HPOS="1771" VPOS="3488" WIDTH="13"/>
						<String ID="P31_ST00412" HPOS="1784" VPOS="3446" WIDTH="93" HEIGHT="25" CONTENT="cette" WC="0.99" CC="00330"/>
						<SP ID="P31_SP00372" HPOS="1877" VPOS="3488" WIDTH="16"/>
						<String ID="P31_ST00413" HPOS="1893" VPOS="3441" WIDTH="137" HEIGHT="40" CONTENT="longue" WC="0.98" CC="400761"/>
						<SP ID="P31_SP00373" HPOS="2030" VPOS="3488" WIDTH="13"/>
						<String ID="P31_ST00414" HPOS="2043" VPOS="3439" WIDTH="132" HEIGHT="41" CONTENT="phrase" WC="1.00" CC="000004"/>
					</TextLine>
					<TextLine ID="P31_TL00041" HPOS="137" VPOS="3498" WIDTH="315" HEIGHT="32">
						<String ID="P31_ST00415" HPOS="137" VPOS="3499" WIDTH="47" HEIGHT="31" CONTENT="de" WC="0.23" CC="95"/>
						<SP ID="P31_SP00374" HPOS="184" VPOS="3530" WIDTH="25"/>
						<String ID="P31_ST00416" HPOS="209" VPOS="3498" WIDTH="210" HEIGHT="32" CONTENT="Beethoven" WC="1.00" CC="230000033"/>
						<SP ID="P31_SP00375" HPOS="419" VPOS="3530" WIDTH="26"/>
						<String ID="P31_ST00417" HPOS="445" VPOS="3507" WIDTH="7" HEIGHT="22" CONTENT=":" WC="0.73" CC="2"/>
					</TextLine>
				</TextBlock>
			</PrintSpace>
		</Page>
	</Layout>
</alto>
