2268 3660
987 144 77 26 LES
1101 143 233 27 CONCERTS

145 149 53 42 92

147 242 112 40 deux
289 241 217 40 divisions
525 247 182 45 passent
744 237 53 40 de
836 237 113 39 suite
986 234 113 40 dans
1142 233 41 40 la
1219 234 220 51 première
1479 231 132 41 classe
1633 231 51 40 de
1708 228 127 42 chant
1858 227 218 56 (Chorale
2111 228 54 41 de

147 310 168 53 l'école)
338 322 8 38 ;
373 310 62 40 les
458 317 147 32 autres
629 314 174 33 entrent
824 305 113 40 dans

202 385 40 46 5°
261 388 41 31 et
325 383 44 36 6°
385 379 39 39 la
445 376 217 41 deuxième
682 374 130 40 classe
843 374 50 39 de
916 371 125 41 chant
1066 369 117 55 (voix
1206 370 243 48 d'enfants)
1483 385 57 27 ou
1569 371 113 40 dans
1707 371 40 40 la
1788 369 221 40 deuxième
2039 367 131 41 classe

144 449 50 39 de
212 448 126 40 chant
358 445 167 55 (ténors
545 453 40 33 et
606 442 172 53 basses)
802 449 54 34 où
879 455 57 27 on
960 442 149 40 étudie
1129 441 77 40 des
1225 441 181 40 chœurs
1433 445 21 36 à
1479 441 113 41 deux
1613 449 42 32 et
1679 441 109 40 trois
1811 441 182 52 parties.

200 524 42 45 7°
266 516 121 40 Dans
411 516 38 39 la
470 514 207 55 première
697 512 130 40 classe
846 510 52 40 de
915 510 126 41 chant
1139 512 124 51 point
1281 510 405 42 d'aboutissement
1707 510 53 40 de
1787 517 94 33 tout
1906 522 47 26 ce
1978 510 75 51 qui
2071 512 72 48 pré-

144 587 104 38 cède
348 593 65 32 est
436 583 141 41 formé
599 583 39 39 le
673 582 155 40 chœur
851 581 209 53 complet.
1102 579 72 42 On
1205 596 28 37 y
1268 581 149 40 étudie
1459 581 79 40 des
1581 580 159 40 chants
1773 583 23 36 à
1822 577 194 55 cappella
2042 575 124 53 (sans

143 649 446 56 accompagnement)
609 665 114 38 pour
738 652 100 39 voix
861 652 175 39 mixtes.
1063 649 71 42 On
1156 665 28 38 y
1210 655 180 36 exécute
1423 652 122 39 aussi
1581 650 79 39 des
1684 648 329 53 compositions
2052 660 115 39 pour

139 724 99 38 voix
275 731 40 31 et
358 722 308 48 instruments,
691 735 78 38 par
807 721 199 52 exemple
1039 720 78 41 des
1155 722 221 39 oratorios
1413 719 54 41 de
1503 718 203 42 Haendel.
1742 716 64 41 La
1840 715 196 46 Chorale
2071 716 94 41 doit

141 791 183 40 chanter
345 790 342 51 régulièrement
714 790 114 40 deux
849 789 85 41 fois
966 804 80 38 par
1069 791 215 39 semaine.

197 860 67 40 Au
282 869 381 31 commencement
687 860 52 40 de
764 860 170 52 chaque
956 864 142 36 année
1122 860 201 47 scolaire,
1350 859 40 40 la
1423 860 100 39 voix
1553 858 53 40 de
1629 858 175 51 chaque
1827 856 122 41 élève
1972 864 65 32 est
2071 857 69 38 soi-

139 938 296 42 gneusement
470 931 244 45 examinée,
750 938 56 37 et,
847 933 21 35 à
906 929 129 40 l'aide
1071 926 131 43 d'une
1227 927 113 41 fiche
1378 928 309 47 individuelle,
1715 928 38 40 le
1779 925 256 54 professeur
2074 926 89 39 suit

141 998 151 41 l'élève
311 998 207 53 jusqu'au
539 1007 199 32 moment
762 1004 57 34 où
851 1011 45 26 se
916 997 181 53 produit
1122 998 39 39 la
1186 1011 101 27 mue
1322 998 53 39 de
1399 997 40 40 la
1463 999 115 39 voix.
1604 996 174 41 Durant
1815 1005 111 31 cette
1960 994 200 54 période,

137 1067 153 41 l'élève
312 1076 65 31 est
400 1068 209 51 dispensé
631 1067 77 40 des
725 1068 232 39 exercices.
984 1065 89 54 (Cf.
1094 1067 88 39 Der
1207 1065 417 56 Gesangunterricht
1643 1066 149 40 anden
1814 1063 186 42 hôheren
2018 1062 34 41 S
2056 1062 79 41 chu-

136 1136 83 48 len,
245 1151 80 38 par
346 1136 51 40 E.
418 1136 175 49 Bœhm,
619 1136 112 39 dans
755 1135 39 40 la
816 1134 253 56 Zeitsclirijt
1087 1136 74 39 der
1183 1135 366 41 internationalen
1568 1133 429 56 Musikgesellschaft
2004 1164 8 17 ,
2037 1134 120 52 janv.

141 1218 117 38 1900,
277 1219 25 37 p
344 1203 90 54 97.)

188 1272 37 40 A
246 1271 260 54 l'exception
536 1272 58 41 du
618 1284 19 28 «
666 1270 181 43 Grauen
872 1270 178 42 Kloster
1072 1283 39 36 »,
1137 1270 121 42 l'état
1290 1272 54 39 de
1368 1271 374 51 l'enseignement
1782 1272 58 40 du
1874 1272 134 40 chant
2044 1272 115 39 dans

133 1342 249 40 l'immense
402 1342 203 52 majorité
626 1341 77 40 des
726 1340 144 41 écoles
894 1340 284 41 secondaires
1199 1349 65 31 est
1287 1340 93 40 loin
1414 1340 54 40 de
1492 1340 223 41 satisfaire
1740 1340 63 40 les
1842 1341 313 52 pédagogues.

134 1410 30 40 11
189 1420 65 31 est
275 1413 94 38 vrai
391 1425 85 39 que
501 1411 61 39 les
583 1424 234 27 nouveaux
834 1423 316 39 programmes
1174 1411 247 51 prussiens,
1440 1409 206 42 élaborés
1672 1415 21 35 à
1719 1410 39 40 la
1782 1412 114 39 suite
1916 1411 59 39 du
2001 1411 156 40 rescrit

133 1481 123 51 royal
281 1480 52 40 de
360 1493 116 38 1900,
500 1480 185 40 rendent
705 1479 294 51 obligatoires
1023 1479 113 40 deux
1160 1479 161 40 heures
1341 1479 54 40 de
1422 1479 133 41 chant
1595 1494 80 38 par
1711 1481 200 39 semaine
1947 1493 116 40 pour
2091 1479 66 42 les

131 1549 111 40 deux
267 1549 165 40 classes
452 1547 262 42 inférieures
731 1546 203 55 (sixième
950 1557 40 32 et
1011 1549 272 52 cinquième)
1304 1548 77 41 des
1395 1562 246 39 gymnases
1659 1549 250 52 classiques
1925 1558 41 31 et
1986 1554 135 36 réaux
2144 1561 9 39 ;

129 1625 40 32 et
193 1617 62 40 les
277 1618 242 40 directeurs
543 1627 100 31 sont
663 1619 160 39 invités
849 1622 19 35 à
908 1630 19 27 «
955 1616 175 53 obliger
1155 1630 21 27 »
1209 1618 63 40 les
1308 1618 148 40 élèves
1492 1618 77 40 des
1604 1627 150 31 autres
1787 1618 167 40 classes
1992 1622 22 36 à
2041 1617 113 41 faire

131 1688 139 50 partie
293 1686 54 40 de
368 1686 39 40 la
419 1686 196 41 Chorale
638 1687 53 40 de
712 1686 167 41 l'école.
904 1686 117 41 Mais
1038 1688 29 39 il
1088 1686 100 42 n'en
1212 1696 65 32 est
1295 1702 80 38 pas
1398 1689 114 39 ainsi
1534 1697 195 43 partout.
1749 1687 88 41 Les
1862 1688 179 41 chœurs
2066 1702 87 39 que

130 1754 88 45 l'pn
235 1756 178 48 entend,
437 1770 82 26 aux
541 1755 110 41 fêtes
675 1756 227 48 scolaires,
929 1765 100 31 sont
1046 1758 248 40 médiocres
1312 1769 7 37 ;
1347 1765 190 33 souvent
1561 1761 144 37 même
1730 1758 62 40 les
1822 1758 246 40 directeurs
2089 1758 63 40 les

129 1824 273 52 remplacent
425 1839 79 38 par
526 1825 78 40 des
644 1829 181 36 séances
849 1825 52 40 de
932 1827 336 52 gymnastique.
1307 1825 31 41 Il
1360 1825 72 54 n'y
1465 1841 22 25 a
1519 1827 54 40 de
1602 1827 135 40 salles
1764 1827 54 40 de
1860 1827 134 41 chant
2018 1836 41 31 et
2098 1827 56 40 de

127 1891 85 42 fête
233 1907 84 38 que
341 1894 111 39 dans
478 1893 62 40 les
564 1893 358 41 établissements
947 1895 53 40 de
1020 1897 307 39 construction
1361 1900 189 36 récente.
1574 1895 56 42 Et
1651 1905 94 32 tout
1778 1897 39 40 le
1848 1897 165 40 monde
2037 1896 93 41 s'ac-

125 1962 131 40 corde
280 1966 21 36 à
326 1963 93 39 dire
442 1976 85 38 que
551 1963 39 39 la
614 1965 286 50 préparation
920 1963 78 41 des
1032 1963 282 52 professeurs
1338 1973 82 40 est,
1447 1979 54 26 en
1528 1966 200 49 général,
1764 1966 298 41 insuffisante.

377 2054 55 54 (.A
457 2056 154 40 suivre.
628 2066 5 34 )

922 2321 109 41 Les
1073 2322 275 40 Concerts

1149 2445 246 42 CONCERTS
1420 2445 312 42 CHEVILLARD.
1751 2445 27 57 —
1805 2445 54 57 17
1886 2445 261 57 janvier.

1092 2515 307 41 Poursuivant
1430 2529 83 28 son
1538 2529 214 39 ouvrage,
1787 2516 63 41 M.
1885 2517 261 45 Chevillard

1092 2598 115 27 nous
1230 2585 150 40 donne
1414 2584 289 55 aujourd'hui
1737 2586 41 41 la
1815 2603 20 24 2
1845 2595 13 15 e
1881 2588 268 56 Symphonie

1091 2654 54 39 de
1180 2653 266 42 Schumann
1484 2653 75 54 (en
1591 2662 45 34 ut
1661 2656 212 54 mineur),
1905 2673 85 38 que
2030 2660 39 52 je
2092 2674 55 27 ne

1092 2724 100 50 puis
1214 2724 212 51 parvenir
1450 2728 21 35 à
1495 2730 177 45 goûter.
1704 2724 128 42 Cette
1858 2741 153 27 œuvre
2034 2728 114 43 n'est

1093 2804 80 39 pas
1193 2791 238 50 heureuse,
1473 2793 84 40 elle
1577 2803 98 31 sent
1715 2793 176 52 l'effort,
1918 2797 207 54 l'applica-

1094 2863 109 49 tion,
1242 2861 40 40 la
1316 2860 187 52 fatigue,
1545 2872 40 32 et
1628 2865 122 39 aussi
1790 2865 253 44 l'influence
2093 2870 53 40 de

1091 2929 344 43 Mendelssohn.
1473 2930 88 43 Les
1593 2931 249 44 Variations
1861 2950 116 39 pour
2008 2940 136 51 piano

1092 3009 41 32 et
1153 3001 228 42 orchestre
1414 3001 53 40 de
1487 3000 63 41 M.
1575 3001 158 43 Rhené
1768 3004 144 43 Bâton
1951 3022 56 27 ne
2043 3019 103 32 sont

1092 3071 126 50 point
1260 3078 278 43 amusantes,
1595 3081 41 31 et
1682 3072 104 43 c'est
1829 3090 60 26 un
1933 3084 101 35 tort.
2077 3077 65 44 La

1092 3139 236 41 Variation
1348 3140 93 40 doit
1454 3144 91 37 être
1566 3153 238 32 amusante
1821 3145 260 54 lorsqu'elle
2098 3163 47 27 se

1093 3217 220 41 contente,
1338 3223 176 28 comme
1538 3211 104 42 c'est
1658 3214 54 39 ici
1731 3214 39 41 le
1794 3229 90 37 cas,
1910 3215 235 50 d'exposer

118 3267 223 50 plusieurs
364 3268 85 41 fois
470 3271 54 40 de
545 3274 113 38 suite
682 3288 57 26 un
762 3275 148 41 thème
932 3291 104 27 avec
1060 3279 219 52 quelques
1301 3280 261 42 altérations
1583 3281 242 56 derythme
1848 3293 42 33 et
1912 3285 203 45 d'harmo-

120 3337 85 48 nie,
231 3345 42 31 et
296 3337 76 40 des
402 3338 98 52 jeux
522 3343 144 39 variés
690 3344 53 40 de
767 3349 283 49 contrepoint
1074 3364 7 33 ;
1105 3349 105 40 c'est
1235 3349 40 40 la
1298 3351 224 40 variation
1547 3355 22 36 à
1584 3349 250 46 l'ancienne
1865 3356 149 52 mode,
2042 3359 101 41 telle

119 3418 85 37 que
223 3405 38 40 la
283 3410 283 40 concevaient
588 3410 160 54 Haydn
765 3422 41 33 et
825 3413 189 44 Mozart.
1038 3415 154 54 Quant
1216 3422 22 36 à
1260 3418 38 41 la
1320 3420 173 50 grande
1512 3422 240 49 variation,
1778 3424 110 42 dont
1907 3439 59 28 on
1987 3436 156 33 trouve

117 3473 77 41 des
214 3477 224 53 exemples
461 3478 111 41 dans
593 3484 218 40 certaines
844 3495 181 33 sonates
1058 3488 55 40 de
1148 3487 277 52 Beethoven,
1464 3490 113 42 dans
1602 3492 63 41 les
1707 3492 185 43 Chorals
1926 3497 139 42 variés
2088 3499 55 40 de
