2169 3601
498 143 191 28 LETTRES
721 143 55 28 DE
808 136 297 36 DIFFÉRENTES
1139 143 255 28 PERSONNES
1428 144 23 26 A
1483 143 161 27 CHOPIN

1987 144 70 37 523

884 340 389 70 HALÉVY

913 537 274 44 LETTRE
1215 537 28 44 I

309 660 107 41 MON
449 676 113 25 CHER
599 661 193 49 CHOPIN,

136 766 50 52 Je
209 767 90 39 suis
323 765 118 41 forcé
459 767 53 39 de
536 780 210 26 renoncer
762 780 55 26 au
840 766 158 50 plaisir
1017 766 52 40 de
1089 766 126 40 dîner
1231 780 103 26 avec
1350 780 111 26 vous
1484 778 5 27 :
1512 781 58 26 un
1594 769 87 38 mal
1706 767 53 41 de
1779 782 140 36 gorge
1944 781 122 28 assez

85 834 165 39 violent
273 835 72 49 qui
370 847 53 25 ne
445 847 70 26 me
538 835 138 49 quitte
706 847 79 37 pas
806 834 156 50 depuis
988 834 99 50 plus
1109 834 53 39 de
1206 835 156 50 quinze
1404 834 137 50 jours,
1583 844 40 30 et
1663 837 73 50 qui
1770 850 21 24 a
1835 835 231 52 beaucoup

86 905 238 45 augmenté
336 901 155 51 depuis
513 900 110 49 hier,
643 914 69 26 me
735 900 132 48 force,
893 915 80 37 par
990 901 283 40 ordonnance
1296 901 58 40 du
1381 901 214 48 médecin,
1613 907 21 34 à
1660 916 186 36 mang-er
1863 901 86 42 fort
1964 917 99 37 peu,

84 976 40 31 et
148 971 21 35 à
193 968 146 51 parler
360 981 157 27 encore
540 969 161 49 moins,
726 969 112 39 deux
856 969 155 40 choses
1033 968 87 41 fort
1143 971 147 39 tristes
1311 973 21 35 à
1355 968 132 41 table.
1504 969 86 40 Ces
1613 970 111 40 deux
1753 971 244 50 privations
2015 983 53 27 ne

85 1034 256 50 m'affligent
364 1048 85 38 que
471 1048 129 38 parce
617 1035 182 52 qu'elles
823 1034 322 54 m'empêchent
1167 1037 54 40 de
1243 1050 71 27 me
1333 1037 170 52 joindre
1529 1041 21 35 à
1574 1036 135 50 Liszt,
1738 1042 21 35 à
1782 1051 126 33 vous,
1935 1042 21 35 à
1989 1051 79 26 vos

86 1103 126 48 amis,
234 1102 107 40 dont
364 1103 325 52 quelques-uns
712 1113 99 31 sont
842 1107 136 48 aussi,
1018 1105 197 52 j'espère,
1240 1120 58 25 un
1334 1119 84 38 peu
1461 1105 60 40 les
1553 1107 156 38 miens.
1747 1105 194 41 Veuillez
1975 1106 93 39 leur

87 1171 216 50 exprimer
322 1170 112 40 donc
456 1184 94 27 mes
571 1180 182 42 regrets,
776 1181 40 31 et
853 1187 172 26 recevez
1056 1175 136 48 aussi,
1232 1186 104 27 mon
1359 1173 103 40 cher
1496 1182 40 31 et
1572 1173 88 42 bon
1684 1173 192 52 Chopin,
1909 1173 137 41 l'assu-

89 1251 128 27 rance
245 1238 53 39 de
328 1246 101 32 tous
460 1253 93 26 mes
587 1241 260 40 sentiments
877 1241 210 41 d'amitié.

144 1303 116 42 Tout
281 1308 22 36 à
322 1318 111 27 vous
451 1305 52 40 de
524 1319 135 27 cœur.

1655 1363 48 40 F.
1730 1361 196 42 HALÉVY.

908 1648 275 46 LETTRE
1224 1650 44 43 II

364 1787 220 40 Monsieur
608 1787 184 55 Chopin.

311 1920 107 41 MON
452 1935 117 26 CHER
600 1935 126 26 PETIT
760 1920 192 50 CHOPIN,

148 2020 47 42 Si
214 2036 112 27 vous
357 2032 139 31 sortez
517 2037 46 27 ce
583 2025 153 45 matin,
759 2022 240 42 faites-moi
1032 2024 39 40 la
1095 2027 130 47 grâce
1248 2023 52 41 de
1317 2025 125 40 venir
1464 2037 69 28 me
1557 2026 96 39 voir
1681 2039 59 26 un
1762 2035 213 39 moment,
1997 2025 70 52 j'ai

92 2094 21 35 à
137 2104 154 26 causer
310 2104 102 26 avec
428 2104 124 27 vous.
580 2090 47 41 Si
646 2104 111 27 vous
781 2104 54 27 ne
858 2100 139 31 sortez
1025 2105 94 38 pas,
1145 2091 102 40 c'est
1279 2094 88 37 moi
1406 2095 73 49 qui
1519 2095 80 38 irai
1620 2107 111 26 vous
1764 2102 192 32 trouver.
1997 2093 70 41 Un

92 2168 92 31 mot
216 2161 52 38 de
292 2164 200 47 réponse.

1676 2228 47 41 F.
1760 2227 196 42 HALÉVY.

263 2293 185 35 Mercredi,

146 2591 152 42 FANNY
321 2591 182 42 IIENSEL
531 2591 57 54 (I)
625 2594 105 39 écrit
771 2608 54 26 au
856 2608 104 26 nom
980 2594 54 39 de
1057 2593 57 40 M'
1116 2602 36 17 lle
1173 2593 129 40 Kiéré
1322 2607 85 38 que
1427 2603 108 31 cette
1554 2592 129 41 dame
1716 2608 20 25 a
1768 2597 182 36 ressenti
1975 2603 95 42 trop

91 2661 221 38 vivement
334 2672 20 27 ((
374 2660 39 39 le
435 2660 203 40 malheur
659 2662 179 49 général
863 2664 73 49 qui
961 2676 20 25 a
1003 2661 154 52 frappé
1191 2662 128 40 Paris
1358 2673 35 37 »,
1416 2676 112 38 pour
1549 2664 187 50 pouvoir
1758 2660 252 53 fréquenter
2033 2662 39 39 le

91 2728 175 49 monde,
289 2728 103 39 c'est
413 2730 220 49 pourquoi
658 2727 38 41 la
719 2730 140 39 soirée
884 2732 73 48 qui
993 2730 145 39 devait
1171 2743 45 26 se
1246 2730 168 39 donner
1436 2730 102 39 chez
1561 2730 82 39 elle
1669 2730 150 39 n'aura
1851 2742 78 38 pas
1968 2729 101 41 lieu.

91 2792 125 54 (Adr.
245 2809 32 24 r.
303 2795 59 39 du
384 2794 195 53 Montb.)

147 2883 52 40 E.
238 2884 244 42 HERBAULT
517 2887 92 51 prie
638 2886 177 53 Chopin
852 2888 53 39 de
927 2890 125 37 venir
1089 2886 88 41 afin
1213 2886 269 43 d'examiner
1510 2892 214 51 quelques
1757 2895 157 50 pianos
1944 2904 40 31 et
2022 2908 53 27 en

93 2951 165 41 choisir
279 2967 59 26 un
358 2967 111 38 pour
497 2953 340 42 Franchomme.

148 3019 122 42 Dans
289 3035 60 26 un
370 3023 340 51 post-scriptum
727 3022 28 40 il
776 3022 172 41 déclare
971 3036 54 27 ne
1040 3024 176 41 vouloir
1236 3026 91 38 rien
1357 3035 198 43 accepter
1577 3041 112 37 pour
1708 3028 38 40 le
1778 3031 131 49 piano
1943 3033 74 48 qui
2051 3045 21 24 a

93 3092 67 35 été
192 3089 110 39 dans
325 3090 39 38 le
395 3088 137 53 Berry
566 3087 42 54 (à
632 3088 200 54 Nohant)
851 3099 40 31 et
914 3104 112 38 pour
1062 3092 38 39 la
1123 3092 191 41 location
1336 3094 163 52 duquel
1524 3094 176 52 Chopin
1735 3097 165 39 voulait
1923 3111 147 37 payer.

96 3155 83 52 (21.
205 3155 94 41 XIL
325 3155 140 54 1844*)

149 3246 262 42 FERDINAND
437 3247 186 50 MILLER,
649 3248 110 42 dans
786 3264 84 26 une
903 3250 165 51 longue
1092 3253 124 40 lettre
1236 3255 130 39 écrite
1387 3254 54 39 de
1453 3254 156 48 Berne,
1635 3264 40 31 et
1698 3256 111 39 dans
1832 3257 190 51 laquelle
2045 3257 28 39 il

138 3408 9 42 (
157 3408 27 51 11
205 3411 136 39 Propre
364 3422 98 22 sœur
484 3412 42 33 de
546 3412 267 42 Mendelssohn,
836 3424 142 23 connue
1000 3427 138 21 comme
1158 3417 157 41 pianiste
1333 3425 33 25 et
1387 3419 256 40 compositeur.
