2169 3601
90 143 74 47 536

711 153 247 27 SOUVENIRS
995 145 173 34 INÉDITS
1203 155 54 24 DE
1290 154 162 26 CHOPIN

143 245 124 42 Voici
304 259 52 26 en
394 246 139 39 entier
557 258 86 26 une
666 245 189 39 seconde
875 245 124 39 lettre
1032 246 131 39 écrite
1187 259 54 26 en
1273 246 207 51 polonais
1511 260 7 24 :

1047 317 10 19 j;
1153 317 10 14 »
1184 301 2 35 .
1221 321 13 10 v
1259 301 21 35 •.
1699 301 48 31 Le
1774 302 52 32 16.

308 342 127 40 CHER
470 341 245 42 MONSIEUR
748 342 195 48 CHOPIN,
1034 367 8 2 -
1046 336 10 26 I:

143 435 49 52 Je
214 447 54 28 ne
303 448 111 27 veux
434 449 80 38 pas
537 449 111 27 vous
680 449 199 38 ennuyer
902 449 103 27 avec
1044 450 87 25 une
1157 436 165 49 longue
1360 436 142 46 lettre,
1530 437 111 38 mais
1665 436 38 51 je
1741 450 54 26 ne
1830 440 101 49 puis
1972 454 104 26 auss

87 511 136 32 rester
238 504 35 39 si
290 503 253 53 longtemps
566 517 102 27 sans
698 504 226 40 nouvelles
944 504 53 39 de
1018 512 123 32 votre
1163 509 125 35 santé
1309 513 41 31 et
1382 504 52 40 de
1474 517 80 27 vos
1577 504 163 52 projets
1773 509 21 35 à
1832 508 137 38 venir.
1995 506 81 42 Nei

86 570 227 40 m'écrivez
337 585 79 38 pas
451 575 301 44 vous-même,
781 574 113 38 mais
919 573 116 51 priez
1068 570 46 41 M
1119 576 49 22 ME
1189 570 203 46 Etienne,
1421 585 56 27 ou
1513 581 110 31 cette
1644 573 237 41 excellente
1902 574 176 50 grand'-

87 653 181 25 maman
289 641 75 50 qui
397 643 99 36 rêve
524 640 54 39 de
613 640 242 50 côtelettes,
886 640 162 52 qu'elle
1072 638 287 54 m'apprenne
1380 646 55 34 où
1462 654 54 26 en
1534 649 99 31 sont
1656 653 79 27 vos
1770 640 156 48 forces,
1955 650 123 32 votre

87 708 209 51 poitrine,
327 720 84 28 vos
449 706 325 52 étouffements,
799 717 98 41 etc.,
937 717 79 31 etc.
1063 707 31 41 Il
1111 706 91 42 faut
1232 722 160 38 penser
1426 710 317 39 sérieusement
1767 713 21 35 à
1818 708 107 42 Nice
1968 723 111 39 pour

88 775 169 41 l'hiver.
279 774 46 40 M
330 780 49 17 me
401 774 204 52 Auguste
639 776 198 41 Potocka
880 776 83 40 m'a
1001 777 198 51 répondu
1239 774 160 54 qu'elle
1427 776 89 40 fera
1556 786 98 31 tous
1679 790 69 27 ses
1786 776 151 42 efforts
1968 791 111 38 pour

89 843 179 41 obtenir
298 857 85 27 une
416 845 267 51 permission
706 858 112 38 pour
840 844 45 40 M
890 850 46 16 ME
978 844 324 52 Andrzejewicz
1339 845 351 51 [Iedrzeïewicz],
1736 847 112 38 mais
1890 859 85 39 que
2018 846 61 39 les

89 910 235 42 difficultés
349 921 100 31 sont
474 917 86 36 très
583 913 193 49 grandes
796 913 111 39 dans
929 926 46 26 ce
999 913 285 40 malheureux
1307 927 124 38 pays.
1453 913 49 54 Je
1525 913 163 41 souffre
1708 913 53 40 de
1792 927 111 28 vous
1942 915 137 39 sentir

91 979 223 41 tellement
339 979 267 41 abandonné
628 981 111 39 dans
763 981 37 39 la
823 981 191 39 maladie
1036 988 41 32 et
1097 981 38 39 le
1152 981 184 50 chagrin
1356 991 8 37 ;
1390 983 39 50 je
1456 995 111 27 vous
1609 984 93 49 prie
1733 982 54 40 de
1823 979 255 53 m'envoyer

89 1049 216 51 quelques
327 1057 115 31 mots
465 1052 22 35 à
509 1047 405 55 Aix-la-Chapelle,
929 1055 119 48 poste
1068 1055 195 34 restante.

141 1116 50 53 Je
211 1115 210 40 voudrais
445 1117 118 38 aussi
588 1117 247 50 apprendre
853 1117 193 51 quelque
1062 1116 132 40 chose
1213 1117 54 39 de
1283 1131 45 25 ce
1347 1115 104 54 Juif,
1475 1116 65 40 s'il
1562 1115 102 42 s'est
1684 1122 204 46 présenté
1907 1126 40 31 et
1968 1130 111 27 vous

92 1198 21 25 a
134 1184 138 39 rendu
293 1185 165 38 service
477 1188 16 35 ?

145 1251 72 50 Ici,
241 1251 27 40 il
286 1250 78 41 fait
381 1253 122 38 triste
526 1261 40 30 et
588 1266 249 37 ennuyeux,
860 1254 113 38 mais
997 1266 112 38 pour
1131 1254 87 38 moi
1246 1252 38 39 la
1303 1254 70 38 vie
1394 1252 190 40 s'écoule
1604 1261 176 42 partout
1803 1252 55 39 de
1876 1252 39 39 la
1937 1256 144 36 même

89 1320 221 47 manière;
344 1332 171 39 pourvu
540 1318 161 53 qu'elle
717 1333 131 38 passe
867 1333 104 27 sans
994 1320 99 52 plus
1119 1321 216 39 d'amères
1368 1320 211 40 douleurs
1611 1329 40 31 et
1686 1320 274 52 d'épreuves,
1986 1320 93 40 c'en

89 1395 65 32 est
179 1400 121 26 assez
323 1386 53 39 de
396 1400 48 26 ce
467 1386 135 51 qu'on
633 1402 21 24 a
676 1387 95 52 déjà
806 1386 55 40 dû
884 1397 248 42 supporter.
1159 1386 37 40 A
1232 1390 88 38 moi
1345 1402 89 26 non
1466 1389 99 51 plus
1597 1389 38 39 le
1667 1388 204 40 bonheur
1910 1389 67 39 n'a
2002 1402 79 37 pas

89 1458 118 37 souri
233 1469 74 26 sur
338 1465 110 31 cette
471 1465 132 31 terre.
634 1456 122 40 Tous
787 1470 106 26 ceux
918 1460 22 36 à
968 1458 73 50 qui
1063 1456 69 51 j'ai
1156 1456 134 40 voulu
1310 1456 58 40 du
1386 1456 102 40 bien
1509 1457 137 39 m'ont
1670 1457 201 51 toujours
1910 1461 143 35 récom-

87 1528 162 48 pensée
280 1537 79 38 par
378 1522 304 52 l'ingratitude
711 1538 56 26 ou
797 1539 79 37 par
893 1523 253 41 différentes
1186 1533 147 31 autres
1376 1522 286 42 tribulations.
1703 1522 68 42 Au
1811 1524 124 50 total,
1973 1533 109 31 cette

89 1593 222 40 existence
331 1593 110 39 n'est
463 1593 164 51 qu'une
646 1597 180 36 énorme
853 1593 280 39 dissonance.

146 1658 98 52 Que
260 1660 112 40 Dieu
391 1673 111 27 vous
525 1661 154 50 garde,
703 1661 105 40 cher
826 1660 232 41 Monsieur
1077 1660 178 52 Chopin
1274 1663 7 37 !
1309 1658 67 42 Au
1402 1661 158 48 revoir,
1585 1675 53 25 au
1661 1660 100 52 plus
1785 1660 94 40 tard
1912 1674 99 27 vers
2043 1660 37 40 le

89 1736 382 32 commencement
490 1727 237 41 d'octobre.

1549 1781 54 41 D.
1626 1781 227 42 POTOCKA.

229 1917 193 45 Lettres
452 1916 57 46 de
537 1917 47 45 la
615 1917 243 45 Comtesse
896 1918 55 44 T.
983 1919 215 45 Potocka
1227 1922 44 40 et
1297 1916 56 46 de
1381 1917 74 45 M.
1494 1916 230 59 Cipriani
1750 1917 187 45 Potter.

468 2091 379 57 ANTOINE
897 2091 298 58 PRINCE
1249 2091 450 57 RADZIWILL

1288 2206 174 40 Antonin,
1485 2208 32 31 le
1537 2217 20 31 4
1581 2206 196 33 novembre
1804 2206 102 43 1829.

145 2276 216 54 J'accepte
382 2289 103 27 avec
516 2276 102 39 bien
639 2276 53 40 de
712 2276 38 39 la
784 2278 385 45 reconnaissance,
1209 2274 247 50 Monsieur,
1483 2276 39 39 la
1547 2276 205 39 dédicace
1787 2276 58 39 du
1888 2276 104 40 Trio
2029 2277 52 39 de

90 2352 123 31 votre
235 2344 312 50 composition,
570 2357 84 38 que
673 2357 111 26 vous
806 2345 155 38 voulez
986 2343 101 41 bien
1123 2342 198 41 m'offrir.
1354 2342 199 41 Veuillez
1587 2347 144 36 même
1772 2357 55 26 en
1864 2344 217 40 accélérer

91 2410 315 52 l'impression,
435 2409 87 41 afin
556 2424 85 38 que
679 2410 97 52 j'aie
808 2411 40 40 le
879 2411 153 52 plaisir
1070 2412 53 39 de
1159 2411 231 40 l'exécuter
1422 2425 103 26 avec
1548 2425 111 26 vous
1683 2415 21 35 à
1741 2420 124 31 votre
1889 2425 192 38 passage

92 2492 79 37 par
192 2478 163 50 Posen,
383 2479 146 51 quand
552 2492 111 27 vous
684 2492 110 27 vous
815 2479 181 40 rendrez
1018 2483 23 36 à
1064 2478 165 41 Berlin.

145 2545 210 51 Recevez,
389 2561 105 26 mon
526 2547 103 40 cher
651 2545 194 53 Chopin,
888 2547 274 40 l'assurance
1185 2548 183 39 réitérée
1403 2546 53 39 de
1476 2554 93 32 tout
1594 2545 186 41 l'intérêt
1820 2561 86 37 que
1945 2547 107 40 m'in-

91 2616 122 50 spire
235 2624 123 32 votre
378 2615 151 50 talent,
554 2617 111 38 ainsi
690 2629 85 38 que
797 2615 53 40 de
874 2615 39 40 la
937 2614 330 41 considération
1291 2614 254 50 distinguée
1563 2628 86 37 que
1670 2614 38 52 je
1723 2628 111 27 vous
1860 2616 38 38 ai
1921 2619 158 35 vouée.

1149 2688 222 51 ANTOINE,
1405 2690 151 50 prince
1580 2688 277 42 RADZIWILL.

91 2837 191 45 Lettres
306 2836 55 45 de
384 2836 71 47 M.
485 2836 224 57 Recourt,
730 2837 63 44 M
794 2847 41 18 me
851 2836 138 59 Rich,
1017 2838 39 44 C
1060 2843 72 22 tâSSe
1149 2836 58 46 de
1228 2835 47 46 la
1301 2833 198 49 Ridoste
1524 2841 44 40 et
1597 2834 57 48 de
1680 2835 64 46 M
1745 2846 40 18 me
1800 2836 278 60 R^emisha.

148 2979 348 42 SAINTE-BEUVE
517 2982 209 40 remercie
757 2980 178 53 Chopin
957 2982 169 39 d'avoir
1150 2980 102 40 bien
1274 2978 136 42 voulu
1448 2981 276 39 s'intéresser
1753 2984 22 35 à
1814 2978 46 40 M
1865 2978 40 28 l!e
1936 2978 145 42 Mazel

92 3058 41 31 et
156 3049 60 40 lui
236 3046 218 43 demande
474 3049 170 51 pardon
667 3049 53 40 de
738 3050 39 39 le
799 3048 109 41 faire
940 3051 34 39 si
992 3050 94 40 tard
1108 3058 40 31 et
1171 3062 90 27 non
1277 3048 424 52 personnellement,
1728 3048 113 39 mais
1860 3048 28 38 il
1905 3048 147 51 ajoute
2072 3060 7 28 :

92 3129 21 27 «
138 3116 32 40 Il
195 3117 103 41 s'est
321 3118 120 40 élevé
476 3118 54 40 de
558 3126 123 32 votre
716 3128 244 40 montagne
980 3116 57 54 (i)
1057 3131 86 27 une
1161 3123 155 46 espèce
1337 3117 182 49 d'orage
1540 3116 224 49 littéraire,
1789 3123 40 32 et
1860 3114 101 52 plus
1998 3128 83 39 que

91 3184 226 48 littéraire,
343 3185 110 40 dans
475 3185 143 52 lequel
636 3185 69 53 j'ai
729 3188 137 37 craint
885 3185 53 40 de
954 3199 70 26 me
1051 3194 178 31 trouver
1251 3185 193 52 quelque
1467 3196 85 40 peu
1572 3185 287 50 compromis.
1889 3194 20 28 »

136 3273 49 41 (i)
207 3273 141 45 Chopin
376 3276 151 33 habitait
546 3279 93 30 alors
663 3287 63 22 rue
741 3276 46 32 du
808 3276 245 33 Mont-Blanc.

1299 3363 58 41 Le
1390 3363 160 40 Gérant
1576 3378 11 25 :
1618 3362 53 41 A.
1704 3363 205 46 REBECQ*

725 3446 98 25 Poitiers.
840 3456 17 5 -
869 3443 86 28 Société
970 3445 106 30 française
1089 3445 150 29 d'lmprimerie
1254 3446 25 25 et
1294 3446 26 25 de
1341 3445 107 26 Librairie.
