2169 3601
97 119 73 39 532

723 124 249 26 SOUVENIRS
1007 116 177 34 INÉDITS
1220 126 55 26 DE
1308 127 162 26 CHOPIN

96 230 83 41 que
218 231 110 27 vous
364 216 181 42 m'aviez
569 217 118 42 faite.
722 219 49 54 Je
808 223 112 37 serai
963 220 104 40 bien
1100 222 318 39 certainement
1458 221 104 40 chez
1600 236 88 26 11101
1730 223 239 41 dimanche
2009 226 87 38 soir

92 285 53 40 de
166 299 15 37 5
209 290 20 35 à
251 290 23 35 6
298 286 62 46 h.,
387 299 56 26 ou
478 296 119 30 toute
639 287 38 40 la
710 290 156 47 soirée,
892 298 41 31 et
967 291 113 38 serai
1117 288 207 41 charmée
1347 290 53 39 de
1436 304 112 26 vous
1573 292 210 49 recevoir,
1811 294 112 38 ainsi
1949 306 85 38 que
2059 293 37 39 la

93 367 220 38 personne
335 356 74 50 qui
432 355 168 40 voudra
634 355 102 42 bien
770 372 70 26 me
877 358 162 50 garder
1062 371 86 27 une
1167 358 124 51 place
1315 358 111 40 dans
1456 372 70 27 ses
1550 361 249 39 souvenirs.

148 421 184 50 Agréez,
356 421 246 54 Monsieur,
625 424 287 54 l'expression
934 427 54 40 de
1011 440 94 26 mes
1129 429 263 39 sentiments
1412 428 276 50 distingués.

1807 507 150 41 MARS.

356 742 225 70 FÉLIX
635 754 1178 61 MENDELSSOHN-BARTHOLDY

146 890 138 53 (Avec
305 906 55 26 un
387 894 341 51 post-scriptum
763 892 51 41 de
839 891 279 42 Schumann.
1144 890 247 53 L'original
1416 899 63 33 est
1503 905 54 28 en
1581 890 230 51 français.)

258 1007 66 42 M.
346 1009 126 42 Fréd.
509 1009 188 55 Chopin.

1629 1083 27 30 A
1679 1081 115 39 Paris,

1395 1165 63 23 rue
1481 1155 45 32 du
1548 1157 254 39 Mont-Blanc,
1823 1160 37 28 n°
1884 1167 30 31 5.

315 1231 108 42 MON
459 1245 118 28 CHER
608 1233 107 47 AMI,

148 1319 103 41 Ceci
272 1320 92 40 doit
396 1324 90 36 être
515 1334 87 26 une
625 1321 238 39 invitation
888 1332 112 40 pour
1021 1332 128 35 vous,
1177 1332 104 27 sans
1306 1333 85 38 que
1410 1317 99 54 j'aie
1534 1324 211 47 composé
1770 1321 39 39 la
1832 1320 264 52 symphonie

94 1404 56 25 ou
171 1391 153 38 tricoté
343 1389 77 39 des
443 1388 95 40 bas.
564 1388 38 40 A
624 1402 111 27 vous
765 1389 93 39 dire
894 1388 39 40 la
969 1390 153 45 vérité,
1161 1388 38 52 je
1235 1386 85 42 n'ai
1348 1386 77 42 fait
1451 1389 41 39 ni
1515 1386 107 49 l'un,
1645 1390 43 38 ni
1725 1386 156 42 l'autre
1900 1402 9 35 ;
1950 1390 122 40 seule-

92 1466 120 32 ment
235 1472 79 37 par
336 1458 136 49 égard
491 1471 111 38 pour
623 1470 111 27 vous
752 1466 40 31 et
813 1470 111 39 pour
943 1471 54 26 ne
1013 1471 79 38 pas
1111 1470 111 26 vous
1240 1455 141 41 forcer
1402 1456 53 40 de
1470 1458 127 38 venir
1620 1461 21 35 à
1660 1455 184 53 Leipzig
1868 1471 53 26 au
1941 1458 154 40 milieu

93 1527 53 39 de
164 1525 169 49 l'hiver,
359 1540 73 26 car
453 1527 38 51 je
528 1527 91 39 suis
646 1532 75 34 sûr
754 1539 85 38 que
873 1538 112 27 vous
1018 1524 177 41 l'auriez
1235 1524 77 41 fait
1343 1525 52 40 de
1433 1527 129 46 suite,
1590 1527 34 38 si
1658 1525 156 53 j'avais
1851 1527 155 39 tricoté
2041 1540 54 26 ou

92 1599 225 48 composé,
362 1608 171 27 comme
569 1608 113 26 nous
720 1608 54 26 en
797 1596 144 39 étions
976 1607 242 27 convenus.
1246 1592 116 41 Mais
1386 1591 105 42 c'est
1515 1607 112 38 pour
1652 1607 113 26 vous
1789 1593 244 41 demander
2062 1597 33 36 si

92 1672 123 31 votre
240 1673 141 42 temps
404 1677 111 26 vous
538 1672 168 43 permet
731 1663 52 40 de
814 1665 125 38 venir
962 1664 181 38 assister
1167 1667 20 34 à
1213 1663 40 38 la
1270 1661 86 41 fête
1383 1662 215 40 musicale
1622 1662 57 39 du
1711 1661 224 42 bas-Rhin
1961 1661 135 53 qu'on

92 1747 53 25 va
169 1731 195 41 célébrer
401 1736 21 35 à
447 1731 268 40 Dusseldorf
750 1731 62 40 les
843 1732 121 51 jours
987 1731 53 40 de
1072 1731 254 47 Pentecôte,
1355 1744 84 38 que
1472 1731 38 51 je
1542 1743 112 27 vous
1688 1731 110 39 écris
1834 1744 70 26 ces
1935 1731 158 49 lignes.

96 1799 336 54 Quelques-uns
471 1800 53 39 de
564 1813 80 26 nos
677 1801 240 39 musiciens
952 1798 115 48 d'ici,
1101 1801 73 50 qui
1207 1807 107 32 vont
1336 1814 26 37 y
1387 1800 197 45 assister,
1625 1812 70 26 me
1730 1800 144 49 prient
1910 1799 53 40 de
1985 1813 111 26 vous

94 1871 135 37 écrire
250 1882 85 27 une
369 1869 250 46 invitation,
652 1882 128 38 parce
818 1866 130 53 qu'ils
985 1869 166 38 croient
1176 1871 21 35 à
1223 1867 38 40 la
1286 1866 253 53 possibilité
1563 1880 85 38 que
1676 1879 111 28 vous
1827 1865 267 54 l'acceptiez.

94 1935 207 54 Quoique
325 1934 171 54 j'avoue
527 1950 85 38 que
647 1935 84 53 j'en
766 1936 149 47 doute,
936 1945 39 31 et
1001 1949 86 38 que
1110 1936 38 52 je
1180 1936 145 38 crains
1362 1949 85 38 que
1472 1935 39 39 la
1537 1933 84 41 fête
1646 1935 215 39 musicale
1882 1949 86 38 que
1984 1949 112 27 vous

95 2018 102 26 avez
214 2005 220 41 entendue
451 2018 54 26 ne
520 2018 112 26 vous
654 2004 118 40 fasse
795 2018 79 38 pas
891 2004 170 50 grande
1078 2005 126 38 envie
1225 2004 52 38 de
1295 2004 59 39 lui
1377 2001 196 41 sacrifier
1590 2016 159 26 encore
1761 2017 86 26 une
1863 2003 85 41 fois
1971 2013 125 32 votre

92 2084 142 42 temps
270 2082 41 32 et
341 2088 59 25 un
421 2075 35 37 si
480 2073 108 50 long
609 2086 190 38 voyage,
826 2073 38 38 la
904 2072 122 40 seule
1062 2070 252 53 possibilité
1347 2072 54 38 de
1432 2084 113 26 vous
1567 2087 23 36 y
1615 2074 144 37 revoir
1794 2080 40 32 et
1856 2072 54 40 de
1943 2087 153 37 passer

93 2142 216 52 quelques
338 2143 120 51 jours
489 2155 102 26 avec
619 2154 127 37 vous,
770 2138 127 43 m'est
933 2142 34 38 si
1006 2139 210 51 agréable
1241 2154 85 38 que
1349 2140 38 52 je
1425 2138 188 42 n'hésite
1636 2153 79 38 pas
1749 2140 53 40 de
1824 2154 113 26 vous
1959 2144 137 37 écrire

92 2211 112 39 dans
233 2219 112 32 cette
386 2211 235 46 intention,
664 2224 54 25 au
757 2211 150 50 risque
927 2223 86 37 que
1044 2222 113 26 vous
1180 2221 111 27 vous
1331 2221 55 27 en
1422 2210 222 50 moquiez.
1674 2207 71 41 On
1780 2208 202 41 donnera
2009 2214 21 35 à
2056 2211 39 39 la

92 2277 86 42 fête
216 2279 37 39 la
291 2281 233 37 neuvième
563 2277 265 53 symphonie
870 2277 54 40 de
963 2277 257 40 Beethoven
1260 2291 103 26 avec
1390 2277 63 40 les
1493 2277 194 47 chœurs,
1725 2292 60 25 un
1825 2291 187 38 psaume
2044 2279 52 40 de

94 2345 190 49 Hândel,
310 2360 85 26 une
425 2355 236 32 ouverture
692 2347 53 38 de
785 2345 255 41 Beethoven
1079 2347 239 49 (inconnue
1355 2343 221 53 jusqu'ici,
1617 2345 39 39 la
1698 2347 226 39 troisième
1949 2345 106 54 qu'il
2075 2362 21 26 a

94 2419 234 47 composée
348 2428 111 38 pour
485 2413 170 41 Fidelio
661 2412 29 55 ),
726 2428 103 26 mon
869 2415 211 46 oratorio,
1107 2413 106 40 dont
1235 2426 112 27 vous
1384 2427 104 26 avez
1519 2429 57 24 vu
1608 2413 216 52 quelques
1862 2428 234 28 morceaux

94 2483 103 40 chez
220 2485 106 46 moi,
346 2493 40 30 et
407 2484 200 51 quantité
630 2480 193 43 d'autres
846 2482 174 41 choses.
1044 2481 49 41 Si
1125 2495 112 26 vous
1261 2495 185 38 pouvez,
1472 2495 200 38 venez-y,
1706 2496 46 26 ce
1778 2485 133 38 serait
1932 2483 39 39 la
1996 2484 100 51 plus

91 2552 170 50 grande
282 2552 85 52 joie
386 2565 112 39 pour
524 2554 106 45 moi,
650 2560 40 32 et
715 2554 34 37 si
770 2565 110 27 vous
901 2565 54 26 ne
971 2564 167 38 pouvez
1162 2564 96 38 pas,
1286 2549 155 41 n'allez
1466 2564 80 37 pas
1564 2562 113 28 vous
1701 2564 190 38 moquer
1915 2552 54 39 de
1990 2566 106 26 mon

93 2622 250 45 invitation,
386 2634 85 38 que
509 2622 39 51 je
583 2620 194 40 n'aurais
813 2634 78 38 pas
921 2619 217 40 hasardée
1171 2632 104 26 sans
1317 2618 39 40 le
1394 2616 66 42 vif
1477 2618 118 40 désir
1628 2618 54 40 de
1712 2628 99 31 tous
1835 2632 105 27 ceux
1975 2622 74 50 qui
2069 2635 26 37 y

94 2698 148 31 seront
265 2698 41 31 et
331 2691 73 51 qui
430 2689 254 40 souhaitent
703 2702 112 27 vous
837 2691 97 38 voir
953 2697 40 32 et
1016 2702 112 26 vous
1145 2688 213 40 entendre
1374 2687 251 50 davantage
1650 2702 85 37 que
1758 2688 194 51 pendant
1971 2698 125 31 votre

93 2759 176 39 dernier
292 2758 149 52 séjour
464 2759 68 38 ici.

147 2825 195 41 Excusez
362 2826 38 40 le
422 2824 193 53 français
654 2826 54 40 de
743 2835 109 31 cette
893 2827 141 49 lettre,
1059 2839 85 38 que
1166 2826 39 51 je
1239 2834 153 31 trouve
1415 2823 231 42 exécrable
1679 2838 104 27 sans
1816 2825 40 40 la
1893 2825 203 40 moindre

92 2895 187 40 flatterie
304 2909 8 33 ;
339 2895 39 51 je
398 2907 53 26 ne
472 2894 10 39 1
504 2895 37 38 ai
560 2907 79 38 pas
663 2894 122 51 parlé
805 2895 157 51 depuis
983 2909 84 37 que
1087 2907 112 26 vous
1216 2891 165 42 m'avez
1399 2909 72 25 vu.

150 2961 45 41 Si
220 2976 111 26 vous
353 2962 155 40 voulez
541 2976 71 25 me
641 2963 219 50 répondre
891 2977 59 25 un
987 2971 107 41 mot,
1128 2975 112 27 vous
1260 2976 71 25 me
1354 2961 129 40 feriez
1508 2963 39 39 le
1567 2963 99 51 plus
1685 2962 142 49 grand
1851 2962 155 51 plaisir
2024 2973 9 36 ;
2056 2970 40 32 et

94 3032 195 51 quoique
309 3031 38 52 je
367 3030 131 40 sache
520 3044 85 38 que
619 3044 112 26 vous
755 3044 55 27 ne
826 3032 220 51 répondez
1067 3032 174 51 jamais,
1268 3031 38 52 je
1328 3044 112 26 vous
1460 3032 94 50 prie
1577 3030 53 39 de
1655 3030 39 40 le
1719 3029 109 40 faire
1848 3039 111 30 cette
1979 3030 86 40 fois
2084 3044 9 33 ;

91 3113 112 27 vous
221 3101 202 50 pourriez
448 3112 71 26 me
541 3099 93 40 dire
651 3113 54 26 en
734 3104 145 36 même
900 3109 143 43 temps
1063 3113 47 26 ce
1131 3113 85 38 que
1234 3112 113 27 vous
1378 3112 252 38 composez,
1653 3111 47 26 ce
1717 3111 85 38 que
1825 3096 79 41 fait
1923 3097 13 39 I
1948 3097 116 41 liller
2081 3110 9 34 ;

94 3170 35 38 si
149 3182 112 27 vous
286 3183 102 26 avez
426 3169 78 39 des
545 3169 229 40 nouvelles
798 3169 53 40 de
869 3167 138 49 Liszt,
1032 3177 80 31 etc.
1145 3166 254 42 Saluez-les
1422 3176 100 31 tous
1542 3175 41 31 et
1618 3163 220 43 n'oubliez
1865 3180 78 38 pas
1972 3175 124 31 votre

94 3235 204 41 habitant
331 3237 57 39 du
411 3238 165 38 marais
600 3238 191 43 (comme
821 3250 113 27 vous
966 3237 134 40 devez
1120 3236 256 40 considérer
1399 3233 332 52 l'Allemagne).

150 3304 160 50 Adieu,
345 3305 254 51 pardonnez
621 3305 38 40 le
683 3306 112 52 style
814 3306 53 39 de
899 3314 123 33 votre

1161 3373 133 39 FÉLIX
1317 3370 666 43 MENDELSSOHN-BARTIIOLDY*

268 3438 162 42 Leipzig,
447 3441 31 30 le
499 3439 42 32 28
567 3450 92 22 mars
688 3440 100 43 1836.
