<?xml version="1.0" encoding="UTF-8"?>
<alto xmlns:xsi="http://www.w3.org/2001/XMLSchema-instance" xmlns="http://www.loc.gov/standards/alto/ns-v2#" xsi:schemaLocation="http://www.loc.gov/standards/alto/ns-v2# http://www.loc.gov/standards/alto/alto-v2.0.xsd" xmlns:xlink="http://www.w3.org/1999/xlink">
	<Description>
		<MeasurementUnit>mm10</MeasurementUnit>
		<sourceImageInformation>
			<fileName>//fileserver7/IN2/Princeton/Batch2/bmtnaaq/1916/12/30_01/00000404.tif</fileName>
		</sourceImageInformation>
		<OCRProcessing ID="OCRPROCESSING_1">
			<preProcessingStep>
				<processingSoftware>
					<softwareCreator>CCS Content Conversion Specialists GmbH, Germany</softwareCreator>
					<softwareName>CCS docWORKS</softwareName>
					<softwareVersion>6.6-0.29</softwareVersion>
				</processingSoftware>
			</preProcessingStep>
			<ocrProcessingStep>
				<processingSoftware>
					<softwareCreator>ABBYY (BIT Software), Russia</softwareCreator>
					<softwareName>FineReader</softwareName>
					<softwareVersion>10.0</softwareVersion>
				</processingSoftware>
			</ocrProcessingStep>
		</OCRProcessing>
		<OCRProcessing ID="OCRPROCESSING_2">
			<preProcessingStep>
				<processingSoftware>
					<softwareCreator>CCS Content Conversion Specialists GmbH, Germany</softwareCreator>
					<softwareName>CCS docWORKS</softwareName>
					<softwareVersion>6.6-0.29</softwareVersion>
				</processingSoftware>
			</preProcessingStep>
			<ocrProcessingStep>
				<processingSoftware>
					<softwareCreator>ABBYY (BIT Software), Russia</softwareCreator>
					<softwareName>NA</softwareName>
				</processingSoftware>
			</ocrProcessingStep>
		</OCRProcessing>
	</Description>
	<Styles>
		<TextStyle ID="TXT_0" FONTSIZE="10" FONTFAMILY="Times New Roman"/>
		<ParagraphStyle ID="PAR_LEFT" ALIGN="Left"/>
		<ParagraphStyle ID="PAR_RIGHT" ALIGN="Right"/>
		<ParagraphStyle ID="PAR_BLOCK" ALIGN="Block"/>
	</Styles>
	<Layout>
		<Page ID="P2" PHYSICAL_IMG_NR="2" HEIGHT="4333" WIDTH="3058" PC="0.953">
			<TopMargin ID="P2_TM00001" HPOS="0" VPOS="0" WIDTH="3058" HEIGHT="6"/>
			<LeftMargin ID="P2_LM00001" HPOS="0" VPOS="6" WIDTH="6" HEIGHT="4320"/>
			<RightMargin ID="P2_RM00001" HPOS="3051" VPOS="6" WIDTH="7" HEIGHT="4320"/>
			<BottomMargin ID="P2_BM00001" HPOS="0" VPOS="4326" WIDTH="3058" HEIGHT="7"/>
			<PrintSpace ID="P2_PS00001" HPOS="6" VPOS="6" WIDTH="3045" HEIGHT="4320">
				<TextBlock ID="P2_TB00001" HPOS="488" VPOS="250" WIDTH="2185" HEIGHT="297" STYLEREFS="TXT_0 PAR_LEFT">
					<TextLine ID="P2_TL00001" HPOS="488" VPOS="251" WIDTH="2185" HEIGHT="178">
						<String ID="P2_ST00001" HPOS="488" VPOS="261" WIDTH="1056" HEIGHT="168" CONTENT="BRUNO'S" WC="1.00" CC="0040100"/>
						<SP ID="P2_SP00001" HPOS="1544" VPOS="429" WIDTH="111"/>
						<String ID="P2_ST00002" HPOS="1655" VPOS="251" WIDTH="1018" HEIGHT="168" CONTENT="WEEKLY" WC="1.00" CC="000400"/>
					</TextLine>
					<TextLine ID="P2_TL00002" HPOS="1160" VPOS="471" WIDTH="851" HEIGHT="76">
						<String ID="P2_ST00003" HPOS="1160" VPOS="476" WIDTH="232" HEIGHT="62" CONTENT="Edited" WC="0.98" CC="265503"/>
						<SP ID="P2_SP00002" HPOS="1392" VPOS="538" WIDTH="28"/>
						<String ID="P2_ST00004" HPOS="1420" VPOS="475" WIDTH="92" HEIGHT="72" CONTENT="by" WC="0.64" CC="70"/>
						<SP ID="P2_SP00003" HPOS="1512" VPOS="547" WIDTH="30"/>
						<String ID="P2_ST00005" HPOS="1542" VPOS="471" WIDTH="219" HEIGHT="63" CONTENT="Guido" WC="0.61" CC="04094"/>
						<SP ID="P2_SP00004" HPOS="1761" VPOS="547" WIDTH="31"/>
						<String ID="P2_ST00006" HPOS="1792" VPOS="471" WIDTH="219" HEIGHT="60" CONTENT="Bruno" WC="0.98" CC="03016"/>
					</TextLine>
				</TextBlock>
				<TextBlock ID="P2_TB00002" HPOS="2813" VPOS="581" WIDTH="167" HEIGHT="57" STYLEREFS="TXT_0 PAR_RIGHT">
					<TextLine ID="P2_TL00003" HPOS="2818" VPOS="602" WIDTH="162" HEIGHT="35">
						<String ID="P2_ST00007" HPOS="2818" VPOS="602" WIDTH="82" HEIGHT="35" CONTENT="Vol." WC="0.97" CC="6024"/>
						<SP ID="P2_SP00005" HPOS="2900" VPOS="637" WIDTH="23"/>
						<String ID="P2_ST00008" HPOS="2923" VPOS="602" WIDTH="57" HEIGHT="32" CONTENT="11l" WC="0.99" CC="012"/>
					</TextLine>
				</TextBlock>
				<TextBlock ID="P2_TB00003" HPOS="189" VPOS="613" WIDTH="170" HEIGHT="56" STYLEREFS="TXT_0 PAR_LEFT">
					<TextLine ID="P2_TL00004" HPOS="191" VPOS="635" WIDTH="132" HEIGHT="33">
						<String ID="P2_ST00009" HPOS="191" VPOS="635" WIDTH="67" HEIGHT="33" CONTENT="No." WC="0.98" CC="032"/>
						<SP ID="P2_SP00006" HPOS="258" VPOS="668" WIDTH="24"/>
						<String ID="P2_ST00010" HPOS="282" VPOS="636" WIDTH="41" HEIGHT="32" CONTENT="26" WC="0.34" CC="66"/>
					</TextLine>
				</TextBlock>
				<TextBlock ID="P2_TB00004" HPOS="1271" VPOS="616" WIDTH="630" HEIGHT="44" STYLEREFS="TXT_0 PAR_RIGHT">
					<TextLine ID="P2_TL00005" HPOS="1272" VPOS="618" WIDTH="628" HEIGHT="42">
						<String ID="P2_ST00011" HPOS="1272" VPOS="623" WIDTH="274" HEIGHT="36" CONTENT="DECEMBER" WC="1.00" CC="60000300"/>
						<SP ID="P2_SP00007" HPOS="1546" VPOS="659" WIDTH="25"/>
						<String ID="P2_ST00012" HPOS="1571" VPOS="621" WIDTH="91" HEIGHT="39" CONTENT="30th," WC="0.69" CC="50260"/>
						<SP ID="P2_SP00008" HPOS="1662" VPOS="660" WIDTH="26"/>
						<String ID="P2_ST00013" HPOS="1688" VPOS="618" WIDTH="212" HEIGHT="33" CONTENT="MCMXVI" WC="0.77" CC="040360"/>
					</TextLine>
				</TextBlock>
				<TextBlock ID="P2_TB00005" HPOS="1624" VPOS="700" WIDTH="1372" HEIGHT="2311" STYLEREFS="TXT_0 PAR_BLOCK">
					<TextLine ID="P2_TL00006" HPOS="1627" VPOS="700" WIDTH="1353" HEIGHT="55">
						<String ID="P2_ST00014" HPOS="1627" VPOS="715" WIDTH="142" HEIGHT="34" CONTENT="dollars" WC="0.99" CC="0503030"/>
						<SP ID="P2_SP00009" HPOS="1769" VPOS="749" WIDTH="34"/>
						<String ID="P2_ST00015" HPOS="1803" VPOS="721" WIDTH="35" HEIGHT="26" CONTENT="to" WC="1.00" CC="00"/>
						<SP ID="P2_SP00010" HPOS="1838" VPOS="749" WIDTH="32"/>
						<String ID="P2_ST00016" HPOS="1870" VPOS="714" WIDTH="72" HEIGHT="41" CONTENT="buy" WC="0.98" CC="120"/>
						<SP ID="P2_SP00011" HPOS="1942" VPOS="755" WIDTH="33"/>
						<String ID="P2_ST00017" HPOS="1975" VPOS="723" WIDTH="96" HEIGHT="22" CONTENT="some" WC="1.00" CC="0200"/>
						<SP ID="P2_SP00012" HPOS="2071" VPOS="755" WIDTH="34"/>
						<String ID="P2_ST00018" HPOS="2105" VPOS="709" WIDTH="249" HEIGHT="35" CONTENT="unwelcomed" WC="0.86" CC="0150403000"/>
						<SP ID="P2_SP00013" HPOS="2354" VPOS="755" WIDTH="35"/>
						<String ID="P2_ST00019" HPOS="2389" VPOS="707" WIDTH="71" HEIGHT="43" CONTENT="gift" WC="0.99" CC="2400"/>
						<SP ID="P2_SP00014" HPOS="2460" VPOS="755" WIDTH="33"/>
						<String ID="P2_ST00020" HPOS="2493" VPOS="707" WIDTH="60" HEIGHT="32" CONTENT="for" WC="0.96" CC="125"/>
						<SP ID="P2_SP00015" HPOS="2553" VPOS="755" WIDTH="33"/>
						<String ID="P2_ST00021" HPOS="2586" VPOS="715" WIDTH="167" HEIGHT="24" CONTENT="someone" WC="1.00" CC="0000020"/>
						<SP ID="P2_SP00016" HPOS="2753" VPOS="755" WIDTH="33"/>
						<String ID="P2_ST00022" HPOS="2786" VPOS="702" WIDTH="83" HEIGHT="34" CONTENT="who" WC="0.94" CC="753"/>
						<SP ID="P2_SP00017" HPOS="2869" VPOS="755" WIDTH="32"/>
						<String ID="P2_ST00023" HPOS="2901" VPOS="700" WIDTH="79" HEIGHT="34" CONTENT="will" WC="0.96" CC="6144"/>
					</TextLine>
					<TextLine ID="P2_TL00007" HPOS="1627" VPOS="748" WIDTH="1354" HEIGHT="56">
						<String ID="P2_ST00024" HPOS="1627" VPOS="764" WIDTH="84" HEIGHT="32" CONTENT="then" WC="0.96" CC="5406"/>
						<SP ID="P2_SP00018" HPOS="1711" VPOS="796" WIDTH="31"/>
						<String ID="P2_ST00025" HPOS="1742" VPOS="761" WIDTH="151" HEIGHT="43" CONTENT="pretend" WC="1.00" CC="0002000"/>
						<SP ID="P2_SP00019" HPOS="1893" VPOS="804" WIDTH="33"/>
						<String ID="P2_ST00026" HPOS="1926" VPOS="757" WIDTH="261" HEIGHT="45" CONTENT="appreciation." WC="0.99" CC="0205003406443"/>
						<SP ID="P2_SP00020" HPOS="2187" VPOS="804" WIDTH="56"/>
						<String ID="P2_ST00027" HPOS="2243" VPOS="757" WIDTH="117" HEIGHT="40" CONTENT="Many" WC="1.00" CC="0000"/>
						<SP ID="P2_SP00021" HPOS="2360" VPOS="804" WIDTH="32"/>
						<String ID="P2_ST00028" HPOS="2392" VPOS="767" WIDTH="19" HEIGHT="21" CONTENT="a" WC="1.00" CC="0"/>
						<SP ID="P2_SP00022" HPOS="2411" VPOS="804" WIDTH="32"/>
						<String ID="P2_ST00029" HPOS="2443" VPOS="755" WIDTH="134" HEIGHT="39" CONTENT="doctor," WC="1.00" CC="0000031"/>
						<SP ID="P2_SP00023" HPOS="2577" VPOS="804" WIDTH="31"/>
						<String ID="P2_ST00030" HPOS="2608" VPOS="751" WIDTH="122" HEIGHT="41" CONTENT="tailor," WC="0.99" CC="0034402"/>
						<SP ID="P2_SP00024" HPOS="2730" VPOS="804" WIDTH="31"/>
						<String ID="P2_ST00031" HPOS="2761" VPOS="748" WIDTH="220" HEIGHT="41" CONTENT="bootmaker," WC="1.00" CC="0403003012"/>
					</TextLine>
					<TextLine ID="P2_TL00008" HPOS="1629" VPOS="795" WIDTH="1353" HEIGHT="56">
						<String ID="P2_ST00032" HPOS="1629" VPOS="809" WIDTH="256" HEIGHT="42" CONTENT="laundryman," WC="0.92" CC="50000000003"/>
						<SP ID="P2_SP00025" HPOS="1885" VPOS="851" WIDTH="24"/>
						<String ID="P2_ST00033" HPOS="1909" VPOS="818" WIDTH="129" HEIGHT="31" CONTENT="grocer" WC="0.99" CC="640003"/>
						<SP ID="P2_SP00026" HPOS="2038" VPOS="851" WIDTH="24"/>
						<String ID="P2_ST00034" HPOS="2062" VPOS="805" WIDTH="70" HEIGHT="34" CONTENT="and" WC="1.00" CC="000"/>
						<SP ID="P2_SP00027" HPOS="2132" VPOS="851" WIDTH="23"/>
						<String ID="P2_ST00035" HPOS="2155" VPOS="804" WIDTH="150" HEIGHT="33" CONTENT="butcher" WC="0.99" CC="0030605"/>
						<SP ID="P2_SP00028" HPOS="2305" VPOS="851" WIDTH="30"/>
						<String ID="P2_ST00036" HPOS="2335" VPOS="802" WIDTH="48" HEIGHT="42" CONTENT="(if" WC="1.00" CC="010"/>
						<SP ID="P2_SP00029" HPOS="2383" VPOS="851" WIDTH="22"/>
						<String ID="P2_ST00037" HPOS="2405" VPOS="802" WIDTH="83" HEIGHT="40" CONTENT="they" WC="0.99" CC="0700"/>
						<SP ID="P2_SP00030" HPOS="2488" VPOS="851" WIDTH="25"/>
						<String ID="P2_ST00038" HPOS="2513" VPOS="812" WIDTH="62" HEIGHT="22" CONTENT="are" WC="0.97" CC="060"/>
						<SP ID="P2_SP00031" HPOS="2575" VPOS="851" WIDTH="25"/>
						<String ID="P2_ST00039" HPOS="2600" VPOS="797" WIDTH="153" HEIGHT="40" CONTENT="lenient)" WC="1.00" CC="20030000"/>
						<SP ID="P2_SP00032" HPOS="2753" VPOS="851" WIDTH="30"/>
						<String ID="P2_ST00040" HPOS="2783" VPOS="795" WIDTH="79" HEIGHT="35" CONTENT="will" WC="0.98" CC="0352"/>
						<SP ID="P2_SP00033" HPOS="2862" VPOS="851" WIDTH="25"/>
						<String ID="P2_ST00041" HPOS="2887" VPOS="795" WIDTH="95" HEIGHT="33" CONTENT="have" WC="0.99" CC="0060"/>
					</TextLine>
					<TextLine ID="P2_TL00009" HPOS="1627" VPOS="842" WIDTH="1355" HEIGHT="52">
						<String ID="P2_ST00042" HPOS="1627" VPOS="865" WIDTH="35" HEIGHT="25" CONTENT="to" WC="0.68" CC="06"/>
						<SP ID="P2_SP00034" HPOS="1662" VPOS="890" WIDTH="26"/>
						<String ID="P2_ST00043" HPOS="1688" VPOS="854" WIDTH="90" HEIGHT="35" CONTENT="wait" WC="0.99" CC="0040"/>
						<SP ID="P2_SP00035" HPOS="1778" VPOS="890" WIDTH="25"/>
						<String ID="P2_ST00044" HPOS="1803" VPOS="854" WIDTH="59" HEIGHT="34" CONTENT="for" WC="0.96" CC="055"/>
						<SP ID="P2_SP00036" HPOS="1862" VPOS="890" WIDTH="26"/>
						<String ID="P2_ST00045" HPOS="1888" VPOS="855" WIDTH="59" HEIGHT="32" CONTENT="the" WC="1.00" CC="000"/>
						<SP ID="P2_SP00037" HPOS="1947" VPOS="890" WIDTH="25"/>
						<String ID="P2_ST00046" HPOS="1972" VPOS="864" WIDTH="128" HEIGHT="30" CONTENT="money" WC="1.00" CC="02000"/>
						<SP ID="P2_SP00038" HPOS="2100" VPOS="894" WIDTH="26"/>
						<String ID="P2_ST00047" HPOS="2126" VPOS="851" WIDTH="104" HEIGHT="34" CONTENT="owed" WC="0.99" CC="0030"/>
						<SP ID="P2_SP00039" HPOS="2230" VPOS="894" WIDTH="27"/>
						<String ID="P2_ST00048" HPOS="2257" VPOS="851" WIDTH="97" HEIGHT="32" CONTENT="them" WC="0.99" CC="0600"/>
						<SP ID="P2_SP00040" HPOS="2354" VPOS="894" WIDTH="26"/>
						<String ID="P2_ST00049" HPOS="2380" VPOS="850" WIDTH="46" HEIGHT="41" CONTENT="by" WC="0.77" CC="40"/>
						<SP ID="P2_SP00041" HPOS="2426" VPOS="894" WIDTH="24"/>
						<String ID="P2_ST00050" HPOS="2450" VPOS="847" WIDTH="96" HEIGHT="34" CONTENT="fools" WC="0.99" CC="00300"/>
						<SP ID="P2_SP00042" HPOS="2546" VPOS="894" WIDTH="26"/>
						<String ID="P2_ST00051" HPOS="2572" VPOS="846" WIDTH="83" HEIGHT="35" CONTENT="who" WC="0.97" CC="070"/>
						<SP ID="P2_SP00043" HPOS="2655" VPOS="894" WIDTH="27"/>
						<String ID="P2_ST00052" HPOS="2682" VPOS="843" WIDTH="102" HEIGHT="35" CONTENT="think" WC="0.98" CC="06360"/>
						<SP ID="P2_SP00044" HPOS="2784" VPOS="894" WIDTH="27"/>
						<String ID="P2_ST00053" HPOS="2811" VPOS="842" WIDTH="26" HEIGHT="34" CONTENT="it" WC="1.00" CC="00"/>
						<SP ID="P2_SP00045" HPOS="2837" VPOS="894" WIDTH="26"/>
						<String ID="P2_ST00054" HPOS="2863" VPOS="853" WIDTH="100" HEIGHT="22" CONTENT="neces" SUBS_TYPE="HypPart1" SUBS_CONTENT="necessary" WC="1.00" CC="00000"/>
						<HYP HPOS="2963" VPOS="853" WIDTH="19" CONTENT="-"/>
					</TextLine>
					<TextLine ID="P2_TL00010" HPOS="1629" VPOS="888" WIDTH="1352" HEIGHT="57">
						<String ID="P2_ST00055" HPOS="1629" VPOS="915" WIDTH="84" HEIGHT="30" CONTENT="sary" SUBS_TYPE="HypPart2" SUBS_CONTENT="necessary" WC="0.99" CC="0040"/>
						<SP ID="P2_SP00046" HPOS="1713" VPOS="945" WIDTH="25"/>
						<String ID="P2_ST00056" HPOS="1738" VPOS="910" WIDTH="35" HEIGHT="26" CONTENT="to" WC="0.71" CC="05"/>
						<SP ID="P2_SP00047" HPOS="1773" VPOS="945" WIDTH="26"/>
						<String ID="P2_ST00057" HPOS="1799" VPOS="901" WIDTH="85" HEIGHT="43" CONTENT="give" WC="0.98" CC="0430"/>
						<SP ID="P2_SP00048" HPOS="1884" VPOS="945" WIDTH="28"/>
						<String ID="P2_ST00058" HPOS="1912" VPOS="899" WIDTH="189" HEIGHT="35" CONTENT="luxurious" WC="0.99" CC="150042000"/>
						<SP ID="P2_SP00049" HPOS="2101" VPOS="945" WIDTH="26"/>
						<String ID="P2_ST00059" HPOS="2127" VPOS="897" WIDTH="88" HEIGHT="43" CONTENT="gifts" WC="0.99" CC="03501"/>
						<SP ID="P2_SP00050" HPOS="2215" VPOS="945" WIDTH="27"/>
						<String ID="P2_ST00060" HPOS="2242" VPOS="904" WIDTH="35" HEIGHT="26" CONTENT="to" WC="1.00" CC="00"/>
						<SP ID="P2_SP00051" HPOS="2277" VPOS="945" WIDTH="26"/>
						<String ID="P2_ST00061" HPOS="2303" VPOS="896" WIDTH="95" HEIGHT="33" CONTENT="their" WC="0.99" CC="06020"/>
						<SP ID="P2_SP00052" HPOS="2398" VPOS="945" WIDTH="26"/>
						<String ID="P2_ST00062" HPOS="2424" VPOS="894" WIDTH="143" HEIGHT="34" CONTENT="friends" WC="0.99" CC="0430200"/>
						<SP ID="P2_SP00053" HPOS="2567" VPOS="945" WIDTH="26"/>
						<String ID="P2_ST00063" HPOS="2593" VPOS="900" WIDTH="35" HEIGHT="26" CONTENT="to" WC="0.95" CC="00"/>
						<SP ID="P2_SP00054" HPOS="2628" VPOS="945" WIDTH="27"/>
						<String ID="P2_ST00064" HPOS="2655" VPOS="892" WIDTH="88" HEIGHT="41" CONTENT="keep" WC="0.98" CC="0009"/>
						<SP ID="P2_SP00055" HPOS="2743" VPOS="945" WIDTH="28"/>
						<String ID="P2_ST00065" HPOS="2771" VPOS="902" WIDTH="46" HEIGHT="30" CONTENT="up" WC="0.78" CC="40"/>
						<SP ID="P2_SP00056" HPOS="2817" VPOS="945" WIDTH="30"/>
						<String ID="P2_ST00066" HPOS="2847" VPOS="888" WIDTH="134" HEIGHT="34" CONTENT="annual" WC="0.99" CC="003006"/>
					</TextLine>
					<TextLine ID="P2_TL00011" HPOS="1631" VPOS="961" WIDTH="260" HEIGHT="31">
						<String ID="P2_ST00067" HPOS="1631" VPOS="961" WIDTH="260" HEIGHT="31" CONTENT="appearances." WC="1.00" CC="000000010000"/>
					</TextLine>
					<TextLine ID="P2_TL00012" HPOS="1676" VPOS="983" WIDTH="1308" HEIGHT="52">
						<String ID="P2_ST00068" HPOS="1676" VPOS="996" WIDTH="227" HEIGHT="34" CONTENT='"Christmas' WC="0.99" CC="7206300000"/>
						<SP ID="P2_SP00057" HPOS="1903" VPOS="1030" WIDTH="26"/>
						<String ID="P2_ST00069" HPOS="1929" VPOS="994" WIDTH="158" HEIGHT="41" CONTENT='Money"' WC="1.00" CC="000002"/>
						<SP ID="P2_SP00058" HPOS="2087" VPOS="1035" WIDTH="27"/>
						<String ID="P2_ST00070" HPOS="2114" VPOS="992" WIDTH="29" HEIGHT="33" CONTENT="is" WC="0.81" CC="30"/>
						<SP ID="P2_SP00059" HPOS="2143" VPOS="1035" WIDTH="28"/>
						<String ID="P2_ST00071" HPOS="2171" VPOS="990" WIDTH="211" HEIGHT="35" CONTENT="advertised" WC="1.00" CC="0000226000"/>
						<SP ID="P2_SP00060" HPOS="2382" VPOS="1035" WIDTH="28"/>
						<String ID="P2_ST00072" HPOS="2410" VPOS="988" WIDTH="35" HEIGHT="34" CONTENT="in" WC="1.00" CC="00"/>
						<SP ID="P2_SP00061" HPOS="2445" VPOS="1035" WIDTH="26"/>
						<String ID="P2_ST00073" HPOS="2471" VPOS="988" WIDTH="59" HEIGHT="34" CONTENT="the" WC="0.97" CC="060"/>
						<SP ID="P2_SP00062" HPOS="2530" VPOS="1035" WIDTH="28"/>
						<String ID="P2_ST00074" HPOS="2558" VPOS="987" WIDTH="125" HEIGHT="41" CONTENT="salary" WC="0.99" CC="004040"/>
						<SP ID="P2_SP00063" HPOS="2683" VPOS="1035" WIDTH="26"/>
						<String ID="P2_ST00075" HPOS="2709" VPOS="986" WIDTH="85" HEIGHT="33" CONTENT="loan" WC="0.98" CC="4303"/>
						<SP ID="P2_SP00064" HPOS="2794" VPOS="1035" WIDTH="28"/>
						<String ID="P2_ST00076" HPOS="2822" VPOS="983" WIDTH="162" HEIGHT="34" CONTENT="columns" WC="0.99" CC="0046030"/>
					</TextLine>
					<TextLine ID="P2_TL00013" HPOS="1630" VPOS="1030" WIDTH="1353" HEIGHT="56">
						<String ID="P2_ST00077" HPOS="1630" VPOS="1044" WIDTH="38" HEIGHT="34" CONTENT="of" WC="1.00" CC="00"/>
						<SP ID="P2_SP00065" HPOS="1668" VPOS="1078" WIDTH="36"/>
						<String ID="P2_ST00078" HPOS="1704" VPOS="1054" WIDTH="236" HEIGHT="32" CONTENT="newspapers" WC="1.00" CC="0000000000"/>
						<SP ID="P2_SP00066" HPOS="1940" VPOS="1086" WIDTH="34"/>
						<String ID="P2_ST00079" HPOS="1974" VPOS="1042" WIDTH="46" HEIGHT="41" CONTENT="by" WC="1.00" CC="00"/>
						<SP ID="P2_SP00067" HPOS="2020" VPOS="1086" WIDTH="34"/>
						<String ID="P2_ST00080" HPOS="2054" VPOS="1041" WIDTH="59" HEIGHT="33" CONTENT="the" WC="0.99" CC="300"/>
						<SP ID="P2_SP00068" HPOS="2113" VPOS="1086" WIDTH="35"/>
						<String ID="P2_ST00081" HPOS="2148" VPOS="1037" WIDTH="259" HEIGHT="35" CONTENT="bloodsuckers" WC="1.00" CC="406600100030"/>
						<SP ID="P2_SP00069" HPOS="2407" VPOS="1086" WIDTH="34"/>
						<String ID="P2_ST00082" HPOS="2441" VPOS="1036" WIDTH="84" HEIGHT="34" CONTENT="who" WC="0.99" CC="001"/>
						<SP ID="P2_SP00070" HPOS="2525" VPOS="1086" WIDTH="36"/>
						<String ID="P2_ST00083" HPOS="2561" VPOS="1034" WIDTH="131" HEIGHT="33" CONTENT="should" WC="0.99" CC="060040"/>
						<SP ID="P2_SP00071" HPOS="2692" VPOS="1086" WIDTH="38"/>
						<String ID="P2_ST00084" HPOS="2730" VPOS="1030" WIDTH="137" HEIGHT="44" CONTENT="rightly" WC="0.99" CC="3306040"/>
						<SP ID="P2_SP00072" HPOS="2867" VPOS="1086" WIDTH="35"/>
						<String ID="P2_ST00085" HPOS="2902" VPOS="1030" WIDTH="81" HEIGHT="33" CONTENT="fear" WC="0.99" CC="0005"/>
					</TextLine>
					<TextLine ID="P2_TL00014" HPOS="1629" VPOS="1076" WIDTH="1355" HEIGHT="57">
						<String ID="P2_ST00086" HPOS="1629" VPOS="1100" WIDTH="35" HEIGHT="25" CONTENT="to" WC="1.00" CC="00"/>
						<SP ID="P2_SP00073" HPOS="1664" VPOS="1125" WIDTH="31"/>
						<String ID="P2_ST00087" HPOS="1695" VPOS="1091" WIDTH="121" HEIGHT="42" CONTENT="speak," WC="0.99" CC="007004"/>
						<SP ID="P2_SP00074" HPOS="1816" VPOS="1133" WIDTH="30"/>
						<String ID="P2_ST00088" HPOS="1846" VPOS="1088" WIDTH="106" HEIGHT="36" CONTENT="write" WC="0.97" CC="07347"/>
						<SP ID="P2_SP00075" HPOS="1952" VPOS="1133" WIDTH="30"/>
						<String ID="P2_ST00089" HPOS="1982" VPOS="1100" WIDTH="40" HEIGHT="21" CONTENT="or" WC="0.41" CC="38"/>
						<SP ID="P2_SP00076" HPOS="2022" VPOS="1133" WIDTH="31"/>
						<String ID="P2_ST00090" HPOS="2053" VPOS="1098" WIDTH="91" HEIGHT="23" CONTENT="even" WC="0.95" CC="7077"/>
						<SP ID="P2_SP00077" HPOS="2144" VPOS="1133" WIDTH="30"/>
						<String ID="P2_ST00091" HPOS="2174" VPOS="1085" WIDTH="102" HEIGHT="34" CONTENT="think" WC="0.98" CC="07170"/>
						<SP ID="P2_SP00078" HPOS="2276" VPOS="1133" WIDTH="30"/>
						<String ID="P2_ST00092" HPOS="2306" VPOS="1085" WIDTH="59" HEIGHT="33" CONTENT="the" WC="0.93" CC="557"/>
						<SP ID="P2_SP00079" HPOS="2365" VPOS="1133" WIDTH="31"/>
						<String ID="P2_ST00093" HPOS="2396" VPOS="1094" WIDTH="106" HEIGHT="22" CONTENT="name" WC="0.97" CC="7007"/>
						<SP ID="P2_SP00080" HPOS="2502" VPOS="1133" WIDTH="31"/>
						<String ID="P2_ST00094" HPOS="2533" VPOS="1081" WIDTH="39" HEIGHT="33" CONTENT="of" WC="0.88" CC="10"/>
						<SP ID="P2_SP00081" HPOS="2572" VPOS="1133" WIDTH="32"/>
						<String ID="P2_ST00095" HPOS="2604" VPOS="1079" WIDTH="133" HEIGHT="35" CONTENT="Christ." WC="0.98" CC="5570003"/>
						<SP ID="P2_SP00082" HPOS="2737" VPOS="1133" WIDTH="45"/>
						<String ID="P2_ST00096" HPOS="2782" VPOS="1076" WIDTH="202" HEIGHT="42" CONTENT="Glitteiing" WC="0.45" CC="7421076779"/>
					</TextLine>
					<TextLine ID="P2_TL00015" HPOS="1629" VPOS="1125" WIDTH="1355" HEIGHT="55">
						<String ID="P2_ST00097" HPOS="1629" VPOS="1138" WIDTH="164" HEIGHT="42" CONTENT="jewelry," WC="0.99" CC="60901500"/>
						<SP ID="P2_SP00083" HPOS="1793" VPOS="1180" WIDTH="20"/>
						<String ID="P2_ST00098" HPOS="1813" VPOS="1136" WIDTH="119" HEIGHT="35" CONTENT="worth" WC="0.98" CC="04330"/>
						<SP ID="P2_SP00084" HPOS="1932" VPOS="1180" WIDTH="21"/>
						<String ID="P2_ST00099" HPOS="1953" VPOS="1134" WIDTH="152" HEIGHT="42" CONTENT="nothing" WC="0.98" CC="0406459"/>
						<SP ID="P2_SP00085" HPOS="2105" VPOS="1180" WIDTH="21"/>
						<String ID="P2_ST00100" HPOS="2126" VPOS="1133" WIDTH="70" HEIGHT="34" CONTENT="and" WC="1.00" CC="000"/>
						<SP ID="P2_SP00086" HPOS="2196" VPOS="1180" WIDTH="22"/>
						<String ID="P2_ST00101" HPOS="2218" VPOS="1131" WIDTH="204" HEIGHT="44" CONTENT="purchased" WC="1.00" CC="003050000"/>
						<SP ID="P2_SP00087" HPOS="2422" VPOS="1180" WIDTH="22"/>
						<String ID="P2_ST00102" HPOS="2444" VPOS="1130" WIDTH="58" HEIGHT="33" CONTENT="for" WC="0.98" CC="004"/>
						<SP ID="P2_SP00088" HPOS="2502" VPOS="1180" WIDTH="24"/>
						<String ID="P2_ST00103" HPOS="2526" VPOS="1140" WIDTH="44" HEIGHT="22" CONTENT="an" WC="0.80" CC="04"/>
						<SP ID="P2_SP00089" HPOS="2570" VPOS="1180" WIDTH="24"/>
						<String ID="P2_ST00104" HPOS="2594" VPOS="1133" WIDTH="148" HEIGHT="28" CONTENT="amount" WC="1.00" CC="000000"/>
						<SP ID="P2_SP00090" HPOS="2742" VPOS="1180" WIDTH="21"/>
						<String ID="P2_ST00105" HPOS="2763" VPOS="1137" WIDTH="19" HEIGHT="22" CONTENT="a" WC="1.00" CC="0"/>
						<SP ID="P2_SP00091" HPOS="2782" VPOS="1180" WIDTH="21"/>
						<String ID="P2_ST00106" HPOS="2803" VPOS="1125" WIDTH="181" HEIGHT="33" CONTENT="thousand" WC="0.99" CC="06000040"/>
					</TextLine>
					<TextLine ID="P2_TL00016" HPOS="1629" VPOS="1169" WIDTH="1356" HEIGHT="58">
						<String ID="P2_ST00107" HPOS="1629" VPOS="1185" WIDTH="104" HEIGHT="34" CONTENT="times" WC="1.00" CC="02000"/>
						<SP ID="P2_SP00092" HPOS="1733" VPOS="1219" WIDTH="32"/>
						<String ID="P2_ST00108" HPOS="1765" VPOS="1191" WIDTH="147" HEIGHT="36" CONTENT="greater" WC="0.99" CC="0400404"/>
						<SP ID="P2_SP00093" HPOS="1912" VPOS="1227" WIDTH="31"/>
						<String ID="P2_ST00109" HPOS="1943" VPOS="1183" WIDTH="88" HEIGHT="33" CONTENT="than" WC="0.97" CC="0704"/>
						<SP ID="P2_SP00094" HPOS="2031" VPOS="1227" WIDTH="31"/>
						<String ID="P2_ST00110" HPOS="2062" VPOS="1181" WIDTH="59" HEIGHT="34" CONTENT="the" WC="0.97" CC="060"/>
						<SP ID="P2_SP00095" HPOS="2121" VPOS="1227" WIDTH="32"/>
						<String ID="P2_ST00111" HPOS="2153" VPOS="1177" WIDTH="304" HEIGHT="43" CONTENT="manufacturing" WC="1.00" CC="0010000024247"/>
						<SP ID="P2_SP00096" HPOS="2457" VPOS="1227" WIDTH="31"/>
						<String ID="P2_ST00112" HPOS="2488" VPOS="1175" WIDTH="108" HEIGHT="43" CONTENT="price," WC="1.00" CC="023000"/>
						<SP ID="P2_SP00097" HPOS="2596" VPOS="1227" WIDTH="34"/>
						<String ID="P2_ST00113" HPOS="2630" VPOS="1174" WIDTH="30" HEIGHT="34" CONTENT="is" WC="0.80" CC="30"/>
						<SP ID="P2_SP00098" HPOS="2660" VPOS="1227" WIDTH="34"/>
						<String ID="P2_ST00114" HPOS="2694" VPOS="1172" WIDTH="168" HEIGHT="43" CONTENT="accepted" WC="1.00" CC="00000300"/>
						<SP ID="P2_SP00099" HPOS="2862" VPOS="1227" WIDTH="33"/>
						<String ID="P2_ST00115" HPOS="2895" VPOS="1169" WIDTH="90" HEIGHT="35" CONTENT="with" WC="0.99" CC="0310"/>
					</TextLine>
					<TextLine ID="P2_TL00017" HPOS="1631" VPOS="1219" WIDTH="1354" HEIGHT="55">
						<String ID="P2_ST00116" HPOS="1631" VPOS="1232" WIDTH="142" HEIGHT="42" CONTENT="avidity" WC="0.99" CC="0040240"/>
						<SP ID="P2_SP00100" HPOS="1773" VPOS="1274" WIDTH="25"/>
						<String ID="P2_ST00117" HPOS="1798" VPOS="1231" WIDTH="70" HEIGHT="33" CONTENT="and" WC="1.00" CC="000"/>
						<SP ID="P2_SP00101" HPOS="1868" VPOS="1274" WIDTH="25"/>
						<String ID="P2_ST00118" HPOS="1893" VPOS="1228" WIDTH="142" HEIGHT="43" CONTENT="delight" WC="1.00" CC="0016000"/>
						<SP ID="P2_SP00102" HPOS="2035" VPOS="1274" WIDTH="23"/>
						<String ID="P2_ST00119" HPOS="2058" VPOS="1229" WIDTH="46" HEIGHT="41" CONTENT="by" WC="1.00" CC="00"/>
						<SP ID="P2_SP00103" HPOS="2104" VPOS="1274" WIDTH="22"/>
						<String ID="P2_ST00120" HPOS="2126" VPOS="1237" WIDTH="153" HEIGHT="24" CONTENT="women." WC="1.00" CC="000003"/>
						<SP ID="P2_SP00104" HPOS="2279" VPOS="1274" WIDTH="47"/>
						<String ID="P2_ST00121" HPOS="2326" VPOS="1224" WIDTH="117" HEIGHT="34" CONTENT="Their" WC="0.98" CC="65005"/>
						<SP ID="P2_SP00105" HPOS="2443" VPOS="1274" WIDTH="25"/>
						<String ID="P2_ST00122" HPOS="2468" VPOS="1222" WIDTH="198" HEIGHT="41" CONTENT="husbands," WC="1.00" CC="050000002"/>
						<SP ID="P2_SP00106" HPOS="2666" VPOS="1274" WIDTH="24"/>
						<String ID="P2_ST00123" HPOS="2690" VPOS="1219" WIDTH="143" HEIGHT="34" CONTENT="friends" WC="0.99" CC="0040600"/>
						<SP ID="P2_SP00107" HPOS="2833" VPOS="1274" WIDTH="26"/>
						<String ID="P2_ST00124" HPOS="2859" VPOS="1225" WIDTH="105" HEIGHT="28" CONTENT="sweet" SUBS_TYPE="HypPart1" SUBS_CONTENT="sweethearts" WC="0.99" CC="00200"/>
						<HYP HPOS="2964" VPOS="1225" WIDTH="21" CONTENT="-"/>
					</TextLine>
					<TextLine ID="P2_TL00018" HPOS="1630" VPOS="1265" WIDTH="1354" HEIGHT="52">
						<String ID="P2_ST00125" HPOS="1630" VPOS="1280" WIDTH="123" HEIGHT="33" CONTENT="hearts" SUBS_TYPE="HypPart2" SUBS_CONTENT="sweethearts" WC="0.99" CC="600400"/>
						<SP ID="P2_SP00108" HPOS="1753" VPOS="1313" WIDTH="25"/>
						<String ID="P2_ST00126" HPOS="1778" VPOS="1279" WIDTH="71" HEIGHT="32" CONTENT="and" WC="1.00" CC="000"/>
						<SP ID="P2_SP00109" HPOS="1849" VPOS="1313" WIDTH="25"/>
						<String ID="P2_ST00127" HPOS="1874" VPOS="1288" WIDTH="82" HEIGHT="22" CONTENT="sons" WC="1.00" CC="0020"/>
						<SP ID="P2_SP00110" HPOS="1956" VPOS="1313" WIDTH="24"/>
						<String ID="P2_ST00128" HPOS="1980" VPOS="1277" WIDTH="95" HEIGHT="33" CONTENT="have" WC="1.00" CC="0000"/>
						<SP ID="P2_SP00111" HPOS="2075" VPOS="1313" WIDTH="25"/>
						<String ID="P2_ST00129" HPOS="2100" VPOS="1274" WIDTH="127" HEIGHT="43" CONTENT="signed" WC="0.99" CC="039200"/>
						<SP ID="P2_SP00112" HPOS="2227" VPOS="1317" WIDTH="28"/>
						<String ID="P2_ST00130" HPOS="2255" VPOS="1284" WIDTH="106" HEIGHT="30" CONTENT="away" WC="1.00" CC="0000"/>
						<SP ID="P2_SP00113" HPOS="2361" VPOS="1317" WIDTH="22"/>
						<String ID="P2_ST00131" HPOS="2383" VPOS="1270" WIDTH="95" HEIGHT="34" CONTENT="their" WC="0.98" CC="06063"/>
						<SP ID="P2_SP00114" HPOS="2478" VPOS="1317" WIDTH="24"/>
						<String ID="P2_ST00132" HPOS="2502" VPOS="1281" WIDTH="135" HEIGHT="28" CONTENT="names," WC="1.00" CC="000002"/>
						<SP ID="P2_SP00115" HPOS="2637" VPOS="1317" WIDTH="26"/>
						<String ID="P2_ST00133" HPOS="2663" VPOS="1267" WIDTH="149" HEIGHT="41" CONTENT="income," WC="0.99" CC="7400000"/>
						<SP ID="P2_SP00116" HPOS="2812" VPOS="1317" WIDTH="26"/>
						<String ID="P2_ST00134" HPOS="2838" VPOS="1265" WIDTH="36" HEIGHT="33" CONTENT="in" WC="0.50" CC="36"/>
						<SP ID="P2_SP00117" HPOS="2874" VPOS="1317" WIDTH="25"/>
						<String ID="P2_ST00135" HPOS="2899" VPOS="1265" WIDTH="85" HEIGHT="41" CONTENT="fact," WC="0.99" CC="00040"/>
					</TextLine>
					<TextLine ID="P2_TL00019" HPOS="1631" VPOS="1310" WIDTH="1355" HEIGHT="57">
						<String ID="P2_ST00136" HPOS="1631" VPOS="1324" WIDTH="217" HEIGHT="43" CONTENT="everything" WC="0.99" CC="0055003560"/>
						<SP ID="P2_SP00118" HPOS="1848" VPOS="1367" WIDTH="26"/>
						<String ID="P2_ST00137" HPOS="1874" VPOS="1324" WIDTH="85" HEIGHT="41" CONTENT="they" WC="0.99" CC="0400"/>
						<SP ID="P2_SP00119" HPOS="1959" VPOS="1367" WIDTH="26"/>
						<String ID="P2_ST00138" HPOS="1985" VPOS="1334" WIDTH="153" HEIGHT="31" CONTENT="possess," WC="1.00" CC="00000002"/>
						<SP ID="P2_SP00120" HPOS="2138" VPOS="1367" WIDTH="30"/>
						<String ID="P2_ST00139" HPOS="2168" VPOS="1332" WIDTH="86" HEIGHT="23" CONTENT="ever" WC="0.98" CC="0047"/>
						<SP ID="P2_SP00121" HPOS="2254" VPOS="1367" WIDTH="29"/>
						<String ID="P2_ST00140" HPOS="2283" VPOS="1318" WIDTH="188" HEIGHT="44" CONTENT="possessed" WC="1.00" CC="040010000"/>
						<SP ID="P2_SP00122" HPOS="2471" VPOS="1367" WIDTH="30"/>
						<String ID="P2_ST00141" HPOS="2501" VPOS="1328" WIDTH="41" HEIGHT="21" CONTENT="or" WC="0.70" CC="05"/>
						<SP ID="P2_SP00123" HPOS="2542" VPOS="1367" WIDTH="27"/>
						<String ID="P2_ST00142" HPOS="2569" VPOS="1315" WIDTH="79" HEIGHT="35" CONTENT="will" WC="0.97" CC="0454"/>
						<SP ID="P2_SP00124" HPOS="2648" VPOS="1367" WIDTH="32"/>
						<String ID="P2_ST00143" HPOS="2680" VPOS="1325" WIDTH="141" HEIGHT="30" CONTENT="possess" WC="1.00" CC="0500000"/>
						<SP ID="P2_SP00125" HPOS="2821" VPOS="1367" WIDTH="30"/>
						<String ID="P2_ST00144" HPOS="2851" VPOS="1312" WIDTH="35" HEIGHT="33" CONTENT="in" WC="0.35" CC="57"/>
						<SP ID="P2_SP00126" HPOS="2886" VPOS="1367" WIDTH="29"/>
						<String ID="P2_ST00145" HPOS="2915" VPOS="1310" WIDTH="71" HEIGHT="35" CONTENT="this" WC="0.98" CC="0440"/>
					</TextLine>
					<TextLine ID="P2_TL00020" HPOS="1629" VPOS="1359" WIDTH="1356" HEIGHT="55">
						<String ID="P2_ST00146" HPOS="1629" VPOS="1373" WIDTH="130" HEIGHT="41" CONTENT="world," WC="0.99" CC="050001"/>
						<SP ID="P2_SP00127" HPOS="1759" VPOS="1414" WIDTH="23"/>
						<String ID="P2_ST00147" HPOS="1782" VPOS="1379" WIDTH="35" HEIGHT="27" CONTENT="to" WC="1.00" CC="00"/>
						<SP ID="P2_SP00128" HPOS="1817" VPOS="1414" WIDTH="24"/>
						<String ID="P2_ST00148" HPOS="1841" VPOS="1371" WIDTH="58" HEIGHT="34" CONTENT="the" WC="0.98" CC="420"/>
						<SP ID="P2_SP00129" HPOS="1899" VPOS="1414" WIDTH="23"/>
						<String ID="P2_ST00149" HPOS="1922" VPOS="1368" WIDTH="253" HEIGHT="41" CONTENT="bland-faced," WC="1.00" CC="000002000002"/>
						<SP ID="P2_SP00130" HPOS="2175" VPOS="1414" WIDTH="24"/>
						<String ID="P2_ST00150" HPOS="2199" VPOS="1366" WIDTH="164" HEIGHT="42" CONTENT="friendly" WC="1.00" CC="10500020"/>
						<SP ID="P2_SP00131" HPOS="2363" VPOS="1414" WIDTH="23"/>
						<String ID="P2_ST00151" HPOS="2386" VPOS="1363" WIDTH="213" HEIGHT="35" CONTENT="benefactor" WC="1.00" CC="1020000103"/>
						<SP ID="P2_SP00132" HPOS="2599" VPOS="1414" WIDTH="22"/>
						<String ID="P2_ST00152" HPOS="2621" VPOS="1360" WIDTH="135" HEIGHT="35" CONTENT="behind" WC="0.99" CC="000650"/>
						<SP ID="P2_SP00133" HPOS="2756" VPOS="1414" WIDTH="24"/>
						<String ID="P2_ST00153" HPOS="2780" VPOS="1359" WIDTH="56" HEIGHT="33" CONTENT="his" WC="0.96" CC="550"/>
						<SP ID="P2_SP00134" HPOS="2836" VPOS="1414" WIDTH="24"/>
						<String ID="P2_ST00154" HPOS="2860" VPOS="1359" WIDTH="105" HEIGHT="41" CONTENT="sheep" SUBS_TYPE="HypPart1" SUBS_CONTENT="sheepclothes" WC="1.00" CC="00010"/>
						<HYP HPOS="2965" VPOS="1359" WIDTH="20" CONTENT="-"/>
					</TextLine>
					<TextLine ID="P2_TL00021" HPOS="1629" VPOS="1404" WIDTH="1358" HEIGHT="51">
						<String ID="P2_ST00155" HPOS="1629" VPOS="1420" WIDTH="137" HEIGHT="33" CONTENT="clothes" SUBS_TYPE="HypPart2" SUBS_CONTENT="sheepclothes" WC="0.99" CC="0035300"/>
						<SP ID="P2_SP00135" HPOS="1766" VPOS="1453" WIDTH="25"/>
						<String ID="P2_ST00156" HPOS="1791" VPOS="1425" WIDTH="148" HEIGHT="27" CONTENT="counter" WC="0.99" CC="0041006"/>
						<SP ID="P2_SP00136" HPOS="1939" VPOS="1453" WIDTH="24"/>
						<String ID="P2_ST00157" HPOS="1963" VPOS="1416" WIDTH="36" HEIGHT="33" CONTENT="in" WC="0.63" CC="51"/>
						<SP ID="P2_SP00137" HPOS="1999" VPOS="1453" WIDTH="24"/>
						<String ID="P2_ST00158" HPOS="2023" VPOS="1416" WIDTH="60" HEIGHT="34" CONTENT="the" WC="0.98" CC="040"/>
						<SP ID="P2_SP00138" HPOS="2083" VPOS="1453" WIDTH="26"/>
						<String ID="P2_ST00159" HPOS="2109" VPOS="1415" WIDTH="115" HEIGHT="38" CONTENT="Quick" WC="0.98" CC="63100"/>
						<SP ID="P2_SP00139" HPOS="2224" VPOS="1453" WIDTH="25"/>
						<String ID="P2_ST00160" HPOS="2249" VPOS="1415" WIDTH="110" HEIGHT="40" CONTENT="Loan," WC="0.99" CC="02002"/>
						<SP ID="P2_SP00140" HPOS="2359" VPOS="1455" WIDTH="26"/>
						<String ID="P2_ST00161" HPOS="2385" VPOS="1411" WIDTH="204" HEIGHT="33" CONTENT="Thousand" WC="0.99" CC="61050040"/>
						<SP ID="P2_SP00141" HPOS="2589" VPOS="1455" WIDTH="24"/>
						<String ID="P2_ST00162" HPOS="2613" VPOS="1411" WIDTH="70" HEIGHT="31" CONTENT="Per" WC="0.97" CC="105"/>
						<SP ID="P2_SP00142" HPOS="2683" VPOS="1455" WIDTH="26"/>
						<String ID="P2_ST00163" HPOS="2709" VPOS="1409" WIDTH="92" HEIGHT="32" CONTENT="Cent" WC="1.00" CC="0000"/>
						<SP ID="P2_SP00143" HPOS="2801" VPOS="1455" WIDTH="24"/>
						<String ID="P2_ST00164" HPOS="2825" VPOS="1404" WIDTH="162" HEIGHT="44" CONTENT="banking" WC="0.99" CC="0040400"/>
					</TextLine>
					<TextLine ID="P2_TL00022" HPOS="1629" VPOS="1466" WIDTH="271" HEIGHT="34">
						<String ID="P2_ST00165" HPOS="1629" VPOS="1466" WIDTH="165" HEIGHT="34" CONTENT="business" WC="1.00" CC="01050000"/>
						<SP ID="P2_SP00144" HPOS="1794" VPOS="1500" WIDTH="25"/>
						<String ID="P2_ST00166" HPOS="1819" VPOS="1466" WIDTH="81" HEIGHT="32" CONTENT="den." WC="0.99" CC="0002"/>
					</TextLine>
					<TextLine ID="P2_TL00023" HPOS="1674" VPOS="1500" WIDTH="1312" HEIGHT="50">
						<String ID="P2_ST00167" HPOS="1674" VPOS="1514" WIDTH="108" HEIGHT="32" CONTENT="Then" WC="1.00" CC="0000"/>
						<SP ID="P2_SP00145" HPOS="1782" VPOS="1546" WIDTH="45"/>
						<String ID="P2_ST00168" HPOS="1827" VPOS="1512" WIDTH="99" HEIGHT="33" CONTENT="these" WC="0.99" CC="06000"/>
						<SP ID="P2_SP00146" HPOS="1926" VPOS="1546" WIDTH="46"/>
						<String ID="P2_ST00169" HPOS="1972" VPOS="1508" WIDTH="280" HEIGHT="42" CONTENT="make-believe," WC="1.00" CC="0030300060000"/>
						<SP ID="P2_SP00147" HPOS="2252" VPOS="1550" WIDTH="47"/>
						<String ID="P2_ST00170" HPOS="2299" VPOS="1505" WIDTH="205" HEIGHT="35" CONTENT="Christmas" WC="0.99" CC="256700000"/>
						<SP ID="P2_SP00148" HPOS="2504" VPOS="1550" WIDTH="46"/>
						<String ID="P2_ST00171" HPOS="2550" VPOS="1503" WIDTH="206" HEIGHT="35" CONTENT="celebrants" WC="1.00" CC="0040050000"/>
						<SP ID="P2_SP00149" HPOS="2756" VPOS="1550" WIDTH="45"/>
						<String ID="P2_ST00172" HPOS="2801" VPOS="1500" WIDTH="185" HEIGHT="42" CONTENT="exchange" WC="1.00" CC="00060000"/>
					</TextLine>
					<TextLine ID="P2_TL00024" HPOS="1629" VPOS="1546" WIDTH="1358" HEIGHT="55">
						<String ID="P2_ST00173" HPOS="1629" VPOS="1559" WIDTH="165" HEIGHT="42" CONTENT="friendly" WC="1.00" CC="01304000"/>
						<SP ID="P2_SP00150" HPOS="1794" VPOS="1601" WIDTH="19"/>
						<String ID="P2_ST00174" HPOS="1813" VPOS="1557" WIDTH="106" HEIGHT="36" CONTENT="visits" WC="0.99" CC="060400"/>
						<SP ID="P2_SP00151" HPOS="1919" VPOS="1601" WIDTH="20"/>
						<String ID="P2_ST00175" HPOS="1939" VPOS="1565" WIDTH="36" HEIGHT="26" CONTENT="to" WC="0.94" CC="01"/>
						<SP ID="P2_SP00152" HPOS="1975" VPOS="1601" WIDTH="19"/>
						<String ID="P2_ST00176" HPOS="1994" VPOS="1556" WIDTH="94" HEIGHT="35" CONTENT="wish" WC="0.97" CC="0707"/>
						<SP ID="P2_SP00153" HPOS="2088" VPOS="1601" WIDTH="23"/>
						<String ID="P2_ST00177" HPOS="2111" VPOS="1554" WIDTH="197" HEIGHT="43" CONTENT="happiness" WC="1.00" CC="000060000"/>
						<SP ID="P2_SP00154" HPOS="2308" VPOS="1601" WIDTH="22"/>
						<String ID="P2_ST00178" HPOS="2330" VPOS="1554" WIDTH="59" HEIGHT="32" CONTENT="for" WC="0.98" CC="004"/>
						<SP ID="P2_SP00155" HPOS="2389" VPOS="1601" WIDTH="21"/>
						<String ID="P2_ST00179" HPOS="2410" VPOS="1553" WIDTH="59" HEIGHT="32" CONTENT="the" WC="0.98" CC="050"/>
						<SP ID="P2_SP00156" HPOS="2469" VPOS="1601" WIDTH="24"/>
						<String ID="P2_ST00180" HPOS="2493" VPOS="1553" WIDTH="91" HEIGHT="32" CONTENT="New" WC="1.00" CC="000"/>
						<SP ID="P2_SP00157" HPOS="2584" VPOS="1601" WIDTH="22"/>
						<String ID="P2_ST00181" HPOS="2606" VPOS="1551" WIDTH="100" HEIGHT="32" CONTENT="Year" WC="0.99" CC="0002"/>
						<String ID="P2_ST00182" HPOS="2707" VPOS="1556" WIDTH="84" HEIGHT="26" CONTENT="—to" WC="0.97" CC="800"/>
						<SP ID="P2_SP00158" HPOS="2791" VPOS="1601" WIDTH="22"/>
						<String ID="P2_ST00183" HPOS="2813" VPOS="1546" WIDTH="174" HEIGHT="35" CONTENT="manifest" WC="0.99" CC="00361004"/>
					</TextLine>
					<TextLine ID="P2_TL00025" HPOS="1631" VPOS="1594" WIDTH="1357" HEIGHT="52">
						<String ID="P2_ST00184" HPOS="1631" VPOS="1608" WIDTH="82" HEIGHT="34" CONTENT="love" WC="0.99" CC="3000"/>
						<SP ID="P2_SP00159" HPOS="1713" VPOS="1642" WIDTH="22"/>
						<String ID="P2_ST00185" HPOS="1735" VPOS="1607" WIDTH="70" HEIGHT="33" CONTENT="and" WC="0.99" CC="020"/>
						<SP ID="P2_SP00160" HPOS="1805" VPOS="1642" WIDTH="20"/>
						<String ID="P2_ST00186" HPOS="1825" VPOS="1604" WIDTH="188" HEIGHT="42" CONTENT="brotherly" WC="0.99" CC="060006550"/>
						<SP ID="P2_SP00161" HPOS="2013" VPOS="1646" WIDTH="19"/>
						<String ID="P2_ST00187" HPOS="2032" VPOS="1602" WIDTH="151" HEIGHT="42" CONTENT="feeling." WC="0.99" CC="00014083"/>
						<SP ID="P2_SP00162" HPOS="2183" VPOS="1646" WIDTH="31"/>
						<String ID="P2_ST00188" HPOS="2214" VPOS="1602" WIDTH="82" HEIGHT="32" CONTENT="The" WC="1.00" CC="000"/>
						<SP ID="P2_SP00163" HPOS="2296" VPOS="1646" WIDTH="21"/>
						<String ID="P2_ST00189" HPOS="2317" VPOS="1606" WIDTH="163" HEIGHT="37" CONTENT="presents" WC="1.00" CC="06000020"/>
						<SP ID="P2_SP00164" HPOS="2480" VPOS="1646" WIDTH="22"/>
						<String ID="P2_ST00190" HPOS="2502" VPOS="1610" WIDTH="62" HEIGHT="21" CONTENT="are" WC="0.96" CC="360"/>
						<SP ID="P2_SP00165" HPOS="2564" VPOS="1646" WIDTH="21"/>
						<String ID="P2_ST00191" HPOS="2585" VPOS="1609" WIDTH="44" HEIGHT="21" CONTENT="on" WC="0.59" CC="25"/>
						<SP ID="P2_SP00166" HPOS="2629" VPOS="1646" WIDTH="23"/>
						<String ID="P2_ST00192" HPOS="2652" VPOS="1594" WIDTH="210" HEIGHT="36" CONTENT="exhibition." WC="0.99" CC="00652605203"/>
						<SP ID="P2_SP00167" HPOS="2862" VPOS="1646" WIDTH="19"/>
						<String ID="P2_ST00193" HPOS="2881" VPOS="1594" WIDTH="107" HEIGHT="41" CONTENT="They" WC="1.00" CC="0000"/>
					</TextLine>
					<TextLine ID="P2_TL00026" HPOS="1630" VPOS="1639" WIDTH="1357" HEIGHT="51">
						<String ID="P2_ST00194" HPOS="1630" VPOS="1655" WIDTH="74" HEIGHT="33" CONTENT="find" WC="0.98" CC="1160"/>
						<SP ID="P2_SP00168" HPOS="1704" VPOS="1688" WIDTH="20"/>
						<String ID="P2_ST00195" HPOS="1724" VPOS="1655" WIDTH="98" HEIGHT="33" CONTENT="them" WC="0.99" CC="0600"/>
						<SP ID="P2_SP00169" HPOS="1822" VPOS="1688" WIDTH="20"/>
						<String ID="P2_ST00196" HPOS="1842" VPOS="1651" WIDTH="194" HEIGHT="35" CONTENT="beautiful." WC="0.99" CC="0006034113"/>
						<SP ID="P2_SP00170" HPOS="2036" VPOS="1688" WIDTH="32"/>
						<String ID="P2_ST00197" HPOS="2068" VPOS="1651" WIDTH="71" HEIGHT="32" CONTENT="But" WC="1.00" CC="010"/>
						<SP ID="P2_SP00171" HPOS="2139" VPOS="1688" WIDTH="19"/>
						<String ID="P2_ST00198" HPOS="2158" VPOS="1649" WIDTH="59" HEIGHT="34" CONTENT="the" WC="0.99" CC="030"/>
						<SP ID="P2_SP00172" HPOS="2217" VPOS="1688" WIDTH="20"/>
						<String ID="P2_ST00199" HPOS="2237" VPOS="1648" WIDTH="135" HEIGHT="42" CONTENT="yellow" WC="1.00" CC="000030"/>
						<SP ID="P2_SP00173" HPOS="2372" VPOS="1690" WIDTH="23"/>
						<String ID="P2_ST00200" HPOS="2395" VPOS="1644" WIDTH="111" HEIGHT="36" CONTENT="Devil" WC="0.98" CC="40034"/>
						<SP ID="P2_SP00174" HPOS="2506" VPOS="1690" WIDTH="23"/>
						<String ID="P2_ST00201" HPOS="2529" VPOS="1644" WIDTH="39" HEIGHT="33" CONTENT="of" WC="0.95" CC="00"/>
						<SP ID="P2_SP00175" HPOS="2568" VPOS="1690" WIDTH="21"/>
						<String ID="P2_ST00202" HPOS="2589" VPOS="1646" WIDTH="105" HEIGHT="38" CONTENT="Envy" WC="1.00" CC="0000"/>
						<SP ID="P2_SP00176" HPOS="2694" VPOS="1690" WIDTH="22"/>
						<String ID="P2_ST00203" HPOS="2716" VPOS="1641" WIDTH="130" HEIGHT="35" CONTENT="smirks" WC="0.99" CC="003400"/>
						<SP ID="P2_SP00177" HPOS="2846" VPOS="1690" WIDTH="21"/>
						<String ID="P2_ST00204" HPOS="2867" VPOS="1648" WIDTH="61" HEIGHT="26" CONTENT="out" WC="0.98" CC="060"/>
						<SP ID="P2_SP00178" HPOS="2928" VPOS="1690" WIDTH="21"/>
						<String ID="P2_ST00205" HPOS="2949" VPOS="1639" WIDTH="38" HEIGHT="34" CONTENT="of" WC="1.00" CC="00"/>
					</TextLine>
					<TextLine ID="P2_TL00027" HPOS="1629" VPOS="1687" WIDTH="1357" HEIGHT="56">
						<String ID="P2_ST00206" HPOS="1629" VPOS="1701" WIDTH="94" HEIGHT="34" CONTENT="their" WC="0.97" CC="03357"/>
						<SP ID="P2_SP00179" HPOS="1723" VPOS="1735" WIDTH="25"/>
						<String ID="P2_ST00207" HPOS="1748" VPOS="1712" WIDTH="91" HEIGHT="31" CONTENT="eyes," WC="0.98" CC="60603"/>
						<SP ID="P2_SP00180" HPOS="1839" VPOS="1743" WIDTH="25"/>
						<String ID="P2_ST00208" HPOS="1864" VPOS="1698" WIDTH="112" HEIGHT="36" CONTENT="while" WC="0.98" CC="07306"/>
						<SP ID="P2_SP00181" HPOS="1976" VPOS="1743" WIDTH="24"/>
						<String ID="P2_ST00209" HPOS="2000" VPOS="1698" WIDTH="59" HEIGHT="33" CONTENT="the" WC="0.98" CC="004"/>
						<SP ID="P2_SP00182" HPOS="2059" VPOS="1743" WIDTH="24"/>
						<String ID="P2_ST00210" HPOS="2083" VPOS="1696" WIDTH="155" HEIGHT="33" CONTENT="muscles" WC="0.99" CC="0400050"/>
						<SP ID="P2_SP00183" HPOS="2238" VPOS="1743" WIDTH="24"/>
						<String ID="P2_ST00211" HPOS="2262" VPOS="1695" WIDTH="39" HEIGHT="33" CONTENT="of" WC="1.00" CC="00"/>
						<SP ID="P2_SP00184" HPOS="2301" VPOS="1743" WIDTH="24"/>
						<String ID="P2_ST00212" HPOS="2325" VPOS="1693" WIDTH="95" HEIGHT="35" CONTENT="their" WC="0.98" CC="05127"/>
						<SP ID="P2_SP00185" HPOS="2420" VPOS="1743" WIDTH="25"/>
						<String ID="P2_ST00213" HPOS="2445" VPOS="1693" WIDTH="101" HEIGHT="33" CONTENT="faces" WC="0.99" CC="00060"/>
						<SP ID="P2_SP00186" HPOS="2546" VPOS="1743" WIDTH="24"/>
						<String ID="P2_ST00214" HPOS="2570" VPOS="1690" WIDTH="125" HEIGHT="36" CONTENT="twitch" WC="0.98" CC="006207"/>
						<SP ID="P2_SP00187" HPOS="2695" VPOS="1743" WIDTH="25"/>
						<String ID="P2_ST00215" HPOS="2720" VPOS="1687" WIDTH="266" HEIGHT="42" CONTENT="mechanically" WC="0.99" CC="060707600340"/>
					</TextLine>
					<TextLine ID="P2_TL00028" HPOS="1629" VPOS="1735" WIDTH="1266" HEIGHT="52">
						<String ID="P2_ST00216" HPOS="1629" VPOS="1749" WIDTH="58" HEIGHT="33" CONTENT="the" WC="0.99" CC="020"/>
						<SP ID="P2_SP00188" HPOS="1687" VPOS="1782" WIDTH="25"/>
						<String ID="P2_ST00217" HPOS="1712" VPOS="1745" WIDTH="256" HEIGHT="37" CONTENT="conventional" WC="1.00" CC="030000050000"/>
						<SP ID="P2_SP00189" HPOS="1968" VPOS="1782" WIDTH="26"/>
						<String ID="P2_ST00218" HPOS="1994" VPOS="1743" WIDTH="162" HEIGHT="44" CONTENT="grimace" WC="1.00" CC="0070000"/>
						<SP ID="P2_SP00190" HPOS="2156" VPOS="1787" WIDTH="24"/>
						<String ID="P2_ST00219" HPOS="2180" VPOS="1750" WIDTH="36" HEIGHT="26" CONTENT="to" WC="0.96" CC="00"/>
						<SP ID="P2_SP00191" HPOS="2216" VPOS="1787" WIDTH="25"/>
						<String ID="P2_ST00220" HPOS="2241" VPOS="1743" WIDTH="101" HEIGHT="32" CONTENT="show" WC="0.98" CC="0640"/>
						<SP ID="P2_SP00192" HPOS="2342" VPOS="1787" WIDTH="25"/>
						<String ID="P2_ST00221" HPOS="2367" VPOS="1741" WIDTH="60" HEIGHT="41" CONTENT="joy" WC="0.98" CC="500"/>
						<SP ID="P2_SP00193" HPOS="2427" VPOS="1787" WIDTH="25"/>
						<String ID="P2_ST00222" HPOS="2452" VPOS="1738" WIDTH="120" HEIGHT="35" CONTENT="which" WC="0.98" CC="06306"/>
						<SP ID="P2_SP00194" HPOS="2572" VPOS="1787" WIDTH="24"/>
						<String ID="P2_ST00223" HPOS="2596" VPOS="1739" WIDTH="87" HEIGHT="32" CONTENT="does" WC="1.00" CC="0000"/>
						<SP ID="P2_SP00195" HPOS="2683" VPOS="1787" WIDTH="24"/>
						<String ID="P2_ST00224" HPOS="2707" VPOS="1743" WIDTH="62" HEIGHT="27" CONTENT="not" WC="0.99" CC="020"/>
						<SP ID="P2_SP00196" HPOS="2769" VPOS="1787" WIDTH="25"/>
						<String ID="P2_ST00225" HPOS="2794" VPOS="1735" WIDTH="101" HEIGHT="35" CONTENT="exist." WC="0.99" CC="006004"/>
					</TextLine>
					<TextLine ID="P2_TL00029" HPOS="1676" VPOS="1783" WIDTH="1310" HEIGHT="50">
						<String ID="P2_ST00226" HPOS="1676" VPOS="1797" WIDTH="120" HEIGHT="32" CONTENT="Down" WC="0.98" CC="3300"/>
						<SP ID="P2_SP00197" HPOS="1796" VPOS="1829" WIDTH="28"/>
						<String ID="P2_ST00227" HPOS="1824" VPOS="1794" WIDTH="35" HEIGHT="33" CONTENT="in" WC="0.79" CC="03"/>
						<SP ID="P2_SP00198" HPOS="1859" VPOS="1829" WIDTH="26"/>
						<String ID="P2_ST00228" HPOS="1885" VPOS="1792" WIDTH="95" HEIGHT="35" CONTENT="their" WC="0.98" CC="06052"/>
						<SP ID="P2_SP00199" HPOS="1980" VPOS="1829" WIDTH="27"/>
						<String ID="P2_ST00229" HPOS="2007" VPOS="1790" WIDTH="234" HEIGHT="43" CONTENT="self-pitying" WC="0.99" CC="020040700358"/>
						<SP ID="P2_SP00200" HPOS="2241" VPOS="1833" WIDTH="25"/>
						<String ID="P2_ST00230" HPOS="2266" VPOS="1790" WIDTH="123" HEIGHT="32" CONTENT="hearts" WC="0.99" CC="600530"/>
						<SP ID="P2_SP00201" HPOS="2389" VPOS="1833" WIDTH="26"/>
						<String ID="P2_ST00231" HPOS="2415" VPOS="1788" WIDTH="84" HEIGHT="41" CONTENT="they" WC="0.98" CC="0610"/>
						<SP ID="P2_SP00202" HPOS="2499" VPOS="1833" WIDTH="29"/>
						<String ID="P2_ST00232" HPOS="2528" VPOS="1798" WIDTH="62" HEIGHT="21" CONTENT="are" WC="0.99" CC="030"/>
						<SP ID="P2_SP00203" HPOS="2590" VPOS="1833" WIDTH="27"/>
						<String ID="P2_ST00233" HPOS="2617" VPOS="1784" WIDTH="144" HEIGHT="42" CONTENT="jealous" WC="0.99" CC="3004310"/>
						<SP ID="P2_SP00204" HPOS="2761" VPOS="1833" WIDTH="29"/>
						<String ID="P2_ST00234" HPOS="2790" VPOS="1783" WIDTH="71" HEIGHT="33" CONTENT="and" WC="0.99" CC="030"/>
						<SP ID="P2_SP00205" HPOS="2861" VPOS="1833" WIDTH="28"/>
						<String ID="P2_ST00235" HPOS="2889" VPOS="1793" WIDTH="73" HEIGHT="22" CONTENT="mur" SUBS_TYPE="HypPart1" SUBS_CONTENT="murmur" WC="0.98" CC="041"/>
						<HYP HPOS="2962" VPOS="1793" WIDTH="24" CONTENT="-"/>
					</TextLine>
					<TextLine ID="P2_TL00030" HPOS="1630" VPOS="1829" WIDTH="1356" HEIGHT="50">
						<String ID="P2_ST00236" HPOS="1630" VPOS="1854" WIDTH="81" HEIGHT="22" CONTENT="mur" SUBS_TYPE="HypPart2" SUBS_CONTENT="murmur" WC="0.97" CC="015"/>
						<SP ID="P2_SP00206" HPOS="1711" VPOS="1876" WIDTH="23"/>
						<String ID="P2_ST00237" HPOS="1734" VPOS="1841" WIDTH="138" HEIGHT="34" CONTENT="sincere" WC="0.99" CC="0660070"/>
						<SP ID="P2_SP00207" HPOS="1872" VPOS="1876" WIDTH="24"/>
						<String ID="P2_ST00238" HPOS="1896" VPOS="1839" WIDTH="133" HEIGHT="35" CONTENT="wishes" WC="0.99" CC="040600"/>
						<SP ID="P2_SP00208" HPOS="2029" VPOS="1876" WIDTH="24"/>
						<String ID="P2_ST00239" HPOS="2053" VPOS="1838" WIDTH="59" HEIGHT="34" CONTENT="for" WC="0.99" CC="030"/>
						<SP ID="P2_SP00209" HPOS="2112" VPOS="1876" WIDTH="23"/>
						<String ID="P2_ST00240" HPOS="2135" VPOS="1836" WIDTH="198" HEIGHT="43" CONTENT="happiness" WC="1.00" CC="400053000"/>
						<SP ID="P2_SP00210" HPOS="2333" VPOS="1879" WIDTH="26"/>
						<String ID="P2_ST00241" HPOS="2359" VPOS="1835" WIDTH="72" HEIGHT="33" CONTENT="and" WC="0.98" CC="060"/>
						<SP ID="P2_SP00211" HPOS="2431" VPOS="1879" WIDTH="25"/>
						<String ID="P2_ST00242" HPOS="2456" VPOS="1833" WIDTH="94" HEIGHT="43" CONTENT="good" WC="0.99" CC="0300"/>
						<SP ID="P2_SP00212" HPOS="2550" VPOS="1879" WIDTH="26"/>
						<String ID="P2_ST00243" HPOS="2576" VPOS="1832" WIDTH="81" HEIGHT="33" CONTENT="luck" WC="0.99" CC="3000"/>
						<SP ID="P2_SP00213" HPOS="2657" VPOS="1879" WIDTH="24"/>
						<String ID="P2_ST00244" HPOS="2681" VPOS="1839" WIDTH="37" HEIGHT="26" CONTENT="to" WC="1.00" CC="00"/>
						<SP ID="P2_SP00214" HPOS="2718" VPOS="1879" WIDTH="24"/>
						<String ID="P2_ST00245" HPOS="2742" VPOS="1831" WIDTH="100" HEIGHT="32" CONTENT="those" WC="0.99" CC="01400"/>
						<SP ID="P2_SP00215" HPOS="2842" VPOS="1879" WIDTH="24"/>
						<String ID="P2_ST00246" HPOS="2866" VPOS="1829" WIDTH="120" HEIGHT="34" CONTENT="whom" WC="0.99" CC="0310"/>
					</TextLine>
					<TextLine ID="P2_TL00031" HPOS="1630" VPOS="1890" WIDTH="227" HEIGHT="41">
						<String ID="P2_ST00247" HPOS="1630" VPOS="1890" WIDTH="83" HEIGHT="41" CONTENT="they" WC="0.98" CC="4300"/>
						<SP ID="P2_SP00216" HPOS="1713" VPOS="1931" WIDTH="22"/>
						<String ID="P2_ST00248" HPOS="1735" VPOS="1890" WIDTH="122" HEIGHT="31" CONTENT="damn." WC="0.99" CC="00053"/>
					</TextLine>
					<TextLine ID="P2_TL00032" HPOS="1676" VPOS="1929" WIDTH="804" HEIGHT="48">
						<String ID="P2_ST00249" HPOS="1676" VPOS="1937" WIDTH="130" HEIGHT="40" CONTENT="Merry" WC="0.99" CC="00340"/>
						<SP ID="P2_SP00217" HPOS="1806" VPOS="1977" WIDTH="26"/>
						<String ID="P2_ST00250" HPOS="1832" VPOS="1933" WIDTH="223" HEIGHT="35" CONTENT="Christmas!" WC="1.00" CC="2036000001"/>
						<SP ID="P2_SP00218" HPOS="2055" VPOS="1977" WIDTH="40"/>
						<String ID="P2_ST00251" HPOS="2095" VPOS="1933" WIDTH="131" HEIGHT="40" CONTENT="Merry" WC="0.99" CC="00430"/>
						<SP ID="P2_SP00219" HPOS="2226" VPOS="1977" WIDTH="26"/>
						<String ID="P2_ST00252" HPOS="2252" VPOS="1929" WIDTH="228" HEIGHT="34" CONTENT="Commerce!" WC="1.00" CC="240002000"/>
					</TextLine>
					<TextLine ID="P2_TL00033" HPOS="1676" VPOS="1976" WIDTH="693" HEIGHT="46">
						<String ID="P2_ST00253" HPOS="1676" VPOS="1984" WIDTH="33" HEIGHT="33" CONTENT="It" WC="0.94" CC="01"/>
						<SP ID="P2_SP00220" HPOS="1709" VPOS="2017" WIDTH="24"/>
						<String ID="P2_ST00254" HPOS="1733" VPOS="1982" WIDTH="29" HEIGHT="33" CONTENT="is" WC="0.69" CC="60"/>
						<SP ID="P2_SP00221" HPOS="1762" VPOS="2017" WIDTH="27"/>
						<String ID="P2_ST00255" HPOS="1789" VPOS="1982" WIDTH="151" HEIGHT="33" CONTENT="another" WC="1.00" CC="0000100"/>
						<SP ID="P2_SP00222" HPOS="1940" VPOS="2017" WIDTH="24"/>
						<String ID="P2_ST00256" HPOS="1964" VPOS="1980" WIDTH="96" HEIGHT="42" CONTENT="huge" WC="0.97" CC="6500"/>
						<SP ID="P2_SP00223" HPOS="2060" VPOS="2022" WIDTH="23"/>
						<String ID="P2_ST00257" HPOS="2083" VPOS="1978" WIDTH="179" HEIGHT="43" CONTENT="year-end" WC="1.00" CC="00034000"/>
						<SP ID="P2_SP00224" HPOS="2262" VPOS="2022" WIDTH="26"/>
						<String ID="P2_ST00258" HPOS="2288" VPOS="1976" WIDTH="81" HEIGHT="34" CONTENT="Lie!" WC="0.99" CC="1500"/>
					</TextLine>
					<TextLine ID="P2_TL00034" HPOS="1676" VPOS="2018" WIDTH="1155" HEIGHT="46">
						<String ID="P2_ST00259" HPOS="1676" VPOS="2030" WIDTH="85" HEIGHT="33" CONTENT="And" WC="0.98" CC="400"/>
						<SP ID="P2_SP00225" HPOS="1761" VPOS="2063" WIDTH="25"/>
						<String ID="P2_ST00260" HPOS="1786" VPOS="2041" WIDTH="38" HEIGHT="21" CONTENT="so" WC="0.83" CC="03"/>
						<SP ID="P2_SP00226" HPOS="1824" VPOS="2063" WIDTH="24"/>
						<String ID="P2_ST00261" HPOS="1848" VPOS="2027" WIDTH="29" HEIGHT="35" CONTENT="is" WC="0.63" CC="70"/>
						<SP ID="P2_SP00227" HPOS="1877" VPOS="2063" WIDTH="21"/>
						<String ID="P2_ST00262" HPOS="1898" VPOS="2027" WIDTH="208" HEIGHT="35" CONTENT="celebrated" WC="1.00" CC="0040000000"/>
						<SP ID="P2_SP00228" HPOS="2106" VPOS="2063" WIDTH="24"/>
						<String ID="P2_ST00263" HPOS="2130" VPOS="2026" WIDTH="59" HEIGHT="33" CONTENT="the" WC="1.00" CC="000"/>
						<SP ID="P2_SP00229" HPOS="2189" VPOS="2063" WIDTH="27"/>
						<String ID="P2_ST00264" HPOS="2216" VPOS="2024" WIDTH="244" HEIGHT="40" CONTENT="anniversary" WC="1.00" CC="00150050030"/>
						<SP ID="P2_SP00230" HPOS="2460" VPOS="2064" WIDTH="22"/>
						<String ID="P2_ST00265" HPOS="2482" VPOS="2022" WIDTH="39" HEIGHT="33" CONTENT="of" WC="0.85" CC="02"/>
						<SP ID="P2_SP00231" HPOS="2521" VPOS="2064" WIDTH="25"/>
						<String ID="P2_ST00266" HPOS="2546" VPOS="2020" WIDTH="153" HEIGHT="34" CONTENT="Christ's" WC="0.99" CC="05270040"/>
						<SP ID="P2_SP00232" HPOS="2699" VPOS="2064" WIDTH="22"/>
						<String ID="P2_ST00267" HPOS="2721" VPOS="2018" WIDTH="110" HEIGHT="34" CONTENT="birth." WC="0.98" CC="045060"/>
					</TextLine>
					<TextLine ID="P2_TL00035" HPOS="1676" VPOS="2064" WIDTH="1313" HEIGHT="50">
						<String ID="P2_ST00268" HPOS="1676" VPOS="2077" WIDTH="37" HEIGHT="33" CONTENT="If" WC="0.67" CC="23"/>
						<SP ID="P2_SP00233" HPOS="1713" VPOS="2110" WIDTH="19"/>
						<String ID="P2_ST00269" HPOS="1732" VPOS="2078" WIDTH="57" HEIGHT="32" CONTENT="He" WC="0.81" CC="30"/>
						<SP ID="P2_SP00234" HPOS="1789" VPOS="2110" WIDTH="21"/>
						<String ID="P2_ST00270" HPOS="1810" VPOS="2074" WIDTH="163" HEIGHT="35" CONTENT="Himself" WC="1.00" CC="0500001"/>
						<SP ID="P2_SP00235" HPOS="1973" VPOS="2110" WIDTH="19"/>
						<String ID="P2_ST00271" HPOS="1992" VPOS="2073" WIDTH="131" HEIGHT="34" CONTENT="should" WC="0.99" CC="060120"/>
						<SP ID="P2_SP00236" HPOS="2123" VPOS="2110" WIDTH="23"/>
						<String ID="P2_ST00272" HPOS="2146" VPOS="2083" WIDTH="139" HEIGHT="31" CONTENT="appear" WC="1.00" CC="000004"/>
						<SP ID="P2_SP00237" HPOS="2285" VPOS="2114" WIDTH="21"/>
						<String ID="P2_ST00273" HPOS="2306" VPOS="2083" WIDTH="44" HEIGHT="21" CONTENT="on" WC="0.89" CC="20"/>
						<SP ID="P2_SP00238" HPOS="2350" VPOS="2114" WIDTH="21"/>
						<String ID="P2_ST00274" HPOS="2371" VPOS="2070" WIDTH="115" HEIGHT="34" CONTENT="Earth" WC="1.00" CC="00010"/>
						<SP ID="P2_SP00239" HPOS="2486" VPOS="2114" WIDTH="22"/>
						<String ID="P2_ST00275" HPOS="2508" VPOS="2067" WIDTH="121" HEIGHT="44" CONTENT="again," WC="0.99" CC="000712"/>
						<SP ID="P2_SP00240" HPOS="2629" VPOS="2114" WIDTH="21"/>
						<String ID="P2_ST00276" HPOS="2650" VPOS="2066" WIDTH="125" HEIGHT="36" CONTENT="would" WC="0.99" CC="00140"/>
						<SP ID="P2_SP00241" HPOS="2775" VPOS="2114" WIDTH="21"/>
						<String ID="P2_ST00277" HPOS="2796" VPOS="2065" WIDTH="84" HEIGHT="42" CONTENT="they" WC="0.99" CC="0600"/>
						<SP ID="P2_SP00242" HPOS="2880" VPOS="2114" WIDTH="19"/>
						<String ID="P2_ST00278" HPOS="2899" VPOS="2064" WIDTH="68" HEIGHT="34" CONTENT="wel" SUBS_TYPE="HypPart1" SUBS_CONTENT="welcome" WC="0.96" CC="805"/>
						<HYP HPOS="2967" VPOS="2064" WIDTH="22" CONTENT="-"/>
					</TextLine>
					<TextLine ID="P2_TL00036" HPOS="1631" VPOS="2112" WIDTH="1357" HEIGHT="50">
						<String ID="P2_ST00279" HPOS="1631" VPOS="2137" WIDTH="98" HEIGHT="22" CONTENT="come" SUBS_TYPE="HypPart2" SUBS_CONTENT="welcome" WC="1.00" CC="0000"/>
						<SP ID="P2_SP00243" HPOS="1729" VPOS="2159" WIDTH="23"/>
						<String ID="P2_ST00280" HPOS="1752" VPOS="2123" WIDTH="88" HEIGHT="34" CONTENT="Him" WC="0.98" CC="050"/>
						<SP ID="P2_SP00244" HPOS="1840" VPOS="2159" WIDTH="22"/>
						<String ID="P2_ST00281" HPOS="1862" VPOS="2122" WIDTH="35" HEIGHT="34" CONTENT="in" WC="0.78" CC="40"/>
						<SP ID="P2_SP00245" HPOS="1897" VPOS="2159" WIDTH="24"/>
						<String ID="P2_ST00282" HPOS="1921" VPOS="2123" WIDTH="58" HEIGHT="33" CONTENT="the" WC="0.98" CC="050"/>
						<SP ID="P2_SP00246" HPOS="1979" VPOS="2159" WIDTH="24"/>
						<String ID="P2_ST00283" HPOS="2003" VPOS="2133" WIDTH="98" HEIGHT="22" CONTENT="same" WC="1.00" CC="0000"/>
						<SP ID="P2_SP00247" HPOS="2101" VPOS="2159" WIDTH="22"/>
						<String ID="P2_ST00284" HPOS="2123" VPOS="2121" WIDTH="108" HEIGHT="41" CONTENT="way?" WC="1.00" CC="0000"/>
						<SP ID="P2_SP00248" HPOS="2231" VPOS="2162" WIDTH="36"/>
						<String ID="P2_ST00285" HPOS="2267" VPOS="2117" WIDTH="139" HEIGHT="36" CONTENT="Would" WC="1.00" CC="00100"/>
						<SP ID="P2_SP00249" HPOS="2406" VPOS="2162" WIDTH="23"/>
						<String ID="P2_ST00286" HPOS="2429" VPOS="2117" WIDTH="59" HEIGHT="34" CONTENT="the" WC="0.98" CC="040"/>
						<SP ID="P2_SP00250" HPOS="2488" VPOS="2162" WIDTH="23"/>
						<String ID="P2_ST00287" HPOS="2511" VPOS="2116" WIDTH="104" HEIGHT="42" CONTENT="pious" WC="0.98" CC="04550"/>
						<SP ID="P2_SP00251" HPOS="2615" VPOS="2162" WIDTH="24"/>
						<String ID="P2_ST00288" HPOS="2639" VPOS="2126" WIDTH="101" HEIGHT="30" CONTENT="sway" WC="1.00" CC="0000"/>
						<SP ID="P2_SP00252" HPOS="2740" VPOS="2162" WIDTH="22"/>
						<String ID="P2_ST00289" HPOS="2762" VPOS="2114" WIDTH="59" HEIGHT="33" CONTENT="the" WC="0.98" CC="040"/>
						<SP ID="P2_SP00253" HPOS="2821" VPOS="2162" WIDTH="25"/>
						<String ID="P2_ST00290" HPOS="2846" VPOS="2112" WIDTH="142" HEIGHT="33" CONTENT="incense" WC="1.00" CC="0000000"/>
					</TextLine>
					<TextLine ID="P2_TL00037" HPOS="1629" VPOS="2159" WIDTH="1358" HEIGHT="51">
						<String ID="P2_ST00291" HPOS="1629" VPOS="2173" WIDTH="135" HEIGHT="33" CONTENT="burner" WC="0.98" CC="365003"/>
						<SP ID="P2_SP00254" HPOS="1764" VPOS="2206" WIDTH="21"/>
						<String ID="P2_ST00292" HPOS="1785" VPOS="2170" WIDTH="91" HEIGHT="34" CONTENT="until" WC="0.98" CC="30360"/>
						<SP ID="P2_SP00255" HPOS="1876" VPOS="2206" WIDTH="22"/>
						<String ID="P2_ST00293" HPOS="1898" VPOS="2171" WIDTH="56" HEIGHT="32" CONTENT="He" WC="1.00" CC="00"/>
						<SP ID="P2_SP00256" HPOS="1954" VPOS="2206" WIDTH="19"/>
						<String ID="P2_ST00294" HPOS="1973" VPOS="2168" WIDTH="125" HEIGHT="35" CONTENT="would" WC="1.00" CC="00200"/>
						<SP ID="P2_SP00257" HPOS="2098" VPOS="2206" WIDTH="21"/>
						<String ID="P2_ST00295" HPOS="2119" VPOS="2175" WIDTH="149" HEIGHT="35" CONTENT="stagger" WC="0.99" CC="0304003"/>
						<SP ID="P2_SP00258" HPOS="2268" VPOS="2210" WIDTH="20"/>
						<String ID="P2_ST00296" HPOS="2288" VPOS="2164" WIDTH="137" HEIGHT="42" CONTENT="dizzily" WC="0.99" CC="0610600"/>
						<SP ID="P2_SP00259" HPOS="2425" VPOS="2210" WIDTH="19"/>
						<String ID="P2_ST00297" HPOS="2444" VPOS="2172" WIDTH="36" HEIGHT="26" CONTENT="to" WC="0.86" CC="20"/>
						<SP ID="P2_SP00260" HPOS="2480" VPOS="2210" WIDTH="19"/>
						<String ID="P2_ST00298" HPOS="2499" VPOS="2164" WIDTH="59" HEIGHT="33" CONTENT="the" WC="0.98" CC="060"/>
						<SP ID="P2_SP00261" HPOS="2558" VPOS="2210" WIDTH="21"/>
						<String ID="P2_ST00299" HPOS="2579" VPOS="2174" WIDTH="99" HEIGHT="22" CONTENT="more" WC="0.99" CC="0040"/>
						<SP ID="P2_SP00262" HPOS="2678" VPOS="2210" WIDTH="20"/>
						<String ID="P2_ST00300" HPOS="2698" VPOS="2160" WIDTH="169" HEIGHT="42" CONTENT="wordly?" WC="0.87" CC="0030500"/>
						<SP ID="P2_SP00263" HPOS="2867" VPOS="2210" WIDTH="35"/>
						<String ID="P2_ST00301" HPOS="2902" VPOS="2159" WIDTH="85" HEIGHT="33" CONTENT="And" WC="1.00" CC="000"/>
					</TextLine>
					<TextLine ID="P2_TL00038" HPOS="1627" VPOS="2206" WIDTH="1359" HEIGHT="49">
						<String ID="P2_ST00302" HPOS="1627" VPOS="2219" WIDTH="125" HEIGHT="36" CONTENT="would" WC="1.00" CC="00300"/>
						<SP ID="P2_SP00264" HPOS="1752" VPOS="2255" WIDTH="21"/>
						<String ID="P2_ST00303" HPOS="1773" VPOS="2219" WIDTH="100" HEIGHT="33" CONTENT="these" WC="0.99" CC="04000"/>
						<SP ID="P2_SP00265" HPOS="1873" VPOS="2255" WIDTH="21"/>
						<String ID="P2_ST00304" HPOS="1894" VPOS="2216" WIDTH="104" HEIGHT="35" CONTENT="smile" WC="0.99" CC="00500"/>
						<SP ID="P2_SP00266" HPOS="1998" VPOS="2255" WIDTH="23"/>
						<String ID="P2_ST00305" HPOS="2021" VPOS="2217" WIDTH="71" HEIGHT="32" CONTENT="and" WC="1.00" CC="000"/>
						<SP ID="P2_SP00267" HPOS="2092" VPOS="2255" WIDTH="23"/>
						<String ID="P2_ST00306" HPOS="2115" VPOS="2216" WIDTH="104" HEIGHT="32" CONTENT="shout" WC="0.98" CC="05050"/>
						<SP ID="P2_SP00268" HPOS="2219" VPOS="2255" WIDTH="22"/>
						<String ID="P2_ST00307" HPOS="2241" VPOS="2226" WIDTH="19" HEIGHT="21" CONTENT="a" WC="1.00" CC="0"/>
						<SP ID="P2_SP00269" HPOS="2260" VPOS="2255" WIDTH="23"/>
						<String ID="P2_ST00308" HPOS="2283" VPOS="2213" WIDTH="118" HEIGHT="42" CONTENT="joyful" WC="0.98" CC="620051"/>
						<SP ID="P2_SP00270" HPOS="2401" VPOS="2255" WIDTH="23"/>
						<String ID="P2_ST00309" HPOS="2424" VPOS="2211" WIDTH="198" HEIGHT="35" CONTENT="welcome?" WC="1.00" CC="00200000"/>
						<SP ID="P2_SP00271" HPOS="2622" VPOS="2255" WIDTH="34"/>
						<String ID="P2_ST00310" HPOS="2656" VPOS="2208" WIDTH="139" HEIGHT="35" CONTENT="Would" WC="0.99" CC="01500"/>
						<SP ID="P2_SP00272" HPOS="2795" VPOS="2255" WIDTH="24"/>
						<String ID="P2_ST00311" HPOS="2819" VPOS="2209" WIDTH="55" HEIGHT="32" CONTENT="He" WC="0.80" CC="30"/>
						<SP ID="P2_SP00273" HPOS="2874" VPOS="2255" WIDTH="25"/>
						<String ID="P2_ST00312" HPOS="2899" VPOS="2206" WIDTH="87" HEIGHT="34" CONTENT="read" WC="0.99" CC="6000"/>
					</TextLine>
					<TextLine ID="P2_TL00039" HPOS="1629" VPOS="2254" WIDTH="1358" HEIGHT="52">
						<String ID="P2_ST00313" HPOS="1629" VPOS="2267" WIDTH="90" HEIGHT="35" CONTENT="with" WC="0.97" CC="0653"/>
						<SP ID="P2_SP00274" HPOS="1719" VPOS="2302" WIDTH="37"/>
						<String ID="P2_ST00314" HPOS="1756" VPOS="2265" WIDTH="68" HEIGHT="34" CONTENT="His" WC="0.98" CC="040"/>
						<SP ID="P2_SP00275" HPOS="1824" VPOS="2302" WIDTH="36"/>
						<String ID="P2_ST00315" HPOS="1860" VPOS="2264" WIDTH="174" HEIGHT="42" CONTENT="knowing" WC="0.99" CC="0630400"/>
						<SP ID="P2_SP00276" HPOS="2034" VPOS="2306" WIDTH="35"/>
						<String ID="P2_ST00316" HPOS="2069" VPOS="2274" WIDTH="81" HEIGHT="31" CONTENT="eyes" WC="1.00" CC="0000"/>
						<SP ID="P2_SP00277" HPOS="2150" VPOS="2306" WIDTH="36"/>
						<String ID="P2_ST00317" HPOS="2186" VPOS="2260" WIDTH="95" HEIGHT="35" CONTENT="their" WC="0.98" CC="07123"/>
						<SP ID="P2_SP00278" HPOS="2281" VPOS="2306" WIDTH="36"/>
						<String ID="P2_ST00318" HPOS="2317" VPOS="2267" WIDTH="106" HEIGHT="35" CONTENT="great" WC="1.00" CC="03000"/>
						<SP ID="P2_SP00279" HPOS="2423" VPOS="2306" WIDTH="36"/>
						<String ID="P2_ST00319" HPOS="2459" VPOS="2257" WIDTH="189" HEIGHT="44" CONTENT="question?" WC="1.00" CC="000017000"/>
						<SP ID="P2_SP00280" HPOS="2648" VPOS="2306" WIDTH="40"/>
						<String ID="P2_ST00320" HPOS="2688" VPOS="2257" WIDTH="98" HEIGHT="33" CONTENT='"Are' WC="0.98" CC="4040"/>
						<SP ID="P2_SP00281" HPOS="2786" VPOS="2306" WIDTH="35"/>
						<String ID="P2_ST00321" HPOS="2821" VPOS="2267" WIDTH="71" HEIGHT="30" CONTENT="you" WC="0.98" CC="005"/>
						<SP ID="P2_SP00282" HPOS="2892" VPOS="2306" WIDTH="36"/>
						<String ID="P2_ST00322" HPOS="2928" VPOS="2254" WIDTH="59" HEIGHT="33" CONTENT="the" WC="0.98" CC="060"/>
					</TextLine>
					<TextLine ID="P2_TL00040" HPOS="1630" VPOS="2302" WIDTH="1357" HEIGHT="50">
						<String ID="P2_ST00323" HPOS="1630" VPOS="2314" WIDTH="157" HEIGHT="35" CONTENT="solution" WC="0.99" CC="05050400"/>
						<SP ID="P2_SP00283" HPOS="1787" VPOS="2349" WIDTH="25"/>
						<String ID="P2_ST00324" HPOS="1812" VPOS="2312" WIDTH="39" HEIGHT="34" CONTENT="of" WC="1.00" CC="00"/>
						<SP ID="P2_SP00284" HPOS="1851" VPOS="2349" WIDTH="24"/>
						<String ID="P2_ST00325" HPOS="1875" VPOS="2313" WIDTH="59" HEIGHT="33" CONTENT="the" WC="0.98" CC="040"/>
						<SP ID="P2_SP00285" HPOS="1934" VPOS="2349" WIDTH="26"/>
						<String ID="P2_ST00326" HPOS="1960" VPOS="2311" WIDTH="112" HEIGHT="34" CONTENT="social" WC="1.00" CC="000200"/>
						<SP ID="P2_SP00286" HPOS="2072" VPOS="2349" WIDTH="27"/>
						<String ID="P2_ST00327" HPOS="2099" VPOS="2309" WIDTH="189" HEIGHT="43" CONTENT="problem?" WC="1.00" CC="03204000"/>
						<SP ID="P2_SP00287" HPOS="2288" VPOS="2352" WIDTH="38"/>
						<String ID="P2_ST00328" HPOS="2326" VPOS="2307" WIDTH="94" HEIGHT="35" CONTENT="Will" WC="0.98" CC="0304"/>
						<SP ID="P2_SP00288" HPOS="2420" VPOS="2352" WIDTH="25"/>
						<String ID="P2_ST00329" HPOS="2445" VPOS="2319" WIDTH="70" HEIGHT="30" CONTENT="you" WC="1.00" CC="000"/>
						<SP ID="P2_SP00289" HPOS="2515" VPOS="2352" WIDTH="27"/>
						<String ID="P2_ST00330" HPOS="2542" VPOS="2304" WIDTH="192" HEIGHT="35" CONTENT="distribute" WC="1.00" CC="0400333000"/>
						<SP ID="P2_SP00290" HPOS="2734" VPOS="2352" WIDTH="26"/>
						<String ID="P2_ST00331" HPOS="2760" VPOS="2314" WIDTH="130" HEIGHT="31" CONTENT="money" WC="1.00" CC="00000"/>
						<SP ID="P2_SP00291" HPOS="2890" VPOS="2352" WIDTH="26"/>
						<String ID="P2_ST00332" HPOS="2916" VPOS="2302" WIDTH="71" HEIGHT="33" CONTENT="and" WC="1.00" CC="100"/>
					</TextLine>
					<TextLine ID="P2_TL00041" HPOS="1632" VPOS="2356" WIDTH="689" HEIGHT="46">
						<String ID="P2_ST00333" HPOS="1632" VPOS="2362" WIDTH="50" HEIGHT="34" CONTENT="all" WC="0.99" CC="002"/>
						<SP ID="P2_SP00292" HPOS="1682" VPOS="2396" WIDTH="21"/>
						<String ID="P2_ST00334" HPOS="1703" VPOS="2363" WIDTH="100" HEIGHT="33" CONTENT="those" WC="0.99" CC="07000"/>
						<SP ID="P2_SP00293" HPOS="1803" VPOS="2396" WIDTH="20"/>
						<String ID="P2_ST00335" HPOS="1823" VPOS="2359" WIDTH="122" HEIGHT="43" CONTENT="things" WC="0.99" CC="036500"/>
						<SP ID="P2_SP00294" HPOS="1945" VPOS="2402" WIDTH="20"/>
						<String ID="P2_ST00336" HPOS="1965" VPOS="2371" WIDTH="55" HEIGHT="22" CONTENT="we" WC="1.00" CC="00"/>
						<SP ID="P2_SP00295" HPOS="2020" VPOS="2402" WIDTH="23"/>
						<String ID="P2_ST00337" HPOS="2043" VPOS="2370" WIDTH="61" HEIGHT="22" CONTENT="are" WC="0.98" CC="040"/>
						<SP ID="P2_SP00296" HPOS="2104" VPOS="2402" WIDTH="21"/>
						<String ID="P2_ST00338" HPOS="2125" VPOS="2356" WIDTH="196" HEIGHT="42" CONTENT='seeking?"' WC="1.00" CC="000053003"/>
					</TextLine>
					<TextLine ID="P2_TL00042" HPOS="1676" VPOS="2396" WIDTH="1320" HEIGHT="51">
						<String ID="P2_ST00339" HPOS="1676" VPOS="2408" WIDTH="139" HEIGHT="36" CONTENT="Would" WC="0.99" CC="00400"/>
						<SP ID="P2_SP00297" HPOS="1815" VPOS="2444" WIDTH="38"/>
						<String ID="P2_ST00340" HPOS="1853" VPOS="2409" WIDTH="57" HEIGHT="32" CONTENT="He" WC="0.94" CC="10"/>
						<SP ID="P2_SP00298" HPOS="1910" VPOS="2444" WIDTH="36"/>
						<String ID="P2_ST00341" HPOS="1946" VPOS="2414" WIDTH="62" HEIGHT="26" CONTENT="not" WC="0.98" CC="004"/>
						<SP ID="P2_SP00299" HPOS="2008" VPOS="2444" WIDTH="33"/>
						<String ID="P2_ST00342" HPOS="2041" VPOS="2405" WIDTH="101" HEIGHT="42" CONTENT="clasp" WC="1.00" CC="03000"/>
						<SP ID="P2_SP00300" HPOS="2142" VPOS="2447" WIDTH="40"/>
						<String ID="P2_ST00343" HPOS="2182" VPOS="2405" WIDTH="109" HEIGHT="32" CONTENT="about" WC="1.00" CC="00100"/>
						<SP ID="P2_SP00301" HPOS="2291" VPOS="2447" WIDTH="34"/>
						<String ID="P2_ST00344" HPOS="2325" VPOS="2401" WIDTH="88" HEIGHT="35" CONTENT="Him" WC="0.97" CC="150"/>
						<SP ID="P2_SP00302" HPOS="2413" VPOS="2447" WIDTH="37"/>
						<String ID="P2_ST00345" HPOS="2450" VPOS="2400" WIDTH="69" HEIGHT="35" CONTENT="His" WC="0.98" CC="230"/>
						<SP ID="P2_SP00303" HPOS="2519" VPOS="2447" WIDTH="35"/>
						<String ID="P2_ST00346" HPOS="2554" VPOS="2398" WIDTH="151" HEIGHT="35" CONTENT="biblical" WC="0.99" CC="04203004"/>
						<SP ID="P2_SP00304" HPOS="2705" VPOS="2447" WIDTH="36"/>
						<String ID="P2_ST00347" HPOS="2741" VPOS="2397" WIDTH="138" HEIGHT="34" CONTENT="mantle" WC="1.00" CC="000000"/>
						<SP ID="P2_SP00305" HPOS="2879" VPOS="2447" WIDTH="37"/>
						<String ID="P2_ST00348" HPOS="2916" VPOS="2396" WIDTH="80" HEIGHT="33" CONTENT='and"' WC="0.96" CC="0377"/>
					</TextLine>
					<TextLine ID="P2_TL00043" HPOS="1631" VPOS="2443" WIDTH="1358" HEIGHT="51">
						<String ID="P2_ST00349" HPOS="1631" VPOS="2456" WIDTH="69" HEIGHT="35" CONTENT="fail" WC="0.99" CC="0033"/>
						<SP ID="P2_SP00306" HPOS="1700" VPOS="2491" WIDTH="26"/>
						<String ID="P2_ST00350" HPOS="1726" VPOS="2464" WIDTH="35" HEIGHT="26" CONTENT="to" WC="1.00" CC="00"/>
						<SP ID="P2_SP00307" HPOS="1761" VPOS="2491" WIDTH="24"/>
						<String ID="P2_ST00351" HPOS="1785" VPOS="2455" WIDTH="225" HEIGHT="35" CONTENT="understand" WC="1.00" CC="2000303000"/>
						<SP ID="P2_SP00308" HPOS="2010" VPOS="2491" WIDTH="26"/>
						<String ID="P2_ST00352" HPOS="2036" VPOS="2453" WIDTH="59" HEIGHT="34" CONTENT="the" WC="0.98" CC="060"/>
						<SP ID="P2_SP00309" HPOS="2095" VPOS="2491" WIDTH="23"/>
						<String ID="P2_ST00353" HPOS="2118" VPOS="2451" WIDTH="172" HEIGHT="43" CONTENT="thoughts" WC="0.99" CC="23630650"/>
						<SP ID="P2_SP00310" HPOS="2290" VPOS="2494" WIDTH="25"/>
						<String ID="P2_ST00354" HPOS="2315" VPOS="2450" WIDTH="39" HEIGHT="33" CONTENT="of" WC="1.00" CC="00"/>
						<SP ID="P2_SP00311" HPOS="2354" VPOS="2494" WIDTH="25"/>
						<String ID="P2_ST00355" HPOS="2379" VPOS="2460" WIDTH="92" HEIGHT="30" CONTENT="men," WC="1.00" CC="0000"/>
						<SP ID="P2_SP00312" HPOS="2471" VPOS="2494" WIDTH="26"/>
						<String ID="P2_ST00356" HPOS="2497" VPOS="2460" WIDTH="38" HEIGHT="21" CONTENT="so" WC="0.86" CC="02"/>
						<SP ID="P2_SP00313" HPOS="2535" VPOS="2494" WIDTH="25"/>
						<String ID="P2_ST00357" HPOS="2560" VPOS="2445" WIDTH="205" HEIGHT="44" CONTENT="complexly" WC="1.00" CC="040040000"/>
						<SP ID="P2_SP00314" HPOS="2765" VPOS="2494" WIDTH="26"/>
						<String ID="P2_ST00358" HPOS="2791" VPOS="2445" WIDTH="72" HEIGHT="33" CONTENT="and" WC="0.97" CC="330"/>
						<SP ID="P2_SP00315" HPOS="2863" VPOS="2494" WIDTH="27"/>
						<String ID="P2_ST00359" HPOS="2890" VPOS="2443" WIDTH="80" HEIGHT="35" CONTENT="elab" SUBS_TYPE="HypPart1" SUBS_CONTENT="elaborately" WC="1.00" CC="0000"/>
						<HYP HPOS="2970" VPOS="2443" WIDTH="19" CONTENT="-"/>
					</TextLine>
					<TextLine ID="P2_TL00044" HPOS="1632" VPOS="2491" WIDTH="1358" HEIGHT="54">
						<String ID="P2_ST00360" HPOS="1632" VPOS="2504" WIDTH="142" HEIGHT="41" CONTENT="orately" SUBS_TYPE="HypPart2" SUBS_CONTENT="elaborately" WC="1.00" CC="0302000"/>
						<SP ID="P2_SP00316" HPOS="1774" VPOS="2545" WIDTH="29"/>
						<String ID="P2_ST00361" HPOS="1803" VPOS="2502" WIDTH="177" HEIGHT="34" CONTENT="distorted" WC="1.00" CC="030040300"/>
						<SP ID="P2_SP00317" HPOS="1980" VPOS="2545" WIDTH="31"/>
						<String ID="P2_ST00362" HPOS="2011" VPOS="2500" WIDTH="97" HEIGHT="34" CONTENT="from" WC="0.99" CC="0400"/>
						<SP ID="P2_SP00318" HPOS="2108" VPOS="2545" WIDTH="31"/>
						<String ID="P2_ST00363" HPOS="2139" VPOS="2498" WIDTH="68" HEIGHT="35" CONTENT="His" WC="0.97" CC="260"/>
						<SP ID="P2_SP00319" HPOS="2207" VPOS="2545" WIDTH="29"/>
						<String ID="P2_ST00364" HPOS="2236" VPOS="2497" WIDTH="190" HEIGHT="42" CONTENT="teachings" WC="1.00" CC="000065000"/>
						<SP ID="P2_SP00320" HPOS="2426" VPOS="2545" WIDTH="30"/>
						<String ID="P2_ST00365" HPOS="2456" VPOS="2495" WIDTH="36" HEIGHT="34" CONTENT="in" WC="0.86" CC="20"/>
						<SP ID="P2_SP00321" HPOS="2492" VPOS="2545" WIDTH="29"/>
						<String ID="P2_ST00366" HPOS="2521" VPOS="2495" WIDTH="60" HEIGHT="34" CONTENT="the" WC="0.98" CC="050"/>
						<SP ID="P2_SP00322" HPOS="2581" VPOS="2545" WIDTH="30"/>
						<String ID="P2_ST00367" HPOS="2611" VPOS="2505" WIDTH="145" HEIGHT="23" CONTENT="coursse" WC="0.88" CC="0053000"/>
						<SP ID="P2_SP00323" HPOS="2756" VPOS="2545" WIDTH="31"/>
						<String ID="P2_ST00368" HPOS="2787" VPOS="2491" WIDTH="39" HEIGHT="34" CONTENT="of" WC="1.00" CC="00"/>
						<SP ID="P2_SP00324" HPOS="2826" VPOS="2545" WIDTH="28"/>
						<String ID="P2_ST00369" HPOS="2854" VPOS="2498" WIDTH="136" HEIGHT="35" CONTENT="twenty" WC="1.00" CC="000000"/>
					</TextLine>
					<TextLine ID="P2_TL00045" HPOS="1632" VPOS="2547" WIDTH="655" HEIGHT="42">
						<String ID="P2_ST00370" HPOS="1632" VPOS="2551" WIDTH="204" HEIGHT="35" CONTENT="centuries?" WC="1.00" CC="0040206000"/>
						<SP ID="P2_SP00325" HPOS="1836" VPOS="2586" WIDTH="38"/>
						<String ID="P2_ST00371" HPOS="1874" VPOS="2550" WIDTH="84" HEIGHT="32" CONTENT="And" WC="0.99" CC="030"/>
						<SP ID="P2_SP00326" HPOS="1958" VPOS="2586" WIDTH="26"/>
						<String ID="P2_ST00372" HPOS="1984" VPOS="2548" WIDTH="124" HEIGHT="36" CONTENT="would" WC="0.99" CC="00610"/>
						<SP ID="P2_SP00327" HPOS="2108" VPOS="2586" WIDTH="27"/>
						<String ID="P2_ST00373" HPOS="2135" VPOS="2549" WIDTH="56" HEIGHT="31" CONTENT="He" WC="1.00" CC="00"/>
						<SP ID="P2_SP00328" HPOS="2191" VPOS="2586" WIDTH="26"/>
						<String ID="P2_ST00374" HPOS="2217" VPOS="2547" WIDTH="70" HEIGHT="42" CONTENT="go?" WC="0.95" CC="840"/>
					</TextLine>
					<TextLine ID="P2_TL00046" HPOS="1672" VPOS="2586" WIDTH="1320" HEIGHT="52">
						<String ID="P2_ST00375" HPOS="1672" VPOS="2598" WIDTH="139" HEIGHT="36" CONTENT="Would" WC="1.00" CC="00300"/>
						<SP ID="P2_SP00329" HPOS="1811" VPOS="2634" WIDTH="21"/>
						<String ID="P2_ST00376" HPOS="1832" VPOS="2599" WIDTH="56" HEIGHT="32" CONTENT="He" WC="1.00" CC="00"/>
						<SP ID="P2_SP00330" HPOS="1888" VPOS="2634" WIDTH="19"/>
						<String ID="P2_ST00377" HPOS="1907" VPOS="2608" WIDTH="98" HEIGHT="23" CONTENT="come" WC="1.00" CC="0000"/>
						<SP ID="P2_SP00331" HPOS="2005" VPOS="2634" WIDTH="22"/>
						<String ID="P2_ST00378" HPOS="2027" VPOS="2594" WIDTH="110" HEIGHT="44" CONTENT="again" WC="0.98" CC="00076"/>
						<SP ID="P2_SP00332" HPOS="2137" VPOS="2638" WIDTH="22"/>
						<String ID="P2_ST00379" HPOS="2159" VPOS="2594" WIDTH="35" HEIGHT="33" CONTENT="in" WC="0.55" CC="62"/>
						<SP ID="P2_SP00333" HPOS="2194" VPOS="2638" WIDTH="21"/>
						<String ID="P2_ST00380" HPOS="2215" VPOS="2592" WIDTH="158" HEIGHT="43" CONTENT="evening" WC="0.99" CC="0005600"/>
						<SP ID="P2_SP00334" HPOS="2373" VPOS="2638" WIDTH="18"/>
						<String ID="P2_ST00381" HPOS="2391" VPOS="2592" WIDTH="113" HEIGHT="41" CONTENT="dress," WC="1.00" CC="040000"/>
						<SP ID="P2_SP00335" HPOS="2504" VPOS="2638" WIDTH="18"/>
						<String ID="P2_ST00382" HPOS="2522" VPOS="2589" WIDTH="90" HEIGHT="36" CONTENT="with" WC="0.97" CC="0455"/>
						<SP ID="P2_SP00336" HPOS="2612" VPOS="2638" WIDTH="22"/>
						<String ID="P2_ST00383" HPOS="2634" VPOS="2601" WIDTH="20" HEIGHT="21" CONTENT="a" WC="1.00" CC="0"/>
						<SP ID="P2_SP00337" HPOS="2654" VPOS="2638" WIDTH="19"/>
						<String ID="P2_ST00384" HPOS="2673" VPOS="2586" WIDTH="319" HEIGHT="44" CONTENT="chrysanthemum" WC="1.00" CC="0700000000030"/>
					</TextLine>
					<TextLine ID="P2_TL00047" HPOS="1632" VPOS="2634" WIDTH="1357" HEIGHT="51">
						<String ID="P2_ST00385" HPOS="1632" VPOS="2647" WIDTH="36" HEIGHT="33" CONTENT="in" WC="0.81" CC="03"/>
						<SP ID="P2_SP00338" HPOS="1668" VPOS="2680" WIDTH="37"/>
						<String ID="P2_ST00386" HPOS="1705" VPOS="2646" WIDTH="69" HEIGHT="34" CONTENT="His" WC="0.98" CC="050"/>
						<SP ID="P2_SP00339" HPOS="1774" VPOS="2680" WIDTH="35"/>
						<String ID="P2_ST00387" HPOS="1809" VPOS="2643" WIDTH="239" HEIGHT="42" CONTENT="button-hole," WC="1.00" CC="020320300303"/>
						<SP ID="P2_SP00340" HPOS="2048" VPOS="2685" WIDTH="36"/>
						<String ID="P2_ST00388" HPOS="2084" VPOS="2642" WIDTH="91" HEIGHT="35" CONTENT="with" WC="0.97" CC="0436"/>
						<SP ID="P2_SP00341" HPOS="2175" VPOS="2685" WIDTH="35"/>
						<String ID="P2_ST00389" HPOS="2210" VPOS="2640" WIDTH="112" HEIGHT="36" CONTENT="white" WC="0.99" CC="05100"/>
						<SP ID="P2_SP00342" HPOS="2322" VPOS="2685" WIDTH="36"/>
						<String ID="P2_ST00390" HPOS="2358" VPOS="2639" WIDTH="128" HEIGHT="43" CONTENT="gloves" WC="1.00" CC="041000"/>
						<SP ID="P2_SP00343" HPOS="2486" VPOS="2685" WIDTH="38"/>
						<String ID="P2_ST00391" HPOS="2524" VPOS="2637" WIDTH="36" HEIGHT="34" CONTENT="in" WC="0.89" CC="20"/>
						<SP ID="P2_SP00344" HPOS="2560" VPOS="2685" WIDTH="38"/>
						<String ID="P2_ST00392" HPOS="2598" VPOS="2636" WIDTH="68" HEIGHT="34" CONTENT="His" WC="0.97" CC="340"/>
						<SP ID="P2_SP00345" HPOS="2666" VPOS="2685" WIDTH="36"/>
						<String ID="P2_ST00393" HPOS="2702" VPOS="2635" WIDTH="119" HEIGHT="34" CONTENT="hands" WC="1.00" CC="20000"/>
						<SP ID="P2_SP00346" HPOS="2821" VPOS="2685" WIDTH="38"/>
						<String ID="P2_ST00394" HPOS="2859" VPOS="2634" WIDTH="71" HEIGHT="33" CONTENT="and" WC="0.98" CC="310"/>
						<SP ID="P2_SP00347" HPOS="2930" VPOS="2685" WIDTH="40"/>
						<String ID="P2_ST00395" HPOS="2970" VPOS="2645" WIDTH="19" HEIGHT="21" CONTENT="a" WC="1.00" CC="0"/>
					</TextLine>
					<TextLine ID="P2_TL00048" HPOS="1632" VPOS="2688" WIDTH="676" HEIGHT="48">
						<String ID="P2_ST00396" HPOS="1632" VPOS="2695" WIDTH="165" HEIGHT="41" CONTENT="chapeau" WC="0.81" CC="0160005"/>
						<SP ID="P2_SP00348" HPOS="1797" VPOS="2736" WIDTH="23"/>
						<String ID="P2_ST00397" HPOS="1820" VPOS="2693" WIDTH="129" HEIGHT="41" CONTENT="claque" WC="0.99" CC="050050"/>
						<SP ID="P2_SP00349" HPOS="1949" VPOS="2736" WIDTH="24"/>
						<String ID="P2_ST00398" HPOS="1973" VPOS="2692" WIDTH="115" HEIGHT="33" CONTENT="under" WC="0.98" CC="30026"/>
						<SP ID="P2_SP00350" HPOS="2088" VPOS="2736" WIDTH="24"/>
						<String ID="P2_ST00399" HPOS="2112" VPOS="2688" WIDTH="68" HEIGHT="35" CONTENT="His" WC="0.99" CC="020"/>
						<SP ID="P2_SP00351" HPOS="2180" VPOS="2736" WIDTH="25"/>
						<String ID="P2_ST00400" HPOS="2205" VPOS="2689" WIDTH="103" HEIGHT="33" CONTENT="arm?" WC="1.00" CC="0000"/>
					</TextLine>
					<TextLine ID="P2_TL00049" HPOS="1679" VPOS="2728" WIDTH="1314" HEIGHT="47">
						<String ID="P2_ST00401" HPOS="1679" VPOS="2743" WIDTH="53" HEIGHT="32" CONTENT="Or" WC="0.80" CC="04"/>
						<SP ID="P2_SP00352" HPOS="1732" VPOS="2775" WIDTH="29"/>
						<String ID="P2_ST00402" HPOS="1761" VPOS="2740" WIDTH="125" HEIGHT="35" CONTENT="would" WC="0.98" CC="00750"/>
						<SP ID="P2_SP00353" HPOS="1886" VPOS="2775" WIDTH="33"/>
						<String ID="P2_ST00403" HPOS="1919" VPOS="2740" WIDTH="57" HEIGHT="33" CONTENT="He" WC="0.89" CC="20"/>
						<SP ID="P2_SP00354" HPOS="1976" VPOS="2775" WIDTH="32"/>
						<String ID="P2_ST00404" HPOS="2008" VPOS="2737" WIDTH="139" HEIGHT="35" CONTENT="remain" WC="0.98" CC="300056"/>
						<SP ID="P2_SP00355" HPOS="2147" VPOS="2775" WIDTH="31"/>
						<String ID="P2_ST00405" HPOS="2178" VPOS="2735" WIDTH="155" HEIGHT="35" CONTENT="without" WC="0.99" CC="0606010"/>
						<SP ID="P2_SP00356" HPOS="2333" VPOS="2775" WIDTH="30"/>
						<String ID="P2_ST00406" HPOS="2363" VPOS="2733" WIDTH="123" HEIGHT="35" CONTENT="where" WC="0.99" CC="03040"/>
						<SP ID="P2_SP00357" HPOS="2486" VPOS="2775" WIDTH="32"/>
						<String ID="P2_ST00407" HPOS="2518" VPOS="2730" WIDTH="233" HEIGHT="35" CONTENT="snow-laden" WC="1.00" CC="0040407000"/>
						<SP ID="P2_SP00358" HPOS="2751" VPOS="2775" WIDTH="32"/>
						<String ID="P2_ST00408" HPOS="2783" VPOS="2728" WIDTH="83" HEIGHT="43" CONTENT="pine" WC="0.99" CC="0600"/>
						<SP ID="P2_SP00359" HPOS="2866" VPOS="2775" WIDTH="31"/>
						<String ID="P2_ST00409" HPOS="2897" VPOS="2735" WIDTH="96" HEIGHT="27" CONTENT="trees" WC="1.00" CC="03000"/>
					</TextLine>
					<TextLine ID="P2_TL00050" HPOS="1634" VPOS="2775" WIDTH="1357" HEIGHT="53">
						<String ID="P2_ST00410" HPOS="1634" VPOS="2789" WIDTH="87" HEIGHT="35" CONTENT="send" WC="1.00" CC="0010"/>
						<SP ID="P2_SP00360" HPOS="1721" VPOS="2824" WIDTH="23"/>
						<String ID="P2_ST00411" HPOS="1744" VPOS="2796" WIDTH="61" HEIGHT="26" CONTENT="out" WC="0.98" CC="040"/>
						<SP ID="P2_SP00361" HPOS="1805" VPOS="2824" WIDTH="20"/>
						<String ID="P2_ST00412" HPOS="1825" VPOS="2786" WIDTH="94" HEIGHT="35" CONTENT="their" WC="0.97" CC="55053"/>
						<SP ID="P2_SP00362" HPOS="1919" VPOS="2824" WIDTH="23"/>
						<String ID="P2_ST00413" HPOS="1942" VPOS="2787" WIDTH="96" HEIGHT="41" CONTENT="long," WC="0.99" CC="02204"/>
						<SP ID="P2_SP00363" HPOS="2038" VPOS="2828" WIDTH="23"/>
						<String ID="P2_ST00414" HPOS="2061" VPOS="2785" WIDTH="93" HEIGHT="34" CONTENT="dark" WC="0.99" CC="0040"/>
						<SP ID="P2_SP00364" HPOS="2154" VPOS="2828" WIDTH="22"/>
						<String ID="P2_ST00415" HPOS="2176" VPOS="2784" WIDTH="171" HEIGHT="33" CONTENT="shadows" WC="1.00" CC="0500000"/>
						<SP ID="P2_SP00365" HPOS="2347" VPOS="2828" WIDTH="23"/>
						<String ID="P2_ST00416" HPOS="2370" VPOS="2792" WIDTH="89" HEIGHT="23" CONTENT="over" WC="0.98" CC="5003"/>
						<SP ID="P2_SP00366" HPOS="2459" VPOS="2828" WIDTH="22"/>
						<String ID="P2_ST00417" HPOS="2481" VPOS="2779" WIDTH="148" HEIGHT="42" CONTENT="silvery," WC="0.99" CC="06300301"/>
						<SP ID="P2_SP00367" HPOS="2629" VPOS="2828" WIDTH="23"/>
						<String ID="P2_ST00418" HPOS="2652" VPOS="2775" WIDTH="202" HEIGHT="45" CONTENT="glistening" WC="0.99" CC="0170000509"/>
						<SP ID="P2_SP00368" HPOS="2854" VPOS="2828" WIDTH="20"/>
						<String ID="P2_ST00419" HPOS="2874" VPOS="2787" WIDTH="94" HEIGHT="22" CONTENT="snow" SUBS_TYPE="HypPart1" SUBS_CONTENT="snowfields," WC="0.99" CC="0030"/>
						<HYP HPOS="2968" VPOS="2787" WIDTH="23" CONTENT="-"/>
					</TextLine>
					<TextLine ID="P2_TL00051" HPOS="1632" VPOS="2822" WIDTH="1358" HEIGHT="56">
						<String ID="P2_ST00420" HPOS="1632" VPOS="2836" WIDTH="115" HEIGHT="42" CONTENT="fields," SUBS_TYPE="HypPart2" SUBS_CONTENT="snowfields," WC="1.00" CC="3300000"/>
						<SP ID="P2_SP00369" HPOS="1747" VPOS="2878" WIDTH="31"/>
						<String ID="P2_ST00421" HPOS="1778" VPOS="2835" WIDTH="124" HEIGHT="34" CONTENT="where" WC="0.99" CC="06000"/>
						<SP ID="P2_SP00370" HPOS="1902" VPOS="2878" WIDTH="30"/>
						<String ID="P2_ST00422" HPOS="1932" VPOS="2831" WIDTH="279" HEIGHT="43" CONTENT="white-winged" WC="1.00" CC="005503000000"/>
						<SP ID="P2_SP00371" HPOS="2211" VPOS="2878" WIDTH="32"/>
						<String ID="P2_ST00423" HPOS="2243" VPOS="2841" WIDTH="116" HEIGHT="23" CONTENT="crows" WC="0.99" CC="06200"/>
						<SP ID="P2_SP00372" HPOS="2359" VPOS="2878" WIDTH="30"/>
						<String ID="P2_ST00424" HPOS="2389" VPOS="2827" WIDTH="91" HEIGHT="36" CONTENT="with" WC="0.99" CC="0501"/>
						<SP ID="P2_SP00373" HPOS="2480" VPOS="2878" WIDTH="32"/>
						<String ID="P2_ST00425" HPOS="2512" VPOS="2837" WIDTH="154" HEIGHT="22" CONTENT="raucous" WC="1.00" CC="0000050"/>
						<SP ID="P2_SP00374" HPOS="2666" VPOS="2878" WIDTH="30"/>
						<String ID="P2_ST00426" HPOS="2696" VPOS="2823" WIDTH="123" HEIGHT="36" CONTENT="voices" WC="1.00" CC="003000"/>
						<SP ID="P2_SP00375" HPOS="2819" VPOS="2878" WIDTH="33"/>
						<String ID="P2_ST00427" HPOS="2852" VPOS="2822" WIDTH="138" HEIGHT="35" CONTENT="remind" WC="0.99" CC="000430"/>
					</TextLine>
					<TextLine ID="P2_TL00052" HPOS="1632" VPOS="2869" WIDTH="1360" HEIGHT="55">
						<String ID="P2_ST00428" HPOS="1632" VPOS="2885" WIDTH="59" HEIGHT="33" CONTENT="the" WC="0.98" CC="040"/>
						<SP ID="P2_SP00376" HPOS="1691" VPOS="2918" WIDTH="23"/>
						<String ID="P2_ST00429" HPOS="1714" VPOS="2883" WIDTH="92" HEIGHT="33" CONTENT="dark" WC="1.00" CC="0000"/>
						<SP ID="P2_SP00377" HPOS="1806" VPOS="2918" WIDTH="25"/>
						<String ID="P2_ST00430" HPOS="1831" VPOS="2881" WIDTH="102" HEIGHT="43" CONTENT="night" WC="0.99" CC="46000"/>
						<SP ID="P2_SP00378" HPOS="1933" VPOS="2924" WIDTH="23"/>
						<String ID="P2_ST00431" HPOS="1956" VPOS="2880" WIDTH="39" HEIGHT="34" CONTENT="of" WC="0.86" CC="20"/>
						<SP ID="P2_SP00379" HPOS="1995" VPOS="2924" WIDTH="23"/>
						<String ID="P2_ST00432" HPOS="2018" VPOS="2879" WIDTH="44" HEIGHT="34" CONTENT="its" WC="0.97" CC="440"/>
						<SP ID="P2_SP00380" HPOS="2062" VPOS="2924" WIDTH="23"/>
						<String ID="P2_ST00433" HPOS="2085" VPOS="2878" WIDTH="208" HEIGHT="35" CONTENT="shortness?" WC="1.00" CC="0605000000"/>
						<SP ID="P2_SP00381" HPOS="2293" VPOS="2924" WIDTH="47"/>
						<String ID="P2_ST00434" HPOS="2340" VPOS="2874" WIDTH="139" HEIGHT="36" CONTENT="Would" WC="0.98" CC="01740"/>
						<SP ID="P2_SP00382" HPOS="2479" VPOS="2924" WIDTH="25"/>
						<String ID="P2_ST00435" HPOS="2504" VPOS="2875" WIDTH="57" HEIGHT="32" CONTENT="He" WC="1.00" CC="00"/>
						<SP ID="P2_SP00383" HPOS="2561" VPOS="2924" WIDTH="23"/>
						<String ID="P2_ST00436" HPOS="2584" VPOS="2885" WIDTH="91" HEIGHT="31" CONTENT="gaze" WC="1.00" CC="0000"/>
						<SP ID="P2_SP00384" HPOS="2675" VPOS="2924" WIDTH="25"/>
						<String ID="P2_ST00437" HPOS="2700" VPOS="2871" WIDTH="156" HEIGHT="43" CONTENT="upward" WC="0.99" CC="100050"/>
						<SP ID="P2_SP00385" HPOS="2856" VPOS="2924" WIDTH="26"/>
						<String ID="P2_ST00438" HPOS="2882" VPOS="2869" WIDTH="110" HEIGHT="44" CONTENT="again" WC="0.98" CC="50055"/>
					</TextLine>
					<TextLine ID="P2_TL00053" HPOS="1634" VPOS="2923" WIDTH="854" HEIGHT="44">
						<String ID="P2_ST00439" HPOS="1634" VPOS="2932" WIDTH="35" HEIGHT="33" CONTENT="in" WC="0.49" CC="27"/>
						<SP ID="P2_SP00386" HPOS="1669" VPOS="2965" WIDTH="21"/>
						<String ID="P2_ST00440" HPOS="1690" VPOS="2932" WIDTH="59" HEIGHT="33" CONTENT="the" WC="0.98" CC="410"/>
						<SP ID="P2_SP00387" HPOS="1749" VPOS="2965" WIDTH="21"/>
						<String ID="P2_ST00441" HPOS="1770" VPOS="2930" WIDTH="80" HEIGHT="34" CONTENT="cold" WC="1.00" CC="0000"/>
						<SP ID="P2_SP00388" HPOS="1850" VPOS="2965" WIDTH="23"/>
						<String ID="P2_ST00442" HPOS="1873" VPOS="2930" WIDTH="111" HEIGHT="33" CONTENT="dawn" WC="0.99" CC="0004"/>
						<SP ID="P2_SP00389" HPOS="1984" VPOS="2965" WIDTH="22"/>
						<String ID="P2_ST00443" HPOS="2006" VPOS="2927" WIDTH="75" HEIGHT="34" CONTENT="into" WC="0.97" CC="5036"/>
						<SP ID="P2_SP00390" HPOS="2081" VPOS="2965" WIDTH="20"/>
						<String ID="P2_ST00444" HPOS="2101" VPOS="2926" WIDTH="59" HEIGHT="34" CONTENT="the" WC="0.98" CC="060"/>
						<SP ID="P2_SP00391" HPOS="2160" VPOS="2965" WIDTH="22"/>
						<String ID="P2_ST00445" HPOS="2182" VPOS="2926" WIDTH="90" HEIGHT="41" CONTENT="deep" WC="1.00" CC="0000"/>
						<SP ID="P2_SP00392" HPOS="2272" VPOS="2967" WIDTH="23"/>
						<String ID="P2_ST00446" HPOS="2295" VPOS="2923" WIDTH="84" HEIGHT="34" CONTENT="blue" WC="0.99" CC="0030"/>
						<SP ID="P2_SP00393" HPOS="2379" VPOS="2967" WIDTH="22"/>
						<String ID="P2_ST00447" HPOS="2401" VPOS="2923" WIDTH="87" HEIGHT="42" CONTENT="sky?" WC="1.00" CC="0000"/>
					</TextLine>
					<TextLine ID="P2_TL00054" HPOS="1679" VPOS="2965" WIDTH="1272" HEIGHT="46">
						<String ID="P2_ST00448" HPOS="1679" VPOS="2979" WIDTH="85" HEIGHT="32" CONTENT="And" WC="0.98" CC="040"/>
						<SP ID="P2_SP00394" HPOS="1764" VPOS="3011" WIDTH="20"/>
						<String ID="P2_ST00449" HPOS="1784" VPOS="2977" WIDTH="124" HEIGHT="34" CONTENT="would" WC="0.98" CC="05650"/>
						<SP ID="P2_SP00395" HPOS="1908" VPOS="3011" WIDTH="22"/>
						<String ID="P2_ST00450" HPOS="1930" VPOS="2977" WIDTH="56" HEIGHT="33" CONTENT="He" WC="0.70" CC="14"/>
						<SP ID="P2_SP00396" HPOS="1986" VPOS="3011" WIDTH="20"/>
						<String ID="P2_ST00451" HPOS="2006" VPOS="2973" WIDTH="119" HEIGHT="35" CONTENT="desire" WC="0.98" CC="050273"/>
						<SP ID="P2_SP00397" HPOS="2125" VPOS="3011" WIDTH="23"/>
						<String ID="P2_ST00452" HPOS="2148" VPOS="2972" WIDTH="111" HEIGHT="39" CONTENT="again" WC="0.97" CC="09047"/>
						<SP ID="P2_SP00398" HPOS="2259" VPOS="3011" WIDTH="19"/>
						<String ID="P2_ST00453" HPOS="2278" VPOS="2979" WIDTH="35" HEIGHT="27" CONTENT="to" WC="0.98" CC="00"/>
						<SP ID="P2_SP00399" HPOS="2313" VPOS="3011" WIDTH="19"/>
						<String ID="P2_ST00454" HPOS="2332" VPOS="2972" WIDTH="43" HEIGHT="33" CONTENT="be" WC="0.69" CC="06"/>
						<SP ID="P2_SP00400" HPOS="2375" VPOS="3011" WIDTH="19"/>
						<String ID="P2_ST00455" HPOS="2394" VPOS="2970" WIDTH="59" HEIGHT="34" CONTENT="the" WC="0.96" CC="064"/>
						<SP ID="P2_SP00401" HPOS="2453" VPOS="3011" WIDTH="23"/>
						<String ID="P2_ST00456" HPOS="2476" VPOS="2967" WIDTH="157" HEIGHT="36" CONTENT="Saviour" WC="0.99" CC="0006327"/>
						<SP ID="P2_SP00402" HPOS="2633" VPOS="3011" WIDTH="20"/>
						<String ID="P2_ST00457" HPOS="2653" VPOS="2966" WIDTH="40" HEIGHT="34" CONTENT="of" WC="0.86" CC="02"/>
						<SP ID="P2_SP00403" HPOS="2693" VPOS="3011" WIDTH="19"/>
						<String ID="P2_ST00458" HPOS="2712" VPOS="2966" WIDTH="59" HEIGHT="33" CONTENT="the" WC="0.96" CC="072"/>
						<SP ID="P2_SP00404" HPOS="2771" VPOS="3011" WIDTH="20"/>
						<String ID="P2_ST00459" HPOS="2791" VPOS="2965" WIDTH="160" HEIGHT="35" CONTENT="World?" WC="0.99" CC="037000"/>
					</TextLine>
				</TextBlock>
				<TextBlock ID="P2_TB00006" HPOS="2477" VPOS="3010" WIDTH="289" HEIGHT="46" STYLEREFS="TXT_0 PAR_RIGHT">
					<TextLine ID="P2_TL00055" HPOS="2483" VPOS="3014" WIDTH="282" HEIGHT="37">
						<String ID="P2_ST00460" HPOS="2483" VPOS="3014" WIDTH="121" HEIGHT="37" CONTENT="Guido" WC="0.76" CC="03304"/>
						<SP ID="P2_SP00405" HPOS="2604" VPOS="3051" WIDTH="25"/>
						<String ID="P2_ST00461" HPOS="2629" VPOS="3016" WIDTH="136" HEIGHT="33" CONTENT="Bruno." WC="0.97" CC="528356"/>
					</TextLine>
				</TextBlock>
				<TextBlock ID="P2_TB00007" HPOS="201" VPOS="732" WIDTH="118" HEIGHT="35" STYLEREFS="TXT_0 PAR_LEFT">
					<TextLine ID="P2_TL00056" HPOS="202" VPOS="733" WIDTH="116" HEIGHT="33">
						<String ID="P2_ST00462" HPOS="202" VPOS="733" WIDTH="116" HEIGHT="33" CONTENT="Love." WC="0.98" CC="10424"/>
					</TextLine>
				</TextBlock>
				<TextBlock ID="P2_TB00008" HPOS="197" VPOS="773" WIDTH="1364" HEIGHT="1131" STYLEREFS="TXT_0 PAR_LEFT">
					<TextLine ID="P2_TL00057" HPOS="241" VPOS="775" WIDTH="386" HEIGHT="44">
						<String ID="P2_ST00463" HPOS="241" VPOS="780" WIDTH="110" HEIGHT="33" CONTENT="Snow" WC="0.98" CC="2024"/>
						<SP ID="P2_SP00406" HPOS="351" VPOS="813" WIDTH="23"/>
						<String ID="P2_ST00464" HPOS="374" VPOS="789" WIDTH="79" HEIGHT="22" CONTENT="was" WC="0.95" CC="452"/>
						<SP ID="P2_SP00407" HPOS="453" VPOS="813" WIDTH="24"/>
						<String ID="P2_ST00465" HPOS="477" VPOS="775" WIDTH="150" HEIGHT="44" CONTENT="falling." WC="0.99" CC="10003084"/>
					</TextLine>
					<TextLine ID="P2_TL00058" HPOS="242" VPOS="817" WIDTH="951" HEIGHT="48">
						<String ID="P2_ST00466" HPOS="242" VPOS="825" WIDTH="80" HEIGHT="34" CONTENT="Red" WC="1.00" CC="000"/>
						<SP ID="P2_SP00408" HPOS="322" VPOS="859" WIDTH="21"/>
						<String ID="P2_ST00467" HPOS="343" VPOS="825" WIDTH="92" HEIGHT="34" CONTENT="bells" WC="1.00" CC="00000"/>
						<SP ID="P2_SP00409" HPOS="435" VPOS="859" WIDTH="20"/>
						<String ID="P2_ST00468" HPOS="455" VPOS="823" WIDTH="74" HEIGHT="35" CONTENT="and" WC="1.00" CC="000"/>
						<SP ID="P2_SP00410" HPOS="529" VPOS="859" WIDTH="21"/>
						<String ID="P2_ST00469" HPOS="550" VPOS="835" WIDTH="200" HEIGHT="30" CONTENT="evergreen" WC="0.99" CC="080040001"/>
						<SP ID="P2_SP00411" HPOS="750" VPOS="865" WIDTH="23"/>
						<String ID="P2_ST00470" HPOS="773" VPOS="820" WIDTH="35" HEIGHT="35" CONTENT="in" WC="0.60" CC="70"/>
						<SP ID="P2_SP00412" HPOS="808" VPOS="865" WIDTH="21"/>
						<String ID="P2_ST00471" HPOS="829" VPOS="821" WIDTH="60" HEIGHT="34" CONTENT="the" WC="0.95" CC="760"/>
						<SP ID="P2_SP00413" HPOS="889" VPOS="865" WIDTH="20"/>
						<String ID="P2_ST00472" HPOS="909" VPOS="817" WIDTH="284" HEIGHT="44" CONTENT="shopwindows." WC="0.75" CC="001604004066"/>
					</TextLine>
					<TextLine ID="P2_TL00059" HPOS="240" VPOS="870" WIDTH="547" HEIGHT="44">
						<String ID="P2_ST00473" HPOS="240" VPOS="872" WIDTH="220" HEIGHT="42" CONTENT="Everybody" WC="0.99" CC="063002500"/>
						<SP ID="P2_SP00414" HPOS="460" VPOS="914" WIDTH="24"/>
						<String ID="P2_ST00474" HPOS="484" VPOS="870" WIDTH="145" HEIGHT="35" CONTENT="seemed" WC="1.00" CC="000500"/>
						<SP ID="P2_SP00415" HPOS="629" VPOS="914" WIDTH="26"/>
						<String ID="P2_ST00475" HPOS="655" VPOS="870" WIDTH="132" HEIGHT="41" CONTENT="happy." WC="0.99" CC="000406"/>
					</TextLine>
					<TextLine ID="P2_TL00060" HPOS="242" VPOS="905" WIDTH="1313" HEIGHT="54">
						<String ID="P2_ST00476" HPOS="242" VPOS="918" WIDTH="87" HEIGHT="35" CONTENT="And" WC="0.98" CC="400"/>
						<SP ID="P2_SP00416" HPOS="329" VPOS="953" WIDTH="24"/>
						<String ID="P2_ST00477" HPOS="353" VPOS="921" WIDTH="106" HEIGHT="32" CONTENT="Jesus" WC="0.97" CC="00769"/>
						<SP ID="P2_SP00417" HPOS="459" VPOS="953" WIDTH="27"/>
						<String ID="P2_ST00478" HPOS="486" VPOS="916" WIDTH="123" HEIGHT="36" CONTENT="Christ" WC="0.99" CC="300300"/>
						<SP ID="P2_SP00418" HPOS="609" VPOS="953" WIDTH="24"/>
						<String ID="P2_ST00479" HPOS="633" VPOS="915" WIDTH="135" HEIGHT="44" CONTENT="passed" WC="1.00" CC="000000"/>
						<SP ID="P2_SP00419" HPOS="768" VPOS="959" WIDTH="24"/>
						<String ID="P2_ST00480" HPOS="792" VPOS="915" WIDTH="108" HEIGHT="33" CONTENT="down" WC="0.99" CC="0300"/>
						<SP ID="P2_SP00420" HPOS="900" VPOS="959" WIDTH="26"/>
						<String ID="P2_ST00481" HPOS="926" VPOS="913" WIDTH="59" HEIGHT="35" CONTENT="the" WC="0.98" CC="400"/>
						<SP ID="P2_SP00421" HPOS="985" VPOS="959" WIDTH="26"/>
						<String ID="P2_ST00482" HPOS="1011" VPOS="924" WIDTH="143" HEIGHT="22" CONTENT="avenue" WC="0.99" CC="070000"/>
						<SP ID="P2_SP00422" HPOS="1154" VPOS="959" WIDTH="24"/>
						<String ID="P2_ST00483" HPOS="1178" VPOS="910" WIDTH="125" HEIGHT="34" CONTENT="where" WC="1.00" CC="00000"/>
						<SP ID="P2_SP00423" HPOS="1303" VPOS="959" WIDTH="23"/>
						<String ID="P2_ST00484" HPOS="1326" VPOS="913" WIDTH="111" HEIGHT="30" CONTENT="street" WC="1.00" CC="020003"/>
						<SP ID="P2_SP00424" HPOS="1437" VPOS="959" WIDTH="25"/>
						<String ID="P2_ST00485" HPOS="1462" VPOS="905" WIDTH="93" HEIGHT="44" CONTENT="girls" WC="0.98" CC="72300"/>
					</TextLine>
					<TextLine ID="P2_TL00061" HPOS="201" VPOS="964" WIDTH="339" HEIGHT="37">
						<String ID="P2_ST00486" HPOS="201" VPOS="967" WIDTH="100" HEIGHT="34" CONTENT="walk" WC="0.99" CC="0004"/>
						<SP ID="P2_SP00425" HPOS="301" VPOS="1001" WIDTH="25"/>
						<String ID="P2_ST00487" HPOS="326" VPOS="966" WIDTH="75" HEIGHT="34" CONTENT="and" WC="1.00" CC="000"/>
						<SP ID="P2_SP00426" HPOS="401" VPOS="1001" WIDTH="22"/>
						<String ID="P2_ST00488" HPOS="423" VPOS="964" WIDTH="117" HEIGHT="35" CONTENT="smile." WC="0.99" CC="061004"/>
					</TextLine>
					<TextLine ID="P2_TL00062" HPOS="239" VPOS="1004" WIDTH="1313" HEIGHT="45">
						<String ID="P2_ST00489" HPOS="239" VPOS="1014" WIDTH="128" HEIGHT="33" CONTENT='"Shall' WC="0.99" CC="528000"/>
						<SP ID="P2_SP00427" HPOS="367" VPOS="1047" WIDTH="22"/>
						<String ID="P2_ST00490" HPOS="389" VPOS="1025" WIDTH="57" HEIGHT="21" CONTENT="we" WC="0.50" CC="90"/>
						<SP ID="P2_SP00428" HPOS="446" VPOS="1047" WIDTH="23"/>
						<String ID="P2_ST00491" HPOS="469" VPOS="1013" WIDTH="41" HEIGHT="32" CONTENT="be" WC="0.64" CC="70"/>
						<SP ID="P2_SP00429" HPOS="510" VPOS="1047" WIDTH="24"/>
						<String ID="P2_ST00492" HPOS="534" VPOS="1010" WIDTH="170" HEIGHT="39" CONTENT="damned," WC="0.99" CC="0061503"/>
						<SP ID="P2_SP00430" HPOS="704" VPOS="1049" WIDTH="24"/>
						<String ID="P2_ST00493" HPOS="728" VPOS="1011" WIDTH="29" HEIGHT="31" CONTENT="O" WC="0.44" CC="5"/>
						<SP ID="P2_SP00431" HPOS="757" VPOS="1049" WIDTH="24"/>
						<String ID="P2_ST00494" HPOS="781" VPOS="1008" WIDTH="147" HEIGHT="34" CONTENT='Lord?"' WC="0.98" CC="050064"/>
						<SP ID="P2_SP00432" HPOS="928" VPOS="1049" WIDTH="24"/>
						<String ID="P2_ST00495" HPOS="952" VPOS="1006" WIDTH="111" HEIGHT="34" CONTENT="asked" WC="0.98" CC="60370"/>
						<SP ID="P2_SP00433" HPOS="1063" VPOS="1049" WIDTH="25"/>
						<String ID="P2_ST00496" HPOS="1088" VPOS="1018" WIDTH="19" HEIGHT="20" CONTENT="a" WC="1.00" CC="0"/>
						<SP ID="P2_SP00434" HPOS="1107" VPOS="1049" WIDTH="24"/>
						<String ID="P2_ST00497" HPOS="1131" VPOS="1004" WIDTH="146" HEIGHT="34" CONTENT="slender" WC="0.99" CC="0002080"/>
						<SP ID="P2_SP00435" HPOS="1277" VPOS="1049" WIDTH="23"/>
						<String ID="P2_ST00498" HPOS="1300" VPOS="1014" WIDTH="145" HEIGHT="21" CONTENT="woman" WC="0.97" CC="98034"/>
						<SP ID="P2_SP00436" HPOS="1445" VPOS="1049" WIDTH="26"/>
						<String ID="P2_ST00499" HPOS="1471" VPOS="1013" WIDTH="34" HEIGHT="20" CONTENT="in" WC="0.88" CC="20"/>
						<SP ID="P2_SP00437" HPOS="1505" VPOS="1049" WIDTH="26"/>
						<String ID="P2_ST00500" HPOS="1531" VPOS="1012" WIDTH="21" HEIGHT="20" CONTENT="a" WC="1.00" CC="0"/>
					</TextLine>
					<TextLine ID="P2_TL00063" HPOS="202" VPOS="1047" WIDTH="1359" HEIGHT="56">
						<String ID="P2_ST00501" HPOS="202" VPOS="1059" WIDTH="214" HEIGHT="44" CONTENT="frightened" WC="1.00" CC="3000010000"/>
						<SP ID="P2_SP00438" HPOS="416" VPOS="1103" WIDTH="26"/>
						<String ID="P2_ST00502" HPOS="442" VPOS="1057" WIDTH="115" HEIGHT="41" CONTENT="voice," WC="0.99" CC="410003"/>
						<SP ID="P2_SP00439" HPOS="557" VPOS="1103" WIDTH="26"/>
						<String ID="P2_ST00503" HPOS="583" VPOS="1056" WIDTH="91" HEIGHT="35" CONTENT="with" WC="0.99" CC="0040"/>
						<SP ID="P2_SP00440" HPOS="674" VPOS="1103" WIDTH="29"/>
						<String ID="P2_ST00504" HPOS="703" VPOS="1056" WIDTH="64" HEIGHT="34" CONTENT="her" WC="1.00" CC="000"/>
						<SP ID="P2_SP00441" HPOS="767" VPOS="1103" WIDTH="29"/>
						<String ID="P2_ST00505" HPOS="796" VPOS="1054" WIDTH="95" HEIGHT="35" CONTENT="head" WC="1.00" CC="0000"/>
						<SP ID="P2_SP00442" HPOS="891" VPOS="1103" WIDTH="28"/>
						<String ID="P2_ST00506" HPOS="919" VPOS="1052" WIDTH="130" HEIGHT="35" CONTENT="bowed" WC="1.00" CC="00000"/>
						<SP ID="P2_SP00443" HPOS="1049" VPOS="1103" WIDTH="27"/>
						<String ID="P2_ST00507" HPOS="1076" VPOS="1051" WIDTH="120" HEIGHT="34" CONTENT="down." WC="0.98" CC="05053"/>
						<SP ID="P2_SP00444" HPOS="1196" VPOS="1103" WIDTH="39"/>
						<String ID="P2_ST00508" HPOS="1235" VPOS="1050" WIDTH="70" HEIGHT="33" CONTENT="She" WC="1.00" CC="000"/>
						<SP ID="P2_SP00445" HPOS="1305" VPOS="1103" WIDTH="29"/>
						<String ID="P2_ST00509" HPOS="1334" VPOS="1047" WIDTH="74" HEIGHT="35" CONTENT="had" WC="1.00" CC="000"/>
						<SP ID="P2_SP00446" HPOS="1408" VPOS="1103" WIDTH="28"/>
						<String ID="P2_ST00510" HPOS="1436" VPOS="1058" WIDTH="105" HEIGHT="31" CONTENT="recog" SUBS_TYPE="HypPart1" SUBS_CONTENT="recognized" WC="1.00" CC="00000"/>
						<HYP HPOS="1541" VPOS="1058" WIDTH="20" CONTENT="-"/>
					</TextLine>
					<TextLine ID="P2_TL00064" HPOS="198" VPOS="1100" WIDTH="1049" HEIGHT="45">
						<String ID="P2_ST00511" HPOS="198" VPOS="1107" WIDTH="107" HEIGHT="34" CONTENT="nized" SUBS_TYPE="HypPart2" SUBS_CONTENT="recognized" WC="1.00" CC="00300"/>
						<SP ID="P2_SP00447" HPOS="305" VPOS="1141" WIDTH="21"/>
						<String ID="P2_ST00512" HPOS="326" VPOS="1107" WIDTH="59" HEIGHT="34" CONTENT="the" WC="1.00" CC="000"/>
						<SP ID="P2_SP00448" HPOS="385" VPOS="1141" WIDTH="20"/>
						<String ID="P2_ST00513" HPOS="405" VPOS="1108" WIDTH="94" HEIGHT="32" CONTENT="Man" WC="1.00" CC="000"/>
						<SP ID="P2_SP00449" HPOS="499" VPOS="1141" WIDTH="23"/>
						<String ID="P2_ST00514" HPOS="522" VPOS="1105" WIDTH="73" HEIGHT="34" CONTENT="and" WC="1.00" CC="000"/>
						<SP ID="P2_SP00450" HPOS="595" VPOS="1141" WIDTH="21"/>
						<String ID="P2_ST00515" HPOS="616" VPOS="1103" WIDTH="74" HEIGHT="35" CONTENT="had" WC="1.00" CC="000"/>
						<SP ID="P2_SP00451" HPOS="690" VPOS="1141" WIDTH="20"/>
						<String ID="P2_ST00516" HPOS="710" VPOS="1101" WIDTH="153" HEIGHT="44" CONTENT="stopped" WC="0.99" CC="0440000"/>
						<SP ID="P2_SP00452" HPOS="863" VPOS="1145" WIDTH="23"/>
						<String ID="P2_ST00517" HPOS="886" VPOS="1100" WIDTH="71" HEIGHT="34" CONTENT="him" WC="0.99" CC="030"/>
						<SP ID="P2_SP00453" HPOS="957" VPOS="1145" WIDTH="25"/>
						<String ID="P2_ST00518" HPOS="982" VPOS="1112" WIDTH="43" HEIGHT="22" CONTENT="on" WC="0.75" CC="40"/>
						<SP ID="P2_SP00454" HPOS="1025" VPOS="1145" WIDTH="22"/>
						<String ID="P2_ST00519" HPOS="1047" VPOS="1100" WIDTH="59" HEIGHT="34" CONTENT="the" WC="1.00" CC="000"/>
						<SP ID="P2_SP00455" HPOS="1106" VPOS="1145" WIDTH="20"/>
						<String ID="P2_ST00520" HPOS="1126" VPOS="1103" WIDTH="121" HEIGHT="29" CONTENT="street." WC="1.00" CC="0200003"/>
					</TextLine>
					<TextLine ID="P2_TL00065" HPOS="243" VPOS="1141" WIDTH="1314" HEIGHT="49">
						<String ID="P2_ST00521" HPOS="243" VPOS="1155" WIDTH="126" HEIGHT="33" CONTENT='"Must' WC="0.69" CC="44501"/>
						<SP ID="P2_SP00456" HPOS="369" VPOS="1188" WIDTH="23"/>
						<String ID="P2_ST00522" HPOS="392" VPOS="1166" WIDTH="57" HEIGHT="21" CONTENT="we" WC="1.00" CC="00"/>
						<SP ID="P2_SP00457" HPOS="449" VPOS="1188" WIDTH="24"/>
						<String ID="P2_ST00523" HPOS="473" VPOS="1152" WIDTH="42" HEIGHT="34" CONTENT="be" WC="1.00" CC="00"/>
						<SP ID="P2_SP00458" HPOS="515" VPOS="1188" WIDTH="23"/>
						<String ID="P2_ST00524" HPOS="538" VPOS="1150" WIDTH="209" HEIGHT="35" CONTENT='damned?"' WC="0.99" CC="00700072"/>
						<SP ID="P2_SP00459" HPOS="747" VPOS="1188" WIDTH="22"/>
						<String ID="P2_ST00525" HPOS="769" VPOS="1150" WIDTH="63" HEIGHT="33" CONTENT="she" WC="1.00" CC="000"/>
						<SP ID="P2_SP00460" HPOS="832" VPOS="1188" WIDTH="24"/>
						<String ID="P2_ST00526" HPOS="856" VPOS="1147" WIDTH="174" HEIGHT="43" CONTENT="repeated" WC="1.00" CC="00500000"/>
						<SP ID="P2_SP00461" HPOS="1030" VPOS="1190" WIDTH="25"/>
						<String ID="P2_ST00527" HPOS="1055" VPOS="1145" WIDTH="34" HEIGHT="35" CONTENT="in" WC="0.80" CC="30"/>
						<SP ID="P2_SP00462" HPOS="1089" VPOS="1190" WIDTH="26"/>
						<String ID="P2_ST00528" HPOS="1115" VPOS="1158" WIDTH="21" HEIGHT="21" CONTENT="a" WC="1.00" CC="0"/>
						<SP ID="P2_SP00463" HPOS="1136" VPOS="1190" WIDTH="24"/>
						<String ID="P2_ST00529" HPOS="1160" VPOS="1143" WIDTH="103" HEIGHT="35" CONTENT="voice" WC="0.99" CC="06000"/>
						<SP ID="P2_SP00464" HPOS="1263" VPOS="1190" WIDTH="24"/>
						<String ID="P2_ST00530" HPOS="1287" VPOS="1143" WIDTH="78" HEIGHT="34" CONTENT="that" WC="1.00" CC="0001"/>
						<SP ID="P2_SP00465" HPOS="1365" VPOS="1190" WIDTH="25"/>
						<String ID="P2_ST00531" HPOS="1390" VPOS="1141" WIDTH="84" HEIGHT="42" CONTENT="only" WC="1.00" CC="1000"/>
						<SP ID="P2_SP00466" HPOS="1474" VPOS="1190" WIDTH="23"/>
						<String ID="P2_ST00532" HPOS="1497" VPOS="1142" WIDTH="60" HEIGHT="33" CONTENT="He" WC="0.60" CC="80"/>
					</TextLine>
					<TextLine ID="P2_TL00066" HPOS="199" VPOS="1187" WIDTH="1357" HEIGHT="48">
						<String ID="P2_ST00533" HPOS="199" VPOS="1200" WIDTH="107" HEIGHT="35" CONTENT="could" WC="1.00" CC="00000"/>
						<SP ID="P2_SP00467" HPOS="306" VPOS="1235" WIDTH="23"/>
						<String ID="P2_ST00534" HPOS="329" VPOS="1201" WIDTH="99" HEIGHT="33" CONTENT="hear." WC="1.00" CC="00003"/>
						<SP ID="P2_SP00468" HPOS="428" VPOS="1235" WIDTH="54"/>
						<String ID="P2_ST00535" HPOS="482" VPOS="1201" WIDTH="81" HEIGHT="33" CONTENT="Her" WC="1.00" CC="000"/>
						<SP ID="P2_SP00469" HPOS="563" VPOS="1235" WIDTH="24"/>
						<String ID="P2_ST00536" HPOS="587" VPOS="1199" WIDTH="104" HEIGHT="34" CONTENT="heart" WC="1.00" CC="00000"/>
						<SP ID="P2_SP00470" HPOS="691" VPOS="1235" WIDTH="24"/>
						<String ID="P2_ST00537" HPOS="715" VPOS="1197" WIDTH="83" HEIGHT="34" CONTENT="beat" WC="1.00" CC="0000"/>
						<SP ID="P2_SP00471" HPOS="798" VPOS="1235" WIDTH="24"/>
						<String ID="P2_ST00538" HPOS="822" VPOS="1195" WIDTH="34" HEIGHT="34" CONTENT="in" WC="0.78" CC="40"/>
						<SP ID="P2_SP00472" HPOS="856" VPOS="1235" WIDTH="26"/>
						<String ID="P2_ST00539" HPOS="882" VPOS="1196" WIDTH="64" HEIGHT="33" CONTENT="her" WC="1.00" CC="000"/>
						<SP ID="P2_SP00473" HPOS="946" VPOS="1235" WIDTH="23"/>
						<String ID="P2_ST00540" HPOS="969" VPOS="1195" WIDTH="133" HEIGHT="39" CONTENT="throat," WC="0.99" CC="4000013"/>
						<SP ID="P2_SP00474" HPOS="1102" VPOS="1235" WIDTH="24"/>
						<String ID="P2_ST00541" HPOS="1126" VPOS="1193" WIDTH="64" HEIGHT="34" CONTENT="her" WC="1.00" CC="000"/>
						<SP ID="P2_SP00475" HPOS="1190" VPOS="1235" WIDTH="25"/>
						<String ID="P2_ST00542" HPOS="1215" VPOS="1191" WIDTH="107" HEIGHT="34" CONTENT="knees" WC="1.00" CC="30000"/>
						<SP ID="P2_SP00476" HPOS="1322" VPOS="1235" WIDTH="23"/>
						<String ID="P2_ST00543" HPOS="1345" VPOS="1189" WIDTH="112" HEIGHT="35" CONTENT="shook" WC="0.98" CC="00353"/>
						<SP ID="P2_SP00477" HPOS="1457" VPOS="1235" WIDTH="26"/>
						<String ID="P2_ST00544" HPOS="1483" VPOS="1187" WIDTH="73" HEIGHT="34" CONTENT="and" WC="1.00" CC="000"/>
					</TextLine>
					<TextLine ID="P2_TL00067" HPOS="197" VPOS="1242" WIDTH="722" HEIGHT="49">
						<String ID="P2_ST00545" HPOS="197" VPOS="1249" WIDTH="64" HEIGHT="35" CONTENT="she" WC="1.00" CC="000"/>
						<SP ID="P2_SP00478" HPOS="261" VPOS="1284" WIDTH="20"/>
						<String ID="P2_ST00546" HPOS="281" VPOS="1247" WIDTH="70" HEIGHT="44" CONTENT="felt" WC="1.00" CC="0000"/>
						<SP ID="P2_SP00479" HPOS="351" VPOS="1291" WIDTH="23"/>
						<String ID="P2_ST00547" HPOS="374" VPOS="1249" WIDTH="64" HEIGHT="32" CONTENT="her" WC="1.00" CC="000"/>
						<SP ID="P2_SP00480" HPOS="438" VPOS="1291" WIDTH="22"/>
						<String ID="P2_ST00548" HPOS="460" VPOS="1246" WIDTH="55" HEIGHT="34" CONTENT="sin" WC="1.00" CC="000"/>
						<SP ID="P2_SP00481" HPOS="515" VPOS="1291" WIDTH="25"/>
						<String ID="P2_ST00549" HPOS="540" VPOS="1246" WIDTH="52" HEIGHT="34" CONTENT="all" WC="1.00" CC="000"/>
						<SP ID="P2_SP00482" HPOS="592" VPOS="1291" WIDTH="24"/>
						<String ID="P2_ST00550" HPOS="616" VPOS="1257" WIDTH="88" HEIGHT="22" CONTENT="over" WC="0.99" CC="4000"/>
						<SP ID="P2_SP00483" HPOS="704" VPOS="1291" WIDTH="24"/>
						<String ID="P2_ST00551" HPOS="728" VPOS="1245" WIDTH="63" HEIGHT="33" CONTENT="her" WC="1.00" CC="000"/>
						<SP ID="P2_SP00484" HPOS="791" VPOS="1291" WIDTH="24"/>
						<String ID="P2_ST00552" HPOS="815" VPOS="1242" WIDTH="104" HEIGHT="43" CONTENT="body." WC="0.99" CC="00004"/>
					</TextLine>
					<TextLine ID="P2_TL00068" HPOS="247" VPOS="1283" WIDTH="1314" HEIGHT="53">
						<String ID="P2_ST00553" HPOS="247" VPOS="1297" WIDTH="107" HEIGHT="32" CONTENT="Jesus" WC="1.00" CC="00003"/>
						<SP ID="P2_SP00485" HPOS="354" VPOS="1329" WIDTH="22"/>
						<String ID="P2_ST00554" HPOS="376" VPOS="1293" WIDTH="152" HEIGHT="43" CONTENT="stepped" WC="1.00" CC="0000000"/>
						<SP ID="P2_SP00486" HPOS="528" VPOS="1336" WIDTH="22"/>
						<String ID="P2_ST00555" HPOS="550" VPOS="1304" WIDTH="132" HEIGHT="22" CONTENT="nearer" WC="1.00" CC="050000"/>
						<SP ID="P2_SP00487" HPOS="682" VPOS="1336" WIDTH="23"/>
						<String ID="P2_ST00556" HPOS="705" VPOS="1298" WIDTH="32" HEIGHT="28" CONTENT="to" WC="0.67" CC="60"/>
						<SP ID="P2_SP00488" HPOS="737" VPOS="1336" WIDTH="25"/>
						<String ID="P2_ST00557" HPOS="762" VPOS="1291" WIDTH="75" HEIGHT="33" CONTENT="her." WC="1.00" CC="0002"/>
						<SP ID="P2_SP00489" HPOS="837" VPOS="1336" WIDTH="54"/>
						<String ID="P2_ST00558" HPOS="891" VPOS="1291" WIDTH="59" HEIGHT="32" CONTENT="He" WC="1.00" CC="00"/>
						<SP ID="P2_SP00490" HPOS="950" VPOS="1336" WIDTH="25"/>
						<String ID="P2_ST00559" HPOS="975" VPOS="1287" WIDTH="109" HEIGHT="44" CONTENT="lifted" WC="1.00" CC="000000"/>
						<SP ID="P2_SP00491" HPOS="1084" VPOS="1336" WIDTH="23"/>
						<String ID="P2_ST00560" HPOS="1107" VPOS="1286" WIDTH="63" HEIGHT="35" CONTENT="her" WC="1.00" CC="000"/>
						<SP ID="P2_SP00492" HPOS="1170" VPOS="1336" WIDTH="25"/>
						<String ID="P2_ST00561" HPOS="1195" VPOS="1284" WIDTH="95" HEIGHT="35" CONTENT="head" WC="1.00" CC="0000"/>
						<SP ID="P2_SP00493" HPOS="1290" VPOS="1336" WIDTH="22"/>
						<String ID="P2_ST00562" HPOS="1312" VPOS="1283" WIDTH="136" HEIGHT="43" CONTENT="gently." WC="1.00" CC="0003004"/>
						<SP ID="P2_SP00494" HPOS="1448" VPOS="1336" WIDTH="55"/>
						<String ID="P2_ST00563" HPOS="1503" VPOS="1283" WIDTH="58" HEIGHT="32" CONTENT="He" WC="1.00" CC="00"/>
					</TextLine>
					<TextLine ID="P2_TL00069" HPOS="201" VPOS="1341" WIDTH="441" HEIGHT="40">
						<String ID="P2_ST00564" HPOS="201" VPOS="1342" WIDTH="131" HEIGHT="34" CONTENT="looked" WC="1.00" CC="003200"/>
						<SP ID="P2_SP00495" HPOS="332" VPOS="1376" WIDTH="26"/>
						<String ID="P2_ST00565" HPOS="358" VPOS="1341" WIDTH="72" HEIGHT="33" CONTENT="into" WC="0.97" CC="3360"/>
						<SP ID="P2_SP00496" HPOS="430" VPOS="1376" WIDTH="29"/>
						<String ID="P2_ST00566" HPOS="459" VPOS="1341" WIDTH="64" HEIGHT="33" CONTENT="her" WC="1.00" CC="000"/>
						<SP ID="P2_SP00497" HPOS="523" VPOS="1376" WIDTH="28"/>
						<String ID="P2_ST00567" HPOS="551" VPOS="1352" WIDTH="91" HEIGHT="29" CONTENT="eyes." WC="0.99" CC="01004"/>
					</TextLine>
					<TextLine ID="P2_TL00070" HPOS="242" VPOS="1387" WIDTH="301" HEIGHT="36">
						<String ID="P2_ST00568" HPOS="242" VPOS="1391" WIDTH="61" HEIGHT="32" CONTENT="He" WC="1.00" CC="00"/>
						<SP ID="P2_SP00498" HPOS="303" VPOS="1423" WIDTH="23"/>
						<String ID="P2_ST00569" HPOS="326" VPOS="1387" WIDTH="120" HEIGHT="34" CONTENT="kissed" WC="1.00" CC="200000"/>
						<SP ID="P2_SP00499" HPOS="446" VPOS="1423" WIDTH="21"/>
						<String ID="P2_ST00570" HPOS="467" VPOS="1387" WIDTH="76" HEIGHT="33" CONTENT="her." WC="0.99" CC="0004"/>
					</TextLine>
					<TextLine ID="P2_TL00071" HPOS="244" VPOS="1421" WIDTH="1310" HEIGHT="53">
						<String ID="P2_ST00571" HPOS="244" VPOS="1437" WIDTH="83" HEIGHT="33" CONTENT='"He' WC="0.98" CC="500"/>
						<SP ID="P2_SP00500" HPOS="327" VPOS="1470" WIDTH="30"/>
						<String ID="P2_ST00572" HPOS="357" VPOS="1435" WIDTH="78" HEIGHT="34" CONTENT="that" WC="0.98" CC="6004"/>
						<SP ID="P2_SP00501" HPOS="435" VPOS="1470" WIDTH="30"/>
						<String ID="P2_ST00573" HPOS="465" VPOS="1433" WIDTH="102" HEIGHT="35" CONTENT="seeks" WC="1.00" CC="00040"/>
						<SP ID="P2_SP00502" HPOS="567" VPOS="1470" WIDTH="32"/>
						<String ID="P2_ST00574" HPOS="599" VPOS="1432" WIDTH="83" HEIGHT="34" CONTENT="love" WC="1.00" CC="0000"/>
						<SP ID="P2_SP00503" HPOS="682" VPOS="1470" WIDTH="33"/>
						<String ID="P2_ST00575" HPOS="715" VPOS="1443" WIDTH="90" HEIGHT="22" CONTENT="even" WC="1.00" CC="0000"/>
						<SP ID="P2_SP00504" HPOS="805" VPOS="1470" WIDTH="34"/>
						<String ID="P2_ST00576" HPOS="839" VPOS="1428" WIDTH="30" HEIGHT="46" CONTENT="if" WC="1.00" CC="00"/>
						<SP ID="P2_SP00505" HPOS="869" VPOS="1474" WIDTH="33"/>
						<String ID="P2_ST00577" HPOS="902" VPOS="1430" WIDTH="42" HEIGHT="33" CONTENT="he" WC="1.00" CC="00"/>
						<SP ID="P2_SP00506" HPOS="944" VPOS="1474" WIDTH="31"/>
						<String ID="P2_ST00578" HPOS="975" VPOS="1428" WIDTH="102" HEIGHT="35" CONTENT="seeks" WC="0.99" CC="00032"/>
						<SP ID="P2_SP00507" HPOS="1077" VPOS="1474" WIDTH="32"/>
						<String ID="P2_ST00579" HPOS="1109" VPOS="1426" WIDTH="26" HEIGHT="35" CONTENT="it" WC="0.87" CC="02"/>
						<SP ID="P2_SP00508" HPOS="1135" VPOS="1474" WIDTH="33"/>
						<String ID="P2_ST00580" HPOS="1168" VPOS="1438" WIDTH="43" HEIGHT="22" CONTENT="on" WC="0.54" CC="44"/>
						<SP ID="P2_SP00509" HPOS="1211" VPOS="1474" WIDTH="33"/>
						<String ID="P2_ST00581" HPOS="1244" VPOS="1425" WIDTH="59" HEIGHT="35" CONTENT="the" WC="0.99" CC="300"/>
						<SP ID="P2_SP00510" HPOS="1303" VPOS="1474" WIDTH="32"/>
						<String ID="P2_ST00582" HPOS="1335" VPOS="1435" WIDTH="143" HEIGHT="23" CONTENT="avenue" WC="1.00" CC="000000"/>
						<SP ID="P2_SP00511" HPOS="1478" VPOS="1474" WIDTH="33"/>
						<String ID="P2_ST00583" HPOS="1511" VPOS="1421" WIDTH="43" HEIGHT="44" CONTENT="of" WC="0.79" CC="04"/>
					</TextLine>
					<TextLine ID="P2_TL00072" HPOS="202" VPOS="1479" WIDTH="572" HEIGHT="43">
						<String ID="P2_ST00584" HPOS="202" VPOS="1484" WIDTH="138" HEIGHT="38" CONTENT="shame," WC="1.00" CC="000002"/>
						<SP ID="P2_SP00512" HPOS="340" VPOS="1522" WIDTH="25"/>
						<String ID="P2_ST00585" HPOS="365" VPOS="1482" WIDTH="43" HEIGHT="33" CONTENT="he" WC="1.00" CC="00"/>
						<SP ID="P2_SP00513" HPOS="408" VPOS="1522" WIDTH="24"/>
						<String ID="P2_ST00586" HPOS="432" VPOS="1481" WIDTH="99" HEIGHT="34" CONTENT="shall" WC="1.00" CC="00000"/>
						<SP ID="P2_SP00514" HPOS="531" VPOS="1522" WIDTH="23"/>
						<String ID="P2_ST00587" HPOS="554" VPOS="1479" WIDTH="77" HEIGHT="43" CONTENT="find" WC="0.99" CC="2300"/>
						<SP ID="P2_SP00515" HPOS="631" VPOS="1522" WIDTH="25"/>
						<String ID="P2_ST00588" HPOS="656" VPOS="1479" WIDTH="84" HEIGHT="33" CONTENT="love" WC="1.00" CC="0100"/>
						<SP ID="P2_SP00516" HPOS="740" VPOS="1522" WIDTH="3"/>
						<String ID="P2_ST00589" HPOS="743" VPOS="1479" WIDTH="31" HEIGHT="33" CONTENT='."' WC="0.51" CC="72"/>
					</TextLine>
					<TextLine ID="P2_TL00073" HPOS="246" VPOS="1517" WIDTH="1315" HEIGHT="47">
						<String ID="P2_ST00590" HPOS="246" VPOS="1528" WIDTH="72" HEIGHT="35" CONTENT="His" WC="0.95" CC="048"/>
						<SP ID="P2_SP00517" HPOS="318" VPOS="1563" WIDTH="23"/>
						<String ID="P2_ST00591" HPOS="341" VPOS="1527" WIDTH="103" HEIGHT="36" CONTENT="voice" WC="1.00" CC="03000"/>
						<SP ID="P2_SP00518" HPOS="444" VPOS="1563" WIDTH="22"/>
						<String ID="P2_ST00592" HPOS="466" VPOS="1526" WIDTH="165" HEIGHT="36" CONTENT="sounded" WC="0.99" CC="0564000"/>
						<SP ID="P2_SP00519" HPOS="631" VPOS="1563" WIDTH="24"/>
						<String ID="P2_ST00593" HPOS="655" VPOS="1526" WIDTH="71" HEIGHT="33" CONTENT="like" WC="0.99" CC="0030"/>
						<SP ID="P2_SP00520" HPOS="726" VPOS="1563" WIDTH="24"/>
						<String ID="P2_ST00594" HPOS="750" VPOS="1538" WIDTH="21" HEIGHT="21" CONTENT="a" WC="1.00" CC="0"/>
						<SP ID="P2_SP00521" HPOS="771" VPOS="1563" WIDTH="24"/>
						<String ID="P2_ST00595" HPOS="795" VPOS="1522" WIDTH="206" HEIGHT="37" CONTENT="revelation" WC="1.00" CC="0000001000"/>
						<SP ID="P2_SP00522" HPOS="1001" VPOS="1563" WIDTH="27"/>
						<String ID="P2_ST00596" HPOS="1028" VPOS="1521" WIDTH="39" HEIGHT="43" CONTENT="of" WC="1.00" CC="00"/>
						<SP ID="P2_SP00523" HPOS="1067" VPOS="1564" WIDTH="21"/>
						<String ID="P2_ST00597" HPOS="1088" VPOS="1518" WIDTH="205" HEIGHT="43" CONTENT="something" WC="0.99" CC="059030300"/>
						<SP ID="P2_SP00524" HPOS="1293" VPOS="1564" WIDTH="24"/>
						<String ID="P2_ST00598" HPOS="1317" VPOS="1518" WIDTH="79" HEIGHT="36" CONTENT="that" WC="0.98" CC="3003"/>
						<SP ID="P2_SP00525" HPOS="1396" VPOS="1564" WIDTH="23"/>
						<String ID="P2_ST00599" HPOS="1419" VPOS="1517" WIDTH="142" HEIGHT="42" CONTENT="always" WC="1.00" CC="000000"/>
					</TextLine>
					<TextLine ID="P2_TL00074" HPOS="200" VPOS="1571" WIDTH="683" HEIGHT="46">
						<String ID="P2_ST00600" HPOS="200" VPOS="1588" WIDTH="89" HEIGHT="23" CONTENT="was," WC="0.99" CC="0003"/>
						<SP ID="P2_SP00526" HPOS="289" VPOS="1611" WIDTH="26"/>
						<String ID="P2_ST00601" HPOS="315" VPOS="1576" WIDTH="84" HEIGHT="41" CONTENT="only" WC="0.98" CC="9100"/>
						<SP ID="P2_SP00527" HPOS="399" VPOS="1617" WIDTH="22"/>
						<String ID="P2_ST00602" HPOS="421" VPOS="1587" WIDTH="57" HEIGHT="21" CONTENT="we" WC="1.00" CC="00"/>
						<SP ID="P2_SP00528" HPOS="478" VPOS="1617" WIDTH="25"/>
						<String ID="P2_ST00603" HPOS="503" VPOS="1575" WIDTH="94" HEIGHT="32" CONTENT="have" WC="0.97" CC="0590"/>
						<SP ID="P2_SP00529" HPOS="597" VPOS="1617" WIDTH="25"/>
						<String ID="P2_ST00604" HPOS="622" VPOS="1580" WIDTH="60" HEIGHT="26" CONTENT="not" WC="0.99" CC="300"/>
						<SP ID="P2_SP00530" HPOS="682" VPOS="1617" WIDTH="26"/>
						<String ID="P2_ST00605" HPOS="708" VPOS="1571" WIDTH="115" HEIGHT="35" CONTENT="heard" WC="0.99" CC="04040"/>
						<SP ID="P2_SP00531" HPOS="823" VPOS="1617" WIDTH="24"/>
						<String ID="P2_ST00606" HPOS="847" VPOS="1571" WIDTH="36" HEIGHT="33" CONTENT="it." WC="0.92" CC="973"/>
					</TextLine>
					<TextLine ID="P2_TL00075" HPOS="250" VPOS="1608" WIDTH="1310" HEIGHT="54">
						<String ID="P2_ST00607" HPOS="250" VPOS="1621" WIDTH="177" HEIGHT="35" CONTENT="Children" WC="1.00" CC="00000000"/>
						<SP ID="P2_SP00532" HPOS="427" VPOS="1656" WIDTH="24"/>
						<String ID="P2_ST00608" HPOS="451" VPOS="1619" WIDTH="211" HEIGHT="43" CONTENT="whispered" WC="1.00" CC="004000000"/>
						<SP ID="P2_SP00533" HPOS="662" VPOS="1662" WIDTH="22"/>
						<String ID="P2_ST00609" HPOS="684" VPOS="1625" WIDTH="134" HEIGHT="28" CONTENT="secrets" WC="1.00" CC="0000010"/>
						<SP ID="P2_SP00534" HPOS="818" VPOS="1662" WIDTH="24"/>
						<String ID="P2_ST00610" HPOS="842" VPOS="1616" WIDTH="35" HEIGHT="35" CONTENT="in" WC="1.00" CC="00"/>
						<SP ID="P2_SP00535" HPOS="877" VPOS="1662" WIDTH="26"/>
						<String ID="P2_ST00611" HPOS="903" VPOS="1616" WIDTH="59" HEIGHT="35" CONTENT="the" WC="0.99" CC="200"/>
						<SP ID="P2_SP00536" HPOS="962" VPOS="1662" WIDTH="25"/>
						<String ID="P2_ST00612" HPOS="987" VPOS="1627" WIDTH="81" HEIGHT="23" CONTENT="ears" WC="0.98" CC="0800"/>
						<SP ID="P2_SP00537" HPOS="1068" VPOS="1662" WIDTH="25"/>
						<String ID="P2_ST00613" HPOS="1093" VPOS="1613" WIDTH="39" HEIGHT="43" CONTENT="of" WC="1.00" CC="00"/>
						<SP ID="P2_SP00538" HPOS="1132" VPOS="1662" WIDTH="24"/>
						<String ID="P2_ST00614" HPOS="1156" VPOS="1628" WIDTH="22" HEIGHT="20" CONTENT="a" WC="0.31" CC="6"/>
						<SP ID="P2_SP00539" HPOS="1178" VPOS="1662" WIDTH="23"/>
						<String ID="P2_ST00615" HPOS="1201" VPOS="1610" WIDTH="207" HEIGHT="41" CONTENT="decorated," WC="1.00" CC="4004004004"/>
						<SP ID="P2_SP00540" HPOS="1408" VPOS="1662" WIDTH="23"/>
						<String ID="P2_ST00616" HPOS="1431" VPOS="1608" WIDTH="108" HEIGHT="36" CONTENT="white" SUBS_TYPE="HypPart1" SUBS_CONTENT="whitewhiskered" WC="0.98" CC="90400"/>
						<HYP HPOS="1539" VPOS="1608" WIDTH="21" CONTENT="-"/>
					</TextLine>
					<TextLine ID="P2_TL00076" HPOS="202" VPOS="1662" WIDTH="1160" HEIGHT="46">
						<String ID="P2_ST00617" HPOS="202" VPOS="1668" WIDTH="209" HEIGHT="36" CONTENT="whiskered" SUBS_TYPE="HypPart2" SUBS_CONTENT="whitewhiskered" WC="1.00" CC="004030000"/>
						<SP ID="P2_SP00541" HPOS="411" VPOS="1704" WIDTH="21"/>
						<String ID="P2_ST00618" HPOS="432" VPOS="1669" WIDTH="114" HEIGHT="33" CONTENT="Santa" WC="0.99" CC="00440"/>
						<SP ID="P2_SP00542" HPOS="546" VPOS="1704" WIDTH="26"/>
						<String ID="P2_ST00619" HPOS="572" VPOS="1667" WIDTH="113" HEIGHT="34" CONTENT="Claus" WC="0.89" CC="00050"/>
						<SP ID="P2_SP00543" HPOS="685" VPOS="1704" WIDTH="24"/>
						<String ID="P2_ST00620" HPOS="709" VPOS="1665" WIDTH="35" HEIGHT="35" CONTENT="in" WC="1.00" CC="00"/>
						<SP ID="P2_SP00544" HPOS="744" VPOS="1704" WIDTH="23"/>
						<String ID="P2_ST00621" HPOS="767" VPOS="1664" WIDTH="102" HEIGHT="44" CONTENT="front" WC="1.00" CC="00000"/>
						<SP ID="P2_SP00545" HPOS="869" VPOS="1708" WIDTH="24"/>
						<String ID="P2_ST00622" HPOS="893" VPOS="1663" WIDTH="39" HEIGHT="44" CONTENT="of" WC="1.00" CC="00"/>
						<SP ID="P2_SP00546" HPOS="932" VPOS="1708" WIDTH="22"/>
						<String ID="P2_ST00623" HPOS="954" VPOS="1675" WIDTH="22" HEIGHT="22" CONTENT="a" WC="1.00" CC="0"/>
						<SP ID="P2_SP00547" HPOS="976" VPOS="1708" WIDTH="24"/>
						<String ID="P2_ST00624" HPOS="1000" VPOS="1662" WIDTH="231" HEIGHT="42" CONTENT="department" WC="1.00" CC="0000010002"/>
						<SP ID="P2_SP00548" HPOS="1231" VPOS="1708" WIDTH="23"/>
						<String ID="P2_ST00625" HPOS="1254" VPOS="1666" WIDTH="108" HEIGHT="28" CONTENT="store." WC="0.99" CC="011003"/>
					</TextLine>
					<TextLine ID="P2_TL00077" HPOS="245" VPOS="1703" WIDTH="1315" HEIGHT="51">
						<String ID="P2_ST00626" HPOS="245" VPOS="1715" WIDTH="110" HEIGHT="35" CONTENT='"And' WC="0.98" CC="4300"/>
						<SP ID="P2_SP00549" HPOS="355" VPOS="1750" WIDTH="21"/>
						<String ID="P2_ST00627" HPOS="376" VPOS="1722" WIDTH="84" HEIGHT="27" CONTENT="next" WC="0.97" CC="0094"/>
						<SP ID="P2_SP00550" HPOS="460" VPOS="1750" WIDTH="21"/>
						<String ID="P2_ST00628" HPOS="481" VPOS="1713" WIDTH="216" HEIGHT="41" CONTENT="Christmas," WC="1.00" CC="1003024003"/>
						<SP ID="P2_SP00551" HPOS="697" VPOS="1754" WIDTH="21"/>
						<String ID="P2_ST00629" HPOS="718" VPOS="1712" WIDTH="91" HEIGHT="35" CONTENT="dear" WC="1.00" CC="0000"/>
						<SP ID="P2_SP00552" HPOS="809" VPOS="1754" WIDTH="49"/>
						<String ID="P2_ST00630" HPOS="858" VPOS="1738" WIDTH="8" HEIGHT="8" CONTENT="." WC="0.33" CC="6"/>
						<SP ID="P2_SP00553" HPOS="866" VPOS="1754" WIDTH="50"/>
						<String ID="P2_ST00631" HPOS="916" VPOS="1710" WIDTH="144" HEIGHT="35" CONTENT='..."' WC="0.94" CC="7775"/>
						<SP ID="P2_SP00554" HPOS="1060" VPOS="1754" WIDTH="21"/>
						<String ID="P2_ST00632" HPOS="1081" VPOS="1722" WIDTH="21" HEIGHT="21" CONTENT="a" WC="1.00" CC="0"/>
						<SP ID="P2_SP00555" HPOS="1102" VPOS="1754" WIDTH="22"/>
						<String ID="P2_ST00633" HPOS="1124" VPOS="1721" WIDTH="84" HEIGHT="21" CONTENT="man" WC="0.96" CC="090"/>
						<SP ID="P2_SP00556" HPOS="1208" VPOS="1754" WIDTH="20"/>
						<String ID="P2_ST00634" HPOS="1228" VPOS="1705" WIDTH="94" HEIGHT="42" CONTENT="said," WC="1.00" CC="00003"/>
						<SP ID="P2_SP00557" HPOS="1322" VPOS="1754" WIDTH="19"/>
						<String ID="P2_ST00635" HPOS="1341" VPOS="1703" WIDTH="152" HEIGHT="45" CONTENT="passing" WC="1.00" CC="0000000"/>
						<SP ID="P2_SP00558" HPOS="1493" VPOS="1754" WIDTH="23"/>
						<String ID="P2_ST00636" HPOS="1516" VPOS="1703" WIDTH="44" HEIGHT="44" CONTENT="by" WC="0.98" CC="00"/>
					</TextLine>
					<TextLine ID="P2_TL00078" HPOS="201" VPOS="1760" WIDTH="469" HEIGHT="43">
						<String ID="P2_ST00637" HPOS="201" VPOS="1763" WIDTH="90" HEIGHT="35" CONTENT="with" WC="1.00" CC="0020"/>
						<SP ID="P2_SP00559" HPOS="291" VPOS="1798" WIDTH="26"/>
						<String ID="P2_ST00638" HPOS="317" VPOS="1776" WIDTH="21" HEIGHT="21" CONTENT="a" WC="1.00" CC="0"/>
						<SP ID="P2_SP00560" HPOS="338" VPOS="1798" WIDTH="24"/>
						<String ID="P2_ST00639" HPOS="362" VPOS="1762" WIDTH="200" HEIGHT="34" CONTENT="handsome" WC="1.00" CC="00000700"/>
						<SP ID="P2_SP00561" HPOS="562" VPOS="1798" WIDTH="23"/>
						<String ID="P2_ST00640" HPOS="585" VPOS="1760" WIDTH="85" HEIGHT="43" CONTENT="girl." WC="0.99" CC="00004"/>
					</TextLine>
					<TextLine ID="P2_TL00079" HPOS="246" VPOS="1797" WIDTH="1312" HEIGHT="56">
						<String ID="P2_ST00641" HPOS="246" VPOS="1809" WIDTH="220" HEIGHT="44" CONTENT="Everybody" WC="1.00" CC="000000400"/>
						<SP ID="P2_SP00562" HPOS="466" VPOS="1853" WIDTH="35"/>
						<String ID="P2_ST00642" HPOS="501" VPOS="1808" WIDTH="146" HEIGHT="34" CONTENT="seemed" WC="1.00" CC="006000"/>
						<SP ID="P2_SP00563" HPOS="647" VPOS="1853" WIDTH="35"/>
						<String ID="P2_ST00643" HPOS="682" VPOS="1807" WIDTH="134" HEIGHT="42" CONTENT="happy." WC="1.00" CC="000004"/>
						<SP ID="P2_SP00564" HPOS="816" VPOS="1853" WIDTH="35"/>
						<String ID="P2_ST00644" HPOS="851" VPOS="1807" WIDTH="110" HEIGHT="32" CONTENT="Snow" WC="1.00" CC="0000"/>
						<SP ID="P2_SP00565" HPOS="961" VPOS="1853" WIDTH="35"/>
						<String ID="P2_ST00645" HPOS="996" VPOS="1816" WIDTH="80" HEIGHT="21" CONTENT="was" WC="1.00" CC="000"/>
						<SP ID="P2_SP00566" HPOS="1076" VPOS="1853" WIDTH="35"/>
						<String ID="P2_ST00646" HPOS="1111" VPOS="1801" WIDTH="151" HEIGHT="45" CONTENT="falling." WC="0.99" CC="30005003"/>
						<SP ID="P2_SP00567" HPOS="1262" VPOS="1853" WIDTH="172"/>
						<String ID="P2_ST00647" HPOS="1434" VPOS="1797" WIDTH="124" HEIGHT="36" CONTENT="Christ" WC="0.99" CC="000424"/>
					</TextLine>
					<TextLine ID="P2_TL00080" HPOS="204" VPOS="1845" WIDTH="1248" HEIGHT="51">
						<String ID="P2_ST00648" HPOS="204" VPOS="1857" WIDTH="132" HEIGHT="39" CONTENT="passed" WC="0.99" CC="800000"/>
						<SP ID="P2_SP00568" HPOS="336" VPOS="1896" WIDTH="19"/>
						<String ID="P2_ST00649" HPOS="355" VPOS="1856" WIDTH="109" HEIGHT="35" CONTENT="down" WC="0.99" CC="0500"/>
						<SP ID="P2_SP00569" HPOS="464" VPOS="1896" WIDTH="22"/>
						<String ID="P2_ST00650" HPOS="486" VPOS="1856" WIDTH="60" HEIGHT="35" CONTENT="the" WC="1.00" CC="000"/>
						<SP ID="P2_SP00570" HPOS="546" VPOS="1896" WIDTH="21"/>
						<String ID="P2_ST00651" HPOS="567" VPOS="1867" WIDTH="143" HEIGHT="22" CONTENT="avenue" WC="1.00" CC="000000"/>
						<SP ID="P2_SP00571" HPOS="710" VPOS="1896" WIDTH="20"/>
						<String ID="P2_ST00652" HPOS="730" VPOS="1854" WIDTH="126" HEIGHT="34" CONTENT="where" WC="1.00" CC="00000"/>
						<SP ID="P2_SP00572" HPOS="856" VPOS="1896" WIDTH="19"/>
						<String ID="P2_ST00653" HPOS="875" VPOS="1858" WIDTH="112" HEIGHT="29" CONTENT="street" WC="1.00" CC="010000"/>
						<SP ID="P2_SP00573" HPOS="987" VPOS="1896" WIDTH="18"/>
						<String ID="P2_ST00654" HPOS="1005" VPOS="1849" WIDTH="93" HEIGHT="44" CONTENT="girls" WC="1.00" CC="00000"/>
						<SP ID="P2_SP00574" HPOS="1098" VPOS="1896" WIDTH="20"/>
						<String ID="P2_ST00655" HPOS="1118" VPOS="1849" WIDTH="100" HEIGHT="34" CONTENT="walk" WC="0.99" CC="0003"/>
						<SP ID="P2_SP00575" HPOS="1218" VPOS="1896" WIDTH="23"/>
						<String ID="P2_ST00656" HPOS="1241" VPOS="1848" WIDTH="75" HEIGHT="34" CONTENT="and" WC="1.00" CC="000"/>
						<SP ID="P2_SP00576" HPOS="1316" VPOS="1896" WIDTH="19"/>
						<String ID="P2_ST00657" HPOS="1335" VPOS="1845" WIDTH="117" HEIGHT="37" CONTENT="smile." WC="0.99" CC="000007"/>
					</TextLine>
					<TextLine ID="P2_TL00081" HPOS="1073" VPOS="1896" WIDTH="106" HEIGHT="8">
						<String ID="P2_ST00658" HPOS="1073" VPOS="1896" WIDTH="7" HEIGHT="7" CONTENT="•" WC="0.47" CC="5"/>
						<SP ID="P2_SP00577" HPOS="1080" VPOS="1903" WIDTH="19"/>
						<String ID="P2_ST00659" HPOS="1099" VPOS="1896" WIDTH="8" HEIGHT="8" CONTENT="I" WC="0.14" CC="8"/>
						<SP ID="P2_SP00578" HPOS="1107" VPOS="1904" WIDTH="50"/>
						<String ID="P2_ST00660" HPOS="1157" VPOS="1898" WIDTH="22" HEIGHT="6" CONTENT="n" WC="0.27" CC="7"/>
					</TextLine>
				</TextBlock>
				<TextBlock ID="P2_TB00009" HPOS="1002" VPOS="1895" WIDTH="286" HEIGHT="39" STYLEREFS="TXT_0 PAR_LEFT">
					<TextLine ID="P2_TL00082" HPOS="1006" VPOS="1896" WIDTH="281" HEIGHT="35">
						<String ID="P2_ST00661" HPOS="1006" VPOS="1896" WIDTH="121" HEIGHT="35" CONTENT="Guido" WC="0.71" CC="08302"/>
						<SP ID="P2_SP00579" HPOS="1127" VPOS="1931" WIDTH="24"/>
						<String ID="P2_ST00662" HPOS="1151" VPOS="1898" WIDTH="136" HEIGHT="32" CONTENT="Bruno." WC="0.98" CC="500454"/>
					</TextLine>
				</TextBlock>
				<TextBlock ID="P2_TB00010" HPOS="201" VPOS="1970" WIDTH="1342" HEIGHT="82" STYLEREFS="TXT_0 PAR_LEFT">
					<TextLine ID="P2_TL00083" HPOS="201" VPOS="1971" WIDTH="1316" HEIGHT="81">
						<String ID="P2_ST00663" HPOS="201" VPOS="1985" WIDTH="221" HEIGHT="67" CONTENT="Merry" WC="1.00" CC="00000"/>
						<SP ID="P2_SP00580" HPOS="422" VPOS="2052" WIDTH="28"/>
						<String ID="P2_ST00664" HPOS="450" VPOS="1982" WIDTH="378" HEIGHT="68" CONTENT="Christmas," WC="0.99" CC="0706060615"/>
						<SP ID="P2_SP00581" HPOS="828" VPOS="2052" WIDTH="32"/>
						<String ID="P2_ST00665" HPOS="860" VPOS="1979" WIDTH="221" HEIGHT="67" CONTENT="Merry" WC="1.00" CC="00002"/>
						<SP ID="P2_SP00582" HPOS="1081" VPOS="2052" WIDTH="29"/>
						<String ID="P2_ST00666" HPOS="1110" VPOS="1971" WIDTH="407" HEIGHT="65" CONTENT="Commerce!" WC="0.99" CC="050045301"/>
					</TextLine>
				</TextBlock>
				<TextBlock ID="P2_TB00011" HPOS="187" VPOS="2053" WIDTH="1382" HEIGHT="1896" STYLEREFS="TXT_0 PAR_LEFT">
					<TextLine ID="P2_TL00084" HPOS="368" VPOS="2053" WIDTH="1194" HEIGHT="52">
						<String ID="P2_ST00667" HPOS="368" VPOS="2066" WIDTH="71" HEIGHT="34" CONTENT="and" WC="1.00" CC="000"/>
						<SP ID="P2_SP00583" HPOS="439" VPOS="2100" WIDTH="23"/>
						<String ID="P2_ST00668" HPOS="462" VPOS="2076" WIDTH="143" HEIGHT="24" CONTENT="women" WC="1.00" CC="00004"/>
						<SP ID="P2_SP00584" HPOS="605" VPOS="2100" WIDTH="23"/>
						<String ID="P2_ST00669" HPOS="628" VPOS="2062" WIDTH="102" HEIGHT="43" CONTENT="feign" WC="0.99" CC="30600"/>
						<SP ID="P2_SP00585" HPOS="730" VPOS="2105" WIDTH="24"/>
						<String ID="P2_ST00670" HPOS="754" VPOS="2061" WIDTH="208" HEIGHT="44" CONTENT="happiness." WC="0.99" CC="6500620004"/>
						<SP ID="P2_SP00586" HPOS="962" VPOS="2105" WIDTH="35"/>
						<String ID="P2_ST00671" HPOS="997" VPOS="2060" WIDTH="107" HEIGHT="42" CONTENT="They" WC="0.98" CC="2500"/>
						<SP ID="P2_SP00587" HPOS="1104" VPOS="2105" WIDTH="24"/>
						<String ID="P2_ST00672" HPOS="1128" VPOS="2059" WIDTH="116" HEIGHT="33" CONTENT="adorn" WC="0.99" CC="00520"/>
						<SP ID="P2_SP00588" HPOS="1244" VPOS="2105" WIDTH="23"/>
						<String ID="P2_ST00673" HPOS="1267" VPOS="2056" WIDTH="181" HEIGHT="36" CONTENT="windows" WC="0.99" CC="0540300"/>
						<SP ID="P2_SP00589" HPOS="1448" VPOS="2105" WIDTH="23"/>
						<String ID="P2_ST00674" HPOS="1471" VPOS="2053" WIDTH="91" HEIGHT="36" CONTENT="with" WC="0.98" CC="0530"/>
					</TextLine>
					<TextLine ID="P2_TL00085" HPOS="330" VPOS="2105" WIDTH="1233" HEIGHT="54">
						<String ID="P2_ST00675" HPOS="330" VPOS="2128" WIDTH="230" HEIGHT="31" CONTENT="evergreens," WC="1.00" CC="00020000000"/>
						<SP ID="P2_SP00590" HPOS="560" VPOS="2159" WIDTH="20"/>
						<String ID="P2_ST00676" HPOS="580" VPOS="2114" WIDTH="90" HEIGHT="35" CONTENT="with" WC="0.96" CC="0656"/>
						<SP ID="P2_SP00591" HPOS="670" VPOS="2159" WIDTH="21"/>
						<String ID="P2_ST00677" HPOS="691" VPOS="2114" WIDTH="111" HEIGHT="42" CONTENT="holly," WC="1.00" CC="001000"/>
						<SP ID="P2_SP00592" HPOS="802" VPOS="2159" WIDTH="21"/>
						<String ID="P2_ST00678" HPOS="823" VPOS="2112" WIDTH="89" HEIGHT="35" CONTENT="with" WC="0.98" CC="0601"/>
						<SP ID="P2_SP00593" HPOS="912" VPOS="2159" WIDTH="23"/>
						<String ID="P2_ST00679" HPOS="935" VPOS="2112" WIDTH="62" HEIGHT="33" CONTENT="red" WC="0.98" CC="400"/>
						<SP ID="P2_SP00594" HPOS="997" VPOS="2159" WIDTH="23"/>
						<String ID="P2_ST00680" HPOS="1020" VPOS="2110" WIDTH="147" HEIGHT="34" CONTENT="ribbons" WC="0.99" CC="5500000"/>
						<SP ID="P2_SP00595" HPOS="1167" VPOS="2159" WIDTH="22"/>
						<String ID="P2_ST00681" HPOS="1189" VPOS="2110" WIDTH="71" HEIGHT="33" CONTENT="and" WC="0.99" CC="030"/>
						<SP ID="P2_SP00596" HPOS="1260" VPOS="2159" WIDTH="21"/>
						<String ID="P2_ST00682" HPOS="1281" VPOS="2107" WIDTH="90" HEIGHT="36" CONTENT="with" WC="0.97" CC="0436"/>
						<SP ID="P2_SP00597" HPOS="1371" VPOS="2159" WIDTH="21"/>
						<String ID="P2_ST00683" HPOS="1392" VPOS="2105" WIDTH="150" HEIGHT="44" CONTENT="symboli" SUBS_TYPE="HypPart1" SUBS_CONTENT="symbolical" WC="0.99" CC="0000044"/>
						<HYP HPOS="1542" VPOS="2105" WIDTH="21" CONTENT="-"/>
					</TextLine>
					<TextLine ID="P2_TL00086" HPOS="201" VPOS="2154" WIDTH="1362" HEIGHT="49">
						<String ID="P2_ST00684" HPOS="201" VPOS="2164" WIDTH="57" HEIGHT="36" CONTENT="cal" SUBS_TYPE="HypPart2" SUBS_CONTENT="symbolical" WC="0.94" CC="393"/>
						<SP ID="P2_SP00598" HPOS="258" VPOS="2200" WIDTH="23"/>
						<String ID="P2_ST00685" HPOS="281" VPOS="2164" WIDTH="104" HEIGHT="34" CONTENT="bells." WC="0.99" CC="005003"/>
						<SP ID="P2_SP00599" HPOS="385" VPOS="2200" WIDTH="46"/>
						<String ID="P2_ST00686" HPOS="431" VPOS="2164" WIDTH="82" HEIGHT="33" CONTENT="The" WC="0.98" CC="600"/>
						<SP ID="P2_SP00600" HPOS="513" VPOS="2200" WIDTH="25"/>
						<String ID="P2_ST00687" HPOS="538" VPOS="2163" WIDTH="220" HEIGHT="40" CONTENT="downtown," WC="1.00" CC="000000000"/>
						<SP ID="P2_SP00601" HPOS="758" VPOS="2203" WIDTH="25"/>
						<String ID="P2_ST00688" HPOS="783" VPOS="2160" WIDTH="223" HEIGHT="41" CONTENT="maelstrom," WC="1.00" CC="0001004000"/>
						<SP ID="P2_SP00602" HPOS="1006" VPOS="2203" WIDTH="26"/>
						<String ID="P2_ST00689" HPOS="1032" VPOS="2156" WIDTH="182" HEIGHT="44" CONTENT="shopping" WC="0.99" CC="06000500"/>
						<SP ID="P2_SP00603" HPOS="1214" VPOS="2203" WIDTH="23"/>
						<String ID="P2_ST00690" HPOS="1237" VPOS="2163" WIDTH="97" HEIGHT="26" CONTENT="mart" WC="0.99" CC="0030"/>
						<SP ID="P2_SP00604" HPOS="1334" VPOS="2203" WIDTH="25"/>
						<String ID="P2_ST00691" HPOS="1359" VPOS="2154" WIDTH="29" HEIGHT="34" CONTENT="is" WC="0.76" CC="40"/>
						<SP ID="P2_SP00605" HPOS="1388" VPOS="2203" WIDTH="27"/>
						<String ID="P2_ST00692" HPOS="1415" VPOS="2166" WIDTH="19" HEIGHT="21" CONTENT="a" WC="1.00" CC="0"/>
						<SP ID="P2_SP00606" HPOS="1434" VPOS="2203" WIDTH="26"/>
						<String ID="P2_ST00693" HPOS="1460" VPOS="2164" WIDTH="78" HEIGHT="31" CONTENT="mag" SUBS_TYPE="HypPart1" SUBS_CONTENT="magnet" WC="0.99" CC="000"/>
						<HYP HPOS="1538" VPOS="2164" WIDTH="25" CONTENT="-"/>
					</TextLine>
					<TextLine ID="P2_TL00087" HPOS="203" VPOS="2211" WIDTH="227" HEIGHT="35">
						<String ID="P2_ST00694" HPOS="203" VPOS="2220" WIDTH="59" HEIGHT="26" CONTENT="net" SUBS_TYPE="HypPart2" SUBS_CONTENT="magnet" WC="0.99" CC="003"/>
						<SP ID="P2_SP00607" HPOS="262" VPOS="2246" WIDTH="22"/>
						<String ID="P2_ST00695" HPOS="284" VPOS="2211" WIDTH="59" HEIGHT="34" CONTENT="for" WC="0.97" CC="403"/>
						<SP ID="P2_SP00608" HPOS="343" VPOS="2246" WIDTH="25"/>
						<String ID="P2_ST00696" HPOS="368" VPOS="2211" WIDTH="62" HEIGHT="34" CONTENT="all." WC="0.98" CC="0320"/>
					</TextLine>
					<TextLine ID="P2_TL00088" HPOS="251" VPOS="2248" WIDTH="1313" HEIGHT="52">
						<String ID="P2_ST00697" HPOS="251" VPOS="2261" WIDTH="129" HEIGHT="39" CONTENT="Stores," WC="0.99" CC="1004003"/>
						<SP ID="P2_SP00609" HPOS="380" VPOS="2300" WIDTH="30"/>
						<String ID="P2_ST00698" HPOS="410" VPOS="2265" WIDTH="105" HEIGHT="35" CONTENT="great" WC="1.00" CC="01000"/>
						<SP ID="P2_SP00610" HPOS="515" VPOS="2300" WIDTH="31"/>
						<String ID="P2_ST00699" HPOS="546" VPOS="2257" WIDTH="70" HEIGHT="33" CONTENT="and" WC="1.00" CC="000"/>
						<SP ID="P2_SP00611" HPOS="616" VPOS="2300" WIDTH="32"/>
						<String ID="P2_ST00700" HPOS="648" VPOS="2255" WIDTH="120" HEIGHT="41" CONTENT="small," WC="1.00" CC="000203"/>
						<SP ID="P2_SP00612" HPOS="768" VPOS="2300" WIDTH="30"/>
						<String ID="P2_ST00701" HPOS="798" VPOS="2255" WIDTH="95" HEIGHT="33" CONTENT="have" WC="0.99" CC="5000"/>
						<SP ID="P2_SP00613" HPOS="893" VPOS="2300" WIDTH="30"/>
						<String ID="P2_ST00702" HPOS="923" VPOS="2252" WIDTH="95" HEIGHT="35" CONTENT="their" WC="0.98" CC="07064"/>
						<SP ID="P2_SP00614" HPOS="1018" VPOS="2300" WIDTH="28"/>
						<String ID="P2_ST00703" HPOS="1046" VPOS="2251" WIDTH="132" HEIGHT="36" CONTENT="varied" WC="0.99" CC="003400"/>
						<SP ID="P2_SP00615" HPOS="1178" VPOS="2300" WIDTH="33"/>
						<String ID="P2_ST00704" HPOS="1211" VPOS="2248" WIDTH="223" HEIGHT="36" CONTENT="attractions." WC="1.00" CC="040000043004"/>
						<SP ID="P2_SP00616" HPOS="1434" VPOS="2300" WIDTH="79"/>
						<String ID="P2_ST00705" HPOS="1513" VPOS="2248" WIDTH="51" HEIGHT="33" CONTENT="At" WC="1.00" CC="00"/>
					</TextLine>
					<TextLine ID="P2_TL00089" HPOS="204" VPOS="2295" WIDTH="1358" HEIGHT="53">
						<String ID="P2_ST00706" HPOS="204" VPOS="2319" WIDTH="110" HEIGHT="29" CONTENT="every" WC="0.99" CC="20030"/>
						<SP ID="P2_SP00617" HPOS="314" VPOS="2348" WIDTH="23"/>
						<String ID="P2_ST00707" HPOS="337" VPOS="2313" WIDTH="159" HEIGHT="33" CONTENT="counter," WC="0.99" CC="00420341"/>
						<SP ID="P2_SP00618" HPOS="496" VPOS="2348" WIDTH="26"/>
						<String ID="P2_ST00708" HPOS="522" VPOS="2303" WIDTH="35" HEIGHT="34" CONTENT="in" WC="0.80" CC="30"/>
						<SP ID="P2_SP00619" HPOS="557" VPOS="2348" WIDTH="26"/>
						<String ID="P2_ST00709" HPOS="583" VPOS="2316" WIDTH="111" HEIGHT="29" CONTENT="every" WC="1.00" CC="00020"/>
						<SP ID="P2_SP00620" HPOS="694" VPOS="2348" WIDTH="25"/>
						<String ID="P2_ST00710" HPOS="719" VPOS="2302" WIDTH="101" HEIGHT="41" CONTENT="aisle," WC="0.99" CC="070400"/>
						<SP ID="P2_SP00621" HPOS="820" VPOS="2348" WIDTH="28"/>
						<String ID="P2_ST00711" HPOS="848" VPOS="2300" WIDTH="204" HEIGHT="35" CONTENT="Christmas" WC="0.99" CC="044403000"/>
						<SP ID="P2_SP00622" HPOS="1052" VPOS="2348" WIDTH="26"/>
						<String ID="P2_ST00712" HPOS="1078" VPOS="2299" WIDTH="29" HEIGHT="34" CONTENT="is" WC="0.71" CC="50"/>
						<SP ID="P2_SP00623" HPOS="1107" VPOS="2348" WIDTH="26"/>
						<String ID="P2_ST00713" HPOS="1133" VPOS="2298" WIDTH="35" HEIGHT="33" CONTENT="in" WC="0.29" CC="76"/>
						<SP ID="P2_SP00624" HPOS="1168" VPOS="2348" WIDTH="26"/>
						<String ID="P2_ST00714" HPOS="1194" VPOS="2298" WIDTH="59" HEIGHT="33" CONTENT="the" WC="0.97" CC="060"/>
						<SP ID="P2_SP00625" HPOS="1253" VPOS="2348" WIDTH="130"/>
						<String ID="P2_ST00715" HPOS="1383" VPOS="2295" WIDTH="179" HEIGHT="34" CONTENT="Placards" WC="1.00" CC="00000500"/>
					</TextLine>
					<TextLine ID="P2_TL00090" HPOS="203" VPOS="2342" WIDTH="1360" HEIGHT="53">
						<String ID="P2_ST00716" HPOS="203" VPOS="2360" WIDTH="147" HEIGHT="35" CONTENT="suggest" WC="1.00" CC="0000004"/>
						<SP ID="P2_SP00626" HPOS="350" VPOS="2395" WIDTH="39"/>
						<String ID="P2_ST00717" HPOS="389" VPOS="2360" WIDTH="36" HEIGHT="26" CONTENT="to" WC="0.86" CC="20"/>
						<SP ID="P2_SP00627" HPOS="425" VPOS="2395" WIDTH="40"/>
						<String ID="P2_ST00718" HPOS="465" VPOS="2350" WIDTH="230" HEIGHT="44" CONTENT="prospective" WC="1.00" CC="00000000600"/>
						<SP ID="P2_SP00628" HPOS="695" VPOS="2395" WIDTH="41"/>
						<String ID="P2_ST00719" HPOS="736" VPOS="2349" WIDTH="218" HEIGHT="43" CONTENT="purchasers" WC="1.00" CC="0000600040"/>
						<String ID="P2_ST00720" HPOS="956" VPOS="2348" WIDTH="146" HEIGHT="32" CONTENT="—hosts" WC="0.99" CC="805000"/>
						<SP ID="P2_SP00629" HPOS="1102" VPOS="2395" WIDTH="40"/>
						<String ID="P2_ST00721" HPOS="1142" VPOS="2345" WIDTH="40" HEIGHT="34" CONTENT="of" WC="0.96" CC="00"/>
						<SP ID="P2_SP00630" HPOS="1182" VPOS="2395" WIDTH="40"/>
						<String ID="P2_ST00722" HPOS="1222" VPOS="2343" WIDTH="239" HEIGHT="40" CONTENT="last-minute," WC="0.99" CC="400040706003"/>
						<SP ID="P2_SP00631" HPOS="1461" VPOS="2395" WIDTH="41"/>
						<String ID="P2_ST00723" HPOS="1502" VPOS="2342" WIDTH="41" HEIGHT="33" CONTENT="be" SUBS_TYPE="HypPart1" SUBS_CONTENT="bewildered" WC="0.98" CC="00"/>
						<HYP HPOS="1543" VPOS="2342" WIDTH="20" CONTENT="-"/>
					</TextLine>
					<TextLine ID="P2_TL00091" HPOS="202" VPOS="2388" WIDTH="1362" HEIGHT="53">
						<String ID="P2_ST00724" HPOS="202" VPOS="2400" WIDTH="179" HEIGHT="36" CONTENT="wildered" SUBS_TYPE="HypPart2" SUBS_CONTENT="bewildered" WC="1.00" CC="04000000"/>
						<SP ID="P2_SP00632" HPOS="381" VPOS="2436" WIDTH="30"/>
						<String ID="P2_ST00725" HPOS="411" VPOS="2400" WIDTH="186" HEIGHT="41" CONTENT="shoppers," WC="0.99" CC="066060000"/>
						<SP ID="P2_SP00633" HPOS="597" VPOS="2441" WIDTH="30"/>
						<String ID="P2_ST00726" HPOS="627" VPOS="2396" WIDTH="219" HEIGHT="35" CONTENT="intoxicated" WC="1.00" CC="40005500000"/>
						<SP ID="P2_SP00634" HPOS="846" VPOS="2441" WIDTH="28"/>
						<String ID="P2_ST00727" HPOS="874" VPOS="2395" WIDTH="90" HEIGHT="35" CONTENT="with" WC="0.98" CC="0206"/>
						<SP ID="P2_SP00635" HPOS="964" VPOS="2441" WIDTH="28"/>
						<String ID="P2_ST00728" HPOS="992" VPOS="2395" WIDTH="59" HEIGHT="33" CONTENT="the" WC="0.98" CC="050"/>
						<SP ID="P2_SP00636" HPOS="1051" VPOS="2441" WIDTH="28"/>
						<String ID="P2_ST00729" HPOS="1079" VPOS="2393" WIDTH="102" HEIGHT="34" CONTENT="mock" WC="1.00" CC="0000"/>
						<SP ID="P2_SP00637" HPOS="1181" VPOS="2441" WIDTH="27"/>
						<String ID="P2_ST00730" HPOS="1208" VPOS="2390" WIDTH="174" HEIGHT="35" CONTENT="Yuletide" WC="0.83" CC="03300500"/>
						<SP ID="P2_SP00638" HPOS="1382" VPOS="2441" WIDTH="29"/>
						<String ID="P2_ST00731" HPOS="1411" VPOS="2388" WIDTH="153" HEIGHT="44" CONTENT="spirit—" WC="0.99" CC="0040508"/>
					</TextLine>
					<TextLine ID="P2_TL00092" HPOS="202" VPOS="2437" WIDTH="1360" HEIGHT="51">
						<String ID="P2_ST00732" HPOS="202" VPOS="2448" WIDTH="165" HEIGHT="33" CONTENT="methods" WC="0.99" CC="0005400"/>
						<SP ID="P2_SP00639" HPOS="367" VPOS="2481" WIDTH="24"/>
						<String ID="P2_ST00733" HPOS="391" VPOS="2446" WIDTH="39" HEIGHT="34" CONTENT="of" WC="0.67" CC="51"/>
						<SP ID="P2_SP00640" HPOS="430" VPOS="2481" WIDTH="22"/>
						<String ID="P2_ST00734" HPOS="452" VPOS="2445" WIDTH="175" HEIGHT="43" CONTENT="bringing" WC="0.99" CC="60239600"/>
						<SP ID="P2_SP00641" HPOS="627" VPOS="2488" WIDTH="22"/>
						<String ID="P2_ST00735" HPOS="649" VPOS="2443" WIDTH="197" HEIGHT="43" CONTENT="happiness" WC="1.00" CC="000060000"/>
						<SP ID="P2_SP00642" HPOS="846" VPOS="2488" WIDTH="23"/>
						<String ID="P2_ST00736" HPOS="869" VPOS="2450" WIDTH="36" HEIGHT="26" CONTENT="to" WC="0.97" CC="00"/>
						<SP ID="P2_SP00643" HPOS="905" VPOS="2488" WIDTH="23"/>
						<String ID="P2_ST00737" HPOS="928" VPOS="2442" WIDTH="134" HEIGHT="39" CONTENT="father," WC="1.00" CC="0000042"/>
						<SP ID="P2_SP00644" HPOS="1062" VPOS="2488" WIDTH="24"/>
						<String ID="P2_ST00738" HPOS="1086" VPOS="2441" WIDTH="151" HEIGHT="40" CONTENT="mother," WC="1.00" CC="0500003"/>
						<SP ID="P2_SP00645" HPOS="1237" VPOS="2488" WIDTH="26"/>
						<String ID="P2_ST00739" HPOS="1263" VPOS="2438" WIDTH="115" HEIGHT="42" CONTENT="sister," WC="1.00" CC="0201030"/>
						<SP ID="P2_SP00646" HPOS="1378" VPOS="2488" WIDTH="25"/>
						<String ID="P2_ST00740" HPOS="1403" VPOS="2437" WIDTH="159" HEIGHT="41" CONTENT="brother," WC="0.99" CC="03006041"/>
					</TextLine>
					<TextLine ID="P2_TL00093" HPOS="204" VPOS="2483" WIDTH="1360" HEIGHT="52">
						<String ID="P2_ST00741" HPOS="204" VPOS="2495" WIDTH="228" HEIGHT="40" CONTENT="sweetheart," WC="1.00" CC="00000600353"/>
						<SP ID="P2_SP00647" HPOS="432" VPOS="2535" WIDTH="31"/>
						<String ID="P2_ST00742" HPOS="463" VPOS="2493" WIDTH="123" HEIGHT="33" CONTENT="friend" WC="1.00" CC="001020"/>
						<SP ID="P2_SP00648" HPOS="586" VPOS="2535" WIDTH="32"/>
						<String ID="P2_ST00743" HPOS="618" VPOS="2493" WIDTH="71" HEIGHT="32" CONTENT="and" WC="1.00" CC="000"/>
						<SP ID="P2_SP00649" HPOS="689" VPOS="2535" WIDTH="32"/>
						<String ID="P2_ST00744" HPOS="721" VPOS="2490" WIDTH="274" HEIGHT="43" CONTENT="acquaintance." WC="1.00" CC="0004070504004"/>
						<SP ID="P2_SP00650" HPOS="995" VPOS="2535" WIDTH="44"/>
						<String ID="P2_ST00745" HPOS="1039" VPOS="2487" WIDTH="204" HEIGHT="34" CONTENT="Christmas" WC="0.99" CC="065700000"/>
						<SP ID="P2_SP00651" HPOS="1243" VPOS="2535" WIDTH="30"/>
						<String ID="P2_ST00746" HPOS="1273" VPOS="2494" WIDTH="105" HEIGHT="33" CONTENT="trees," WC="1.00" CC="500000"/>
						<SP ID="P2_SP00652" HPOS="1378" VPOS="2535" WIDTH="32"/>
						<String ID="P2_ST00747" HPOS="1410" VPOS="2483" WIDTH="154" HEIGHT="43" CONTENT="gaudily" WC="0.99" CC="0050600"/>
					</TextLine>
					<TextLine ID="P2_TL00094" HPOS="203" VPOS="2530" WIDTH="1360" HEIGHT="51">
						<String ID="P2_ST00748" HPOS="203" VPOS="2542" WIDTH="134" HEIGHT="34" CONTENT="decked" WC="1.00" CC="000000"/>
						<SP ID="P2_SP00653" HPOS="337" VPOS="2576" WIDTH="24"/>
						<String ID="P2_ST00749" HPOS="361" VPOS="2542" WIDTH="70" HEIGHT="32" CONTENT="and" WC="0.98" CC="050"/>
						<SP ID="P2_SP00654" HPOS="431" VPOS="2576" WIDTH="23"/>
						<String ID="P2_ST00750" HPOS="454" VPOS="2540" WIDTH="110" HEIGHT="33" CONTENT="laden" WC="0.99" CC="00004"/>
						<SP ID="P2_SP00655" HPOS="564" VPOS="2576" WIDTH="21"/>
						<String ID="P2_ST00751" HPOS="585" VPOS="2538" WIDTH="90" HEIGHT="36" CONTENT="with" WC="0.97" CC="0705"/>
						<SP ID="P2_SP00656" HPOS="675" VPOS="2576" WIDTH="20"/>
						<String ID="P2_ST00752" HPOS="695" VPOS="2538" WIDTH="121" HEIGHT="43" CONTENT="things" WC="0.98" CC="156260"/>
						<SP ID="P2_SP00657" HPOS="816" VPOS="2581" WIDTH="21"/>
						<String ID="P2_ST00753" HPOS="837" VPOS="2545" WIDTH="35" HEIGHT="26" CONTENT="to" WC="0.84" CC="30"/>
						<SP ID="P2_SP00658" HPOS="872" VPOS="2581" WIDTH="23"/>
						<String ID="P2_ST00754" HPOS="895" VPOS="2536" WIDTH="141" HEIGHT="42" CONTENT="delight" WC="0.98" CC="0027860"/>
						<SP ID="P2_SP00659" HPOS="1036" VPOS="2581" WIDTH="20"/>
						<String ID="P2_ST00755" HPOS="1056" VPOS="2534" WIDTH="178" HEIGHT="41" CONTENT="children," WC="0.99" CC="007009043"/>
						<SP ID="P2_SP00660" HPOS="1234" VPOS="2581" WIDTH="23"/>
						<String ID="P2_ST00756" HPOS="1257" VPOS="2540" WIDTH="120" HEIGHT="27" CONTENT="create" WC="1.00" CC="030000"/>
						<SP ID="P2_SP00661" HPOS="1377" VPOS="2581" WIDTH="24"/>
						<String ID="P2_ST00757" HPOS="1401" VPOS="2544" WIDTH="19" HEIGHT="22" CONTENT="a" WC="1.00" CC="0"/>
						<SP ID="P2_SP00662" HPOS="1420" VPOS="2581" WIDTH="22"/>
						<String ID="P2_ST00758" HPOS="1442" VPOS="2530" WIDTH="121" HEIGHT="36" CONTENT="vision" WC="0.98" CC="030652"/>
					</TextLine>
					<TextLine ID="P2_TL00095" HPOS="204" VPOS="2580" WIDTH="1359" HEIGHT="49">
						<String ID="P2_ST00759" HPOS="204" VPOS="2589" WIDTH="40" HEIGHT="34" CONTENT="of" WC="1.00" CC="00"/>
						<SP ID="P2_SP00663" HPOS="244" VPOS="2623" WIDTH="36"/>
						<String ID="P2_ST00760" HPOS="280" VPOS="2589" WIDTH="76" HEIGHT="33" CONTENT="real" WC="0.99" CC="2001"/>
						<SP ID="P2_SP00664" HPOS="356" VPOS="2623" WIDTH="38"/>
						<String ID="P2_ST00761" HPOS="394" VPOS="2589" WIDTH="105" HEIGHT="32" CONTENT="home" WC="0.97" CC="6500"/>
						<SP ID="P2_SP00665" HPOS="499" VPOS="2623" WIDTH="36"/>
						<String ID="P2_ST00762" HPOS="535" VPOS="2585" WIDTH="209" HEIGHT="44" CONTENT="happiness." WC="0.99" CC="5400651003"/>
						<SP ID="P2_SP00666" HPOS="744" VPOS="2629" WIDTH="49"/>
						<String ID="P2_ST00763" HPOS="793" VPOS="2584" WIDTH="114" HEIGHT="43" CONTENT="Holly" WC="0.98" CC="14350"/>
						<SP ID="P2_SP00667" HPOS="907" VPOS="2629" WIDTH="35"/>
						<String ID="P2_ST00764" HPOS="942" VPOS="2583" WIDTH="173" HEIGHT="41" CONTENT="wreaths," WC="0.99" CC="03000602"/>
						<SP ID="P2_SP00668" HPOS="1115" VPOS="2629" WIDTH="37"/>
						<String ID="P2_ST00765" HPOS="1152" VPOS="2580" WIDTH="180" HEIGHT="44" CONTENT="garlands" WC="0.99" CC="00550800"/>
						<SP ID="P2_SP00669" HPOS="1332" VPOS="2629" WIDTH="38"/>
						<String ID="P2_ST00766" HPOS="1370" VPOS="2580" WIDTH="71" HEIGHT="33" CONTENT="and" WC="1.00" CC="000"/>
						<SP ID="P2_SP00670" HPOS="1441" VPOS="2629" WIDTH="38"/>
						<String ID="P2_ST00767" HPOS="1479" VPOS="2589" WIDTH="84" HEIGHT="31" CONTENT="pme" WC="1.00" CC="000"/>
					</TextLine>
					<TextLine ID="P2_TL00096" HPOS="201" VPOS="2624" WIDTH="1362" HEIGHT="54">
						<String ID="P2_ST00768" HPOS="201" VPOS="2636" WIDTH="141" HEIGHT="42" CONTENT="boughs" WC="0.99" CC="000060"/>
						<SP ID="P2_SP00671" HPOS="342" VPOS="2678" WIDTH="25"/>
						<String ID="P2_ST00769" HPOS="367" VPOS="2634" WIDTH="203" HEIGHT="35" CONTENT="transform" WC="1.00" CC="000501200"/>
						<SP ID="P2_SP00672" HPOS="570" VPOS="2678" WIDTH="28"/>
						<String ID="P2_ST00770" HPOS="598" VPOS="2634" WIDTH="187" HEIGHT="41" CONTENT="everyday" WC="1.00" CC="00000000"/>
						<SP ID="P2_SP00673" HPOS="785" VPOS="2678" WIDTH="24"/>
						<String ID="P2_ST00771" HPOS="809" VPOS="2643" WIDTH="121" HEIGHT="24" CONTENT="wares" WC="1.00" CC="00000"/>
						<SP ID="P2_SP00674" HPOS="930" VPOS="2678" WIDTH="27"/>
						<String ID="P2_ST00772" HPOS="957" VPOS="2642" WIDTH="44" HEIGHT="22" CONTENT="on" WC="0.41" CC="47"/>
						<SP ID="P2_SP00675" HPOS="1001" VPOS="2678" WIDTH="28"/>
						<String ID="P2_ST00773" HPOS="1029" VPOS="2637" WIDTH="95" HEIGHT="27" CONTENT="store" WC="0.99" CC="00440"/>
						<SP ID="P2_SP00676" HPOS="1124" VPOS="2678" WIDTH="26"/>
						<String ID="P2_ST00774" HPOS="1150" VPOS="2636" WIDTH="148" HEIGHT="27" CONTENT="counter" WC="0.99" CC="0320004"/>
						<SP ID="P2_SP00677" HPOS="1298" VPOS="2678" WIDTH="28"/>
						<String ID="P2_ST00775" HPOS="1326" VPOS="2627" WIDTH="71" HEIGHT="33" CONTENT="and" WC="1.00" CC="000"/>
						<SP ID="P2_SP00678" HPOS="1397" VPOS="2678" WIDTH="28"/>
						<String ID="P2_ST00776" HPOS="1425" VPOS="2625" WIDTH="36" HEIGHT="33" CONTENT="in" WC="0.69" CC="60"/>
						<SP ID="P2_SP00679" HPOS="1461" VPOS="2678" WIDTH="29"/>
						<String ID="P2_ST00777" HPOS="1490" VPOS="2624" WIDTH="55" HEIGHT="34" CONTENT="dis" SUBS_TYPE="HypPart1" SUBS_CONTENT="display" WC="0.98" CC="040"/>
						<HYP HPOS="1545" VPOS="2624" WIDTH="18" CONTENT="-"/>
					</TextLine>
					<TextLine ID="P2_TL00097" HPOS="203" VPOS="2677" WIDTH="860" HEIGHT="50">
						<String ID="P2_ST00778" HPOS="203" VPOS="2683" WIDTH="88" HEIGHT="44" CONTENT="play" SUBS_TYPE="HypPart2" SUBS_CONTENT="display" WC="1.00" CC="0100"/>
						<SP ID="P2_SP00680" HPOS="291" VPOS="2727" WIDTH="23"/>
						<String ID="P2_ST00779" HPOS="314" VPOS="2695" WIDTH="100" HEIGHT="21" CONTENT="cases" WC="1.00" CC="00000"/>
						<SP ID="P2_SP00681" HPOS="414" VPOS="2727" WIDTH="28"/>
						<String ID="P2_ST00780" HPOS="442" VPOS="2681" WIDTH="73" HEIGHT="34" CONTENT="into" WC="0.98" CC="7102"/>
						<SP ID="P2_SP00682" HPOS="515" VPOS="2727" WIDTH="26"/>
						<String ID="P2_ST00781" HPOS="541" VPOS="2681" WIDTH="77" HEIGHT="34" CONTENT="real" WC="0.99" CC="4000"/>
						<SP ID="P2_SP00683" HPOS="618" VPOS="2727" WIDTH="28"/>
						<String ID="P2_ST00782" HPOS="646" VPOS="2679" WIDTH="205" HEIGHT="35" CONTENT="Christmas" WC="1.00" CC="006400000"/>
						<SP ID="P2_SP00684" HPOS="851" VPOS="2727" WIDTH="25"/>
						<String ID="P2_ST00783" HPOS="876" VPOS="2677" WIDTH="187" HEIGHT="42" CONTENT="offerings." WC="0.99" CC="2770330003"/>
					</TextLine>
					<TextLine ID="P2_TL00098" HPOS="247" VPOS="2719" WIDTH="1316" HEIGHT="47">
						<String ID="P2_ST00784" HPOS="247" VPOS="2731" WIDTH="82" HEIGHT="32" CONTENT="The" WC="1.00" CC="000"/>
						<SP ID="P2_SP00685" HPOS="329" VPOS="2763" WIDTH="32"/>
						<String ID="P2_ST00785" HPOS="361" VPOS="2729" WIDTH="165" HEIGHT="34" CONTENT="children" WC="0.99" CC="07720004"/>
						<SP ID="P2_SP00686" HPOS="526" VPOS="2763" WIDTH="33"/>
						<String ID="P2_ST00786" HPOS="559" VPOS="2740" WIDTH="62" HEIGHT="21" CONTENT="are" WC="0.99" CC="030"/>
						<SP ID="P2_SP00687" HPOS="621" VPOS="2763" WIDTH="30"/>
						<String ID="P2_ST00787" HPOS="651" VPOS="2728" WIDTH="59" HEIGHT="33" CONTENT="the" WC="0.99" CC="001"/>
						<SP ID="P2_SP00688" HPOS="710" VPOS="2763" WIDTH="31"/>
						<String ID="P2_ST00788" HPOS="741" VPOS="2734" WIDTH="208" HEIGHT="28" CONTENT="customers," WC="1.00" CC="0102400201"/>
						<SP ID="P2_SP00689" HPOS="949" VPOS="2763" WIDTH="33"/>
						<String ID="P2_ST00789" HPOS="982" VPOS="2737" WIDTH="111" HEIGHT="29" CONTENT="every" WC="0.99" CC="10030"/>
						<SP ID="P2_SP00690" HPOS="1093" VPOS="2766" WIDTH="31"/>
						<String ID="P2_ST00790" HPOS="1124" VPOS="2722" WIDTH="164" HEIGHT="35" CONTENT="saleable" WC="0.99" CC="01440040"/>
						<SP ID="P2_SP00691" HPOS="1288" VPOS="2766" WIDTH="33"/>
						<String ID="P2_ST00791" HPOS="1321" VPOS="2720" WIDTH="127" HEIGHT="35" CONTENT="article" WC="0.99" CC="3017060"/>
						<SP ID="P2_SP00692" HPOS="1448" VPOS="2766" WIDTH="33"/>
						<String ID="P2_ST00792" HPOS="1481" VPOS="2719" WIDTH="29" HEIGHT="34" CONTENT="is" WC="0.75" CC="40"/>
						<SP ID="P2_SP00693" HPOS="1510" VPOS="2766" WIDTH="32"/>
						<String ID="P2_ST00793" HPOS="1542" VPOS="2731" WIDTH="21" HEIGHT="21" CONTENT="a" WC="1.00" CC="0"/>
					</TextLine>
					<TextLine ID="P2_TL00099" HPOS="202" VPOS="2766" WIDTH="1361" HEIGHT="54">
						<String ID="P2_ST00794" HPOS="202" VPOS="2777" WIDTH="81" HEIGHT="43" CONTENT="gift," WC="0.98" CC="04062"/>
						<SP ID="P2_SP00694" HPOS="283" VPOS="2820" WIDTH="22"/>
						<String ID="P2_ST00795" HPOS="305" VPOS="2777" WIDTH="71" HEIGHT="33" CONTENT="and" WC="1.00" CC="000"/>
						<SP ID="P2_SP00695" HPOS="376" VPOS="2820" WIDTH="21"/>
						<String ID="P2_ST00796" HPOS="397" VPOS="2777" WIDTH="59" HEIGHT="33" CONTENT="the" WC="0.98" CC="050"/>
						<SP ID="P2_SP00696" HPOS="456" VPOS="2820" WIDTH="19"/>
						<String ID="P2_ST00797" HPOS="475" VPOS="2775" WIDTH="218" HEIGHT="43" CONTENT="obsequious" WC="1.00" CC="0200056010"/>
						<SP ID="P2_SP00697" HPOS="693" VPOS="2820" WIDTH="20"/>
						<String ID="P2_ST00798" HPOS="713" VPOS="2782" WIDTH="95" HEIGHT="26" CONTENT="store" WC="0.99" CC="04040"/>
						<SP ID="P2_SP00698" HPOS="808" VPOS="2820" WIDTH="21"/>
						<String ID="P2_ST00799" HPOS="829" VPOS="2772" WIDTH="226" HEIGHT="44" CONTENT="proprietors" WC="0.99" CC="00504402400"/>
						<SP ID="P2_SP00699" HPOS="1055" VPOS="2820" WIDTH="20"/>
						<String ID="P2_ST00800" HPOS="1075" VPOS="2771" WIDTH="59" HEIGHT="34" CONTENT="the" WC="0.98" CC="230"/>
						<SP ID="P2_SP00700" HPOS="1134" VPOS="2820" WIDTH="23"/>
						<String ID="P2_ST00801" HPOS="1157" VPOS="2771" WIDTH="112" HEIGHT="33" CONTENT="Santa" WC="0.98" CC="00537"/>
						<SP ID="P2_SP00701" HPOS="1269" VPOS="2820" WIDTH="22"/>
						<String ID="P2_ST00802" HPOS="1291" VPOS="2768" WIDTH="165" HEIGHT="34" CONTENT="Clauses." WC="1.00" CC="00000003"/>
						<SP ID="P2_SP00702" HPOS="1456" VPOS="2820" WIDTH="21"/>
						<String ID="P2_ST00803" HPOS="1477" VPOS="2766" WIDTH="86" HEIGHT="34" CONTENT="And" WC="0.99" CC="020"/>
					</TextLine>
					<TextLine ID="P2_TL00100" HPOS="206" VPOS="2813" WIDTH="1358" HEIGHT="45">
						<String ID="P2_ST00804" HPOS="206" VPOS="2825" WIDTH="50" HEIGHT="33" CONTENT="all" WC="1.00" CC="000"/>
						<SP ID="P2_SP00703" HPOS="256" VPOS="2858" WIDTH="34"/>
						<String ID="P2_ST00805" HPOS="290" VPOS="2824" WIDTH="60" HEIGHT="33" CONTENT="for" WC="0.99" CC="011"/>
						<SP ID="P2_SP00704" HPOS="350" VPOS="2858" WIDTH="31"/>
						<String ID="P2_ST00806" HPOS="381" VPOS="2824" WIDTH="60" HEIGHT="33" CONTENT="the" WC="0.97" CC="060"/>
						<SP ID="P2_SP00705" HPOS="441" VPOS="2858" WIDTH="33"/>
						<String ID="P2_ST00807" HPOS="474" VPOS="2824" WIDTH="85" HEIGHT="33" CONTENT="sake" WC="1.00" CC="0000"/>
						<SP ID="P2_SP00706" HPOS="559" VPOS="2858" WIDTH="33"/>
						<String ID="P2_ST00808" HPOS="592" VPOS="2822" WIDTH="39" HEIGHT="33" CONTENT="of" WC="0.97" CC="00"/>
						<SP ID="P2_SP00707" HPOS="631" VPOS="2858" WIDTH="33"/>
						<String ID="P2_ST00809" HPOS="664" VPOS="2822" WIDTH="142" HEIGHT="33" CONTENT="dollars" WC="0.99" CC="0062000"/>
						<SP ID="P2_SP00708" HPOS="806" VPOS="2858" WIDTH="36"/>
						<String ID="P2_ST00810" HPOS="842" VPOS="2821" WIDTH="70" HEIGHT="32" CONTENT="and" WC="1.00" CC="000"/>
						<SP ID="P2_SP00709" HPOS="912" VPOS="2858" WIDTH="35"/>
						<String ID="P2_ST00811" HPOS="947" VPOS="2827" WIDTH="98" HEIGHT="26" CONTENT="cents" WC="1.00" CC="00000"/>
						<String ID="P2_ST00812" HPOS="1048" VPOS="2818" WIDTH="107" HEIGHT="33" CONTENT="—for" WC="0.98" CC="8003"/>
						<SP ID="P2_SP00710" HPOS="1155" VPOS="2858" WIDTH="32"/>
						<String ID="P2_ST00813" HPOS="1187" VPOS="2818" WIDTH="59" HEIGHT="33" CONTENT="the" WC="1.00" CC="000"/>
						<SP ID="P2_SP00711" HPOS="1246" VPOS="2858" WIDTH="34"/>
						<String ID="P2_ST00814" HPOS="1280" VPOS="2827" WIDTH="130" HEIGHT="30" CONTENT="money" WC="0.99" CC="00400"/>
						<SP ID="P2_SP00712" HPOS="1410" VPOS="2858" WIDTH="33"/>
						<String ID="P2_ST00815" HPOS="1443" VPOS="2813" WIDTH="121" HEIGHT="37" CONTENT="which" WC="0.99" CC="07300"/>
					</TextLine>
					<TextLine ID="P2_TL00101" HPOS="203" VPOS="2864" WIDTH="1294" HEIGHT="49">
						<String ID="P2_ST00816" HPOS="203" VPOS="2872" WIDTH="59" HEIGHT="34" CONTENT="the" WC="0.99" CC="020"/>
						<SP ID="P2_SP00713" HPOS="262" VPOS="2906" WIDTH="25"/>
						<String ID="P2_ST00817" HPOS="287" VPOS="2870" WIDTH="169" HEIGHT="43" CONTENT="spurious" WC="0.99" CC="00807010"/>
						<SP ID="P2_SP00714" HPOS="456" VPOS="2913" WIDTH="25"/>
						<String ID="P2_ST00818" HPOS="481" VPOS="2869" WIDTH="106" HEIGHT="43" CONTENT="spirit" WC="0.98" CC="006065"/>
						<SP ID="P2_SP00715" HPOS="587" VPOS="2913" WIDTH="23"/>
						<String ID="P2_ST00819" HPOS="610" VPOS="2869" WIDTH="39" HEIGHT="34" CONTENT="of" WC="0.87" CC="20"/>
						<SP ID="P2_SP00716" HPOS="649" VPOS="2913" WIDTH="25"/>
						<String ID="P2_ST00820" HPOS="674" VPOS="2868" WIDTH="204" HEIGHT="34" CONTENT="Christmas" WC="0.99" CC="164400000"/>
						<SP ID="P2_SP00717" HPOS="878" VPOS="2913" WIDTH="25"/>
						<String ID="P2_ST00821" HPOS="903" VPOS="2874" WIDTH="122" HEIGHT="26" CONTENT="meant" WC="1.00" CC="00002"/>
						<SP ID="P2_SP00718" HPOS="1025" VPOS="2913" WIDTH="23"/>
						<String ID="P2_ST00822" HPOS="1048" VPOS="2865" WIDTH="60" HEIGHT="34" CONTENT="for" WC="0.99" CC="102"/>
						<SP ID="P2_SP00719" HPOS="1108" VPOS="2913" WIDTH="24"/>
						<String ID="P2_ST00823" HPOS="1132" VPOS="2864" WIDTH="94" HEIGHT="34" CONTENT="their" WC="0.98" CC="06052"/>
						<SP ID="P2_SP00720" HPOS="1226" VPOS="2913" WIDTH="25"/>
						<String ID="P2_ST00824" HPOS="1251" VPOS="2875" WIDTH="82" HEIGHT="23" CONTENT="own" WC="0.97" CC="106"/>
						<SP ID="P2_SP00721" HPOS="1333" VPOS="2913" WIDTH="26"/>
						<String ID="P2_ST00825" HPOS="1359" VPOS="2874" WIDTH="138" HEIGHT="31" CONTENT="purses." WC="1.00" CC="0000003"/>
					</TextLine>
					<TextLine ID="P2_TL00102" HPOS="252" VPOS="2908" WIDTH="1312" HEIGHT="50">
						<String ID="P2_ST00826" HPOS="252" VPOS="2918" WIDTH="152" HEIGHT="34" CONTENT="Outside" WC="0.99" CC="0500800"/>
						<SP ID="P2_SP00722" HPOS="404" VPOS="2952" WIDTH="36"/>
						<String ID="P2_ST00827" HPOS="440" VPOS="2918" WIDTH="59" HEIGHT="33" CONTENT="the" WC="0.97" CC="060"/>
						<SP ID="P2_SP00723" HPOS="499" VPOS="2952" WIDTH="36"/>
						<String ID="P2_ST00828" HPOS="535" VPOS="2925" WIDTH="124" HEIGHT="29" CONTENT="stores," WC="0.99" CC="0503002"/>
						<SP ID="P2_SP00724" HPOS="659" VPOS="2954" WIDTH="36"/>
						<String ID="P2_ST00829" HPOS="695" VPOS="2914" WIDTH="233" HEIGHT="44" CONTENT="grotesquely" WC="0.99" CC="03440076030"/>
						<SP ID="P2_SP00725" HPOS="928" VPOS="2958" WIDTH="34"/>
						<String ID="P2_ST00830" HPOS="962" VPOS="2913" WIDTH="140" HEIGHT="43" CONTENT="garbed" WC="1.00" CC="000000"/>
						<SP ID="P2_SP00726" HPOS="1102" VPOS="2958" WIDTH="37"/>
						<String ID="P2_ST00831" HPOS="1139" VPOS="2913" WIDTH="111" HEIGHT="32" CONTENT="Santa" WC="1.00" CC="00020"/>
						<SP ID="P2_SP00727" HPOS="1250" VPOS="2958" WIDTH="37"/>
						<String ID="P2_ST00832" HPOS="1287" VPOS="2911" WIDTH="154" HEIGHT="33" CONTENT="Clauses" WC="0.99" CC="0535000"/>
						<SP ID="P2_SP00728" HPOS="1441" VPOS="2958" WIDTH="35"/>
						<String ID="P2_ST00833" HPOS="1476" VPOS="2908" WIDTH="88" HEIGHT="34" CONTENT="hold" WC="0.97" CC="4460"/>
					</TextLine>
					<TextLine ID="P2_TL00103" HPOS="205" VPOS="2955" WIDTH="1359" HEIGHT="45">
						<String ID="P2_ST00834" HPOS="205" VPOS="2973" WIDTH="112" HEIGHT="27" CONTENT="court." WC="0.99" CC="110004"/>
						<SP ID="P2_SP00729" HPOS="317" VPOS="3000" WIDTH="57"/>
						<String ID="P2_ST00835" HPOS="374" VPOS="2965" WIDTH="142" HEIGHT="34" CONTENT='"Suffer' WC="0.98" CC="0088800"/>
						<SP ID="P2_SP00730" HPOS="516" VPOS="3000" WIDTH="31"/>
						<String ID="P2_ST00836" HPOS="547" VPOS="2965" WIDTH="59" HEIGHT="33" CONTENT="the" WC="0.98" CC="050"/>
						<SP ID="P2_SP00731" HPOS="606" VPOS="3000" WIDTH="35"/>
						<String ID="P2_ST00837" HPOS="641" VPOS="2963" WIDTH="94" HEIGHT="34" CONTENT="little" WC="0.98" CC="454631"/>
						<SP ID="P2_SP00732" HPOS="735" VPOS="3000" WIDTH="32"/>
						<String ID="P2_ST00838" HPOS="767" VPOS="2962" WIDTH="166" HEIGHT="34" CONTENT="children" WC="0.99" CC="06870002"/>
						<SP ID="P2_SP00733" HPOS="933" VPOS="3000" WIDTH="33"/>
						<String ID="P2_ST00839" HPOS="966" VPOS="2969" WIDTH="36" HEIGHT="26" CONTENT="to" WC="1.00" CC="00"/>
						<SP ID="P2_SP00734" HPOS="1002" VPOS="3000" WIDTH="32"/>
						<String ID="P2_ST00840" HPOS="1034" VPOS="2972" WIDTH="99" HEIGHT="22" CONTENT="come" WC="0.99" CC="0600"/>
						<SP ID="P2_SP00735" HPOS="1133" VPOS="3000" WIDTH="33"/>
						<String ID="P2_ST00841" HPOS="1166" VPOS="2966" WIDTH="86" HEIGHT="27" CONTENT="unto" WC="0.99" CC="5000"/>
						<SP ID="P2_SP00736" HPOS="1252" VPOS="3000" WIDTH="32"/>
						<String ID="P2_ST00842" HPOS="1284" VPOS="2959" WIDTH="91" HEIGHT="40" CONTENT='me,"' WC="1.00" CC="0000"/>
						<SP ID="P2_SP00737" HPOS="1375" VPOS="3000" WIDTH="33"/>
						<String ID="P2_ST00843" HPOS="1408" VPOS="2956" WIDTH="29" HEIGHT="35" CONTENT="is" WC="0.61" CC="70"/>
						<SP ID="P2_SP00738" HPOS="1437" VPOS="3000" WIDTH="32"/>
						<String ID="P2_ST00844" HPOS="1469" VPOS="2955" WIDTH="95" HEIGHT="36" CONTENT="their" WC="0.98" CC="06065"/>
					</TextLine>
					<TextLine ID="P2_TL00104" HPOS="206" VPOS="3004" WIDTH="1360" HEIGHT="50">
						<String ID="P2_ST00845" HPOS="206" VPOS="3012" WIDTH="273" HEIGHT="42" CONTENT="commercially" WC="1.00" CC="000000071000"/>
						<SP ID="P2_SP00739" HPOS="479" VPOS="3054" WIDTH="32"/>
						<String ID="P2_ST00846" HPOS="511" VPOS="3010" WIDTH="228" HEIGHT="43" CONTENT="prostituted," WC="0.99" CC="005047373004"/>
						<SP ID="P2_SP00740" HPOS="739" VPOS="3054" WIDTH="32"/>
						<String ID="P2_ST00847" HPOS="771" VPOS="3009" WIDTH="151" HEIGHT="34" CONTENT="biblical" WC="0.99" CC="44036105"/>
						<SP ID="P2_SP00741" HPOS="922" VPOS="3054" WIDTH="34"/>
						<String ID="P2_ST00848" HPOS="956" VPOS="3015" WIDTH="131" HEIGHT="33" CONTENT="motto;" WC="1.00" CC="000005"/>
						<SP ID="P2_SP00742" HPOS="1087" VPOS="3054" WIDTH="33"/>
						<String ID="P2_ST00849" HPOS="1120" VPOS="3008" WIDTH="63" HEIGHT="32" CONTENT="but" WC="0.97" CC="060"/>
						<SP ID="P2_SP00743" HPOS="1183" VPOS="3054" WIDTH="33"/>
						<String ID="P2_ST00850" HPOS="1216" VPOS="3006" WIDTH="85" HEIGHT="42" CONTENT="only" WC="0.98" CC="1250"/>
						<SP ID="P2_SP00744" HPOS="1301" VPOS="3054" WIDTH="34"/>
						<String ID="P2_ST00851" HPOS="1335" VPOS="3017" WIDTH="38" HEIGHT="21" CONTENT="as" WC="1.00" CC="00"/>
						<SP ID="P2_SP00745" HPOS="1373" VPOS="3054" WIDTH="33"/>
						<String ID="P2_ST00852" HPOS="1406" VPOS="3004" WIDTH="87" HEIGHT="42" CONTENT="long" WC="0.99" CC="0600"/>
						<SP ID="P2_SP00746" HPOS="1493" VPOS="3054" WIDTH="33"/>
						<String ID="P2_ST00853" HPOS="1526" VPOS="3015" WIDTH="40" HEIGHT="22" CONTENT="as" WC="1.00" CC="00"/>
					</TextLine>
					<TextLine ID="P2_TL00105" HPOS="204" VPOS="3051" WIDTH="1360" HEIGHT="44">
						<String ID="P2_ST00854" HPOS="204" VPOS="3062" WIDTH="59" HEIGHT="33" CONTENT="the" WC="0.97" CC="060"/>
						<SP ID="P2_SP00747" HPOS="263" VPOS="3095" WIDTH="28"/>
						<String ID="P2_ST00855" HPOS="291" VPOS="3059" WIDTH="67" HEIGHT="34" CONTENT="tall" WC="0.98" CC="6003"/>
						<SP ID="P2_SP00748" HPOS="358" VPOS="3095" WIDTH="30"/>
						<String ID="P2_ST00856" HPOS="388" VPOS="3071" WIDTH="85" HEIGHT="21" CONTENT="man" WC="0.99" CC="003"/>
						<SP ID="P2_SP00749" HPOS="473" VPOS="3095" WIDTH="28"/>
						<String ID="P2_ST00857" HPOS="501" VPOS="3058" WIDTH="35" HEIGHT="34" CONTENT="in" WC="0.40" CC="65"/>
						<SP ID="P2_SP00750" HPOS="536" VPOS="3095" WIDTH="31"/>
						<String ID="P2_ST00858" HPOS="567" VPOS="3058" WIDTH="61" HEIGHT="34" CONTENT="red" WC="1.00" CC="000"/>
						<SP ID="P2_SP00751" HPOS="628" VPOS="3095" WIDTH="29"/>
						<String ID="P2_ST00859" HPOS="657" VPOS="3057" WIDTH="137" HEIGHT="35" CONTENT="clothes" WC="0.98" CC="0590620"/>
						<SP ID="P2_SP00752" HPOS="794" VPOS="3095" WIDTH="28"/>
						<String ID="P2_ST00860" HPOS="822" VPOS="3056" WIDTH="89" HEIGHT="34" CONTENT="with" WC="0.97" CC="0627"/>
						<SP ID="P2_SP00753" HPOS="911" VPOS="3095" WIDTH="27"/>
						<String ID="P2_ST00861" HPOS="938" VPOS="3055" WIDTH="111" HEIGHT="34" CONTENT="white" WC="0.98" CC="05810"/>
						<SP ID="P2_SP00754" HPOS="1049" VPOS="3095" WIDTH="30"/>
						<String ID="P2_ST00862" HPOS="1079" VPOS="3053" WIDTH="178" HEIGHT="35" CONTENT="whiskers" WC="0.99" CC="06400000"/>
						<SP ID="P2_SP00755" HPOS="1257" VPOS="3095" WIDTH="31"/>
						<String ID="P2_ST00863" HPOS="1288" VPOS="3053" WIDTH="69" HEIGHT="33" CONTENT="and" WC="1.00" CC="000"/>
						<SP ID="P2_SP00756" HPOS="1357" VPOS="3095" WIDTH="30"/>
						<String ID="P2_ST00864" HPOS="1387" VPOS="3051" WIDTH="90" HEIGHT="34" CONTENT="with" WC="0.97" CC="0760"/>
						<SP ID="P2_SP00757" HPOS="1477" VPOS="3095" WIDTH="28"/>
						<String ID="P2_ST00865" HPOS="1505" VPOS="3051" WIDTH="59" HEIGHT="33" CONTENT="the" WC="0.97" CC="060"/>
					</TextLine>
					<TextLine ID="P2_TL00106" HPOS="206" VPOS="3098" WIDTH="1360" HEIGHT="45">
						<String ID="P2_ST00866" HPOS="206" VPOS="3107" WIDTH="102" HEIGHT="34" CONTENT="mask" WC="1.00" CC="0000"/>
						<SP ID="P2_SP00758" HPOS="308" VPOS="3141" WIDTH="32"/>
						<String ID="P2_ST00867" HPOS="340" VPOS="3105" WIDTH="120" HEIGHT="36" CONTENT="which" WC="0.97" CC="07706"/>
						<SP ID="P2_SP00759" HPOS="460" VPOS="3141" WIDTH="34"/>
						<String ID="P2_ST00868" HPOS="494" VPOS="3106" WIDTH="123" HEIGHT="33" CONTENT="makes" WC="1.00" CC="00000"/>
						<SP ID="P2_SP00760" HPOS="617" VPOS="3141" WIDTH="34"/>
						<String ID="P2_ST00869" HPOS="651" VPOS="3104" WIDTH="56" HEIGHT="34" CONTENT="his" WC="0.97" CC="270"/>
						<SP ID="P2_SP00761" HPOS="707" VPOS="3141" WIDTH="33"/>
						<String ID="P2_ST00870" HPOS="740" VPOS="3104" WIDTH="164" HEIGHT="34" CONTENT="features" WC="0.99" CC="00648000"/>
						<SP ID="P2_SP00762" HPOS="904" VPOS="3141" WIDTH="34"/>
						<String ID="P2_ST00871" HPOS="938" VPOS="3102" WIDTH="83" HEIGHT="34" CONTENT="look" WC="0.98" CC="0650"/>
						<SP ID="P2_SP00763" HPOS="1021" VPOS="3141" WIDTH="32"/>
						<String ID="P2_ST00872" HPOS="1053" VPOS="3100" WIDTH="173" HEIGHT="43" CONTENT="beaming" WC="0.99" CC="7000650"/>
						<SP ID="P2_SP00764" HPOS="1226" VPOS="3143" WIDTH="34"/>
						<String ID="P2_ST00873" HPOS="1260" VPOS="3100" WIDTH="71" HEIGHT="33" CONTENT="and" WC="0.98" CC="050"/>
						<SP ID="P2_SP00765" HPOS="1331" VPOS="3143" WIDTH="34"/>
						<String ID="P2_ST00874" HPOS="1365" VPOS="3098" WIDTH="137" HEIGHT="43" CONTENT="kindly," WC="1.00" CC="0500000"/>
						<SP ID="P2_SP00766" HPOS="1502" VPOS="3143" WIDTH="35"/>
						<String ID="P2_ST00875" HPOS="1537" VPOS="3098" WIDTH="29" HEIGHT="33" CONTENT="is" WC="0.89" CC="20"/>
					</TextLine>
					<TextLine ID="P2_TL00107" HPOS="205" VPOS="3149" WIDTH="1090" HEIGHT="45">
						<String ID="P2_ST00876" HPOS="205" VPOS="3153" WIDTH="192" HEIGHT="35" CONTENT="furnished" WC="0.99" CC="252370300"/>
						<SP ID="P2_SP00767" HPOS="397" VPOS="3188" WIDTH="27"/>
						<String ID="P2_ST00877" HPOS="424" VPOS="3152" WIDTH="55" HEIGHT="34" CONTENT="his" WC="0.97" CC="070"/>
						<SP ID="P2_SP00768" HPOS="479" VPOS="3188" WIDTH="26"/>
						<String ID="P2_ST00878" HPOS="505" VPOS="3152" WIDTH="161" HEIGHT="34" CONTENT="uniform" WC="0.99" CC="8042500"/>
						<SP ID="P2_SP00769" HPOS="666" VPOS="3188" WIDTH="25"/>
						<String ID="P2_ST00879" HPOS="691" VPOS="3152" WIDTH="71" HEIGHT="33" CONTENT="and" WC="0.98" CC="040"/>
						<SP ID="P2_SP00770" HPOS="762" VPOS="3188" WIDTH="27"/>
						<String ID="P2_ST00880" HPOS="789" VPOS="3151" WIDTH="86" HEIGHT="43" CONTENT="paid" WC="0.99" CC="0050"/>
						<SP ID="P2_SP00771" HPOS="875" VPOS="3194" WIDTH="25"/>
						<String ID="P2_ST00881" HPOS="900" VPOS="3158" WIDTH="73" HEIGHT="27" CONTENT="two" WC="1.00" CC="000"/>
						<SP ID="P2_SP00772" HPOS="973" VPOS="3194" WIDTH="25"/>
						<String ID="P2_ST00882" HPOS="998" VPOS="3149" WIDTH="143" HEIGHT="34" CONTENT="dollars" WC="0.99" CC="0345000"/>
						<SP ID="P2_SP00773" HPOS="1141" VPOS="3194" WIDTH="26"/>
						<String ID="P2_ST00883" HPOS="1167" VPOS="3160" WIDTH="20" HEIGHT="21" CONTENT="a" WC="1.00" CC="0"/>
						<SP ID="P2_SP00774" HPOS="1187" VPOS="3194" WIDTH="25"/>
						<String ID="P2_ST00884" HPOS="1212" VPOS="3149" WIDTH="83" HEIGHT="41" CONTENT="day." WC="1.00" CC="0002"/>
					</TextLine>
					<TextLine ID="P2_TL00108" HPOS="252" VPOS="3193" WIDTH="1314" HEIGHT="46">
						<String ID="P2_ST00885" HPOS="252" VPOS="3202" WIDTH="84" HEIGHT="32" CONTENT="And" WC="1.00" CC="000"/>
						<SP ID="P2_SP00775" HPOS="336" VPOS="3234" WIDTH="27"/>
						<String ID="P2_ST00886" HPOS="363" VPOS="3201" WIDTH="59" HEIGHT="33" CONTENT="the" WC="0.99" CC="030"/>
						<SP ID="P2_SP00776" HPOS="422" VPOS="3234" WIDTH="26"/>
						<String ID="P2_ST00887" HPOS="448" VPOS="3199" WIDTH="166" HEIGHT="35" CONTENT="children" WC="0.99" CC="06600000"/>
						<SP ID="P2_SP00777" HPOS="614" VPOS="3234" WIDTH="26"/>
						<String ID="P2_ST00888" HPOS="640" VPOS="3211" WIDTH="98" HEIGHT="22" CONTENT="come" WC="1.00" CC="0000"/>
						<SP ID="P2_SP00778" HPOS="738" VPOS="3234" WIDTH="28"/>
						<String ID="P2_ST00889" HPOS="766" VPOS="3199" WIDTH="71" HEIGHT="33" CONTENT="and" WC="0.99" CC="020"/>
						<SP ID="P2_SP00779" HPOS="837" VPOS="3234" WIDTH="28"/>
						<String ID="P2_ST00890" HPOS="865" VPOS="3197" WIDTH="161" HEIGHT="42" CONTENT="whisper" WC="0.99" CC="0150001"/>
						<SP ID="P2_SP00780" HPOS="1026" VPOS="3239" WIDTH="27"/>
						<String ID="P2_ST00891" HPOS="1053" VPOS="3196" WIDTH="75" HEIGHT="33" CONTENT="into" WC="0.96" CC="6406"/>
						<SP ID="P2_SP00781" HPOS="1128" VPOS="3239" WIDTH="25"/>
						<String ID="P2_ST00892" HPOS="1153" VPOS="3196" WIDTH="59" HEIGHT="33" CONTENT="the" WC="0.97" CC="060"/>
						<SP ID="P2_SP00782" HPOS="1212" VPOS="3239" WIDTH="28"/>
						<String ID="P2_ST00893" HPOS="1240" VPOS="3207" WIDTH="63" HEIGHT="22" CONTENT="ear" WC="1.00" CC="000"/>
						<SP ID="P2_SP00783" HPOS="1303" VPOS="3239" WIDTH="27"/>
						<String ID="P2_ST00894" HPOS="1330" VPOS="3193" WIDTH="40" HEIGHT="34" CONTENT="of" WC="0.82" CC="03"/>
						<SP ID="P2_SP00784" HPOS="1370" VPOS="3239" WIDTH="24"/>
						<String ID="P2_ST00895" HPOS="1394" VPOS="3193" WIDTH="60" HEIGHT="34" CONTENT="the" WC="0.97" CC="060"/>
						<SP ID="P2_SP00785" HPOS="1454" VPOS="3239" WIDTH="27"/>
						<String ID="P2_ST00896" HPOS="1481" VPOS="3204" WIDTH="85" HEIGHT="22" CONTENT="man" WC="1.00" CC="000"/>
					</TextLine>
					<TextLine ID="P2_TL00109" HPOS="204" VPOS="3240" WIDTH="1363" HEIGHT="48">
						<String ID="P2_ST00897" HPOS="204" VPOS="3248" WIDTH="90" HEIGHT="36" CONTENT="with" WC="0.97" CC="0723"/>
						<SP ID="P2_SP00786" HPOS="294" VPOS="3284" WIDTH="30"/>
						<String ID="P2_ST00898" HPOS="324" VPOS="3248" WIDTH="59" HEIGHT="34" CONTENT="the" WC="0.97" CC="260"/>
						<SP ID="P2_SP00787" HPOS="383" VPOS="3284" WIDTH="29"/>
						<String ID="P2_ST00899" HPOS="412" VPOS="3246" WIDTH="325" HEIGHT="42" CONTENT="whiskey-stained" WC="0.99" CC="076010014597300"/>
						<SP ID="P2_SP00788" HPOS="737" VPOS="3288" WIDTH="31"/>
						<String ID="P2_ST00900" HPOS="768" VPOS="3245" WIDTH="141" HEIGHT="34" CONTENT="breath." WC="0.99" CC="5000064"/>
						<SP ID="P2_SP00789" HPOS="909" VPOS="3288" WIDTH="52"/>
						<String ID="P2_ST00901" HPOS="961" VPOS="3245" WIDTH="106" HEIGHT="41" CONTENT="They" WC="1.00" CC="0020"/>
						<SP ID="P2_SP00790" HPOS="1067" VPOS="3288" WIDTH="30"/>
						<String ID="P2_ST00902" HPOS="1097" VPOS="3255" WIDTH="91" HEIGHT="31" CONTENT="pour" WC="0.96" CC="0655"/>
						<SP ID="P2_SP00791" HPOS="1188" VPOS="3288" WIDTH="30"/>
						<String ID="P2_ST00903" HPOS="1218" VPOS="3250" WIDTH="62" HEIGHT="26" CONTENT="out" WC="0.98" CC="050"/>
						<SP ID="P2_SP00792" HPOS="1280" VPOS="3288" WIDTH="29"/>
						<String ID="P2_ST00904" HPOS="1309" VPOS="3242" WIDTH="59" HEIGHT="33" CONTENT="the" WC="0.98" CC="050"/>
						<SP ID="P2_SP00793" HPOS="1368" VPOS="3288" WIDTH="31"/>
						<String ID="P2_ST00905" HPOS="1399" VPOS="3240" WIDTH="168" HEIGHT="34" CONTENT="innocent" WC="1.00" CC="32000030"/>
					</TextLine>
					<TextLine ID="P2_TL00110" HPOS="207" VPOS="3288" WIDTH="1359" HEIGHT="47">
						<String ID="P2_ST00906" HPOS="207" VPOS="3304" WIDTH="132" HEIGHT="26" CONTENT="secrets" WC="1.00" CC="0000030"/>
						<SP ID="P2_SP00794" HPOS="339" VPOS="3330" WIDTH="22"/>
						<String ID="P2_ST00907" HPOS="361" VPOS="3295" WIDTH="40" HEIGHT="33" CONTENT="of" WC="0.81" CC="03"/>
						<SP ID="P2_SP00795" HPOS="401" VPOS="3330" WIDTH="19"/>
						<String ID="P2_ST00908" HPOS="420" VPOS="3294" WIDTH="95" HEIGHT="34" CONTENT="their" WC="0.98" CC="50050"/>
						<SP ID="P2_SP00796" HPOS="515" VPOS="3330" WIDTH="20"/>
						<String ID="P2_ST00909" HPOS="535" VPOS="3293" WIDTH="156" HEIGHT="35" CONTENT="childish" WC="0.99" CC="10660606"/>
						<SP ID="P2_SP00797" HPOS="691" VPOS="3330" WIDTH="23"/>
						<String ID="P2_ST00910" HPOS="714" VPOS="3292" WIDTH="148" HEIGHT="43" CONTENT="desires," WC="1.00" CC="00030001"/>
						<SP ID="P2_SP00798" HPOS="862" VPOS="3335" WIDTH="24"/>
						<String ID="P2_ST00911" HPOS="886" VPOS="3293" WIDTH="71" HEIGHT="32" CONTENT="and" WC="0.98" CC="050"/>
						<SP ID="P2_SP00799" HPOS="957" VPOS="3335" WIDTH="22"/>
						<String ID="P2_ST00912" HPOS="979" VPOS="3292" WIDTH="84" HEIGHT="33" CONTENT="then" WC="0.98" CC="0404"/>
						<SP ID="P2_SP00800" HPOS="1063" VPOS="3335" WIDTH="23"/>
						<String ID="P2_ST00913" HPOS="1086" VPOS="3290" WIDTH="181" HEIGHT="43" CONTENT="persuade" WC="0.99" CC="00409000"/>
						<SP ID="P2_SP00801" HPOS="1267" VPOS="3335" WIDTH="23"/>
						<String ID="P2_ST00914" HPOS="1290" VPOS="3288" WIDTH="95" HEIGHT="35" CONTENT="their" WC="0.99" CC="00063"/>
						<SP ID="P2_SP00802" HPOS="1385" VPOS="3335" WIDTH="22"/>
						<String ID="P2_ST00915" HPOS="1407" VPOS="3295" WIDTH="159" HEIGHT="35" CONTENT="parents," WC="1.00" CC="00006300"/>
					</TextLine>
					<TextLine ID="P2_TL00111" HPOS="205" VPOS="3335" WIDTH="1361" HEIGHT="47">
						<String ID="P2_ST00916" HPOS="205" VPOS="3344" WIDTH="84" HEIGHT="35" CONTENT="who" WC="0.97" CC="070"/>
						<SP ID="P2_SP00803" HPOS="289" VPOS="3379" WIDTH="25"/>
						<String ID="P2_ST00917" HPOS="314" VPOS="3342" WIDTH="79" HEIGHT="35" CONTENT="will" WC="0.96" CC="0856"/>
						<SP ID="P2_SP00804" HPOS="393" VPOS="3379" WIDTH="30"/>
						<String ID="P2_ST00918" HPOS="423" VPOS="3349" WIDTH="61" HEIGHT="26" CONTENT="not" WC="0.94" CC="086"/>
						<SP ID="P2_SP00805" HPOS="484" VPOS="3379" WIDTH="25"/>
						<String ID="P2_ST00919" HPOS="509" VPOS="3340" WIDTH="130" HEIGHT="35" CONTENT="banish" WC="0.97" CC="366606"/>
						<SP ID="P2_SP00806" HPOS="639" VPOS="3379" WIDTH="27"/>
						<String ID="P2_ST00920" HPOS="666" VPOS="3341" WIDTH="58" HEIGHT="33" CONTENT="the" WC="0.97" CC="060"/>
						<SP ID="P2_SP00807" HPOS="724" VPOS="3379" WIDTH="28"/>
						<String ID="P2_ST00921" HPOS="752" VPOS="3340" WIDTH="104" HEIGHT="42" CONTENT="baby," WC="0.97" CC="60704"/>
						<SP ID="P2_SP00808" HPOS="856" VPOS="3382" WIDTH="29"/>
						<String ID="P2_ST00922" HPOS="885" VPOS="3340" WIDTH="112" HEIGHT="33" CONTENT="Santa" WC="0.99" CC="00400"/>
						<SP ID="P2_SP00809" HPOS="997" VPOS="3382" WIDTH="28"/>
						<String ID="P2_ST00923" HPOS="1025" VPOS="3339" WIDTH="114" HEIGHT="33" CONTENT="Claus" WC="0.81" CC="00710"/>
						<SP ID="P2_SP00810" HPOS="1139" VPOS="3382" WIDTH="26"/>
						<String ID="P2_ST00924" HPOS="1165" VPOS="3336" WIDTH="125" HEIGHT="41" CONTENT="belief," WC="0.99" CC="0064023"/>
						<SP ID="P2_SP00811" HPOS="1290" VPOS="3382" WIDTH="27"/>
						<String ID="P2_ST00925" HPOS="1317" VPOS="3344" WIDTH="35" HEIGHT="26" CONTENT="to" WC="0.73" CC="05"/>
						<SP ID="P2_SP00812" HPOS="1352" VPOS="3382" WIDTH="28"/>
						<String ID="P2_ST00926" HPOS="1380" VPOS="3343" WIDTH="101" HEIGHT="26" CONTENT="enter" WC="0.99" CC="04200"/>
						<SP ID="P2_SP00813" HPOS="1481" VPOS="3382" WIDTH="26"/>
						<String ID="P2_ST00927" HPOS="1507" VPOS="3335" WIDTH="59" HEIGHT="33" CONTENT="the" WC="0.97" CC="070"/>
					</TextLine>
					<TextLine ID="P2_TL00112" HPOS="206" VPOS="3382" WIDTH="1362" HEIGHT="49">
						<String ID="P2_ST00928" HPOS="206" VPOS="3398" WIDTH="115" HEIGHT="26" CONTENT="stores" WC="1.00" CC="050000"/>
						<SP ID="P2_SP00814" HPOS="321" VPOS="3424" WIDTH="28"/>
						<String ID="P2_ST00929" HPOS="349" VPOS="3391" WIDTH="71" HEIGHT="32" CONTENT="and" WC="1.00" CC="000"/>
						<SP ID="P2_SP00815" HPOS="420" VPOS="3424" WIDTH="28"/>
						<String ID="P2_ST00930" HPOS="448" VPOS="3389" WIDTH="179" HEIGHT="42" CONTENT="purchase" WC="1.00" CC="00000000"/>
						<SP ID="P2_SP00816" HPOS="627" VPOS="3431" WIDTH="26"/>
						<String ID="P2_ST00931" HPOS="653" VPOS="3389" WIDTH="59" HEIGHT="33" CONTENT="the" WC="1.00" CC="000"/>
						<SP ID="P2_SP00817" HPOS="712" VPOS="3431" WIDTH="25"/>
						<String ID="P2_ST00932" HPOS="737" VPOS="3387" WIDTH="151" HEIGHT="35" CONTENT="coveted" WC="1.00" CC="0000400"/>
						<SP ID="P2_SP00818" HPOS="888" VPOS="3431" WIDTH="26"/>
						<String ID="P2_ST00933" HPOS="914" VPOS="3398" WIDTH="121" HEIGHT="23" CONTENT="wares" WC="1.00" CC="00200"/>
						<SP ID="P2_SP00819" HPOS="1035" VPOS="3431" WIDTH="27"/>
						<String ID="P2_ST00934" HPOS="1062" VPOS="3386" WIDTH="97" HEIGHT="33" CONTENT="from" WC="0.99" CC="1200"/>
						<SP ID="P2_SP00820" HPOS="1159" VPOS="3431" WIDTH="26"/>
						<String ID="P2_ST00935" HPOS="1185" VPOS="3385" WIDTH="59" HEIGHT="34" CONTENT="the" WC="0.98" CC="040"/>
						<SP ID="P2_SP00821" HPOS="1244" VPOS="3431" WIDTH="26"/>
						<String ID="P2_ST00936" HPOS="1270" VPOS="3383" WIDTH="189" HEIGHT="34" CONTENT="merchant" WC="1.00" CC="00400000"/>
						<SP ID="P2_SP00822" HPOS="1459" VPOS="3431" WIDTH="24"/>
						<String ID="P2_ST00937" HPOS="1483" VPOS="3382" WIDTH="85" HEIGHT="35" CONTENT="who" WC="0.96" CC="064"/>
					</TextLine>
					<TextLine ID="P2_TL00113" HPOS="207" VPOS="3436" WIDTH="757" HEIGHT="42">
						<String ID="P2_ST00938" HPOS="207" VPOS="3450" WIDTH="80" HEIGHT="21" CONTENT="uses" WC="0.98" CC="3005"/>
						<SP ID="P2_SP00823" HPOS="287" VPOS="3471" WIDTH="23"/>
						<String ID="P2_ST00939" HPOS="310" VPOS="3436" WIDTH="154" HEIGHT="34" CONTENT="Christ's" WC="0.99" CC="00085530"/>
						<SP ID="P2_SP00824" HPOS="464" VPOS="3471" WIDTH="20"/>
						<String ID="P2_ST00940" HPOS="484" VPOS="3448" WIDTH="106" HEIGHT="21" CONTENT="name" WC="0.97" CC="4900"/>
						<SP ID="P2_SP00825" HPOS="590" VPOS="3471" WIDTH="21"/>
						<String ID="P2_ST00941" HPOS="611" VPOS="3443" WIDTH="35" HEIGHT="26" CONTENT="to" WC="0.69" CC="60"/>
						<SP ID="P2_SP00826" HPOS="646" VPOS="3471" WIDTH="20"/>
						<String ID="P2_ST00942" HPOS="666" VPOS="3443" WIDTH="60" HEIGHT="35" CONTENT="get" WC="0.98" CC="005"/>
						<SP ID="P2_SP00827" HPOS="726" VPOS="3478" WIDTH="19"/>
						<String ID="P2_ST00943" HPOS="745" VPOS="3436" WIDTH="59" HEIGHT="33" CONTENT="the" WC="1.00" CC="000"/>
						<SP ID="P2_SP00828" HPOS="804" VPOS="3478" WIDTH="21"/>
						<String ID="P2_ST00944" HPOS="825" VPOS="3446" WIDTH="139" HEIGHT="30" CONTENT="money." WC="1.00" CC="000003"/>
					</TextLine>
					<TextLine ID="P2_TL00114" HPOS="254" VPOS="3475" WIDTH="1314" HEIGHT="51">
						<String ID="P2_ST00945" HPOS="254" VPOS="3483" WIDTH="230" HEIGHT="43" CONTENT="Grimacing," WC="1.00" CC="0040205003"/>
						<SP ID="P2_SP00829" HPOS="484" VPOS="3526" WIDTH="24"/>
						<String ID="P2_ST00946" HPOS="508" VPOS="3482" WIDTH="176" HEIGHT="43" CONTENT="hawking" WC="0.99" CC="5000740"/>
						<SP ID="P2_SP00830" HPOS="684" VPOS="3526" WIDTH="24"/>
						<String ID="P2_ST00947" HPOS="708" VPOS="3490" WIDTH="110" HEIGHT="26" CONTENT="street" WC="0.99" CC="061005"/>
						<SP ID="P2_SP00831" HPOS="818" VPOS="3526" WIDTH="24"/>
						<String ID="P2_ST00948" HPOS="842" VPOS="3481" WIDTH="128" HEIGHT="42" CONTENT="fakirs," WC="0.99" CC="0505000"/>
						<SP ID="P2_SP00832" HPOS="970" VPOS="3526" WIDTH="25"/>
						<String ID="P2_ST00949" HPOS="995" VPOS="3480" WIDTH="171" HEIGHT="41" CONTENT="blocking" WC="1.00" CC="00000520"/>
						<SP ID="P2_SP00833" HPOS="1166" VPOS="3526" WIDTH="24"/>
						<String ID="P2_ST00950" HPOS="1190" VPOS="3478" WIDTH="199" HEIGHT="35" CONTENT="sidewalks" WC="1.00" CC="050004000"/>
						<SP ID="P2_SP00834" HPOS="1389" VPOS="3526" WIDTH="28"/>
						<String ID="P2_ST00951" HPOS="1417" VPOS="3478" WIDTH="70" HEIGHT="33" CONTENT="and" WC="0.98" CC="060"/>
						<SP ID="P2_SP00835" HPOS="1487" VPOS="3526" WIDTH="27"/>
						<String ID="P2_ST00952" HPOS="1514" VPOS="3475" WIDTH="36" HEIGHT="35" CONTENT="di" SUBS_TYPE="HypPart1" SUBS_CONTENT="directing" WC="0.96" CC="07"/>
						<HYP HPOS="1550" VPOS="3475" WIDTH="18" CONTENT="-"/>
					</TextLine>
					<TextLine ID="P2_TL00115" HPOS="207" VPOS="3524" WIDTH="1361" HEIGHT="48">
						<String ID="P2_ST00953" HPOS="207" VPOS="3531" WIDTH="140" HEIGHT="39" CONTENT="recting" SUBS_TYPE="HypPart2" SUBS_CONTENT="directing" WC="0.99" CC="0000734"/>
						<SP ID="P2_SP00836" HPOS="347" VPOS="3570" WIDTH="26"/>
						<String ID="P2_ST00954" HPOS="373" VPOS="3532" WIDTH="59" HEIGHT="33" CONTENT="the" WC="0.95" CC="472"/>
						<SP ID="P2_SP00837" HPOS="432" VPOS="3570" WIDTH="27"/>
						<String ID="P2_ST00955" HPOS="459" VPOS="3528" WIDTH="261" HEIGHT="44" CONTENT="meanderings" WC="0.76" CC="00050005292"/>
						<SP ID="P2_SP00838" HPOS="720" VPOS="3572" WIDTH="27"/>
						<String ID="P2_ST00956" HPOS="747" VPOS="3530" WIDTH="39" HEIGHT="32" CONTENT="of" WC="0.90" CC="02"/>
						<SP ID="P2_SP00839" HPOS="786" VPOS="3572" WIDTH="26"/>
						<String ID="P2_ST00957" HPOS="812" VPOS="3528" WIDTH="95" HEIGHT="35" CONTENT="their" WC="0.97" CC="07752"/>
						<SP ID="P2_SP00840" HPOS="907" VPOS="3572" WIDTH="26"/>
						<String ID="P2_ST00958" HPOS="933" VPOS="3528" WIDTH="195" HEIGHT="34" CONTENT="worthless" WC="1.00" CC="003500020"/>
						<SP ID="P2_SP00841" HPOS="1128" VPOS="3572" WIDTH="29"/>
						<String ID="P2_ST00959" HPOS="1157" VPOS="3524" WIDTH="305" HEIGHT="36" CONTENT="last-over-niecht" WC="0.60" CC="0500270000888876"/>
						<SP ID="P2_SP00842" HPOS="1462" VPOS="3572" WIDTH="28"/>
						<String ID="P2_ST00960" HPOS="1490" VPOS="3532" WIDTH="78" HEIGHT="34" CONTENT="toys" WC="1.00" CC="0000"/>
					</TextLine>
					<TextLine ID="P2_TL00116" HPOS="209" VPOS="3571" WIDTH="1359" HEIGHT="48">
						<String ID="P2_ST00961" HPOS="209" VPOS="3579" WIDTH="96" HEIGHT="34" CONTENT="amid" WC="0.99" CC="0060"/>
						<SP ID="P2_SP00843" HPOS="305" VPOS="3613" WIDTH="28"/>
						<String ID="P2_ST00962" HPOS="333" VPOS="3579" WIDTH="59" HEIGHT="33" CONTENT="the" WC="0.98" CC="060"/>
						<SP ID="P2_SP00844" HPOS="392" VPOS="3613" WIDTH="27"/>
						<String ID="P2_ST00963" HPOS="419" VPOS="3578" WIDTH="76" HEIGHT="34" CONTENT="feet" WC="1.00" CC="0000"/>
						<SP ID="P2_SP00845" HPOS="495" VPOS="3613" WIDTH="25"/>
						<String ID="P2_ST00964" HPOS="520" VPOS="3577" WIDTH="39" HEIGHT="34" CONTENT="of" WC="0.70" CC="32"/>
						<SP ID="P2_SP00846" HPOS="559" VPOS="3613" WIDTH="26"/>
						<String ID="P2_ST00965" HPOS="585" VPOS="3576" WIDTH="181" HEIGHT="43" CONTENT="hurrying" WC="0.99" CC="71200509"/>
						<SP ID="P2_SP00847" HPOS="766" VPOS="3619" WIDTH="26"/>
						<String ID="P2_ST00966" HPOS="792" VPOS="3575" WIDTH="240" HEIGHT="44" CONTENT="pedestrians," WC="1.00" CC="000000340104"/>
						<SP ID="P2_SP00848" HPOS="1032" VPOS="3619" WIDTH="28"/>
						<String ID="P2_ST00967" HPOS="1060" VPOS="3586" WIDTH="99" HEIGHT="22" CONTENT="come" WC="1.00" CC="0000"/>
						<SP ID="P2_SP00849" HPOS="1159" VPOS="3619" WIDTH="29"/>
						<String ID="P2_ST00968" HPOS="1188" VPOS="3573" WIDTH="35" HEIGHT="34" CONTENT="in" WC="0.59" CC="70"/>
						<SP ID="P2_SP00850" HPOS="1223" VPOS="3619" WIDTH="28"/>
						<String ID="P2_ST00969" HPOS="1251" VPOS="3573" WIDTH="59" HEIGHT="34" CONTENT="for" WC="0.97" CC="044"/>
						<SP ID="P2_SP00851" HPOS="1310" VPOS="3619" WIDTH="28"/>
						<String ID="P2_ST00970" HPOS="1338" VPOS="3571" WIDTH="94" HEIGHT="36" CONTENT="their" WC="0.99" CC="00053"/>
						<SP ID="P2_SP00852" HPOS="1432" VPOS="3619" WIDTH="28"/>
						<String ID="P2_ST00971" HPOS="1460" VPOS="3572" WIDTH="108" HEIGHT="33" CONTENT="share" WC="0.99" CC="06030"/>
					</TextLine>
					<TextLine ID="P2_TL00117" HPOS="206" VPOS="3620" WIDTH="1362" HEIGHT="45">
						<String ID="P2_ST00972" HPOS="206" VPOS="3626" WIDTH="39" HEIGHT="34" CONTENT="of" WC="0.71" CC="41"/>
						<SP ID="P2_SP00853" HPOS="245" VPOS="3660" WIDTH="20"/>
						<String ID="P2_ST00973" HPOS="265" VPOS="3627" WIDTH="59" HEIGHT="32" CONTENT="the" WC="0.96" CC="630"/>
						<SP ID="P2_SP00854" HPOS="324" VPOS="3660" WIDTH="24"/>
						<String ID="P2_ST00974" HPOS="348" VPOS="3625" WIDTH="206" HEIGHT="34" CONTENT="Christmas" WC="0.99" CC="130659070"/>
						<SP ID="P2_SP00855" HPOS="554" VPOS="3660" WIDTH="21"/>
						<String ID="P2_ST00975" HPOS="575" VPOS="3624" WIDTH="133" HEIGHT="34" CONTENT="tribute" WC="0.99" CC="2042800"/>
						<String ID="P2_ST00976" HPOS="710" VPOS="3624" WIDTH="107" HEIGHT="33" CONTENT="—the" WC="0.96" CC="8450"/>
						<SP ID="P2_SP00856" HPOS="817" VPOS="3660" WIDTH="24"/>
						<String ID="P2_ST00977" HPOS="841" VPOS="3635" WIDTH="128" HEIGHT="30" CONTENT="money" WC="1.00" CC="00000"/>
						<SP ID="P2_SP00857" HPOS="969" VPOS="3665" WIDTH="21"/>
						<String ID="P2_ST00978" HPOS="990" VPOS="3623" WIDTH="80" HEIGHT="33" CONTENT="that" WC="0.98" CC="0602"/>
						<SP ID="P2_SP00858" HPOS="1070" VPOS="3665" WIDTH="23"/>
						<String ID="P2_ST00979" HPOS="1093" VPOS="3622" WIDTH="125" HEIGHT="33" CONTENT="leaves" WC="1.00" CC="002000"/>
						<SP ID="P2_SP00859" HPOS="1218" VPOS="3665" WIDTH="23"/>
						<String ID="P2_ST00980" HPOS="1241" VPOS="3621" WIDTH="59" HEIGHT="33" CONTENT="the" WC="0.97" CC="060"/>
						<SP ID="P2_SP00860" HPOS="1300" VPOS="3665" WIDTH="24"/>
						<String ID="P2_ST00981" HPOS="1324" VPOS="3632" WIDTH="108" HEIGHT="30" CONTENT="purse" WC="0.99" CC="07000"/>
						<SP ID="P2_SP00861" HPOS="1432" VPOS="3665" WIDTH="22"/>
						<String ID="P2_ST00982" HPOS="1454" VPOS="3620" WIDTH="114" HEIGHT="41" CONTENT="buyer" WC="0.99" CC="05004"/>
					</TextLine>
					<TextLine ID="P2_TL00118" HPOS="204" VPOS="3666" WIDTH="1364" HEIGHT="48">
						<String ID="P2_ST00983" HPOS="204" VPOS="3673" WIDTH="90" HEIGHT="35" CONTENT="with" WC="0.97" CC="0636"/>
						<SP ID="P2_SP00862" HPOS="294" VPOS="3708" WIDTH="30"/>
						<String ID="P2_ST00984" HPOS="324" VPOS="3674" WIDTH="59" HEIGHT="32" CONTENT="the" WC="0.96" CC="361"/>
						<SP ID="P2_SP00863" HPOS="383" VPOS="3708" WIDTH="31"/>
						<String ID="P2_ST00985" HPOS="414" VPOS="3672" WIDTH="87" HEIGHT="42" CONTENT="silly" WC="1.00" CC="03000"/>
						<SP ID="P2_SP00864" HPOS="501" VPOS="3714" WIDTH="30"/>
						<String ID="P2_ST00986" HPOS="531" VPOS="3672" WIDTH="171" HEIGHT="33" CONTENT="abandon" WC="0.98" CC="8735000"/>
						<SP ID="P2_SP00865" HPOS="702" VPOS="3714" WIDTH="29"/>
						<String ID="P2_ST00987" HPOS="731" VPOS="3671" WIDTH="120" HEIGHT="33" CONTENT="which" WC="0.98" CC="06601"/>
						<SP ID="P2_SP00866" HPOS="851" VPOS="3714" WIDTH="33"/>
						<String ID="P2_ST00988" HPOS="884" VPOS="3683" WIDTH="19" HEIGHT="21" CONTENT="a" WC="1.00" CC="0"/>
						<SP ID="P2_SP00867" HPOS="903" VPOS="3714" WIDTH="31"/>
						<String ID="P2_ST00989" HPOS="934" VPOS="3668" WIDTH="395" HEIGHT="41" CONTENT="commerce-conjured" WC="1.00" CC="09000100409056300"/>
						<SP ID="P2_SP00868" HPOS="1329" VPOS="3714" WIDTH="34"/>
						<String ID="P2_ST00990" HPOS="1363" VPOS="3666" WIDTH="205" HEIGHT="34" CONTENT="Christmas" WC="0.99" CC="041630000"/>
					</TextLine>
					<TextLine ID="P2_TL00119" HPOS="206" VPOS="3715" WIDTH="1362" HEIGHT="48">
						<String ID="P2_ST00991" HPOS="206" VPOS="3720" WIDTH="106" HEIGHT="43" CONTENT="spirit" WC="0.99" CC="006070"/>
						<SP ID="P2_SP00869" HPOS="312" VPOS="3763" WIDTH="25"/>
						<String ID="P2_ST00992" HPOS="337" VPOS="3720" WIDTH="145" HEIGHT="33" CONTENT="fosters." WC="1.00" CC="00000004"/>
						<SP ID="P2_SP00870" HPOS="482" VPOS="3763" WIDTH="38"/>
						<String ID="P2_ST00993" HPOS="520" VPOS="3720" WIDTH="167" HEIGHT="33" CONTENT="Vendors" WC="0.99" CC="5000500"/>
						<SP ID="P2_SP00871" HPOS="687" VPOS="3763" WIDTH="27"/>
						<String ID="P2_ST00994" HPOS="714" VPOS="3718" WIDTH="39" HEIGHT="34" CONTENT="of" WC="0.54" CC="44"/>
						<SP ID="P2_SP00872" HPOS="753" VPOS="3763" WIDTH="26"/>
						<String ID="P2_ST00995" HPOS="779" VPOS="3718" WIDTH="105" HEIGHT="33" CONTENT="floral" WC="1.00" CC="000000"/>
						<SP ID="P2_SP00873" HPOS="884" VPOS="3763" WIDTH="28"/>
						<String ID="P2_ST00996" HPOS="912" VPOS="3716" WIDTH="187" HEIGHT="43" CONTENT="offerings," WC="0.99" CC="0770664003"/>
						<SP ID="P2_SP00874" HPOS="1099" VPOS="3763" WIDTH="27"/>
						<String ID="P2_ST00997" HPOS="1126" VPOS="3715" WIDTH="102" HEIGHT="42" CONTENT="holly" WC="0.99" CC="60000"/>
						<SP ID="P2_SP00875" HPOS="1228" VPOS="3763" WIDTH="27"/>
						<String ID="P2_ST00998" HPOS="1255" VPOS="3715" WIDTH="71" HEIGHT="33" CONTENT="and" WC="0.96" CC="900"/>
						<SP ID="P2_SP00876" HPOS="1326" VPOS="3763" WIDTH="29"/>
						<String ID="P2_ST00999" HPOS="1355" VPOS="3725" WIDTH="213" HEIGHT="31" CONTENT="evergreen," WC="1.00" CC="0000000010"/>
					</TextLine>
					<TextLine ID="P2_TL00120" HPOS="202" VPOS="3761" WIDTH="1367" HEIGHT="46">
						<String ID="P2_ST01000" HPOS="202" VPOS="3767" WIDTH="120" HEIGHT="36" CONTENT="which" WC="0.98" CC="06600"/>
						<SP ID="P2_SP00877" HPOS="322" VPOS="3803" WIDTH="21"/>
						<String ID="P2_ST01001" HPOS="343" VPOS="3780" WIDTH="62" HEIGHT="21" CONTENT="are" WC="1.00" CC="000"/>
						<SP ID="P2_SP00878" HPOS="405" VPOS="3803" WIDTH="20"/>
						<String ID="P2_ST01002" HPOS="425" VPOS="3767" WIDTH="115" HEIGHT="33" CONTENT="stolen" WC="0.99" CC="003600"/>
						<SP ID="P2_SP00879" HPOS="540" VPOS="3803" WIDTH="21"/>
						<String ID="P2_ST01003" HPOS="561" VPOS="3766" WIDTH="96" HEIGHT="34" CONTENT="from" WC="0.97" CC="0086"/>
						<SP ID="P2_SP00880" HPOS="657" VPOS="3803" WIDTH="22"/>
						<String ID="P2_ST01004" HPOS="679" VPOS="3767" WIDTH="141" HEIGHT="33" CONTENT="Nature" WC="0.99" CC="106000"/>
						<SP ID="P2_SP00881" HPOS="820" VPOS="3803" WIDTH="22"/>
						<String ID="P2_ST01005" HPOS="842" VPOS="3766" WIDTH="70" HEIGHT="32" CONTENT="and" WC="0.96" CC="460"/>
						<SP ID="P2_SP00882" HPOS="912" VPOS="3803" WIDTH="21"/>
						<String ID="P2_ST01006" HPOS="933" VPOS="3763" WIDTH="234" HEIGHT="44" CONTENT="transported" WC="1.00" CC="02000005000"/>
						<SP ID="P2_SP00883" HPOS="1167" VPOS="3807" WIDTH="20"/>
						<String ID="P2_ST01007" HPOS="1187" VPOS="3762" WIDTH="179" HEIGHT="43" CONTENT="cityward" WC="1.00" CC="07000010"/>
						<SP ID="P2_SP00884" HPOS="1366" VPOS="3807" WIDTH="22"/>
						<String ID="P2_ST01008" HPOS="1388" VPOS="3761" WIDTH="36" HEIGHT="33" CONTENT="in" WC="0.81" CC="12"/>
						<SP ID="P2_SP00885" HPOS="1424" VPOS="3807" WIDTH="21"/>
						<String ID="P2_ST01009" HPOS="1445" VPOS="3761" WIDTH="107" HEIGHT="43" CONTENT="profit" SUBS_TYPE="HypPart1" SUBS_CONTENT="profitable" WC="0.99" CC="020330"/>
						<HYP HPOS="1552" VPOS="3761" WIDTH="17" CONTENT="-"/>
					</TextLine>
					<TextLine ID="P2_TL00121" HPOS="207" VPOS="3812" WIDTH="723" HEIGHT="45">
						<String ID="P2_ST01010" HPOS="207" VPOS="3814" WIDTH="82" HEIGHT="34" CONTENT="able" SUBS_TYPE="HypPart2" SUBS_CONTENT="profitable" WC="0.97" CC="0660"/>
						<SP ID="P2_SP00886" HPOS="289" VPOS="3848" WIDTH="24"/>
						<String ID="P2_ST01011" HPOS="313" VPOS="3827" WIDTH="162" HEIGHT="30" CONTENT="cargoes," WC="1.00" CC="00003002"/>
						<SP ID="P2_SP00887" HPOS="475" VPOS="3857" WIDTH="28"/>
						<String ID="P2_ST01012" HPOS="503" VPOS="3826" WIDTH="62" HEIGHT="22" CONTENT="are" WC="1.00" CC="000"/>
						<SP ID="P2_SP00888" HPOS="565" VPOS="3857" WIDTH="25"/>
						<String ID="P2_ST01013" HPOS="590" VPOS="3813" WIDTH="185" HEIGHT="42" CONTENT="similarly" WC="0.99" CC="050500060"/>
						<SP ID="P2_SP00889" HPOS="775" VPOS="3857" WIDTH="26"/>
						<String ID="P2_ST01014" HPOS="801" VPOS="3812" WIDTH="129" HEIGHT="35" CONTENT="active." WC="0.99" CC="0007003"/>
					</TextLine>
					<TextLine ID="P2_TL00122" HPOS="249" VPOS="3857" WIDTH="1320" HEIGHT="44">
						<String ID="P2_ST01015" HPOS="249" VPOS="3862" WIDTH="244" HEIGHT="33" CONTENT="Thoussands" WC="0.95" CC="0210000000"/>
						<SP ID="P2_SP00890" HPOS="493" VPOS="3895" WIDTH="22"/>
						<String ID="P2_ST01016" HPOS="515" VPOS="3861" WIDTH="40" HEIGHT="34" CONTENT="of" WC="0.91" CC="01"/>
						<SP ID="P2_SP00891" HPOS="555" VPOS="3895" WIDTH="23"/>
						<String ID="P2_ST01017" HPOS="578" VPOS="3873" WIDTH="80" HEIGHT="22" CONTENT="men" WC="0.98" CC="005"/>
						<SP ID="P2_SP00892" HPOS="658" VPOS="3895" WIDTH="26"/>
						<String ID="P2_ST01018" HPOS="684" VPOS="3861" WIDTH="70" HEIGHT="33" CONTENT="and" WC="0.98" CC="400"/>
						<SP ID="P2_SP00893" HPOS="754" VPOS="3895" WIDTH="26"/>
						<String ID="P2_ST01019" HPOS="780" VPOS="3871" WIDTH="141" HEIGHT="24" CONTENT="women" WC="1.00" CC="03000"/>
						<SP ID="P2_SP00894" HPOS="921" VPOS="3895" WIDTH="26"/>
						<String ID="P2_ST01020" HPOS="947" VPOS="3860" WIDTH="94" HEIGHT="41" CONTENT="deny" WC="0.99" CC="0040"/>
						<SP ID="P2_SP00895" HPOS="1041" VPOS="3901" WIDTH="22"/>
						<String ID="P2_ST01021" HPOS="1063" VPOS="3857" WIDTH="221" HEIGHT="35" CONTENT="themselves" WC="1.00" CC="0610005010"/>
						<SP ID="P2_SP00896" HPOS="1284" VPOS="3901" WIDTH="25"/>
						<String ID="P2_ST01022" HPOS="1309" VPOS="3857" WIDTH="198" HEIGHT="33" CONTENT="luncheons" WC="0.99" CC="633062500"/>
						<SP ID="P2_SP00897" HPOS="1507" VPOS="3901" WIDTH="26"/>
						<String ID="P2_ST01023" HPOS="1533" VPOS="3862" WIDTH="36" HEIGHT="28" CONTENT="at" WC="1.00" CC="00"/>
					</TextLine>
					<TextLine ID="P2_TL00123" HPOS="205" VPOS="3904" WIDTH="1363" HEIGHT="45">
						<String ID="P2_ST01024" HPOS="205" VPOS="3909" WIDTH="178" HEIGHT="35" CONTENT="luncheon" WC="0.99" CC="40504000"/>
						<SP ID="P2_SP00898" HPOS="383" VPOS="3944" WIDTH="29"/>
						<String ID="P2_ST01025" HPOS="412" VPOS="3908" WIDTH="86" HEIGHT="35" CONTENT="time" WC="0.98" CC="0700"/>
						<SP ID="P2_SP00899" HPOS="498" VPOS="3944" WIDTH="30"/>
						<String ID="P2_ST01026" HPOS="528" VPOS="3909" WIDTH="71" HEIGHT="33" CONTENT="and" WC="1.00" CC="000"/>
						<SP ID="P2_SP00900" HPOS="599" VPOS="3944" WIDTH="29"/>
						<String ID="P2_ST01027" HPOS="628" VPOS="3907" WIDTH="150" HEIGHT="35" CONTENT="dinners" WC="0.99" CC="0640030"/>
						<SP ID="P2_SP00901" HPOS="778" VPOS="3944" WIDTH="30"/>
						<String ID="P2_ST01028" HPOS="808" VPOS="3915" WIDTH="36" HEIGHT="27" CONTENT="at" WC="1.00" CC="00"/>
						<SP ID="P2_SP00902" HPOS="844" VPOS="3944" WIDTH="27"/>
						<String ID="P2_ST01029" HPOS="871" VPOS="3906" WIDTH="132" HEIGHT="36" CONTENT="dinner" WC="1.00" CC="000001"/>
						<SP ID="P2_SP00903" HPOS="1003" VPOS="3944" WIDTH="27"/>
						<String ID="P2_ST01030" HPOS="1030" VPOS="3905" WIDTH="86" HEIGHT="37" CONTENT="time" WC="0.94" CC="4589"/>
						<SP ID="P2_SP00904" HPOS="1116" VPOS="3944" WIDTH="27"/>
						<String ID="P2_ST01031" HPOS="1143" VPOS="3905" WIDTH="79" HEIGHT="37" CONTENT="that" WC="0.96" CC="6605"/>
						<SP ID="P2_SP00905" HPOS="1222" VPOS="3944" WIDTH="26"/>
						<String ID="P2_ST01032" HPOS="1248" VPOS="3904" WIDTH="85" HEIGHT="45" CONTENT="they" WC="0.98" CC="0009"/>
						<SP ID="P2_SP00906" HPOS="1333" VPOS="3949" WIDTH="26"/>
						<String ID="P2_ST01033" HPOS="1359" VPOS="3915" WIDTH="85" HEIGHT="34" CONTENT="may" WC="0.96" CC="009"/>
						<SP ID="P2_SP00907" HPOS="1444" VPOS="3949" WIDTH="28"/>
						<String ID="P2_ST01034" HPOS="1472" VPOS="3904" WIDTH="96" HEIGHT="38" CONTENT="have" WC="0.98" CC="0800"/>
					</TextLine>
				</TextBlock>
				<TextBlock ID="P2_TB00012" HPOS="1633" VPOS="3098" WIDTH="713" HEIGHT="78" STYLEREFS="TXT_0 PAR_RIGHT">
					<TextLine ID="P2_TL00124" HPOS="1634" VPOS="3099" WIDTH="711" HEIGHT="76">
						<String ID="P2_ST01035" HPOS="1634" VPOS="3106" WIDTH="109" HEIGHT="61" CONTENT="On" WC="0.60" CC="08"/>
						<SP ID="P2_SP00908" HPOS="1743" VPOS="3167" WIDTH="19"/>
						<String ID="P2_ST01036" HPOS="1762" VPOS="3105" WIDTH="216" HEIGHT="70" CONTENT="Going" WC="0.97" CC="67046"/>
						<SP ID="P2_SP00909" HPOS="1978" VPOS="3175" WIDTH="18"/>
						<String ID="P2_ST01037" HPOS="1996" VPOS="3113" WIDTH="68" HEIGHT="49" CONTENT="to" WC="1.00" CC="00"/>
						<SP ID="P2_SP00910" HPOS="2064" VPOS="3175" WIDTH="21"/>
						<String ID="P2_ST01038" HPOS="2085" VPOS="3099" WIDTH="260" HEIGHT="63" CONTENT="Church" WC="0.98" CC="078127"/>
					</TextLine>
				</TextBlock>
				<TextBlock ID="P2_TB00013" HPOS="2026" VPOS="3176" WIDTH="570" HEIGHT="50" STYLEREFS="TXT_0 PAR_RIGHT">
					<TextLine ID="P2_TL00125" HPOS="2028" VPOS="3180" WIDTH="567" HEIGHT="45">
						<String ID="P2_ST01039" HPOS="2028" VPOS="3184" WIDTH="56" HEIGHT="41" CONTENT="By" WC="0.41" CC="37"/>
						<SP ID="P2_SP00911" HPOS="2084" VPOS="3225" WIDTH="23"/>
						<String ID="P2_ST01040" HPOS="2107" VPOS="3183" WIDTH="154" HEIGHT="41" CONTENT="George" WC="0.99" CC="100470"/>
						<SP ID="P2_SP00912" HPOS="2261" VPOS="3225" WIDTH="21"/>
						<String ID="P2_ST01041" HPOS="2282" VPOS="3180" WIDTH="176" HEIGHT="35" CONTENT="Bernard" WC="0.99" CC="5020056"/>
						<SP ID="P2_SP00913" HPOS="2458" VPOS="3225" WIDTH="22"/>
						<String ID="P2_ST01042" HPOS="2480" VPOS="3180" WIDTH="115" HEIGHT="35" CONTENT="Shaw" WC="0.97" CC="0704"/>
					</TextLine>
				</TextBlock>
				<TextBlock ID="P2_TB00014" HPOS="2287" VPOS="3226" WIDTH="50" HEIGHT="35" STYLEREFS="TXT_0 PAR_RIGHT">
					<TextLine ID="P2_TL00126" HPOS="2290" VPOS="3229" WIDTH="47" HEIGHT="32">
						<String ID="P2_ST01043" HPOS="2290" VPOS="3229" WIDTH="47" HEIGHT="32" CONTENT="III" WC="1.00" CC="000"/>
					</TextLine>
				</TextBlock>
				<TextBlock ID="P2_TB00015" HPOS="1637" VPOS="3273" WIDTH="587" HEIGHT="39" STYLEREFS="TXT_0 PAR_RIGHT">
					<TextLine ID="P2_TL00127" HPOS="1640" VPOS="3275" WIDTH="582" HEIGHT="37">
						<String ID="P2_ST01044" HPOS="1640" VPOS="3276" WIDTH="227" HEIGHT="36" CONTENT="(Continued" WC="0.72" CC="0172036500"/>
						<SP ID="P2_SP00914" HPOS="1867" VPOS="3312" WIDTH="21"/>
						<String ID="P2_ST01045" HPOS="1888" VPOS="3276" WIDTH="96" HEIGHT="36" CONTENT="from" WC="1.00" CC="0000"/>
						<SP ID="P2_SP00915" HPOS="1984" VPOS="3312" WIDTH="26"/>
						<String ID="P2_ST01046" HPOS="2010" VPOS="3276" WIDTH="71" HEIGHT="34" CONTENT="last" WC="1.00" CC="0000"/>
						<SP ID="P2_SP00916" HPOS="2081" VPOS="3312" WIDTH="22"/>
						<String ID="P2_ST01047" HPOS="2103" VPOS="3275" WIDTH="119" HEIGHT="37" CONTENT="week)" WC="0.96" CC="66655"/>
					</TextLine>
				</TextBlock>
				<TextBlock ID="P2_TB00016" HPOS="1632" VPOS="3312" WIDTH="1366" HEIGHT="704" STYLEREFS="TXT_0 PAR_BLOCK">
					<TextLine ID="P2_TL00128" HPOS="1679" VPOS="3316" WIDTH="1313" HEIGHT="49">
						<String ID="P2_ST01048" HPOS="1679" VPOS="3325" WIDTH="33" HEIGHT="34" CONTENT="It" WC="0.89" CC="20"/>
						<SP ID="P2_SP00917" HPOS="1712" VPOS="3359" WIDTH="22"/>
						<String ID="P2_ST01049" HPOS="1734" VPOS="3323" WIDTH="78" HEIGHT="35" CONTENT="will" WC="0.96" CC="6641"/>
						<SP ID="P2_SP00918" HPOS="1812" VPOS="3359" WIDTH="27"/>
						<String ID="P2_ST01050" HPOS="1839" VPOS="3331" WIDTH="61" HEIGHT="27" CONTENT="not" WC="1.00" CC="000"/>
						<SP ID="P2_SP00919" HPOS="1900" VPOS="3359" WIDTH="23"/>
						<String ID="P2_ST01051" HPOS="1923" VPOS="3324" WIDTH="42" HEIGHT="33" CONTENT="be" WC="0.45" CC="45"/>
						<SP ID="P2_SP00920" HPOS="1965" VPOS="3359" WIDTH="24"/>
						<String ID="P2_ST01052" HPOS="1989" VPOS="3322" WIDTH="181" HEIGHT="43" CONTENT="disputed," WC="0.99" CC="060060004"/>
						<SP ID="P2_SP00921" HPOS="2170" VPOS="3365" WIDTH="24"/>
						<String ID="P2_ST01053" HPOS="2194" VPOS="3323" WIDTH="16" HEIGHT="31" CONTENT="I" WC="1.00" CC="0"/>
						<SP ID="P2_SP00922" HPOS="2210" VPOS="3365" WIDTH="25"/>
						<String ID="P2_ST01054" HPOS="2235" VPOS="3333" WIDTH="178" HEIGHT="29" CONTENT="presume," WC="0.98" CC="76006421"/>
						<SP ID="P2_SP00923" HPOS="2413" VPOS="3365" WIDTH="23"/>
						<String ID="P2_ST01055" HPOS="2436" VPOS="3320" WIDTH="80" HEIGHT="33" CONTENT="that" WC="0.99" CC="0600"/>
						<SP ID="P2_SP00924" HPOS="2516" VPOS="3365" WIDTH="25"/>
						<String ID="P2_ST01056" HPOS="2541" VPOS="3331" WIDTH="45" HEIGHT="21" CONTENT="an" WC="0.66" CC="06"/>
						<SP ID="P2_SP00925" HPOS="2586" VPOS="3365" WIDTH="26"/>
						<String ID="P2_ST01057" HPOS="2612" VPOS="3318" WIDTH="261" HEIGHT="34" CONTENT="unstimulated" WC="1.00" CC="100060240000"/>
						<SP ID="P2_SP00926" HPOS="2873" VPOS="3365" WIDTH="26"/>
						<String ID="P2_ST01058" HPOS="2899" VPOS="3316" WIDTH="93" HEIGHT="33" CONTENT="saint" WC="0.99" CC="00404"/>
					</TextLine>
					<TextLine ID="P2_TL00129" HPOS="1632" VPOS="3363" WIDTH="1361" HEIGHT="48">
						<String ID="P2_ST01059" HPOS="1632" VPOS="3382" WIDTH="67" HEIGHT="23" CONTENT="can" WC="1.00" CC="000"/>
						<SP ID="P2_SP00927" HPOS="1699" VPOS="3405" WIDTH="22"/>
						<String ID="P2_ST01060" HPOS="1721" VPOS="3370" WIDTH="103" HEIGHT="35" CONTENT="work" WC="0.97" CC="5004"/>
						<SP ID="P2_SP00928" HPOS="1824" VPOS="3405" WIDTH="22"/>
						<String ID="P2_ST01061" HPOS="1846" VPOS="3382" WIDTH="39" HEIGHT="21" CONTENT="as" WC="1.00" CC="00"/>
						<SP ID="P2_SP00929" HPOS="1885" VPOS="3405" WIDTH="21"/>
						<String ID="P2_ST01062" HPOS="1906" VPOS="3370" WIDTH="105" HEIGHT="41" CONTENT="hard," WC="0.99" CC="00202"/>
						<SP ID="P2_SP00930" HPOS="2011" VPOS="3411" WIDTH="26"/>
						<String ID="P2_ST01063" HPOS="2037" VPOS="3380" WIDTH="38" HEIGHT="22" CONTENT="as" WC="1.00" CC="00"/>
						<SP ID="P2_SP00931" HPOS="2075" VPOS="3411" WIDTH="23"/>
						<String ID="P2_ST01064" HPOS="2098" VPOS="3368" WIDTH="96" HEIGHT="42" CONTENT="long," WC="0.96" CC="56094"/>
						<SP ID="P2_SP00932" HPOS="2194" VPOS="3411" WIDTH="25"/>
						<String ID="P2_ST01065" HPOS="2219" VPOS="3380" WIDTH="38" HEIGHT="21" CONTENT="as" WC="1.00" CC="00"/>
						<SP ID="P2_SP00933" HPOS="2257" VPOS="3411" WIDTH="21"/>
						<String ID="P2_ST01066" HPOS="2278" VPOS="3366" WIDTH="110" HEIGHT="42" CONTENT="finely" WC="0.98" CC="375000"/>
						<SP ID="P2_SP00934" HPOS="2388" VPOS="3411" WIDTH="24"/>
						<String ID="P2_ST01067" HPOS="2412" VPOS="3366" WIDTH="70" HEIGHT="33" CONTENT="and" WC="0.98" CC="040"/>
						<SP ID="P2_SP00935" HPOS="2482" VPOS="3411" WIDTH="24"/>
						<String ID="P2_ST01068" HPOS="2506" VPOS="3377" WIDTH="44" HEIGHT="22" CONTENT="on" WC="0.98" CC="00"/>
						<SP ID="P2_SP00936" HPOS="2550" VPOS="3411" WIDTH="23"/>
						<String ID="P2_ST01069" HPOS="2573" VPOS="3363" WIDTH="177" HEIGHT="43" CONTENT="occasion," WC="1.00" CC="000002012"/>
						<SP ID="P2_SP00937" HPOS="2750" VPOS="3411" WIDTH="26"/>
						<String ID="P2_ST01070" HPOS="2776" VPOS="3375" WIDTH="39" HEIGHT="21" CONTENT="as" WC="1.00" CC="00"/>
						<SP ID="P2_SP00938" HPOS="2815" VPOS="3411" WIDTH="22"/>
						<String ID="P2_ST01071" HPOS="2837" VPOS="3363" WIDTH="156" HEIGHT="41" CONTENT="fiercely," WC="0.99" CC="670202442"/>
					</TextLine>
					<TextLine ID="P2_TL00130" HPOS="1635" VPOS="3408" WIDTH="1358" HEIGHT="47">
						<String ID="P2_ST01072" HPOS="1635" VPOS="3429" WIDTH="39" HEIGHT="21" CONTENT="as" WC="1.00" CC="00"/>
						<SP ID="P2_SP00939" HPOS="1674" VPOS="3450" WIDTH="37"/>
						<String ID="P2_ST01073" HPOS="1711" VPOS="3429" WIDTH="20" HEIGHT="21" CONTENT="a" WC="1.00" CC="9"/>
						<SP ID="P2_SP00940" HPOS="1731" VPOS="3450" WIDTH="36"/>
						<String ID="P2_ST01074" HPOS="1767" VPOS="3415" WIDTH="211" HEIGHT="35" CONTENT="stimulated" WC="0.99" CC="0550620000"/>
						<SP ID="P2_SP00941" HPOS="1978" VPOS="3450" WIDTH="37"/>
						<String ID="P2_ST01075" HPOS="2015" VPOS="3414" WIDTH="134" HEIGHT="34" CONTENT="sinner." WC="0.99" CC="0400131"/>
						<SP ID="P2_SP00942" HPOS="2149" VPOS="3450" WIDTH="57"/>
						<String ID="P2_ST01076" HPOS="2206" VPOS="3411" WIDTH="280" HEIGHT="44" CONTENT="Recuperatoin," WC="0.83" CC="0000505010421"/>
						<SP ID="P2_SP00943" HPOS="2486" VPOS="3455" WIDTH="38"/>
						<String ID="P2_ST01077" HPOS="2524" VPOS="3410" WIDTH="214" HEIGHT="41" CONTENT="recreation," WC="1.00" CC="30410006004"/>
						<SP ID="P2_SP00944" HPOS="2738" VPOS="3455" WIDTH="37"/>
						<String ID="P2_ST01078" HPOS="2775" VPOS="3408" WIDTH="218" HEIGHT="44" CONTENT="inspiration" WC="0.99" CC="51006000610"/>
					</TextLine>
					<TextLine ID="P2_TL00131" HPOS="1634" VPOS="3455" WIDTH="1356" HEIGHT="44">
						<String ID="P2_ST01079" HPOS="1634" VPOS="3475" WIDTH="96" HEIGHT="22" CONTENT="seem" WC="1.00" CC="0000"/>
						<SP ID="P2_SP00945" HPOS="1730" VPOS="3497" WIDTH="21"/>
						<String ID="P2_ST01080" HPOS="1751" VPOS="3471" WIDTH="36" HEIGHT="26" CONTENT="to" WC="0.85" CC="20"/>
						<SP ID="P2_SP00946" HPOS="1787" VPOS="3497" WIDTH="23"/>
						<String ID="P2_ST01081" HPOS="1810" VPOS="3474" WIDTH="98" HEIGHT="23" CONTENT="come" WC="1.00" CC="0000"/>
						<SP ID="P2_SP00947" HPOS="1908" VPOS="3497" WIDTH="23"/>
						<String ID="P2_ST01082" HPOS="1931" VPOS="3470" WIDTH="35" HEIGHT="26" CONTENT="to" WC="0.82" CC="03"/>
						<SP ID="P2_SP00948" HPOS="1966" VPOS="3497" WIDTH="23"/>
						<String ID="P2_ST01083" HPOS="1989" VPOS="3462" WIDTH="59" HEIGHT="33" CONTENT="the" WC="0.97" CC="070"/>
						<SP ID="P2_SP00949" HPOS="2048" VPOS="3497" WIDTH="24"/>
						<String ID="P2_ST01084" HPOS="2072" VPOS="3460" WIDTH="96" HEIGHT="34" CONTENT="saint" WC="0.99" CC="00600"/>
						<SP ID="P2_SP00950" HPOS="2168" VPOS="3497" WIDTH="23"/>
						<String ID="P2_ST01085" HPOS="2191" VPOS="3460" WIDTH="61" HEIGHT="33" CONTENT="far" WC="0.99" CC="110"/>
						<SP ID="P2_SP00951" HPOS="2252" VPOS="3497" WIDTH="24"/>
						<String ID="P2_ST01086" HPOS="2276" VPOS="3471" WIDTH="99" HEIGHT="21" CONTENT="more" WC="0.98" CC="0510"/>
						<SP ID="P2_SP00952" HPOS="2375" VPOS="3497" WIDTH="25"/>
						<String ID="P2_ST01087" HPOS="2400" VPOS="3457" WIDTH="122" HEIGHT="42" CONTENT="surely" WC="1.00" CC="060000"/>
						<SP ID="P2_SP00953" HPOS="2522" VPOS="3499" WIDTH="23"/>
						<String ID="P2_ST01088" HPOS="2545" VPOS="3458" WIDTH="88" HEIGHT="33" CONTENT="than" WC="0.99" CC="0003"/>
						<SP ID="P2_SP00954" HPOS="2633" VPOS="3499" WIDTH="24"/>
						<String ID="P2_ST01089" HPOS="2657" VPOS="3464" WIDTH="35" HEIGHT="26" CONTENT="to" WC="1.00" CC="00"/>
						<SP ID="P2_SP00955" HPOS="2692" VPOS="3499" WIDTH="24"/>
						<String ID="P2_ST01090" HPOS="2716" VPOS="3457" WIDTH="59" HEIGHT="33" CONTENT="the" WC="1.00" CC="000"/>
						<SP ID="P2_SP00956" HPOS="2775" VPOS="3499" WIDTH="23"/>
						<String ID="P2_ST01091" HPOS="2798" VPOS="3467" WIDTH="86" HEIGHT="21" CONTENT="man" WC="1.00" CC="000"/>
						<SP ID="P2_SP00957" HPOS="2884" VPOS="3499" WIDTH="22"/>
						<String ID="P2_ST01092" HPOS="2906" VPOS="3455" WIDTH="84" HEIGHT="35" CONTENT="who" WC="0.98" CC="005"/>
					</TextLine>
					<TextLine ID="P2_TL00132" HPOS="1632" VPOS="3503" WIDTH="1361" HEIGHT="49">
						<String ID="P2_ST01093" HPOS="1632" VPOS="3521" WIDTH="123" HEIGHT="31" CONTENT="grows" WC="0.99" CC="50300"/>
						<SP ID="P2_SP00958" HPOS="1755" VPOS="3552" WIDTH="23"/>
						<String ID="P2_ST01094" HPOS="1778" VPOS="3520" WIDTH="148" HEIGHT="23" CONTENT="coarser" WC="1.00" CC="0500020"/>
						<SP ID="P2_SP00959" HPOS="1926" VPOS="3552" WIDTH="23"/>
						<String ID="P2_ST01095" HPOS="1949" VPOS="3509" WIDTH="70" HEIGHT="32" CONTENT="and" WC="0.96" CC="560"/>
						<SP ID="P2_SP00960" HPOS="2019" VPOS="3552" WIDTH="26"/>
						<String ID="P2_ST01096" HPOS="2045" VPOS="3507" WIDTH="113" HEIGHT="33" CONTENT="fatter" WC="1.00" CC="400000"/>
						<SP ID="P2_SP00961" HPOS="2158" VPOS="3552" WIDTH="22"/>
						<String ID="P2_ST01097" HPOS="2180" VPOS="3505" WIDTH="90" HEIGHT="35" CONTENT="with" WC="0.99" CC="0600"/>
						<SP ID="P2_SP00962" HPOS="2270" VPOS="3552" WIDTH="23"/>
						<String ID="P2_ST01098" HPOS="2293" VPOS="3517" WIDTH="112" HEIGHT="30" CONTENT="every" WC="0.99" CC="04000"/>
						<SP ID="P2_SP00963" HPOS="2405" VPOS="3552" WIDTH="24"/>
						<String ID="P2_ST01099" HPOS="2429" VPOS="3503" WIDTH="205" HEIGHT="34" CONTENT="additional" WC="1.00" CC="0006061300"/>
						<SP ID="P2_SP00964" HPOS="2634" VPOS="3552" WIDTH="25"/>
						<String ID="P2_ST01100" HPOS="2659" VPOS="3503" WIDTH="167" HEIGHT="33" CONTENT="hundred" WC="0.99" CC="0400400"/>
						<SP ID="P2_SP00965" HPOS="2826" VPOS="3552" WIDTH="27"/>
						<String ID="P2_ST01101" HPOS="2853" VPOS="3514" WIDTH="20" HEIGHT="21" CONTENT="a" WC="1.00" CC="0"/>
						<SP ID="P2_SP00966" HPOS="2873" VPOS="3552" WIDTH="21"/>
						<String ID="P2_ST01102" HPOS="2894" VPOS="3513" WIDTH="99" HEIGHT="30" CONTENT="year," WC="1.00" CC="00002"/>
					</TextLine>
					<TextLine ID="P2_TL00133" HPOS="1636" VPOS="3547" WIDTH="1358" HEIGHT="45">
						<String ID="P2_ST01103" HPOS="1636" VPOS="3557" WIDTH="70" HEIGHT="33" CONTENT="and" WC="1.00" CC="000"/>
						<SP ID="P2_SP00967" HPOS="1706" VPOS="3590" WIDTH="24"/>
						<String ID="P2_ST01104" HPOS="1730" VPOS="3556" WIDTH="84" HEIGHT="33" CONTENT="who" WC="0.98" CC="005"/>
						<SP ID="P2_SP00968" HPOS="1814" VPOS="3590" WIDTH="22"/>
						<String ID="P2_ST01105" HPOS="1836" VPOS="3554" WIDTH="93" HEIGHT="35" CONTENT="calls" WC="0.98" CC="03440"/>
						<SP ID="P2_SP00969" HPOS="1929" VPOS="3590" WIDTH="23"/>
						<String ID="P2_ST01106" HPOS="1952" VPOS="3554" WIDTH="59" HEIGHT="34" CONTENT="the" WC="0.98" CC="600"/>
						<SP ID="P2_SP00970" HPOS="2011" VPOS="3590" WIDTH="23"/>
						<String ID="P2_ST01107" HPOS="2034" VPOS="3553" WIDTH="97" HEIGHT="34" CONTENT="saint" WC="0.98" CC="07700"/>
						<SP ID="P2_SP00971" HPOS="2131" VPOS="3590" WIDTH="25"/>
						<String ID="P2_ST01108" HPOS="2156" VPOS="3565" WIDTH="45" HEIGHT="21" CONTENT="an" WC="1.00" CC="00"/>
						<SP ID="P2_SP00972" HPOS="2201" VPOS="3590" WIDTH="26"/>
						<String ID="P2_ST01109" HPOS="2227" VPOS="3551" WIDTH="140" HEIGHT="35" CONTENT="ascetic." WC="1.00" CC="00000414"/>
						<SP ID="P2_SP00973" HPOS="2367" VPOS="3590" WIDTH="48"/>
						<String ID="P2_ST01110" HPOS="2415" VPOS="3552" WIDTH="33" HEIGHT="31" CONTENT="A" WC="0.89" CC="1"/>
						<SP ID="P2_SP00974" HPOS="2448" VPOS="3590" WIDTH="25"/>
						<String ID="P2_ST01111" HPOS="2473" VPOS="3549" WIDTH="230" HEIGHT="43" CONTENT="comparison" WC="1.00" CC="0000055004"/>
						<SP ID="P2_SP00975" HPOS="2703" VPOS="3592" WIDTH="25"/>
						<String ID="P2_ST01112" HPOS="2728" VPOS="3549" WIDTH="39" HEIGHT="32" CONTENT="of" WC="1.00" CC="00"/>
						<SP ID="P2_SP00976" HPOS="2767" VPOS="3592" WIDTH="23"/>
						<String ID="P2_ST01113" HPOS="2790" VPOS="3549" WIDTH="59" HEIGHT="33" CONTENT="the" WC="0.97" CC="600"/>
						<SP ID="P2_SP00977" HPOS="2849" VPOS="3592" WIDTH="24"/>
						<String ID="P2_ST01114" HPOS="2873" VPOS="3547" WIDTH="121" HEIGHT="35" CONTENT="works" WC="0.99" CC="01300"/>
					</TextLine>
					<TextLine ID="P2_TL00134" HPOS="1633" VPOS="3593" WIDTH="1362" HEIGHT="47">
						<String ID="P2_ST01115" HPOS="1633" VPOS="3602" WIDTH="39" HEIGHT="34" CONTENT="of" WC="0.76" CC="04"/>
						<SP ID="P2_SP00978" HPOS="1672" VPOS="3636" WIDTH="26"/>
						<String ID="P2_ST01116" HPOS="1698" VPOS="3614" WIDTH="67" HEIGHT="22" CONTENT="our" WC="0.98" CC="040"/>
						<SP ID="P2_SP00979" HPOS="1765" VPOS="3636" WIDTH="25"/>
						<String ID="P2_ST01117" HPOS="1790" VPOS="3600" WIDTH="242" HEIGHT="36" CONTENT="carnivorous" WC="1.00" CC="00006030060"/>
						<SP ID="P2_SP00980" HPOS="2032" VPOS="3636" WIDTH="25"/>
						<String ID="P2_ST01118" HPOS="2057" VPOS="3600" WIDTH="189" HEIGHT="33" CONTENT="drunkard" WC="1.00" CC="00000000"/>
						<SP ID="P2_SP00981" HPOS="2246" VPOS="3636" WIDTH="28"/>
						<String ID="P2_ST01119" HPOS="2274" VPOS="3605" WIDTH="101" HEIGHT="35" CONTENT="poets" WC="0.99" CC="03030"/>
						<SP ID="P2_SP00982" HPOS="2375" VPOS="3640" WIDTH="25"/>
						<String ID="P2_ST01120" HPOS="2400" VPOS="3596" WIDTH="89" HEIGHT="35" CONTENT="with" WC="0.98" CC="0440"/>
						<SP ID="P2_SP00983" HPOS="2489" VPOS="3640" WIDTH="25"/>
						<String ID="P2_ST01121" HPOS="2514" VPOS="3597" WIDTH="101" HEIGHT="32" CONTENT="those" WC="1.00" CC="00300"/>
						<SP ID="P2_SP00984" HPOS="2615" VPOS="3640" WIDTH="27"/>
						<String ID="P2_ST01122" HPOS="2642" VPOS="3595" WIDTH="39" HEIGHT="33" CONTENT="of" WC="1.00" CC="00"/>
						<SP ID="P2_SP00985" HPOS="2681" VPOS="3640" WIDTH="27"/>
						<String ID="P2_ST01123" HPOS="2708" VPOS="3594" WIDTH="155" HEIGHT="42" CONTENT="Shelley," WC="1.00" CC="30000000"/>
						<SP ID="P2_SP00986" HPOS="2863" VPOS="3640" WIDTH="27"/>
						<String ID="P2_ST01124" HPOS="2890" VPOS="3606" WIDTH="41" HEIGHT="21" CONTENT="or" WC="0.90" CC="02"/>
						<SP ID="P2_SP00987" HPOS="2931" VPOS="3640" WIDTH="25"/>
						<String ID="P2_ST01125" HPOS="2956" VPOS="3593" WIDTH="39" HEIGHT="33" CONTENT="of" WC="0.96" CC="00"/>
					</TextLine>
					<TextLine ID="P2_TL00135" HPOS="1634" VPOS="3639" WIDTH="1360" HEIGHT="51">
						<String ID="P2_ST01126" HPOS="1634" VPOS="3650" WIDTH="66" HEIGHT="32" CONTENT="Dr." WC="0.97" CC="404"/>
						<SP ID="P2_SP00988" HPOS="1700" VPOS="3682" WIDTH="30"/>
						<String ID="P2_ST01127" HPOS="1730" VPOS="3648" WIDTH="192" HEIGHT="42" CONTENT="Johnson's" WC="0.99" CC="970305230"/>
						<SP ID="P2_SP00989" HPOS="1922" VPOS="3690" WIDTH="29"/>
						<String ID="P2_ST01128" HPOS="1951" VPOS="3645" WIDTH="206" HEIGHT="43" CONTENT="dictionary" WC="0.99" CC="0601646000"/>
						<SP ID="P2_SP00990" HPOS="2157" VPOS="3690" WIDTH="27"/>
						<String ID="P2_ST01129" HPOS="2184" VPOS="3645" WIDTH="90" HEIGHT="35" CONTENT="with" WC="0.98" CC="0530"/>
						<SP ID="P2_SP00991" HPOS="2274" VPOS="3690" WIDTH="28"/>
						<String ID="P2_ST01130" HPOS="2302" VPOS="3645" WIDTH="80" HEIGHT="33" CONTENT="that" WC="1.00" CC="0001"/>
						<SP ID="P2_SP00992" HPOS="2382" VPOS="3690" WIDTH="28"/>
						<String ID="P2_ST01131" HPOS="2410" VPOS="3643" WIDTH="38" HEIGHT="33" CONTENT="of" WC="1.00" CC="00"/>
						<SP ID="P2_SP00993" HPOS="2448" VPOS="3690" WIDTH="28"/>
						<String ID="P2_ST01132" HPOS="2476" VPOS="3643" WIDTH="59" HEIGHT="33" CONTENT="the" WC="1.00" CC="000"/>
						<SP ID="P2_SP00994" HPOS="2535" VPOS="3690" WIDTH="28"/>
						<String ID="P2_ST01133" HPOS="2563" VPOS="3641" WIDTH="219" HEIGHT="43" CONTENT="vegetarian" WC="1.00" CC="0000000500"/>
						<SP ID="P2_SP00995" HPOS="2782" VPOS="3690" WIDTH="30"/>
						<String ID="P2_ST01134" HPOS="2812" VPOS="3640" WIDTH="124" HEIGHT="41" CONTENT="Littre," WC="0.79" CC="5600002"/>
						<SP ID="P2_SP00996" HPOS="2936" VPOS="3690" WIDTH="31"/>
						<String ID="P2_ST01135" HPOS="2967" VPOS="3639" WIDTH="27" HEIGHT="34" CONTENT="is" WC="0.73" CC="50"/>
					</TextLine>
					<TextLine ID="P2_TL00136" HPOS="1634" VPOS="3685" WIDTH="1359" HEIGHT="44">
						<String ID="P2_ST01136" HPOS="1634" VPOS="3695" WIDTH="175" HEIGHT="33" CONTENT="sufficient" WC="0.99" CC="0800004077"/>
						<SP ID="P2_SP00997" HPOS="1809" VPOS="3728" WIDTH="28"/>
						<String ID="P2_ST01137" HPOS="1837" VPOS="3702" WIDTH="35" HEIGHT="26" CONTENT="to" WC="0.69" CC="05"/>
						<SP ID="P2_SP00998" HPOS="1872" VPOS="3728" WIDTH="29"/>
						<String ID="P2_ST01138" HPOS="1901" VPOS="3694" WIDTH="101" HEIGHT="33" CONTENT="show" WC="1.00" CC="0000"/>
						<SP ID="P2_SP00999" HPOS="2002" VPOS="3728" WIDTH="28"/>
						<String ID="P2_ST01139" HPOS="2030" VPOS="3693" WIDTH="79" HEIGHT="34" CONTENT="that" WC="0.99" CC="2002"/>
						<SP ID="P2_SP01000" HPOS="2109" VPOS="3728" WIDTH="27"/>
						<String ID="P2_ST01140" HPOS="2136" VPOS="3692" WIDTH="59" HEIGHT="34" CONTENT="the" WC="1.00" CC="000"/>
						<SP ID="P2_SP01001" HPOS="2195" VPOS="3728" WIDTH="29"/>
						<String ID="P2_ST01141" HPOS="2224" VPOS="3698" WIDTH="115" HEIGHT="27" CONTENT="secret" WC="1.00" CC="010001"/>
						<SP ID="P2_SP01002" HPOS="2339" VPOS="3728" WIDTH="27"/>
						<String ID="P2_ST01142" HPOS="2366" VPOS="3690" WIDTH="40" HEIGHT="33" CONTENT="of" WC="1.00" CC="00"/>
						<SP ID="P2_SP01003" HPOS="2406" VPOS="3728" WIDTH="29"/>
						<String ID="P2_ST01143" HPOS="2435" VPOS="3688" WIDTH="183" HEIGHT="40" CONTENT="attaining" WC="0.99" CC="005365541"/>
						<SP ID="P2_SP01004" HPOS="2618" VPOS="3728" WIDTH="27"/>
						<String ID="P2_ST01144" HPOS="2645" VPOS="3688" WIDTH="59" HEIGHT="33" CONTENT="the" WC="1.00" CC="000"/>
						<SP ID="P2_SP01005" HPOS="2704" VPOS="3728" WIDTH="30"/>
						<String ID="P2_ST01145" HPOS="2734" VPOS="3687" WIDTH="145" HEIGHT="42" CONTENT="highest" WC="0.99" CC="0490000"/>
						<SP ID="P2_SP01006" HPOS="2879" VPOS="3729" WIDTH="28"/>
						<String ID="P2_ST01146" HPOS="2907" VPOS="3685" WIDTH="65" HEIGHT="35" CONTENT="emi" SUBS_TYPE="HypPart1" SUBS_CONTENT="eminence" WC="0.98" CC="007"/>
						<HYP HPOS="2972" VPOS="3685" WIDTH="21" CONTENT="-"/>
					</TextLine>
					<TextLine ID="P2_TL00137" HPOS="1634" VPOS="3732" WIDTH="1360" HEIGHT="50">
						<String ID="P2_ST01147" HPOS="1634" VPOS="3753" WIDTH="110" HEIGHT="22" CONTENT="nence" SUBS_TYPE="HypPart2" SUBS_CONTENT="eminence" WC="1.00" CC="04000"/>
						<SP ID="P2_SP01007" HPOS="1744" VPOS="3775" WIDTH="27"/>
						<String ID="P2_ST01148" HPOS="1771" VPOS="3740" WIDTH="116" HEIGHT="34" CONTENT="either" WC="0.99" CC="070005"/>
						<SP ID="P2_SP01008" HPOS="1887" VPOS="3775" WIDTH="26"/>
						<String ID="P2_ST01149" HPOS="1913" VPOS="3739" WIDTH="35" HEIGHT="33" CONTENT="in" WC="0.66" CC="60"/>
						<SP ID="P2_SP01009" HPOS="1948" VPOS="3775" WIDTH="29"/>
						<String ID="P2_ST01150" HPOS="1977" VPOS="3747" WIDTH="126" HEIGHT="35" CONTENT="poetry" WC="1.00" CC="000400"/>
						<SP ID="P2_SP01010" HPOS="2103" VPOS="3782" WIDTH="25"/>
						<String ID="P2_ST01151" HPOS="2128" VPOS="3750" WIDTH="41" HEIGHT="21" CONTENT="or" WC="0.82" CC="03"/>
						<SP ID="P2_SP01011" HPOS="2169" VPOS="3782" WIDTH="27"/>
						<String ID="P2_ST01152" HPOS="2196" VPOS="3737" WIDTH="35" HEIGHT="33" CONTENT="in" WC="0.71" CC="40"/>
						<SP ID="P2_SP01012" HPOS="2231" VPOS="3782" WIDTH="28"/>
						<String ID="P2_ST01153" HPOS="2259" VPOS="3737" WIDTH="206" HEIGHT="40" CONTENT="dictionary" WC="0.99" CC="0500660000"/>
						<SP ID="P2_SP01013" HPOS="2465" VPOS="3782" WIDTH="26"/>
						<String ID="P2_ST01154" HPOS="2491" VPOS="3734" WIDTH="201" HEIGHT="43" CONTENT="compiling" WC="0.99" CC="060070620"/>
						<SP ID="P2_SP01014" HPOS="2692" VPOS="3782" WIDTH="33"/>
						<String ID="P2_ST01155" HPOS="2725" VPOS="3734" WIDTH="91" HEIGHT="41" CONTENT="(and" WC="1.00" CC="0000"/>
						<SP ID="P2_SP01015" HPOS="2816" VPOS="3782" WIDTH="31"/>
						<String ID="P2_ST01156" HPOS="2847" VPOS="3732" WIDTH="49" HEIGHT="35" CONTENT="all" WC="0.94" CC="664"/>
						<SP ID="P2_SP01016" HPOS="2896" VPOS="3782" WIDTH="30"/>
						<String ID="P2_ST01157" HPOS="2926" VPOS="3733" WIDTH="68" HEIGHT="32" CONTENT="fine" WC="0.99" CC="1120"/>
					</TextLine>
					<TextLine ID="P2_TL00138" HPOS="1634" VPOS="3779" WIDTH="1359" HEIGHT="46">
						<String ID="P2_ST01158" HPOS="1634" VPOS="3787" WIDTH="191" HEIGHT="34" CONTENT="literature" WC="0.99" CC="0560000442"/>
						<SP ID="P2_SP01017" HPOS="1825" VPOS="3821" WIDTH="22"/>
						<String ID="P2_ST01159" HPOS="1847" VPOS="3786" WIDTH="67" HEIGHT="34" CONTENT="lies" WC="0.99" CC="0600"/>
						<SP ID="P2_SP01018" HPOS="1914" VPOS="3821" WIDTH="19"/>
						<String ID="P2_ST01160" HPOS="1933" VPOS="3786" WIDTH="164" HEIGHT="33" CONTENT="between" WC="0.99" CC="0060004"/>
						<SP ID="P2_SP01019" HPOS="2097" VPOS="3821" WIDTH="20"/>
						<String ID="P2_ST01161" HPOS="2117" VPOS="3785" WIDTH="59" HEIGHT="34" CONTENT="the" WC="1.00" CC="000"/>
						<SP ID="P2_SP01020" HPOS="2176" VPOS="3821" WIDTH="20"/>
						<String ID="P2_ST01162" HPOS="2196" VPOS="3783" WIDTH="110" HEIGHT="42" CONTENT="two)," WC="0.98" CC="40233"/>
						<SP ID="P2_SP01021" HPOS="2306" VPOS="3825" WIDTH="22"/>
						<String ID="P2_ST01163" HPOS="2328" VPOS="3782" WIDTH="29" HEIGHT="34" CONTENT="is" WC="0.64" CC="70"/>
						<SP ID="P2_SP01022" HPOS="2357" VPOS="3825" WIDTH="20"/>
						<String ID="P2_ST01164" HPOS="2377" VPOS="3790" WIDTH="35" HEIGHT="26" CONTENT="to" WC="0.87" CC="02"/>
						<SP ID="P2_SP01023" HPOS="2412" VPOS="3825" WIDTH="19"/>
						<String ID="P2_ST01165" HPOS="2431" VPOS="3782" WIDTH="43" HEIGHT="33" CONTENT="be" WC="0.73" CC="50"/>
						<SP ID="P2_SP01024" HPOS="2474" VPOS="3825" WIDTH="21"/>
						<String ID="P2_ST01166" HPOS="2495" VPOS="3781" WIDTH="115" HEIGHT="33" CONTENT="found" WC="0.99" CC="02700"/>
						<SP ID="P2_SP01025" HPOS="2610" VPOS="3825" WIDTH="22"/>
						<String ID="P2_ST01167" HPOS="2632" VPOS="3779" WIDTH="141" HEIGHT="35" CONTENT="neither" WC="0.99" CC="0033504"/>
						<SP ID="P2_SP01026" HPOS="2773" VPOS="3825" WIDTH="21"/>
						<String ID="P2_ST01168" HPOS="2794" VPOS="3779" WIDTH="35" HEIGHT="33" CONTENT="in" WC="0.69" CC="60"/>
						<SP ID="P2_SP01027" HPOS="2829" VPOS="3825" WIDTH="23"/>
						<String ID="P2_ST01169" HPOS="2852" VPOS="3779" WIDTH="141" HEIGHT="34" CONTENT="alcohol" WC="0.99" CC="0004005"/>
					</TextLine>
					<TextLine ID="P2_TL00139" HPOS="1634" VPOS="3826" WIDTH="1357" HEIGHT="45">
						<String ID="P2_ST01170" HPOS="1634" VPOS="3845" WIDTH="66" HEIGHT="22" CONTENT="nor" WC="1.00" CC="000"/>
						<SP ID="P2_SP01028" HPOS="1700" VPOS="3867" WIDTH="26"/>
						<String ID="P2_ST01171" HPOS="1726" VPOS="3833" WIDTH="35" HEIGHT="33" CONTENT="in" WC="0.66" CC="60"/>
						<SP ID="P2_SP01029" HPOS="1761" VPOS="3867" WIDTH="26"/>
						<String ID="P2_ST01172" HPOS="1787" VPOS="3845" WIDTH="66" HEIGHT="21" CONTENT="our" WC="0.96" CC="082"/>
						<SP ID="P2_SP01030" HPOS="1853" VPOS="3867" WIDTH="26"/>
						<String ID="P2_ST01173" HPOS="1879" VPOS="3840" WIDTH="206" HEIGHT="26" CONTENT="monstrous" WC="0.99" CC="003030360"/>
						<SP ID="P2_SP01031" HPOS="2085" VPOS="3867" WIDTH="25"/>
						<String ID="P2_ST01174" HPOS="2110" VPOS="3829" WIDTH="103" HEIGHT="35" CONTENT="habit" WC="0.98" CC="60081"/>
						<SP ID="P2_SP01032" HPOS="2213" VPOS="3867" WIDTH="25"/>
						<String ID="P2_ST01175" HPOS="2238" VPOS="3829" WIDTH="39" HEIGHT="34" CONTENT="of" WC="0.84" CC="11"/>
						<SP ID="P2_SP01033" HPOS="2277" VPOS="3867" WIDTH="24"/>
						<String ID="P2_ST01176" HPOS="2301" VPOS="3828" WIDTH="176" HEIGHT="43" CONTENT="bringing" WC="0.99" CC="04504500"/>
						<SP ID="P2_SP01034" HPOS="2477" VPOS="3871" WIDTH="25"/>
						<String ID="P2_ST01177" HPOS="2502" VPOS="3826" WIDTH="164" HEIGHT="35" CONTENT="millions" WC="1.00" CC="06002000"/>
						<SP ID="P2_SP01035" HPOS="2666" VPOS="3871" WIDTH="26"/>
						<String ID="P2_ST01178" HPOS="2692" VPOS="3826" WIDTH="39" HEIGHT="33" CONTENT="of" WC="0.95" CC="00"/>
						<SP ID="P2_SP01036" HPOS="2731" VPOS="3871" WIDTH="26"/>
						<String ID="P2_ST01179" HPOS="2757" VPOS="3826" WIDTH="137" HEIGHT="33" CONTENT="useless" WC="1.00" CC="5000000"/>
						<SP ID="P2_SP01037" HPOS="2894" VPOS="3871" WIDTH="29"/>
						<String ID="P2_ST01180" HPOS="2923" VPOS="3826" WIDTH="68" HEIGHT="33" CONTENT="and" WC="0.90" CC="879"/>
					</TextLine>
					<TextLine ID="P2_TL00140" HPOS="1634" VPOS="3871" WIDTH="1362" HEIGHT="50">
						<String ID="P2_ST01181" HPOS="1634" VPOS="3879" WIDTH="258" HEIGHT="42" CONTENT="disagreeable" WC="0.99" CC="070690000730"/>
						<SP ID="P2_SP01038" HPOS="1892" VPOS="3921" WIDTH="30"/>
						<String ID="P2_ST01182" HPOS="1922" VPOS="3877" WIDTH="158" HEIGHT="34" CONTENT="animals" WC="0.98" CC="4070760"/>
						<SP ID="P2_SP01039" HPOS="2080" VPOS="3921" WIDTH="30"/>
						<String ID="P2_ST01183" HPOS="2110" VPOS="3876" WIDTH="74" HEIGHT="35" CONTENT="into" WC="0.97" CC="6035"/>
						<SP ID="P2_SP01040" HPOS="2184" VPOS="3921" WIDTH="28"/>
						<String ID="P2_ST01184" HPOS="2212" VPOS="3876" WIDTH="179" HEIGHT="34" CONTENT="existence" WC="0.99" CC="057000200"/>
						<SP ID="P2_SP01041" HPOS="2391" VPOS="3921" WIDTH="29"/>
						<String ID="P2_ST01185" HPOS="2420" VPOS="3874" WIDTH="60" HEIGHT="33" CONTENT="for" WC="0.99" CC="300"/>
						<SP ID="P2_SP01042" HPOS="2480" VPOS="3921" WIDTH="27"/>
						<String ID="P2_ST01186" HPOS="2507" VPOS="3874" WIDTH="59" HEIGHT="33" CONTENT="the" WC="0.97" CC="060"/>
						<SP ID="P2_SP01043" HPOS="2566" VPOS="3921" WIDTH="29"/>
						<String ID="P2_ST01187" HPOS="2595" VPOS="3885" WIDTH="147" HEIGHT="30" CONTENT="express" WC="1.00" CC="1000000"/>
						<SP ID="P2_SP01044" HPOS="2742" VPOS="3921" WIDTH="29"/>
						<String ID="P2_ST01188" HPOS="2771" VPOS="3884" WIDTH="157" HEIGHT="30" CONTENT="purpose" WC="0.98" CC="3600981"/>
						<SP ID="P2_SP01045" HPOS="2928" VPOS="3921" WIDTH="30"/>
						<String ID="P2_ST01189" HPOS="2958" VPOS="3871" WIDTH="38" HEIGHT="33" CONTENT="of" WC="0.64" CC="60"/>
					</TextLine>
					<TextLine ID="P2_TL00141" HPOS="1633" VPOS="3918" WIDTH="1365" HEIGHT="50">
						<String ID="P2_ST01190" HPOS="1633" VPOS="3925" WIDTH="248" HEIGHT="43" CONTENT="barbarously" WC="1.00" CC="00004000069"/>
						<SP ID="P2_SP01046" HPOS="1881" VPOS="3968" WIDTH="26"/>
						<String ID="P2_ST01191" HPOS="1907" VPOS="3923" WIDTH="259" HEIGHT="45" CONTENT="slaughtering" WC="0.99" CC="024706300719"/>
						<SP ID="P2_SP01047" HPOS="2166" VPOS="3968" WIDTH="26"/>
						<String ID="P2_ST01192" HPOS="2192" VPOS="3923" WIDTH="108" HEIGHT="41" CONTENT="them," WC="0.99" CC="06002"/>
						<SP ID="P2_SP01048" HPOS="2300" VPOS="3968" WIDTH="30"/>
						<String ID="P2_ST01193" HPOS="2330" VPOS="3920" WIDTH="166" HEIGHT="43" CONTENT="roasting" WC="0.99" CC="01000409"/>
						<SP ID="P2_SP01049" HPOS="2496" VPOS="3968" WIDTH="26"/>
						<String ID="P2_ST01194" HPOS="2522" VPOS="3918" WIDTH="95" HEIGHT="36" CONTENT="their" WC="0.97" CC="66060"/>
						<SP ID="P2_SP01050" HPOS="2617" VPOS="3968" WIDTH="28"/>
						<String ID="P2_ST01195" HPOS="2645" VPOS="3930" WIDTH="146" HEIGHT="31" CONTENT="corpses" WC="1.00" CC="0200000"/>
						<SP ID="P2_SP01051" HPOS="2791" VPOS="3968" WIDTH="30"/>
						<String ID="P2_ST01196" HPOS="2821" VPOS="3918" WIDTH="72" HEIGHT="34" CONTENT="and" WC="1.00" CC="000"/>
						<SP ID="P2_SP01052" HPOS="2893" VPOS="3968" WIDTH="29"/>
						<String ID="P2_ST01197" HPOS="2922" VPOS="3924" WIDTH="57" HEIGHT="29" CONTENT="eat" SUBS_TYPE="HypPart1" SUBS_CONTENT="eating" WC="0.98" CC="060"/>
						<HYP HPOS="2979" VPOS="3924" WIDTH="19" CONTENT="-"/>
					</TextLine>
					<TextLine ID="P2_TL00142" HPOS="1633" VPOS="3966" WIDTH="1363" HEIGHT="50">
						<String ID="P2_ST01198" HPOS="1633" VPOS="3973" WIDTH="64" HEIGHT="43" CONTENT="ing" SUBS_TYPE="HypPart2" SUBS_CONTENT="eating" WC="0.95" CC="705"/>
						<SP ID="P2_SP01053" HPOS="1697" VPOS="4016" WIDTH="17"/>
						<String ID="P2_ST01199" HPOS="1714" VPOS="3974" WIDTH="109" HEIGHT="34" CONTENT="them." WC="1.00" CC="00000"/>
						<SP ID="P2_SP01054" HPOS="1823" VPOS="4016" WIDTH="42"/>
						<String ID="P2_ST01200" HPOS="1865" VPOS="3974" WIDTH="18" HEIGHT="34" CONTENT="I" WC="0.82" CC="1"/>
						<SP ID="P2_SP01055" HPOS="1883" VPOS="4016" WIDTH="19"/>
						<String ID="P2_ST01201" HPOS="1902" VPOS="3973" WIDTH="97" HEIGHT="35" CONTENT="have" WC="0.97" CC="1280"/>
						<SP ID="P2_SP01056" HPOS="1999" VPOS="4016" WIDTH="20"/>
						<String ID="P2_ST01202" HPOS="2019" VPOS="3972" WIDTH="134" HEIGHT="44" CONTENT="myself" WC="0.98" CC="590040"/>
						<SP ID="P2_SP01057" HPOS="2153" VPOS="4016" WIDTH="19"/>
						<String ID="P2_ST01203" HPOS="2172" VPOS="3970" WIDTH="95" HEIGHT="38" CONTENT="tried" WC="0.97" CC="57009"/>
						<SP ID="P2_SP01058" HPOS="2267" VPOS="4016" WIDTH="20"/>
						<String ID="P2_ST01204" HPOS="2287" VPOS="3970" WIDTH="59" HEIGHT="35" CONTENT="the" WC="0.99" CC="030"/>
						<SP ID="P2_SP01059" HPOS="2346" VPOS="4016" WIDTH="21"/>
						<String ID="P2_ST01205" HPOS="2367" VPOS="3968" WIDTH="227" HEIGHT="46" CONTENT="experiment" WC="0.99" CC="0760400064"/>
						<SP ID="P2_SP01060" HPOS="2594" VPOS="4016" WIDTH="19"/>
						<String ID="P2_ST01206" HPOS="2613" VPOS="3967" WIDTH="40" HEIGHT="34" CONTENT="of" WC="1.00" CC="00"/>
						<SP ID="P2_SP01061" HPOS="2653" VPOS="4016" WIDTH="19"/>
						<String ID="P2_ST01207" HPOS="2672" VPOS="3974" WIDTH="62" HEIGHT="27" CONTENT="not" WC="0.98" CC="040"/>
						<SP ID="P2_SP01062" HPOS="2734" VPOS="4016" WIDTH="20"/>
						<String ID="P2_ST01208" HPOS="2754" VPOS="3966" WIDTH="126" HEIGHT="44" CONTENT="eating" WC="0.99" CC="004401"/>
						<SP ID="P2_SP01063" HPOS="2880" VPOS="4016" WIDTH="19"/>
						<String ID="P2_ST01209" HPOS="2899" VPOS="3972" WIDTH="97" HEIGHT="28" CONTENT="meat" WC="0.98" CC="7300"/>
					</TextLine>
				</TextBlock>
				<TextBlock ID="P2_TB00017" HPOS="204" VPOS="4009" WIDTH="708" HEIGHT="48" STYLEREFS="TXT_0 PAR_LEFT">
					<TextLine ID="P2_TL00143" HPOS="205" VPOS="4012" WIDTH="707" HEIGHT="45">
						<String ID="P2_ST01210" HPOS="205" VPOS="4012" WIDTH="205" HEIGHT="45" CONTENT="Copyright" WC="0.98" CC="576006617"/>
						<SP ID="P2_SP01064" HPOS="410" VPOS="4057" WIDTH="31"/>
						<String ID="P2_ST01211" HPOS="441" VPOS="4017" WIDTH="85" HEIGHT="32" CONTENT="1916" WC="0.46" CC="3557"/>
						<SP ID="P2_SP01065" HPOS="526" VPOS="4057" WIDTH="33"/>
						<String ID="P2_ST01212" HPOS="559" VPOS="4014" WIDTH="46" HEIGHT="43" CONTENT="by" WC="0.63" CC="70"/>
						<SP ID="P2_SP01066" HPOS="605" VPOS="4057" WIDTH="31"/>
						<String ID="P2_ST01213" HPOS="636" VPOS="4012" WIDTH="123" HEIGHT="37" CONTENT="Guido" WC="0.67" CC="04127"/>
						<SP ID="P2_SP01067" HPOS="759" VPOS="4057" WIDTH="30"/>
						<String ID="P2_ST01214" HPOS="789" VPOS="4014" WIDTH="123" HEIGHT="35" CONTENT="Bruno" WC="0.97" CC="60509"/>
					</TextLine>
				</TextBlock>
			</PrintSpace>
		</Page>
	</Layout>
</alto>
