3334 4478
191 4112 78 44 168

217 246 1156 144 PROBLÈME
1591 278 1651 120 URBANISTIQUE

211 521 91 38 Sous
325 520 4 62 I
348 522 193 51 impulsion
567 525 50 37 de
639 531 85 33 tous
747 543 64 23 ces
834 528 169 40 facteurs
1027 533 275 49 économiques
1324 536 215 45 régionaux,
1566 538 99 35 natio-

211 592 90 22 naux
332 583 40 32 et
401 581 311 45 internationaux,
748 599 89 23 nous
867 600 153 24 verrons
1050 586 30 38 la
1112 587 192 52 Campine
1335 590 296 39 s'industrialiser
1662 592 20 36 à

210 632 4 65 I
233 635 184 38 extrême.
449 636 43 37 En
522 637 113 45 effet,
667 640 76 37 rien
774 655 48 34 qu
841 656 96 24 avec
967 641 31 39 le
1030 651 336 33 commencement
1393 646 289 51 d'exploitation

207 689 70 38 des
307 693 128 47 sieges
467 693 50 38 de
550 694 299 41 Waterscheide
881 703 41 33 et
953 698 51 38 de
1037 700 244 49 Winterslag,
1314 717 82 23 sans
1429 705 253 36 intervention

209 746 22 37 d
253 761 118 24 aucun
399 753 108 34 autre
533 750 151 39 facteur
712 767 73 35 que
815 752 30 38 la
877 757 186 47 présence
1091 755 50 38 de
1168 773 64 22 ces
1258 757 305 50 charbonnages,
1594 774 89 23 nous

209 817 115 24 avons
351 820 44 21 vu
425 807 115 46 surgir
569 821 270 36 apres-guerre
867 810 69 38 des
965 811 326 49 agglomérations
1319 820 40 32 et
1387 814 69 39 des
1485 814 178 40 établisse-

209 864 122 33 ments
358 860 210 40 industriels
594 863 51 38 de
673 868 85 34 tout
785 880 132 33 genre.

211 925 46 37 Le
292 927 105 37 canal
433 927 136 39 Albert
602 936 232 33 accentuera
869 948 45 22 ce
948 941 244 32 mouvement
1227 936 92 38 dans
1352 952 71 23 une
1459 940 222 48 proportion

208 982 279 45 considérable,
519 990 40 32 et
586 988 25 35 si
642 1001 89 24 nous
761 987 176 40 réalisons
966 989 30 38 la
1025 992 165 48 jonction
1219 992 47 37 du
1298 992 98 45 Rhin,
1427 993 30 38 la
1487 994 193 51 Campine

208 1052 212 35 acquerera
451 1054 45 23 en
528 1040 185 51 quelques
742 1046 142 36 années
912 1060 71 23 une
1012 1047 239 49 importance
1281 1051 256 48 économique
1567 1056 40 33 et
1636 1066 43 22 un

209 1093 334 52 développement
573 1100 133 45 égaux,
736 1102 104 35 voire
870 1102 126 37 même
1025 1105 204 47 supérieur,
1262 1105 19 36 à
1312 1120 91 22 ceux
1432 1105 49 38 de
1513 1105 29 38 la
1577 1106 102 45 Ruhr,

207 1164 46 23 en
277 1150 241 51 Allemagne.

209 1264 381 49 Laisserons-nous
620 1287 48 27 se
702 1269 225 59 produire,
960 1290 54 27 en
1048 1272 242 61 Campine,
1324 1293 52 27 au
1408 1276 74 45 XX
1486 1279 11 14 e
1526 1275 151 54 siècle,

207 1329 39 47 le
284 1331 132 59 gâchi
452 1335 161 59 auquel
651 1355 107 28 nous
795 1357 138 27 avons
971 1342 158 44 assisté
1167 1340 110 47 dans
1315 1341 61 47 les
1415 1342 168 48 bassins
1621 1343 57 47 du

209 1399 230 61 Borinage,
479 1401 56 48 du
571 1404 178 46 Centre
784 1411 50 40 et
867 1406 61 46 de
964 1408 136 58 Liège
1127 1409 20 44 ?

207 1524 381 49 Laisserons-nous
624 1547 17 26 s
662 1529 255 47 accumuler
953 1529 34 47 la
1026 1531 60 46 les
1123 1552 174 27 erreurs
1335 1538 340 56 économiques,

206 1590 329 63 urbanistiques
559 1601 49 39 et
632 1595 190 47 sociales
846 1616 90 40 que
964 1616 236 42 provoque
1226 1599 251 61 l'agiotage
1502 1602 176 47 foncier

205 1664 49 39 et
282 1658 38 47 le
350 1678 195 43 manque
575 1662 266 48 d'initiative
870 1671 49 39 et
947 1665 61 47 de
1037 1670 293 56 prévoyance
1359 1668 84 47 des
1472 1669 180 48 adminis-

202 1729 191 44 trations
421 1729 305 48 communales
750 1731 21 45 ?

204 1848 367 49 Admettra-t-on
600 1872 89 40 que
715 1853 82 47 l'on
823 1856 180 46 sacrifie
1029 1876 78 26 aux
1134 1860 189 44 intérêts
1350 1858 61 47 de
1438 1859 212 61 quelques-

205 1935 88 35 uns,
326 1916 61 48 les
418 1917 196 49 beautés
642 1921 238 48 naturelles
910 1923 61 46 de
1001 1923 35 47 la
1069 1925 228 60 Campine
1323 1927 20 44 ?

204 2041 370 47 Permettra-t-on
611 2063 78 27 aux
726 2045 379 50 administrations
1140 2050 254 59 régionales
1429 2051 60 47 de
1526 2056 125 44 résou-

202 2107 82 47 dre
323 2128 51 26 un
416 2109 238 60 problème
693 2116 85 55 qui,
820 2133 79 40 par
936 2134 77 27 son
1055 2119 298 58 importance,
1394 2119 202 61 dépasse
1636 2121 38 47 le

200 2175 143 47 cadre
374 2177 83 47 des
484 2178 244 49 frontières
758 2182 293 59 provinciales
1076 2185 20 44 ?

203 2298 20 45 II
250 2307 71 38 est
347 2307 152 54 temps
526 2321 170 28 encore
725 2304 60 47 de
813 2309 117 55 jeter
957 2326 55 27 ce
1040 2312 60 42 cri
1128 2309 216 48 d'alarme
1371 2318 49 39 et
1447 2312 60 46 de
1538 2332 135 41 poser

201 2366 34 46 la
270 2372 208 55 question
514 2389 67 28 sur
612 2391 76 27 son
722 2374 222 47 véritable
975 2380 165 42 terrain
1176 2396 10 28 :
1272 2380 84 45 LE
1442 2382 228 45 PLAN

200 2436 497 50 NATIONAL.

198 2570 43 35 La
272 2572 228 36 conscience
528 2571 48 38 du
606 2573 148 49 danger
781 2575 21 36 d
823 2575 250 40 abandonner
1099 2594 83 23 sans
1210 2580 215 45 directives,
1455 2598 66 22 aux
1551 2583 120 39 édiles

197 2630 38 31 et
258 2640 64 22 aux
343 2626 242 50 particuliers,
609 2629 30 37 le
660 2632 76 35 soin
756 2631 22 37 d
798 2631 128 39 élever
945 2632 95 39 l'une
1060 2634 68 38 des
1149 2634 76 51 plus
1246 2638 252 49 importantes
1519 2642 152 46 régions

195 2683 258 49 économique
478 2683 51 38 de
554 2684 181 52 l'Europe,
760 2688 147 49 impose
933 2704 70 23 une
1030 2693 256 45 organisation
1312 2695 184 47 générale
1524 2696 126 49 préala-

197 2737 60 38 ble
281 2743 41 32 et
346 2738 252 52 méthodique
624 2742 50 37 de
700 2742 158 39 l'œuvre
883 2746 19 36 à
930 2745 164 40 réaliser.

194 2872 33 37 C
246 2879 58 31 est
338 2872 32 38 le
404 2881 169 31 moment
607 2876 21 36 d
648 2876 201 51 appliquer
881 2879 93 39 dans
1008 2896 63 22 son
1106 2885 182 46 intégrité
1322 2900 42 21 un
1403 2888 169 49 principe
1606 2890 61 48 qui

194 2930 120 36 aurait
354 2928 47 38 dû
442 2930 134 48 guider
618 2931 31 38 le
690 2933 318 40 Gouvernement
1048 2937 93 39 dans
1181 2939 29 38 la
1255 2945 299 35 reconstruction
1597 2944 70 38 des

192 2986 152 46 régions
368 2984 208 41 dévastées
601 3003 66 35 par
691 2987 30 39 la
745 3005 137 32 guerre
906 2996 41 33 et
969 2995 61 47 qui
1054 2992 57 39 fut
1133 2998 102 41 voté,
1262 2996 32 37 le
1327 2999 38 35 15
1389 2997 139 39 février
1561 3003 103 41 1915,

192 3055 43 23 au
272 3041 186 38 Guildhall
495 3043 50 38 de
582 3045 173 44 Londres,
794 3061 55 23 sur
885 3046 29 39 la
954 3052 233 47 proposition
1225 3052 48 38 du
1313 3053 198 50 président
1546 3055 51 38 de
1635 3056 29 38 la

190 3112 21 21 «
243 3097 252 40 Conférence
543 3114 92 35 pour
681 3100 30 39 la
760 3103 310 40 Reconstruction
1105 3123 31 28 »,
1186 3110 52 36 M.
1284 3109 239 51 Helleputte,
1571 3112 94 39 alors

191 3155 164 36 ministre
383 3154 70 39 des
477 3156 160 38 Travaux
667 3157 153 51 publics.

191 3220 47 37 Le
267 3222 168 49 principe
464 3222 50 38 de
542 3229 109 33 cette
677 3227 252 38 intervention
956 3231 97 35 était
1079 3229 118 39 défini
1225 3247 151 24 comme
1402 3237 70 35 suit
1501 3250 8 23 :

192 3278 42 36 La
267 3276 236 41 conférence
536 3295 167 35 propose
725 3297 6 23 :

197 3344 3 64 I
232 3344 7 50 )
260 3344 61 45 Qu
342 3360 41 21 un
415 3344 82 50 plan
528 3348 155 46 général
713 3347 50 39 de
792 3349 28 38 la
853 3350 179 51 Belgique
1060 3356 72 35 soit
1157 3354 141 46 dressé,
1330 3365 253 43 comprenant
1603 3376 7 23 :

268 3401 31 49 a)
334 3416 41 22 un
406 3401 82 49 plan
519 3401 68 40 des
616 3410 136 37 routes,
782 3405 165 40 chemins
975 3407 51 40 de
1052 3408 59 40 fer
1137 3417 41 33 et
1205 3427 156 29 canaux;

268 3455 33 51 b)
336 3473 42 21 un
409 3457 83 50 plan
522 3458 69 39 des
617 3459 100 40 villes
746 3462 283 49 partiellement
1054 3465 201 45 détruites;

266 3513 30 50 c)
336 3528 42 22 un
406 3513 82 50 plan
514 3514 68 39 des
604 3516 99 39 villes
728 3522 40 34 et
789 3517 154 51 villages
968 3523 259 38 entièrement
1249 3525 172 40 détruits.

188 3580 50 51 2°)
258 3580 89 46 Que
376 3596 63 23 ces
468 3581 101 50 plans
597 3586 125 36 soient
747 3600 45 22 en
822 3584 192 42 harmonie
1044 3604 94 23 avec
1166 3589 50 40 les
1244 3595 188 49 principes
1459 3595 51 39 de
1538 3596 106 40 l'asso-

266 3638 138 36 ciation
431 3637 69 39 des
526 3640 250 50 cités-jardins
801 3648 41 32 et
865 3642 46 39 du
936 3647 108 35 tracé
1068 3645 68 38 des
1160 3647 112 40 villes.

187 3706 17 35 3
230 3704 7 50 )
257 3703 89 47 Que
372 3703 4 57 I
396 3704 232 50 application
653 3707 68 39 des
745 3707 63 39 lois
831 3712 204 37 existantes
1059 3719 41 32 et
1124 3713 28 38 la
1177 3713 123 41 forme
1324 3717 68 39 des
1417 3718 62 39 lois
1504 3735 19 21 a
1550 3722 92 38 intro-

263 3760 107 38 duire
397 3762 328 39 éventuellement
749 3767 124 36 soient
898 3770 207 47 comprises
1131 3769 51 39 de
1211 3775 167 37 manière
1405 3777 18 35 à
1452 3779 209 36 constituer

265 3832 42 22 un
345 3819 183 36 minimum
564 3818 51 39 de
652 3823 268 48 prescriptions
954 3822 320 49 fondamentales,
1311 3834 41 34 et
1386 3845 76 35 que
1497 3847 63 23 ces
1596 3833 64 39 lois

263 3871 146 40 offrent
437 3873 280 41 suffisamment
747 3876 22 39 d
788 3877 188 39 élasticité
1008 3895 94 35 pour
1129 3897 13 23 s
1161 3882 167 52 adapter
1357 3901 66 23 aux
1453 3903 205 34 exigences

261 3928 52 39 de
335 3928 244 54 l'esthétique
599 3937 41 33 et
659 3932 51 39 de
731 3932 198 52 l'hygiène,
952 3939 61 47 qui
1034 3936 159 41 doivent
1211 3942 85 36 être
1317 3942 225 40 clairement
1559 3945 80 39 défi-

261 3988 90 35 nies.

1836 536 118 37 Toute
1980 541 311 40 reconstruction,
2320 553 45 23 en
2391 545 85 32 tout
2500 555 44 22 ou
2572 555 45 23 en
2646 543 135 47 partie,
2808 541 115 40 d'une
2948 542 81 39 ville
3055 543 82 39 doit
3160 548 84 36 être

1845 592 201 49 précédée
2069 593 50 39 de
2142 593 29 39 la
2194 593 222 40 confection
2439 595 85 38 d'un
2549 596 83 50 plan
2657 597 50 38 de
2730 598 320 44 rétablissement,
3077 599 147 41 d'exten-

1843 650 75 36 sion
1947 664 45 23 ou
2020 649 317 44 d'amélioration,
2367 654 61 47 qui
2457 651 82 39 doit
2565 652 236 40 déterminer
2829 654 273 40 l'ordonnance
3129 662 41 32 et
3196 658 48 38 les

1843 703 242 51 dispositions
2112 706 68 39 des
2206 706 206 40 différents
2438 710 196 49 quartiers,
2662 708 92 39 fixer
2782 710 28 38 la
2838 711 188 39 direction
3055 717 43 33 et
3123 711 30 39 la
3182 712 47 39 lar-

1842 775 94 33 geur
1963 760 69 39 des
2060 778 91 28 rues,
2182 762 313 51 l'emplacement
2521 770 42 33 et
2591 764 29 38 la
2650 765 205 50 superficie
2883 767 70 39 des
2981 783 168 35 squares,
3180 771 48 49 jar-

1843 816 79 38 dins
1953 816 152 51 publics,
2140 834 108 34 parcs
2279 825 42 32 et
2351 825 125 33 autres
2507 836 164 35 espaces
2703 821 119 45 libres,
2858 823 173 50 indiquer
3062 824 50 39 les
3142 827 101 41 sites,

1843 872 125 39 boisés
1991 889 45 22 ou
2062 889 80 28 non,
2169 875 202 38 utilisables
2397 891 93 35 pour
2513 876 68 39 des
2605 876 69 40 fins
2699 877 250 53 hygiéniques
2973 896 44 23 ou
3044 883 198 48 sportives,

1841 934 42 33 et
1911 932 238 37 mentionner
2175 937 129 32 toutes
2334 931 50 39 les
2413 938 127 33 autres
2570 933 214 40 conditions
2815 939 247 37 nécessaires.

1835 986 43 36 La
1914 986 217 49 procédure
2164 994 236 32 concernant
2431 988 325 46 l'établissement,
2793 991 182 39 l'examen
3008 998 41 33 et
3081 992 142 52 l'appro-

1842 1040 130 39 bation
2002 1042 68 39 des
2100 1043 103 50 plans
2232 1044 117 38 devra
2380 1047 85 36 être
2495 1048 94 36 aussi
2618 1046 143 50 simple,
2793 1051 93 35 aussi
2916 1052 258 48 économique
3204 1056 40 32 et

1841 1097 135 50 rapide
2005 1114 76 35 que
2109 1100 178 49 possible.

1833 1155 43 37 La
1900 1154 239 40 distribution
2161 1156 69 39 des
2252 1157 173 39 subsides
2447 1157 52 39 de
2522 1157 108 39 l'Etat
2650 1174 83 23 sera
2756 1160 273 40 subordonnée
3053 1165 18 34 à
3097 1162 125 51 l'adop-

1839 1213 75 35 tion
1939 1216 42 33 et
2003 1214 18 35 à
2048 1211 223 40 l'exécution
2297 1213 69 38 des
2391 1214 103 50 plans
2520 1214 50 39 de
2595 1215 319 46 rétablissement,
2941 1218 236 38 d'extension
3202 1225 41 33 et

1839 1266 319 42 d'amélioration.

1761 1322 90 37 Sauf
1877 1322 51 39 les
1956 1323 218 50 problèmes
2199 1326 246 38 d'économie
2471 1326 191 40 nationale
2690 1334 40 32 et
2758 1329 246 38 d'économie
3032 1330 208 48 régionale,

1761 1394 46 22 ce
1839 1378 200 50 problème
2069 1381 200 51 complexe
2299 1382 50 38 de
2380 1381 30 39 la
2441 1387 301 35 reconstruction
2771 1387 166 36 trouvait
2967 1385 30 38 là
3029 1386 70 38 des
3130 1386 112 39 bases

1759 1434 219 40 suffisantes
2005 1452 92 35 pour
2125 1440 165 48 imposer
2319 1454 71 23 une
2418 1439 256 39 urbanisation
2702 1441 124 38 totale
2852 1442 52 38 de
2932 1442 30 37 la
2994 1442 181 51 Belgique
3202 1448 41 33 et

1761 1490 226 39 demandait
2007 1507 76 35 que
2104 1493 33 38 le
2160 1495 321 39 Gouvernement
2502 1496 148 46 s'arme,
2675 1497 94 39 dans
2790 1514 46 22 ce
2859 1497 78 46 but,
2961 1498 114 38 d'une
3097 1498 128 50 législa-

1759 1549 78 35 tion
1871 1548 213 51 adéquate.

1763 1604 62 37 Far
1858 1603 4 60 I
1883 1604 186 51 adoption
2102 1612 40 32 et
2177 1606 29 38 la
2241 1607 256 49 légifération,
2530 1611 19 36 à
2582 1615 110 33 cette
2724 1613 190 43 occasion,
2948 1611 71 38 des
3052 1614 189 49 principes

1759 1660 197 38 essentiels
1985 1661 51 37 de
2064 1663 105 37 Town
2201 1663 186 50 planning,
2419 1663 31 39 le
2480 1665 212 50 problème,
2722 1669 60 48 qui
2813 1682 40 23 se
2885 1670 183 48 présente
3097 1672 125 48 aujour-

1761 1716 21 36 d
1804 1716 56 38 hui
1891 1717 93 38 dans
2010 1723 112 33 toute
2151 1735 63 22 son
2245 1722 127 36 acuité
2401 1722 19 37 à
2452 1721 29 38 la
2514 1721 192 52 Belgique,
2737 1724 66 37 eût
2834 1725 46 49 pû
2912 1726 84 36 être
3028 1724 132 45 résolu,
3193 1741 46 22 ou

1759 1776 84 33 tout
1869 1787 43 22 au
1940 1776 116 35 moins
2083 1778 165 42 amorcé,
2278 1776 174 50 pendant
2476 1776 30 39 la
2534 1778 163 50 période
2722 1779 52 38 de
2802 1783 217 47 prospérité
3047 1796 74 34 que
3150 1797 90 23 nous

1758 1843 142 23 venons
1929 1829 51 38 de
2009 1834 202 36 traverser.

1757 1886 34 35 A
1811 1900 46 22 ce
1878 1900 165 35 manque
2065 1886 50 38 de
2139 1889 255 49 prévoyance,
2419 1888 50 40 les
2490 1893 198 36 sénateurs
2709 1895 99 35 MM.
2830 1892 140 45 Lebon,
2993 1895 103 37 Arm.
3120 1895 96 50 Huys-

1759 1955 102 23 mans
1891 1946 41 32 et
1959 1942 120 44 Vinck,
2111 1950 195 44 opposent
2335 1945 233 51 aujourd'hui
2598 1962 43 22 un
2673 1950 125 47 projet
2826 1948 50 38 de
2906 1948 44 39 loi
2979 1965 57 22 sur
3067 1949 152 40 l'urbani-

1757 1999 121 35 sation
1907 1997 230 49 obligatoire
2165 1999 69 39 des
2262 2000 339 49 agglomérations.

1757 2053 34 37 C
1809 2058 58 33 est
1895 2069 70 22 une
1993 2059 121 46 etape
2141 2055 285 52 indispensable
2453 2063 42 33 et
2518 2060 247 49 importante,
2794 2063 61 47 qui
2881 2064 116 36 serait
3024 2064 88 36 ainsi
3139 2063 80 38 fran-

1756 2109 95 45 chie,
1879 2112 90 36 mais
1994 2113 61 47 qui
2081 2117 102 33 reste
2210 2112 372 41 malheureusement
2607 2131 57 23 sur
2691 2116 32 38 le
2753 2116 82 51 plan
2862 2116 105 47 local,
2994 2124 41 33 et
3062 2135 46 22 ne
3135 2135 76 22 man-

1756 2180 117 35 quera
1901 2182 66 35 pas
1993 2168 50 37 de
2067 2167 172 40 soulever
2264 2169 151 39 bientôt
2440 2170 51 39 les
2518 2171 219 51 problèmes
2761 2173 51 38 de
2837 2173 283 50 l'organisation
3147 2179 67 36 éco-

1756 2225 178 48 nomique
1958 2229 41 33 et
2022 2224 51 38 de
2099 2224 278 40 l'urbanisation
2402 2227 197 38 rationelle
2622 2229 48 38 du
2699 2244 91 35 pays
2813 2233 136 36 entier.

1754 2318 124 38 Cette
1903 2323 257 45 organisation
2186 2337 168 35 suppose
2384 2338 6 22 :

1763 2378 48 61 1°)
1850 2379 395 48 L'établissement
2289 2382 102 47 d'un
2441 2383 99 54 plan
2587 2385 186 54 général
2822 2385 412 57 d'aménaqement

1848 2451 307 58 économique
2194 2450 56 47 du
2292 2469 123 42 pays,
2455 2471 144 41 conçu
2640 2472 79 40 par
2758 2453 38 46 le
2834 2455 396 56 Gouvernement,

1846 2522 100 40 tant
1984 2536 55 27 en
2077 2537 56 27 ce
2171 2522 72 56 qui
2281 2538 230 28 concerne
2551 2520 33 46 la
2626 2520 275 49 localisation
2942 2523 84 47 des
3064 2524 169 47 bassins

1847 2584 262 56 industriels,
2139 2606 90 41 que
2257 2587 38 47 le
2323 2588 399 62 développement
2749 2591 56 47 du
2835 2596 160 42 réseau
3026 2592 83 47 des
3137 2613 72 26 rou-

1845 2658 86 47 tes,
1957 2652 199 48 chemins
2180 2654 60 46 de
2266 2655 71 46 fer
2361 2662 50 39 et
2435 2660 126 44 voies
2587 2657 281 59 navigables;

1751 2720 55 59 2°)
1846 2721 394 47 L'établissement
2282 2723 60 47 de
2386 2723 121 60 plans
2547 2725 286 47 d'ensemble
2875 2731 243 56 régionaux
3158 2748 49 27 ca-

1846 2788 132 46 drant
2003 2808 115 28 avec
2144 2789 39 47 le
2210 2790 97 60 plan
2335 2796 323 57 économique;

1750 2857 55 58 3°)
1845 2857 394 47 L'établissement
2279 2859 61 46 de
2382 2859 122 60 plans
2546 2860 285 48 d'ensemble
2873 2862 153 48 locaux
3066 2870 163 41 tenant

1843 2931 191 53 compte
2062 2925 56 47 du
2147 2926 97 60 plan
2272 2928 200 59 régional
2499 2935 48 40 et
2572 2930 286 46 concordant
2884 2936 131 42 entre
3043 2951 98 35 eux;

1746 2992 58 59 4°)
1843 2992 269 61 L'adoption
2139 2994 102 47 d'un
2269 2996 235 47 ensemble
2531 2996 60 47 de
2620 2996 77 49 lois
2723 2998 176 59 réglant
2927 2999 61 47 les
3015 3000 213 48 relations

1843 3066 131 41 entre
2003 3061 61 48 les
2093 3067 209 55 pouvoirs
2328 3064 341 49 administratifs
2696 3085 55 28 en
2782 3071 193 43 matière
3003 3067 199 48 d'urbani-

1841 3132 144 43 sation
2011 3130 241 56 nationale,
2281 3132 232 59 régionale
2539 3139 49 40 et
2612 3132 157 56 locale,
2796 3138 105 43 ainsi
2926 3155 89 41 que
3041 3135 84 49 des
3149 3136 77 48 lois

1842 3198 240 58 générales
2105 3205 49 40 et
2176 3199 225 60 spéciales
2424 3199 367 58 d'urbanisation,
2817 3209 49 40 et
2890 3202 35 47 la
2950 3208 189 43 revision
3163 3205 61 47 de

1841 3264 35 47 la
1901 3269 278 56 conception
2205 3266 218 62 juridique
2449 3267 84 47 des
2558 3288 187 41 moyens
2770 3270 61 46 de
2858 3271 255 48 réalisation
3141 3273 83 47 des

1839 3338 183 42 travaux
2048 3333 190 48 d'utilité
2266 3335 229 61 publique.

1744 3436 80 39 Ces
1846 3453 167 23 mesures
2034 3441 172 37 auraient
2231 3455 71 23 une
2324 3439 189 39 influence
2537 3441 141 38 morale
2703 3443 269 38 considérable
2996 3460 56 23 sur
3076 3445 33 38 le
3136 3462 68 33 peu-

1747 3492 59 51 ple
1833 3509 46 22 en
1905 3494 168 48 général,
2105 3511 65 35 par
2196 3495 30 39 la
2252 3495 252 45 substitution,
2532 3499 20 36 à
2582 3513 44 22 un
2654 3498 300 40 individualisme
2981 3503 127 43 étroit,
3137 3502 86 38 d'un

1743 3549 100 38 idéal
1869 3550 111 39 élevé
2004 3551 51 38 de
2078 3554 59 35 vie
2164 3567 212 24 commune.

1745 3607 44 36 En
1817 3606 113 44 effet,
1959 3622 211 35 supposons
2198 3608 32 38 le
2261 3608 113 49 Belge
2402 3612 138 35 amené
2569 3625 65 35 par
2663 3626 71 22 une
2763 3627 221 35 campagne
3011 3614 51 38 de
3093 3630 129 34 presse

1739 3663 21 36 à
1789 3662 29 38 la
1848 3662 114 39 haute
1989 3666 228 36 conscience
2243 3664 50 38 de
2321 3664 30 38 la
2379 3667 190 36 nécessité
2597 3666 51 38 de
2674 3667 153 39 réaliser
2853 3667 33 40 le
2914 3669 83 50 plan
3025 3685 76 34 que
3130 3687 89 22 nous

1740 3734 143 23 venons
1912 3720 51 38 de
1992 3720 147 45 définir,
2172 3727 40 33 et
2239 3727 134 33 votant
2400 3724 20 36 à
2451 3721 229 40 l'unanimité
2709 3729 112 34 toute
2852 3731 108 33 cette
2991 3727 227 48 législation;

1739 3789 90 24 nous
1865 3778 192 47 pourrions
2090 3776 104 45 alors,
2230 3782 144 33 surtout
2406 3780 25 35 si
2467 3793 89 24 nous
2589 3779 242 51 complétons
2866 3797 66 36 par
2967 3799 43 22 un
3048 3784 83 49 plan
3167 3785 50 38 de

1737 3834 304 46 réorganisation
2062 3833 221 45 financière,
2307 3834 300 40 administrative
2629 3843 41 33 et
2690 3837 211 48 législative
2922 3840 48 37 du
2995 3856 102 35 pays,
3120 3841 97 39 faire

1739 3888 69 38 des
1838 3888 129 40 levées
1997 3905 46 23 en
2073 3906 121 23 masse
2227 3894 116 47 parmi
2373 3891 53 38 les
2456 3891 210 47 chômeurs,
2699 3894 52 38 les
2781 3895 191 39 encadrer
3001 3897 214 40 d'hommes

1737 3944 230 51 spécialisés,
1991 3949 153 37 vaincre
2168 3947 30 38 la
2224 3950 105 42 crise,
2354 3953 41 33 et
2422 3951 185 48 préparer
2629 3952 20 36 à
2673 3956 86 33 tous
2784 3951 51 38 les
2862 3952 132 49 Belges
3018 3970 72 23 une
3116 3970 83 35 pros-

1738 4003 124 48 périté
1890 4018 84 24 sans
2004 4003 128 48 égale.
