2866 3048
692 837 160 44 sehen
877 838 75 44 als
974 838 89 44 der
1086 841 302 45 cechischen
1406 844 255 46 Künstler.
1686 847 82 43 Da
1792 849 133 43 auch
1942 862 185 33 unsere
2141 852 234 48 Vereini=

691 908 139 45 gung
858 897 160 44 durch
1045 899 110 44 ihre
1178 899 258 48 Vertreter
1465 904 234 53 erklärte,
1729 906 117 44 dass
1874 909 73 43 sie
1976 910 53 42 in
2056 910 319 50 Anbetracht

690 954 89 44 der
793 955 352 48 Verhältnisse
1162 973 98 31 nur
1277 964 271 54 gesondert
1566 979 107 30 von
1693 965 87 45 der
1801 966 433 49 Genossenschaft
2253 987 119 31 aus=

687 1014 180 45 stellen
885 1017 200 52 würde,
1109 1020 187 44 wurde
1318 1021 92 53 ihr,
1433 1037 91 30 um
1548 1025 134 45 allen
1702 1025 467 58 Schwierigkeiten
2192 1043 65 31 zu
2279 1032 92 44 be=

685 1086 215 44 gegnen,
923 1089 128 31 vom
1073 1076 527 52 Generalcommissär
1623 1085 89 44 der
1734 1086 284 57 Vorschlag
2040 1090 255 53 gemacht,
2318 1092 53 44 in

687 1128 99 48 den
808 1134 254 54 Räumen,
1087 1136 80 45 die
1189 1139 73 44 im
1285 1142 456 47 österreichischen
1759 1146 612 56 Repräsentantenhause

685 1192 277 58 verfügbar
1002 1209 203 40 waren,
1252 1207 204 49 separat
1499 1204 357 45 auszustellen.
1902 1205 167 45 Unser
2111 1206 260 48 Vertreter

684 1256 144 52 sagte
859 1267 80 38 zu,
966 1254 84 44 für
1079 1257 99 44 den
1205 1258 128 54 Fall,
1357 1261 117 45 dass
1500 1276 185 31 unsere
1708 1264 348 57 Vereinigung
2084 1265 90 44 das
2205 1280 164 43 ganze

685 1315 132 41 erste
839 1312 315 47 Stockwerk
1181 1318 174 45 davon
1382 1322 226 52 erhielte,
1631 1323 83 43 für
1738 1324 106 44 dies
1867 1324 204 55 Project
2092 1324 74 44 im
2191 1325 178 49 Kreise

683 1371 169 45 seiner
884 1372 243 58 Collegen
1158 1378 251 46 eintreten
1443 1396 66 29 zu
1539 1383 213 43 wollen.
1796 1383 131 44 Eine
1962 1383 407 58 diesbezügliche

682 1430 227 58 Anfrage
931 1433 82 44 bei
1035 1447 222 34 unseren
1279 1439 328 57 Mitgliedern
1631 1441 94 44 auf
1742 1441 367 45 schriftlichem
2128 1443 170 58 Wege
2318 1467 51 22 =

683 1489 71 43 im
777 1490 103 44 Juli
907 1494 216 55 vorigen
1145 1495 183 47 Jahres
1353 1518 52 22 =
1427 1501 187 44 wurde
1645 1501 134 44 auch
1805 1501 97 44 fast
1931 1501 313 59 durchwegs
2275 1521 93 30 zu=

683 1550 280 45 stimmend
979 1552 364 49 beantwortet.
1359 1559 97 45 Die
1471 1561 229 56 gestellte
1714 1560 308 56 Bedingung
2035 1560 197 48 konnte
2246 1567 123 44 aber

683 1608 76 43 bis
781 1622 123 31 zum
920 1613 363 47 vereinbarten
1300 1617 243 46 Termine
1567 1619 142 44 nicht
1733 1618 171 45 erfüllt
1925 1620 233 52 werden,
2181 1625 104 42 und
2309 1639 56 31 so

681 1668 188 45 wurde
891 1670 138 45 denn
1051 1672 91 44 das
1160 1674 200 56 Project
1378 1692 108 30 von
1508 1692 96 30 uns
1622 1678 202 44 wieder
1845 1677 154 45 fallen
2015 1679 245 56 gelassen.
2325 1694 41 42 0

681 1733 43 42 0
786 1727 99 44 Ein
922 1743 97 31 uns
1056 1732 277 46 daraufhin
1365 1750 127 31 vom
1526 1737 529 45 Generalcommissär
2090 1740 54 42 in
2174 1755 191 33 zuvor=

681 1785 391 49 kommendster
1094 1791 181 46 Weise
1303 1800 372 54 angetragener
1697 1796 147 43 Platz
1870 1796 79 43 für
1976 1797 80 44 die
2084 1799 281 62 Erbauung

684 1845 141 44 eines
852 1848 216 56 eigenen
1090 1850 265 48 Pavillons
1382 1856 53 42 in
1457 1855 146 44 Paris
1628 1856 197 43 konnte
1852 1855 162 44 schon
2041 1871 106 31 von
2173 1874 192 34 vorne=

686 1903 177 45 herein
885 1907 142 44 nicht
1046 1910 241 45 ernstlich
1305 1914 54 42 in
1377 1914 167 57 Frage
1562 1927 229 45 gezogen
1808 1915 233 53 werden,
2061 1917 65 44 da
2143 1933 123 32 man
2284 1923 81 46 die

681 1964 247 56 nöthigen
957 1965 328 49 finanziellen
1314 1972 167 45 Mittel
1510 1975 143 43 nicht
1686 1974 331 45 beizustellen
2047 1982 313 47 vermochte.

680 2030 42 41 0
784 2023 353 48 Mittlerweile
1167 2030 185 57 gelang
1379 2045 53 30 es
1460 2034 135 51 aber,
1626 2034 94 43 mit
1751 2033 99 44 den
1881 2036 247 55 wenigen
2159 2039 73 44 im
2257 2042 105 44 Re=

680 2084 532 52 präsentantenhause
1234 2090 347 57 verfügbaren
1603 2093 241 43 Räumen
1873 2092 80 44 die
1975 2094 272 49 Wünsche
2274 2102 90 45 der

679 2140 302 56 polnischen
1023 2146 107 42 und
1170 2148 302 46 cechischen
1511 2151 243 45 Künstler
1790 2164 66 31 zu
1893 2152 324 60 befriedigen,
2255 2163 107 42 und

240 559 230 22 Randzeichnung

236 491 26 30 J.
287 491 35 22 M.
347 491 95 30 Auchentaller
450 491 24 30 OM.
