2957 3048
1565 2926 35 26 24

1193 1377 744 43 AUSSTELLUNGSWESEN.

917 1514 136 28 EINIGE
1080 1511 353 28 AUSSTELLUNGEN

948 1551 74 27 DES
1039 1549 323 29 VERFLOSSENEN
1374 1547 162 35 JAHRES*

901 1617 28 16 m
950 1604 157 28 December
1131 1603 54 35 gab
1210 1603 142 27 Professor
1373 1601 89 28 Stuck
1484 1601 53 27 den

901 1644 136 27 Wienern
1054 1641 194 35 Gelegenheit,
1266 1640 50 28 ihn
1329 1643 29 24 in
1377 1642 75 25 einer
1470 1639 49 27 Col-

901 1680 290 34 lectiv-Ausstellung
1210 1678 45 28 bei
1269 1678 131 27 Miethke
1420 1678 116 27 kennen

903 1730 35 18 zu
950 1719 106 28 lernen*
1069 1717 153 29 Nachdem
1237 1727 83 17 unser
1329 1716 150 27 Publicum
1489 1717 50 24 mit

904 1760 75 25 einer
998 1756 76 28 noch
1090 1755 136 28 schwerer
1246 1754 200 28 verdaulichen
1466 1752 74 28 Kost

903 1803 30 12 =
942 1795 43 27 die
994 1793 313 35 Slevogt-Ausstellung
1319 1794 29 25 in
1362 1791 47 28 der
1420 1791 102 27 Garten-

904 1833 16 27 b
924 1832 202 36 augesellschaf
1126 1836 11 22 t
1141 1830 248 28 =Bekanntschaf
1389 1835 11 22 t
1409 1840 64 24 gern
1476 1828 64 27 acht

904 1871 88 31 hatte,
1000 1871 62 27 liess
1072 1880 28 17 es
1109 1869 82 27 selbst
1203 1871 82 25 einen
1295 1868 89 27 Stuck
1393 1867 88 28 schon
1491 1868 50 25 mit

906 1912 92 25 einem
1014 1907 257 28 unverkennbaren
1290 1906 114 28 Seufzer
1424 1904 47 28 der
1492 1904 32 27 Er-

905 1946 174 34 leichterung
1095 1945 68 27 über
1175 1944 59 28 sich
1245 1944 131 35 ergehen*
1387 1943 57 27 Der
1453 1942 71 28 Über-

631 1985 117 28 mensch
760 1987 34 25 ist
807 1985 86 27 ihnen
907 1984 148 34 allerdings
1068 1983 74 27 noch
1152 1987 86 23 etwas
1251 1981 202 35 unangenehm
1466 1980 60 27 kräf-

630 2027 49 32 tig,
693 2023 65 28 aber
771 2026 38 24 sie
822 2022 89 36 geben
925 2022 58 28 sich
999 2024 168 32 wenigstens
1184 2020 120 28 redliche
1318 2019 101 31 Mühe,
1433 2019 60 26 ihm
1506 2028 36 19 zu

630 2062 105 35 folgen*
749 2061 82 34 Jeder
848 2061 148 27 Hansnarr
1014 2060 50 27 hat
1082 2059 84 27 heute
1186 2059 114 34 gelernt,
1322 2057 47 28 des
1386 2051 137 33 Übermen-

631 2100 85 28 schen
733 2100 150 33 Räuspern
900 2098 59 28 und
973 2098 133 34 Spucken
1123 2107 35 19 zu
1172 2099 138 31 copieren,
1329 2095 59 28 und
1401 2095 80 34 spielt
1493 2094 49 27 ihn

632 2149 59 22 aus,
705 2149 84 17 wenn
802 2148 28 17 er
843 2139 39 25 im
900 2137 98 27 Kreise
1017 2136 98 27 holder
1127 2134 201 29 Weiblichkeit
1340 2133 55 28 den
1408 2132 135 28 Eroberer

632 2177 143 27 markiert:
781 2175 98 28 wasW
881 2174 207 33 under,wenn's

632 2215 43 27 die
692 2215 88 27 Leute
797 2213 111 36 gruselt,
925 2216 57 25 tritt
1000 2212 87 28 ihnen

632 2253 104 27 einmal
757 2255 45 25 ein
823 2250 186 30 Vollmensch
1034 2252 53 26 wie

633 2291 89 27 Stuck
741 2289 129 29 wirklich
890 2288 180 29 übermensch-

631 2329 56 27 lich
700 2333 148 29 entgegen*

723 2366 71 28 Was
820 2368 34 25 ist
879 2368 40 24 im
940 2364 131 28 Künstler-

632 2405 73 27 haus
713 2404 75 27 nach
797 2403 47 28 der
848 2402 223 35 Jahres-Ausstel-

633 2443 69 34 lung
714 2445 29 25 in
751 2442 104 28 diesem
864 2440 104 29 Herbst
977 2442 107 33 gezeigt

633 2480 116 28 worden
754 2480 12 27 ?
771 2480 39 28 W
811 2478 187 35 erestschagin
1004 2487 31 11 =
1040 2478 50 27 das

634 2524 61 29 sagt
712 2528 103 25 genug*
828 2517 96 28 Wenn
942 2516 89 28 damit
1049 2527 40 16 er-

1586 1507 88 27 reicht
1690 1507 113 27 werden
1820 1507 87 32 sollte,
1928 1507 61 28 dass
2007 1508 47 28 der
2070 1509 202 31 künstlerische
2291 1513 162 37 Rückgang
2469 1518 30 24 in

1588 1545 54 28 den
1650 1545 135 28 Arbeiten
1796 1545 48 28 des
1851 1545 105 28 Malers
1970 1546 123 29 deutlich
2101 1559 51 17 vor
2160 1550 105 35 Augen
2273 1551 111 35 geführt
2392 1553 106 33 wurde,

1588 1595 31 16 so
1639 1595 59 16 war
1717 1584 148 34 allerdings
1886 1584 47 27 der
1958 1584 107 28 Zweck
2084 1587 129 32 erreicht;
2235 1589 74 28 denn
2330 1590 95 27 Kritik
2447 1594 52 25 wie

1588 1622 144 31 Künstler,
1757 1624 28 32 ja
1810 1621 81 29 selbst
1912 1633 82 17 unser
2018 1634 54 16 nur
2091 1634 36 19 zu
2151 1625 161 36 geduldiges
2339 1628 159 33 Publicum,

1588 1660 93 28 haben
1701 1660 73 28 diese
1790 1665 136 23 neuesten
1939 1660 134 29 Arbeiten
2090 1663 129 28 ziemlich
2232 1664 268 30 übereinstimmend

1589 1697 151 36 abgelehnt
1757 1697 60 28 und
1829 1698 227 35 Werestschagin
2072 1700 94 28 feierte
2179 1700 151 30 höchstens
2348 1706 28 25 in
2394 1707 106 25 seinem

1590 1735 195 28 erläuternden
1798 1736 178 35 „Catalogue
1995 1739 151 26 raisonne“
2160 1741 82 25 einen
2259 1740 79 27 mehr
2352 1744 53 25 wie
2418 1745 64 25 zwei-

1588 1773 136 28 felhaften
1736 1772 144 36 Triumph
1894 1774 40 27 als
1946 1774 172 35 geschickter
2132 1776 127 29 Causeur

1672 1827 67 27 Und
1752 1827 43 27 die
1808 1827 210 34 unglückselige
2027 1827 398 40 Weihnachts-Ausstellung?
2439 1834 65 28 Wie

1590 1865 88 28 durch
1699 1876 61 17 eine
1781 1865 90 28 Ironie
1893 1865 46 27 des
1953 1865 158 28 Schicksals
2130 1867 132 28 scheinen
2280 1868 44 28 die
2342 1881 68 22 paar
2423 1872 64 27 tüch-

1590 1910 76 28 tigen
1675 1903 135 28 Arbeiten
1823 1903 76 27 Prof*
1914 1903 98 27 Carlos
2022 1903 119 29 Grethes
2159 1907 29 25 in
2206 1905 43 28 die
2262 1906 240 32 haarsträubende

1591 1941 172 35 Umgebung
1779 1941 240 35 hineingeschneit
2036 1951 35 19 zu
2089 1952 67 18 sein*
2174 1943 94 33 „Elsa,
2287 1950 50 22 mit
2354 1957 74 16 wem
2441 1958 45 17 ver-

1590 1980 96 27 kehrst
1699 1979 38 28 du
1751 1979 36 27 da
1794 1979 32 28 ?“
1838 1987 31 12 =
1882 1979 118 27 Grethes
2017 1979 135 28 Arbeiten
2176 1981 61 28 sind
2254 1993 44 16 ein
2317 1983 116 33 Beweis,
2450 1997 53 17 wie

1592 2017 46 28 der
1658 2023 89 22 ernste
1760 2017 135 28 Künstler
1909 2028 28 16 in
1951 2017 137 35 gesunder
2101 2018 218 37 Entwickelung
2337 2022 58 27 sich
2409 2023 80 29 selbst-

1592 2056 110 34 ständig
1714 2066 35 18 zu
1763 2055 121 28 machen
1897 2055 119 28 bestrebt
2028 2060 43 23 ist*
2085 2056 103 28 Immer
2201 2058 185 34 malerischer,
2404 2071 101 19 immer

1592 2094 135 28 ehrlicher
1746 2096 38 24 im
1804 2094 130 27 Erfassen
1952 2093 47 28 der
2017 2093 195 29 Farbenwerte
2230 2101 34 22 ist
2283 2107 58 17 sein
2356 2097 83 36 Auge
2458 2111 31 23 ge-

1592 2132 124 32 worden,
1727 2131 58 28 und
1794 2143 85 16 wenn
1889 2142 68 17 man
1967 2131 74 28 auch
2049 2132 75 27 noch
2138 2132 53 28 den
2201 2133 138 29 Schweiss
2349 2135 47 29 des
2406 2138 78 28 mühe-

2050 2170 94 27 vollen
2149 2170 222 31 künstlerischen
2378 2174 126 36 Ringens

2050 2208 128 33 erkennt,
2200 2209 49 28 das
2270 2222 53 16 nur
2343 2223 59 17 rein
2419 2215 68 28 male-

2050 2246 89 28 rische
2165 2247 105 29 Werke
2292 2249 74 28 ohne
2395 2251 90 30 Koket-

2050 2288 67 24 terie
2130 2285 59 27 und
2198 2286 249 32 Nebenabsichten
2461 2302 30 24 ge-

2051 2321 54 28 ben
2114 2323 65 32 will,
2195 2335 30 16 so
2238 2325 69 27 wird
2321 2326 72 28 doch
2404 2329 99 33 gerade

2053 2360 48 27 das
2109 2360 153 30 Erkennen
2272 2362 86 29 dieses
2367 2365 139 36 kräftigen

2052 2398 137 33 Wollens,
2214 2399 86 29 dieses
2321 2404 181 29 männlichen

2053 2436 165 36 Entsagens,
2237 2438 53 28 den
2309 2443 116 27 meisten
2439 2454 51 17 neu-

2053 2485 65 17 eren
2138 2476 127 28 Werken
2290 2478 118 29 Grethes
2433 2482 72 28 volle

2055 2512 136 36 Achtung
2206 2517 219 34 entgegenbring
2426 2530 92 17 en*\s>^>

400 1878 21 14 v.
432 1873 61 19 Kolo
498 1873 84 18 Moser.

2218 546 54 18 Gez.
2285 551 21 13 v.
2320 546 61 19 Rud.
2391 548 97 18 Bacher.

1451 2595 67 18 Fries
1530 2595 37 18 für
1580 2594 27 19 V.
1620 2594 22 19 S.
1655 2597 47 18 gez.

1451 2622 22 14 v.
1490 2617 65 19 Josef
1565 2617 137 19 Hoffmann.

400 1826 182 20 Buchschmuck

400 1851 37 18 für
456 1850 26 18 V.
495 1850 23 18 S.
536 1853 45 19 gez.

2532 131 93 33 VER
2650 126 204 38 SACRUM.
