3103 4572
994 431 208 50 Gustav
1233 434 246 64 Meyrinfi,
1516 439 114 51 Der
1663 443 86 49 Go
1751 444 90 49 fern

2409 451 116 50 1291

383 635 185 63 Wenn
625 633 101 61 der
781 633 216 62 Abend
1052 635 145 74 kam,
1262 663 179 56 zogen
1498 644 87 61 die
1632 645 266 65 Wanzen
1955 661 55 52 in
2067 652 236 65 Sdiaren
2361 656 165 78 gleich

309 733 267 61 Ameisen
634 726 140 60 über
830 727 89 61 die
959 728 226 62 Wände
1242 733 117 60 und
1406 736 76 59 idi
1531 737 176 79 fragte
1756 743 133 60 midi
1936 745 267 74 jedesmal
2258 766 267 56 erstaunt,

308 845 208 42 warum
558 821 147 59 denn
748 821 99 59 der
887 821 137 61 Kerl
1075 832 53 51 in
1170 823 169 65 Säbel
1380 830 116 61 und
1536 831 359 66 Unterhosen
1936 840 134 61 midi
2111 864 66 38 so
2215 853 311 66 gewissen*

310 916 113 64 Haft
461 912 378 79 ausgeforscht
879 913 164 73 habe,
1084 916 75 61 ob
1201 919 74 61 ich
1317 920 125 62 kein
1482 922 341 80 Ungeziefer
1862 931 170 64 hätte.

378 1007 288 63 Fürchtete
709 1032 130 36 man
875 1009 260 63 vielleicht
1169 1020 72 53 im
1274 1014 442 81 Landesgericht,
1750 1046 59 38 es
1842 1024 183 63 könne
2059 1037 121 52 eine
2211 1029 313 81 Kreuzung

305 1100 281 65 fremder
625 1099 449 65 Insektenrassen
1117 1108 320 61 entstehen?

376 1194 294 62 Mittwoch
710 1204 331 70 vormittags
1080 1197 129 63 kam
1249 1203 338 75 gewöhnlich
1630 1216 85 53 ein
1749 1208 421 85 Schweinskopf
2203 1216 186 62 herein
2422 1227 101 52 mit

301 1288 329 79 Schlapphut
654 1288 117 61 und
794 1289 318 64 zuckenden
1129 1293 426 68 Hosenbeinen:
1576 1300 122 62 Der
1715 1302 434 81 Gefängnisarzt
2172 1310 103 62 Dr.
2295 1311 226 62 Rosen*

301 1382 132 62 blatt—
588 1381 119 61 und
748 1381 337 81 überzeugte
1124 1387 125 71 sich,
1289 1388 110 63 daß
1441 1391 102 62 alle
1583 1418 106 36 vor
1729 1395 353 66 Gesundheit
2120 1419 281 46 strotzten.

375 1475 140 61 Und
553 1498 167 38 wenn
764 1485 152 53 einer
954 1479 106 61 sich
1100 1480 334 66 beschwerte
1588 1488 334 81 gleichgültig
1960 1495 278 73 worüber,
2279 1521 67 38 so
2387 1522 133 37 ver*

301 1569 197 62 schrieb
540 1592 60 36 er
638 1569 306 63 Zinksalbe
983 1597 131 37 zum
1155 1574 302 65 Einreiben
1499 1579 98 62 der
1636 1581 179 64 Brust,

373 1661 227 60 Einmal
656 1661 127 64 kam
835 1665 136 60 auch
1020 1667 98 61 der
1164 1668 733 85 Landesgerichtspräsident
1942 1688 98 52 mit
2209 1691 88 53 ein
2346 1684 170 61 hoch*

296 1755 384 78 gewachsener
718 1757 385 78 parfümierter
1135 1761 262 64 Halunke
1434 1766 98 62 der
1566 1787 201 59 »guten
1803 1771 419 76 Gesellschaft«,
2264 1776 128 63 dem
2425 1778 90 61 die

298 1856 336 71 gemeinsten
675 1849 203 64 Laster
917 1861 74 52 im
1025 1853 228 64 Gesicht
1289 1860 345 75 geschrieben
1665 1865 254 72 standen,
1961 1869 116 59 und
2109 1869 100 60 sah
2242 1870 152 72 nach,
2438 1872 76 61 ob

411 1942 132 61 alles
591 1952 55 52 in
689 1945 287 78 Ordnung
1021 1956 80 53 sei
1143 1975 99 34 —;
1296 1952 110 60 »ob
1453 1954 106 61 sich
1607 1957 136 60 noch
1791 1966 191 55 immer
2029 1960 171 63 kaner
2246 1964 269 62 derhenkt

298 2034 199 72 höbe«,
538 2045 110 53 wie
686 2037 107 61 sich
835 2039 99 61 der
972 2040 262 63 Frisierte
1275 2045 338 65 ausdrückte.

371 2129 80 60 Ich
508 2153 122 38 war
686 2131 107 61 auf
839 2134 92 60 ihn
988 2149 342 64 zugetreten,
1380 2163 95 38 um
1516 2142 110 61 ihm
1668 2152 121 53 eine
1820 2144 143 64 Bitte
2002 2164 392 64 vorzutragen,
2436 2152 76 61 da

295 2222 147 61 hatte
475 2247 60 37 er
567 2233 160 53 einen
755 2225 137 63 Satz
925 2227 178 63 hinter
1133 2229 108 62 den
1269 2230 504 80 Gefangenwärter
1795 2239 246 77 gemacht
2073 2242 118 61 und
2214 2252 104 52 mir
2349 2253 161 54 einen

292 2316 279 62 Revolver
601 2319 381 78 vorgehalten.
1223 2326 176 62 »Was
1433 2330 74 58 ich
1541 2328 146 62 denn
1714 2331 218 72 wolle«,
1973 2333 166 63 schrie
2171 2359 58 38 er
2252 2338 136 60 mich
2422 2361 88 38 an.

369 2410 99 60 Ob
507 2411 184 63 Briefe
733 2413 89 61 für
861 2416 135 60 midi
1037 2417 75 61 da
1152 2427 169 60 seien,
1366 2420 174 78 fragte
1571 2423 77 60 ich
1681 2423 200 63 höflich.
1923 2425 149 63 Statt
2104 2429 97 61 der
2231 2429 279 64 Antwort

292 2501 196 63 bekam
529 2506 76 60 ich
647 2515 160 53 einen
850 2507 141 63 Stoß
1032 2534 105 38 vor
1176 2512 89 61 die
1298 2512 168 64 Brust
1504 2539 135 38 vom
1677 2516 185 62 Herrn
1895 2519 99 61 Dr.
2029 2520 344 75 Rosenblatt,
2408 2525 99 61 der

290 2595 161 77 gleich
508 2597 211 64 darauf
760 2600 103 62 das
1138 2605 200 61 suchte.
1396 2606 165 63 Audi
1609 2609 98 61 der
1745 2610 149 61 Herr
1933 2611 287 64 Präsident
2258 2638 111 56 zog
2399 2618 108 59 sich

292 2693 197 59 zurück
538 2694 116 61 und
695 2695 210 61 höhnte
947 2698 163 61 durch
1152 2699 110 61 den
1302 2695 440 70 Türausschnitt:
1900 2707 77 59 ich
2016 2707 136 61 solle
2191 2708 168 62 lieber
2398 2709 109 62 den

290 2782 174 63 Mord
517 2787 283 76 gestehen.
859 2789 220 62 Früher
1133 2792 234 63 bekäme
1414 2796 76 59 ich
1532 2803 53 54 in
1627 2796 207 62 diesem
1874 2797 191 62 Leben
2106 2799 159 63 keine
2304 2802 200 63 Briefe,

361 2971 81 61 Ich
484 2973 153 63 hatte
677 2977 135 60 midi
854 2977 181 79 längst
1076 3004 71 37 an
1190 2981 89 61 die
1319 2981 255 64 schlechte
1606 2984 132 61 Luft
1770 2985 116 60 und
1918 2985 88 61 die
2037 2986 171 62 Hitze
2237 2990 272 76 gewöhnt

286 3065 114 60 und
440 3065 249 65 fröstelte
728 3069 310 80 beständig.
1082 3072 201 73 Selbst,
1326 3098 167 38 wenn
1533 3076 89 61 die
1663 3075 192 64 Sonne
1894 3078 192 62 schien.

359 3158 163 63 Zwei
566 3161 99 61 der
705 3163 376 78 Gefangenen
1124 3166 190 63 hatten
1354 3169 164 61 schon
1562 3169 288 79 einigemal
1880 3172 340 76 gewechselt,
2262 3174 135 61 aber
2427 3175 79 61 ich

287 3252 204 63 achtete
531 3255 141 63 nicht
712 3257 217 64 darauf.
980 3259 175 62 Diese
1187 3260 218 63 Woche
1446 3286 123 38 war
1608 3287 59 37 es
1707 3273 87 52 ein
1837 3259 378 69 Taschendieb
2256 3268 119 61 und
2416 3277 88 53 ein

284 3340 416 86 Wegelagerer,
742 3351 102 62 das
886 3353 332 62 nächstemal
1260 3363 87 52 ein
1381 3356 425 62 Falschmünzer
1844 3358 138 61 oder
2022 3367 87 52 ein
2142 3359 229 74 Hehler,
2413 3362 92 62 die

281 3434 403 84 hereingeführt
724 3445 250 63 wurden.

357 3531 144 65 Was
541 3535 77 62 ich
658 3554 221 61 gestern
922 3540 226 73 erlebte,
1188 3564 122 38 war
1349 3541 165 61 heute
1555 3565 308 55 vergessen.

359 3625 201 81 Gegen
605 3631 103 61 das
740 3631 254 64 Wühlen
1027 3634 99 61 der
1157 3634 182 79 Sorge
1371 3659 95 37 um
1503 3635 230 78 Mirjam
1766 3636 317 64 verblaßten
2119 3639 104 62 alle
2256 3643 246 62 äußeren

280 3714 458 82 Begebenheiten.

352 3813 137 63 Nur
531 3826 87 52 ein
660 3818 261 80 Ereignis
963 3820 152 61 hatte
1156 3822 106 61 sich
1303 3829 102 54 mir
1444 3822 159 61 tiefer
1651 3831 319 72 eingeprägt
2128 3850 59 39 es
2227 3828 277 80 verfolgte

280 3906 131 61 midi
450 3911 276 62 zuweilen
761 3913 81 62 als
883 3913 259 61 Zerrbild
1181 3916 84 59 bis
1307 3923 54 51 in
1402 3914 108 61 den
1551 3912 235 65 Traum:
