3228 4572
2445 439 127 49 1169

930 452 245 54 Mecßtifd
1185 450 337 61 LiSnowsfiy,
1715 447 231 52 Gedichte

831 661 138 64 Sich
1009 658 182 78 geben
1233 665 73 52 ist
1344 654 103 62 das
1489 653 269 72 Höchste,

835 755 128 63 Das
1006 752 315 62 Schwerste
1362 749 179 61 nicht.
1572 797 12 12 .
1614 796 12 14 .

832 849 189 63 Drum
1062 846 129 61 dein
1233 852 82 53 sei
1359 842 245 62 andrer
1644 842 215 77 Augen

832 941 318 65 Ersehntes
1191 938 169 61 Licht.

831 1100 142 69 Laß,
1014 1096 255 70 Freund,
1308 1096 136 61 mich
1487 1094 91 61 für
1618 1093 114 62 dich
1774 1092 254 62 werben!

833 1194 83 62 Ich
962 1194 94 59 bin
1096 1190 93 62 die
1230 1188 185 72 Kraft,

833 1286 116 62 Die
988 1284 177 62 Liebe
1205 1282 120 61 und
1364 1281 104 62 das
1512 1280 257 71 Sterben,

833 1382 129 60 Das
1005 1378 91 62 für
1137 1378 114 61 dich
1294 1376 210 63 schafft.

1157 1777 576 68 LEBENSMUT

838 1975 378 80 Kahlgefegte
1260 1971 500 82 Spätherbstlinde,

838 2070 256 61 Nackter
1133 2069 185 59 Baum
1359 2089 132 38 zum
1533 2062 248 62 Himmel
1821 2061 271 79 greifend.

841 2165 188 61 Deine
1068 2163 135 61 Not
1244 2159 162 63 wirkt
1445 2183 69 38 so
1556 2156 330 80 ergreifend.

842 2257 135 62 Daß
1019 2257 76 60 ich
1137 2255 119 60 hier
1297 2253 133 61 mich
1473 2251 183 63 selber
1697 2249 165 71 finde.

843 2351 200 63 Selber
1084 2347 341 63 schmerzlich
1467 2343 232 65 reifend.

842 2508 183 70 Nein,
1067 2507 76 61 ich
1184 2504 194 62 wollte
1419 2503 140 61 nicht
1598 2503 165 60 mich
1805 2500 222 69 suchen.

843 2602 143 62 Nur
1026 2602 91 61 die
1158 2599 143 63 helle
1341 2596 447 71 Himmelskälte,

846 2697 114 60 Die
1002 2719 74 37 an
1118 2695 222 61 deinem
1382 2692 263 62 Schwarz
1686 2687 344 72 zerschellte,-

846 2790 155 61 Muß
1043 2789 76 61 ich
1162 2812 117 36 nun
1322 2786 99 61 der
1463 2782 297 65 Schönheit
1800 2782 228 69 fluchen.

849 2884 114 61 Die
1004 2892 104 52 mir
1148 2881 116 61 dich
1306 2878 307 63 entstellte?

850 3043 99 61 Da
1090 3063 62 38 es
1194 3039 229 62 schwillt
1463 3046 89 53 ein
1592 3059 134 38 rosa
1766 3031 304 64 Dunstball

850 3135 206 61 Hinter
1096 3133 195 61 deines
1332 3130 248 64 Stamms
1625 3128 328 76 Gezweige.

851 3231 168 59 Höre
1061 3228 78 61 du
1181 3227 134 61 mich
1358 3257 62 17 ■—
1459 3223 216 64 Wolke
1816 3229 157 69 zeige

850 3323 120 61 Mir
1012 3322 111 61 den
1164 3321 158 76 Weg
1363 3342 107 38 aus
1509 3328 183 66 jenem
1732 3313 265 70 Wirrsal,

852 3417 97 61 Eh
953 3417 16 22 7
1011 3417 76 61 ich
1231 3414 246 63 schwach
1621 3411 133 61 mich
1795 3417 178 69 neige.

852 3574 205 62 Linde!
1100 3571 161 65 Sieh:
1306 3572 152 61 Dein
1498 3568 160 63 Herz
1697 3566 113 62 will
1853 3572 260 71 springen

854 3666 144 64 Und
1039 3690 61 37 es
1142 3668 211 59 zucken
1393 3674 223 67 jüngste
1655 3656 225 74 Triebe,

855 3761 100 61 Da
995 3769 90 53 ein
1124 3758 254 78 Vöglein
1420 3781 107 38 uns
1567 3754 239 68 zuliebe.

856 3855 163 63 Hoch
1061 3863 54 53 in
1158 3853 83 62 dir
1282 3853 228 77 beginnt
1548 3873 75 38 zu
1663 3855 213 70 singen.

857 3948 225 62 Wollte
1124 3947 145 63 Gott
1310 3968 62 40 es
1414 3943 198 64 bliebe.
