3139 4572
997 415 206 52 Gustav
1235 419 246 64 Meyrink,
1515 426 116 51 Der
1661 431 85 50 Go
1746 433 93 50 fern

2400 443 123 55 1335

380 653 141 61 Drin
563 654 70 53 ist
672 642 136 62 alles
851 642 283 63 blendend
1175 644 309 68 erleuchtet.

381 741 151 66 Und
573 738 81 61 da
695 736 160 62 sehe
897 737 85 60 ich
1366 742 73 62 da
1479 746 156 63 sehe
1674 752 80 60 ich
2125 771 144 52 mein
2312 788 205 53 ganzer

308 842 217 75 Körper
563 831 143 62 wird
747 839 89 53 ein
880 839 246 69 einziger
1166 832 282 66 hallender
1486 839 455 72 Freudenschrei:

383 926 264 66 »Hillel!
690 924 300 77 Mirjam!
1033 925 273 65 Hillel!«

378 1025 78 63 Ich
497 1019 112 63 will
640 1018 111 62 auf
783 1016 91 63 die
908 1016 347 66 Gitterstäbe
1296 1022 362 82 losspringen.
1701 1030 197 66 Greife
1945 1037 268 65 daneben.
2257 1043 257 65 Verliere

306 1121 103 61 den
447 1113 140 63 Halt
626 1136 94 37 am
762 1110 131 63 Seil.

376 1211 186 62 Einen
609 1206 357 78 Augenblick
1014 1206 184 81 hänge
1245 1211 112 71 ich,
1405 1213 189 82 Kopf
1632 1217 315 78 abwärts,
1988 1225 103 63 die
2136 1229 202 64 Beine
2385 1236 130 75 ge>

306 1307 225 63 kreuzt
569 1300 276 62 zwischen
887 1300 250 63 Himmel
1179 1303 119 63 und
1336 1305 176 65 Erde.

376 1399 122 59 Das
534 1394 113 62 Seil
687 1401 149 70 singt
875 1392 91 64 bei
1006 1394 130 63 dem
1167 1397 169 64 Ruck.
1381 1400 340 67 Knirschend
1761 1406 214 66 dehnen
2016 1414 105 61 sich
2156 1414 87 63 die
2276 1418 231 65 Fasern,

376 1491 79 61 Ich
498 1488 144 62 falle.

375 1584 161 61 Mein
577 1580 367 63 Bewußtsein
986 1583 227 63 erlischt.

376 1676 165 63 Noch
574 1684 75 53 im
682 1674 172 64 Sturz
884 1676 175 78 greife
1093 1678 74 61 ich
1200 1679 134 61 nach
1367 1679 128 64 dem
1526 1683 388 78 Fenstersims,
1955 1692 132 62 aber
2119 1696 73 60 ich
2227 1697 162 75 gleite
2422 1701 87 60 ab.

303 1773 143 61 Kein
485 1770 160 62 Halt:

376 1865 120 61 Der
535 1864 157 62 Stein
734 1872 73 54 ist
845 1865 148 79 glatt.

1046 1960 195 64 Glatt
1280 1974 126 53 wie
1447 1975 103 54 ein
1590 1968 188 63 Stück

1331 2058 169 62 Fett,

372 2829 111 31 »
759 2817 127 54 wie
927 2819 107 52 ein
1077 2811 192 62 Stück
1308 2812 218 62 Fett!«

369 2896 139 64 Das
550 2907 88 54 ist
677 2900 117 62 der
833 2901 216 74 Stein,
1091 2904 116 62 der
1247 2906 304 62 aussieht
1589 2915 125 53 wie
1754 2915 101 53 ein
1896 2906 186 62 Stück
2121 2909 172 62 Fett.

369 2990 113 62 Die
521 2993 215 64 Worte
775 2996 182 79 gellen
999 3008 104 52 mir
1142 3000 137 61 noch
1321 3009 52 52 in
1424 3000 107 61 den
1573 3000 213 62 Ohren,
1839 3001 169 61 Dann
2055 3003 160 61 richte
2256 3004 75 60 ich
2373 3005 132 60 mich

294 3084 104 61 auf
432 3088 118 61 und
590 3090 135 61 muß
767 3093 135 60 midi
944 3092 289 73 besinnen,
1275 3118 96 37 wo
1416 3095 74 60 ich
1531 3094 108 62 bin.

366 3178 80 61 Ich
489 3181 141 80 liege
672 3193 75 52 im
786 3186 126 61 Bett
952 3187 119 61 und
1110 3187 209 62 wohne
1358 3197 74 52 im
1471 3188 190 61 Hotel.

366 3272 172 63 Habe
578 3278 76 60 ich
696 3278 104 63 das
842 3280 136 62 alles
1021 3305 108 37 nur
1166 3282 311 78 geträumt?

366 3365 184 66 Nein!
596 3371 84 62 So
722 3382 209 54 träumt
972 3399 131 38 man
1143 3376 157 62 nicht.

366 3460 81 61 Ich
497 3465 203 62 schaue
748 3468 110 62 auf
891 3468 90 63 die
1023 3469 152 62 Uhr:
1226 3470 194 61 Kaum
1460 3478 121 53 eine
1621 3468 216 63 Stunde
1877 3469 144 61 habe
2062 3470 73 60 ich
2177 3470 329 78 geschlafen.

291 3549 85 66 Es
418 3565 73 52 ist
531 3558 131 63 halb
703 3562 136 63 drei.

366 3647 141 64 Und
557 3654 129 62 dort
734 3654 174 82 hängt
957 3657 100 63 der
1105 3658 214 62 fremde
1366 3659 144 70 Hut,
1565 3657 107 62 den
1720 3657 75 61 ich
1852 3656 168 62 heute
2074 3666 74 52 im
2199 3657 156 61 Dom
2412 3659 109 60 auf

291 3738 125 66 dem
464 3746 317 66 Hradschin
830 3753 362 63 verwechselt
1240 3753 164 71 habe,
1460 3752 80 62 als
1598 3752 74 61 ich
1728 3751 144 61 beim
1921 3751 278 61 Hochamt
2255 3752 106 61 auf
2412 3753 99 61 der

291 3831 252 70 Betbank
583 3843 120 61 saß.

365 3930 162 66 Steht
568 3948 89 52 ein
699 3941 199 61 Name
940 3943 192 59 darin?

1362 2543 115 61 XX

1205 2668 412 64 SCHLUSS
