3164 4572
1037 450 218 64 Ludwig
1286 453 203 63 Strauß,
1536 456 114 51 Vier
1681 457 146 52 Oden

2445 465 122 50 1247

1130 1142 247 77 VIER
1427 1145 307 77 ODEN

1090 1360 680 69 VERKLÄRUNG

546 1534 100 61 Du
687 1557 73 36 an
801 1533 232 62 Anmut
1071 1558 69 38 so
1181 1538 164 71 reich.

547 1628 131 61 Daß
721 1627 99 62 der
861 1644 123 46 zart
1024 1630 108 60 sich
1173 1630 310 79 Regenden

547 1720 267 63 Goldene
853 1722 269 62 Kettchen
1165 1723 157 64 leicht

548 1816 118 59 lim
708 1814 90 63 die
842 1816 207 72 feinen,
1089 1821 234 60 nackten

543 1911 97 62 Zu
680 1910 192 62 läuten
914 1912 277 73 scheinen,
1233 1939 98 38 um
1371 1916 150 62 Arm
1564 1919 117 62 und
1722 1921 144 62 Hals

542 2051 296 63 Zierlicher
878 2054 83 61 als
1005 2063 55 52 in
1102 2056 110 61 den
1254 2052 201 84 Tagen
1494 2070 54 67 je

542 2143 115 64 Sah
699 2147 75 60 ich
817 2157 74 52 im
933 2143 218 68 Traum
1195 2151 100 72 oft,
1336 2148 302 78 Tänzerin,
1681 2156 114 61 dich

544 2239 60 61 In
643 2240 310 74 Himmeln,
995 2268 172 38 wenn
1210 2245 141 62 über
1390 2248 170 63 Haue
1602 2250 139 62 Flut

543 2331 139 64 Von
725 2335 166 62 Stern
934 2362 75 38 zu
1052 2339 168 62 Stern

542 2425 137 64 Wie
725 2455 118 36 von
884 2432 198 63 Kiesel
1122 2458 76 37 zu
1239 2435 197 63 Kiesel
1478 2446 74 53 im
1592 2439 308 63 rinnenden
1940 2442 142 61 Bach

542 2519 284 66 Reizende
867 2524 271 65 Vorsicht

542 2613 185 65 Deine
768 2620 410 63 schwebenden
1221 2623 226 64 Schritte
1488 2625 165 63 lenkt.

541 2756 171 64 Dann
755 2785 97 37 um
895 2763 90 62 die
1027 2764 207 64 Brüste

541 2848 255 84 Verzog,
840 2856 90 63 die
972 2867 83 54 sie
1098 2861 296 72 umwölkt,
1436 2862 90 62 die
1567 2863 133 61 Luft
1739 2889 119 37 von
1897 2863 159 64 Gier.

541 2943 146 65 Nun
729 2949 179 78 liegen
950 2961 102 63 sie,
1093 2952 183 64 kleine
1315 2956 195 78 Hügel
1552 2966 73 52 im
1666 2957 236 73 Abend,

538 3039 140 63 Klar
716 3044 127 76 jede
882 3046 181 73 Linie,
1104 3049 139 62 aber
1284 3050 185 64 Milde
1511 3053 228 61 atmend

538 3133 60 61 In
631 3135 254 66 Schatten
929 3142 111 62 fest
1080 3144 120 61 und
1239 3145 126 63 still.

539 3275 136 65 Nur
715 3280 198 65 fahren
955 3285 298 64 Wünsche
1294 3290 137 60 noch
1474 3298 74 52 im
1590 3289 132 62 Blut
1762 3290 110 61 auf

538 3368 137 64 Wie
716 3374 141 62 über
896 3378 450 65 Abendstraßen
1386 3382 257 62 rollende
1686 3383 305 62 Gefährte:

536 3462 182 66 Leicht
758 3471 176 62 wölkt
975 3473 273 79 goldener
1289 3476 185 62 Staub

538 3554 118 66 Um
698 3562 201 65 deinen
941 3567 132 64 Fuß
1115 3570 336 63 verklärend
1491 3572 210 71 Feuer,
1750 3572 200 61 schnell
1991 3572 523 65 verschwebendes.
