3071 4572
1015 449 207 51 Gustav
1254 449 251 62 Meyrinß,
1543 451 116 51 Der
1691 453 86 49 Go
1778 453 95 49 fern

2450 450 124 52 1327

333 669 205 64 Worte
582 659 99 61 des
726 654 307 77 Sträflings
1075 661 100 54 mit
1216 654 100 61 der
1355 654 550 65 Raubtierschnauze
1947 658 159 61 fielen
2149 666 102 53 mir
2293 666 106 53 ein.
2446 658 126 61 Das

332 760 328 67 verbrannte
704 749 232 62 Gesiebt
1212 748 137 61 aber
1397 759 146 61 nein,
1596 752 152 59 nein!
1910 753 74 60 icb
2036 753 283 61 schüttelte
2363 774 61 39 es
2465 774 107 55 ge*

331 854 250 65 waltsam
621 846 99 62 ab:
765 852 151 61 nein,
958 851 145 52 nein,
1150 866 61 38 es
1253 842 228 72 konnte,
1524 867 61 38 es
1627 844 210 63 konnte
1871 847 140 60 nicht
2050 856 136 52 sein,
2335 848 236 76 Mirjam

331 946 161 67 lebte!
651 940 82 61 lch
785 937 150 61 hatte
976 936 137 62 doch
1156 936 118 62 ihre
1316 937 235 62 Stimme
1593 962 105 37 aus
1740 940 333 78 Laponders
2115 941 194 61 Mund
2350 941 218 79 gehört.

403 1040 135 62 Nur
577 1034 136 62 noch
756 1040 125 53 eine
921 1031 233 61 Minute
1314 1041 124 52 eine
1479 1031 165 62 halbe

403 1135 109 60 Die
553 1126 289 65 Droschke
902 1125 132 61 hielt
1088 1149 110 37 vor
1246 1134 182 53 einem
1477 1121 527 69 Trümmerhaufen.
2058 1129 343 62 Barrikaden
2462 1153 108 37 aus

329 1223 466 68 Pflastersteinen!

403 1322 142 60 Rote
586 1318 283 60 Laternen
912 1314 277 62 brannten
1231 1315 220 63 darauf.

402 1416 153 59 Beim
599 1411 194 61 Schein
835 1434 118 36 von
1002 1409 218 61 Fakein
1277 1409 142 79 grub
1461 1409 118 61 und
1622 1411 300 62 schaufelte
1963 1421 88 52 ein
2093 1412 158 61 Heer
2293 1436 118 37 von
2445 1412 128 61 Ar*

329 1510 220 61 beitem.

402 1599 225 63 Halden
667 1622 118 38 von
828 1597 188 63 Schutt
1057 1596 117 62 und
1216 1597 452 63 Mauerbrocken
1707 1615 355 64 versperrten
2105 1599 109 62 den
2256 1600 175 77 Weg.
2485 1599 82 61 Ich

329 1696 239 61 kletterte
610 1691 217 72 umher,
869 1693 246 61 versank
1156 1691 83 63 bis
1282 1717 103 37 ans
1425 1693 165 62 Knie,

403 1789 123 60 Das
568 1787 136 71 hier,
747 1785 103 63 das
893 1787 195 61 mußte
1129 1785 136 63 doch
1309 1787 90 62 die
1439 1787 458 80 Hahnpaßgasse
1937 1788 178 61 sein?!

402 1881 275 62 Mühsam
719 1890 320 52 orientierte
1081 1881 75 61 ich
1198 1882 151 60 mich.
1392 1881 200 62 Nichts
1635 1881 81 62 als
1758 1882 222 61 Ruinen
2021 1891 263 67 ringsum,

403 1976 178 62 Stand
623 1975 73 61 da
737 1976 141 60 nicht
919 1973 104 63 das
1065 1975 190 69 Haus,
1298 1983 55 53 in
1395 1975 127 61 dem
1565 1977 76 60 ich
1682 1975 269 78 gewohnt
1992 1975 186 61 hatte?

403 2071 112 60 Die
554 2067 380 64 Vorderseite
976 2093 123 37 war
1140 2077 356 69 eingerissen.

402 2164 80 61 Ich
508 2163 253 62 kletterte
795 2163 110 61 auf
931 2171 163 53 einen
1122 2163 325 78 Erdhügel,-
1570 2163 106 61 tief
1701 2180 164 44 unter
1898 2173 101 51 mir
2017 2163 100 61 lief
2143 2171 88 53 ein
2258 2163 314 59 schwarzer

328 2274 347 61 gemauerter
701 2257 178 78 Gang
912 2257 90 62 die
1037 2257 308 77 ehemalige
1375 2257 193 60 Gasse
1601 2258 223 77 entlang
1856 2293 91 26 —,
1985 2258 80 59 Ich
2092 2258 227 59 schaute
2346 2278 224 56 empor:

328 2351 135 62 Wie
502 2361 198 68 riesige
726 2351 395 62 Bienenzellen
1164 2352 203 77 hingen
1395 2351 89 60 die
1509 2351 386 78 bloßgelegten
1914 2351 404 60 Wohnräume
2352 2349 221 61 neben*

329 2444 261 63 einander
629 2455 55 52 in
727 2446 100 61 der
867 2446 149 70 Luft,
1060 2444 129 63 halb
1231 2469 136 38 vom
1409 2444 404 72 Fackelschein,
1856 2444 128 61 halb
2025 2469 117 36 von
2192 2443 130 61 dem
2364 2442 204 63 trüben

328 2540 306 61 Mondlicht
675 2540 348 62 beschienen.

402 2634 124 59 Das
568 2632 130 63 dort
738 2632 170 73 oben,
961 2634 101 61 das
1105 2632 193 63 mußte
1339 2641 146 54 mein
1526 2632 252 63 Zimmer
1819 2641 118 52 sein
2081 2632 75 61 ich
2199 2631 270 61 erkannte
2510 2654 63 37 es

329 2751 68 36 an
439 2726 97 61 der
576 2728 315 78 Bemalung
930 2728 100 61 der
1063 2728 253 61 Wände.

402 2822 137 61 Nur
572 2822 159 61 mehr
773 2831 88 53 ein
905 2822 245 62 Streifen
1194 2822 193 61 davon
1433 2845 121 36 war
1596 2820 172 78 übrig.

402 2914 407 63 Dranstoßend
851 2914 177 63 daran
1070 2914 103 63 das
1208 2914 222 63 Atelier
1683 2913 280 62 Savioli's,
2006 2913 120 61 Mir
2152 2911 200 62 wurde
2385 2912 191 79 plötz*

328 3008 90 60 lieh
458 3033 146 54 ganz
644 3011 116 61 leer
801 3020 73 52 im
900 3011 245 61 Herzen,
1164 3010 141 62 Wie
1333 3010 255 62 seltsam!
1618 3010 124 61 Das
1768 3008 247 63 Atelier!
2253 3007 318 76 Angelina!

558 3104 82 62 So
682 3114 154 61 weit,
878 3128 69 38 so
990 3104 360 62 unabsehbar
1392 3104 120 62 fern
1555 3104 90 77 lag
1686 3102 101 63 das
1823 3102 134 61 alles
2001 3101 177 61 hinter
2219 3109 117 52 mir.

402 3196 81 63 Ich
525 3198 195 63 drehte
755 3200 134 60 mich
925 3223 121 37 um:
1082 3223 119 37 von
1236 3199 128 61 dem
1391 3199 188 71 Haus,
1615 3208 53 51 in
1703 3198 127 61 dem
1857 3196 394 61 Wassertrum
2286 3193 293 80 gewohnt,

327 3287 122 64 kein
482 3290 158 64 Stein
676 3292 159 62 mehr
868 3293 109 61 auf
1002 3293 129 61 dem
1165 3293 231 61 andern.
1425 3292 168 62 Alles
1629 3292 125 61 dem
1781 3289 314 62 Erdboden
2129 3289 446 78 gleichgemacht:

328 3383 119 62 Der
494 3382 431 76 Trödlerladen,
977 3388 91 61 die
1119 3387 490 77 Kellerwohnung
1653 3384 371 64 Charouseks
2420 3383 159 70 alles,

328 3477 147 64 alles.

408 3574 159 62 »Der
607 3576 240 62 Mensch
888 3575 135 80 geht
1063 3575 171 62 dahin
1277 3585 112 52 wie
1430 3585 89 51 ein
1563 3575 293 62 Schatten«
2018 3572 86 61 fiel
2147 3580 103 52 mir
2300 3579 89 53 ein
2441 3570 139 62 Satz

329 3673 106 63 ein,
477 3668 109 60 den
628 3671 76 59 ich
747 3670 203 61 einmal
994 3669 293 79 irgendwo
1329 3669 245 79 gelesen.

404 3759 82 62 Ich
529 3763 180 78 fragte
752 3774 164 51 einen
958 3764 292 70 Arbeiter,
1292 3763 77 61 ob
1413 3787 59 37 er
1513 3764 141 60 nicht
1693 3772 190 59 wisse,
1926 3783 95 38 wo
2074 3759 90 62 die
2214 3759 183 61 Leute
2446 3768 135 67 jetzt

329 3853 287 75 wohnten,
660 3858 90 61 die
792 3857 118 62 hier
950 3880 364 55 ausgezogen
1357 3867 185 63 seien,-
1590 3857 75 61 ob
1717 3878 59 40 er
1823 3854 267 62 vielleicht
2139 3853 109 61 den
2299 3853 281 62 Archivar

329 3944 324 84 Schemajah
695 3952 172 62 Hille!
908 3952 199 62 kenne.
