2989 4572
624 438 121 49 1358

1557 441 395 63 Teststeffungen

618 643 99 49 und
758 644 218 60 gelöscht.
1019 644 350 62 Infolgedessen
1409 651 75 45 ein
1525 646 284 51 besonderes
1844 647 317 51 Kunsturteil:
2207 649 235 52 entweder
2491 650 64 51 du
2604 651 140 51 malst
2786 657 92 50 und

618 721 188 61 glaubst
839 721 127 51 diese
998 722 308 62 Metaphysik
1339 724 116 50 oder
1486 724 64 50 du
1583 725 92 49 bist
1708 726 307 50 unmoralisch
2051 727 96 49 und
2180 732 73 45 ein
2286 727 242 51 schlechter
2561 729 130 50 Kerl,

683 800 169 49 Etwas
886 806 182 55 gemein
1101 801 223 51 erscheint
1355 821 51 31 es
1439 807 99 52 mir,
1581 809 47 44 in
1661 809 127 44 einer
1817 804 112 50 Zeit
1962 805 81 49 der
2065 805 242 51 Versuche
2340 806 205 51 Kritiker
2578 828 59 29 zu
2670 814 115 52 sein,
2818 816 58 47 im

617 877 114 51 Sinn
765 878 82 51 des
880 878 440 63 Zensurengebens.
1355 881 164 50 Damit
1550 882 160 50 schafft
1743 901 110 31 man
1887 901 90 32 nur
1991 884 325 62 Verwirrung,
2350 886 99 51 Der
2471 886 205 51 Kritiker
2707 887 171 54 solcher

617 957 171 51 Zeiten
820 962 69 45 sei
911 960 366 57 miterschüttert,
1299 960 112 49 auch
1435 961 87 50 auf
1539 961 80 50 der
1640 961 147 50 Suche
1809 961 98 51 und
1930 962 373 51 leidenschaftlich
2326 966 205 55 bemüht,
2556 965 84 49 das
2664 967 214 60 gedachte

614 1036 266 61 Analogon
913 1055 86 32 zur
1031 1037 164 51 Kunst
1234 1056 61 32 zu
1329 1038 159 63 geben.
1524 1040 91 49 Die
1648 1040 306 62 Unfähigkeit
1987 1041 83 51 der
2103 1041 218 60 Kritiker,
2364 1044 74 49 die
2470 1044 146 61 völlig
2656 1045 222 53 formlose

613 1113 531 63 Kunstgewerblichkeit
1163 1116 80 51 der
1259 1117 237 50 Literaten
1513 1117 196 51 bürdete
1727 1117 87 51 den
1834 1125 172 54 jungen
2025 1120 188 51 Malern
2236 1120 84 51 das
2338 1122 311 51 verwirrende
2660 1122 218 54 Geschäft

614 1193 83 50 des
731 1193 250 51 bewußten
1004 1192 259 54 Theorems
1298 1196 95 57 auf,
1430 1196 83 51 das
1548 1215 109 31 zum
1680 1197 241 51 Schreiben
1954 1199 295 60 verpflichtet.
2283 1201 81 48 Da
2396 1201 159 50 hierzu
2589 1202 73 50 die
2686 1209 190 47 meisten

613 1273 356 60 unvermögend
999 1273 121 58 sind,
1153 1280 190 44 müssen
1376 1280 69 44 sie
1477 1275 73 49 die
1574 1276 275 61 nirgendwo
1870 1277 327 51 verdeutlichte
2220 1279 96 49 und
2339 1280 278 59 gesonderte
2642 1280 234 63 Ideologie

613 1355 47 44 in
694 1351 74 49 die
801 1351 151 51 Bilder
984 1351 319 52 hineinstellen
1346 1352 98 50 und
1484 1353 73 51 die
1588 1355 183 61 Augen
1814 1374 86 30 zur
1931 1356 328 61 Einseitigkeit
2298 1364 126 43 einer
2465 1357 410 64 hemmungslosen

612 1430 101 50 idee
745 1431 89 49 fixe
854 1445 282 37 verstarren.
1162 1433 124 50 Wer
1318 1432 124 51 hätte
1463 1433 120 50 nicht
1607 1440 100 44 sein
1724 1435 314 58 Absolutum,
2060 1441 99 45 sein
2180 1436 325 62 Unbedingtes
2531 1456 61 31 an
2615 1439 81 49 der
2717 1439 160 59 Hand,

612 1507 84 51 das
730 1510 115 48 über
877 1508 74 51 die
984 1510 258 50 fruchtbare
1275 1511 270 51 Relativität
1577 1511 81 52 der
1693 1512 153 61 Dinge
1884 1513 384 63 hinwegtäuscht,
2308 1515 153 51 indem
2495 1534 108 30 man
2639 1516 104 50 dem
2776 1517 100 51 Bild

612 1592 73 43 ein
694 1587 167 57 Urteil,
885 1593 72 44 ein
980 1588 193 61 Dogma
1195 1588 205 59 einmalt,
1422 1590 225 50 während
1668 1596 74 46 ein
1765 1591 336 62 dogmatisches
2121 1592 260 51 Verhalten
2406 1593 115 51 eher
2542 1595 75 49 die
2637 1596 238 62 Wirkung

610 1666 83 49 der
724 1666 152 49 Bilder
908 1672 99 45 sein
1042 1668 172 50 müßte.
1251 1668 91 50 Die
1374 1668 82 51 der
1487 1671 330 61 Anschauung
1860 1671 174 51 fremde
2068 1671 238 63 Ideologie
2339 1673 94 50 löst
2463 1673 103 61 jede
2601 1673 144 51 Form
2780 1676 96 50 und

610 1746 150 48 macht
793 1745 84 50 das
911 1747 207 50 einzelne
1152 1746 102 51 Bild
1286 1765 85 32 zur
1404 1748 210 51 Metafer
1647 1755 126 44 eines
1806 1750 201 50 darüber
2038 1750 411 63 hinausgehenden
2482 1750 282 54 Theorems:
2803 1754 72 50 die

609 1822 153 51 Bilder
793 1830 247 44 verrinnen
1074 1844 61 30 zu
1177 1826 372 51 Kommentaren
1597 1834 126 43 einer
1764 1828 468 63 Kunstphilosophic.
2283 1830 80 49 Da
2402 1831 126 50 diese
2569 1831 306 52 anscheinend

609 1901 349 52 akademischen
980 1903 154 51 Bilder
1165 1910 103 44 eine
1300 1910 67 44 sie
1399 1905 371 62 überdringende
1792 1907 236 50 Reflexion
2063 1907 252 59 enthalten,
2339 1908 72 50 die
2435 1908 84 51 das
2542 1911 210 50 einzelne
2773 1911 102 51 Bild

608 1985 231 45 ironisiert
872 1981 97 49 und
1002 1981 76 51 für
1110 1982 166 62 nichtig
1306 1982 219 60 hinstcllt,
1560 1996 160 39 muten
1747 1985 111 50 mich
1882 1986 282 49 romantisch
2187 2004 73 31 an.
2286 1986 102 49 Das
2411 1986 103 49 Bild
2542 1988 333 63 verschrumpft

607 2077 86 32 zur
716 2060 287 50 Illustration
1035 2060 82 50 der
1141 2061 235 62 Ideologie
1409 2065 98 47 und
1533 2062 125 51 diese
1691 2070 132 54 gerät
1845 2082 105 31 zum
1973 2065 377 61 episodenhaften
2377 2066 302 51 Genrestück,
2703 2067 171 52 Etwas

607 2155 97 33 von
737 2138 304 63 zwiefältiger
1070 2140 230 50 Allkunst
1333 2141 144 51 steckt
1517 2147 47 43 in
1596 2141 159 51 diesen
1788 2142 202 60 Bildern,
2023 2142 73 51 die
2129 2143 279 61 gesonderte
2438 2145 158 49 Arten
2630 2145 80 50 des
2745 2146 96 49 Dar-

607 2216 189 53 stellens
830 2217 94 50 fast
955 2218 304 63 verkuppeln.
2480 2223 391 52 CarfEinstein.

669 2297 231 62 Afpßons
919 2298 201 64 Paquet,
1141 2300 362 63 Erzäßfungen
1521 2319 67 30 an
1604 2301 153 49 Bord.
1767 2301 181 51 Rütten
2043 2301 241 65 Loening,
2300 2302 275 62 Eranlfurt
2585 2305 135 49 a.M.
2730 2306 142 48 —Es

605 2373 181 52 kommt
819 2394 101 39 vor,
952 2375 92 50 daß
1066 2395 110 32 man
1199 2377 82 50 des
1308 2377 200 51 Abends
1541 2380 88 48 auf
1646 2378 104 51 dem
1773 2378 175 60 Lande,
1981 2380 110 50 nach
2115 2386 127 44 einer
2265 2381 113 62 Jagd
2411 2394 140 47 etwa,
2583 2401 76 32 am
2682 2383 188 55 Kamin,

605 2453 86 50 das
732 2453 232 52 Plaudern
1004 2455 184 62 vergißt
1229 2456 215 60 darüber,
1484 2456 90 51 daß
1615 2462 127 46 einer
1781 2458 83 50 der
1906 2458 155 51 Gäste
2101 2465 74 44 ein
2220 2460 217 50 Erlebnis
2479 2461 193 60 erzählt,
2705 2462 166 51 dessen

604 2532 262 51 Anekdote
899 2537 204 57 weniger
1135 2540 283 45 interessiert
1450 2535 70 49 als
1553 2535 81 52 der
1656 2536 228 51 Erzähler
1916 2538 159 56 selbst,
2109 2542 99 46 sein
2235 2538 249 59 Weltbild,
2515 2545 129 44 seine
2678 2546 193 56 geistige

604 2611 161 51 Form.
800 2611 66 51 So
900 2612 182 62 Paquet
1115 2618 45 45 in
1195 2613 172 51 diesem
1400 2615 152 50 Buche
1583 2615 361 62 Erinnerungen
1978 2635 97 32 von
2109 2617 170 51 Reisen
2312 2618 98 50 und
2442 2618 134 51 dabei
2611 2618 260 63 gesehenen

603 2691 272 58 Menschen,
903 2691 200 62 Dingen,
1139 2692 72 50 die
1243 2698 151 45 einem
1427 2693 255 61 geschahen
1809 2696 84 49 das
1926 2695 118 50 wird
2065 2696 99 49 hier
2195 2702 84 45 mit
2311 2701 127 47 einer
2471 2702 259 46 intensiven
2753 2698 78 50 An-

603 2768 319 51 schaulichkeit
955 2770 191 50 erzählt.
1179 2771 200 51 Erzählt
1411 2770 97 50 und
1541 2773 141 49 nichts
1715 2778 174 45 weiter.
1925 2773 90 50 Die
2044 2773 280 64 Steigerung
2355 2794 86 31 zur
2462 2775 208 50 Novelle
2705 2789 137 38 unter-

602 2847 138 58 blieb,
764 2847 113 51 aber
909 2848 113 50 auch
1058 2848 123 51 diese
1214 2855 62 44 im
1309 2850 220 62 heutigen
1553 2851 355 52 Skizzenwesen
1933 2853 318 61 grassierende
2284 2855 353 61 unangenehme
2660 2855 183 50 Pointic-

600 2943 136 44 rung.
763 2926 118 51 Hier
913 2932 61 45 ist
1005 2927 110 51 eher
1146 2928 84 50 das
1257 2927 250 63 Gegenteil
1541 2941 158 49 getan,
1732 2932 206 50 insofern
1972 2931 126 51 diese
2123 2931 235 52 erzählten
2387 2932 341 51 Geschehnisse
2759 2952 110 32 zum

602 3004 216 51 Schlüsse
849 3006 78 49 hin
962 3007 121 50 nicht
1107 3025 89 32 nur
1221 3008 120 50 nicht
1372 3008 91 50 sich
1496 3015 259 54 zuspitzen,
1781 3010 204 50 sondern
2018 3012 89 48 sich
2132 3017 112 45 weit
2275 3017 46 45 in
2349 3012 84 50 das
2460 3013 226 61 magische
2711 3012 158 51 Leben

602 3084 174 58 öffnen,
807 3090 91 45 wie
931 3091 45 43 in
1011 3091 133 46 einen
1177 3086 178 52 breiten
1388 3087 158 51 Strom
1580 3088 82 51 des
1695 3088 180 51 Lebens
1911 3091 216 49 münden.
2152 3091 93 49 Die
2277 3091 354 51 Persönlichkeit
2664 3092 81 50 des
2768 3090 66 52 Er-

600 3162 257 52 zählenden
890 3164 117 50 wird
1035 3166 198 49 dadurch
1268 3166 193 52 deutlich
1496 3167 97 50 und
1626 3168 190 51 äußerst
1847 3170 310 61 sympathisch
2190 3170 286 62 vorgestellt.
2514 3171 245 49 Immerhin
2792 3176 75 44 ein

600 3241 124 49 Buch
748 3260 89 31 nur
863 3243 188 51 leichten
1072 3244 278 58 Gewichtes,
1378 3262 242 45 gemessen
1644 3264 60 31 an
1731 3247 202 62 Paquets
1953 3248 420 63 Mysteriumspiel,
2400 3248 119 50 nicht
2543 3267 77 31 am
2645 3250 218 61 heutigen

599 3321 335 58 Durchschnitt,
971 3322 90 51 den
1096 3341 49 32 es
1177 3328 90 46 wie
1300 3331 74 43 ein
1407 3321 147 53 Turm
1588 3324 235 63 überragt,
1858 3326 114 51 auch
2005 3327 121 57 dort,
2159 3345 80 33 wo
2272 3345 49 32 es
2355 3326 229 52 Plaudern
2618 3333 73 45 ist.

2627 3408 65 51 E.
2716 3408 67 51 E.
2808 3408 57 50 S.

1268 3482 98 50 Für
1398 3482 75 51 die
1505 3482 260 52 Redaktion
1799 3485 394 50 verantwortlich:

600 3557 328 53 Eriß-Ernst
960 3559 294 53 Scßwaßacß
1360 3562 181 61 Verlag
1583 3561 82 52 der
1695 3562 206 52 Weißen
1945 3563 186 60 Bücher,
2173 3565 207 62 Leipzig,
2419 3565 320 50 Kreuzstraße
2778 3566 86 51 3b.

661 3637 101 49 Für
796 3636 491 66 Österreich-Ungarn
1320 3639 395 59 verantwortlich:
1750 3642 162 63 Hugo
1933 3642 189 58 Helfer,
2151 3643 150 51 Wien
2328 3643 35 59 I,
2396 3643 401 51 Bauernmarkts.

939 3716 237 52 Gedruckt
1207 3723 46 46 in
1287 3718 80 51 der
1393 3719 184 51 Offizin
1609 3739 98 31 von
1980 3721 140 52 Pet
2121 3719 174 65 Trepte
2296 3727 73 45 in
2370 3722 494 62 Leipzig.

1261 3797 164 62 Papier
1456 3816 98 33 von
1581 3799 147 51 Edm.
1756 3798 137 54 OBst
1920 3806 44 43 in
1999 3799 200 63 Leipzig.

706 3873 117 52 Alle
854 3874 75 50 die
964 3876 205 50 Weißen
1205 3876 176 52 Blätter
1413 3877 314 52 betreffenden
1760 3878 354 62 Zusendungen
2150 3879 104 50 sind
2287 3899 61 31 zu
2381 3879 168 53 richten
2584 3899 58 31 an
2678 3881 74 51 die

864 3954 263 50 Redaktion
1162 3954 82 51 der
1276 3954 206 52 Weißen
1517 3956 193 59 Blätter,
1746 3957 419 63 Charlottenburg,
2198 3958 301 62 Sybelstraßc
2532 3959 76 50 22.
