3164 4572
918 468 137 50 Max
1081 469 153 56 Brod,
1623 469 105 51 Die
1403 489 130 31 neue
1567 470 274 64 Zeitschrift

2389 474 122 50 1227

777 1188 172 74 DIE
997 1188 298 76 NEUE
1345 1188 644 79 ZEITSCHRIFT

272 1416 115 167 IM
442 1429 178 47 ersten
670 1409 143 61 Heft
871 1418 151 53 einer
1079 1433 184 38 neuen
1315 1411 317 63 Zeitschrift
1682 1413 199 62 äußert
1929 1414 107 62 sich
2085 1415 221 62 Rudolf
2340 1418 169 61 Hans

353 1507 239 67 Bartsch:
653 1504 124 60 »Es
834 1510 70 54 ist
954 1503 140 61 nicht
1141 1504 180 72 wahr,
1382 1505 109 61 daß
1543 1505 325 79 allgemeine
1916 1507 432 81 Anerkennung
2405 1512 104 61 das

274 1602 271 72 Merkmal
585 1599 99 61 der
716 1598 494 77 Mittelmäßigkeit
1249 1607 103 53 sei:
1393 1608 81 54 sie
1509 1608 69 54 ist
1619 1625 107 37 nur
1766 1617 136 46 stets
1944 1603 103 61 das
2080 1603 286 62 Merkmal
2408 1606 101 61 des

273 1693 476 74 Mittelmaßes,
799 1692 100 61 des
948 1692 305 77 goldenen!
1305 1693 136 63 Alle
1481 1696 290 77 gesunden
1815 1697 118 61 und
1972 1697 220 62 starken
2235 1697 274 64 Künstler

273 1819 180 41 waren
508 1814 73 38 zu
628 1789 306 62 Lebzeiten
985 1787 247 78 gefeiert,
1282 1789 119 60 und
1449 1790 143 61 viele
1641 1791 358 62 unsterbliche
2047 1792 217 63 Werke
2314 1794 193 61 hatten

274 1883 570 85 ,Operettenerfolge'.
904 1881 198 62 Wenn
1163 1891 152 52 einer
1371 1883 124 62 hart
1552 1908 152 55 rang,
1763 1885 151 62 dann
1971 1903 167 62 nagte
2187 1888 321 77 irgendeine

277 1980 297 65 Krankheit
623 2002 73 35 an
748 1976 132 72 ihm,
931 1975 90 62 die
1070 1976 91 61 die
1211 1975 320 64 Gesunden
1581 1978 182 62 sofort
1811 1979 246 62 merkten
2102 2030 11 14 .
2151 2029 10 12 .
2199 2030 12 13 .
2264 1983 120 58 und
2432 1982 76 59 da

275 2076 111 62 hilft
432 2074 120 60 kein
603 2087 222 62 apartes
867 2069 327 62 Seelentum
1238 2116 112 18 ...
1411 2072 139 61 Der
1606 2072 325 62 Künstler
1989 2083 83 52 ist
2130 2074 114 61 der
2300 2076 207 77 große

273 2167 400 66 Schmeichler
713 2166 115 61 der
868 2166 470 61 Menschheit«.

344 2262 211 62 Würde
595 2284 132 38 man
760 2284 119 37 von
922 2269 103 52 mir
1064 2260 325 78 verlangen,
1432 2270 56 52 in
1521 2261 202 62 Worte
1765 2286 74 37 zu
1881 2264 207 71 fassen,
2128 2286 125 38 was
2295 2271 212 53 meiner

275 2357 221 61 Ansicht
545 2355 132 61 nach
727 2354 101 62 der
867 2354 273 62 Künstler
1196 2355 141 61 nicht
1393 2364 70 53 ist
1512 2356 118 61 und
1679 2365 90 52 nie
1825 2365 119 52 sein
1994 2356 146 62 darf:
2198 2356 76 61 ich
2334 2356 173 62 fände

275 2450 184 61 keinen
491 2458 316 71 präziseren
839 2448 308 62 Ausdruck
1181 2449 81 61 als
1296 2450 195 61 diesen
1534 2459 98 52 mit
1666 2450 98 61 der
1796 2450 309 79 prächtigen
2142 2450 177 62 Coda
2353 2459 152 53 eines

275 2544 230 76 »großen
547 2542 384 63 Schmeichlers
971 2542 99 61 der
1112 2543 404 62 Menschheit«.

346 2638 116 60 Der
500 2638 269 61 Künstler
811 2638 83 61 als
934 2637 357 62 Schmeichler
1333 2638 99 61 der
1472 2638 351 62 Menschheit
1863 2638 118 61 und
2022 2638 88 61 die
2151 2638 354 62 Menschheit

275 2731 74 60 als
379 2731 404 62 Schmeichlerin
818 2732 100 61 des
943 2732 317 73 Künstlers,
1296 2732 105 62 das
1427 2732 207 64 Ganze
1667 2742 56 52 in
1757 2741 160 53 einen
1950 2756 249 37 warmen
2226 2732 127 61 Brei
2386 2756 118 38 von

280 2822 416 65 »Gesundheit«
740 2826 305 79 gewickelt,
1205 2825 76 61 ich
1323 2827 113 61 will
1478 2827 152 63 diese
1671 2826 626 79 menschenunwürdige
2339 2826 123 62 Vor-

273 2918 222 80 stellung
534 2920 139 62 nicht
712 2923 139 59 noch
893 2937 344 62 verspotten.

345 3010 83 62 Es
458 3023 154 53 wäre
645 3015 136 61 auch
814 3039 101 56 gar
956 3015 141 63 nicht
1139 3017 358 72 einzusehen,
1538 3039 122 39 was
1702 3024 86 52 ein
1822 3014 207 62 solcher
2060 3014 271 61 Künstler
2364 3015 139 61 nach

275 3102 402 68 Bartsch'schem
710 3109 216 79 Rezept
959 3119 53 53 in
1049 3119 153 54 einer
1227 3109 316 64 Zeitschrift
1575 3135 73 37 zu
1680 3109 199 63 suchen
1915 3109 165 60 hätte.
2114 3108 390 62 Zeitschriften

275 3196 74 62 als
379 3199 651 84 Zusammenrottungen
1073 3205 208 63 solcher
1318 3205 390 63 »Schmeichler
1749 3203 97 61 der
1878 3202 386 62 Menschheit«
2310 3203 194 61 hätten

275 3290 126 63 doch
448 3305 183 70 wenig
679 3297 159 63 Sinn.
898 3299 367 62 Schmeicheln
1314 3309 70 52 ist
1432 3299 154 62 wohl
1634 3306 122 54 eine
1806 3296 369 74 Privatsache,
2232 3296 91 61 die
2371 3320 134 37 man

275 3382 158 66 lieber
480 3393 211 60 einzeln
741 3394 178 72 abtut,
970 3404 53 51 in
1075 3395 134 61 aller
1257 3394 398 72 Heimlichkeit,
1713 3415 102 38 zur
1862 3391 306 78 Erzielung
2217 3391 291 62 etwelcher

280 3478 606 89 »Operettenerfolge«.
929 3489 168 62 Aber
1136 3513 107 38 vor
1285 3489 98 61 der
1425 3487 423 71 Öffentlichkeit,
1891 3495 54 52 in
1986 3485 142 61 Reih
2170 3485 120 61 und
2331 3484 176 63 Glied

274 3579 90 54 mit
402 3574 106 64 den
541 3579 437 66 Konkurrenten
1020 3608 97 37 um
1159 3584 90 61 die
1281 3583 201 62 Wette
1522 3580 381 65 schmeicheln?
2044 3580 113 61 Die
2192 3579 316 62 Zeitschrift

274 3669 62 55 ist
374 3668 265 67 ohnedies
679 3701 108 37 nur
828 3687 89 52 ein
959 3678 316 71 Hotelbett,
1317 3687 54 52 in
1416 3677 128 62 dem
1586 3700 105 38 vor
1732 3685 103 52 mir
1874 3674 118 63 und
2033 3674 135 61 nach
2211 3683 104 52 mir
2353 3674 155 78 jeder

273 3753 254 89 beliebige
553 3766 154 65 Gast
738 3771 142 79 liegt.
922 3772 146 61 Was
1093 3772 211 61 könnte
1331 3771 108 62 den
1467 3770 223 62 Dichter
1722 3768 382 73 veranlassen,
2131 3793 96 36 um

274 3870 174 46 samer
479 3859 378 68 Schmeichelei
899 3868 184 60 willen
1119 3866 102 62 das
1256 3875 193 70 eigene
1482 3865 165 72 Buch,
1690 3873 53 52 in
1779 3864 128 61 dem
1942 3887 59 38 er
2034 3864 107 61 sich
2183 3862 89 61 für
2312 3871 197 54 immer

278 3941 226 71 häuslich
546 3954 157 77 fühlt,
744 3968 99 53 mit
885 3970 182 52 einem
1107 3961 475 63 Monatszimmer
1622 3983 73 37 zu
1736 3958 376 62 vertauschen.
