3175 4572
2459 451 122 49 1203

822 473 226 51 Kasimir
1326 461 149 56 Eäscßmid,
1476 458 131 62 Tifis
1861 457 215 51 Passion

341 691 268 73 weinend,
642 697 53 51 in
712 671 480 77 Verweisungen
1225 663 264 64 wälzend
1522 687 98 38 um
1653 663 157 62 diese
1842 663 230 78 Fragen
2104 660 194 71 wand,
2333 659 248 62 erschien

341 820 57 39 es
444 792 97 65 ihr,
590 781 80 62 als
719 774 76 63 oh
844 793 62 40 es
957 774 124 54 eine
1121 762 199 76 Angst
1366 757 269 63 vielleicht
1690 758 142 62 oder
1879 781 147 54 ganz
2073 755 187 79 gewiß
2309 776 271 57 gewesen

341 898 75 55 sei
483 881 86 61 die
618 882 80 54 sie
745 889 106 40 vor
901 861 129 62 dem
1080 853 328 84 plötzlichen
1451 852 184 62 Glück
1677 851 357 78 überwältigt
2073 849 122 63 und
2236 858 90 54 ein
2369 847 171 62 Unbe-

345 994 268 50 sonnenes
662 966 147 61 hätte
858 975 101 44 tun
1000 953 209 68 lassen,
1260 947 120 62 und
1420 956 83 53 sie
1543 948 171 61 schrie
1754 946 121 71 auf,
1916 956 111 52 wie
2069 955 83 52 sie
2194 945 186 61 dieses
2424 943 118 61 Ent-

341 1070 242 69 setzliche
722 1056 106 63 sich
869 1049 177 64 selbst
1085 1055 57 52 in
1183 1044 112 61 den
1326 1042 226 63 Armen
1594 1041 102 62 des
1729 1040 232 62 Partufa
2101 1039 273 62 erblickte.
2408 1036 173 63 Aber

342 1169 140 60 dann
522 1160 126 60 kam
688 1173 60 40 es
790 1146 102 69 ihr,
934 1141 112 63 daß
1086 1162 63 39 es
1192 1138 142 61 nicht
1373 1135 93 61 die
1498 1135 197 78 Angst
1731 1158 268 55 gewesen
2041 1143 98 53 sei.
2176 1133 98 62 Sie
2307 1131 273 64 erkannte

342 1280 189 44 etwas,
588 1249 101 60 das
738 1252 153 53 einer
939 1233 207 66 Schuld
1196 1230 243 71 ähnelte,
1496 1239 54 52 in
1601 1229 146 62 ihrer
1794 1229 171 62 Brust
2012 1228 119 62 und
2177 1226 233 80 glaubte
2457 1249 119 37 nun

342 1347 197 69 betend
572 1340 114 64 und
719 1361 61 38 es
813 1357 69 38 so
915 1326 373 71 versichernd,
1321 1324 111 63 daß
1467 1347 61 40 es
1556 1319 179 66 Trotz
1758 1346 267 56 gewesen
2051 1332 101 62 sei,
2185 1323 143 61 nicht
2351 1322 231 77 Angst,

343 1445 104 62 daß
496 1464 59 38 es
595 1432 137 65 Auf
733 1430 247 62 bäumen
1028 1444 270 57 gewesen
1348 1428 82 54 sei
1479 1442 106 38 aus
1636 1418 101 61 der
1776 1417 364 79 allzugroßen
2180 1412 167 66 Tiefe
2388 1414 189 63 dieses

341 1552 380 62 vergangenen
752 1522 223 65 Lebens
1016 1540 108 40 vor
1165 1515 100 62 der
1306 1514 251 80 plötzlich
1597 1512 110 62 viel
1740 1536 75 38 zu
1856 1511 286 63 strahlend
2182 1511 395 77 aufgereckten

342 1627 346 80 Perspektive
719 1630 154 68 jener
906 1614 267 62 höchsten
1198 1609 399 77 Erfüllungen.
1625 1607 137 61 Aus
1796 1606 195 62 diesen
2024 1605 129 62 hin-
2185 1604 119 62 und
2336 1605 209 61 zurück-

342 1715 429 72 schwankenden
813 1707 295 66 Gefühlen
1150 1704 161 61 brach
1353 1701 152 63 dann
1549 1700 100 62 der
1687 1700 136 62 Haß
1862 1723 181 55 gegen
2083 1699 112 62 den
2234 1696 346 63 Mexikaner

343 1821 195 58 hervor
578 1808 116 64 und
733 1803 267 65 nachdem
1041 1809 83 54 sie
1166 1808 55 52 in
1263 1797 246 63 schrillen
1545 1795 118 63 und
1695 1795 364 63 ekstatischen
2090 1794 190 61 Rufen
2314 1792 96 61 ihn
2443 1790 102 63 her-

342 1905 368 82 vorgestoßen
759 1901 167 67 hatte,
976 1895 87 63 fiel
1113 1902 83 53 sie
1244 1891 216 62 wieder
1508 1900 55 52 in
1612 1900 90 52 ein
1750 1888 322 79 beruhigtes
2120 1887 180 62 Beten
2349 1887 228 68 zurück,

346 2002 184 68 fühlte,
563 2006 107 52 wie
704 1994 156 61 diese
891 1990 264 78 gläubige
1179 1985 403 80 Erschöpfung
1613 1992 83 54 sie
1729 1982 272 71 umfaßte,
2034 1981 207 62 welche
2274 1980 72 61 all
2379 1978 197 63 diesen

345 2093 389 76 Entladungen
760 2112 75 38 zu
861 2086 192 78 folgen
1088 2082 170 80 pflegt
1291 2080 119 63 und
1442 2081 90 78 lag
1566 2079 151 62 dann
1750 2088 125 53 eine
1899 2076 264 79 Zeitlang
2195 2075 385 77 ausgestreckt

343 2189 102 61 auf
484 2188 107 60 den
641 2184 250 67 Steinen,
939 2180 86 61 bis
1076 2176 313 64 Menschen
1439 2174 83 62 ihr
1577 2198 74 37 zu
1701 2171 156 64 Hilfe
1913 2171 187 70 eilten,
2156 2179 75 52 im
2281 2166 296 73 Glauben,

345 2283 104 60 daß
488 2289 79 53 sie
607 2277 350 75 ohnmächtig
1005 2282 99 53 sei.
1149 2272 100 61 Da
1288 2291 208 58 sprang
1537 2277 83 53 sie
1654 2267 108 61 auf
1795 2264 118 64 und
1952 2264 129 62 eilte
2121 2263 167 62 durch
2332 2262 244 62 Straßen

346 2375 110 62 und
493 2372 140 64 Park
671 2395 104 38 zur
813 2371 222 59 Messe,
1081 2366 98 63 Sie
1220 2364 130 63 kam
1390 2389 75 36 zu
1507 2372 143 70 spät.
1695 2362 123 61 Der
1848 2361 143 61 Alte
2031 2375 109 44 trat
2181 2357 83 62 ihr
2304 2366 101 52 mit
2445 2354 132 62 dem

347 2469 123 61 Fuß
510 2476 53 52 in
602 2466 110 61 den
751 2463 203 61 Bauch.

417 2561 160 62 Aber
616 2570 82 53 sie
738 2570 195 69 spürte
973 2580 64 40 es
1079 2556 156 61 nicht.

420 2651 233 74 Tanzte,
701 2662 112 52 wie
854 2662 81 52 sie
977 2660 93 52 nie
1110 2664 230 64 getanzt
1381 2646 168 70 hatte,
1597 2644 160 80 groß,
1796 2639 429 72 vorwurfsvoll,
2272 2648 56 52 in
2369 2632 213 83 Tragik

350 2749 110 61 und
498 2749 254 62 Schmerz
801 2745 222 63 vertieft
1072 2743 121 63 und
1241 2752 184 53 einem
1466 2739 363 62 brennenden
1870 2738 193 59 Feuer
2101 2733 352 80 zugebracht.
2499 2731 85 63 So

350 2842 242 61 erblickte
632 2851 81 52 sie
752 2841 212 70 Franz,
1006 2838 101 62 der
1147 2837 172 62 heute
1359 2834 215 63 wieder
1615 2850 163 44 unter
1819 2830 130 61 dem
1988 2827 296 63 Publikum
2325 2824 185 64 stand.

422 2935 92 62 Sie
553 2952 188 45 tanzte
781 2935 253 69 schöner,
1076 2932 198 71 fühlte,
1317 2940 111 52 wie
1470 2938 124 53 eine
1627 2927 157 62 Süße
1818 2924 109 63 den
1959 2922 138 62 Leib
2130 2921 87 61 ihr
2250 2921 335 76 hinanstieg,

350 3029 128 61 alles
526 3029 141 62 löste
717 3029 119 62 und
884 3029 157 62 ihren
1081 3029 221 76 Augen
1347 3024 191 63 Glanz
1585 3021 111 80 gab
1747 3020 118 62 und
1907 3016 288 65 Glauben.
2246 3015 99 63 Sie
2392 3030 194 46 tanzte

350 3144 128 47 nun,
526 3147 94 37 um
670 3123 108 61 den
827 3139 217 46 starren
1094 3121 146 63 Blick
1289 3119 101 62 des
1441 3118 75 62 da
1564 3133 174 44 unten
1789 3114 100 62 frei
1938 3110 120 63 und
2097 3110 118 61 klar
2255 3107 214 63 wieder
2510 3130 76 38 zu

350 3217 216 61 machen
614 3218 117 61 und
779 3218 72 61 all
900 3218 83 62 ihr
1033 3218 215 62 Sinnen
1297 3213 168 65 stand
1514 3211 229 70 danach,
1792 3209 89 61 die
1931 3206 162 64 Güte
2143 3205 185 61 dieses
2374 3204 213 76 Auges

351 3332 107 38 neu
505 3336 72 36 zu
627 3314 303 60 erwecken.
982 3312 117 62 Ein
1136 3307 446 66 berauschender
1625 3304 233 64 Glaube
1912 3299 228 64 überfiel
2190 3308 102 61 sie,
2333 3297 112 62 daß
2487 3297 104 61 der

352 3403 128 60 noch
522 3427 68 38 so
623 3406 128 61 sehr
784 3407 373 62 Enttäuschte
1201 3405 119 62 und
1350 3405 317 60 Erstaunte
1707 3422 117 38 nun
1866 3396 136 62 alles
2043 3393 287 79 begreifen
2364 3402 221 51 müsse:

353 3493 105 63 daß
498 3520 60 38 es
600 3500 185 62 zuviel
825 3525 270 55 gewesen
1136 3510 84 52 sei
1262 3499 91 62 für
1392 3506 83 53 sie
1517 3492 237 71 damals,
1796 3491 111 62 daß
1947 3499 83 52 sie
2063 3487 282 79 ängstlich,
2385 3493 206 69 trotzig

352 3612 102 38 vor
494 3591 126 62 dem
662 3594 269 63 Schicksal
972 3618 269 56 gewesen
1283 3601 100 55 sei.
1418 3590 103 62 All
1564 3589 184 62 dieses
1791 3601 189 46 tanzte
2022 3591 82 54 sie
2137 3605 134 38 nun.
2308 3579 145 62 Und
2486 3579 105 62 sah

353 3689 53 53 in
445 3694 152 55 seine
629 3688 252 80 Pupillen
915 3690 122 63 und
1075 3690 248 63 lauschte
1364 3686 110 64 auf
1498 3683 306 77 Wirkung,
1843 3689 113 53 wie
1998 3688 154 53 einer
2192 3700 74 37 an
2298 3674 296 63 Abenden

355 3774 172 65 hinter
568 3780 98 63 der
696 3782 207 64 Ebene
944 3784 111 64 den
1089 3783 195 63 Mond
1325 3782 141 62 über
1507 3779 129 62 dem
1670 3777 171 62 Strich
1883 3774 100 62 der
2007 3770 246 64 Wälder
2290 3770 170 63 sucht.
2497 3768 100 63 Sie

353 3869 220 74 glaubte
614 3876 138 62 nicht
792 3877 177 74 mehr,
1019 3878 112 61 daß
1171 3877 138 62 alles
1349 3874 262 64 verloren
1653 3880 101 62 sei,
1801 3867 214 63 wieder
2057 3863 415 65 überbrandete
2512 3872 85 52 sie

356 3962 86 62 die
483 3966 258 66 absolute
774 3972 352 73 Zuversicht,
1169 3984 154 67 jener
1364 3971 74 61 da
1472 3985 174 46 unten
1681 3965 246 80 begreife
1961 3961 323 70 allmählich,
2326 3982 145 47 was,
2514 3958 83 61 als
