3240 4572
2423 433 121 50 1159

885 450 217 53 WaCther
1128 449 160 60 Krug,
1328 446 117 51 Zur
1477 444 226 53 Chronik
1728 445 93 49 der
1851 442 118 52 Zeit

315 682 143 63 ihren
504 676 119 55 vier
663 658 277 66 Wänden
982 654 266 70 denken.)
1294 653 151 61 Man
1484 653 280 79 schimpfte
1805 660 124 53 eine
1970 649 264 77 Zeitlang
2273 643 142 64 über
2455 642 92 62 die

315 766 279 73 Künstler,
644 759 91 61 die
782 755 92 61 die
916 750 264 65 Modelle
1227 774 116 37 von
1385 748 99 63 der
1525 747 196 64 Gasse
1761 746 207 63 holten.
2019 745 150 62 Nun
2211 741 185 62 haben
2438 735 108 64 sich

322 884 57 40 _
379 884 114 40 so
541 881 32 38 z
576 853 112 64 ieht
738 849 91 62 die
876 848 196 60 Kunst
1119 844 91 62 die
1257 844 311 61 Menschen
1617 841 132 62 nach
1806 870 63 18 —'
1925 839 92 62 die
2065 839 230 61 Damen
2351 834 195 62 diesen

317 952 286 71 Modellen
644 944 357 78 anbequemt.

391 1047 194 63 Wenn
634 1048 102 52 wir
785 1037 137 61 aber
962 1034 111 61 den
1124 1030 283 65 Gründen
1464 1029 210 62 solcher
1719 1027 433 78 Möglichkeiten
2208 1022 341 80 nachgehen,

317 1142 135 66 wird
499 1138 104 63 sich
653 1135 76 61 da
775 1132 141 61 nicht
962 1128 154 62 ohne
1156 1135 257 53 weiteres
1464 1149 108 36 uns
1622 1123 99 61 der
1761 1123 281 61 Zuwachs
2084 1145 75 37 an
2199 1117 352 65 Sinnlichkeit

319 1237 298 64 darbieten,
658 1227 110 62 den
809 1234 105 52 wir
954 1232 55 52 in
1050 1244 234 39 unserer
1316 1220 133 59 Zeit
1481 1217 381 62 festzusteüen
1893 1215 295 77 berechtigt
2227 1211 157 63 sind?
2426 1211 125 59 Der

320 1329 209 66 sinnlich
565 1330 319 71 engagierte
914 1317 239 63 Mensch
1195 1324 71 52 ist
1305 1339 75 37 zu
1421 1314 154 61 leicht
1614 1311 323 62 enttäuscht.
1980 1310 86 61 Er
2107 1309 119 61 fällt
2255 1330 118 40 von
2406 1305 147 61 Lust

321 1438 51 51 in
427 1419 227 65 Unlust,
715 1415 87 61 Er
860 1413 96 61 hat
1012 1410 126 62 kein
1189 1408 426 78 Gleichgewicht
1670 1405 118 62 und
1841 1404 238 62 verfehlt
2135 1403 90 60 die
2272 1397 281 79 Aufgabe

324 1527 175 55 seines
546 1512 241 62 Lebens.
830 1507 155 62 Was
1026 1503 290 71 Wunder,
1366 1502 111 61 daß
1526 1524 60 39 er
1634 1499 135 62 auch
1811 1498 341 62 Geschmack
2194 1494 120 62 und
2352 1490 201 64 Befehl

325 1608 244 66 verliert?
609 1606 115 61 Die
758 1601 389 68 Gesellschaft,
1189 1598 90 61 die
1321 1596 108 62 auf
1462 1596 90 61 die
1585 1594 137 63 Sitte
1761 1590 310 80 gegründet
2102 1599 71 52 ist
2212 1588 118 61 und
2363 1597 56 51 in
2453 1584 102 62 der

325 1706 128 62 Sitte
494 1701 115 61 ihre
649 1697 167 61 Kraft
856 1695 118 71 hat,
1015 1691 167 63 droht
1229 1690 349 76 ohnmächtig
1625 1711 75 37 zu
1740 1684 249 70 werden,
2038 1707 67 38 so
2155 1682 81 62 oft
2285 1681 90 61 die
2417 1678 138 62 Sitte

326 1799 99 62 sich
465 1796 217 61 lockert.
725 1791 128 61 Das
889 1789 213 62 Gebiet
1144 1786 99 61 der
1275 1782 381 64 Demimonde
1697 1780 142 62 wird
1878 1780 170 68 offen,
2090 1786 80 52 sie
2211 1785 195 51 nimmt
2447 1772 108 61 sich

325 1893 110 62 ihre
467 1888 163 63 Kraft
670 1886 206 61 heraus
919 1881 120 63 und
1078 1880 92 62 die
1203 1876 388 70 Gesellschaft,
1632 1875 150 62 ohne
1812 1872 153 63 Wut
1996 1895 131 38 zum
2160 1865 398 71 Widerstand,

326 1988 90 60 hat
454 1983 115 62 ihre
601 1979 189 64 Mode
829 1977 272 62 verdient.
1144 1975 114 60 Die
1299 1971 348 79 geschlitzten
1679 1969 185 61 Röcke
1897 1966 125 61 sind
2053 1964 234 62 diesmal
2319 1960 239 62 wirklich

331 2079 117 69 das,
488 2098 123 39 was
653 2096 130 38 man
829 2081 111 51 »im
982 2069 243 61 Zeichen
1269 2067 99 61 der
1408 2065 167 60 Zeit«
1620 2078 188 46 nennt.

401 2170 221 63 Solcher
654 2167 136 78 Zug
829 2189 106 38 zur
966 2161 350 64 Sinnlichkeit
1356 2158 120 62 und
1515 2157 143 61 ihrer
1690 2153 363 76 Darstellung
2085 2148 334 64 wiederholt
2452 2147 107 61 sich

331 2264 221 63 überall.
595 2262 89 61 Es
728 2270 69 52 ist
838 2267 124 54 eine
994 2281 120 37 von
1147 2256 110 61 den
1290 2252 318 64 bekannten
1639 2247 395 70 Heucheleien,
2076 2245 111 60 daß
2220 2242 171 62 heute
2424 2239 139 63 alles

330 2360 267 60 verboten
639 2355 119 62 und
790 2352 311 79 unmöglich
1135 2360 98 52 sei.
1276 2350 83 61 Ich
1392 2356 202 61 meine,
1627 2368 122 38 was
1783 2342 169 61 heute
1984 2364 72 37 an
2089 2336 475 76 Ausstellungen,

331 2452 449 76 Vorführungen
829 2446 121 63 und
988 2443 477 64 Theaterstücken
1515 2439 227 79 möglich
1792 2446 89 61 ist,
1929 2444 70 52 ist
2046 2431 232 62 niemals
2328 2430 138 61 noch
2509 2436 56 52 in

334 2543 376 63 Deutschland
758 2540 274 64 öffentlich
1081 2538 231 79 möglich
1360 2557 287 57 gewesen,
1697 2532 88 61 die
1832 2526 337 64 verrufenen
2219 2523 349 62 Hoftheater

336 2640 389 77 eingerechnet.
777 2637 174 61 Denn
999 2633 233 79 möglich
1283 2641 69 52 ist
1401 2629 139 61 nicht
1586 2651 107 37 nur
1742 2624 102 61 das
1893 2620 259 64 natürlich
2196 2617 274 64 Sinnliche
2511 2624 56 51 in

335 2732 227 78 völliger
593 2728 512 80 Ausgezogenheit
1246 2749 62 38 es
1350 2733 70 53 ist
1453 2732 89 52 ein
1573 2722 257 78 Jammer,
1862 2726 109 52 wie
2004 2725 194 50 immer
2230 2709 215 63 wieder
2478 2707 90 62 die

336 2826 219 61 Dichter
594 2825 118 61 ihre
752 2825 200 60 besten
994 2819 322 64 Gedanken
1365 2817 234 63 erotisch
1646 2810 311 64 verderben
2004 2847 8 10 •
2060 2839 32 39 ',
2133 2805 247 63 sondern
2431 2802 138 62 auch

338 2929 148 51 seine
518 2919 351 62 Perversion.
912 2916 142 61 Wie
1095 2924 157 51 wäre
1285 2928 163 46 sonst
1487 2909 99 62 der
1618 2904 423 67 Salomerausch
2075 2925 74 37 zu
2183 2897 250 64 erklären
2467 2919 105 55 ge«

338 3037 208 47 wesen,
587 3014 100 61 der
726 3013 163 61 keine
928 3010 192 61 Dame
1159 3008 181 61 ruhen
1382 3005 124 70 ließ,
1547 3004 85 61 bis
1672 3010 82 54 sie
1794 2999 102 61 das
1938 2998 201 76 Haupt
2179 2993 100 61 des
2320 2987 252 65 Täufers

340 3114 54 53 in
433 3107 173 62 ihrem
637 3106 259 62 Boudoir
937 3103 224 78 hängen
1201 3101 182 60 hatte?
1424 3098 227 77 Steigen
1684 3103 103 52 wir
1827 3099 178 69 einige
2038 3088 203 62 Stufen
2281 3084 180 71 tiefer,
2504 3106 69 38 so

341 3200 181 63 finden
561 3211 106 52 wir
707 3210 196 52 immer
942 3198 139 60 noch
1121 3206 127 67 jene
1288 3217 108 40 vor
1435 3192 143 62 zehn
1613 3189 199 80 Jahren
1854 3187 165 61 schon
2052 3181 315 80 gekannten
2399 3178 176 79 Jüng«

340 3292 159 79 linge,
540 3295 90 61 die
670 3295 135 61 nach
844 3294 336 61 Perversion
1220 3287 357 64 schmachten.
1628 3285 114 59 Die
1782 3278 185 64 Ideale
2093 3275 185 60 indem
2320 3273 75 60 ich
2438 3272 137 60 mich

341 3395 53 52 in
435 3388 88 62 die
557 3388 226 63 Gefahr
815 3385 235 79 begebe,
1091 3382 292 63 humorlos
1415 3405 75 37 zu
1523 3379 312 62 erscheinen
1962 3368 196 64 stehen
2192 3367 234 61 deutlich
2459 3365 119 61 hier

347 3488 52 52 in
432 3482 395 80 Superlativen
869 3482 107 60 als:
1022 3479 266 61 äußerste
1318 3474 241 62 Ichsucht
1591 3471 89 61 bei
1712 3466 200 65 totaler
1944 3459 636 80 Hemmungslosigkeit,

343 3573 360 81 Verachtung
735 3575 102 63 der
870 3573 275 70 Gefühle,
1170 3569 459 76 Verdächtigung
1662 3563 99 61 des
1794 3560 328 61 Idealismus
2158 3555 81 61 als
2273 3551 310 65 Heuchelei

345 3667 172 67 (ideal
580 3669 101 63 der
743 3667 457 79 Ideallosigkeit),
1265 3662 399 75 Offenbarung
1726 3654 164 79 jeden
1938 3650 322 64 Wunsches
2326 3648 84 61 bis
2478 3669 106 39 zur

345 3762 240 78 völligen
634 3761 472 79 Schamlosigkeit.
1167 3760 127 61 Das
1343 3752 268 65 Handeln
1669 3751 134 61 aber
1851 3744 272 80 erschöpft
2172 3743 106 61 sich
2329 3751 55 52 in
2433 3739 150 63 solch

348 3852 308 82 läppischen
697 3856 121 61 und
858 3854 313 63 ekelhaften
1204 3852 246 77 Dingen,
1492 3846 111 61 daß
1643 3852 104 52 wir
1788 3850 81 53 sie
1911 3840 139 61 nicht
2083 3859 222 39 nennen
2338 3835 246 61 können.

347 3945 86 64 Ihr
466 3949 115 62 Ort
621 3959 71 52 ist
733 3950 90 61 die
860 3949 269 62 »Natur«
1175 3944 118 63 und
1333 3943 179 68 darin,
1552 3939 112 61 daß
1704 3936 200 62 Natur
1942 3956 108 39 nur
2090 3940 126 53 eine
2246 3930 119 61 Art
2404 3926 184 64 Lokal
