3085 4572
969 455 205 49 Gustav
1204 455 248 60 Meyrinß,

2389 460 119 48 1257

355 668 90 62 Sie
470 660 189 81 sprach
686 658 137 62 noch
850 668 194 52 immer
1068 659 124 61 kein
1209 660 183 61 Wort,
1423 660 190 62 Schien
1640 671 74 53 im
1734 664 198 62 Geiste
1959 673 85 53 ein
2070 665 125 61 Bild
2216 689 75 38 211
2316 665 190 62 sehen.

358 762 117 61 Der
516 754 232 76 Wagen
790 752 115 78 bog
944 753 140 61 über
1124 762 122 52 eine
1289 753 209 62 feuchte
1537 755 207 65 Wiese.

356 854 82 61 Es
479 848 125 62 roch
645 845 136 61 nach
823 845 388 63 erwachender
1251 847 173 62 Erde,

690 941 262 61 »Wissen
995 939 113 73 Sie,
1382 942 156 61 Frau
1694 945 140 61 —?«

2143 1006 21 22 %

358 1040 284 61 »Nennen
685 1035 95 62 Sie
822 1035 135 61 mich
999 1035 135 61 doch
1175 1036 343 76 Angelina«,
1559 1054 156 61 sagte
1754 1049 79 50 sie
1874 1040 146 61 leise,

361 1133 255 62 »Wissen
653 1129 111 72 Sie,
798 1129 306 78 Angelina,
1249 1130 109 60 daß
1500 1131 111 61 daß
1651 1133 77 59 ich
1769 1134 166 61 heute
1976 1134 88 61 die
2105 1158 179 55 ganze
2317 1134 193 62 Nacht

290 1253 107 40 von
437 1226 170 61 Ihnen
648 1233 279 68 geträumt
968 1223 212 62 habe?«
1223 1224 137 61 stieß
1402 1225 77 60 ich
1519 1226 225 78 gepreßt
1785 1228 217 63 hervor.

360 1320 92 63 Sie
492 1317 211 62 machte
746 1326 124 52 eine
905 1317 175 61 kleine
1120 1318 186 61 rasche
1339 1318 340 79 Bewegung,
1724 1320 80 60 als
1834 1320 165 61 wolle
2032 1320 96 63 Sie
2168 1322 155 61 ihren
2356 1322 153 59 Arm

286 1439 95 39 aus
422 1420 237 53 meinem
700 1411 215 71 ziehen,
958 1411 118 61 und
1117 1411 101 61 sah
1260 1411 135 61 mich
1442 1412 137 77 groß
1630 1436 87 37 an.
1772 1413 441 79 »Merkwürdig!
2248 1414 142 61 Und
2431 1414 79 61 ich

287 1533 108 39 von
428 1506 195 61 Ihnen!
766 1505 142 61 Und
950 1512 55 54 in
1048 1505 210 61 diesem
1291 1505 266 62 Moment
1598 1506 145 62 habe
1786 1507 74 61 ich
1903 1507 253 62 dasselbe
2408 1531 102 55 ge»

286 1601 198 62 dacht.«

357 1693 235 62 Wieder
632 1693 209 62 stockte
875 1693 103 62 das
1014 1693 287 78 Gespräch
1336 1694 116 61 und
1482 1694 160 61 beide
1678 1703 227 53 errieten
1938 1704 120 64 wir,
2093 1695 111 62 daß
2236 1704 104 52 wir
2373 1696 136 61 auch

291 1788 244 62 dasselbe
574 1797 281 67 geträumt
896 1788 207 61 hatten.

357 1882 79 61 Ich
487 1881 172 59 fühlte
701 1903 60 38 es
805 1905 73 36 an
921 1882 128 59 dem
1090 1882 190 61 Beben
1324 1882 142 61 ihres
1508 1882 203 61 Blutes.
1753 1882 88 61 Ihr
1879 1882 151 62 Arm
2075 1891 215 52 zitterte
2338 1882 172 62 kaum

286 1975 236 62 merklich
574 1999 73 35 an
690 1983 209 52 meiner
939 1976 183 61 Brust,
1174 1975 95 62 Sie
1308 1975 190 62 blickte
1546 1975 344 78 krampfhaft
1928 2000 116 37 von
2086 1985 103 50 mir
2228 1999 127 54 weg
2404 2000 106 38 aus

287 2068 118 60 dem
446 2067 221 78 Wagen
710 2067 217 62 hinaus,

358 2162 284 78 Langsam
682 2185 111 55 zog
832 2164 76 59 ich
950 2162 116 61 ihre
1099 2162 176 61 Hand
1316 2187 71 36 an
1421 2173 180 52 meine
1631 2164 232 78 Lippen,
1905 2164 204 61 streifte
2149 2162 109 61 den
2290 2162 220 61 weißen

289 2255 293 61 duftenden
624 2255 344 62 Handschuh
1019 2255 202 62 zurück
1378 2256 178 73 hörte,
1603 2264 109 53 wie
1753 2256 82 60 ihr
1872 2255 179 61 Atem
2101 2255 171 78 heftig
2310 2255 201 61 wurde

403 2349 114 60 und
558 2349 190 79 preßte
789 2350 97 61 toll
927 2373 107 38 vor
1072 2350 177 61 Liebe
1288 2359 182 52 meine
1509 2350 202 61 Zähne
1753 2358 53 52 in
1848 2349 153 61 ihren
2041 2348 374 62 Handballen,

593 2631 131 62 Wie
767 2641 88 52 ein
896 2627 331 66 Trunkener
1274 2640 131 70 ging
1452 2632 75 60 ich
1570 2631 161 61 durch
1775 2630 106 61 den
1922 2629 377 62 Abendnebel
2341 2629 170 61 hinab

287 2723 93 61 der
419 2725 164 62 Stadt
630 2750 90 36 zu.
781 2726 224 63 Planlos
1048 2728 205 61 wählte
1301 2728 76 59 ich
1428 2726 87 61 die
1564 2726 237 61 Straßen
1851 2725 117 60 und
2015 2733 127 68 ging
2190 2724 155 61 wohl
2390 2733 124 52 eine

290 2815 231 76 Stunde,
562 2820 150 60 ohne
755 2844 59 37 es
855 2844 74 39 zu
969 2830 228 61 wissen,
1237 2829 74 52 im
1352 2820 200 61 Kreise
1593 2819 206 61 herum.

362 2912 176 61 Dann
579 2916 168 59 stand
786 2917 77 60 ich
906 2940 91 37 am
1039 2916 149 61 Fluß
1230 2916 139 59 über
1401 2924 88 51 ein
1524 2923 238 52 eisernes
1796 2911 288 63 Geländer
2122 2909 243 79 gebeugt
2398 2911 119 62 und

289 3021 189 46 starrte
520 3007 169 62 hinab
732 3018 53 53 in
828 3010 91 61 die
958 3011 275 60 tosenden
1273 3008 244 61 Wellen,

365 3098 164 64 Noch
571 3110 195 53 immer
808 3102 174 63 fühlte
1024 3105 76 60 ich
1145 3104 315 77 Angelinas
1500 3102 184 61 Arme
1724 3124 94 38 um
1860 3109 215 52 meinen
2110 3097 260 73 Nacken,
2412 3097 103 62 sah

295 3190 95 62 das
417 3204 275 53 steinerne
717 3196 215 61 Becken
959 3198 99 60 des
1085 3196 504 79 Springbrunnens,
1617 3219 71 37 an
1715 3194 126 61 dem
1858 3201 102 52 wir
1976 3192 164 60 schon
2159 3191 205 61 einmal
2379 3191 140 61 Ab»

294 3285 172 64 schied
515 3292 387 60 voneinander
941 3314 338 55 genommen
1321 3314 107 37 vor
1467 3290 182 61 vielen
1689 3289 213 77 Jahren,
1952 3308 104 39 vor
2096 3294 122 61 mir,
2258 3294 99 52 mit
2407 3285 109 61 den

292 3378 295 66 faulenden
614 3384 452 62 Ulmenblättern
1100 3385 177 72 darin,
1311 3384 118 61 und
1461 3392 80 53 sie
1573 3382 288 62 wanderte
1884 3380 208 60 wieder
2124 3387 98 52 mit
2255 3387 119 63 mir,
2407 3388 110 52 wie

292 3473 205 64 soeben
525 3495 110 44 erst
667 3502 107 38 vor
805 3488 257 69 wenigen
1089 3478 275 71 Stunden,
1391 3478 108 61 den
1526 3476 163 78 Kopf
1710 3500 70 35 an
1806 3482 179 53 meine
2011 3472 244 61 Schulter
2277 3472 242 77 gelehnt,

296 3581 201 48 stumm
531 3572 164 61 durch
738 3572 109 61 den
882 3572 360 71 fröstelnden,
1286 3572 341 76 dämmrigen
1668 3568 143 61 Park
1851 3568 142 60 ihres
2034 3566 294 61 Schlosses.

295 3656 76 62 Ich
404 3680 174 46 setzte
611 3667 135 60 mich
781 3666 105 61 auf
921 3675 125 53 eine
1077 3666 160 61 Bank
1278 3667 117 60 und
1434 3688 109 54 zog
1575 3664 108 61 den
1716 3662 125 61 Hut
1880 3660 104 62 tief
2016 3669 84 52 ins
2134 3659 246 72 Gesicht,
2421 3683 99 38 um

292 3773 68 38 zu
398 3766 273 58 träumen.

369 3848 110 65 Die
515 3853 231 65 Wasser
778 3855 265 63 brausten
1077 3857 139 59 über
1247 3855 102 61 das
1382 3853 187 61 Wehr
1608 3849 117 62 und
1766 3849 82 61 ihr
1879 3848 290 62 Rauschen
2201 3848 322 79 verschlang

292 3938 84 62 die
408 3944 199 65 letzten
651 3949 457 79 aufzüngelnden
1152 3948 323 62 Geräusche
1518 3946 98 63 der
1655 3943 530 77 schlafengehenden
2228 3940 182 65 Stadt.
