3128 4572
1519 369 393 60 ‘Feststellungen

585 380 123 50 1346

584 602 81 50 der
706 600 249 49 Konturen
1004 595 374 58 nachschwang):
1431 592 108 62 Jene
1588 585 402 64 unaussprechlich
2033 583 209 61 Plumpe,
2292 581 245 51 Knieende
2578 586 86 47 auf
2700 593 138 50 einem

584 679 211 55 Schwan,
826 676 74 48 die
933 693 86 31 aus
1055 674 145 49 ihrem
1234 668 290 52 kosmischen
1555 668 121 56 Fett,
1710 666 104 49 dem
1849 662 280 62 stumpfigen
2152 660 137 58 Hals,
2324 665 85 44 mit
2433 661 409 67 ausgepolsterten,

584 775 61 32 zu
684 756 174 50 kurzen
891 755 187 48 Armen
1120 751 115 50 über
1277 750 71 49 ihr
1388 746 235 63 phthaisch
1670 741 416 63 zurückgefallenes
2131 741 170 60 Haupt
2341 745 102 43 eine
2488 738 226 54 Gebärde
2752 762 89 35 von

585 834 290 60 unsagbarer
896 828 365 53 Transzendenz
1286 832 47 45 in
1355 827 73 50 die
1455 825 144 50 Höhe
1632 823 124 50 hebt.
1790 821 117 49 Lind
1940 820 145 55 dann,
2118 836 83 31 um
2234 817 85 48 das
2340 817 323 50 Dramatische
2684 837 58 31 zu
2763 822 53 51 be-

584 912 185 57 rühren,
820 912 88 49 auf
951 910 90 49 den
1083 908 187 50 Firsten
1312 905 82 49 der
1437 902 330 52 Olbrichschen
1808 900 141 49 Halle
1991 898 95 55 <die
2127 898 74 47 die
2241 897 108 48 Luft
2388 894 98 50 und
2527 894 88 50 den
2646 896 195 56 Himmel

584 991 179 50 kühner
793 988 230 51 schneidet
1055 992 90 45 wie
1181 983 280 56 Versailles)
1494 981 74 51 die
1602 977 477 62 überlebensgroßen,
2113 981 47 43 in
2193 973 166 51 herbes
2392 973 117 50 Blau
2542 973 98 50 und
2662 973 156 65 Hiegel-

584 1071 129 50 farbe
754 1068 312 63 gestrichenen
1107 1067 225 60 Figuren,
1372 1081 87 31 aus
1502 1061 141 49 deren
1687 1057 343 62 rhythmischen
2076 1053 403 51 Kleiderstürmen
2521 1052 97 48 und
2650 1053 192 54 linearen

585 1150 384 58 Verwirrungen,
1003 1162 99 32 von
1126 1143 112 51 Haß
1272 1141 98 51 und
1393 1141 127 49 Wut
1552 1143 288 46 verwüstete
1863 1133 223 52 Gesichte
2110 1137 92 45 wie
2225 1131 194 49 Ballone
2442 1128 80 52 der
2543 1129 303 56 Leidenschaft

586 1226 212 63 plötzlich
834 1226 262 58 aufsteigen
1132 1260 11 13 .
1179 1259 9 11 .
1228 1260 9 10 .

649 1307 100 48 Der
779 1306 221 60 Eingang
1033 1320 85 32 zur
1150 1298 319 60 Ausstellung
1501 1302 59 43 ist
1592 1312 80 33 so:
1705 1293 136 51 Sechs
1874 1292 231 50 stilisierte
2140 1291 177 48 Löwen
2350 1288 87 48 auf
2465 1286 153 50 hohen
2668 1287 176 62 Säulen,

588 1382 257 65 glänzende
877 1381 222 53 Phalanx,
1132 1380 70 49 als
1234 1376 102 52 Tor
1369 1376 97 51 und
1498 1373 139 51 Ende
1671 1371 202 62 zugleich
1906 1376 126 44 einer
2063 1367 104 51 steil
2203 1366 272 62 steigenden
2499 1364 344 55 Gartenstraße,

590 1465 145 49 Dann
769 1467 103 45 eine
904 1460 245 50 versenkte
1182 1456 193 62 Anlage
1407 1474 99 30 von
1539 1455 222 48 Brunnen
1793 1449 72 50 bis
1898 1466 87 32 zur
2018 1446 261 50 russischen
2302 1443 198 62 Kapelle
2533 1448 84 43 mit
2639 1443 207 53 Mosaiks

588 1542 97 50 und
718 1540 293 63 goldspitzen
1037 1536 238 63 Kuppeln,
1309 1533 230 51 Daneben
1572 1532 81 48 der
1677 1531 143 48 Hain*
1855 1527 116 51 Und
2002 1526 134 49 beide
2167 1524 91 50 sich
2292 1524 212 59 langsam
2537 1521 194 59 hebend,
2763 1542 56 29 an-

589 1617 296 62 schwingend
918 1634 150 44 gegen
1101 1615 90 49 den
1224 1611 326 52 Olbrichschen
1585 1611 116 47 Bau,
1738 1606 116 50 Und
1886 1604 151 50 hinter
2068 1603 112 57 ihm,
2212 1602 105 48 dem
2350 1599 223 50 höchsten
2597 1598 164 60 Punkt,
2792 1606 55 44 ist

589 1700 82 49 der
711 1698 239 49 Horizont
999 1693 99 51 und
1146 1693 74 50 die
1261 1691 137 51 Stadt
1445 1688 109 50 halb
1597 1687 285 61 abgegrenzt
1925 1683 136 50 durch
2096 1682 74 49 die
2202 1677 473 53 Mietshäuserflanke
2706 1679 141 50 Albin

589 1777 221 55 Müllers,
858 1775 117 49 über
1016 1775 73 48 die
1131 1771 170 49 andere
1333 1770 160 49 Hälfte
1534 1767 260 60 schwingen
1832 1764 202 49 Wiesen
2068 1761 98 49 und
2198 1758 160 61 Hügel
2391 1756 98 50 und
2522 1756 213 50 Wälder.
2786 1758 62 48 Im

594 1853 311 52 Olbrichhaus
929 1851 104 51 sind
1054 1851 580 61 Repräsentationsräume
1658 1844 228 56 (Körner,
1906 1838 241 64 Margold,
2173 1837 255 57 Kleukens,
2451 1833 212 58 Müller),
2696 1833 122 51 Gold-

591 1932 439 52 schmiedearbeiten
1070 1928 182 62 (Riegel
1294 1926 99 51 und
1425 1923 213 56 Wende)
1679 1921 99 50 und
1818 1921 221 49 darunter
2085 1916 169 50 einmal
2288 1921 74 44 ein
2397 1913 196 51 schöner
2623 1913 228 62 Einklang

591 2032 98 32 von
712 2012 264 60 Amethyst
1011 2015 82 44 mit
1116 2007 161 51 Silber.
1312 2006 92 48 Die
1426 2004 181 50 Räume
1640 2002 153 49 haben
1827 1999 329 60 Anregungen
2190 1994 98 51 und
2320 1993 217 50 Fiaskos,
2573 1992 99 49 Der
2703 1992 149 49 Maler

593 2091 151 51 Pellar
776 2090 166 49 breitet
970 2093 129 45 seine
1132 2096 166 39 neuste
1331 2083 229 60 Neigung
1595 2098 110 31 zum
1739 2078 308 51 dekorativen
2081 2074 187 50 Porträt
2301 2072 117 49 über
2449 2076 135 44 einen
2616 2069 109 51 Saal
2757 2087 95 32 aus.

593 2171 144 49 Dann
770 2168 82 50 der
885 2166 239 61 Komplex
1155 2164 83 50 der
1268 2158 478 61 Mietswohnungen!
1780 2157 118 48 Hier
1931 2159 62 45 ist
2027 2153 73 50 die
2122 2151 240 57 Tendenz,
2392 2161 160 50 gutem
2582 2149 270 60 Bürgertum

593 2255 75 44 ein
701 2248 196 50 sicheres
920 2246 195 49 Niveau
1148 2243 82 50 der
1263 2239 173 52 Möbel
1469 2238 100 51 und
1601 2237 84 49 der
1717 2242 194 43 inneren
1933 2232 307 59 Einrichtung
2274 2248 61 32 zu
2369 2234 177 56 zeigen.
2579 2227 152 49 Dabei
2759 2225 98 50 fällt

593 2328 82 50 der
708 2326 84 51 Stil
834 2325 83 49 des
957 2319 465 55 Hoffmannsdiülers
1455 2314 229 65 Margold
1724 2316 74 49 bei
1844 2313 137 51 allem
2015 2309 323 61 Mißbehagen
2380 2323 149 45 gegen
2571 2304 87 51 das
2691 2304 165 50 Seichte

594 2407 83 48 der
710 2406 200 48 Wiener
946 2403 205 60 Importe
1192 2398 114 51 doch
1341 2397 68 49 als
1444 2396 81 50 der
1558 2396 165 49 relativ
1756 2411 79 32 am
1868 2393 254 48 breitesten
2156 2387 232 51 fundierte
2423 2385 95 50 auf.
2552 2384 71 50 Es
2659 2383 96 61 gibt
2785 2382 70 49 bei

593 2486 190 49 Körner
825 2481 291 62 angenehme
1158 2479 263 56 Momente,
1465 2474 205 51 Müllers
1703 2469 424 61 Zweckmäßigkeit
2159 2465 119 51 wird
2312 2463 220 52 Freunde
2564 2462 166 50 finden.
2775 2462 81 48 Oft

593 2563 155 50 finden
797 2561 89 51 sich
936 2561 122 49 feine
1099 2556 422 61 Überraschungen
1563 2558 47 43 in
1652 2551 89 50 den
1776 2551 261 48 Zimmern,
2080 2545 66 50 So
2188 2543 212 63 plötzlich
2442 2542 98 49 drei
2571 2540 153 50 Bilder
2759 2557 94 32 von

594 2643 202 60 Eugene
829 2639 142 50 Zack,
1013 2636 117 50 Und
1171 2636 109 49 sehr
1309 2634 141 50 schön
1484 2633 121 55 sind,
1637 2648 141 31 wenn
1812 2627 113 51 auch
1959 2646 62 30 zu
2054 2625 131 49 dünn
2221 2622 159 61 häufig
2410 2627 64 43 im
2505 2617 351 57 Letternschnitt,

593 2722 75 48 die
689 2739 99 31 von
812 2717 244 51 Kleukens
1082 2713 278 64 gedruckten
1381 2712 176 49 Bücher
1582 2709 81 51 der
1685 2704 588 62 Ernst-Ludwig-Presse.
2308 2702 72 48 Es
2404 2699 105 51 sind
2531 2698 115 49 noch
2669 2697 162 49 Ferien-

595 2802 186 55 häuser,
823 2794 363 63 transportable,
1229 2791 293 57 vorhanden,
1562 2786 407 62 Modepavillons,
2014 2779 355 62 Gartentempel
2411 2778 98 49 und
2552 2775 120 51 viele
2710 2775 148 59 Dinge

595 2878 101 51 und
726 2877 258 51 besonders
1018 2872 296 52 vorbildliche
1346 2867 432 61 Ateliersanlagen,

660 2956 163 64 Jedoch
857 2953 234 61 wichtiger
1122 2951 69 49 als
1226 2952 97 48 dies
1357 2948 112 50 alles
1505 2947 148 49 dünkt
1687 2963 89 32 uns
1811 2943 73 50 die
1921 2948 287 43 immanente
2231 2937 305 50 Herrlichkeit
2571 2934 84 50 der
2677 2930 184 60 Anlage

595 3034 99 51 und
734 3034 73 50 die
848 3033 273 60 Bewegung
1160 3047 99 32 von
1292 3027 177 56 Sonne,
1508 3024 108 50 Luft
1656 3022 99 51 und
1785 3020 261 51 Menschen
2087 3018 115 49 über
2236 3017 175 49 diesem
2448 3014 177 50 Boden,
2659 3008 113 52 Und
2802 3013 59 43 im

596 3116 202 51 Kleinen
840 3112 98 49 und
980 3111 179 50 einzeln
1195 3107 217 63 gesehen,
1454 3106 120 48 dies:
1618 3099 431 62 Hinundhergehen
2084 3104 63 43 im
2179 3094 263 57 Rosenhof,
2475 3093 87 49 das
2594 3088 268 52 Rostbraun

598 3194 82 50 der
711 3208 330 45 vergangenen
1066 3188 159 50 Sonne
1259 3186 117 50 über
1407 3184 106 50 dem
1536 3180 215 59 Taunus,
1785 3180 154 50 Wind
1972 3184 47 43 in
2043 3178 90 48 den
2159 3175 99 51 drei
2283 3173 207 62 Pappeln
2514 3191 60 30 an
2598 3170 80 49 der
2701 3165 129 51 Nord-

598 3274 134 49 front
774 3271 82 49 der
889 3269 176 61 großen
1098 3267 155 57 Halle,
1299 3264 84 50 das
1417 3263 118 50 Blau
1568 3267 133 44 einns
1734 3257 315 64 pfingstlichen
2082 3257 234 58 Morgens
2352 3271 81 31 um
2467 3252 84 48 das
2583 3247 162 57 Weiß,
2783 3243 79 48 das

599 3352 207 49 Wasser
847 3348 99 51 und
986 3347 74 49 die
1096 3344 273 51 Gewänder
1412 3342 81 51 der
1534 3341 190 50 Frauen
1766 3377 10 12 .
1813 3376 10 10 .
1860 3374 12 12 .
1913 3337 100 49 und
2046 3334 180 51 Lichter
2267 3330 100 51 und
2397 3329 168 51 Musik
2599 3324 174 53 abends
2806 3327 59 43 im

602 3431 142 56 Hain,
778 3445 81 31 wo
892 3445 63 30 an
989 3424 90 50 den
1112 3423 159 50 Knien
1305 3421 81 49 der
1419 3424 266 45 steinernen
1718 3417 189 49 Frauen
1940 3413 140 51 Ader
2112 3431 61 30 an
2195 3410 139 51 Ader
2354 3427 98 32 von
2474 3407 109 50 Blut
2604 3396 262 58 durchzuckt

602 3508 186 51 scheint.
2330 3488 232 51 Kasimir
2589 3475 276 61 Edsdmid

675 3582 454 62 WeiSerwirtsdafi
1164 3600 101 30 von
1308 3579 137 50 Max
1479 3577 155 51 Brod.
1668 3574 153 52 Axef
1831 3573 236 62 Junder,
2114 3569 187 51 Berfin.
2433 3567 53 48 In
2519 3564 82 50 der
2792 3555 75 48 des

602 3677 156 39 ersten
807 3661 355 66 Jungenstolzes
1205 3658 239 61 überlegte
1483 3673 127 41 man,
1657 3659 91 45 wie
1798 3649 320 53 verschiedene
2166 3648 184 60 Folgen
2399 3663 50 32 es
2498 3643 152 51 haben
2701 3635 168 53 müßte,

600 3763 140 32 wenn
784 3742 171 52 einmal
997 3729 213 74 plötzlich
1253 3737 89 51 alle
1381 3737 252 49 Männer
1667 3771 12 13 .
1714 3771 10 13 .
1759 3732 118 49 oder
1915 3747 139 33 wenn
2096 3727 88 50 alle
2216 3727 228 49 Frauen
2477 3722 212 50 stürben.
2731 3711 138 52 Träfe

604 3822 194 49 nämlich
840 3819 153 51 solche
1024 3815 326 61 Katastrophe
1384 3821 107 49 (aus
1525 3809 366 61 merkwürdiger
1924 3807 208 50 Ursache
2157 3842 10 14 .
2204 3809 32 51 .)
2270 3804 77 48 die
2377 3802 208 55 Frauen,
2625 3814 57 32 so
2714 3788 155 54 würde

604 3901 73 49 die
711 3899 256 50 männliche
990 3897 243 59 Ordnung
1265 3894 82 50 der
1369 3892 129 52 Erde
1530 3892 72 49 bis
1637 3907 109 34 zum
1773 3885 107 52 Tod
1913 3887 82 49 der
2027 3884 172 51 letzten
2221 3884 209 50 Männer
2462 3878 116 52 noch
2612 3875 138 51 schön
2780 3866 89 51 und
