3124 4572
969 427 206 49 Gustav
1206 427 251 61 Meytinß,
1493 428 116 50 Der
1641 429 180 51 GoCem

2395 431 122 48 1279

368 643 123 60 »Sie
541 635 194 62 heißen
778 631 358 61 Athanasius
1178 631 243 61 Pernath
1472 632 116 61 und
1637 633 157 60 sind«
1957 657 58 37 er
2055 635 189 61 blickte
2286 635 103 61 auf
2427 643 84 54 ein

288 740 131 64 Blatt
456 734 210 72 Papier,
708 724 106 60 auf
849 722 129 61 dem
1021 724 167 59 nichts
1229 724 166 60 stand
1557 725 652 65 »Gemmenschneider«.

481 823 193 62 Sofort
738 817 128 60 kam
923 816 194 61 Leben
1183 826 55 51 in
1305 817 109 61 den
1473 819 310 77 Klumpfuß
1854 838 162 44 unter
2071 823 128 59 dem
2259 823 249 61 anderen

288 914 348 72 Schreibtisch:
694 934 60 38 er
809 927 205 43 wetzte
1072 910 105 60 sich
1235 934 73 37 an
1367 910 127 62 dem
1552 911 288 63 Stuhlbein
1906 915 118 60 und
2074 915 76 60 ich
2202 915 159 61 hörte
2403 917 105 59 das

287 1011 270 68 Rauschen
600 1014 150 52 einer
791 1003 396 62 Schreibfeder,

357 1106 76 62 Ich
471 1101 239 77 bejahte:
759 1098 293 61 »Pernath,
1098 1097 620 65 Gemmenschneider.«

359 1196 151 71 »No,
561 1193 72 60 da
682 1201 83 51 sin
816 1198 102 53 wir
967 1200 55 66 ja
1078 1191 164 77 gleich
1293 1192 360 71 beisammen,
1703 1193 150 61 Herr
2242 1196 261 70 Pernath,

388 1287 201 82 jawohl
638 1285 254 61 Pernath.
950 1285 61 76 Ja
1058 1285 152 60 wohl
1266 1294 104 67 ja.«
1533 1286 120 61 Der
1701 1287 149 61 Herr
1897 1289 293 62 Polizeirat
2236 1313 123 37 war
2406 1299 99 52 mit

287 1395 164 52 einem
495 1380 192 76 Schlag
729 1402 115 37 von
889 1379 439 60 erstaunlichster
1369 1379 585 80 Liebenswürdigkeit,
2004 1383 80 59 als
2126 1383 146 61 hätte
2314 1407 59 37 er
2414 1384 89 60 die

285 1475 347 64 erfreulichste
683 1472 295 59 Nachricht
1026 1496 115 36 von
1192 1473 98 59 der
1329 1472 163 62 Welt
1531 1473 350 73 bekommen,
1931 1477 226 59 streckte
2197 1484 103 52 mir
2340 1477 164 59 beide

285 1571 192 61 Hände
527 1585 269 58 entgegen
847 1566 117 59 und
1013 1564 266 62 bemühte
1319 1567 106 61 sich
1467 1576 53 52 in
1562 1568 330 61 lächerlicher
1931 1569 200 61 Weise
2171 1569 89 61 die
2301 1569 202 61 Miene

290 1673 138 51 eines
467 1662 433 60 Biedermannes
943 1658 380 64 aufzusetzen.

358 1756 193 69 »Also,
593 1755 150 58 Herr
782 1752 262 70 Pernath,
1087 1753 255 61 erzählen
1376 1753 96 63 Sie
1511 1764 103 50 mir
1647 1755 217 71 einmal,
1906 1779 121 38 was
2060 1757 209 60 treiben
2303 1756 97 62 Sie
2433 1780 67 37 so

284 1851 95 59 den
420 1872 210 53 ganzen
671 1844 194 81 Tag?«

360 1943 111 58 »Ich
503 1941 218 77 glaube,
764 1941 111 60 daß
918 1940 94 62 Sie
1046 1941 102 61 das
1183 1941 167 63 nichts
1384 1941 222 79 angeht,
1648 1943 149 61 Herr
1830 1943 289 73 Otschin«,
2160 1960 338 44 antwortete

284 2037 67 58 ich
390 2034 120 60 kalt.

354 2127 79 60 Er
471 2127 134 60 kniff
647 2127 89 60 die
778 2127 214 77 Augen
1033 2151 345 48 zusammen,
1428 2145 232 44 wartete
1700 2137 159 53 einen
1901 2129 268 61 Moment
2208 2129 118 60 und
2367 2129 131 61 fuhr

284 2221 135 60 dann
458 2221 324 60 blitzschnell
824 2221 108 61 los:

357 2312 143 61 »Seit
539 2338 169 37 wann
750 2315 98 61 hat
887 2315 91 61 die
1021 2315 200 61 Gräfin
1263 2315 84 61 ihr
1385 2315 329 62 Verhältnis
1755 2325 98 52 mit
1893 2316 127 61 dem
2062 2315 282 62 Savioli?«

351 2404 75 61 Ich
466 2430 117 36 war
632 2408 104 60 auf
772 2425 179 45 etwas
994 2410 269 60 ähnliches
1305 2409 188 79 gefaßt
1531 2433 259 53 gewesen
1834 2410 115 61 und
1987 2410 191 61 zuckte
2218 2411 141 60 nicht
2399 2419 100 52 mit

283 2496 88 61 der
406 2499 258 80 Wimper.

351 2590 80 61 Br
468 2597 182 58 suchte
692 2597 134 59 mich
868 2597 265 76 geschickt
1173 2597 164 59 durch
1379 2597 226 59 Kreuz*
1638 2597 116 61 und
1787 2595 358 79 Querfragen
2179 2604 53 52 in
2259 2595 239 64 Wider*

282 2686 207 72 Sprüche
543 2712 73 36 zu
671 2691 346 71 verwickeln,
1077 2689 149 73 aber,
1285 2715 67 37 so
1408 2692 127 60 sehr
1582 2700 102 50 mir
1732 2691 133 59 auch
1898 2714 106 36 vor
2043 2691 310 59 Entsetzen
2396 2691 104 61 das

280 2776 141 62 Herz
461 2789 71 50 im
572 2782 177 62 Halse
790 2785 200 77 schlug,
1033 2785 77 59 ich
1150 2794 202 52 verriet
1392 2786 134 60 mich
1568 2786 139 60 nicht
1747 2783 116 61 und
1902 2783 127 61 kam
2062 2792 194 52 immer
2287 2785 213 61 wieder

280 2869 193 63 darauf
520 2876 218 71 zurück,
797 2879 109 61 daß
965 2879 74 59 ich
1098 2879 108 61 den
1263 2879 235 61 Namen
1548 2877 213 63 Savioli
1811 2886 87 52 nie
1947 2877 196 77 gehört
2192 2877 165 72 hätte,
2399 2886 101 52 mit

280 2961 272 80 Angelina
591 2994 116 37 von
749 2982 240 50 meinem
1031 2973 187 61 Vater
1258 2974 97 60 her
1395 2973 328 61 befreundet
1764 2980 96 64 sei,
1902 2973 116 59 und
2058 2970 110 61 daß
2208 2980 80 51 sie
2328 2971 168 63 schon

280 3055 129 62 öfter
447 3060 255 64 Kameen
745 3065 89 61 bei
876 3076 103 50 mir
1018 3065 216 63 bestellt
1275 3068 157 60 habe.

349 3149 74 61 Ich
475 3153 169 64 fühlte
693 3159 276 61 trotzdem
1011 3183 205 54 genau,
1266 3161 109 61 daß
1417 3161 99 59 der
1557 3159 292 61 Polizeirat
1888 3167 102 52 mir
2030 3159 196 71 ansah,
2269 3168 109 52 wie
2422 3161 76 61 ich

279 3238 83 62 ihn
410 3243 178 80 belog,
637 3252 116 60 und
804 3252 250 61 innerlich
1096 3253 282 61 schäumte
1418 3276 107 38 vor
1564 3253 158 70 Wut,
1764 3252 165 61 nichts
1972 3275 104 37 aus
2118 3261 103 51 mir
2262 3252 238 61 heraus*

278 3330 315 72 bekommen
635 3368 75 36 zu
752 3346 242 61 können.

348 3427 80 61 Er
475 3434 186 63 dachte
713 3448 124 53 eine
877 3441 182 61 Weile
1101 3441 150 71 nach,
1303 3441 150 60 dann
1494 3464 110 54 zog
1646 3463 58 38 er
1743 3440 134 60 mich
1920 3463 91 37 am
2052 3439 150 61 Rock
2244 3439 141 61 dicht
2424 3464 75 37 an

277 3519 113 71 sich,
430 3525 219 66 deutete
689 3534 422 75 geheimnisvoll
1152 3544 99 51 mit
1293 3535 128 60 dem
1456 3535 265 61 Daumen
1756 3533 105 62 auf
1887 3534 107 60 den
2029 3531 180 63 linken
2245 3533 255 62 Schreib*

279 3613 117 58 ttedi
437 3622 111 58 und
589 3622 244 64 flüsterte
873 3637 103 51 mir
1017 3637 84 52 ins
1136 3628 154 61 Ohr:

350 3707 408 72 »Athanasius!
807 3721 91 61 Ihr
946 3722 195 77 seliger
1182 3723 178 61 Vater
1398 3745 122 38 war
1559 3730 146 52 mein
1745 3719 184 63 bester
1967 3719 249 61 Freund.
2262 3719 82 61 Ich
2385 3721 115 62 will

278 3815 70 40 sie
379 3818 181 60 retten,
603 3810 378 66 Athanasius!
1139 3816 166 61 Aber
1338 3815 94 63 Sie
1473 3826 225 51 müssen
1732 3824 103 52 mir
1868 3813 131 63 alles
2032 3838 172 54 sagen
2239 3815 139 61 über
2413 3817 90 60 die

279 3885 202 72 Gräfin.
638 3904 201 64 Hören
882 3909 115 60 Sie:
1041 3909 183 60 alles«.
