3097 4572
1366 444 204 50 Gustav
1602 442 253 60 Meyrinfi,

672 447 120 48 1286

750 649 83 60 Ich
859 648 183 61 zählte
1069 648 89 60 die
1185 646 254 63 Stunden
1467 646 116 61 und
1609 646 200 69 betete,
1845 644 108 60 daß
1981 653 80 51 sie
2088 643 213 61 rascher
2325 642 279 77 vergehen
2632 651 252 81 möchten,-

672 760 196 44 starrte
910 743 200 60 hinaus
1153 751 53 51 in
1249 742 108 60 den
1401 741 414 60 schwärzlichen
1859 740 208 59 Dunst.

752 837 165 60 Nach
953 836 277 76 unsäglich
1266 836 190 75 langer
1489 835 131 61 Zeit
1662 834 109 77 fing
1806 858 58 35 es
1892 832 206 61 endlich
2133 856 69 36 an
2232 832 167 60 heller
2432 855 72 36 zu
2538 834 221 63 werden
2791 848 95 58 und

677 949 188 42 zuerst
922 940 110 50 wie
1091 939 85 50 ein
1237 929 231 61 dunkler
1516 928 180 71 Fleck,
1759 928 148 59 dann
1967 935 194 52 immer
2217 925 310 70 deutlicher,
2569 929 209 62 tauchte
2814 947 70 52 ein

678 1024 315 78 kupfernes,
1037 1032 223 68 riesiges
1304 1023 227 61 Gesicht
1573 1044 102 37 aus
1718 1023 128 59 dem
1889 1020 214 61 Nebel:

754 1119 125 60 Das
928 1117 311 61 Zifferblatt
1289 1127 150 51 einer
1489 1116 146 60 alten
1677 1112 303 63 Turmuhr.
2041 1114 113 60 Die
2209 1113 246 76 Zeiger
2503 1110 277 78 fehlten,-

679 1212 304 61 neuerliche
1026 1211 175 70 Qual.

757 1306 174 60 Dann
975 1306 184 76 schlug
1201 1328 59 36 es
1301 1303 140 63 fünf.

757 1400 81 60 Ich
873 1400 177 70 hörte,
1087 1409 108 49 wie
1230 1401 92 57 die
1356 1397 377 77 Gefangenen
1761 1396 311 61 erwachten
2108 1395 117 60 und
2256 1394 265 77 gähnend
2555 1403 121 52 eine
2701 1395 187 65 Unter*

680 1494 232 76 haltung
952 1503 54 51 in
1049 1493 343 59 böhmischer
1434 1490 240 79 Sprache
1714 1490 240 60 führten.

758 1588 150 60 Eine
950 1587 235 61 Stimme
1225 1587 129 59 kam
1395 1594 103 51 mir
1530 1584 244 61 bekannt
1807 1607 133 47 vor,-
1980 1583 76 60 ich
2082 1583 195 58 drehte
2310 1582 133 59 mich
2479 1604 115 49 um,
2635 1590 133 69 stieg
2796 1608 90 38 von

682 1681 128 61 dem
867 1681 149 59 Brett
1074 1681 260 59 herunter
1392 1678 118 61 und
1785 1678 101 59 sah
1938 1677 106 60 den
2095 1674 464 77 blatternarbigen
2601 1673 169 62 Loisa
2814 1679 81 59 auf

682 1775 99 61 der
811 1775 235 59 Pritsche
1182 1772 319 79 gegenüber
1526 1771 98 61 der
1656 1781 275 66 meinigen
2061 1780 174 49 sitzen
2263 1770 117 58 und
2405 1768 135 60 mich
2566 1771 324 61 verwundert

684 1885 306 45 anstarren.

762 1965 111 60 Die
932 1961 199 61 beiden
1191 1960 245 60 anderen
1487 1982 192 36 waren
1723 1958 267 60 Gesellen
2043 1966 99 50 mit
2182 1978 373 54 verwegenen
2599 1954 291 62 Gesichtern

688 2059 116 60 und
846 2074 303 44 musterten
1192 2055 135 60 mich
1367 2054 445 76 geringschätzig,

768 2148 429 64 »Defraudant?
1239 2148 208 61 Was?«
1505 2145 175 78 fragte
1729 2147 98 59 der
1878 2153 122 52 eine
2043 2144 248 60 halblaut
2331 2152 190 52 seinen
2564 2142 327 61 Kameraden

688 2246 117 61 und
847 2245 137 60 stieß
1027 2245 93 58 ihn
1163 2251 98 52 mit
1303 2243 128 59 dem
1473 2241 352 76 Ellenbogen
1869 2264 89 35 an.

772 2339 121 60 Der
934 2336 280 76 Gefragte
1254 2335 277 59 brummte
1567 2333 190 77 irgend
1792 2350 179 43 etwas
2005 2331 333 70 verächtlich,
2383 2330 214 61 kramte
2630 2337 52 51 in
2717 2336 177 52 seinem

692 2432 316 69 Strohsack,
1059 2431 151 60 holte
1260 2438 87 52 ein
1398 2429 307 61 schwarzes
1748 2429 199 76 Papier
1989 2426 204 60 hervor
2234 2425 116 61 und
2394 2426 142 75 legte
2579 2446 58 37 es
2681 2422 97 60 auf
2809 2421 85 58 den

696 2528 210 59 Boden.

768 2620 173 60 Dann
979 2618 260 61 schüttete
1282 2641 59 35 er
1383 2640 104 36 aus
1529 2615 128 60 dem
1691 2614 164 75 Krug
1889 2622 87 52 ein
2011 2622 185 67 wenig
2221 2612 235 61 Wasser
2489 2608 217 70 darauf,
2747 2608 150 58 kniete

688 2714 207 68 nieder,
939 2712 333 77 bespiegelte
1312 2712 106 58 sich
1461 2711 157 59 darin
1661 2709 118 61 und
1820 2708 243 60 kämmte
2103 2707 105 61 sich
2251 2716 98 51 mit
2391 2707 107 58 den
2542 2704 238 76 Fingern
2817 2702 80 57 das

691 2808 161 60 Haar
893 2816 53 51 in
990 2807 89 59 die
1121 2805 166 62 Stirn,

771 2900 247 62 Hierauf
1069 2900 279 61 trocknete
1407 2920 57 38 er
1522 2897 102 60 das
1682 2896 200 78 Papier
1939 2904 98 50 mit
2093 2894 279 60 zärtlicher
2413 2890 247 80 Sorgfalt
2701 2888 67 61 ab
2806 2885 93 61 und

694 2994 303 63 versteckte
1040 3017 58 37 es
1140 2995 211 56 wieder
1392 3009 160 42 unter
1594 2990 97 60 der
1735 2989 243 61 Pritsche.

776 3089 152 60 »Pan
951 3088 258 68 Pernath,
1230 3087 116 58 Pan
1367 3085 299 70 Pernath«,
1694 3084 293 60 murmelte
2005 3083 173 59 Loisa
2198 3081 163 60 dabei
2380 3080 292 75 beständig
2690 3085 90 52 mit
2796 3070 106 62 auf*

692 3192 315 69 gerissenen
1051 3181 214 76 Augen
1308 3202 104 37 vor
1453 3178 105 60 sich
1602 3178 111 70 hin,
1756 3186 108 50 wie
1903 3175 243 77 jemand,
2190 3177 98 57 der
2329 3182 86 51 ein
2453 3173 285 76 Gespenst
2775 3164 125 64 sieht.

776 3277 147 60 »Die
956 3275 391 60 Herrschaften
1389 3273 217 60 kennen
1651 3271 222 71 einand,
1916 3281 108 48 wie
2060 3271 71 58 ich
2168 3268 321 70 bemerke«,
2648 3278 148 61 sagte
2827 3257 75 59 der

696 3370 434 77 Ungekämmte,
1191 3368 127 60 dem
1376 3367 118 59 dies
1553 3365 203 71 auffiel,
1808 3374 55 50 in
1907 3366 127 57 dem
2077 3362 394 76 geschraubten
2518 3358 222 63 Dialekt
2778 3361 125 52 eines

693 3464 386 59 tschechischen
1124 3460 268 61 Wieners
1449 3461 117 57 und
1615 3459 212 59 machte
1868 3466 103 51 mir
2010 3456 253 78 spöttisch
2306 3464 122 52 eine
2470 3454 162 59 halbe
2674 3445 230 66 Verbeu*

693 3581 175 54 gung:
933 3555 329 61 »erlaubens
1320 3553 135 61 mich
1506 3553 396 61 vorzustellen:
2091 3549 295 61 Vössatka
2428 3558 67 51 ist
2537 3555 145 52 mein
2726 3541 177 60 Name.

694 3653 121 58 Der
871 3650 278 61 schwarze
1200 3647 302 62 Vössatka.
2049 3643 451 76 Brandstiftung«
2663 3652 162 47 setzte
2861 3645 44 40 er

696 3755 122 50 eine
853 3744 231 60 Oktave
1126 3742 156 61 tiefer
1323 3742 144 58 stolz
1508 3741 185 59 hinzu.

774 3840 120 58 Der
927 3838 260 60 Frisierte
1221 3838 225 77 spuckte
1479 3836 268 60 zwischen
1784 3833 107 60 den
1926 3832 240 60 Zähnen
2202 3832 180 70 durch,
2419 3831 191 59 blickte
2650 3823 127 65 mich
2809 3823 96 53 eine

696 3931 190 61 Weile
906 3930 315 61 verächtlich
1249 3954 89 46 an,
1367 3930 224 60 deutete
1616 3929 105 59 sich
1742 3927 147 59 dann
1916 3925 103 61 auf
2033 3927 89 59 die
2140 3926 166 60 Brust
2331 3925 116 59 und
2465 3943 155 58 sagte
2640 3906 265 75 lakonisch:
