3157 4572
1031 425 206 51 Gustav
1268 429 247 63 Meyrittfi,
1553 435 117 52 Der
1700 439 179 52 Gofent

2447 451 120 50 1337

410 645 76 61 Im
534 634 391 79 Hintergrund
974 633 297 80 allerdings
1320 645 124 55 eine
1492 640 248 66 Estrade
1788 657 99 52 mit
1933 649 448 82 Holzgeländer,,
2437 666 124 54 eine

334 746 233 75 gewisse
599 728 354 65 Ähnlichkeit
985 738 99 51 mit
1117 729 128 61 dem
1280 732 147 62 alten
1464 736 405 66 »Loisitschek«
1914 752 69 54 ist
2023 747 138 61 nicht
2192 772 75 37 zu
2300 750 257 78 leugnen.

409 826 321 68 »Befehlen,
771 822 116 61 bitt'
929 823 235 61 schön?«
1211 823 145 80 fragt
1395 827 89 62 die
1524 828 304 78 Kellnerin,
1869 845 88 52 ein
1997 839 201 64 dralles
2240 842 221 74 Mädel,
2504 855 55 51 in

332 938 155 52 einen
527 933 443 49 rotsammetnen
1013 916 175 62 Frack
1230 917 362 68 huchstählich
1635 925 439 82 hineingeknallt,

407 1013 296 80 »Kognak,
744 1010 289 62 Fräulein.
1196 1013 105 72 So,
1343 1015 239 64 danke.«

405 1204 166 61 »Hm,
616 1199 335 62 Fräulein!«

307 1311 15 18 s
405 1297 239 62 »Bitte?«

402 1390 210 61 »Wem
652 1387 202 79 gehört
895 1388 104 61 das
1041 1390 418 64 Kaffeehaus?«

402 1485 184 60 »Dem
627 1482 190 61 Herrn
851 1481 474 65 Kommerzialrat
1357 1486 352 69 Loisitschek.
1851 1494 126 65 Das
2016 1519 178 56 ganze
2234 1500 168 64 Haus
2442 1527 104 54 ge*

323 1581 122 60 hört
483 1578 127 61 ihm.
655 1576 116 61 Ein
814 1575 129 64 sehr
984 1587 91 52 ein
1117 1579 174 62 feiner
1331 1583 202 61 reicher
1571 1584 204 64 Herr.«

509 1672 159 70 Aha,
711 1670 100 63 der
851 1672 140 62 Kerl
1031 1682 99 52 mit
1169 1674 110 61 den
1322 1674 500 68 Schweinszähnen
1863 1706 72 38 an
1976 1683 98 62 der
2114 1686 296 64 Uhrkette!
2453 1714 94 38 er*

322 1777 182 52 innere
544 1767 75 60 ich
663 1767 152 60 mich.

392 1861 80 60 Ich
513 1860 147 62 habe
701 1869 163 53 einen
905 1876 174 62 guten
1120 1861 232 74 Einfall,
1394 1863 99 63 der
1533 1867 132 60 mich
1708 1877 329 56 orientieren
2077 1875 167 62 wird:

396 1954 364 61 »Fräulein!«

395 2048 240 61 »Bitte?«

393 2140 233 61 »Wann
673 2150 71 54 ist
784 2143 92 62 die
917 2153 279 55 steinerne
1235 2147 211 63 Brücke
1488 2154 403 74 eingestürzt?«

391 2234 166 61 »Vor
597 2236 453 82 dreiunddreißig
1088 2239 255 79 Jahren.«

390 2328 167 62 »Hm.
602 2330 134 62 Vor
767 2331 452 81 dreiunddreißig
1248 2335 262 78 Jahren!«
1654 2341 75 58 ich
1762 2340 282 80 überlege:
2089 2342 99 62 der
2221 2343 319 65 Gemmen*

312 2422 274 62 Schneider
626 2423 241 64 Pernath
910 2427 137 63 muß
1087 2427 124 63 also
1251 2440 133 66 jetzt
1425 2431 111 61 fast
1574 2443 242 68 neunzig
1856 2444 135 53 sein,

387 2515 366 65 »Fräulein!«

387 2609 240 62 »Bitte?«

384 2703 111 61 »Ist
534 2704 118 62 hier
692 2711 264 60 niemand
1000 2728 163 46 unter
1204 2712 109 62 den
1348 2713 243 72 Gästen,
1633 2714 99 63 der
1771 2717 106 61 sich
1910 2718 134 61 noch
2077 2728 256 52 erinnern
2364 2721 168 72 kann,

306 2803 105 54 wie
450 2797 89 62 die
580 2799 113 63 alte
724 2802 335 77 Judenstadt
1097 2830 118 38 von
1256 2806 214 63 damals
1512 2810 351 77 ausgesehen
1902 2811 126 61 hat?
2067 2812 81 61 Ich
2183 2813 91 61 bin
2308 2813 225 63 Schrift*

306 2887 179 64 steiler
525 2893 119 61 und
683 2904 354 55 interessiere
1079 2901 133 60 mich
1256 2900 219 62 dafür.«

378 2982 112 64 Die
537 2986 291 66 Kellnerin
886 2991 170 64 denkt
1112 2995 155 61 nach:
1319 2995 177 61 »Von
1554 2996 108 61 den
1712 2995 255 63 Gästen?
2024 2999 175 62 Nein.
2366 3001 169 63 Aber

303 3094 208 46 warten
571 3080 78 65 S';
715 3084 101 62 der
878 3086 529 82 Billardmarqueur,
1473 3089 98 62 der
1633 3090 127 61 dort
1822 3100 97 52 mit
1981 3100 180 54 einem
2217 3093 316 65 Studenten

304 3166 308 69 Carambol
663 3179 180 78 spielt,
1019 3182 174 61 sehen
1243 3182 96 63 Sie
1388 3182 122 63 ihn?
1558 3183 122 62 Der
1727 3193 98 52 mit
1872 3184 97 61 der
2016 3185 365 73 Hakennase,
2432 3189 100 61 der

301 3262 153 73 Älte,
598 3269 101 63 der
731 3272 98 62 hat
870 3282 196 55 immer
1107 3276 117 62 hier
1256 3277 184 79 gelebt
1473 3277 117 61 und
1621 3278 141 61 wird
1795 3278 171 62 Ihnen
2007 3278 134 64 alles
2175 3304 189 54 sagen,
2410 3282 119 62 Soll

299 3356 71 59 ich
411 3358 92 62 ihn
543 3363 187 74 rufen,
771 3367 86 62 bis
899 3391 61 38 er
1002 3370 161 78 fertig
1202 3372 137 61 ist?«

370 3451 80 62 Ich
492 3455 150 81 folge
684 3460 130 62 dem
856 3462 144 63 Blick
1042 3465 102 62 des
1186 3465 336 62 Mädchens:

372 3544 111 63 Ein
525 3551 303 75 schlanker,
868 3558 426 80 weißhaariger,
1334 3559 139 62 alter
1505 3559 185 61 Mann
1731 3559 151 62 lehnt
1922 3559 216 62 drüben
2179 3586 93 36 am
2303 3561 225 80 Spiegel

298 3638 113 61 und
457 3640 213 67 kreidet
718 3658 121 53 sein
882 3649 198 75 Queu.
1132 3653 115 62 Ein
1296 3664 393 60 verwüstetes,
1738 3653 134 61 aber
1919 3653 227 62 seltsam
2187 3655 340 64 vornehmes

298 3728 239 71 Gesicht.
583 3739 229 66 Woran
856 3754 242 54 erinnert
1139 3771 62 38 es
1242 3749 133 60 mich
1417 3749 137 60 nur?

373 3826 323 80 »Fräulein,
737 3846 111 53 wie
890 3838 152 64 heißt
1082 3840 100 63 der
1221 3842 383 79 Marqueur?«

369 3918 113 65 Die
522 3925 290 67 Kellnerin
854 3944 177 52 stützt
1070 3936 107 61 sich
1220 3945 72 52 im
1327 3936 209 62 Stehen
1578 3945 98 52 mit
1717 3935 127 62 dem
1878 3936 356 79 Ellenbogen
2275 3939 108 61 auf
2416 3939 111 62 den
