3169 4572
1319 412 204 49 Gustav
1798 406 226 62 Meyrirtß,
2025 404 144 51 Gofetn

623 418 122 49 1298

624 623 133 61 midi
816 621 100 61 der
972 621 202 59 sdiöne
1230 614 249 64 Wenzel
1545 612 120 62 und
1720 612 211 59 madite
1988 632 108 38 vor
2152 607 330 61 Erstaunen
2540 604 315 71 kreisrunde

624 716 233 76 Augen.

703 810 83 61 Idi
819 809 192 60 mußte
1052 815 183 53 meine
1266 826 181 57 ganze
1479 798 421 65 Beredsamkeit
1940 797 312 69 aufbieten,
2294 817 98 37 um
2434 792 111 61 ihm
2588 792 108 62 den
2736 820 123 38 ver»

626 927 275 54 wegenen
941 901 157 70 Plan,
1147 899 117 72 der,
1305 906 111 52 wie
1465 920 60 38 er
1576 911 178 61 sagte,
1804 892 102 61 das
1947 890 260 62 Resultat
2257 897 154 53 eines
2458 886 404 65 »Bataillons«»

629 996 349 63 besdilusses
1021 1018 141 47 war,
1204 991 375 63 auszureden.

709 1092 135 61 Daß
877 1092 77 59 ich
991 1089 126 61 »die
1143 1087 174 63 Gabe
1352 1085 248 63 Gottes«
1636 1106 118 38 von
1788 1080 101 63 der
1920 1078 178 63 Hand
2130 1085 140 52 wies
2305 1074 118 62 und
2455 1074 173 62 lieber
2658 1093 206 48 warten

630 1186 212 70 wollte,
883 1186 85 59 bis
1010 1184 76 60 ich
1127 1205 117 38 von
1285 1179 174 64 selbst
1500 1177 365 62 freikommen
1899 1172 218 71 würde,
2150 1195 122 36 war
2313 1169 113 61 ihm
2467 1167 396 78 unbegreiflich.

715 1276 332 81 »Jedenfalls
1113 1273 183 63 danke
1360 1273 77 61 ich
1492 1271 174 61 Ihnen
1724 1267 119 62 und
1891 1266 163 62 Ihren
2102 1266 215 59 braven
2366 1261 362 62 Kameraden
2775 1266 98 59 auf

633 1374 104 61 das
779 1370 514 70 allerherzlichste«,
1334 1384 158 61 sagte
1542 1366 76 61 ich
1659 1362 228 80 gerührt
1936 1360 119 62 und
2111 1360 223 59 drückte
2392 1356 113 62 ihm
2554 1355 89 62 die
2684 1356 179 65 Hand,

638 1466 236 63 »Wenn
916 1465 90 62 die
1047 1465 245 61 schwere
1324 1463 134 59 Zeit
1499 1460 91 61 für
1630 1459 134 61 mich
1805 1455 251 63 vorüber
2097 1463 89 61 ist,
2228 1451 142 61 wird
2411 1473 62 38 es
2515 1458 147 53 mein
2704 1468 165 45 erstes

635 1571 141 60 sein,
818 1560 135 61 mich
993 1558 174 62 Ihnen
1208 1557 146 61 allen
1396 1553 326 63 erkenntlich
1764 1574 76 38 zu
1880 1558 251 68 zeigen.«

720 1656 122 61 »Ise
890 1677 102 55 gar
1040 1653 140 60 nicht
1228 1658 210 69 nätig«,
1487 1645 188 64 lehnte
2016 1639 297 64 freundlich
2365 1638 89 61 ab.
2785 1637 87 62 Sie

639 1757 89 54 ein
770 1771 140 56 paar
943 1746 148 62 Glas
1125 1745 149 71 ,Pils'
1315 1741 221 71 zahlen,
1578 1738 243 62 nähmen
1862 1745 105 52 wir
2007 1736 105 61 sich
2157 1732 251 62 dankbar
2449 1753 92 47 an,
2583 1729 108 61 abe
2724 1746 150 44 sunst

639 1852 112 53 nix.
793 1844 119 59 Pan
946 1837 367 71 Charousek,
1353 1859 126 38 was
1519 1844 83 52 ise
1641 1842 109 68 jetz
1783 1831 358 63 Schatzmistr
2181 1851 137 37 vom
2359 1823 298 78 Bataljohn
2699 1822 93 62 hat
2829 1825 45 59 e'

640 1960 110 39 uns
790 1936 169 61 schon
1000 1932 231 70 erzählt,
1271 1954 125 38 was
1430 1929 97 62 Sie
1560 1929 90 61 für
1683 1935 90 53 ein
1807 1924 309 63 heimlicher
2148 1921 330 61 W'ohltäter
2511 1927 102 52 sin,
2658 1916 117 63 Soll
2807 1917 67 60 ich

642 2032 114 62 ihm
795 2053 126 38 was
963 2028 330 68 ausrichten,
1334 2047 169 38 wenn
1537 2023 75 61 ich
1646 2030 56 52 in
1735 2043 140 56 paar
1906 2014 127 81 Täg
2065 2015 215 62 wieder
2312 2011 462 64 herauskomm?«

727 2124 114 79 »Ja,
882 2123 185 70 bitte,«
1113 2119 87 62 fiel
1242 2119 75 61 ich
1358 2118 154 61 rasch
1555 2123 109 62 ein,
1710 2134 209 56 »sagen
1953 2110 97 64 Sie
2092 2109 132 70 ihm,
2265 2131 61 38 er
2366 2106 214 61 möchte
2613 2128 75 37 zu
2719 2103 158 61 Hille!

644 2218 182 79 gehen
869 2217 119 61 und
1028 2214 113 63 ihm
1181 2212 286 70 mitteilen,
1508 2211 76 61 ich
1618 2208 150 61 hätte
1802 2206 181 62 soviel
2016 2204 195 76 Angst
2243 2223 201 55 wegen
2478 2198 100 62 der
2611 2195 270 65 Gesund»

645 2313 115 63 heit
816 2320 182 54 seiner
1045 2305 242 66 Tochter
1340 2307 250 75 Mirjam,
1658 2303 153 60 Herr
1858 2300 170 62 Hillel
2087 2297 141 62 solle
2284 2305 82 52 sie
2422 2294 141 61 nicht
2619 2316 105 37 aus
2780 2289 99 61 den

647 2407 217 78 Augen
906 2406 205 61 lassen.
1271 2399 262 63 Werden
1576 2397 96 63 Sie
1713 2396 107 61 sich
1862 2393 111 63 den
2013 2392 236 61 Namen
2290 2388 283 63 merken?:
2616 2383 262 64 Hillel!«

733 2500 292 62 »Hirräl?«

733 2594 222 62 »Nein:
998 2592 228 62 Hillel.«

733 2687 283 62 »Hillär?«

739 2782 218 61 »Nein:
998 2780 117 62 Hill
1118 2780 185 61 —ei.«

729 2874 248 63 Wenzel
1019 2872 258 63 zerbrach
1318 2871 106 62 sich
1468 2870 111 61 fast
1619 2867 91 62 die
1743 2866 208 76 Zunge
1993 2888 71 36 an
2107 2862 128 61 dem
2271 2860 90 61 für
2393 2867 161 54 einen
2588 2852 299 65 Tschechen

652 2969 385 79 unmöglichen
1085 2968 256 68 Namen,
1400 2965 137 61 aber
1584 2960 293 65 schließlich
1929 2957 322 77 bewältigte
2300 2978 61 37 er
2409 2952 94 61 ihn
2553 2951 136 61 doch
2740 2962 151 46 unter

653 3063 208 62 wilden
904 3062 355 62 Grimassen,

737 3155 178 63 »Und
963 3155 151 61 dann
1162 3154 137 61 noch
1349 3162 145 52 eins:
1546 3150 152 61 Herr
1748 3143 346 66 Charousek
2144 3150 166 69 möge
2484 3140 77 60 ich
2611 3138 146 59 lasse
2808 3131 83 61 ihn

656 3251 232 63 herzlich
939 3249 162 61 drum
1150 3248 170 61 bitten
1479 3244 106 63 sich
1627 3243 156 70 auch,
1833 3248 207 54 soweit
2080 3261 63 38 es
2185 3244 54 52 in
2281 3243 183 52 seiner
2503 3232 196 61 Macht
2737 3224 156 67 steht,

657 3346 100 61 der
810 3342 383 64 »vornehmen
1244 3341 224 61 Dame«
1631 3360 61 38 er
1741 3335 148 61 weiß
1938 3333 188 68 schon,
2177 3352 118 37 wer
2345 3327 266 61 darunter
2660 3346 73 38 zu
2773 3340 90 39 ver-

658 3439 198 62 stehen
898 3446 70 54 ist
1125 3434 375 62 annehmen.«

742 3533 132 62 »Sie
915 3540 219 52 meinen
1175 3529 107 62 sich
1324 3524 439 63 wahrscheinlich
1806 3521 89 61 die
1937 3519 182 76 adlige
2152 3516 329 67 Flietschen,
2524 3511 89 62 die
2644 3531 122 40 was
2801 3503 95 60 das

662 3628 223 79 Gspusi
925 3624 173 79 ghabt
1138 3624 97 61 hat
1274 3632 99 52 mit
1412 3622 130 61 dem
1576 3619 271 70 Njemetz
1983 3613 129 61 dem
2145 3611 104 60 Dr,
2289 3608 226 80 Sapoli?
2656 3604 127 66 No,
2817 3596 81 60 die

661 3722 101 61 hat
797 3722 105 61 sich
936 3719 136 61 doch
1108 3717 254 62 scheiden
1395 3714 188 63 lassen
1617 3712 119 61 und
1769 3719 82 52 ise
1884 3717 97 51 mit
2014 3705 176 63 ihrem
2215 3703 155 61 Kind
2403 3702 117 61 und
2553 3700 129 61 dem
2717 3688 182 82 Sapoli

666 3816 167 60 furt.«

750 3906 271 62 »Wissen
1064 3905 97 62 Sie
1204 3904 103 60 das
1349 3900 350 63 bestimmt?«
