3057 4572
1321 458 206 51 Gustav
1559 454 250 62 Meyrinfi,
1993 451 181 51 Gofem

626 462 120 49 1276

708 665 177 62 »Still!
927 665 99 60 Da
1066 673 70 52 ist
1177 664 122 59 er!«

702 760 117 61 Mit
842 758 360 62 taumelnden
1230 757 285 69 Schritten,
1541 754 107 61 sich
1674 777 73 37 an
1774 751 98 61 der
1897 749 203 62 Wand
2124 746 273 71 stützend,
2438 746 130 61 kam
2592 746 84 64 W
2679 776 160 43 asser*

625 871 147 44 trum
815 854 88 60 die
945 852 186 77 Stiege
1173 850 262 61 herunter
1475 848 119 60 und
1633 845 226 61 wankte
1901 867 71 37 an
2015 866 108 38 uns
2164 840 260 63 vorüber.

707 946 301 63 Charosek
1056 944 282 61 schüttelte
1388 951 104 52 mir
1541 941 214 76 flüchtig
1804 939 89 60 die
1943 937 176 61 Hand
2169 936 118 61 und
2335 932 184 62 schlich
2569 933 109 61 ihm
2717 944 122 63 nach.

942 1040 112 61 Als
1096 1038 76 60 ich
1215 1046 55 52 in
1312 1045 147 52 mein
1502 1035 254 61 Zimmer
1804 1030 431 78 zurückgekehrt
2274 1051 140 47 war,
2465 1027 101 60 sah
2617 1030 89 71 ich,
2753 1035 88 64 daß

628 1135 91 61 die
765 1135 154 61 Rose
967 1132 119 63 und
1141 1132 105 61 das
1294 1130 331 62 Fläschchen
1681 1125 441 65 verschwunden
2173 1146 191 37 waren
2425 1121 118 61 und
2601 1146 69 36 an
2725 1126 117 67 ihrer

631 1228 171 62 Stelle
844 1228 89 59 die
974 1225 256 79 goldene,
1286 1224 280 61 zerbeulte
1606 1221 131 61 Uhr
1778 1221 100 60 des
1919 1214 268 64 Trödlers
2239 1215 105 61 auf
2387 1214 129 61 dem
2563 1210 151 66 Tisch
2757 1219 84 80 lag,

720 1510 184 61 »Acht
952 1506 161 80 Tage
1172 1517 190 50 müsse
1418 1505 76 60 ich
1553 1520 237 54 warten,
1848 1501 104 61 ehe
2008 1501 77 59 ich
2133 1506 148 52 mein
2334 1494 155 63 Geld
2545 1493 299 69 bekommen

635 1604 186 61 könne
966 1625 60 38 es
1068 1610 78 52 sei
1188 1601 103 60 das
1333 1600 90 61 die
1464 1597 210 61 übliche
1705 1591 560 81 Kündigungsfrist«,
2409 1590 155 59 hatte
2603 1612 127 37 man
2766 1602 80 51 mir

642 1698 107 61 auf
781 1698 100 61 der
919 1696 160 61 Bank
1120 1712 208 62 gesagt.

713 1792 152 59 Man
905 1790 140 61 solle
1087 1790 109 60 den
1238 1788 268 61 Direktor
1547 1785 184 71 holen,
1785 1784 149 60 denn
1976 1781 77 60 ich
2103 1788 80 53 sei
2232 1788 54 52 in
2330 1776 225 79 größter
2596 1776 124 61 Eile
2757 1780 93 60 und

638 1884 265 80 gedächte
937 1893 53 51 in
1026 1893 151 51 einer
1201 1880 220 64 Stunde
1455 1879 347 70 abzureisen,
1828 1877 154 59 hatte
2015 1874 76 61 ich
2127 1882 123 52 eine
2276 1869 270 62 Ausrede
2569 1869 279 77 gebraucht,

717 1980 85 59 Er
851 1988 155 51 wäre
1055 1978 140 60 nicht
1242 2000 73 37 zu
1365 1974 258 79 sprechen
1681 1972 120 61 und
1855 1971 188 59 könne
2103 1992 73 36 an
2226 1967 109 60 den
2378 1963 472 77 Gepflogenheiten

642 2072 101 61 der
782 2072 160 61 Bank
993 2071 134 61 auch
1178 2070 168 61 nichts
1395 2068 214 60 ändern
1770 2063 125 61 hieß
1944 2086 78 47 es,
2072 2060 118 60 und
2240 2067 88 52 ein
2370 2057 138 66 Kerl
2557 2065 98 50 mit
2702 2065 150 52 einem

644 2166 316 78 Glasauge,
1004 2165 99 61 der
1143 2162 238 79 zugleich
1425 2170 97 52 mit
1563 2167 103 54 mir
1707 2183 71 35 an
1821 2157 109 61 den
1972 2155 245 62 Schalter
2256 2169 248 61 getreten
2545 2173 138 49 war,
2729 2150 123 59 hatte

641 2260 244 61 hämisch
936 2259 244 61 darüber
1227 2256 222 79 gelacht.

720 2354 150 61 Acht
909 2376 192 54 graue,
1154 2350 309 61 furchtbare
1502 2343 163 81 Tage
1707 2344 105 62 auf
1846 2344 108 61 den
1995 2339 134 65 Tod
2169 2340 161 61 sollte
2371 2339 75 60 ich
2490 2338 121 59 also
2650 2334 203 61 warten!

724 2448 139 61 Wie
898 2471 87 37 ein
1021 2447 293 60 Zeitraum
1348 2444 150 60 ohne
1534 2441 169 60 Ende
1737 2441 127 59 kam
1900 2462 59 38 es
1994 2446 102 52 mir
2128 2458 123 40 vor.
2296 2434 81 60 Ich
2413 2456 120 37 war
2566 2454 66 37 so
2664 2428 191 62 nieder*

644 2542 340 78 geschlagen,
1028 2538 111 63 daß
1181 2538 75 61 ich
1290 2545 103 53 mir
1432 2559 101 54 gar
1566 2535 141 60 nicht
1740 2532 229 62 bewußt
2001 2529 215 70 wurde,
2250 2536 111 52 wie
2401 2526 163 77 lange
2606 2522 73 62 ich
2719 2519 136 62 schon

644 2660 108 38 vor
776 2635 100 61 der
900 2631 155 64 Türe
1080 2642 153 53 eines
1260 2630 412 62 Kaffeehauses
1700 2626 103 62 auf
1823 2626 119 61 und
1968 2621 515 80 niedergeschritten
2517 2627 118 52 sein
2662 2613 194 62 mochte.

724 2730 233 61 Endlich
1007 2745 110 44 trat
1167 2728 75 59 ich
1287 2735 108 61 ein,
1445 2722 132 63 bloß
1627 2747 97 36 um
1775 2722 108 60 den
1934 2720 451 72 widerwärtigen
2427 2712 137 61 Kerl
2615 2719 95 53 mit
2754 2706 103 60 dem

649 2824 297 78 Glasauge
986 2822 87 62 los
1112 2846 76 35 zu
1228 2819 249 71 werden,
1520 2818 99 61 der
1658 2815 108 62 sich
1808 2823 196 52 immer
2044 2822 55 50 in
2141 2819 211 52 meiner
2383 2806 181 63 Nähe
2606 2802 124 63 hielt
2767 2796 93 64 und

646 2942 169 37 wenn
857 2918 77 60 ich
975 2917 94 59 ihn
1107 2914 283 65 anblickte,
1432 2912 182 62 sofort
1656 2909 104 61 auf
1795 2909 130 60 dem
1955 2905 200 64 Boden
2189 2902 401 69 herumsuchte,
2635 2896 76 61 als
2743 2893 117 61 habe

649 3036 59 38 er
750 3029 179 45 etwas
969 3009 277 63 verloren.

727 3106 88 61 Er
856 3106 153 60 hatte
1053 3112 160 52 einen
1257 3101 399 69 hellkarierten,
1689 3096 109 62 viel
1832 3120 74 36 zu
1940 3116 181 55 engen
2152 3091 154 61 Rock
2340 3114 71 36 an
2447 3087 118 62 und
2598 3084 263 63 schwarze,

649 3197 473 82 speckglänzende
1155 3196 220 70 Hosen,
1420 3194 90 61 die
1550 3192 113 61 ihm
1704 3199 109 52 wie
1849 3189 174 62 Säcke
2065 3210 95 37 um
2194 3186 90 60 die
2315 3185 173 59 Beine
2528 3180 333 62 schlotterten.

650 3293 135 62 Auf
829 3302 210 52 seinem
1089 3289 182 62 linken
1315 3286 193 64 Stiefel
1562 3308 122 37 war
1732 3293 88 52 ein
1870 3281 317 75 eiförmiger
2235 3276 307 79 gewölbter
2582 3258 283 77 Lederfleck

652 3388 374 77 aufgesteppt,
1078 3384 110 61 daß
1239 3407 60 37 es
1350 3380 223 70 aussah,
1627 3379 80 61 als
1755 3388 161 66 trüge
1967 3398 60 37 er
2074 3375 265 59 darunter
2389 3380 160 51 einen
2592 3360 273 81 Siegelring

655 3483 104 60 auf
796 3482 98 60 der
934 3479 177 61 Zehe.

731 3576 196 61 Kaum
969 3575 153 59 hatte
1164 3571 76 61 ich
1281 3570 135 61 mich
1460 3567 418 76 niedergesetzt,
1931 3561 129 61 kam
2103 3558 134 62 auch
2287 3582 60 37 er
2395 3557 189 61 herein
2626 3548 113 65 und
2782 3542 84 62 ließ

652 3671 108 61 sich
800 3694 71 36 an
915 3678 182 50 einem
1138 3665 346 62 Nebentisch
1526 3661 206 61 nieder.

734 3764 82 61 Ich
849 3763 245 77 glaubte,
1129 3783 59 37 er
1219 3759 168 59 wolle
1420 3755 135 61 mich
1591 3750 301 70 anbetteln,
1926 3749 117 61 und
2076 3747 187 61 suchte
2295 3745 165 62 schon
2494 3741 136 64 nach
2662 3740 207 58 meinem

655 3858 456 68 Portemonnaie,
1149 3854 75 60 da
1256 3853 103 61 sah
1393 3850 76 61 ich
1505 3859 161 51 einen
1700 3845 210 79 großen
1938 3843 299 61 Brillanten
2273 3864 74 37 an
2382 3848 192 53 seinen
2607 3830 262 70 wulstigen

656 3949 473 78 Metzgerfingern
1173 3945 327 61 aufblitzen.
