3035 4572
617 422 120 49 1144

1086 423 218 62 Ludwig
1335 423 235 57 Rußiner,
1605 424 202 52 Homer
1834 428 119 48 und
1969 426 183 52 Monte
2186 428 200 52 CBristo

611 626 358 72 stadtstraße,
1010 628 144 61 wird
1202 627 101 62 der
1349 628 177 80 Junge
1565 631 108 61 sich
1715 631 250 79 plötzlich
2007 641 124 53 eine
2172 633 407 66 Lichtsekunde
2618 640 126 82 lang
2780 674 61 41 an

609 729 156 52 seine
797 720 517 63 Zusammenkunft
1353 732 99 53 mit
1491 722 130 63 dem
1653 724 396 63 Feuersmann
2091 736 274 54 erinnern.
2410 729 186 73 Oder,
2637 757 61 40 er
2726 743 116 73 geht

607 814 225 71 einmal,
850 814 100 62 des
969 815 500 80 Spätnachmittags
1486 826 155 53 eines
1660 816 311 74 Sommers,
1988 821 199 61 vorbei
2205 846 73 36 an
2305 821 101 63 der
2426 823 180 63 rohen
2629 826 212 84 Ziegel«

607 932 200 38 mauer
846 918 155 53 eines
1043 909 434 80 Amtsgartens,-
1516 934 109 39 vor
1664 910 135 74 ihm,
1846 913 268 62 vielleicht
2159 924 101 52 mit
2299 917 211 62 müden
2552 918 288 85 Schultern,

606 1012 92 51 ein
738 1003 449 72 Berufsmensch,
1230 1003 108 62 den
1381 1028 61 38 er
1481 1028 137 38 vom
1658 1006 226 62 Rücken
1926 1008 247 62 erkennt.
2225 1009 98 61 Da
2365 1019 71 53 ist
2476 1011 91 62 die
2606 1014 234 69 Kinder«

605 1113 194 63 tapete
823 1107 56 52 in
903 1097 317 63 Flammen.
1248 1098 87 62 Er
1359 1100 149 62 weiß
1524 1101 204 71 sofort,
1752 1126 124 37 was
1902 1102 186 62 dieser
2102 1105 414 62 Rechtsanwalt
2539 1113 297 67 menschlich

604 1192 448 78 auszusprechen
1086 1191 165 63 hätte.
1296 1192 87 61 Er
1415 1193 334 63 überschaut
1787 1195 187 62 dieses
2007 1196 254 64 Mannes
2294 1199 281 63 Mitleben
2617 1205 106 61 auf
2752 1209 86 63 der

604 1284 177 63 Erde.

680 1473 162 79 Jeder
882 1473 240 62 Mensch
1164 1473 171 62 kennt
1376 1474 90 61 die
1507 1474 410 79 Augenblicke,
1957 1500 98 39 wo
2106 1478 184 62 hinein
2341 1489 55 52 in
2439 1481 255 66 Gewühl
2733 1492 102 60 und

601 1568 381 79 gewöhnliche
1014 1568 190 78 Dinge
1245 1577 90 53 ein
1367 1568 390 64 Aufscheinen
1799 1572 133 62 fällt.
1977 1572 133 62 Wir
2143 1574 232 61 werden
2410 1574 426 82 durchschüttelt,-

601 1685 62 39 es
705 1671 71 52 ist
817 1671 90 53 ein
940 1662 290 71 Moment,
1263 1662 100 61 der
1396 1686 108 38 uns
1537 1663 252 79 plötzlich
1823 1666 108 61 auf
1964 1675 124 53 eine
2121 1667 195 79 Spitze
2347 1670 165 71 stellt,
2545 1680 106 52 wir
2681 1674 123 63 über-

601 1755 175 62 sehen
818 1756 108 61 alle
967 1779 206 38 unsere
1213 1755 315 79 bisherigen
1561 1757 388 79 Handlungen
1982 1760 120 61 und
2135 1761 90 61 die
2258 1761 101 62 der
2391 1762 248 64 anderen
2671 1766 163 64 Men«

600 1851 179 61 sehen.
823 1850 129 62 Das
985 1850 287 64 Wunder.
1314 1850 162 79 Jeder
1507 1850 240 64 Mensch
1780 1851 172 64 kennt
1984 1854 103 62 das
2121 1855 287 64 Wunder.
2452 1858 214 63 Keiner
2697 1881 138 59 wagt

599 1968 75 37 an
729 1944 106 62 das
883 1943 272 62 Wunder
1209 1968 77 37 zu
1340 1944 263 78 glauben,
1662 1945 137 63 aber
1853 1947 155 77 jeder
2063 1950 148 61 weiß
2270 1949 212 74 davon,
2539 1976 93 38 am
2678 1953 156 65 Ende

597 2038 371 79 ahnungslos,
1010 2038 111 61 daß
1162 2062 61 38 er
1264 2038 164 62 weiß.

675 2133 145 61 Von
869 2141 183 53 einem
1091 2132 171 71 Buch,
1310 2133 104 61 das
1463 2135 141 59 nicht
1651 2133 167 63 durch
1860 2135 349 78 Ergebnisse
2257 2138 101 61 der
2406 2140 240 63 exakten
2693 2142 138 62 For«

596 2227 281 78 schungen
926 2226 130 62 dem
1113 2227 424 61 unmittelbaren
1587 2227 243 62 Nutzen
1880 2230 102 62 des
2032 2231 273 64 Denkens
2355 2258 75 37 zu
2478 2234 203 63 dienen
2727 2235 103 72 hat,

595 2338 280 44 erwarten
925 2330 105 52 wir
1079 2330 195 52 immer
1322 2321 102 62 das
1467 2323 285 62 Wunder.
1805 2323 152 63 Eine
2007 2324 212 65 höhere
2267 2328 295 63 Existenz,
2615 2330 215 61 Unsere

595 2414 213 62 höhere
865 2414 297 71 Existenz,
1220 2415 419 78 aufgezeichnet
1695 2416 139 63 über
1893 2418 110 62 den
2060 2419 488 81 Knotenpunkten
2608 2446 221 39 unseres

591 2508 245 71 Lebens,
878 2508 91 62 die
1011 2508 165 62 durch
1218 2518 169 52 weite
1427 2509 500 65 Zwischenräume
1974 2514 390 63 voneinander
2402 2532 258 61 getrennt
2697 2516 130 71 sind,

590 2602 594 79 zusammengehalten
1217 2603 252 73 werden,
1509 2606 451 77 gegeneinander
1998 2608 262 78 gehalten
2293 2610 249 62 werden.
2585 2611 132 62 Wir
2746 2634 83 38 er«

592 2714 238 53 warten,
864 2697 110 62 daß
1001 2696 117 62 ihre
1143 2697 637 80 Zusammenpressung
1813 2700 166 62 ihnen
2013 2701 117 62 ihre
2163 2702 316 64 bestimmte
2504 2705 325 76 Bedeutung

590 2790 147 79 gibt,-
760 2790 359 79 Bedeutung,
1146 2790 91 62 die
1263 2800 81 52 sie
1371 2794 435 61 untereinander
1839 2794 310 63 enthüllen:
2185 2796 156 76 jeder
2364 2797 466 63 Lebensmoment

592 2884 202 77 drängt
835 2884 284 62 handelnd
1160 2885 109 60 auf
1301 2885 110 61 den
1453 2885 214 64 andern
1709 2897 105 52 ein.

667 2979 136 61 Wir
835 2988 236 52 wissen:
1107 2988 104 52 wir
1244 2979 125 61 sind
1404 2979 190 62 früher
1627 2982 203 61 einmal
1865 3001 183 61 erregt
2079 2993 55 52 in
2168 2984 111 61 den
2312 2984 265 74 dunklen,
2619 2987 206 73 eckigen

587 3072 417 79 Kellergängen
1037 3096 236 39 unseres
1306 3073 235 64 Hauses
1575 3076 503 78 herumgestrichen
2088 3116 22 35 ,-
2148 3087 105 52 wir
2291 3079 127 63 sind
2452 3081 90 61 die
2575 3076 251 81 Treppen

587 3167 296 79 prasselnd
922 3167 211 62 herauf
1165 3191 103 38 ans
1301 3168 151 61 Licht
1490 3187 255 60 gerannt,
1786 3180 112 53 wie
1940 3181 89 52 ein
2063 3173 183 72 Schiff,
2286 3173 103 63 das
2424 3175 143 61 breit
2606 3172 108 62 auf
2745 3170 84 61 die

587 3260 169 62 Helle
797 3261 101 61 des
939 3261 235 61 Meeres
1216 3261 161 78 geht,-
1416 3271 88 52 ein
1547 3262 173 63 Schiff
1752 3265 119 62 und
1912 3275 89 52 ein
2043 3266 189 71 Meer,
2283 3266 90 62 die
2413 3278 106 50 wir
2567 3283 113 45 erst
2725 3260 101 65 viel

586 3365 190 69 später
801 3379 74 37 zu
901 3355 176 61 sehen
1103 3354 336 63 bekommen
1466 3358 249 62 werden.
1744 3359 135 61 Wir
1902 3361 128 60 sind
2054 3360 146 62 viele
2225 3358 602 83 Treppenwindungen

585 3448 240 62 atemlos
868 3458 164 52 einen
1065 3445 180 65 Turm
1287 3449 504 81 hinaufgestiegen,
1833 3454 150 62 oben
2017 3479 123 37 war
2180 3478 62 40 es
2284 3455 208 64 kleiner
2530 3455 84 61 als
2656 3464 169 54 sonst,

583 3543 111 61 auf
727 3543 184 62 dieser
952 3543 193 80 Spitze
1185 3544 202 62 wurde
1427 3546 136 62 alles
1606 3546 164 72 klein,
1819 3548 104 62 das
1964 3549 151 63 Licht
2154 3549 129 64 kam
2323 3575 117 38 von
2482 3559 196 54 weiter
2716 3546 111 60 her.

582 3637 116 62 Die
746 3637 161 62 Erde
955 3638 202 62 wurde
1206 3640 156 77 groß.
1406 3638 134 64 Wir
1588 3641 162 79 lagen
1800 3666 94 38 am
1944 3643 189 73 Meer,
2184 3646 92 62 die
2317 3646 137 61 Zeit
2501 3669 123 38 war
2671 3641 154 73 lang-'

582 3754 187 38 samer
807 3731 341 79 geworden,-
1188 3732 211 64 könnte
1439 3759 131 37 man
1612 3744 189 53 mitten
1843 3736 109 62 auf
1985 3737 130 63 dem
2148 3739 173 62 Meer
2352 3749 140 61 sein,
2525 3761 98 37 wo
2664 3732 158 64 nichts

582 3824 158 62 mehr
775 3850 75 37 zu
883 3826 177 62 sehen
1093 3852 141 47 war,
1267 3827 152 63 dann
1452 3853 123 37 war
1606 3854 132 37 man
1771 3831 170 61 sicher
1974 3840 90 54 ein
2098 3833 168 62 Stück
2299 3858 118 38 von
2450 3834 111 61 den
2586 3833 238 72 Dingen,

582 3918 90 61 die
737 3920 133 60 nach
938 3920 388 64 unsichtbaren
1383 3921 468 80 Einwirkungen,
1917 3925 377 80 merkwürdig
2359 3937 54 52 in
2479 3927 101 62 der
2633 3923 191 62 Form,
