3178 4572
657 460 122 47 1234

1388 460 182 60 Äffons
1602 462 204 61 Paquet,
1843 464 81 49 Es
1956 471 68 42 ist
2056 466 119 48 Zeit

653 661 269 72 Raucher,
975 662 97 61 der
1114 662 385 64 fortwährend
1542 682 164 45 unter
1754 667 99 61 der
1891 668 263 63 Aufsicht
2203 672 100 62 des
2346 672 379 66 Schiffsarztes
2764 701 138 51 war,

653 754 117 60 und
818 764 104 50 wir
971 756 258 71 standen,
1288 766 123 52 eine
1462 757 259 80 Gruppe,
1780 785 98 36 um
1928 762 89 61 die
2064 762 203 64 beiden
2326 767 99 60 her
2473 769 120 61 und
2640 771 262 76 sprachen

652 847 248 78 englisch.
943 849 175 61 Dann
1162 850 176 62 erhob
1387 860 80 52 sie
1516 854 125 71 sich,
1693 879 97 37 um
1832 855 138 61 Luft
2017 881 75 36 zu
2140 858 276 78 schöpfen.
2474 863 127 61 Das
2643 888 122 37 war
2806 865 98 62 der

652 940 372 78 Augenblick.
1060 943 143 61 Und
1229 969 121 37 was
1376 955 103 51 wir
1513 947 104 61 alle
1651 948 301 77 gefürchtet
1985 950 211 74 hatten,
2223 954 259 76 geschah:
2515 955 188 64 keiner
2728 961 176 62 außer

653 1033 130 62 dem
839 1037 438 78 geschniegelten
1334 1039 347 64 Levantiner
1737 1043 146 61 blieb
1942 1068 73 37 an
2073 1046 145 62 ihrer
2275 1047 166 63 Seite.
2507 1051 126 62 Wir
2690 1053 211 64 andern

652 1128 220 62 durften
922 1155 110 37 uns
1086 1132 402 62 zurückziehen
1540 1137 117 60 und
1710 1137 296 62 schwollen
2057 1164 108 37 vor
2215 1141 136 62 Gift.
2408 1143 151 63 Man
2618 1146 284 65 entdeckte

652 1232 187 69 später
879 1225 89 62 die
1009 1227 200 61 beiden
1254 1228 105 60 auf
1392 1228 129 63 dem
1566 1231 315 69 Oberdeck,
1933 1234 131 62 dort
2105 1244 73 52 im
2219 1237 264 61 Finstern
2528 1241 373 62 aneinander«

649 1317 225 77 gelehnt
914 1320 279 61 lauschten
1236 1330 79 52 sie
1358 1324 107 59 auf
1499 1324 104 61 das
1645 1325 170 61 Meer
1856 1326 215 64 hinaus.
2129 1329 143 62 Und
2312 1331 170 63 heute
2523 1357 233 54 morgen
2798 1336 102 61 sah

647 1434 132 38 man
822 1413 108 61 den
972 1414 363 74 Levantiner,
1386 1427 99 50 mit
1535 1418 128 62 dem
1704 1420 209 62 zierlich
1956 1423 413 81 aufgestülpten
2412 1427 333 63 kirschroten
2786 1429 115 64 Fes

648 1505 107 60 auf
788 1505 129 64 dem
958 1508 194 79 Kopfe
1194 1512 118 59 und
1354 1512 89 61 die
1483 1512 292 78 Zigarette
1815 1523 55 52 in
1913 1516 108 60 den
2057 1517 264 79 Fingern,
2356 1545 104 37 aus
2501 1522 144 61 ihrer
2676 1523 228 64 Kabine

646 1599 278 63 kommen.
959 1602 96 61 Sie
1088 1620 127 62 trug
1248 1613 86 52 ein
1370 1606 412 78 Morgenkleid,
1818 1608 103 62 das
1963 1611 186 61 östlich
2182 1637 117 37 von
2335 1613 152 63 Suez
2521 1616 376 75 herstammte,

646 1693 118 61 und
803 1695 84 61 ihr
917 1696 165 61 Haar
1113 1721 123 37 war
1277 1700 165 61 offen.
1485 1700 203 77 Später
1723 1703 204 61 verließ
1961 1712 79 54 sie
2073 1714 99 53 mit
2206 1706 129 62 dem
2368 1709 176 61 Alten
2581 1710 103 61 das
2718 1710 178 65 Schiff.

727 1787 84 61 Ich
853 1808 152 43 setze
1046 1792 134 60 mich
1223 1801 100 52 mit
1363 1794 130 61 dem
1533 1795 226 62 Rücken
1801 1820 178 55 gegen
2022 1799 90 62 die
2154 1824 117 38 von
2323 1803 99 59 der
2463 1804 295 62 Maschine
2797 1830 102 54 ge«

646 1891 238 52 wärmte
925 1884 203 62 Wand
1169 1885 99 62 des
1311 1888 443 63 Deckaufbaues
1797 1891 117 61 und
1955 1893 135 61 sehe
2132 1912 267 56 erstaunt,
2454 1897 111 62 daß
2614 1898 78 61 ich
2735 1899 161 62 allein

644 1974 110 62 bin.
812 1977 122 60 Der
983 1978 240 62 Offizier
1270 1989 146 69 zeigt
1471 1982 108 61 sich
1630 1983 167 62 heute
1847 1985 151 61 nicht.
2058 1987 113 61 Die
2220 1990 400 77 wagerechten,
2679 1993 217 61 weißen

647 2068 253 80 Stangen
934 2070 100 61 der
1065 2073 432 80 Bordbrüstung
1528 2077 195 61 stehen
1757 2087 110 52 wie
1902 2079 369 64 Notenlinien
2314 2092 55 52 in
2405 2086 99 59 der
2534 2084 358 64 Dunkelheit,

644 2163 301 62 Zuweilen
987 2177 211 69 steigen
1240 2170 180 61 weiße
1458 2171 458 79 Wellenspritzer
1956 2199 197 54 empor
2184 2186 110 52 wie
2326 2177 195 80 Köpfe
2563 2190 151 52 einer
2756 2181 141 61 end«

644 2256 159 61 losen
862 2258 259 64 Melodie
1178 2262 117 61 und
1359 2265 437 73 verschwinden,
1856 2267 79 61 als
1992 2278 151 53 seien
2210 2280 82 52 sie
2356 2272 311 78 abgelesen.
2733 2275 167 61 Auch

646 2352 264 61 rauschen
967 2354 201 78 Flügel
1226 2366 109 52 wie
1391 2383 117 37 von
1565 2361 212 77 großen
1836 2361 189 64 lichten
2083 2365 224 78 Vögeln
2374 2375 55 52 in
2487 2368 109 61 den
2656 2368 241 62 dunkeln

646 2444 245 62 Feldern
926 2448 101 61 des
1061 2449 488 79 Schiffsgeländers
1582 2455 257 61 vorüber.
1881 2457 115 61 Die
2029 2458 198 61 Musik
2260 2459 99 61 des
2394 2459 226 64 Schiffes
2661 2471 70 52 ist
2768 2472 131 67 jetzt

649 2547 55 52 in
756 2549 88 51 ein
888 2539 356 66 Getrommel
1286 2545 411 80 aufgegangen,
1757 2549 81 61 als
1895 2562 245 50 stürzten
2195 2553 389 62 unaufhörlich
2624 2554 275 64 Wasser«

646 2643 209 51 ströme
889 2643 55 52 in
980 2645 160 53 einen
1174 2638 189 74 tiefen,
1396 2641 243 61 ehernen
1674 2642 216 62 Kessel,
1926 2645 86 60 Es
2054 2655 69 52 ist
2148 2646 147 72 Zeit,
2323 2647 240 62 schlafen
2596 2674 75 35 zu
2703 2651 193 76 gehen,

644 2726 233 73 Schlafe,
929 2739 99 52 mit
1077 2740 181 52 einem
1315 2733 170 61 Keim
1542 2759 117 37 von
1709 2736 456 81 Mißvergnügen
2222 2749 75 52 im
2345 2741 248 72 Herzen,
2642 2742 79 63 du
2768 2768 129 37 zum

644 2820 325 80 Schweigen
1011 2827 338 73 verurteilte,
1392 2829 110 61 den
1545 2829 219 78 Sorgen
1806 2831 331 80 abgeneigte
2177 2834 272 63 Kreatur!

1699 2998 31 27 ★
1754 2998 31 28 ★
1809 2998 32 29 ★

723 3107 100 61 Bei
874 3108 488 81 Sonnenaufgang
1411 3113 130 78 liegt
1589 3113 103 62 das
1742 3113 172 64 Schiff
1955 3116 212 62 wieder
2215 3141 108 38 vor
2372 3118 99 62 der
2511 3120 200 62 Küste.
2768 3120 124 60 Das

644 3200 171 62 Meer
853 3202 189 78 glänzt
1081 3203 230 63 bläulich
1354 3207 118 60 und
1513 3216 99 51 mit
1651 3208 240 73 weißen,
1933 3210 207 76 glatten
2185 3211 232 62 Wellen,
2469 3212 124 61 Der
2632 3212 259 61 Libanon

642 3296 148 60 steht
830 3320 108 37 vor
978 3321 107 37 uns
1126 3309 100 52 mit
1265 3310 243 70 riesiger,
1549 3325 204 55 grauer
1792 3304 392 63 Felsenblöße.
2225 3306 144 61 Von
2410 3315 213 53 seinem
2665 3306 227 64 Scheitel

642 3390 199 61 ziehen
882 3391 108 60 sich
1032 3393 198 72 weiße,
1278 3395 292 76 gleichsam
1604 3421 117 36 von
1763 3407 182 52 einem
1985 3399 214 61 Kamm
2248 3424 77 37 zu
2365 3400 200 62 Boden
2605 3422 286 57 gezogene

642 3483 261 75 Strähne,
938 3487 90 61 die
1069 3488 106 61 sich
1218 3488 75 61 da
1333 3489 118 61 und
1493 3489 128 61 dort
1651 3490 166 78 gleich
1852 3492 108 61 den
1994 3492 262 62 Wirbeln
2292 3494 107 61 auf
2425 3503 180 53 einem
2641 3493 211 62 mensch-

644 3578 167 62 lichen
860 3581 220 78 Haupt,
1140 3591 54 52 in
1251 3583 108 61 sich
1411 3583 185 62 selber
1649 3584 396 64 zurückdrehn.
2101 3587 123 61 Am
2272 3588 131 62 Fuß
2462 3589 100 61 des
2614 3588 276 76 Gebirges

643 3673 234 76 glänzen
914 3676 204 61 dunkle
1143 3677 402 78 Baumgärten,
1580 3704 96 35 um
1710 3681 334 61 vereinzelte
2076 3681 207 62 Felsen
2286 3683 200 61 würfe!
2520 3683 371 78 ausgebreitet

643 3767 117 61 und
809 3777 54 51 in
911 3765 282 66 Talfalten
1245 3771 453 79 hineingezogen.
1758 3774 112 61 Als
1922 3782 88 53 ein
2058 3774 348 73 bekränzter,
2449 3776 169 61 heller
2665 3776 225 75 Körper

644 3859 129 78 liegt
813 3861 89 61 die
942 3862 177 61 kleine
1161 3862 165 64 Stadt
1366 3874 99 52 mit
1505 3866 258 61 rötlichen
1797 3868 260 61 Dächern
2092 3869 118 61 und
2251 3869 248 72 dünnen,
2542 3870 110 62 fast
2692 3868 194 80 gelben

647 3948 376 68 Turmsäulen
1063 3959 272 61 zwischen
1378 3960 108 60 den
1528 3960 569 64 Maulbeerbäumen.
