3156 4572
734 395 122 50 1312

1432 403 204 51 Gustav
1668 406 250 62 Meyrtnß,
1955 408 118 51 Der
2105 411 181 50 Gofem

729 601 109 60 auf
871 602 103 61 das
1018 604 308 80 Kopfende
1368 607 100 63 des
1513 609 347 63 Strohsacks,
1913 612 61 61 In
2017 623 152 53 einer
2211 616 430 66 Viertelstunde
2681 629 183 65 mußte
2900 665 46 39 es

729 718 107 38 aus
878 696 100 61 der
1018 696 165 64 Zelle
1222 703 447 62 verschwunden
1712 714 137 52 sein.

803 789 82 61 Ich
929 792 180 62 stellte
1150 793 189 79 Frage
1379 797 110 59 auf
1520 797 209 78 Frage,
1771 799 203 62 bekam
2017 802 136 63 aber
2194 803 161 63 keine
2395 806 281 64 Antwort
2714 816 169 64 mehr:

802 883 123 62 Der
965 884 247 65 Mörder
1254 888 90 78 lag
1393 889 380 80 unbeweglich
1823 893 73 62 da
1947 905 111 53 wie
2108 907 125 52 eine
2274 900 196 62 Leiche
2520 903 119 60 und
2688 905 143 66 hatte
2874 917 71 65 die

724 976 168 62 Lider
930 980 375 76 geschlossen.

799 1164 83 61 Ich
901 1167 212 61 machte
1129 1178 104 52 mir
1250 1169 90 62 die
1368 1170 295 80 heftigsten
1680 1174 338 73 Vorwürfe,
2039 1178 71 61 all
2136 1179 91 61 die
2244 1175 162 84 Tage
2431 1181 141 61 über
2596 1192 55 52 in
2667 1184 277 81 Laponder

720 1282 106 37 nur
859 1259 109 62 den
995 1260 350 65 Verbrecher
1371 1265 118 61 und
1522 1268 232 61 niemals
1790 1268 109 62 den
1926 1270 311 64 Menschen
2274 1274 247 76 gesehen
2554 1301 75 35 zu
2663 1277 192 67 haben.

797 1352 317 73 Nachdem,
1166 1381 123 38 was
1340 1359 78 60 ich
1468 1359 216 62 soeben
1727 1362 195 72 erlebt,
1964 1388 123 37 war
2128 1390 60 37 er
2230 1368 258 61 offenbar
2529 1378 90 52 ein
2662 1371 240 70 Somnam-

717 1446 161 61 buler
1020 1458 89 52 ein
1145 1449 311 82 Geschöpf,
1498 1453 102 61 das
1637 1472 164 45 unter
1834 1457 130 61 dem
1998 1458 231 63 Einfluß
2265 1461 99 61 des
2398 1462 349 65 Vollmonds
2780 1475 159 61 stand.

793 1540 296 64 Vielleicht
1145 1543 149 64 hatte
1344 1569 61 38 er
1453 1547 111 61 den
1613 1548 310 64 Lustmord
1971 1561 55 52 in
2078 1562 151 54 einer
2277 1555 118 61 Art
2445 1556 495 72 Dämmerzustand

714 1632 310 80 begangen.
1068 1636 295 64 Bestimmt
1402 1664 186 55 sogar,

791 1728 160 77 Jetzt,
992 1754 98 37 wo
1132 1730 100 62 der
1265 1733 252 78 Morgen
1550 1753 219 60 graute,
1804 1763 122 37 war
1960 1740 89 61 die
2083 1740 276 64 Starrheit
2390 1767 106 38 aus
2530 1754 193 54 seinen
2756 1749 182 80 Zügen

713 1822 283 74 gewichen
1047 1824 118 60 und
1218 1824 151 64 hatte
1411 1827 129 62 dem
1581 1829 308 62 Ausdruck
1933 1833 210 77 seligen
2185 1833 275 65 Friedens
2502 1837 156 63 Platz
2699 1846 238 71 gemacht.

790 1914 84 62 So
907 1916 161 78 ruhig
1101 1917 149 62 kann
1284 1929 89 51 ein
1407 1921 238 63 Mensch
1680 1923 138 61 doch
1852 1927 140 60 nicht
2025 1927 387 72 schlummern,
2454 1929 100 63 der
2586 1941 163 55 einen
2780 1936 158 63 Mord

713 2008 108 61 auf
855 2009 128 63 dem
1028 2011 310 63 Gewissen
1381 2015 114 72 hat,
1537 2035 160 60 sagte
1738 2020 76 59 ich
1856 2030 119 52 mir.

786 2102 83 61 Ich
905 2102 210 64 konnte
1148 2105 111 62 den
1284 2106 289 74 Moment,
1607 2134 98 37 wo
1739 2134 60 38 er
1832 2112 329 64 aufwachen
2196 2116 220 71 würde,
2458 2117 171 63 kaum
2662 2139 272 46 erwarten.

790 2196 106 61 Ob
938 2222 59 36 er
1038 2199 156 62 wohl
1236 2213 236 61 wüsste,
1514 2228 126 37 was
1682 2206 308 77 geschehen
2035 2210 152 60 war?

785 2289 235 62 Endlich
1056 2293 186 77 schlug
1275 2317 61 38 er
1369 2295 90 61 die
1494 2297 216 78 Augen
1743 2299 119 70 auf,
1904 2300 311 79 begegnete
2252 2313 240 53 meinem
2525 2307 145 61 Blick
2705 2309 113 61 und
2849 2310 84 60 sah

706 2406 105 38 zur
850 2384 170 62 Seite.

781 2477 200 62 Sofort
1028 2496 110 44 trat
1185 2482 75 60 ich
1311 2506 74 37 zu
1435 2483 112 61 ihm
1597 2486 119 61 und
1766 2490 193 74 ergriff
1999 2498 156 54 seine
2204 2491 199 62 Hand:
2458 2493 358 64 »Verzeihen
2854 2497 79 61 Sie

703 2578 120 63 mir,
873 2571 153 62 Herr
1065 2573 325 79 Laponder,
1440 2576 111 62 daß
1602 2580 76 58 ich
1727 2580 188 62 bisher
1966 2605 69 37 so
2087 2584 385 63 unfreundlich
2522 2611 75 37 zu
2638 2587 172 63 Ihnen
2846 2613 58 53 ge-

700 2688 197 38 wesen
939 2666 110 62 bin.
1094 2667 87 63 Es
1225 2694 123 37 war
1388 2670 103 62 das
1536 2674 405 77 ungewohnte,
1984 2675 103 62 das
2247 2705 131 36 —,«

781 2759 207 62 »Seien
1024 2760 96 62 Sie
1155 2761 331 80 überzeugt,
1520 2775 148 52 mein
1693 2768 172 70 Herr,
1898 2769 77 60 ich
2009 2769 247 77 begreife
2282 2771 440 75 vollkommen,«
2759 2792 144 44 unter-

697 2850 162 62 brach
902 2876 61 39 er
1002 2857 135 58 mich
1179 2855 226 73 lebhaft,
1451 2859 149 61 »daß
1635 2883 61 38 es
1731 2871 89 52 ein
1856 2863 367 62 scheußliches
2261 2864 220 64 Gefühl
2514 2878 119 52 sein
2667 2869 151 71 muß,
2849 2877 81 52 mit

697 2953 183 53 einem
921 2947 372 63 Lustmörder
1334 2952 348 62 beisammen
1722 2979 75 36 zu
1839 2965 177 53 sein.«

779 3039 233 63 »Reden
1048 3041 97 62 Sie
1178 3045 141 59 nicht
1350 3045 159 62 mehr
1541 3046 251 73 davon«,
1834 3048 98 63 bat
1964 3052 92 60 ich,
2106 3052 123 62 »Es
2265 3061 71 53 ist
2368 3064 102 50 mir
2503 3055 171 62 heute
2700 3056 150 61 nacht
2870 3076 58 38 so

695 3133 328 63 mancherlei
1065 3135 166 62 durch
1274 3137 109 61 den
1425 3139 172 80 Kopf
1627 3164 291 56 gegangen
1962 3145 117 60 und
2121 3146 75 60 ich
2239 3146 195 62 werde
2475 3147 110 63 den
2627 3147 299 64 Gedanken

696 3226 141 60 nicht
869 3226 107 70 los.
1011 3227 95 63 Sie
1139 3229 249 63 könnten
1421 3233 267 62 vielleicht
2116 3266 29 30 «
2183 3240 77 60 ich
2294 3241 188 61 suchte
2516 3244 135 60 nach
2676 3243 248 61 Worten.

774 3320 133 62 »Sie
949 3321 187 63 halten
1179 3325 133 61 mich
1357 3325 89 62 für
1485 3326 228 65 krank,«
1759 3329 125 62 half
1917 3354 59 39 er
2017 3342 103 51 mir
2163 3333 224 63 heraus.

771 3414 83 60 Ich
897 3414 248 78 bejahte:
1200 3418 119 61 »Ich
1360 3419 207 78 glaube
1609 3445 63 38 es
1713 3447 107 37 aus
1861 3434 283 68 gewissen
2185 3428 330 64 Anzeichen
2556 3431 267 62 schließen
2860 3450 63 38 zu

689 3506 221 63 dürfen.
969 3509 83 61 Ich
1228 3513 77 60 ich
1480 3514 134 61 darf
1664 3517 75 60 ich
1797 3517 174 62 Ihnen
2030 3528 125 54 eine
2214 3521 209 63 direkte
2479 3523 191 80 Frage
2727 3522 194 66 stellen,

686 3600 154 62 Herr
878 3601 374 80 Laponder?«

771 3695 118 61 »Ich
931 3697 131 61 bitte
1104 3699 256 62 darum,«

766 3787 125 63 »Es
932 3789 171 79 klingt
1142 3808 180 46 etwas
1366 3794 396 80 merkwürdig,
1915 3798 136 62 aber
2196 3801 240 63 würden
2472 3804 96 62 Sie
2600 3814 104 52 mir
2743 3822 177 57 sagen,

685 3904 123 38 was
852 3883 96 62 Sie
990 3883 171 63 heute
1200 3897 282 65 geträumt
1524 3888 253 63 haben?«
