3103 4572
596 457 120 48 1162

1181 459 216 51 WaCtßer
1421 460 159 63 Krug,
1620 461 120 51 Zur
1770 463 229 52 Cßroniß
2023 466 94 50 der
2146 466 119 51 Zeit

588 664 194 62 macfit.
816 663 167 62 Aber
1016 663 105 62 das
1154 673 71 52 ist
1249 687 62 38 es
1343 674 57 67 ja
1430 665 227 78 gerade.
1691 668 141 61 Auf
1857 670 183 61 solche
2073 671 172 63 Ideen
2278 673 203 63 sollten
2514 676 92 63 die
2637 678 193 71 besten

586 757 307 62 Absichten
934 757 141 60 nicht
1113 774 249 60 geraten.
1405 758 127 62 Das
1574 759 203 62 sollten
1827 772 82 52 sie
1958 763 110 62 den
2115 765 497 69 Finanzmännern
2664 774 166 65 über*

585 853 203 60 lassen.
832 850 135 63 Daß
1019 850 137 63 aber
1203 852 92 61 die
1343 853 198 61 besten
1589 854 310 65 Absichten
1949 859 110 61 auf
2098 861 185 62 solche
2330 862 172 62 Ideen
2551 866 278 80 kommen,

583 946 257 70 beweist,
898 944 112 63 daß
1067 953 83 54 sie
1207 947 137 60 noch
1394 948 141 60 nicht
1582 960 229 67 spüren,
1861 975 124 38 was
2036 953 238 63 wirklich
2323 956 111 62 auf
2474 957 129 64 dem
2646 961 183 80 Spiele

582 1038 168 73 steht,
807 1040 248 61 sondern
1113 1049 56 53 in
1218 1041 473 80 selbstgefälligen
1738 1045 371 65 Pedanterien
2157 1050 107 60 sich
2307 1052 136 60 noch
2486 1055 339 80 erschöpfen.

660 1132 191 63 Oder;
896 1141 71 54 ist
1006 1157 118 38 von
1165 1132 131 63 dem
1336 1135 350 62 lächerlichen
1726 1138 270 63 Zustand
2029 1165 235 40 unseres
2297 1143 410 68 Parteiwesens
2741 1153 86 62 die

580 1228 179 71 Rede,
776 1228 209 61 welche
1006 1229 278 70 Parteien,
1307 1229 156 76 jeder
1480 1231 366 63 moralischen
1864 1234 414 81 Verpflichtung
2295 1240 106 60 sich
2420 1243 405 79 entschlagend,

581 1322 118 62 ihre
755 1322 202 62 Kräfte
1013 1331 54 52 in
1127 1322 170 62 Streit
1354 1347 98 37 um
1507 1324 288 64 Personen
1846 1329 310 78 ausgeben,
2213 1332 75 61 da
2335 1334 148 63 weiß
2542 1360 131 39 man
2722 1345 102 59 sich

580 1416 200 63 schnell
820 1441 76 37 zu
935 1425 236 62 trösten,
1213 1416 188 62 indem
1442 1441 132 38 man
1615 1444 137 36 vom
1791 1421 216 63 Fiasko
2049 1425 102 60 der
2182 1425 337 64 Sozialisten
2561 1440 112 53 wie
2712 1458 112 39 von

578 1526 182 47 etwas
809 1511 463 77 Ausgemachten
1329 1512 213 78 spricht.
1602 1513 150 61 Nun
1808 1532 124 60 gut,
1989 1526 71 52 ist
2115 1541 64 38 es
2227 1524 377 75 ausgemacht,
2652 1549 170 42 wozu

577 1604 206 62 anders
823 1605 221 61 verhilft
1076 1629 108 38 uns
1218 1605 125 70 das,
1376 1605 84 62 als
1494 1606 109 62 daß
1637 1607 91 63 die
1759 1609 527 66 Entsozialisierten
2318 1639 76 37 zu
2429 1625 152 54 einer
2614 1620 208 65 andern

576 1699 183 61 Partei
801 1698 365 62 überlaufen?
1209 1699 168 61 Oder
1417 1724 132 37 man
1589 1710 205 54 tröstet
1833 1705 107 60 sich
1982 1715 99 51 mit
2120 1706 100 63 der
2264 1709 431 83 »Umlagerung
2727 1715 99 63 der

576 1792 315 71 Parteien«,
931 1802 99 51 mit
1070 1792 146 62 ihrer
1254 1793 424 80 Abschleifüng,
1720 1795 151 63 Nun
1911 1816 120 61 gut,
2073 1808 83 53 sie
2187 1802 233 62 werden
2453 1806 107 59 sich
2594 1808 233 79 solange

574 1886 356 71 abschleifen,
954 1886 85 62 bis
1072 1888 169 60 nichts
1277 1887 159 62 mehr
1460 1888 75 62 da
1559 1898 86 54 ist.
1674 1889 153 64 Was
1852 1893 107 61 soll
1985 1893 152 62 dann
2162 1896 137 61 aber
2323 1907 99 51 mit
2454 1898 102 62 der
2579 1898 245 82 breiigen

573 1980 209 62 Masse
813 1980 328 78 geschehen,
1183 1981 90 62 die
1306 1981 161 79 übrig
1498 1982 203 64 bleibt?

652 2073 150 63 Man
842 2075 213 62 könnte
1094 2076 138 61 noch
1273 2076 245 62 vielerlei
1559 2079 278 78 Beispiele
1878 2080 168 62 dafür
2086 2082 298 73 anführen,
2420 2085 110 63 daß
2563 2090 137 60 auch
2733 2090 89 62 bei

574 2192 110 38 uns
726 2184 181 46 etwas
948 2169 298 77 geschieht,
1288 2170 188 62 indem
1517 2174 283 76 eigentlich
1841 2176 169 61 nichts
2052 2179 292 75 geschieht.
2388 2180 182 62 Sollte
2618 2183 75 62 da
2733 2194 87 52 ein

571 2261 177 79 Krieg
789 2286 93 38 am
915 2263 173 62 Ende
1129 2288 110 38 uns
1270 2288 106 37 zur
1406 2267 218 60 rechten
1657 2267 346 64 Erkenntnis
2038 2270 233 64 führen?
2295 2273 115 62 Als
2445 2274 101 62 der

569 2355 153 79 krieg
778 2357 292 71 ausbrach,
1127 2382 123 37 war
1306 2358 91 63 die
1452 2361 138 77 Jagd
1639 2363 133 60 nach
1824 2363 130 62 dem
2005 2364 174 73 Geld,
2229 2366 90 63 die
2368 2368 145 62 Lust
2561 2371 119 61 und
2720 2372 104 62 das

569 2449 220 61 Lachen
830 2481 65 17 *—
934 2452 141 61 nicht
1116 2451 102 62 das
1263 2452 155 72 freie,
1467 2453 145 64 helle
1659 2456 239 72 Lachen,
1949 2458 249 63 sondern
2247 2461 103 62 das

568 2543 220 61 Lachen
831 2543 102 63 des
973 2545 408 78 Begehrenden
1422 2587 58 8 •
1524 2556 55 52 in
1621 2548 390 64 Deutschland
2044 2576 68 37 so
2154 2552 131 63 sehr
2326 2574 344 60 ausgeartet,
2712 2559 107 61 daß

569 2646 126 52 eine
735 2637 205 71 Krisis,
982 2648 90 52 ein
1113 2639 146 71 Fall,
1310 2640 213 63 diesem
1564 2642 288 63 Hochmut
1898 2645 367 65 bevorstand.
2317 2650 124 61 Der
2488 2651 179 79 Krieg
2717 2653 103 61 soll

568 2755 108 37 uns
721 2731 184 63 davor
945 2731 259 64 bewahrt
1244 2733 202 64 haben.
1489 2736 124 63 Hat
1654 2762 108 37 uns
1796 2738 156 63 diese
1992 2740 157 79 Lage
2190 2742 137 62 aber
2368 2745 307 77 irgendwie
2717 2747 66 61 be-

569 2825 266 79 unruhigt
851 2825 141 63 oder
1008 2849 101 55 gar
1124 2851 105 37 zur
1244 2828 329 80 Besinnung
1588 2832 288 76 gebracht?
1893 2833 61 61 In
1973 2844 181 52 einem
2172 2835 217 64 kleinen
2408 2838 412 71 Zwischenakt,

567 2918 278 62 während
887 2921 212 62 andere
1140 2923 106 60 sich
1290 2923 91 61 die
1422 2923 195 80 Köpfe
1658 2924 178 80 blutig
1876 2928 280 79 schlugen,
2198 2929 185 64 haben
2424 2942 105 52 wir
2580 2957 108 39 uns
2731 2942 89 52 ein

566 3021 186 70 wenig
794 3015 332 77 ausgeruht,
1160 3040 98 37 um
1291 3017 167 78 gleidi
1493 3026 54 52 in
1574 3018 138 61 alter
1748 3020 251 63 Geilheit
2032 3046 107 38 uns
2173 3025 215 62 wieder
2421 3026 393 62 aufzurichten.

566 3106 171 61 Denn
797 3106 166 79 lange
1011 3109 169 62 schon
1229 3110 215 62 wieder
1493 3112 406 64 unternehmen
1951 3116 118 61 und
2116 3128 164 68 jagen
2330 3128 105 53 wir
2485 3123 135 59 nach
2664 3119 153 63 Geld

564 3199 120 61 und
723 3200 182 77 geben
947 3201 143 62 eben
1133 3203 184 62 dieses
1362 3204 155 62 Geld
1552 3206 92 61 für
1673 3218 257 67 gemeine
1963 3210 190 79 Dinge
2185 3236 127 48 aus,
2345 3223 112 52 wie
2490 3238 169 38 wenn
2693 3214 123 61 kein

563 3293 178 78 Krieg
780 3317 269 54 gewesen
1090 3307 174 52 wäre.
1309 3298 77 61 Ist
1427 3322 61 38 es
1530 3299 124 62 also
1697 3310 89 53 ein
1827 3302 197 78 Krieg,
2067 3304 100 61 der
2200 3330 107 38 uns
2341 3307 216 62 sehend
2590 3308 227 61 machen

563 3387 138 61 soll?
742 3387 295 62 Vielleicht
1093 3399 90 52 ein
1241 3401 224 68 eigener
1519 3393 209 79 Krieg?
1777 3394 250 64 Warum
2078 3398 136 62 aber
2264 3399 151 63 dann
2464 3401 197 62 erhebt
2708 3399 106 63 sich

563 3479 185 63 dieses
792 3490 166 69 junge
999 3483 331 62 Frankreich
1372 3510 107 38 aus
1522 3486 129 62 dem
1686 3487 214 81 Sumpf
1932 3490 102 62 des
2076 3492 148 61 alten
2259 3493 228 73 heraus,
2519 3495 154 62 ohne
2704 3492 110 61 daß

563 3582 89 52 ein
694 3575 178 77 Krieg
914 3576 141 61 oder
1094 3595 164 44 sonst
1296 3580 227 76 jemand
1563 3580 113 62 ihm
1719 3582 150 62 dazu
1909 3585 290 63 verhülfe?
2239 3587 182 63 Sollte
2453 3611 62 39 es
2548 3586 266 64 vielleicht

563 3676 140 62 sein,
751 3669 130 61 weil
933 3669 104 63 das
1088 3670 242 65 Äußere
1378 3675 107 61 sich
1535 3674 114 62 ihm
1697 3695 248 61 versagt,
1996 3679 188 62 indem
2232 3680 181 64 Eisen
2463 3681 119 63 und
2622 3679 189 63 Kohle

563 3761 337 74 schwinden,
942 3764 91 62 die
1074 3765 550 81 Unternehmungen
1664 3770 125 62 also
1831 3771 323 64 nachlassen
2189 3785 231 53 müssen
2454 3775 119 63 und
2606 3799 68 39 so
2708 3774 102 61 das

563 3854 196 61 Innere
801 3855 102 63 frei
944 3858 234 62 werden
1217 3859 169 73 kann,
1427 3863 194 61 sofern
1663 3887 61 38 es
1771 3865 137 60 noch
1949 3865 334 64 vorhanden
2333 3869 119 61 und
2499 3871 142 59 nicht
2678 3890 97 38 ver-

566 3948 196 61 äußert
803 3949 141 63 oder
975 3962 271 53 versteint
1278 3957 100 58 ist?
1411 3954 176 63 Dann
1621 3967 157 52 wäre
1810 3959 137 60 auch
1982 3959 91 61 für
2106 3985 106 37 uns
2246 3962 213 62 wieder
2491 3962 319 73 Hoffnung,
