3103 4572
1218 444 215 51 WaCtßer
1458 447 158 62 Krug,
1657 448 119 49 Zur
1806 448 226 51 CBrontä
2057 450 94 50 der
2181 452 122 49 Zeit

633 447 123 50 1160

628 661 90 59 ist,
765 648 131 79 liegt
941 648 93 61 die
1080 671 183 56 ganze
1305 649 256 80 Stellung
1609 650 185 64 dieser
1833 653 225 64 Herren
2106 680 105 38 zur
2251 656 200 63 Natur
2498 658 361 79 beschlossen,

625 744 492 78 Verantwortung
1162 744 119 78 gibt
1328 767 62 40 es
1441 747 158 70 nicht,
1649 746 93 62 die
1781 748 188 78 Frage
2018 750 238 62 darnach
2307 761 71 53 ist
2427 752 187 74 falsch,
2664 781 95 41 wo
2806 790 54 40 es

624 837 368 78 ungemütlich
1033 838 165 70 wird,
1237 847 136 54 reist
1413 863 130 38 man
1587 841 208 62 einfach
1837 842 90 62 ab.
1979 844 124 62 Der
2152 846 301 64 natürliche
2495 847 202 66 Schluß
2737 856 124 66 aber

621 931 110 62 auf
762 931 211 62 andere
1014 940 72 55 ist
1127 931 203 74 dieser,
1372 932 110 63 daß
1524 944 83 53 sie
1640 935 260 80 Lumpen
1933 939 143 61 sind.
2120 939 307 63 Lächerlich
2463 943 118 62 und
2613 943 247 82 kindisch,

619 1025 162 62 keine
822 1025 265 64 Sadisten
1128 1035 56 54 in
1226 1026 168 63 ihnen
1434 1053 75 37 zu
1551 1029 201 62 sehen!
1804 1031 114 61 Die
1959 1031 345 65 Päderasten
2355 1037 119 61 und
2515 1037 345 81 Sodomiten,

619 1119 104 62 das
765 1128 72 52 ist
877 1119 90 62 die
1007 1120 200 78 Regel!

696 1212 84 63 So
822 1213 277 78 ungefähr
1140 1213 124 64 also
1306 1214 175 63 sehen
1523 1216 92 62 die
1655 1241 126 48 aus,
1824 1218 89 62 die
1955 1219 91 61 die
2091 1221 510 63 »Intellektuellen«
2638 1230 219 75 spielen.

618 1306 199 62 Wenn
866 1324 182 45 etwas
1096 1317 82 54 sie
1225 1310 382 78 rechtfertigen
1656 1311 168 72 kann,
1875 1338 67 36 so
1993 1322 72 54 ist
2114 1338 82 48 es,
2247 1315 112 63 daß
2401 1325 82 53 sie
2524 1317 175 64 selbst
2738 1325 122 63 sehr

618 1400 317 79 langweilig
974 1401 143 62 sind.
1160 1402 237 63 Anders
1439 1404 109 71 die,
1590 1404 92 63 die
1722 1415 101 52 mit
1858 1407 235 61 »Kraft«
2131 1409 107 61 sich
2270 1420 218 67 gürten.
2524 1411 89 62 Hs
2647 1414 88 62 fiel
2766 1429 94 53 mir

618 1493 104 62 das
764 1495 138 61 Heft
944 1504 152 53 einer
1137 1496 314 63 Zeitschrift
1491 1506 54 53 in
1588 1499 90 61 die
1719 1500 231 71 Hände,
1992 1512 183 52 worin
2208 1503 91 62 die
2332 1504 224 62 Details
2591 1515 153 54 einer
2774 1534 86 39 er*

615 1586 271 64 krankten
929 1589 350 64 Sinnlichkeit
1319 1608 149 45 samt
1509 1592 109 62 den
1659 1594 382 79 zugehörigen
2090 1597 334 63 Heilsalben
2474 1600 226 79 peinlich
2751 1607 108 62 und

615 1682 104 61 roh
778 1683 355 64 beschrieben
1190 1708 214 40 waren.
1463 1687 146 62 Hier
1656 1689 202 61 wurde
1917 1689 90 63 die
2049 1691 261 63 Wollust
2369 1702 151 53 einer
2576 1694 283 80 Impotenz

614 1777 277 72 offenbar,
940 1778 90 62 die
1080 1804 107 36 nur
1236 1780 100 62 der
1385 1781 123 61 Kot
1556 1783 137 60 noch
1742 1792 189 52 reizen
1982 1785 226 62 konnte.
2252 1787 126 61 Der
2416 1788 142 72 Kot,
2599 1814 123 37 war
2761 1792 97 64 das

615 1868 90 63 die
747 1870 165 62 Kraft
954 1871 100 62 der
1093 1872 257 62 Herren?

693 1964 148 62 Man
900 1989 135 55 sage
1093 1990 118 37 nun
1268 1969 159 70 nicht,
1485 1992 61 38 es
1597 1978 155 52 seien
1801 1980 56 66 ja
1905 1995 108 37 nur
2063 1973 218 61 unreife
2321 1974 303 72 Burschen,
2666 1976 90 63 die
2796 2002 61 38 so

614 2056 221 64 denken
869 2059 117 61 und
1018 2060 191 62 reden.
1242 2061 174 61 Denn
1449 2063 185 61 solche
1658 2063 280 62 Burschen
1973 2064 193 64 laufen
2199 2067 162 62 keine
2394 2078 234 67 eigenen
2655 2069 200 80 Wege.

614 2152 98 62 Sie
752 2152 186 62 haben
980 2177 107 38 nur
1126 2171 135 61 gute
1287 2154 325 80 Witterung
1654 2157 118 61 und
1811 2157 183 78 gehen
2036 2159 100 61 der
2170 2159 152 80 Spur
2363 2163 151 60 nach.
2557 2162 115 62 Die
2713 2164 144 79 Spur

609 2247 136 61 muß
786 2247 125 61 also
953 2248 137 61 doch
1133 2248 155 62 wohl
1330 2249 75 61 da
1446 2260 141 61 sein,
1628 2251 157 62 diese
1825 2252 153 79 Spur
2011 2277 118 37 von
2162 2249 207 68 Tieren
2411 2256 119 61 und
2562 2267 293 52 vertierten

607 2340 332 72 Menschen,
980 2342 274 62 während
1294 2368 133 36 man
1466 2343 215 79 gehofft
1714 2345 167 72 hatte,
1914 2347 243 62 solchem
2190 2348 250 63 Barbar*
2473 2351 119 61 und
2617 2352 240 61 Atavis*

607 2459 130 38 mus
786 2435 186 80 längst
1020 2454 315 47 entronnen
1383 2464 75 37 zu
1509 2449 136 52 sein,
1697 2440 211 62 Haben
1957 2451 106 52 wir
2110 2444 141 61 nicht
2299 2454 126 52 eine
2474 2445 153 80 Spur
2667 2446 187 63 davon

606 2535 56 55 in
689 2528 131 62 dem
844 2530 407 78 gewaltsamen
1286 2533 119 61 und
1437 2531 367 64 krankhaften
1830 2534 442 80 Emportreiben
2307 2561 233 39 unserer
2566 2539 291 70 Industrie,

606 2630 55 54 in
704 2622 99 62 der
844 2623 383 80 Qberfüllung
1267 2627 135 62 aller
1442 2628 386 71 Berufsarten,
1871 2628 90 62 die
2003 2629 273 62 Komfort
2317 2632 118 61 und
2479 2632 200 62 Ehren
2726 2657 129 37 ver*

605 2718 284 78 sprechen,
930 2728 55 52 in
1028 2719 184 63 dieser
1251 2745 219 53 ganzen
1512 2722 341 77 grauslichen
1895 2723 139 79 Jagd
2068 2726 133 59 nach
2238 2726 175 71 Geld,
2448 2727 91 62 die
2572 2727 112 62 den
2718 2727 139 62 Gott

605 2811 101 61 des
756 2811 319 63 Reichtums
1124 2837 134 37 zum
1301 2813 380 80 Wappentier
1730 2816 100 62 der
1879 2817 326 62 Deutschen
2255 2821 252 76 gemacht
2556 2820 115 72 hat,
2721 2821 134 61 oder

605 2905 138 61 doch
785 2907 228 61 machen
1046 2909 246 61 möchte?
1326 2909 123 62 Der
1481 2910 215 79 Bürger
1728 2911 276 78 gekleidet
2045 2912 83 61 als
2162 2914 344 72 Edelmann,
2539 2916 102 62 der
2671 2916 183 61 Bauer

602 2997 85 63 als
736 3000 235 77 Bürger,
1028 3001 269 62 niemand
1345 3001 159 62 mehr
1552 3003 215 72 seiend,
1818 3005 250 62 sondern
2120 3030 109 37 nur
2269 3008 315 72 scheinend,
2633 3033 122 37 was
2797 3032 58 38 er

602 3093 234 62 werden
877 3095 240 61 möchte:
1161 3119 122 38 was
1326 3097 271 62 bedeutet
1628 3097 105 63 das
1767 3098 169 62 alles?
1970 3099 144 62 Und
2145 3124 121 39 wer
2298 3126 73 37 an
2406 3102 194 62 diesen
2634 3103 219 79 Spuren

601 3188 138 60 noch
797 3188 247 62 zweifelt
1105 3189 118 62 und
1281 3190 139 63 nicht
1467 3192 283 62 erkennen
1800 3217 149 55 mag,
2001 3218 124 39 was
2167 3194 91 63 die
2299 3196 207 62 letzten
2547 3197 162 79 Jahre
2750 3218 102 39 aus

602 3305 108 37 uns
752 3283 250 76 gemacht
1043 3282 204 72 haben,
1291 3284 100 61 der
1430 3284 280 63 betrachte
1750 3288 107 60 sich
1900 3287 111 62 den
2053 3290 213 76 großen
2309 3290 395 72 Steinhaufen,
2752 3312 101 56 ge*

601 3394 177 43 nannt
817 3377 204 71 Berlin,
1065 3377 128 62 dem
1234 3377 162 64 keine
1435 3380 357 78 Hauptstadt
1832 3381 100 62 der
1968 3382 161 61 Erde
2162 3408 74 36 an
2270 3384 353 62 Steinernem
2655 3385 197 79 gleich*

600 3467 231 65 kommt.
874 3469 252 63 Warum
1183 3480 72 53 ist
1311 3497 60 36 er
1427 3475 228 76 gesucht
1714 3474 118 62 und
1889 3475 207 63 bereist
2152 3500 118 37 von
2319 3478 136 62 aller
2506 3478 182 71 Welt,
2737 3498 113 39 von

600 3563 334 63 Franzosen
977 3566 118 61 und
1136 3566 388 79 Engländern,
1560 3592 114 38 von
1710 3569 278 80 Spaniern
2023 3570 117 62 und
2173 3570 315 74 Italienern,
2521 3597 118 37 von
2664 3571 188 61 Ame*

600 3655 256 64 rikanern
915 3659 118 61 und
1089 3660 386 73 Australiern,
1531 3672 54 67 ja
1641 3687 118 37 von
1815 3664 269 71 Asiaten,
2142 3674 205 54 soweit
2403 3676 83 52 sie
2547 3676 53 52 in
2658 3664 190 62 diesen

601 3751 346 63 lächerlichen
981 3753 228 79 Dingen
1242 3754 237 70 <könnte
1510 3780 132 37 man
1677 3767 200 69 sagen)
1910 3766 55 52 in
1998 3758 254 61 Betracht
2286 3758 298 64 kommen?
2601 3759 247 61 Warum

602 3855 230 52 müssen
873 3856 82 52 sie
996 3847 108 62 alle
1145 3848 195 63 diesen
1386 3848 345 80 »Jahrmarkt
1772 3851 100 61 der
1905 3851 200 62 Welt«
2149 3852 248 78 gesehen
2440 3852 218 64 haben?
2690 3846 156 66 Weil

604 3936 116 62 hier
761 3939 133 62 aller
935 3941 165 62 Welt
1151 3942 376 64 Schaubuden
1579 3944 118 62 und
1748 3944 277 64 Zirkusse
2065 3946 428 79 aufgeschlagen
2535 3945 145 71 sind,
2721 3939 125 66 weil
