2204 4023
997 316 183 30 342

153 510 77 45 On
266 508 72 45 les
377 507 71 44 vit
496 521 174 46 passer
701 503 202 47 boucler
945 503 282 61 d'étranges
1263 503 279 45 vêtements

153 570 122 45 L'un
315 568 218 48 tournait
564 565 214 47 tournait
820 568 179 43 autour
1044 564 63 46 du
1144 568 192 41 moteur

155 633 54 44 El
256 630 41 46 le
333 630 218 46 touchait
592 644 59 31 en
694 629 180 44 maints
913 628 226 45 endroits
1181 628 99 44 très
1318 625 445 45 amoureusement

155 692 119 46 Puis
315 695 23 42 à
382 691 135 46 force
557 691 60 45 de
655 690 113 46 bras
806 690 32 44 il
884 690 50 44 fit
971 689 120 45 faire
1135 687 245 63 quelques
1426 689 137 41 tours

152 756 38 44 A
239 755 44 44 la
330 755 187 59 grande
560 753 157 46 hélice
754 753 113 56 plus
910 752 188 61 grande
1138 766 96 46 que
1279 750 64 45 lui

152 817 43 46 A
233 817 44 44 la
321 816 128 45 belle
489 816 158 44 hélice
679 831 56 29 en
781 814 112 46 bois
937 830 119 30 roux

155 878 122 46 Puis
317 879 61 45 ils
416 878 259 46 s'assirent
717 893 60 29 au
825 877 117 45 tond
979 877 60 45 de
1086 875 43 45 la
1175 873 229 47 machine

155 940 76 46 On
275 957 61 30 ne
367 940 167 61 voyait
569 940 109 61 plus
708 940 182 61 qu'une
936 944 96 40 tête
1072 940 96 43 très
1211 935 267 62 simplifiée

156 1002 62 46 Et
249 1002 40 47 la
329 1002 131 47 belle
491 1002 160 46 hélice
691 1006 175 41 tourna

157 1066 61 44 Et
258 1067 237 60 l'étrange
536 1067 179 43 bateau

156 1128 80 46 Fit
264 1128 89 47 des
392 1127 186 62 grands
623 1128 108 44 huit
781 1143 84 29 sur
905 1127 123 44 l'eau

159 1190 119 46 Puis
310 1207 59 29 en
411 1194 202 58 passant
654 1192 112 59 près
799 1189 63 46 du
899 1188 123 47 bord

159 1252 73 46 On
278 1254 71 44 vit
378 1269 60 29 un
472 1252 115 46 bras
627 1252 83 61 qui
754 1268 53 29 se
846 1251 106 46 leva

160 1315 67 44 Le
264 1315 131 45 bruit
437 1313 170 47 devint
632 1313 111 63 plus
774 1312 155 62 grand
960 1327 95 46 que
1087 1315 107 42 tout
1237 1311 43 46 le
1329 1325 224 47 paysage

161 1378 69 45 La
263 1378 228 45 machine
522 1393 53 30 se
612 1377 90 44 mit
731 1392 60 29 en
827 1376 165 45 colère

159 1439 242 47 Furieuse
433 1439 94 46 elle
564 1439 144 46 battit
747 1438 124 46 l'eau

161 1501 94 56 Qui
287 1501 334 46 bouillonnait
661 1517 120 29 sous
813 1500 43 47 la
893 1499 202 46 volonté

161 1564 72 45 De
275 1564 42 45 la
349 1564 230 45 machine
614 1564 83 61 qui
745 1561 191 47 voulait
974 1561 46 46 la
1058 1561 185 62 quitter

161 1626 149 46 L'eau
348 1627 152 45 tenait
538 1642 52 30 sa
622 1626 138 61 proie
797 1628 47 42 et
875 1623 283 47 l'entourait
1187 1625 305 45 ireusemenl

161 1687 127 47 Mais
325 1688 41 46 la
397 1688 229 46 machine
655 1687 234 46 assoiffée
932 1686 58 45 de
1031 1686 94 47 ciel

159 1749 209 46 Voulait
409 1753 24 42 à
480 1754 107 41 tout
628 1749 107 61 prix
772 1748 277 45 s'arracher

161 1813 43 44 A
236 1815 128 42 cette
406 1811 207 47 étreinte
641 1811 296 61 désespérée

162 1873 61 46 Et
264 1873 110 61 plus
406 1873 43 46 la
493 1873 229 46 machine
755 1889 52 29 se
851 1871 244 47 débattait

162 1934 122 47 Plus
327 1937 41 44 la
415 1952 103 29 mer
566 1952 31 46 y
633 1934 191 47 mettait
857 1933 60 46 de
947 1950 120 45 rage

164 1998 125 46 Mais
334 1998 42 46 la
418 1998 202 46 volonté
660 1998 60 46 de
758 1998 41 44 la
838 1997 230 45 machine

162 2060 96 46 Fut
297 2060 116 62 plue
452 2061 124 46 forte
614 2077 94 47 que
752 2059 209 46 l'amour
995 2059 61 46 de
1102 2060 43 46 la
1192 2077 104 29 mer

165 2122 60 46 Et
270 2122 45 46 le
354 2124 178 45 bateau

162 2185 137 45 Dans
348 2202 62 30 un
465 2186 146 46 effort
644 2191 232 57 suprême

165 2247 169 57 Quitta
373 2247 125 47 l'eau

165 2309 62 46 Et
256 2309 170 47 devint
465 2310 170 47 oiseau

167 2371 69 45 La
284 2388 106 30 mer
425 2373 426 45 instantanément

167 2435 258 46 Honteuse
462 2435 218 61 s'aplatit

167 2496 97 46 Les
301 2497 115 46 bras
449 2501 47 42 et
537 2497 72 46 les
649 2497 258 62 chapeaux
947 2500 290 61 s'agitèrent
1277 2514 87 30 sur
1393 2498 43 47 le
1482 2500 173 61 rivage

169 2558 63 46 Et
270 2558 125 46 dans
428 2575 95 30 une
560 2559 185 46 courbe
781 2576 120 46 pure

169 2619 97 46 Les
311 2620 255 46 machines
598 2622 367 47 s'enfoncèrent
1003 2623 125 46 dans
1158 2623 217 62 l'espace

170 2756 207 46 Ensuite
407 2756 45 47 le
481 2757 145 46 soleil
669 2774 53 30 se
757 2759 190 45 coucha

1069 2859 192 47 Pierre
1294 2860 535 47 ALBERT-BIROT

548 3135 44 34 A
619 3142 171 37 propos
820 3131 61 37 du
907 3131 328 39 thermomètre
1263 3133 225 38 littéraire
1512 3133 56 38 de
1600 3134 74 37 Sic

1420 3221 106 48 Quel
1570 3220 117 38 bruit
1716 3223 161 36 autour
1914 3221 54 38 de
2004 3232 49 27 ce

176 3269 110 48 petit
308 3270 264 36 instrument
596 3269 53 37 de
684 3267 219 50 précision
936 3267 175 38 inventé
1140 3279 79 37 par
1256 3270 84 37 Sic.
1430 3271 244 38 L'Eventail
1706 3271 49 38 lit
1789 3271 71 38 Sic
1898 3273 44 36 et
1981 3271 72 38 Sic

174 3319 49 37 lit
252 3319 239 44 l'Eventail,
516 3321 43 35 et
609 3318 70 38 Sic
712 3318 118 38 vient
872 3318 54 36 de
958 3319 223 38 constater
1215 3330 85 38 que
1343 3320 226 38 l'Eventail
1608 3322 113 37 n'est
1757 3332 76 37 pas
1869 3321 182 38 habitué

175 3379 102 27 sans
307 3369 134 38 doute
466 3369 23 37 à
519 3368 167 38 manier
705 3368 62 37 les
790 3368 289 37 instruments
1103 3368 52 37 de
1187 3370 234 47 précision,
1461 3373 250 36 autrement
1749 3370 28 38 il
1820 3370 142 39 aurait
1996 3383 56 25 vu

176 3419 63 36 les
269 3419 156 37 choses
449 3420 87 36 très
551 3419 191 48 précises
766 3419 36 36 ei
828 3418 82 37 très
938 3418 205 37 sérieuses
1167 3429 86 37 que
1275 3431 182 38 marque
1476 3421 40 37 le
1540 3421 314 38 thermomètre
1870 3432 56 27 au
1966 3421 88 38 lieu

176 3467 78 38 des
284 3469 224 47 fantaisies
532 3469 103 48 qu'il
661 3468 61 37 lui
751 3467 120 49 plaît,
903 3467 23 37 à
945 3467 59 37 lui
1036 3467 239 47 l'Eventail,
1317 3469 68 49 d'y
1413 3470 78 37 lire
1510 3500 7 7 .
1547 3471 210 45 Eventail,
1799 3483 103 26 mon
1950 3471 105 37 cher

176 3518 219 45 confrère,
433 3518 153 38 relisez
611 3518 85 45 Sic,
732 3517 262 38 l'inventeur
1015 3516 53 37 de
1106 3517 145 38 bonne
1275 3519 202 46 humeur,
1502 3523 156 42 certes,
1696 3520 109 39 mais
1836 3521 110 38 dont
1987 3521 66 38 les

178 3566 250 39 inventions
451 3579 54 26 ne
536 3570 100 36 sont
659 3579 77 37 pas
830 3565 173 40 articles
1042 3566 53 37 de
1161 3567 121 39 Pans

1653 3621 58 36 p.
1728 3621 107 36 A-B.
