2616 4011
1279 3711 35 60 7

425 497 262 74 THE
765 498 395 73 DIARY
1240 498 157 74 OF
1474 501 80 70 A
1634 497 505 76 SUICIDE

397 796 104 41 —,
550 762 311 80 January
909 766 102 68 26,
1067 766 180 58 1912.
1342 763 65 61 It
1459 762 57 62 is
1570 759 168 65 with
1789 758 306 82 mingled
2146 758 131 62 feel-

275 865 155 81 ings
475 866 71 62 of
593 866 197 80 hope,
841 863 627 83 discouragement,
1515 867 121 79 joy
1684 867 134 61 and
1867 863 158 82 pain
2076 865 151 61 that
2278 865 27 59 I

277 969 205 81 begin
533 970 116 62 the
701 969 254 62 second
1006 970 184 61 book
1239 970 73 62 of
1361 990 117 60 my
1531 969 214 81 diary.

406 1072 126 82 My
573 1073 176 79 hope
792 1073 276 80 springs
1110 1074 178 61 from
1332 1073 116 62 the
1493 1074 140 61 fact
1676 1073 151 62 that
1868 1092 119 61 my
2025 1072 289 62 outlook

281 1197 222 42 seems
556 1186 71 52 to
682 1178 84 61 be
820 1177 259 62 clearer
1130 1177 238 75 ahead,
1425 1177 117 62 the
1596 1177 113 62 old
1764 1176 443 81 uncertainty
2257 1176 57 61 is

282 1301 188 41 more
519 1280 69 61 in
635 1281 115 62 the
799 1281 471 80 background,
1317 1282 126 61 but
1487 1281 193 62 there
1730 1281 55 61 is
1834 1281 291 62 another
2172 1279 144 63 side

282 1394 72 52 to
395 1384 52 64 it
486 1385 108 61 all.
691 1384 127 81 My
857 1384 606 81 discouragement
1506 1406 231 40 comes
1782 1385 179 61 from
2001 1406 118 59 my
2160 1404 120 41 con-

282 1498 188 52 stant
514 1487 259 81 feeling
815 1489 71 60 of
931 1488 363 69 tiredness,
1341 1489 136 61 less
1523 1487 276 65 evident
1844 1489 68 61 in
1953 1488 118 64 the
2117 1508 161 42 even-

281 1590 119 81 ing
438 1591 133 61 and
612 1591 107 61 for
757 1590 246 63 awhile
1045 1601 70 52 at
1154 1590 219 82 night,
1412 1592 125 61 but
1580 1590 449 81 exceedingly
2072 1600 246 70 strong

278 1694 254 81 during
573 1715 208 60 every
823 1695 366 62 afternoon
1232 1694 169 65 with
1448 1695 134 62 few
1629 1695 419 80 exceptions.
2141 1694 173 63 This

278 1798 123 62 has
455 1799 303 61 resulted
810 1799 70 61 in
929 1820 120 59 my
1100 1799 197 64 weak
1346 1798 311 83 yielding
1704 1808 73 54 to
1830 1799 359 64 weakness
2243 1809 72 53 at

286 1900 217 82 night,
548 1902 134 61 and
722 1903 167 80 only
932 1903 132 61 last
1109 1901 201 82 night
1350 1903 176 63 after
1568 1924 118 59 my
1728 1902 395 62 confidence
2169 1902 151 62 that

288 2005 28 60 I
373 2005 134 65 had
561 2005 250 81 gained
867 2028 38 39 a
963 2005 261 62 certain
1281 2014 308 72 mastery
1646 2006 28 60 I
1733 2027 143 42 was
1934 2025 382 44 overcome.

283 2108 172 62 This
494 2131 145 40 was
678 2109 231 81 partly
947 2110 179 60 from
1166 2110 117 61 the
1324 2110 141 61 fact
1504 2110 152 63 that
1698 2109 28 61 I
1769 2110 282 63 worked
2094 2118 69 55 at
2202 2110 116 60 the

284 2213 193 61 office
533 2211 176 63 until
769 2213 239 80 nearly
1064 2221 116 55 ten
1238 2212 281 75 o'clock,
1576 2211 336 82 charging
1970 2235 36 41 a
2065 2234 254 58 supper

283 2316 166 62 with
485 2315 178 65 wine
696 2328 71 50 to
802 2317 116 63 the
955 2317 171 61 firm.
1220 2316 362 81 Although
1618 2319 29 58 I
1685 2317 201 63 drink
1918 2339 168 60 very
2119 2317 196 74 little,

284 2441 157 40 now
480 2420 133 61 and
656 2419 204 80 again
903 2420 26 59 I
973 2420 174 63 have
1187 2441 178 59 gone
1404 2430 122 53 out
1568 2420 134 63 and
1744 2420 208 63 taken
1994 2443 37 40 a
2072 2420 246 63 decent

282 2524 175 63 meal
503 2523 170 64 with
715 2523 179 64 wine
940 2532 72 55 to
1058 2535 115 69 get
1220 2546 198 60 away
1463 2526 180 61 from
1686 2526 117 61 the
1848 2535 467 52 monotonous

279 2626 590 81 boarding-house
903 2627 162 61 fare.
1159 2629 63 59 A
1257 2629 198 61 small
1492 2627 220 64 bottle
1747 2626 226 65 which
2010 2629 28 59 I
2075 2627 240 82 nearly

281 2729 302 80 emptied
642 2731 247 79 (cheap
941 2730 212 81 wine)
1215 2733 302 61 resulted
1571 2730 68 62 in
1689 2731 287 82 making
2023 2753 107 41 me
2182 2733 131 61 feel

281 2834 303 79 good—l
649 2834 173 63 have
886 2856 206 39 never
1154 2836 173 61 been
1388 2834 218 63 under
1666 2836 116 62 the
1843 2834 337 64 influence
2243 2836 72 61 of

281 2936 223 80 liquor
554 2958 190 41 more
796 2937 168 62 than
1013 2950 71 51 to
1136 2938 130 61 feel
1319 2938 202 80 good,
1576 2960 207 42 never
1836 2937 296 65 without
2186 2938 125 63 full

279 3039 398 80 possession
711 3041 71 63 of
814 3062 119 61 my
964 3040 339 76 faculties,
1337 3044 123 61 but
1493 3064 89 40 on
1619 3041 116 61 the
1771 3063 148 41 rare
1954 3041 359 64 occasions

278 3144 202 62 when
517 3145 29 59 I
584 3145 175 63 have
794 3147 205 61 taken
1035 3168 37 40 a
1106 3144 177 64 little
1321 3148 28 60 I
1388 3147 174 62 have
1598 3144 400 65 sometimes
2038 3145 275 64 noticed

279 3269 37 40 a
353 3247 411 81 weakening
796 3250 73 61 of
903 3250 117 61 the
1055 3248 339 75 faculties,
1430 3271 38 40 a
1505 3259 145 53 sort
1688 3251 71 61 of
1796 3250 151 62 lack
1984 3251 71 61 of
2093 3250 217 62 moral

279 3350 343 63 restraint.
719 3354 28 58 I
800 3353 133 62 had
984 3354 274 79 enough
1312 3355 132 58 last
1495 3353 199 80 night
1744 3364 71 51 to
1867 3354 285 62 weaken
2203 3354 108 61 for

275 3474 37 40 a
355 3453 166 61 time
562 3474 117 60 my
722 3477 153 39 new
918 3455 216 63 found
1178 3455 437 77 resolutions,
1658 3458 125 61 but
1829 3457 116 62 the
1991 3455 280 64 succeed-

278 3553 121 84 ing
442 3556 316 63 absolute
804 3557 273 81 disgust
1123 3558 134 62 and
1304 3580 230 59 worry
1577 3558 153 62 lead
1775 3579 110 41 me
1929 3570 71 50 to
2046 3558 264 64 believe
