2616 4011
1157 3762 72 58 83

322 298 64 62 If
430 321 40 41 a
517 298 348 64 thousand
910 317 158 45 men
1115 299 203 64 could
1362 299 84 64 be
1492 299 386 82 persuaded
1925 310 72 53 to
2043 318 136 44 com-

191 401 127 62 mit
372 401 260 65 suicide
685 402 70 63 in
810 410 286 74 protest,
1152 402 115 64 the
1322 423 270 61 powers
1648 402 153 64 that
1855 404 84 62 be
1992 401 232 65 would

191 505 92 64 sit
330 527 90 59 up
470 508 134 62 and
654 508 160 61 take
863 505 245 65 notice.

318 609 205 64 Arise
571 631 139 61 you
759 609 409 64 Americans
1218 611 157 63 who
1428 612 174 61 have
1654 631 194 42 some
1897 609 208 64 blood
2156 608 68 62 in

191 734 139 59 you
388 715 136 62 and
581 722 118 73 get
755 713 103 64 rid
918 715 71 61 of
1045 734 175 61 your
1279 715 434 73 Comstocks,
1773 715 290 80 Bryans,
2126 735 66 41 re-

191 815 253 83 ligious
481 816 396 82 hypocrites
915 818 134 62 and
1083 818 320 80 grafters,
1440 819 134 62 and
1610 819 94 61 let
1741 819 117 61 the
1895 816 328 65 so-called

193 920 453 82 degenerates
685 922 135 61 and
862 920 240 64 insane
1140 942 159 42 men
1341 924 174 60 have
1557 943 38 41 a
1638 942 143 60 say,
1821 922 134 63 and
1996 922 52 62 if
2085 941 138 61 you

191 1023 88 61 do
341 1035 122 52 not
520 1023 132 63 live
712 1022 245 83 bigger
1014 1025 135 62 and
1209 1026 245 74 better,
1514 1023 166 64 then
1740 1045 137 61 you
1939 1025 284 63 deserve

190 1127 192 64 what
421 1149 139 60 you
602 1138 137 71 get.

317 1232 151 62 The
508 1230 329 83 majority
872 1230 56 63 is
967 1233 261 80 always
1265 1252 264 61 wrong,
1567 1233 136 62 and
1738 1233 118 62 the
1893 1230 331 82 minority

190 1334 74 63 of
303 1356 367 58 supermen
712 1336 133 62 and
889 1338 452 78 degenerates
1343 1337 314 74 —Zolas,
1701 1336 266 75 Ibsens,
2011 1347 125 52 etc.
2141 1371 83 9 —

190 1448 188 52 must
414 1439 180 61 band
635 1439 321 80 together
990 1440 134 62 and
1162 1440 396 62 overthrow
1595 1440 115 61 the
1750 1440 225 61 whole
2016 1440 206 62 damn

190 1550 264 72 system
495 1540 226 64 which
762 1540 228 65 drives
1030 1541 116 64 the
1187 1543 174 75 best,
1402 1543 117 62 the
1560 1552 183 53 most
1785 1541 262 64 sincere
2088 1541 134 64 and

191 1646 249 62 honest
489 1656 71 53 to
611 1646 257 63 suicide
919 1668 78 41 or
1046 1646 404 63 starvation.
