2616 4011
1275 3706 72 58 20

283 271 170 42 once
515 249 390 83 physically
969 250 94 61 fit.
1160 250 247 82 Lately
1472 252 30 61 I
1568 252 175 63 have
1809 249 295 65 realized
2165 249 152 64 that

283 355 192 62 there
518 353 57 63 is
618 353 399 82 something
1058 355 249 78 deeper
1347 355 168 62 than
1557 355 29 59 I
1629 355 236 61 before
1908 352 296 65 realized
2246 353 71 63 in

284 459 89 61 all
434 457 196 64 these
692 457 255 82 things.
1042 457 126 82 My
1229 457 196 64 brain
1483 457 58 63 is
1604 456 395 76 over-tired,
2062 457 257 82 fagged

284 570 141 65 out,
473 562 298 62 wearied
820 560 170 65 with
1041 572 114 52 too
1206 562 205 61 much
1456 560 320 82 thought,
1826 581 250 59 worry,
2126 560 155 63 read-

285 663 139 81 ing,
484 664 180 75 hate,
722 664 146 63 fear
871 664 118 61 —I
1051 664 207 64 know
1317 673 120 52 not
1496 663 189 64 what
1686 663 214 64 —but
1957 684 38 41 a
2055 663 265 80 change

285 777 187 51 must
513 788 195 42 come
752 789 189 41 soon.
1036 767 67 64 It
1143 776 254 54 cannot
1439 788 88 61 go
1572 788 109 42 on.
1776 766 308 79 Perhaps
2128 765 192 62 there

287 869 54 62 is
393 869 399 81 something
842 869 426 82 organically
1322 891 245 59 wrong
1616 869 171 65 with
1839 889 111 42 me
1952 868 264 76 —God,
2270 868 53 62 if

287 995 136 59 you
470 973 196 75 exist,
715 995 138 59 you
905 974 248 63 should
1206 974 173 64 have
1428 974 207 80 given
1682 993 111 42 me
1842 992 193 43 some
2085 972 239 80 manly

287 1076 199 81 vigor
548 1087 555 54 commensurate
1166 1077 168 64 with
1398 1077 117 64 the
1577 1077 260 64 mental
1902 1076 320 80 strength
2289 1073 31 61 I

291 1180 299 80 imagine
637 1183 29 58 I
715 1181 194 74 have,
956 1181 135 63 and
1135 1181 178 64 after
1355 1181 110 75 all,
1510 1180 57 64 is
1611 1200 120 61 my
1773 1179 193 63 mind
2009 1180 198 62 weak
2246 1199 79 41 or

289 1284 123 61 has
452 1303 117 61 my
604 1305 189 58 poor,
833 1284 197 62 weak
1065 1284 187 81 body
1291 1288 135 62 and
1467 1284 212 62 abuse
1718 1283 263 81 merely
2016 1280 308 83 dragged

289 1386 52 62 it
410 1387 226 75 down,
705 1387 133 62 and
906 1386 56 65 is
1032 1387 54 62 it
1152 1387 283 80 capable
1502 1387 72 62 of
1639 1383 507 66 resurrection?
2259 1385 66 61 It

292 1510 223 42 seems
567 1490 400 80 impossible
1018 1490 153 63 that
1219 1491 30 60 I
1301 1490 249 63 should
1599 1491 83 62 be
1732 1490 175 62 born
1958 1499 70 53 to
2079 1498 118 71 get
2248 1509 77 42 so

292 1616 161 39 near
484 1604 71 52 to
592 1614 189 42 some
815 1593 238 81 things
1089 1593 226 65 which
1350 1594 209 62 touch
1594 1593 116 62 the
1745 1593 283 80 deepest
2063 1590 262 83 strings

291 1697 72 61 of
412 1697 258 62 human
724 1696 318 78 conduct,
1097 1696 117 64 the
1268 1697 284 80 deepest
1605 1696 344 63 emotions
2004 1696 72 62 of
2129 1696 200 62 heart

294 1800 134 61 and
472 1799 216 74 brain,
734 1807 71 55 to
851 1800 174 62 have
1069 1799 169 63 such
1282 1820 38 41 a
1362 1800 176 62 keen
1581 1819 200 43 sense
1825 1799 72 61 of
1940 1800 269 73 humor,
2254 1807 72 54 to

293 1923 113 41 see
452 1903 117 62 the
613 1903 295 81 tragedy
951 1901 418 83 underlying
1414 1900 55 65 it
1515 1903 109 73 all,
1671 1910 74 55 to
1787 1901 132 63 feel
1968 1923 37 41 a
2052 1922 231 59 sympa-

293 2004 212 64 thetic
575 2016 161 53 note
804 2004 171 65 with
1042 2004 117 65 the
1228 2004 246 64 foibles
1540 2006 135 62 and
1745 2006 440 63 weaknesses
2256 2003 73 62 of

296 2110 255 76 others,
597 2131 171 42 even
814 2131 73 41 as
933 2110 31 61 I
1009 2110 210 80 laugh
1265 2120 69 52 at
1378 2108 190 63 them
1614 2130 76 41 or
1733 2110 285 61 become
2062 2107 267 81 cynical

296 2213 212 62 about
558 2213 211 75 them,
816 2223 71 53 to
939 2213 182 62 walk
1171 2213 92 80 by
1314 2211 116 63 the
1482 2233 115 41 sea
1647 2213 134 61 and
1834 2210 200 64 drink
2086 2211 70 61 in
2208 2211 123 61 her

297 2314 296 81 varying
636 2314 265 75 moods,
948 2315 118 61 the
1112 2312 214 82 misty
1370 2313 301 63 ethereal
1717 2313 190 80 early
1952 2310 382 83 mornings,

297 2418 117 63 the
475 2418 340 63 calmness
876 2418 72 61 of
1008 2418 363 82 gradually
1434 2417 285 80 settling
1778 2417 304 80 twilight
2142 2440 90 39 on
2295 2439 38 40 a

298 2522 135 79 day
477 2521 203 64 when
729 2521 115 64 the
891 2542 231 43 waves
1168 2521 307 80 scarcely
1521 2520 236 80 ripple,
1804 2521 117 61 the
1971 2521 360 62 blood-red

301 2634 277 52 sunsets
618 2623 170 63 with
833 2622 545 81 ever-changing
1414 2623 204 62 cloud
1662 2622 278 76 effects;
1982 2623 118 62 the
2143 2623 191 77 deep,

298 2724 419 82 mysterious
753 2726 322 63 shadows
1111 2747 89 41 on
1237 2747 36 41 a
1307 2726 168 62 dark
1512 2724 217 82 night,
1766 2726 169 62 with
1973 2727 116 61 the
2127 2747 204 41 moon

301 2829 320 63 reflected
674 2830 180 61 from
906 2829 254 63 behind
1215 2829 114 62 the
1385 2829 275 74 clouds;
1713 2829 115 62 the
1882 2830 199 80 night
2132 2830 202 62 when

299 2933 117 62 the
466 2953 209 42 moon
724 2931 58 64 is
833 2933 68 63 in
950 2933 123 62 her
1119 2931 236 83 glory;
1404 2933 116 61 the
1568 2933 133 80 day
1750 2933 203 62 when
2005 2954 86 40 an
2141 2954 155 41 over-

301 3047 147 51 cast
495 3036 128 81 sky
668 3034 418 83 symbolizes
1134 3056 117 60 my
1294 3042 317 56 overcast
1661 3036 169 61 soul.
1922 3036 229 62 These
2202 3036 132 62 and

299 3159 190 42 more
524 3140 174 62 have
734 3141 29 60 I
800 3137 277 65 thrilled
1112 3137 189 75 with,
1341 3138 133 61 and
1512 3138 88 60 all
1638 3138 108 60 for
1783 3138 284 80 naught.
2162 3137 172 65 Give

299 3263 108 41 me
458 3243 125 61 but
632 3243 319 78 strength
1003 3241 108 63 for
1155 3263 38 41 a
1244 3241 134 63 few
1428 3260 191 42 more
1668 3262 200 59 years
1921 3241 135 63 and
2109 3241 29 60 I
2193 3241 140 64 will

298 3345 347 63 vindicate
687 3344 287 80 myself;
1016 3345 123 61 but
1180 3344 29 61 I
1253 3353 186 52 must
1478 3343 212 62 break
1732 3366 199 59 away
1973 3345 179 61 from
2197 3343 137 62 this

301 3471 228 59 agony
566 3470 189 54 soon,
795 3447 545 81 overpowering,
1375 3447 550 81 overwhelming
1925 3448 307 82 —Why,
2272 3448 62 64 O

304 3552 195 63 God?
