2616 4011
1248 3713 69 59 81

294 242 155 65 that
498 243 517 82 independence
1067 243 232 63 would
1352 243 175 63 have
1578 241 339 82 probably
1970 241 201 63 made
2224 261 109 41 me

295 369 39 41 a
381 348 431 75 Baudelaire,
856 348 300 63 without
1199 346 106 63 his
1349 346 302 63 creative
1693 346 194 64 work
1931 355 72 52 to
2046 345 287 61 balance

292 449 118 62 the
492 452 200 61 scale.
808 449 198 64 With
1087 449 168 61 such
1338 471 87 40 an
1505 448 448 80 impractical,
2036 445 296 65 childish

292 555 277 62 mother
602 558 134 63 and
770 553 245 64 failure
1049 555 73 61 of
1157 575 37 39 a
1228 552 247 75 father,
1512 551 462 82 uncongenial
2012 551 320 62 brothers

292 659 136 61 and
496 657 261 77 sisters,
821 659 254 62 almost
1137 655 246 82 hating
1447 657 166 63 each
1679 656 217 75 other,
1961 654 170 64 with
2197 652 136 65 bad

292 762 322 82 heredity
659 783 92 41 on
799 762 169 63 both
1019 760 183 64 sides
1251 762 136 62 and
1437 782 38 41 a
1524 760 249 63 hellish
1826 759 505 74 environment,

291 886 39 41 a
381 866 132 80 shy
562 886 318 53 nervous,
934 862 388 81 suspicious
1376 862 435 81 disposition,
1863 871 344 54 extremes
2260 861 72 63 of

291 979 278 71 ecstasy
609 969 134 62 and
785 965 292 82 despair,
1115 966 418 83 ungratified
1572 966 341 83 passions,
1956 969 199 61 alone
2196 964 135 64 and

290 1070 390 76 friendless,
758 1071 159 64 how
996 1070 203 64 could
1277 1070 31 61 I
1387 1071 132 63 end
1597 1069 369 65 otherwise
2045 1070 169 61 than
2291 1091 38 40 a

291 1173 307 65 suicide?

421 1278 30 61 I
506 1278 202 63 claim
758 1278 153 64 that
960 1299 138 59 any
1146 1299 161 40 man
1359 1277 159 65 who
1571 1276 323 65 commits
1943 1275 262 66 suicide
2257 1276 74 62 of

290 1380 353 83 necessity
690 1381 251 63 suffers
990 1400 190 44 more
1228 1379 169 65 than
1447 1403 138 60 any
1632 1381 159 64 who
1840 1379 365 65 continues
2256 1389 72 53 to

287 1483 156 65 live.
543 1485 26 61 I
611 1485 192 63 don't
840 1496 191 53 want
1067 1497 72 52 to
1179 1484 126 65 die.
1400 1484 30 62 I
1470 1496 256 53 cannot
1764 1484 202 64 make
2004 1506 139 60 any
2177 1501 111 45 out-

289 1588 186 65 sider
522 1590 250 62 realize
821 1590 95 80 by
962 1587 343 83 anything
1354 1590 31 61 I
1438 1610 127 42 can
1612 1587 199 66 write
1860 1590 160 61 how
2069 1587 29 61 I
2153 1587 174 62 have

287 1691 179 64 tried
518 1703 74 52 to
647 1691 204 66 avoid
903 1691 139 64 this
1098 1699 171 74 step.
1363 1693 29 60 I
1448 1693 177 63 have
1675 1691 178 64 tried
1908 1713 208 60 every
2169 1691 119 62 sub-

287 1795 275 82 terfuge
601 1803 72 55 to
714 1795 142 63 fool
896 1795 273 80 myself,
1207 1807 72 52 to
1318 1794 117 65 kid
1477 1795 254 82 myself
1771 1795 212 82 along
2020 1795 151 64 that
2209 1793 118 65 life

286 1900 250 62 wasn't
574 1920 76 40 so
687 1898 135 64 bad
861 1900 178 60 after
1077 1898 109 64 all.
1277 1898 172 64 This
1487 1898 239 62 record
1767 1898 165 62 does
1970 1910 123 52 not
2131 1898 196 62 show

287 2024 92 58 up
432 2024 121 60 my
602 2004 380 62 humorous
1033 2002 167 75 side,
1252 2004 127 62 but
1432 2004 30 59 I
1517 2004 209 80 laugh
1779 2025 75 41 as
1905 2004 206 61 much
2163 2024 75 42 as
2293 2002 30 63 I

286 2107 133 62 feel
479 2104 135 63 like
670 2105 261 82 crying.
1026 2107 30 60 I
1114 2107 212 80 enjoy
1376 2128 39 41 a
1470 2105 294 82 comedy
1818 2128 72 41 as
1945 2107 156 62 well
2157 2127 73 40 as
2287 2127 39 40 a

286 2208 315 81 tragedy,
644 2228 112 44 am
800 2208 257 64 tickled
1101 2209 94 82 by
1235 2209 118 63 the
1395 2230 171 61 very
1608 2208 238 83 things
1890 2209 152 63 that
2086 2230 240 42 amuse

285 2314 119 60 the
459 2333 298 59 average
810 2311 393 76 American,
1260 2312 135 62 and
1452 2324 71 52 at
1576 2335 38 39 a
1668 2312 305 64 baseball
2032 2333 202 61 game
2291 2312 31 60 I

286 2416 306 80 actually
625 2416 132 61 feel
794 2415 135 65 like
963 2437 131 42 one
1129 2416 73 63 of
1236 2416 117 63 the
1388 2418 196 78 boys,
1621 2418 127 62 but
1783 2416 231 64 where
2053 2416 29 60 I
2122 2415 202 64 differ

286 2521 58 63 is
408 2518 70 64 in
541 2540 120 61 my
719 2518 221 83 tragic
1005 2521 136 62 and
1204 2521 271 62 morbid
1537 2519 166 75 side,
1768 2521 136 62 and
1969 2540 119 62 my
2149 2521 174 61 keen

286 2622 517 65 sensitiveness.

413 2730 273 81 Things
747 2730 227 62 which
1031 2752 163 59 pass
1255 2753 168 42 over
1480 2744 185 52 most
1724 2752 158 43 men
1943 2731 214 65 afflict
2213 2752 109 43 me

282 2834 174 64 with
492 2833 280 65 terrible
808 2836 207 62 force.
1109 2836 128 81 My
1271 2837 195 79 pride
1501 2837 125 62 has
1665 2837 202 62 stood
1906 2838 70 60 in
2013 2838 116 61 the
2167 2857 157 60 way

282 2940 75 61 of
393 2960 119 58 my
550 2940 177 77 hope
763 2938 73 61 of
870 2960 276 41 success
1185 2941 221 61 under
1443 2940 392 62 conditions
1875 2940 227 64 which
2145 2940 178 63 exist

283 3043 72 60 in
412 3041 141 62 this
611 3050 296 73 country
965 3053 72 52 at
1090 3053 301 68 present.
1485 3044 30 61 I
1576 3053 256 53 cannot
1893 3043 430 81 indefinitely

282 3144 294 81 pretend
614 3166 76 40 as
732 3144 30 60 I
802 3145 210 80 apply
1048 3147 109 61 for
1194 3147 197 63 work
1428 3147 153 62 that
1619 3148 31 60 I
1693 3167 111 41 am
1843 3148 146 80 just
2028 3145 134 65 like
2205 3147 118 62 the

283 3260 162 52 rest.
540 3248 30 60 I
617 3258 256 52 cannot
917 3250 262 78 always
1225 3251 279 62 conceal
1548 3251 118 62 the
1711 3262 428 52 resentment
2187 3250 134 64 and

282 3373 206 42 scorn
530 3351 29 61 I
605 3352 132 63 feel
777 3373 75 42 as
897 3352 30 61 I
971 3351 361 67 interview
1371 3352 321 65 business
1735 3374 159 42 men
1937 3356 136 61 and
2116 3352 205 65 stand

283 3478 79 41 or
414 3455 92 62 sit
558 3455 236 62 before
849 3455 190 64 them
1094 3478 75 42 as
1223 3479 38 41 a
1316 3478 188 42 mere
1560 3458 518 81 stenographer.
2174 3458 53 75 I,
2282 3481 40 40 a

282 3559 234 64 fellow
556 3559 70 61 in
667 3558 199 81 spirit
903 3558 170 66 with
1115 3581 159 42 men
1315 3562 72 61 of
1425 3561 267 81 genius,
1735 3572 189 51 must
1965 3562 197 63 show
2202 3582 120 59 my
