2616 4011
1265 3705 75 58 42

281 254 292 62 reached
616 274 39 41 a
699 260 179 55 state
923 251 231 65 where
1197 273 137 60 any
1378 250 237 62 sexual
1662 246 463 84 gratification
2170 247 56 63 is
2275 268 37 40 a

281 363 361 62 weakness
698 362 133 62 and
887 383 38 41 a
981 360 199 63 strict
1236 358 389 65 asceticism
1681 359 106 61 for
1846 380 38 40 a
1940 355 166 65 time
2161 355 57 63 is
2275 377 38 41 a

282 482 254 52 matter
575 471 72 62 of
685 468 658 82 self-preservation.
1434 466 371 82 Anything
1842 468 138 61 else
2022 466 57 63 is
2124 487 37 41 a
2201 466 75 61 de-

284 581 284 61 liberate
611 579 353 80 throwing
1006 581 206 61 down
1254 578 72 62 of
1370 598 118 60 my
1530 575 420 81 philosophy
1993 575 136 62 and
2175 573 56 63 is
2278 594 38 41 a

285 689 358 64 weakness
689 688 72 62 of
803 688 116 62 the
962 694 216 58 worst
1222 697 184 70 type,
1455 687 133 61 and
1634 686 30 59 I
1712 683 197 65 write
1955 683 138 64 this
2139 684 178 61 after

284 797 260 82 having
582 797 399 80 constantly
1020 795 304 65 violated
1367 815 118 61 my
1528 791 306 66 decision
1875 804 72 52 to
1989 792 163 62 hold
2196 791 120 75 off,

285 907 199 62 made
538 928 90 41 on
682 926 120 61 my
853 904 326 81 birthday
1234 905 134 63 and
1424 926 170 40 even
1648 903 236 63 before
1939 903 186 72 then,
2181 900 136 62 and

286 1013 225 65 which
568 1013 125 62 has
747 1013 146 80 just
950 1011 422 63 culminated
1427 1012 70 62 in
1555 1009 137 65 this
1751 1008 348 84 outlining
2151 1008 72 62 of
2279 1030 38 40 a

286 1124 278 80 general
613 1143 242 42 course
906 1130 72 55 to
1027 1121 255 75 follow,
1331 1119 290 82 holding
1668 1120 69 62 in
1785 1120 179 63 view
2012 1119 116 62 the
2176 1128 141 53 two

1044 1205 8 10 #

289 1233 287 79 objects,
630 1253 39 41 a
722 1230 124 63 full
901 1230 115 63 life
1071 1230 133 63 and
1260 1252 38 39 a
1352 1229 284 80 healthy
1690 1249 149 54 one,
1894 1249 236 59 power
2184 1227 134 62 and

289 1340 133 62 life.
514 1338 327 64 Without
878 1360 236 60 power
1154 1337 115 64 life
1311 1338 57 63 is
1410 1338 225 61 death.
1728 1336 199 63 With
1969 1356 237 42 means
2250 1335 71 62 of

289 1448 463 81 gratification
797 1446 296 82 lacking,
1137 1469 130 41 one
1311 1456 188 53 must
1544 1446 162 63 hold
1753 1445 99 62 off
1895 1446 179 61 from
2120 1446 201 63 baser

289 1558 216 61 forms
550 1566 72 53 at
665 1558 175 61 least
882 1554 175 65 until
1104 1557 390 80 absolutely
1538 1576 389 60 necessary,
1974 1554 135 62 and
2156 1554 165 61 then

289 1667 166 80 only
500 1688 89 40 on
634 1666 118 64 the
799 1675 184 53 most
1028 1665 396 80 infrequent
1471 1663 377 64 occasions.

417 1773 323 81 Keeping
788 1774 194 61 these
1033 1773 69 62 in
1150 1773 198 75 view,
1400 1771 117 64 life
1569 1774 135 61 and
1753 1793 255 60 power,
2062 1773 29 59 I
2146 1771 176 63 have

293 1882 397 81 something
733 1892 73 52 to
854 1881 259 62 anchor
1160 1892 71 52 to
1279 1881 205 64 while
1535 1882 29 60 I
1616 1902 109 41 am
1776 1879 399 83 struggling
2220 1887 70 53 to-

290 1991 227 62 wards
553 1990 117 62 the
705 1989 196 82 light,
939 1991 135 61 and
1112 1991 28 60 I
1183 1989 259 64 submit
1481 1989 137 63 this
1657 1990 68 61 in
1766 1990 86 61 all
1893 1989 430 63 seriousness

293 2121 73 40 as
409 2121 39 40 a
489 2102 182 77 good
713 2098 349 63 workable
1104 2097 418 81 philosophy
1561 2099 110 60 for
1712 2118 37 41 a
1795 2117 160 42 man
1998 2098 158 62 who
2200 2097 125 62 has

294 2216 121 53 not
469 2206 216 62 found
740 2205 278 62 himself
1074 2206 133 61 and
1260 2207 124 60 has
1439 2203 304 65 hitherto
1798 2206 174 61 been
2027 2203 300 83 groping

293 2314 264 62 around
595 2312 267 82 blindly
898 2312 69 63 in
1006 2314 116 62 the
1163 2314 167 61 dark
1368 2314 170 62 with
1578 2334 169 60 very
1785 2312 176 64 little
2003 2320 324 72 prospect

293 2418 72 60 of
413 2415 195 83 light.
702 2415 314 83 Starting
1063 2414 168 65 with
1284 2415 139 63 this
1472 2418 117 61 the
1638 2437 199 60 years
1889 2428 188 51 must
2124 2415 204 82 bring

294 2541 189 41 more
535 2518 197 83 light,
784 2521 133 61 and
968 2519 116 63 the
1135 2518 486 64 conservation
1671 2519 72 63 of
1794 2542 38 38 a
1883 2521 153 62 love
2090 2521 69 61 of
2210 2518 117 62 life

294 2624 133 62 and
474 2634 71 52 at
589 2624 115 63 the
752 2644 188 42 same
989 2621 163 64 time
1198 2625 71 60 of
1312 2644 237 58 power
1592 2624 138 63 will
1778 2624 172 78 keep
1997 2645 129 41 one
2175 2622 67 61 in
2290 2645 38 40 a

298 2735 177 54 state
528 2737 71 52 to
652 2726 159 63 take
864 2726 389 80 advantage
1305 2726 71 61 of
1427 2748 136 58 any
1616 2747 152 42 new
1820 2725 177 81 light
2049 2748 89 41 on
2190 2725 138 64 this

296 2829 280 64 terrible
662 2831 313 80 problem
1065 2832 71 60 of
1226 2828 368 78 existence,
1663 2831 72 61 of
1801 2831 158 63 how
2050 2841 73 52 to
2213 2838 117 73 get

296 2933 303 80 through
641 2932 116 64 life
798 2933 69 60 in
907 2933 117 61 the
1065 2933 153 61 best
1260 2956 176 57 way,
1478 2933 109 61 for
1625 2935 70 61 in
1735 2933 117 63 the
1893 2933 161 61 final
2097 2935 195 78 analy-

299 3036 93 64 sis
441 3038 153 62 that
643 3036 57 63 is
750 3036 189 65 what
990 3038 87 61 all
1132 3035 418 84 philosophy
1601 3039 296 61 teaches.

423 3140 218 75 Thus,
693 3138 71 63 in
809 3139 117 62 the
977 3140 253 75 future,
1281 3139 466 82 gratification
1798 3162 160 61 may
2006 3143 85 61 be
2143 3142 188 80 quite

298 3243 384 63 consistent
710 3242 171 65 with
911 3262 118 61 my
1058 3242 455 81 philosophy;
1544 3243 69 63 in
1644 3265 118 60 my
1795 3252 281 71 present
2107 3245 181 63 weak-

300 3348 172 60 ened
501 3356 179 52 state
710 3346 31 61 I
771 3356 188 52 must
987 3346 163 62 hold
1179 3346 99 62 off
1306 3346 51 62 if
1390 3349 170 61 lam
1591 3356 71 55 to
1691 3346 297 64 survive.
2081 3348 210 63 Other-

299 3448 168 63 wise
508 3449 53 62 it
601 3448 57 63 is
699 3471 37 40 a
780 3469 154 42 case
976 3450 72 60 of
1090 3449 374 62 deliberate
1507 3448 279 76 suicide,
1832 3452 132 61 and
2011 3453 115 61 the
2171 3453 162 77 only

299 3552 202 83 thing
540 3563 70 52 to
653 3555 87 60 do
780 3553 233 62 would
1053 3555 82 60 be
1178 3565 70 50 to
1290 3576 87 59 go
1419 3555 217 62 ahead
1681 3555 133 62 and
1857 3553 261 84 gratify
2159 3555 174 63 until
