2616 4011
1279 3715 67 57 16

281 244 310 64 troubles
640 266 182 42 were
870 244 356 80 forgotten
1277 242 68 64 in
1395 243 117 62 the
1562 242 221 82 grand
1835 261 202 43 scene
2088 239 238 64 before

277 367 127 42 me.

408 453 81 60 In
550 473 87 42 an
698 451 345 62 endeavor
1104 461 72 52 to
1239 449 315 64 discover
1616 469 119 61 my
1795 447 294 83 feelings
2153 446 71 64 of
2285 469 38 39 a

278 555 155 82 day,
468 555 180 63 from
682 555 118 63 the
840 555 155 63 10th
1030 564 71 52 to
1138 555 117 61 the
1294 552 178 77 15th,
1512 555 29 60 I
1578 554 165 79 kept
1776 574 38 41 a
1849 553 197 61 short
2082 550 240 63 record

277 661 292 80 byway
610 660 72 60 of
723 658 269 82 finding
1032 668 123 52 out
1197 660 158 62 how
1399 658 207 62 much
1653 660 28 59 I
1729 656 204 62 could
1978 662 213 55 count
2234 676 89 42 on

278 764 254 80 myself
582 762 69 63 in
700 783 118 61 my
869 762 335 82 struggle,
1254 762 136 63 and
1439 762 117 63 the
1609 761 216 64 result
1877 759 285 63 showed
2214 779 109 41 me

277 868 154 62 that
497 868 29 60 I
593 868 153 61 lack
811 867 323 74 exercise,
1200 887 113 41 am
1378 877 116 52 too
1561 886 301 42 nervous
1929 864 136 61 and
2129 884 158 40 over-

280 980 251 71 strung
583 981 73 52 to
706 981 126 68 put
884 969 188 64 forth
1126 990 119 61 my
1296 971 156 61 best
1505 968 264 75 efforts,
1825 967 89 62 all
1969 966 72 62 of
2095 964 228 64 which

280 1075 324 61 confirms
642 1075 116 62 the
797 1074 294 63 wisdom
1128 1075 72 62 of
1236 1095 117 60 my
1391 1072 306 64 decision
1734 1082 72 53 to
1846 1080 237 53 return
2120 1070 203 61 home

278 1188 73 51 to
389 1176 140 63 find
565 1176 253 82 myself
855 1178 177 62 after
1070 1199 36 40 a
1145 1187 158 52 rest.

411 1383 304 83 Sunday,
764 1385 245 62 March
1061 1385 76 62 10
1137 1385 251 61 —Fair
1432 1383 68 63 in
1546 1383 361 80 morning;
1952 1380 374 81 depressed

280 1490 193 61 later.

412 1592 333 80 Monday,
795 1590 244 63 March
1091 1589 337 64 11—Fine
1476 1590 175 63 until
1698 1588 257 63 middle
2003 1589 72 62 of
2120 1588 174 62 after-

282 1716 205 54 noon,
535 1696 168 62 then
752 1693 178 64 tired
979 1695 136 62 and
1165 1695 376 80 nervously
1592 1692 391 80 depressed.
2083 1692 244 81 Night,

281 1800 307 61 cheerful
621 1797 243 82 again;
896 1797 326 75 bedtime,
1254 1797 289 82 terribly
1575 1818 321 54 nervous,
1931 1796 396 80 depressed,

281 1903 323 74 wakeful,
648 1902 296 63 worried
986 1902 133 62 and
1162 1900 418 82 despairing.

409 2004 349 80 Tuesday,
798 2004 245 63 March
1082 2004 375 63 12—Tired
1493 2006 180 59 from
1708 2002 324 81 previous
2068 2002 260 82 night's

284 2110 250 79 depths
568 2110 72 61 of
675 2110 271 80 gloom;
979 2109 177 61 calm
1192 2109 191 73 later,
1421 2107 130 61 fair
1585 2107 220 82 night.

412 2213 471 80 Wednesday,
935 2210 245 62 March
1235 2211 363 64 13—Calm
1649 2210 134 62 and
1834 2209 494 76 enthusiastic;

284 2314 198 77 tired,
517 2317 125 62 but
677 2326 123 52 not
836 2316 392 77 depressed,
1264 2316 174 61 later
1474 2314 281 63 restless
1791 2314 70 64 in
1896 2316 153 61 bed.

411 2418 394 82 Thursday,
841 2418 246 61 March
1128 2417 75 62 14
1204 2416 304 81 —Quiet
1541 2417 134 64 and
1710 2418 199 74 calm,
1945 2417 384 62 exhausted

285 2523 180 62 from
501 2523 325 80 previous
866 2521 304 75 flurries;
1209 2523 195 73 later,
1446 2533 217 51 storm
1702 2523 226 80 again,
1966 2542 172 61 very
2176 2521 155 77 bad,

285 2625 136 64 and
460 2627 250 79 depths
752 2625 71 64 of
861 2623 272 65 morbid
1175 2623 293 81 despair.

417 2728 275 82 Friday,
738 2728 245 63 March
1030 2726 71 65 15
1106 2727 489 65 —Ambitious
1637 2728 135 64 and
1815 2728 432 65 determined
2249 2768 86 7 —

287 2831 132 65 fine
458 2834 88 61 all
585 2834 134 80 day
722 2833 372 62 —restless
1133 2833 220 81 night.

416 3040 149 62 The
623 3040 219 63 above
897 3048 235 73 pretty
1183 3040 157 63 well
1395 3050 393 68 represents
1844 3062 118 61 my
2018 3042 315 81 struggle

290 3142 108 63 for
450 3164 38 41 a
541 3144 168 81 long
761 3142 188 75 time,
1004 3142 127 64 but
1183 3144 306 80 through
1543 3142 54 64 it
1649 3144 87 62 all
1791 3145 29 61 I
1876 3146 175 62 have
2107 3146 135 62 had
2296 3168 39 40 a

289 3245 398 65 confidence
736 3247 68 62 in
854 3247 115 62 the
1019 3247 161 60 final
1227 3247 310 80 triumph
1588 3249 136 62 and
1772 3271 37 40 a
1857 3260 328 53 constant
2234 3271 68 43 re-

290 3360 161 52 turn
494 3361 75 51 to
609 3370 119 62 my
769 3349 214 64 ideals
1028 3351 136 62 and
1208 3351 357 75 ambition,
1612 3353 135 61 and
1791 3353 29 60 I
1867 3374 112 41 am
2025 3353 312 83 noticing

290 3475 38 41 a
386 3455 289 81 gradual
738 3454 431 64 elimination
1231 3455 72 63 of
1363 3476 192 42 some
1617 3456 462 65 weaknesses.
2183 3459 153 62 The

291 3558 159 62 blue
497 3558 245 62 moods
793 3559 29 61 I
872 3578 111 42 am
1029 3556 386 84 beginning
1458 3569 71 52 to
1578 3559 213 63 check
1837 3560 237 64 before
2122 3560 216 83 going
