2616 4011
295 513 322 159 THE
666 519 166 79 only
883 514 319 66 editorial
1250 515 230 83 policy
1531 517 73 63 of
1653 515 204 63 THE
1909 514 321 64 GLEBE
2279 515 59 64 is

563 621 154 63 that
760 620 365 64 embodied
1170 620 74 62 in
1289 620 92 64 its
1430 618 428 66 declaration
1903 618 75 64 of
2020 620 320 63 absolute

299 726 315 62 freedom
664 724 75 62 of
794 722 424 82 expression,
1275 722 230 65 which
1560 725 241 62 makes
1860 722 110 64 for
2025 743 42 43 a
2121 741 217 61 range

306 828 220 63 broad
576 827 276 80 enough
898 837 74 54 to
1020 827 278 64 include
1344 846 213 63 every
1602 834 510 73 temperament
2157 825 184 63 from

308 933 119 62 the
464 942 186 52 most
686 929 259 66 radical
981 941 75 54 to
1095 933 119 62 the
1251 941 188 53 most
1475 931 504 73 conservative,
2016 931 118 62 the
2174 931 167 81 only

310 1034 330 82 requisite
686 1034 211 81 being
941 1035 155 63 that
1143 1036 120 61 the
1310 1036 198 61 work
1555 1036 251 64 should
1852 1036 179 61 have
2079 1032 248 84 unmistakable

295 1032 268 66 merit.
608 1032 178 66 Each
831 1032 223 66 issue
1099 1032 178 66 will
1322 1032 89 66 be
1456 1032 312 66 devoted
1813 1032 490 66 exclusively

295 1032 93 66 to
435 1032 140 66 one
622 1032 513 66 individual,
1182 1032 326 66 thereby
1555 1032 280 66 giving
1882 1032 140 66 him
2069 1032 93 66 an
2209 1032 93 66 op-

309 1342 364 81 portunity
714 1352 76 55 to
833 1354 285 69 present
1158 1345 111 62 his
1312 1345 196 61 work
1550 1343 72 63 in
1666 1342 347 65 sufficient
2056 1342 171 64 bulk
2267 1352 75 54 to

310 1448 203 62 make
560 1446 56 64 it
661 1446 307 82 possible
1016 1446 109 65 for
1172 1446 119 64 the
1340 1448 241 63 reader
1630 1455 73 56 to
1754 1445 241 65 obtain
2041 1467 42 42 a
2133 1446 210 64 much

308 1570 194 44 more
532 1549 571 81 comprehensive
1132 1568 211 62 grasp
1371 1549 75 65 of
1477 1549 112 64 his
1618 1548 432 82 personality
2081 1550 172 63 than
2284 1550 59 63 is

311 1653 317 68 afforded
661 1653 148 64 him
846 1653 74 63 in
955 1655 121 62 the
1112 1652 367 65 restricted
1518 1672 206 61 space
1763 1653 292 65 allotted
2092 1653 95 80 by
2224 1653 121 64 the

311 1759 201 62 other
551 1755 418 83 magazines.
1062 1756 380 64 Published
1479 1757 342 81 monthly,
1863 1777 78 43 or
1979 1777 194 43 more
2213 1755 123 83 frequently

295 1755 103 65 if
449 1755 462 65 possible,
962 1755 154 65 THE
1167 1755 257 65 GLEBE
1475 1755 206 65 will
1732 1755 257 65 issue
2040 1755 308 65 twelve

313 1975 75 54 to
438 1973 268 72 twenty
752 1965 224 62 books
1020 1984 122 59 per
1189 1982 185 63 year,
1425 1963 261 64 chosen
1734 1982 93 45 on
1872 1962 184 65 their
2102 1963 243 64 merits

310 2069 222 75 alone,
565 2067 188 65 since
784 2069 119 62 the
935 2067 470 80 subscription
1434 2066 118 64 list
1585 2069 168 62 does
1787 2086 205 63 away
2021 2066 176 66 with
2227 2069 120 63 the

315 2173 175 62 need
539 2173 73 61 of
657 2170 312 80 catering
1014 2180 77 54 to
1133 2172 119 60 the
1297 2172 295 78 popular
1637 2173 300 62 demand
1985 2172 154 62 that
2186 2170 146 80 confronts

295 2170 285 65 every
637 2170 570 65 publisher.
1264 2170 285 65 Thus,
1606 2170 171 65 THE
1834 2170 286 65 GLEBE
2177 2170 171 65 can

313 2376 304 83 promise
672 2379 121 60 the
847 2376 158 63 best
1062 2377 198 62 work
1315 2376 75 63 of
1444 2376 376 65 American
1877 2379 137 62 and
2073 2377 274 80 foreign

314 2481 309 74 authors,
662 2481 259 63 known
959 2480 137 62 and
1134 2479 375 63 unknown.

398 2584 152 64 The
578 2582 188 81 price
791 2582 74 63 of
891 2582 172 63 each
1091 2582 191 63 issue
1310 2582 73 63 of
1409 2582 208 61 THE
1647 2582 323 63 GLEBE
2001 2582 144 66 will
2173 2602 175 64 vary

313 2687 172 62 with
516 2687 119 62 the
662 2696 155 55 cost
844 2687 74 62 of
945 2683 447 83 publication,
1421 2686 130 62 but
1581 2687 119 62 the
1730 2688 241 80 yearly
2001 2683 322 85 subscription,

295 2683 420 65 including
762 2683 326 65 special
1135 2683 373 65 numbers,
1555 2683 93 65 is
1695 2683 233 65 three
1975 2683 373 65 dollars.

523 3215 221 58 Editor
1145 3214 359 56 Associates
1734 3217 294 56 Business
2050 3218 299 69 Manager

309 3320 218 55 Alfred
549 3320 394 68 Kreymborg
1021 3318 286 56 Leonard
1329 3318 77 56 D.
1425 3318 240 57 Abbott
1762 3321 255 57 Charles
2041 3321 174 67 Boni,
2237 3321 86 68 Jr.

1020 3407 221 55 Albert
1269 3406 160 56 Boni

1021 3494 278 54 Alanson
1331 3494 355 67 Hartpence

1020 3579 193 55 Adolf
1259 3579 197 55 Wolff
