2616 4011
1259 3712 75 59 22

417 249 112 61 An
584 247 152 63 idea
788 244 228 66 which
1070 246 123 61 has
1245 242 366 83 gradually
1665 242 174 62 been
1893 238 308 83 forming
2253 237 69 64 in

290 373 117 60 my
449 350 191 64 mind
683 351 29 60 I
759 351 178 79 hope
980 360 71 52 to
1092 349 208 81 begin
1342 359 72 52 to
1460 358 125 70 put
1628 348 145 62 into
1820 344 279 65 definite
2142 345 180 61 form

289 457 146 79 just
478 456 157 61 four
679 454 229 64 weeks
955 454 179 61 from
1181 451 326 82 to-night,
1554 451 133 63 and
1737 452 29 61 I
1816 449 166 64 then
2027 451 177 77 hope
2251 458 73 52 to

290 560 174 62 have
505 558 159 61 four
698 558 193 61 clean
929 557 230 62 weeks
1198 555 256 63 behind
1494 575 110 42 me
1644 575 74 42 as
1762 576 38 40 a
1841 561 175 55 start
2060 552 106 62 for
2207 571 118 59 my

289 663 222 82 year's
561 660 396 65 abstention
1004 663 179 61 from
1233 659 301 82 passion.
1629 658 276 81 During
1949 656 140 64 this
2137 655 188 74 time,

292 765 203 65 while
532 764 470 81 endeavoring
1032 774 73 54 to
1139 764 237 64 obtain
1412 787 38 41 a
1483 763 316 62 foothold
1836 762 70 62 in
1940 762 118 62 the
2093 781 186 61 maga-

292 870 152 62 zine
481 870 157 62 field
675 868 169 64 with
886 870 194 62 short
1118 867 267 76 stories,
1426 887 119 61 my
1579 867 122 80 big
1736 866 152 62 idea
1925 865 57 62 is
2020 875 71 52 to
2127 862 198 65 write

292 997 38 39 a
382 974 202 63 novel
637 974 73 61 of
759 974 117 62 the
929 972 280 64 various
1262 971 351 82 struggles
1667 971 136 62 and
1858 967 343 65 emotions
2255 967 71 63 of

293 1099 86 41 an
458 1077 393 75 ambitious,
928 1075 248 65 erratic
1252 1075 240 82 youth,
1569 1074 171 65 with
1817 1096 38 40 a
1931 1079 395 74 premature

292 1181 395 75 weariness,
718 1182 134 61 and
884 1181 233 62 unless
1150 1180 431 81 pre-empted
1614 1180 92 81 by
1738 1178 311 75 another,
2086 1178 28 61 I
2150 1174 175 64 shall

293 1305 170 60 very
539 1285 338 80 probably
953 1285 129 61 call
1164 1284 137 62 this
1566 1282 240 63 Youth
1886 1281 188 64 Who
2152 1281 174 62 Was

297 1389 480 80 Prematurely
1173 1387 377 82 suggested
1610 1387 95 81 by
1766 1407 38 40 a
1865 1383 329 64 criticism
2256 1383 72 61 of

297 1491 522 63 Mademoiselle
877 1492 83 62 de
1019 1491 312 80 Maupin,
1389 1492 127 62 but
1572 1488 138 65 this
1769 1489 57 64 is
1883 1500 72 53 to
2014 1491 84 61 be
2157 1488 138 62 alto-

293 1595 245 81 gether
602 1594 342 77 dififerent,
1012 1595 136 62 and
1215 1594 57 63 is
1338 1604 73 53 to
1479 1595 210 62 touch
1756 1594 116 63 the
1940 1592 250 82 depths
2256 1590 73 63 of

294 1721 231 59 agony
575 1700 133 61 and
762 1698 275 80 despair
1085 1698 398 63 contrasted
1536 1696 170 65 with
1761 1698 117 63 the
1926 1696 278 82 heights
2258 1695 71 62 of

293 1812 276 71 ecstasy
602 1803 134 62 and
772 1803 117 62 the
924 1803 221 74 fierce,
1182 1804 277 80 hungry
1493 1799 346 84 longings,
1875 1801 280 63 terrible
2194 1798 102 65 dis-

293 1905 540 81 appointments,
899 1905 397 64 unrelieved
1360 1903 302 82 passion,
1728 1905 393 73 loneliness,
2188 1924 95 42 am-

293 2009 241 76 bition,
571 2008 398 81 morbidity,
1011 2010 170 80 deep
1218 2008 228 82 poetic
1486 2008 276 82 feeling,
1802 2009 134 62 and
1976 2009 117 61 the
2131 2008 199 63 other

296 2112 342 63 emotions
708 2113 73 61 of
854 2135 38 40 a
965 2110 352 78 sensitive,
1390 2133 499 43 over-nervous
1964 2112 220 82 youth
2258 2112 72 62 of

294 2216 266 63 artistic
599 2226 506 70 temperament
1143 2217 133 62 and
1314 2218 189 79 large
1541 2216 263 81 insight
1842 2216 356 80 tempered
2237 2216 93 79 by

294 2342 212 59 many
550 2321 383 80 paradoxes
983 2320 69 62 in
1099 2321 374 62 character.

424 2424 29 60 I
492 2424 174 64 have
706 2423 216 62 found
960 2424 252 80 myself
1252 2424 274 80 enough
1564 2434 71 52 to
1676 2446 110 40 see
1826 2424 118 62 the
1983 2423 347 80 necessity

293 2527 72 62 of
396 2549 131 41 one
562 2549 243 41 course
835 2537 69 52 at
938 2527 193 75 least,
1168 2528 151 62 that
1352 2527 76 75 is,
1461 2536 74 54 to
1568 2549 321 59 preserve
1927 2550 39 39 a
1999 2526 330 84 dignified

292 2631 271 62 silence.
655 2631 150 62 The
857 2653 256 52 coarse,
1164 2632 248 80 vulgar
1461 2630 404 84 familiarity
1915 2632 72 63 of
2039 2632 117 64 the
2208 2631 92 64 fel-

296 2734 170 62 lows
511 2735 30 60 I
585 2735 174 61 have
801 2742 141 54 met
983 2734 122 62 has
1149 2733 229 81 jarred
1419 2756 91 40 on
1552 2754 109 41 me
1704 2756 190 43 more
1938 2737 134 60 and
2118 2757 211 53 more,

296 2838 134 62 and
480 2838 29 60 I
560 2860 111 40 see
721 2838 151 62 that
919 2857 118 62 my
1084 2838 167 81 only
1295 2858 243 60 escape
1588 2838 70 62 in
1705 2838 118 64 the
1870 2839 233 65 future
2152 2839 57 64 is
2258 2851 72 51 to

296 2940 335 63 maintain
674 2964 37 39 a
755 2961 273 42 reserve
1071 2941 135 62 and
1252 2963 37 40 a
1333 2940 273 82 dignity
1647 2942 277 80 beyond
1968 2941 229 65 which
2242 2963 88 41 no

297 3064 161 42 man
524 3064 163 61 may
746 3051 378 74 penetrate.
1216 3043 371 82 Anything
1649 3046 30 60 I
1748 3048 226 61 reveal
2040 3046 140 64 will
2245 3046 85 63 be

294 3148 94 80 by
430 3147 302 82 writing,
777 3157 120 53 not
941 3149 92 80 by
1079 3147 269 81 speech.
1442 3148 31 61 I
1517 3149 176 64 have
1738 3151 201 63 made
1986 3148 306 66 consider-

296 3252 152 62 able
483 3274 347 59 progress,
867 3255 124 61 but
1030 3252 139 64 still
1206 3253 175 63 have
1421 3264 72 53 to
1531 3253 175 82 fight
1743 3278 38 40 a
1822 3255 254 63 foolish
2115 3256 180 62 talka-

297 3355 302 64 tiveness
650 3378 90 41 on
790 3354 378 66 occasions.

421 3460 322 63 Another
790 3459 231 84 policy
1073 3462 30 61 I
1158 3472 245 70 expect
1450 3460 30 63 I
1534 3460 141 66 will
1727 3462 237 66 follow
2014 3463 194 75 later,
2261 3474 69 52 at

293 3563 194 75 least,
522 3562 141 66 will
701 3565 82 62 be
820 3565 116 63 the
974 3562 410 67 cultivation
1421 3566 72 62 of
1529 3573 325 74 courtesy
1889 3567 136 64 and
2066 3590 38 41 a
2140 3587 190 42 more
