2616 4011
1271 3707 73 57 37

423 249 316 74 Havana,
776 248 367 81 Saturday,
1174 249 183 79 June
1387 254 58 69 8,
1483 254 182 59 1912.
1759 250 174 63 lam
1966 249 364 81 gradually

289 353 125 61 but
468 352 383 83 inevitably
906 352 281 81 coming
1240 363 73 53 to
1369 353 117 63 the
1544 352 401 64 conclusion
2002 353 152 63 that
2209 353 119 61 the

284 456 167 80 only
504 478 157 59 way
716 468 71 50 to
844 466 118 71 get
1018 459 210 78 along
1282 457 58 61 is
1395 468 72 52 to
1525 459 215 62 throw
1741 483 10 13 r
1808 479 165 42 over
2029 459 87 61 all
2174 459 151 61 that

291 562 30 58 I
374 562 85 61 do
508 559 264 65 believe
820 562 69 62 in
938 562 135 62 and
1120 583 137 60 pay
1305 562 117 62 the
1469 560 205 80 price.
1770 562 62 61 If
1881 562 29 61 I
1963 562 135 62 had
2149 560 177 63 done

287 662 138 62 this
476 663 236 62 before
762 664 29 60 I
840 663 226 81 might
1115 664 176 61 have
1338 666 173 61 been
1559 664 210 61 saved
1817 664 206 61 much
2072 663 71 62 of
2190 661 140 64 this

291 776 199 71 petty
534 769 322 78 personal
909 769 312 78 struggle
1268 771 134 61 and
1451 776 125 71 put
1624 789 118 60 my
1789 767 230 64 divine
2070 788 258 59 energy

293 869 147 63 into
499 869 246 82 bigger
802 869 258 82 things.
1155 871 30 60 I
1249 873 176 61 have
1486 873 92 61 let
1639 871 173 63 false
1872 869 456 63 conventions

293 974 217 63 battle
547 974 169 64 with
754 976 117 61 the
909 976 272 62 natural
1221 977 154 61 love
1414 976 72 61 of
1525 974 307 63 freedom
1873 976 135 61 and
2047 974 249 63 radical-

291 1076 129 62 ism
466 1078 72 61 of
583 1100 86 39 an
716 1077 265 64 artistic
1026 1089 264 64 nature,
1338 1078 315 63 frittered
1699 1100 198 58 away
1943 1078 117 63 life
2107 1080 223 61 forces

289 1178 69 62 in
404 1180 262 81 unholy
711 1181 320 79 passions
1075 1183 232 62 where
1351 1183 28 58 I
1427 1181 224 82 might
1695 1183 174 62 have
1914 1190 124 71 put
2084 1181 52 60 it
2180 1180 146 64 into

291 1283 115 62 the
454 1283 121 81 big
622 1285 333 79 struggle.
1045 1285 180 63 Now
1277 1285 28 60 I
1352 1283 137 65 will
1540 1305 306 58 conquer
1891 1306 77 39 or
2016 1283 127 76 die,
2192 1283 104 62 vic-

293 1393 159 73 tory
509 1409 76 39 or
642 1387 228 62 death.
973 1387 229 62 Death
1262 1409 172 40 even
1491 1388 94 79 by
1641 1409 116 58 my
1816 1409 157 42 own
2033 1388 183 61 hand
2273 1387 58 61 is

288 1487 386 78 preferable
717 1499 71 52 to
828 1487 352 83 frittering
1223 1490 115 61 the
1381 1490 447 61 tremendous
1872 1490 280 79 passion
2197 1489 133 61 and

297 1612 300 42 nervous
645 1593 134 61 and
829 1593 259 62 mental
1141 1614 259 60 energy
1453 1594 29 59 I
1536 1594 174 61 have
1760 1616 199 58 away
2010 1594 67 61 in
2129 1617 37 39 a
2217 1593 115 62 life

297 1696 71 59 of
420 1696 486 62 conventional
960 1716 176 55 ease,
1192 1694 357 82 despising
1597 1697 253 79 myself
1902 1697 135 61 and
2090 1696 242 80 hating

298 1799 255 72 others,
608 1799 136 62 and
797 1797 211 78 being
1056 1800 226 62 hated.
1378 1800 147 62 Oh!
1581 1800 51 62 if
1686 1801 28 61 I
1771 1801 134 61 had
1957 1800 166 80 only
2174 1820 119 42 con-

296 1903 242 61 served
605 1901 270 63 instead
941 1903 72 59 of
1077 1903 287 75 wasted,
1430 1904 124 60 but
1618 1924 171 42 even
1858 1926 157 40 now
2081 1914 70 52 at
2217 1904 115 61 the

294 2007 319 62 eleventh
649 2007 176 62 hour
856 2006 52 62 it
942 2006 56 62 is
1031 2017 119 52 not
1185 2016 116 53 too
1338 2008 155 61 late.
1590 2008 198 74 Now,
1823 2008 261 80 to-day,
2123 2008 28 60 I
2192 2007 138 63 will

296 2131 87 59 go
426 2111 303 62 forward
772 2120 71 53 to
885 2130 119 60 my
1045 2111 160 62 fate.

426 2317 315 72 Havana,
786 2318 468 79 Wednesday,
1296 2318 179 79 June
1524 2321 94 67 12,
1670 2321 178 57 1912.
1943 2318 81 60 In
2067 2317 265 62 further

298 2423 300 78 thought
632 2441 168 42 over
830 2441 117 59 my
979 2422 305 60 decision
1319 2422 71 59 of
1423 2422 134 60 last
1590 2418 365 80 Saturday,
1992 2441 78 40 or
2104 2420 228 61 rather

297 2526 154 59 that
484 2524 224 62 which
748 2524 122 62 has
904 2526 174 59 been
1111 2521 320 84 growing
1464 2544 89 39 on
1588 2543 108 42 me
1732 2524 107 61 for
1873 2545 37 40 a
1945 2524 165 78 long
2145 2522 185 73 time,

297 2629 29 59 I
379 2644 188 45 must
618 2628 134 61 add
804 2627 170 73 that,
1027 2648 75 41 as
1155 2628 28 60 I
1238 2647 109 41 am
1400 2637 120 51 not
1571 2648 137 59 any
1756 2635 117 53 too
1924 2647 156 41 sure
2132 2648 74 40 as
2256 2637 72 51 to

297 2731 185 62 what
531 2731 27 59 I
611 2731 191 61 don't
848 2729 265 63 believe
1159 2731 89 75 in,
1295 2728 166 64 time
1508 2740 187 52 must
1741 2729 82 63 be
1874 2751 37 39 a
1957 2731 189 78 large
2192 2729 97 61 fac-

293 2845 108 51 tor
445 2834 69 61 in
556 2834 114 63 the
716 2843 272 53 matter.

424 2938 199 61 Then
668 2936 224 80 again,
941 2938 131 61 due
1117 2945 73 54 to
1235 2935 153 62 that
1432 2935 176 64 tired
1652 2935 256 81 feeling
1953 2936 133 61 and
2133 2958 158 39 nerv-

292 3062 311 54 ousness,
649 3042 29 60 I
721 3041 175 62 have
937 3039 254 82 during
1230 3039 116 64 the
1387 3051 157 68 past
1581 3039 104 63 six
1726 3041 279 61 months
2046 3051 124 68 put
2212 3050 117 52 too

292 3145 204 61 much
545 3143 347 79 emphasis
936 3165 91 39 on
1070 3145 117 61 the
1234 3143 168 63 dark
1450 3142 163 62 side.

421 3248 31 61 I
506 3248 174 61 have
735 3267 208 42 never
995 3246 108 61 for
1154 3265 189 42 more
1394 3246 168 61 than
1616 3244 116 63 the
1787 3244 288 63 briefest
2127 3265 202 58 space

296 3352 71 59 of
433 3351 165 62 time
666 3349 514 80 contemplated
1248 3347 593 63 self-destruction
1910 3370 75 40 as
2055 3348 27 60 I
2155 3349 174 61 have

294 3455 239 62 hinted
580 3466 71 51 at
698 3455 264 61 several
1012 3452 222 62 times.
1327 3452 151 62 The
1527 3453 301 80 thought
1877 3455 123 59 has
2049 3451 279 63 crossed

296 3579 119 61 my
470 3559 190 66 mind
717 3558 70 60 in
842 3578 117 61 my
1016 3558 280 62 darkest
1351 3555 264 76 moods,
1671 3556 126 61 but
1855 3556 29 61 I
1945 3577 110 43 am
2113 3574 121 44 not
2289 3578 39 43 a
