3510 4356
1654 70 104 51 287

151 205 324 67 Componisten
500 202 80 50 der
598 202 463 69 Vergangenheit
1091 207 110 49 oder
1224 207 79 50 der
1328 209 343 63 Gegenwart

149 284 92 48 und
266 280 374 51 wahrscheinlich
671 282 116 49 auch
819 284 123 48 nicht
970 285 81 47 der
1078 285 254 47 Zukunft
1362 285 309 49 übertroff'ene

143 360 180 64 geniale
372 357 359 66 Tonschöpfung
779 360 72 47 die
900 361 173 47 sichere
1125 361 273 63 Bürgschaft
1447 364 75 45 für
1571 364 99 48 die

144 450 195 51 grosse
392 435 274 56 Zukunft,
736 437 212 47 welche
1004 437 99 47 der
1158 438 180 46 Heros
1392 440 279 47 Dräseke

146 510 177 49 durch
372 511 156 48 seine
577 511 270 49 Arbeiten
896 513 107 47 der
1051 513 294 49 Tonkunst
1393 515 274 49 verschaffe»

308 616 84 29 —,
421 605 49 32 so
495 588 113 49 wird
630 590 94 47 dies
746 591 237 47 sicherlich
1008 591 70 47 ein
1102 591 157 47 Trunk
1284 592 110 55 sein,
1435 592 108 55 „der
1566 595 102 62 eilig

141 666 278 48 nüchtern
670 666 92 48 und
793 667 155 47 besser
978 666 149 56 wirkt,
1171 668 62 46 als
1263 667 71 48 die
1364 668 306 64 gründlichste

139 741 360 66 Zergliederung
553 743 83 47 der
683 742 281 65 Missgeburt
1011 742 154 57 selbst,
1220 760 84 32 von
1355 745 195 48 welcher
1599 746 71 48 die

147 818 127 50 Hede
302 819 68 49 ist.

475 1004 156 42 Nach
670 1004 334 39 Frankfurt
1032 1016 98 28 am
1157 1008 177 38 Main.

710 1091 92 49 (Mu
814 1105 16 22 s
843 1093 10 34 i
866 1093 51 35 ks
929 1105 19 23 c
959 1093 21 36 h
992 1106 25 23 u
1029 1094 11 35 1
1053 1096 51 44 e.)

217 1172 80 35 Auf
323 1171 68 36 das
421 1171 206 36 Schreiben
657 1172 65 35 des
750 1172 179 46 geehrten
957 1174 233 37 Vorstandes
1232 1176 66 35 der
1325 1177 235 35 frankfurter
1588 1177 56 35 Mu-

141 1232 198 34 sikschule
367 1244 86 23 vom
482 1230 61 37 28.
572 1233 153 44 August
754 1233 34 34 d.
816 1233 53 45 J.,
913 1235 37 33 in
991 1234 181 36 welchem
1216 1238 68 33 wir
1322 1238 157 34 ersucht
1505 1237 163 48 werden,

139 1292 61 34 die
235 1291 252 47 Erwiderung
524 1293 73 34 auf
632 1293 43 34 F.
703 1293 38 36 J.
771 1292 191 37 Kunkel's
990 1295 129 34 Kritik
1167 1297 52 43 (in
1247 1297 64 35 Nr.
1345 1297 44 37 17
1418 1298 78 34 und
1529 1298 45 37 18
1604 1299 64 35 der

139 1350 289 36 Süddeutschen
447 1352 129 35 Musik
596 1353 180 47 Zeitung)
806 1354 66 34 der
889 1353 175 46 Prüfung
1092 1366 37 22 u.
1158 1366 29 23 s.
1216 1367 57 32 w.,
1304 1357 58 34 die
1391 1357 64 35 der
1483 1358 189 35 Vorstand

138 1411 39 34 in
201 1410 109 45 jener
337 1411 165 46 Zeitung
525 1412 63 36 Nr.
616 1409 48 38 28
692 1412 78 34 und
800 1412 49 37 29
887 1413 98 35 habe
1025 1414 169 35 drucken
1231 1415 136 43 lassen,
1415 1416 98 35 auch
1541 1418 38 33 in
1609 1418 64 34 der

141 1470 376 36 Niederrheinischen
547 1472 314 46 Musik-Zeitung
889 1473 276 46 mitzutheilen,
1210 1477 153 33 müssen
1392 1477 67 33 wir
1487 1477 184 44 erklären,

142 1529 89 35 dass
259 1532 70 34 wir
355 1531 238 46 dergleichen
615 1533 222 45 Aufsätzen,
869 1533 60 34 die
955 1545 72 23 nur
1053 1533 141 35 locales
1223 1535 77 34 und
1328 1537 259 44 persönliches
1612 1538 40 35 In-

139 1595 144 30 teresse
311 1590 132 45 haben,
467 1592 136 35 keinen
633 1592 110 34 Platz
774 1593 217 34 einräumen
1021 1594 162 34 können.
1215 1595 82 34 Wir
1325 1595 122 35 haben
1477 1607 69 23 aus
1566 1597 80 34 Kun-

139 1649 96 35 kel's
266 1650 129 36 Kritik
423 1663 73 24 nur
523 1651 84 36 das
650 1653 305 46 aufgenommen,
1002 1665 100 35 „was
1130 1655 60 34 für
1216 1654 193 35 Einrich
1422 1660 47 30 tu
1482 1668 21 23 n
1517 1668 24 33 g
1582 1668 90 25 von

138 1708 230 38 Musiksc
384 1712 84 35 hui
480 1724 56 22 en
584 1713 285 47 überhaupt
908 1714 257 35 Interesse
1206 1715 126 35 haben
1595 1717 78 35 und

137 1769 126 37 haben
290 1771 275 36 ausdrücklich
592 1778 147 42 gesagt,
781 1774 59 35 die
880 1774 148 36 scharfe
1069 1776 129 34 Kritik
1240 1775 65 36 der
1331 1776 175 47 Prüfung
1548 1776 125 36 könne

138 1830 152 35 weitere
316 1830 137 37 Kreise
480 1832 108 35 nicht
613 1833 243 36 interessiren
884 1835 82 45 (Nr.
988 1833 62 46 20,
1079 1835 38 35 S.
1142 1832 100 50 158).
1348 1836 80 35 Aus
1458 1836 215 37 demselben

139 1888 155 36 Grunde
319 1889 124 37 haben
472 1892 70 34 wir
567 1892 101 35 auch
696 1894 103 35 einer
837 1905 73 24 uns
947 1895 259 45 zugesandten
1507 1897 71 34 auf
1613 1896 60 37 die

137 1948 253 48 Erwiderung
418 1950 65 36 des
513 1952 233 36 Vorstandes
781 1955 38 33 in
857 1954 65 36 der
950 1954 292 36 Süddeutschen
1270 1954 316 50 Musik-Zeitung
1614 1956 59 36 die

136 2007 219 38 Aufnahme
383 2011 234 47 verweigern
647 2014 168 36 müssen.

217 2069 101 36 Gern
361 2070 84 36 sind
487 2072 70 35 wir
595 2073 179 35 indessen
801 2074 131 44 bereit,
974 2074 325 47 Berichtigungen
1327 2087 74 24 von
1430 2076 221 36 Thatsächli-

138 2129 108 37 chem
274 2141 70 25 aus
374 2130 66 36 der
798 2134 277 47 mitzutheilen,
1105 2137 71 34 wie
1204 2136 151 36 hiermit
1381 2136 211 47 geschieht.

221 2191 170 46 „Folgen
432 2194 68 34 wir
526 2194 66 35 der
618 2194 252 47 Berechnung
897 2195 189 37 KunkeFs
1129 2197 78 35 und
1247 2198 164 35 nehmen
1452 2198 110 37 dabei
1605 2198 66 36 das

136 2253 181 45 günstige
345 2253 244 36 Anwachsen
617 2254 66 36 des
710 2256 128 35 Fonds
865 2256 66 35 der
958 2258 339 46 Mozart-Stiftung
1339 2259 39 34 in
1419 2258 72 36 den
1529 2259 141 35 letzten

136 2311 142 37 Jahren
306 2313 56 34 als
390 2313 220 35 Maassstab
639 2326 60 32 an,
728 2327 41 23 so
793 2316 92 34 wird
906 2328 39 23 es
966 2317 324 35 voraussichtlich
1313 2317 98 36 noch
1440 2318 233 35 mindestens

136 2370 24 40 8
186 2371 59 37 bis
277 2371 46 37 10
351 2372 124 36 Jahre
503 2373 154 45 dauern,
697 2375 119 35 bevor
857 2375 67 35 das
953 2375 338 37 Conservatorium
1332 2378 58 34 ins
1420 2377 127 35 Leben
1576 2380 95 41 tritt,

136 2432 78 35 und
243 2442 42 25 so
313 2432 114 47 lange
456 2433 165 36 braucht
663 2447 134 24 unsere
833 2435 111 37 Stadt
984 2436 98 36 doch
1123 2439 107 35 nicht
1269 2438 96 35 ohne
1407 2438 266 35 Musikschule

136 2502 49 24 zu
214 2493 92 33 sein.

217 2553 106 46 „Wir
351 2553 148 36 werden
529 2555 102 35 einer
659 2555 261 47 Vereinigung
959 2557 69 34 mit
1068 2555 64 37 der
1169 2555 338 49 Mozart-Stiftung
1535 2557 115 35 durch-

136 2624 71 24 aus
235 2614 106 34 nicht
369 2615 204 46 abgeneigt
610 2617 91 43 sein,
750 2629 106 22 wenn
899 2618 54 34 sie
994 2617 81 36 sich
1122 2618 173 34 thunlich
1339 2619 180 43 erweis't;
1566 2630 106 23 wenn

136 2674 118 44 nicht,
284 2686 42 23 so
355 2674 182 36 bestehen
566 2676 60 34 die
655 2676 136 36 beiden
819 2677 215 44 Anstalten,
1077 2689 42 23 so
1146 2678 113 46 lange
1287 2679 53 34 sie
1370 2679 181 35 bestehen
1579 2679 70 35 kön-

134 2745 95 33 nen;
258 2735 78 34 und
365 2737 68 33 wir
463 2738 165 33 wüssten
656 2738 119 42 nicht,
805 2749 156 34 warum,
993 2749 109 23 wenn
1131 2739 80 34 sich
1229 2738 208 36 Frankfurt
1461 2739 94 34 noch
1576 2738 94 35 zehn

134 2795 120 36 Jahre
282 2796 92 46 lang
403 2808 41 24 so
473 2801 248 42 vergrössert,
750 2799 70 33 wie
847 2799 37 33 in
915 2798 71 34 den
1014 2798 142 34 letzten
1183 2798 160 45 Jahren,
1379 2800 107 34 nicht
1512 2798 160 36 alsdann

135 2855 82 36 hier
244 2856 147 35 sowohl
419 2856 71 35 wie
518 2858 39 33 in
587 2857 124 34 Berlin
739 2856 91 36 oder
857 2858 170 36 Dresden
1071 2859 94 34 zwei
1193 2858 131 36 solche
1350 2860 203 34 Anstalten
1583 2859 70 36 soll-

134 2921 64 29 ten
227 2914 180 37 bestehen
435 2916 164 38 können.

217 2976 207 47 „Unserem
452 2978 121 34 Plane
601 2977 132 38 macht
759 2989 79 24 nun
866 2978 157 36 Kunkel
1051 2980 123 35 ferner
1203 2980 70 35 den
1298 2980 188 42 Vorwurf,
1517 2979 87 35 dass
1633 2992 40 23 er

134 3036 107 36 mehr
268 3038 240 47 verspreche,
539 3039 57 34 als
624 3039 176 45 geleistet
829 3039 135 37 werde.
993 3041 123 34 Unser
1138 3040 161 46 jetziger
1327 3039 230 47 gedruckter
1577 3040 95 34 Plan

134 3098 160 44 enthält,
339 3098 67 35 das
435 3100 100 33 sieht
570 3100 110 44 jeder
704 3100 287 46 Unbefangene,
1035 3112 74 23 nur
1150 3101 67 34 das
1247 3100 424 46 Ailernothwendigste.

132 3157 122 36 Einen
296 3159 304 44 ausführlichen,
643 3162 58 32 ins
737 3160 183 35 Einzelne
958 3160 198 47 gehenden
1184 3161 96 34 Plan
1323 3161 147 34 werden
1499 3161 69 33 wir
1597 3165 76 31 erst

134 3218 100 36 dann
263 3218 169 37 drucken
460 3220 140 44 lassen,
642 3232 108 24 wenn
781 3223 66 34 wir
875 3221 98 36 noch
1002 3223 60 33 ein
1091 3233 94 35 paar
1210 3221 120 35 Jahre
1360 3220 220 47 Erfahrung
1608 3233 43 34 ge-

134 3279 176 35 sammelt
337 3280 138 38 haben.

216 3340 93 45 „Ein
337 3342 273 44 gemeinsames
640 3340 224 37 Schullocal
892 3343 61 43 ist,
984 3342 68 35 das
1082 3342 202 36 bestreiten
1309 3343 66 33 wir
1396 3342 137 46 gewiss
1553 3341 117 43 nicht,

134 3400 65 36 der
226 3401 143 35 Würde
396 3402 103 34 eines
529 3402 152 35 solchen
711 3403 177 35 Instituts
917 3415 263 34 angemessen,
1223 3403 76 35 und
1329 3404 68 34 wir
1426 3403 148 35 werden
1604 3415 46 23 un-

132 3472 61 25 ser
207 3460 253 47 Möglichstes
489 3462 104 45 thun,
621 3474 162 23 unseren
812 3464 156 44 eigenen
990 3463 217 35 Wünschen
1236 3462 98 35 nach
1364 3464 122 33 einem
1514 3464 153 34 solchen

133 3531 50 24 zu
218 3524 196 45 genügen;
458 3522 92 36 aber
586 3534 73 24 von
701 3534 41 24 so
781 3534 151 34 grosser
973 3523 243 46 praktischer
1245 3523 254 47 Wichtigkeit
1539 3526 52 33 ist
1632 3535 38 23 es

129 3581 123 36 nicht.

214 3643 169 46 „Unsere
410 3645 210 36 Einnahme
651 3645 150 36 besteht
827 3645 116 43 nicht,
981 3645 71 35 wie
1080 3646 158 35 Kunkel
1265 3647 54 34 sie
1347 3644 215 48 berechnet,
1601 3658 70 24 aus

139 3700 40 39 11
210 3702 83 37 Mal
325 3704 73 37 154
426 3707 81 43 Fl.;
537 3706 97 36 denn
663 3718 113 23 unser
796 3706 95 34 Plan
919 3705 156 47 besagt:
1107 3706 280 36 Einheimische
1409 3708 153 34 können
1588 3708 83 35 sich

130 3774 122 36 gegen
282 3766 58 33 ein
368 3765 177 38 Honorar
574 3779 73 24 von
665 3764 51 40 42
737 3766 60 39 Fl.
824 3778 47 23 an
900 3768 119 34 einem
1048 3768 195 35 einzelnen
1273 3768 124 35 Fache
1426 3768 244 47 betheiligen.

134 3825 77 35 Hat
238 3825 97 35 denn
363 3826 99 36 Herr
490 3828 157 34 Kunkel
675 3828 61 36 bei
765 3828 67 34 der
857 3827 174 47 Prüfung
1059 3839 128 34 genau
1215 3829 142 35 darauf
1381 3829 188 46 geachtet,
1601 3831 69 33 wie

132 3884 131 36 viele
291 3885 163 36 Schüler
494 3888 40 33 in
574 3889 153 34 einem
765 3888 126 35 Fache
932 3888 77 35 und
1040 3890 70 33 wie
1139 3888 98 36 viele
1266 3891 39 34 in
1334 3890 245 35 mehreren
1606 3902 43 35 ge-

132 3946 106 46 prüft
264 3946 186 34 wurden?
495 3947 122 35 Wenn
646 3959 40 23 er
714 3948 81 36 dies
823 3949 156 46 gethan,
1009 3947 100 36 dann
1136 3948 163 37 urtheile
1327 3961 52 33 er,
1409 3949 47 37 ob
1484 3962 87 24 man
1598 3961 72 25 uns

131 4006 60 37 bis
216 4006 96 45 jetzt
341 4006 205 37 zumutben
577 4007 152 44 konnte,
758 4010 60 35 ein
847 4010 120 36 Local
995 4021 47 24 zu
1071 4010 179 37 miethen.

1823 210 122 45 „Dass
1974 210 68 35 wir
2070 210 69 35 den
2176 210 278 39 theoretischen
2483 214 219 39 Unterricht
2740 219 59 35 bei
2828 220 180 37 Schülern
3038 221 77 36 und
3144 223 94 36 Schü-

1745 269 166 34 lerinnen
1940 269 246 35 verschieden
2215 271 225 45 behandeln,
2489 275 126 34 würde
2644 277 60 34 ein
2733 278 313 39 Wohlwollender
3073 294 97 33 ganz
3198 294 42 25 an-

1745 328 83 35 ders
1856 330 232 44 auszulegen
2119 331 142 43 wissen,
2291 332 56 35 als
2375 333 164 37 Kunkel.

1825 390 120 43 „Dass
1973 389 95 33 noch
2100 388 107 35 keine
2236 392 224 36 Creschicbte
2489 393 63 35 der
2581 394 127 35 Musik
2738 397 145 43 gelehrt
2914 402 137 45 wurde,
3093 402 165 45 geschah

1743 450 49 33 im
1821 447 357 35 Einverständnisse
2208 450 66 32 mit
2300 450 68 35 den
2398 452 128 36 Eltern
2557 454 65 34 der
2652 454 250 38 betreffenden
2933 459 165 38 Schüler.
3134 461 107 46 Dieje-

1741 508 123 44 nigen,
1894 506 143 35 welche
2058 508 200 45 Anspruch
2286 509 137 36 darauf
2446 512 135 46 haben,
2611 515 169 35 erhalten
2810 516 70 35 den
2906 518 217 37 Untenicht
3145 523 117 34 noch,*

1741 577 40 23 er
1808 567 67 34 hat
1901 577 73 23 nur
2002 567 235 46 einjährigen
2265 569 155 45 Curaus,
2449 572 74 34 und
2552 573 46 34 da
2621 574 85 45 jene
2727 576 159 34 Schüler
2915 577 63 35 der
3005 580 151 35 Anstalt
3184 581 78 36 drei

1740 626 121 35 Jahre
1891 626 226 45 angehören,
2148 640 41 23 so
2216 630 51 32 ist
2295 631 94 33 noch
2419 632 81 34 Zeit
2528 645 127 34 genug
2684 634 109 36 dazu.
2847 636 92 34 Zum
2970 637 292 49 Ensemblespiel

1743 685 91 35 wird
1864 686 80 34 sich
1982 686 119 35 selten
2143 688 49 33 im
2234 694 124 30 ersten
2385 690 211 45 Halbjahre
2625 694 245 46 Gelegenheit
2912 696 136 36 finden.
3100 698 139 48 Chorge-

1742 757 95 34 sang
1851 748 11 31 ?
1892 772 86 11 ...
2019 748 84 33 Ein
2131 747 201 46 singendes
2361 749 189 36 Mädchen
2578 753 76 34 und
2681 756 59 32 ein
2768 767 92 34 paar
2886 755 160 35 Knaben
3074 757 49 34 im
3149 759 107 35 Alter

1742 805 65 35 der
1835 805 249 36 Mutation??
2114 834 8 8 .
2150 831 9 11 .
2192 834 10 10 .

1823 866 163 44 „„Nicht
2014 866 136 34 einmal
2178 867 59 34 ein
2256 866 285 48 Prüfungsplan
2570 868 86 36 kam
2684 884 58 22 am
2763 871 59 39 28.
2843 874 104 36 März
2972 886 46 24 zu
3038 875 156 36 Gesicht

1747 925 327 47 „Prüfungspläne
2101 939 128 23 waren
2256 929 51 33 im
2336 927 110 37 Saale

2038 1133 180 70 Tages-
2260 1136 99 52 und
2388 1133 578 70 Unterhaltungs-Blatt.

1828 1261 169 35 fioln«
2054 1263 65 35 Se.
2150 1263 237 46 Majestät
2416 1265 83 35 der
2526 1266 158 49 König
2712 1266 122 39 haben
2865 1273 92 33 statt
2986 1272 65 35 des
3079 1284 73 24 von
3180 1274 58 35 Sei-

1743 1322 63 32 ten
1834 1320 64 35 der
1927 1322 109 33 Stadt
2062 1324 257 45 angebotenen
2347 1324 80 36 Bai
2448 1338 97 33 pare
2587 1328 59 34 ein
2673 1327 200 37 Concert
2914 1332 71 34 auf
3010 1331 81 37 dem
3120 1332 116 36 Gürze-

1743 1379 89 35 nich
1860 1381 235 46 gewünscht,
2135 1383 160 35 welches
2325 1397 59 22 am
2413 1386 169 46 Sonntag
2610 1387 69 35 den
2709 1386 58 39 15.
2797 1389 218 47 September
3043 1397 109 29 unter
3179 1392 63 35 Lei-

1742 1443 98 41 tung
1868 1441 63 33 des
1960 1440 121 35 Herrn
2110 1441 303 46 Capellmeisters
2440 1445 162 37 Hiller
2628 1447 77 35 und
2731 1447 248 49 Mitwirkung
3008 1451 255 36 sämmtlicher

1743 1498 165 48 hiesiger
1936 1501 291 35 musicalischen
2255 1504 135 34 Kräfte
2418 1505 99 34 Statt
2544 1506 124 37 finden
2696 1508 105 37 wird.

1821 1602 249 49 CVefeld,
2100 1604 34 36 2.
2167 1606 99 46 Sept.
2297 1607 159 37 Gestern
2485 1611 153 35 wurden
2665 1623 132 24 unsere
2826 1614 399 38 Winter-Abonne-

1743 1670 177 31 ments-
1932 1666 28 34 C
1974 1678 21 23 o
2006 1679 23 22 n
2041 1677 20 24 c
2072 1679 45 22 er
2128 1673 12 27 t
2152 1679 19 24 e
2216 1667 120 36 durch
2377 1670 81 34 eine
2500 1672 85 33 sehr
2613 1672 209 47 gelungene
2849 1675 241 47 Aufführung
3117 1687 73 25 von
3217 1677 40 36 J.

1742 1726 217 46 Haydn's
2355 1734 110 31 unter
2502 1730 66 37 der
2608 1733 195 46 tüchtigen
2831 1734 161 47 Leitung
3020 1736 64 35 des
3111 1736 38 36 k.
3177 1737 57 35 Mu-

1745 1786 275 35 sik-Directors
2047 1787 122 35 Herrn
2197 1788 155 37 Herrn.
2382 1789 156 36 Wolff
2561 1802 69 24 vor
2651 1793 119 34 einem
2792 1793 287 47 ungewöhnlich
3107 1795 138 37 zahlrei-

1744 1846 96 35 chen
1867 1846 295 36 Zuhörerkreise
2190 1848 169 38 eröffnet.
2411 1850 80 35 Das
2521 1850 202 37 Orchester
2762 1852 159 37 bestand
2949 1865 69 24 aus
3048 1854 47 37 50
3123 1855 124 36 lngtru-

1743 1909 257 45 mentalisten,
2028 1911 51 34 im
2109 1910 103 36 Chor
2239 1911 150 36 zählten
2418 1914 68 34 wir
2514 1914 51 34 im
2584 1915 144 45 Sopran
2745 1913 63 47 40,
2836 1916 50 34 im
2914 1916 66 35 Alt
3007 1917 135 45 (durch
3162 1917 77 35 Kna-

1742 1969 252 36 benstimmen
2020 1971 208 45 verstärkt)
2257 1972 189 46 ungefähr
2475 1971 92 37 eben
2596 1985 41 24 so
2663 1974 89 44 viel,
2780 1974 51 35 im
2859 1975 123 36 Tenor
3008 1973 60 47 35,
3096 1978 51 33 im
3174 1978 93 35 Baäs

1742 2028 51 38 40
1823 2029 277 37 Mitwirkende.
2156 2029 71 38 Die
2256 2031 123 36 Chöre
2417 2032 155 36 wurden
2612 2035 69 34 mit
2721 2034 212 36 Sicherheit
2972 2036 76 36 und
3091 2037 177 37 schönem

1743 2089 327 48 Stimmenklange
2096 2091 229 46 ausgeführt
2364 2092 78 35 und
2483 2093 177 35 machten
2689 2094 108 35 einen
2826 2094 208 38 herrlichen
3060 2097 205 39 Eindruck.

1745 2147 73 38 Die
1836 2149 281 36 Solo-Partieen
2136 2162 143 35 sangen
2298 2151 130 37 Frftal.
2456 2154 154 34 Marie
2637 2154 280 46 Büschgens
2947 2166 72 25 von
3046 2157 92 45 hier,
3165 2157 100 38 Herr

1743 2209 111 35 Hill
1882 2221 75 23 von
1986 2210 206 36 Frankfurt
2220 2223 59 23 am
2308 2213 105 34 Main
2436 2213 125 46 (Bass)
2591 2214 76 34 und
2695 2215 61 34 ein
2782 2214 162 47 hiesiger
2962 2217 185 35 Dilettant
3174 2218 65 45 (Te-

1743 2268 93 49 nor).
1863 2270 129 37 Fräul.
2010 2272 222 47 Büschgens
2262 2274 66 34 hat
2343 2273 234 35 bedeutende
2599 2274 163 36 Schritte
2790 2287 66 23 zur
2883 2275 258 37 künstlerisch
3167 2279 77 35 voll-

1744 2329 223 36 kommenen
1997 2331 244 46 Ausbildung
2268 2332 101 35 ihrer
2396 2333 168 35 schönen
2592 2333 155 36 Stimme
2787 2335 78 35 und
2892 2335 100 37 ihres
3022 2336 218 48 Gesang-Ta-

1744 2388 120 36 lentes
1892 2390 187 46 gemacht.
2128 2392 123 34 Herrn
2280 2391 113 36 Hilles
2420 2392 232 47 Leistungen
2695 2394 83 35 sind
2817 2394 227 38 rühmlichst
3079 2397 183 45 bekannt;

1745 2462 38 23 er
1811 2451 134 45 gehört
1967 2453 97 44 jetzt
2092 2463 48 23 zu
2169 2451 70 35 den
2267 2451 131 37 besten
2426 2453 374 47 Oratoriensängern.
2854 2456 72 34 Mit
2961 2456 210 38 dankbarer
3197 2459 46 37 Be-

1743 2511 216 46 friedigung
1986 2511 129 37 wurde
2145 2512 59 35 die
2233 2513 85 35 sehr
2344 2514 278 46 ansprechende
2637 2514 251 48 Ausführung
2916 2516 65 36 der
2995 2518 267 37 Tenor-Partie

1745 2573 301 44 aufgenommen.

1820 2672 211 38 Mainz«
2070 2675 71 35 Die
2169 2675 228 36 Liedertafel
2426 2678 267 36 veranstaltete
2721 2691 60 24 am
2810 2679 60 40 18.
2897 2682 153 46 August
3074 2685 61 34 ein
3162 2685 74 37 Mor-

1743 2734 264 46 gen-Concert,
2047 2736 38 33 in
2115 2735 181 35 welchem
2324 2736 100 35 Herr
2451 2737 129 36 Rühl
2617 2750 85 24 zum
2730 2744 124 32 ersten
2881 2742 101 36 Male
3008 2743 55 35 als
3092 2745 172 47 Dirigent

1743 2796 196 35 derselben
1967 2797 157 35 auftrat.
2166 2797 60 33 Da
2253 2797 68 35 wir
2350 2808 69 24 zur
2446 2798 244 36 Sommerzeit
2719 2799 127 38 dahier
2873 2802 86 35 kein
2989 2804 274 48 vollständiges

1744 2856 201 35 Orchester
1973 2869 67 24 zur
2067 2858 222 45 Verfügnng
2318 2857 132 45 haben,
2480 2870 42 24 so
2551 2860 153 36 wurden
2731 2873 71 24 nur
2829 2862 162 36 kleinere
3020 2863 223 49 Compositio-

1743 2931 71 22 nen
1842 2920 68 33 mit
1937 2918 374 48 Ciavierbegleitung
2340 2921 235 47 vorgeführt,
2619 2923 59 34 bei
2718 2923 116 35 denen
2869 2924 136 45 jedoch
3039 2926 98 36 Herr
3164 2927 100 36 Rühl

1744 2980 80 34 sein
1853 2980 254 35 bedeutendes
2137 2981 382 42 Directions-Talent,
2562 2983 143 34 sowohl
2733 2995 78 23 was
2839 2984 68 35 das
2935 2985 245 37 Einstudiren
3209 2989 55 34 als

1745 3039 59 35 die
1831 3041 264 45 Executirung
2122 3041 154 42 betrifft,
2305 3041 106 35 recht
2437 3042 186 45 glänzend
2651 3043 202 45 bewährte,
2883 3045 126 35 indem
3028 3047 239 36 sämmtliche

1745 3100 377 47 Gesangs-Vorträge
2162 3102 38 33 in
2241 3102 179 45 richtiger
2447 3103 237 46 Auffassung
2726 3104 77 34 und
2843 3106 76 34 fein
2947 3109 230 43 nuancirter,
3206 3121 42 34 ge-

1744 3161 305 35 schmackvoller
2075 3161 254 47 Ausführung
2366 3162 123 35 nichts
2532 3175 47 22 zu
2620 3164 205 35 wünschen
2855 3166 109 45 übrig
2992 3167 152 36 Hessen.
3197 3169 70 35 Die

1745 3220 271 36 bedeutendste
2044 3222 179 35 Nummer
2251 3222 64 35 des
2343 3223 241 46 Programms
2615 3237 76 23 war
3029 3228 150 46 Hymne
3208 3230 59 35 für

1748 3284 81 32 eine
1860 3282 294 46 Sopranstimme
2183 3284 68 33 mit
2280 3283 100 36 Chor
2409 3284 77 35 und
2516 3284 354 49 Orgelbegleitung,
2917 3300 48 23 an
3007 3288 141 37 welche
3187 3290 79 34 sich

1745 3341 266 36 anschlössen:
2060 3342 119 35 Gebet
2206 3355 72 23 von
2307 3344 37 33 J.
2374 3344 44 35 N.
2448 3344 191 45 Schelble,
2690 3344 117 37 Salve
2834 3346 151 48 Regina
3023 3360 71 24 von
3124 3349 120 48 Haupt-

1745 3414 123 31 mann,
1896 3402 238 35 Wanderer's
2163 3403 201 35 Nachtlicd
2394 3415 71 24 von
2495 3405 198 46 Schnyder
2720 3418 74 23 von
2825 3407 219 36 Wartensee
3070 3408 75 35 und
3173 3410 92 34 zwei

1745 3462 196 42 Quartette
1970 3474 76 24 von
2075 3462 104 36 Niels
2199 3463 117 44 Gade,
2346 3465 214 34 sämmtlich
2592 3466 60 35 für
2679 3468 231 44 gemischten
2940 3467 109 37 Chor.
3077 3468 77 35 Das
3177 3469 86 35 Solo

1743 3523 37 33 in
1825 3522 66 34 der
1930 3521 399 37 Mendelssohn'schen
2375 3524 152 46 Hymne
2570 3537 95 34 sang
2691 3526 179 35 Fräulein
2898 3528 42 35 A.
2981 3528 279 43 Litschner,

1743 3582 144 36 welche
1915 3582 215 35 ausserdem
2164 3584 97 33 noch
2291 3585 82 33 eine
2403 3586 90 33 Arie
2522 3597 70 23 aus
2622 3586 71 36 den
2721 3587 221 35 Puritanern
2970 3587 78 35 und
3076 3588 167 36 Variatio-

1742 3653 71 25 nen
1841 3642 92 34 über
1962 3642 68 36 deu
2391 3643 196 36 Carneval
2830 3642 47 37 de
3003 3643 52 37 Ve
2533 3651 158 43 vortrug
2731 3647 75 34 und
2848 3647 69 34 den
2943 3647 82 34 Ruf
3047 3650 103 34 einer
3177 3662 66 23 aus-

1742 3704 265 47 gezeichneten
2036 3704 383 48 Coloratursängerin
2449 3707 270 47 rechtfertigte.
2756 3707 97 35 Herr
2879 3707 218 47 Leopold
3126 3708 112 37 Bras-

1744 3766 69 34 sin
1837 3765 193 45 (jüngerer
2057 3765 147 36 Bruder
2232 3766 66 35 des
2328 3768 226 35 rühmlichst
2582 3769 212 34 bekannten
2817 3768 203 45 Pianisten,
3048 3773 89 44 trug
3159 3772 86 34 Beet-

1742 3825 154 37 hoven's
1926 3825 301 37 i'-moZZ-Sonate
2269 3828 79 35 und
2393 3829 122 45 einige
2542 3828 250 36 Salonstücke
2835 3831 150 45 eigener
3011 3829 258 48 Composition

1743 3899 78 24 vor.
1856 3887 80 34 Wir
1962 3886 146 36 lernten
2138 3888 38 35 in
2206 3888 123 36 Herrn
2352 3890 155 34 Brassin
2535 3891 104 33 einen
2669 3890 257 45 talentvollen,
2957 3892 69 33 mit
3056 3892 119 35 einem
3202 3892 43 36 ho-

1741 3949 72 35 hen
1844 3947 125 35 Grade
1998 3959 74 25 von
2101 3949 239 36 technischer
2356 3951 210 45 Fertigkeit
2592 3949 184 47 begabten
2799 3951 147 45 jungen
2968 3951 183 36 Künstler
3178 3952 67 35 ken-

1741 4021 82 31 nen,
1853 4008 64 36 der
1944 4008 105 37 nicht
2077 4021 72 24 nur
2178 4010 59 35 die
2267 4012 34 33 in
2326 4010 107 46 jeder
2461 4010 215 47 Beziehung
2704 4010 222 47 schwierige
2957 4012 136 34 Sonate
3112 4012 157 36 Beetho-
