3510 4356
411 131 1407 203 Mefrheinisrhe
1965 141 1133 270 Musik-Zeitung

1038 433 117 115 fiir
1234 431 553 119 Himstfraniiie
1843 436 145 117 traft
2041 439 389 121 Bimstk

219 663 386 73 Herausgegeben
652 689 86 33 von
792 672 235 48 Professor
1079 666 68 57 L.
1193 666 262 79 Bischoff.
1650 677 172 66 Verlag
1876 679 81 48 der
2007 675 84 54 M.
2138 675 599 85 DuMont-Schauberg
2756 685 136 51 sehen
2932 687 369 69 Buchhandlung.

286 816 81 53 Nr.
409 817 81 53 36.

1418 811 174 78 KÖLN,
1634 825 42 53 7.
1717 826 289 70 September
2048 827 128 55 1861.

2845 839 75 53 IX.
2962 840 271 72 Jahrgang.

585 993 164 34 Richard
779 994 178 44 Wagner.
987 996 80 34 Von
1098 997 40 34 F.
1168 993 153 41 Müller.
1354 1018 44 5 —
1428 1000 70 34 Die
1528 1001 565 49 Tonkünstler-Versammlung
2123 1007 35 34 in
2188 1007 164 35 Weimar
2379 1008 75 34 und
2484 1009 58 34 die
2572 1011 191 34 Deutsche
2791 1014 304 49 Musik-Zeitung
3125 1020 34 33 in
3191 1020 117 35 Wien.

209 1072 45 5 —
286 1054 186 43 Tages-
503 1053 94 33 und
628 1053 155 33 Unter
796 1053 19 32 h
832 1055 71 31 alt
913 1056 263 44 ungsblatt
1204 1057 129 45 (Köln,
1362 1058 161 35 Concert
1551 1060 69 34 auf
1644 1060 80 33 dem
1756 1060 209 37 Gürzenich
1996 1077 47 22 zu
2074 1066 120 34 Ehren
2223 1067 105 35 Ihrer
2356 1069 225 44 Majestäten
2610 1070 64 34 des
2704 1072 144 45 Königs
2876 1076 75 33 und
2980 1077 63 35 der
3070 1077 166 47 Königin
3264 1098 44 6 —

210 1111 167 45 Crefeld,
409 1112 29 33 I.
473 1110 632 40 Winter-Abonnements-Concert
1134 1135 46 5 —
1210 1117 138 43 Mainz,
1379 1117 161 36 Concert
1569 1138 46 5 —
1644 1119 178 47 Ostende,
1853 1122 269 37 Fest-Concert
2151 1146 41 4 —
2225 1126 267 46 Kopenhagen,
2521 1129 42 35 F.
2591 1129 38 35 J.
2660 1129 133 37 Gläser
2820 1133 52 39 +).

309 995 218 27 Inhalt.

472 1417 217 55 Richard
731 1419 224 72 Wagner.
1039 1423 99 53 Von
1179 1423 49 53 F.
1270 1423 191 56 Müller.

322 1554 136 47 Diese
489 1555 214 65 Schrift*)
736 1557 108 47 wird
879 1558 118 48 wohl
1034 1559 83 47 auf
1148 1559 72 47 die
1259 1561 185 47 meisten
1476 1562 140 47 Leser
1645 1562 83 48 den

203 1628 233 49 Eindruck
469 1632 120 47 eines
620 1634 436 48 Partei-Manifestes
1088 1637 205 47 machen.
1338 1639 60 44 Es
1435 1639 54 45 ist
1518 1639 69 47 ihr
1618 1640 84 46 Ver-

205 1707 162 54 dienst,
410 1708 70 47 die
510 1710 198 63 Fragen,
754 1712 149 63 Sagen
942 1712 89 47 und
1063 1713 279 63 Meinungen
1373 1714 80 47 der
1485 1716 244 62 Wagner'-

204 1783 135 47 schen
374 1786 146 46 Partei
551 1788 81 46 auf
669 1787 129 47 einen
833 1789 131 47 Fleck
1002 1806 52 29 zu
1090 1790 317 54 versammeln,
1450 1791 121 48 nicht
1613 1794 117 47 ohne

203 1860 142 56 Witz,
369 1862 123 47 Geist
516 1862 89 47 und
630 1865 136 52 Zorn,
793 1865 84 45 wie
896 1865 90 47 sich
1013 1865 199 64 gebührt
1236 1866 69 47 bei
1328 1867 198 49 solchem
1550 1870 180 54 Streite,

204 1935 80 48 der
314 1936 136 48 heute
479 1937 153 57 droht,
670 1940 70 45 ein
778 1941 337 61 europäischer.,
1157 1942 42 47 d.
1231 1942 41 47 h.
1302 1943 402 51 deutsch-französi-

569 2004 9 9 \

202 2013 131 46 scher
361 2031 52 28 zu
445 2015 203 55 werden,
693 2016 55 47 da
779 2032 46 31 es
853 2017 91 47 sich
978 2018 184 49 handelt
1204 2036 74 32 um
1316 2020 70 48 die
1416 2021 314 66 Rhcingränze

201 2105 84 30 von
317 2091 53 47 I{.
404 2091 247 63 Wagners
685 2092 165 48 Ruhm.
972 2096 251 47 Weimar
1263 2097 52 47 ist
1352 2098 82 47 seit
1470 2106 118 41 etwa
1617 2100 109 47 zehn

197 2166 174 48 Jahren
404 2166 80 48 der
508 2168 155 47 Heerd
694 2168 80 49 der
804 2171 322 48 neuzeitlichen
1152 2173 267 65 Bewegung
1448 2175 57 48 im
1537 2176 189 48 Bereich

200 2242 81 47 der
310 2243 198 48 schönen
535 2247 147 46 Kunst
712 2247 265 62 geworden,
1008 2250 212 47 zunächst
1251 2251 165 47 freilich
1449 2252 80 46 der
1557 2253 42 46 in
1634 2255 61 47 Ho-

204 2319 91 47 heit
338 2321 89 45 und
473 2321 287 64 Niedrigkeit
807 2323 423 66 weltbewegenden
1277 2328 145 47 Kunst
1463 2328 80 47 der
1587 2330 143 48 Töne.

201 2398 133 46 Denn
378 2397 104 48 dort
524 2398 76 48 hat
642 2399 90 47 sich
776 2401 83 47 seit
900 2402 81 47 der
1021 2402 362 67 Verbrüderung
1425 2404 78 49 des
1542 2407 187 64 Ungarn

201 2473 152 48 Liszt
395 2473 103 65 (den
545 2492 136 32 unser
732 2474 231 52 Verfasser
999 2496 123 32 zwar
1164 2481 129 48 einen
1339 2482 103 48 echt
1482 2482 247 49 deutschen

202 2551 217 48 Künstler
442 2552 155 63 nennt)
628 2553 79 47 mit
737 2553 102 48 dem
864 2556 253 48 weltlichen
1145 2558 354 48 Fürstenthume
1528 2559 81 49 auf
1626 2561 102 48 dem

201 2629 267 47 classischen
498 2631 158 47 Boden
685 2629 81 50 der
802 2632 310 49 literarischen
1142 2636 252 48 Blüthezeit
1434 2637 99 48 eine
1560 2638 144 64 gleich-

200 2721 95 31 sam
327 2705 368 51 aristokratische
724 2709 270 49 Herrschaft
1027 2711 78 48 des
1146 2712 246 49 modernen
1424 2713 305 51 Geschmacks

201 2782 271 63 festgesetzt,
501 2783 72 48 die
604 2784 78 48 mit
712 2784 275 50 kirchlichen
1019 2787 89 48 und
1141 2788 263 64 politischen
1437 2791 291 63 Agitationen

201 2859 135 48 Hand
369 2860 40 47 in
437 2862 134 47 Hand
596 2863 330 65 verschlungen
958 2864 123 65 geht.
1112 2865 136 49 Oben
1279 2867 92 48 und
1402 2876 136 40 unten
1571 2868 131 50 beför-

199 2934 100 50 dert
322 2937 90 47 und
437 2938 183 65 gehegt,
649 2939 226 48 erscheint
903 2940 71 47 ihr
996 2942 141 47 Reich
1162 2942 103 49 dort
1289 2943 166 48 bereits
1485 2944 219 50 unbestrit-

199 3022 73 38 ten
304 3012 46 66 [o
383 3014 161 65 nein!],
587 3015 219 49 während
849 3034 45 31 es
924 3018 43 47 in
997 3018 228 66 Leipzig
1268 3020 117 49 denn
1423 3020 114 50 doch
1579 3023 147 48 neben

199 3092 177 47 Franz
409 3093 245 48 Brendel
699 3095 114 47 noch
845 3094 169 50 andere
1044 3097 144 48 Leute
1218 3098 112 63 gibt,
1369 3098 72 49 die
1470 3099 101 48 dem
1603 3102 93 47 Neu-

196 3168 234 48 zeitlichen
455 3169 79 48 das
562 3170 275 66 Widerspiel
864 3172 151 49 halten
1041 3174 88 47 und
1155 3174 134 57 nicht,
1317 3174 118 50 bloss
1465 3194 75 31 um
1565 3178 160 47 Bach'-

195 3244 105 49 sche
324 3245 112 48 oder
460 3246 446 51 Mendelssohn'sche
929 3249 315 55 Traditionen,
1267 3252 194 49 sondern
1489 3271 73 30 um
1589 3254 109 48 wirk-

196 3321 137 50 liches
351 3324 385 48 Geist-Erlebniss
761 3325 260 66 kämpfend,
1047 3328 108 48 feste
1175 3330 254 47 Positionen
1453 3330 275 66 behaupten.

314 3400 86 47 Die
435 3401 92 47 Wa
533 3401 236 65 gner'sche
800 3404 149 47 Partei
995 3404 113 48 aber
1146 3405 231 50 bekundet
1413 3408 127 48 ihren
1573 3409 156 56 Beruf,

196 3475 77 50 des
303 3478 312 64 unbedingten
646 3481 322 49 Fortschrittes
997 3500 52 30 zu
1082 3483 197 64 pflegen,
1324 3484 142 49 durch
1499 3485 71 48 die
1599 3487 97 48 Rüh-

195 3554 181 63 rigkeit,
431 3556 171 47 welche
644 3556 85 49 den
775 3559 268 63 Agitatoren
1088 3561 110 46 aller
1240 3561 152 49 Zeiten
1439 3564 178 63 gemein
1662 3564 66 48 ist.

195 3630 151 50 Schon
370 3635 83 46 seit
474 3634 81 48 der
580 3635 172 48 Römer
775 3636 155 47 Zeiten
957 3636 125 49 ward
1108 3636 81 50 der
1218 3641 334 47 conservativen
1578 3641 148 49 Partei

192 3710 335 62 vorgeworfen,
571 3711 102 49 dass
715 3713 63 47 sie
821 3713 178 48 solcher
1029 3715 277 65 Rührigkeit
1345 3716 146 49 nichts
1521 3718 208 48 Gleiches

195 3791 363 59 entgegensetze,
597 3789 60 48 sei
690 3805 46 32 es
767 3807 82 31 aus
879 3790 216 65 Trägheit
1124 3793 42 47 in
1198 3793 81 48 der
1310 3794 269 49 Gewissheit
1608 3796 122 47 ihrer

252 3918 40 48 *)
321 3921 220 36 Eichard
573 3924 213 46 Wagner
824 3926 95 36 und
948 3927 89 36 das
1066 3928 383 37 Musik-Drama.
1490 3931 89 35 Ein
1608 3930 87 36 Cha-

318 3982 293 38 rakterbild.
642 3985 83 35 Von
754 3986 153 36 Franz
938 3988 193 35 Müller.
1159 3989 169 46 Leipzig,
1351 3990 140 48 Verlag
1512 4003 73 24 von
1608 3992 117 36 Hein*

322 4042 80 36 rieh
432 4042 178 38 Matthes.
644 4043 112 40 1861.
788 4047 53 38 VI
871 4048 76 35 und
977 4047 76 38 202
1077 4048 37 37 S.
1143 4049 37 34 in
1209 4048 136 38 Octav.

1804 1338 460 62 Errungenschaften,
2293 1340 109 48 oder
2424 1358 81 32 aus
2528 1343 379 67 Ueberzeugung,
2938 1345 100 50 dass
3065 1347 70 50 die
3158 1350 126 49 Schei-

1803 1414 124 63 dung
1956 1414 78 48 des
2055 1416 184 47 Streites
2265 1418 118 47 nicht
2411 1419 77 47 der
2514 1421 147 47 Partei
2689 1423 174 57 zufalle,
2892 1425 194 49 sondern
3117 1428 80 47 der
3226 1428 54 48 ob-

1801 1490 254 48 waltenden
2081 1493 169 53 Macht,
2279 1493 70 48 die
2379 1495 84 47 alle
2488 1498 204 48 Parteien
2714 1501 215 47 verzehrt.
2961 1501 143 50 Dabei
3135 1504 171 48 freilich

1801 1566 179 47 verliert
2021 1568 71 47 die
2134 1568 263 49 erhaltende
2441 1571 145 47 Partei
2629 1575 190 47 manche
2855 1578 218 48 Position:
3116 1579 68 48 die
3212 1582 98 46 Zeit

1804 1642 147 49 bricht
1973 1645 190 48 manche
2189 1646 139 63 Burg,
2358 1646 71 47 die
2460 1649 75 46 für
2563 1650 353 65 unbezwinglich
2947 1655 108 62 galt,
3084 1673 129 30 wenn
3238 1658 71 48 die

1803 1721 148 46 Hüter
1977 1721 213 48 schlafen.
2276 1722 116 49 Was
2418 1724 227 48 wahrhaft
2672 1725 299 51 lebenswerth
3003 1730 68 55 ist,
3108 1731 173 65 behaup-

1800 1804 62 40 tet
1890 1797 111 56 sich,
2030 1799 90 47 und
2153 1815 93 32 was
2274 1800 228 49 wahrhaft
2530 1819 104 39 neu,
2678 1802 146 49 blicht
2858 1804 140 49 durch
3029 1806 85 49 den
3145 1810 172 64 Kampf

1799 1874 91 47 sich
1912 1875 141 47 Bahn.
2086 1875 324 48 Lebenswerth
2434 1877 110 47 aber
2565 1879 68 56 ist,
2659 1895 92 32 was
2772 1880 85 47 den
2876 1881 162 48 Gehalt
3059 1882 80 49 der
3160 1885 123 64 Ewig-

1801 1950 90 47 keit
1921 1951 40 47 in
1992 1951 89 47 sich
2114 1956 134 60 trägt,
2275 1952 161 49 darum
2467 1954 115 49 eben
2609 1956 367 65 Vergangenheit
3004 1959 89 48 und
3116 1961 198 48 Zukunft

1800 2027 262 66 verknüpft;
2104 2030 99 47 eine
2244 2030 244 51 innerliche
2521 2032 318 66 Versöhnung,
2885 2036 168 48 welche
3081 2037 120 49 nicht
3230 2040 77 47 mit

1797 2105 200 47 Phrasen
2027 2121 30 31 a
2074 2103 158 68 priori
2267 2107 184 47 zurecht
2478 2125 52 31 zu
2562 2109 188 48 machen
2793 2111 67 53 ist,
2901 2111 193 50 sondern
3126 2123 89 39 erst
3243 2116 63 46 als

1796 2181 248 62 Ergebniss
2064 2182 80 47 der
2168 2183 267 47 Geschichte
2458 2185 272 48 hervortritt.
2761 2187 116 49 Wer
2906 2205 90 29 nun
3027 2190 173 47 solches
3222 2192 56 46 Er-

1797 2257 196 64 gebniss,
2029 2260 83 45 wie
2144 2261 52 46 B.
2228 2260 211 63 Wagner
2479 2261 89 47 und
2605 2262 121 47 seine
2755 2263 318 49 Secundanlen
3103 2266 208 57 Brendel,

1799 2335 180 57 Müller,
2022 2336 177 56 Bülow,
2242 2336 121 54 Baff,
2406 2337 132 55 Liszt,
2580 2338 247 58 Bronsard,
2868 2340 216 58 Ambros,
3118 2344 189 57 Köhler,

1799 2410 254 49 Laurencin
2082 2429 41 30 u.
2147 2429 33 31 s.
2205 2429 74 40 w.,
2308 2430 183 47 vorweg
2514 2415 193 48 nehmen
2731 2416 105 57 will,
2866 2417 229 48 entweder
3118 2420 168 64 prophe-

1797 2487 159 66 tisch*)
1988 2487 81 50 der
2095 2490 200 48 Zukunft
2323 2490 97 48 ihre
2451 2491 125 47 Bahn
2614 2492 241 48 zeichnend
2900 2493 110 49 oder
3047 2496 42 47 in
3137 2496 154 48 histori-

1795 2564 154 49 schem
1980 2566 251 48 Bückblick
2272 2566 92 48 sich
2407 2566 76 49 des
2519 2568 250 49 Schicksals
2810 2570 269 49 verkannter
3108 2572 198 50 Grössen

1796 2642 281 63 getröstend,
2120 2643 137 48 deren
2298 2643 165 48 heisses
2492 2646 178 63 Bingen
2700 2646 115 48 nach
2845 2647 311 50 leuchtendem
3186 2651 121 47 Ziele

1796 2718 114 48 doch
1941 2719 175 49 endlich
2143 2721 155 47 Krone
2327 2721 90 47 und
2441 2722 130 47 Lohn
2603 2730 235 57 getragen,
2868 2723 79 48 der
2970 2725 104 48 sehe
3099 2727 117 47 wohl
3239 2745 68 38 zu,

1796 2796 59 48 ob
1885 2797 93 47 ihm
2002 2797 80 48 der
2106 2798 126 47 Geist
2260 2798 287 48 wahrhaft
2576 2798 206 66 bezeugt,
2812 2817 90 32 was
2926 2817 47 32 er
2996 2811 206 57 aussagt;
3230 2803 81 50 das

1796 2872 343 66 selbstständige
2170 2874 232 49 Gewissen
2441 2874 129 50 redet
2608 2892 71 32 am
2723 2877 156 48 letzten
2909 2878 129 48 Ende
3067 2878 115 50 doch
3212 2897 98 32 ver-

1860 3026 38 49 *)
1928 3029 50 34 Es
2003 3029 111 33 ziemt
2142 3026 98 45 sich,
2282 3026 58 35 die
2382 3026 144 36 falsche
2555 3026 199 48 Prophetie
2783 3040 47 23 zu
2858 3030 176 45 geissein,
3081 3031 58 36 die
3168 3034 79 35 sich
3274 3036 39 35 in

1925 3088 174 44 witzigen
2129 3086 211 35 Parallelen
2369 3087 140 46 ergeht,
2549 3099 63 22 um
2642 3089 246 44 vergnüglich
2919 3102 47 22 zu
2995 3091 217 37 schwätzen
3239 3106 74 24 von

1921 3147 235 35 verkannten
2185 3147 163 34 Genieen
2375 3146 78 34 und
2481 3146 271 47 gekreuzigten
2781 3148 212 47 Märtyrern
3097 3152 100 37 ihrer
3223 3154 68 35 Par-

1923 3208 68 34 tei!
2039 3207 89 36 Non
2147 3217 131 34 poena
2305 3205 66 36 sed
2399 3218 119 23 causa
2536 3207 105 45 facit
2667 3213 219 40 martyrem.
2944 3210 47 35 So
3020 3223 68 33 gar
3116 3212 101 36 dicht
3247 3226 43 34 ge-

1923 3270 94 43 säet,
2048 3268 68 32 wie
2145 3265 64 35 der
2229 3265 256 35 weimar'sche
2505 3266 244 45 Jockeyclub
2770 3267 225 46 phantasirt,
3024 3271 82 35 sind
3134 3272 57 35 die
3217 3285 71 24 mar-

1924 3326 195 46 tyrischen
2147 3325 258 46 Kreuzträger
2434 3325 94 35 doch
2560 3325 127 44 nicht;
2730 3326 99 35 auch
2869 3328 192 45 begannen
3090 3331 56 35 die
3173 3333 120 34 wirkli-

1926 3387 93 34 chen
2048 3386 189 45 Märtyrer
2264 3386 80 34 ihre
2367 3385 109 35 Bahn
2503 3387 209 45 insgemein
2741 3387 105 35 nicht
2871 3391 68 33 mit
2959 3390 247 46 Weltgenuss,
3228 3405 63 23 son-

1924 3447 87 35 dern
2040 3447 67 33 mit
2132 3446 239 45 Entsagung,
2408 3448 163 32 trotzten
2600 3446 83 34 dem
2712 3447 131 45 Pöbel,
2871 3451 90 31 statt
2987 3449 75 34 ihm
3089 3462 46 22 zu
3163 3450 148 49 dienen,

1923 3507 208 35 trachteten
2161 3506 89 34 eher
2276 3506 98 34 nach
2405 3506 64 34 der
2493 3506 266 36 himmlischen
2779 3507 56 34 als
2854 3508 95 34 nach
2970 3507 63 36 der
3053 3509 257 50 Welt-Krone,

1923 3567 164 36 brachen
2116 3565 108 35 Bahn
2266 3566 68 33 mit
2370 3565 172 46 tbätigen
2584 3567 113 34 Ideen
2733 3567 77 34 und
2836 3567 143 34 idealen
3007 3568 157 46 Thaten,
3205 3572 108 36 nicht

1922 3627 67 34 mit
2030 3622 409 49 Zeitungs-Spectakel
2478 3624 79 37 und
2598 3626 193 45 Epistolae
2827 3626 51 35 ad
2895 3627 233 46 familiäres.
3236 3633 79 35 Der

1923 3688 120 33 seiner
2071 3686 82 34 Zeit
2196 3685 197 36 berühmte
2432 3685 279 47 Bahnbrecher,
2755 3686 213 35 Umwälzer
3001 3688 77 34 und
3106 3689 209 38 Verächter

1923 3746 64 35 des
2017 3746 237 35 Alterthums
2283 3746 292 36 Mattheson
2617 3757 76 24 war
2728 3746 59 35 bei
2817 3745 198 37 Lebzeiten
3045 3749 98 35 fast
3172 3751 141 47 Sieger,

1923 3806 149 36 obwohl
2114 3806 108 34 nicht
2262 3805 279 45 unbestritten;
2580 3805 92 35 nach
2712 3807 136 33 seinem
2878 3806 103 35 Tode
3010 3807 89 37 kam
3128 3810 59 35 die
3220 3814 72 33 „Zu-

2091 3866 75 35 und
2195 3866 158 35 brachte
2381 3866 105 35 nicht
2513 3866 227 43 Mattheson,
2787 3866 160 36 sondern
2988 3868 60 36 die
3076 3871 239 37 verachteten

1923 3928 111 34 Alten
2064 3937 48 23 zu
2142 3926 138 35 Ehren.
2333 3926 213 35 Mattheson
2576 3926 100 35 ward
2707 3938 210 33 vergessen,
2947 3939 41 24 so
3017 3930 98 44 sehr,
3144 3931 85 36 dass
3259 3946 38 23 so-

1924 3999 69 36 gar
2034 3985 60 35 die
2136 3986 194 46 gelehrten
2370 3986 271 35 Alexandriner
2675 3986 37 33 in
2744 3986 165 36 Weimar
2951 3989 123 37 seines
3101 3991 214 37 Schicksals

1924 4048 105 36 nicht
2057 4046 210 48 gedenken,
2298 4059 63 23 um
2389 4047 80 35 sich
2499 4046 116 36 daran
2644 4057 47 24 zu
2718 4048 181 46 spiegeln.

2938 4104 70 51 36
