2395 4114
543 417 80 43 DE
659 418 78 43 LA
768 418 473 51 GYMNASTIQUE
1276 420 427 45 PULMONAIRE

1922 428 80 57 167

287 588 21 23 «
332 571 68 41 En
422 569 230 40 résumant
672 581 68 27 ces
764 567 221 52 tableaux,
1009 581 57 26 on
1091 576 155 33 trouve
1266 581 87 41 que
1371 567 40 41 la
1431 570 257 54 proportion
1711 585 216 41 moyenne
1949 574 52 41 de

231 650 40 41 la
293 643 191 59 phthisie
510 656 74 28 sur
607 643 40 41 la
669 641 238 55 généralité
929 642 73 40 des
1037 640 122 42 décès
1190 651 64 31 est
1280 642 51 41 de
1369 656 83 41 114
1472 656 112 42 pour
1612 658 147 40 1,000.
1796 646 117 41 Pour
1941 648 61 41 les

229 717 260 63 professions
511 717 79 55 qui
625 715 272 42 demandent
934 729 59 26 un
1025 715 191 41 exercice
1252 724 202 34 constant
1487 716 74 41 des
1597 731 183 42 organes
1812 733 183 40 vocaux,

231 797 80 42 elle
346 795 110 40 n'est
478 791 98 56 plus
597 804 87 42 que
715 791 51 40 de
869 802 114 44 pour
1012 803 130 41 1,000
1161 798 85 46 ;et
1278 804 152 27 encore
1452 790 149 41 faut-il
1625 804 251 42 remarquer
1900 807 101 41 que,

230 872 107 42 dans
364 869 62 40 les
457 866 211 42 éléments
699 865 79 55 qui
805 866 272 40 constituent
1108 874 109 34 cette
1246 878 219 42 moyenne
1492 865 51 41 de
1579 867 72 54 75,
1675 866 61 41 les
1769 867 235 41 musiciens

231 960 53 28 ne
304 941 293 44 donneraient
616 954 87 41 que
732 955 12 26 1
774 940 122 41 décès
918 954 79 41 par
1019 939 192 55 phthisie
1239 954 75 28 sur
1337 954 71 42 27.
1430 957 18 21 »

287 1020 180 53 D'après
490 1016 63 41 M.
587 1014 242 53 Lombard,
859 1028 58 28 on
948 1025 106 45 peut
1087 1015 112 41 donc
1232 1015 206 43 conclure
1463 1015 325 54 négativement
1816 1024 139 47 quant
1980 1020 23 37 à

228 1094 248 44 l'influence
494 1091 215 56 supposée
730 1090 277 55 pernicieuse
1030 1088 59 43 du
1110 1091 72 54 jeu
1207 1091 73 40 des
1305 1089 292 43 instruments
1620 1094 22 38 à
1665 1098 116 34 vent.

285 1169 67 42 M.
377 1167 141 42 Louis
524 1199 8 17 ,
558 1174 100 33 tout
682 1179 53 27 en
757 1164 332 42 reconnaissant
1112 1164 39 43 le
1187 1166 154 41 mérite
1368 1165 72 41 des
1463 1165 115 41 deux
1600 1173 180 34 auteurs
1802 1165 77 56 qui
1912 1167 71 54 pré-

230 1244 168 51 cèdent,
422 1241 112 42 croit
554 1241 153 41 devoir
729 1240 264 42 restreindre
1014 1241 39 40 la
1077 1242 143 56 portée
1241 1241 52 40 de
1312 1240 118 41 leurs
1453 1240 278 41 conclusions
1764 1255 9 27 :
1811 1257 17 21 «
1870 1239 63 42 De
1955 1253 47 28 ce

228 1317 130 57 qu'ils
383 1315 125 43 n'ont
537 1329 75 40 pas
641 1322 108 34 tenu
783 1324 174 45 compte
978 1313 53 42 de
1066 1322 144 33 toutes
1245 1313 61 42 les
1334 1313 317 42 circonstances
1675 1314 51 40 de
1767 1312 155 43 milieu
1961 1321 42 33 et

227 1401 157 43 autres,
412 1390 38 42 le
470 1390 186 42 résultat
676 1389 53 41 de
761 1388 117 42 leurs
900 1397 187 33 travaux
1114 1402 55 27 ne
1200 1396 106 48 peut
1341 1390 101 52 être,
1475 1387 136 48 dit-il,
1653 1388 226 42 considéré
1916 1401 90 41 que

231 1479 170 29 comme
424 1465 260 56 provisoire.
705 1482 19 21 »

285 1542 61 40 Le
372 1541 43 40 D
420 1546 15 21 r
461 1540 247 42 Barallier
711 1574 8 16 ,
754 1541 110 41 dans
899 1540 38 41 le
965 1549 118 33 tome
1106 1538 104 43 XVI
1246 1538 59 41 du
1342 1537 185 43 Recueil
1561 1538 77 41 des
1676 1537 245 41 Mémoires
1952 1536 54 41 de

230 1615 226 43 médecine
478 1622 43 35 et
541 1615 53 41 de
616 1615 239 56 chirurgie
879 1615 237 52 militaire,
1141 1627 106 42 page
1272 1614 76 52 66;
1371 1613 70 41 De
1465 1613 26 40 i
1498 1611 216 56 influence
1735 1612 78 41 des
1835 1611 144 42 instru-

230 1697 139 35 ments
391 1693 26 38 à
442 1698 100 33 vent
565 1698 42 34 et
629 1704 51 27 en
703 1691 151 41 cuivre
859 1723 10 16 ,
895 1689 227 56 s'exprime
1142 1689 113 40 ainsi
1282 1705 7 24 :

291 1781 19 20 «
346 1764 182 56 D'après
559 1764 60 41 les
656 1764 177 43 notions
870 1764 358 56 physiologiques
1262 1762 77 56 qui
1376 1761 248 57 précèdent,
1661 1761 31 41 il
1726 1767 63 34 est
1827 1759 89 41 aisé
1952 1759 52 41 de

231 1839 237 56 pressentir
490 1852 101 41 que,
620 1839 145 56 parmi
788 1839 61 41 les
884 1839 118 42 effets
1040 1837 338 57 pathologiques
1406 1836 78 55 qui
1515 1843 190 47 peuvent
1734 1834 182 41 résulter
1948 1833 51 40 de

228 1912 219 43 l'exercice
468 1914 214 54 prolongé
703 1914 59 40 du
785 1912 186 54 clairon,
997 1913 60 40 du
1080 1919 152 34 cornet
1253 1921 41 32 et
1316 1910 52 41 de
1392 1910 40 41 la
1451 1916 250 47 trompette,
1737 1908 58 41 les
1821 1920 84 27 uns
1926 1912 80 35 ont

230 1989 91 41 lieu
343 1988 109 41 dans
475 1988 59 41 les
558 2001 185 42 organes
764 1987 54 42 de
838 1988 40 41 la
896 1987 277 57 respiration,
1193 1995 42 32 et
1256 1986 61 41 les
1338 1994 143 33 autres
1504 1983 106 42 dans
1632 1996 109 27 ceux
1761 1982 51 41 de
1845 1981 39 41 la
1916 1980 64 42 cir-

228 2063 211 42 culation.

285 2154 18 23 <L
327 2137 130 42 Ainsi
478 2138 61 42 les
558 2138 153 53 jeunes
734 2152 105 41 gens
863 2139 199 41 robustes
1085 2146 42 33 et
1148 2138 76 54 qui
1244 2145 78 33 ont
1339 2149 89 28 une
1448 2136 116 53 large
1584 2132 190 57 poitrine
1794 2139 60 48 s'y
1875 2131 101 41 habi-

230 2222 128 33 tuent
380 2213 253 42 facilement
656 2223 44 33 et
721 2214 100 42 n'en
845 2214 214 42 souffrent
1085 2227 75 41 pas
1181 2229 10 32 ;
1221 2211 110 42 mais
1359 2224 106 28 ceux
1487 2209 79 55 qui
1592 2216 98 34 sont
1722 2207 132 42 d'une
1879 2206 127 41 faible

226 2288 311 54 constitution,
558 2290 109 40 dont
691 2290 39 41 la
753 2289 193 56 poitrine
965 2297 63 33 est
1046 2289 167 52 étroite,
1237 2287 79 55 qui
1339 2293 77 33 ont
1449 2284 37 41 le
1509 2297 81 27 cou
1620 2291 143 45 court,
1796 2280 78 57 qui
1910 2290 98 31 sont

223 2367 85 37 très
330 2363 228 55 sanguins,
578 2372 40 34 et
634 2364 78 56 qui
739 2373 98 33 sont
858 2377 99 41 gras
976 2372 42 34 et
1033 2363 230 51 ramassés,
1286 2363 266 53 éprouvent,
1576 2360 124 52 après
1722 2355 122 42 avoir
1860 2354 146 41 donné

230 2438 252 56 longtemps
503 2438 74 42 des
609 2439 295 41 instruments
936 2442 24 37 à
991 2446 121 45 vent,
1148 2436 54 42 de
1236 2433 306 58 l'oppression,
1581 2432 72 40 des
1681 2429 324 52 étouffements,

230 2526 171 28 comme
421 2512 90 42 s'ils
534 2514 207 40 venaient
760 2514 52 40 de
835 2513 106 41 faire
964 2525 88 29 une
1072 2524 168 28 course.

289 2605 19 19 «
333 2587 81 44 Ces
438 2587 120 42 effets
583 2601 54 28 ne
656 2587 212 41 viennent
889 2601 76 41 pas
988 2585 244 42 seulement
1252 2584 52 40 de
1333 2582 41 42 la
1406 2580 163 54 (atigue
1602 2578 322 56 qu'éprouvent
1947 2575 58 40 les

223 2670 153 46 agents
404 2661 53 41 de
485 2665 41 40 la
558 2663 263 55 respiration
856 2660 195 56 pendant
1092 2668 65 32 cet
1191 2656 203 53 exercice,
1423 2653 111 42 mais
1566 2664 154 29 encore
1742 2651 50 39 de
1822 2650 39 39 la
1898 2656 110 32 stase

232 2737 60 40 du
313 2749 124 42 sang,
462 2737 80 55 qui
558 2750 23 27 a
604 2736 88 41 lieu
715 2735 108 42 dans
845 2735 38 41 le
901 2747 199 43 poumon
1122 2733 166 40 durant
1308 2732 59 40 les
1391 2730 182 53 longues
1591 2724 274 57 aspirations,
1889 2729 40 33 et
1952 2720 53 41 de

233 2811 252 42 l'embarras
508 2812 79 54 qui
611 2811 136 41 existe
768 2812 110 39 dans
898 2810 41 40 la
961 2808 264 42 circulation
1247 2811 23 35 à
1292 2819 107 40 sang
1422 2802 113 41 noir.

287 2902 19 24 «
329 2885 123 43 Cette
473 2895 110 32 stase
605 2886 61 41 du
690 2899 108 40 sang
819 2885 108 41 dans
950 2884 40 41 la
1006 2883 210 56 poitrine,
1239 2879 113 42 ainsi
1374 2892 84 41 que
1480 2878 39 39 le
1545 2887 175 45 passage
1742 2872 198 54 fréquent
1962 2876 42 33 et

231 2961 150 55 rapide
403 2961 53 41 de
478 2961 97 42 l'air
596 2965 23 38 à
642 2970 165 32 travers
828 2960 59 41 les
912 2959 227 48 bronches,
1164 2966 106 47 peut
1296 2953 179 43 devenir
1500 2965 86 28 une
1609 2946 334 60 prédisposition
1968 2952 43 32 et

231 3037 143 40 même
397 3050 87 26 une
507 3050 130 28 cause
658 3036 53 40 de
731 3035 215 50 catharre,
968 3034 53 40 de
1066 3030 273 58 pneumonie
1361 3036 57 44 et,
1443 3041 74 42 par
1546 3025 129 48 suite,
1701 3023 50 40 de
1773 3020 234 57 phthisie.»

289 3110 131 43 Selon
442 3112 66 41 M.
534 3110 176 42 Michel
732 3111 141 54 Lévy:
901 3126 16 22 «
948 3110 81 40 Les
1046 3106 227 43 individus
1296 3104 166 53 faibles,
1480 3105 23 37 à
1526 3098 258 56 respiration
1802 3104 150 33 courte
1969 3104 44 31 et

233 3184 150 53 gênée,
406 3184 273 57 prédisposés
703 3198 86 28 aux
809 3183 225 41 affections
1060 3182 51 40 de
1134 3179 209 57 poitrine,
1381 3190 52 27 ne
1463 3170 351 45 soutiendraient
1847 3183 75 41 pas
1952 3168 62 41 les

237 3259 267 54 professions
525 3265 59 36 où
614 3260 61 40 les
696 3273 221 42 poumons
937 3266 100 33 sont
1070 3270 54 27 en
1154 3255 67 53 jeu
1239 3269 7 28 ;
1273 3253 51 40 ils
1347 3254 89 38 s'en
1465 3245 315 57 éloigneraient
1803 3247 123 52 après
1949 3244 60 39 les

237 3333 125 40 avoir
382 3334 209 55 essayées,
617 3343 41 32 et
681 3334 57 41 tel
761 3333 94 41 doit
874 3333 88 40 être
986 3330 126 42 l'avis
1134 3330 59 39 du
1218 3325 194 43 médecin
1436 3337 23 26 a
1491 3323 92 40 leur
1606 3319 150 56 égard;
1785 3332 71 26 car
1887 3317 34 40 si
1954 3317 60 40 les

236 3407 148 41 efforts
411 3407 51 41 de
484 3409 40 39 la
546 3407 103 41 voix
670 3417 99 31 sont
790 3407 229 55 supportés
1038 3418 76 42 par
1137 3404 59 40 les
1217 3414 103 41 gens
1343 3398 99 42 bien
1464 3395 255 53 constitués,
1752 3394 33 40 si
1816 3393 38 41 le
1882 3391 132 41 chant

240 3489 41 34 et
305 3482 39 39 la
367 3481 296 44 déclamation
684 3481 238 44 favorisent
946 3481 103 40 chez
1070 3491 84 29 eux
1176 3477 38 41 le
1238 3474 154 58 pariait
1425 3471 362 57 développement
1808 3469 71 39 des
1901 3480 83 43 pou-
