<?xml version="1.0" encoding="UTF-8"?>
<alto xmlns:xsi="http://www.w3.org/2001/XMLSchema-instance" xmlns="http://www.loc.gov/standards/alto/ns-v2#" xsi:schemaLocation="http://www.loc.gov/standards/alto/ns-v2# http://www.loc.gov/standards/alto/alto-v2.0.xsd" xmlns:xlink="http://www.w3.org/1999/xlink">
	<Description>
		<MeasurementUnit>mm10</MeasurementUnit>
		<sourceImageInformation>
			<fileName>//fileserver7/IN2/Princeton/Batch3/bmtnabc/1874/08/15_01/00000204.tif</fileName>
		</sourceImageInformation>
		<OCRProcessing ID="OCRPROCESSING_1">
			<preProcessingStep>
				<processingSoftware>
					<softwareCreator>CCS Content Conversion Specialists GmbH, Germany</softwareCreator>
					<softwareName>CCS docWORKS</softwareName>
					<softwareVersion>6.6-1.18</softwareVersion>
				</processingSoftware>
			</preProcessingStep>
			<ocrProcessingStep>
				<processingSoftware>
					<softwareCreator>ABBYY (BIT Software), Russia</softwareCreator>
					<softwareName>NA</softwareName>
				</processingSoftware>
			</ocrProcessingStep>
		</OCRProcessing>
		<OCRProcessing ID="OCRPROCESSING_2">
			<preProcessingStep>
				<processingSoftware>
					<softwareCreator>CCS Content Conversion Specialists GmbH, Germany</softwareCreator>
					<softwareName>CCS docWORKS</softwareName>
					<softwareVersion>6.6-1.18</softwareVersion>
				</processingSoftware>
			</preProcessingStep>
			<ocrProcessingStep>
				<processingSoftware>
					<softwareCreator>ABBYY (BIT Software), Russia</softwareCreator>
					<softwareName>FineReader</softwareName>
					<softwareVersion>10.0</softwareVersion>
				</processingSoftware>
			</ocrProcessingStep>
		</OCRProcessing>
	</Description>
	<Styles>
		<TextStyle ID="TXT_0" FONTSIZE="25" FONTFAMILY="Times New Roman"/>
		<TextStyle ID="TXT_1" FONTSIZE="20" FONTFAMILY="Times New Roman"/>
		<TextStyle ID="TXT_2" FONTSIZE="9" FONTFAMILY="Times New Roman" FONTSTYLE="bold"/>
		<TextStyle ID="TXT_3" FONTSIZE="16" FONTFAMILY="Times New Roman"/>
		<TextStyle ID="TXT_4" FONTSIZE="13" FONTFAMILY="Times New Roman" FONTSTYLE="bold"/>
		<TextStyle ID="TXT_5" FONTSIZE="16" FONTFAMILY="Times New Roman" FONTSTYLE="italics"/>
		<TextStyle ID="TXT_6" FONTSIZE="7" FONTFAMILY="Times New Roman"/>
		<TextStyle ID="TXT_7" FONTSIZE="5" FONTFAMILY="Times New Roman"/>
		<TextStyle ID="TXT_8" FONTSIZE="13" FONTFAMILY="Times New Roman"/>
		<TextStyle ID="TXT_9" FONTSIZE="6" FONTFAMILY="Fraktur"/>
		<ParagraphStyle ID="PAR_LEFT" ALIGN="Left"/>
		<ParagraphStyle ID="PAR_RIGHT" ALIGN="Right"/>
		<ParagraphStyle ID="PAR_BLOCK" ALIGN="Block"/>
	</Styles>
	<Layout>
		<Page ID="P18" PHYSICAL_IMG_NR="18" HEIGHT="4114" WIDTH="2395" PC="0.931">
			<TopMargin ID="P18_TM00001" HPOS="0" VPOS="0" WIDTH="2395" HEIGHT="236"/>
			<LeftMargin ID="P18_LM00001" HPOS="0" VPOS="236" WIDTH="159" HEIGHT="3379"/>
			<RightMargin ID="P18_RM00001" HPOS="1960" VPOS="236" WIDTH="435" HEIGHT="3379"/>
			<BottomMargin ID="P18_BM00001" HPOS="0" VPOS="3615" WIDTH="2395" HEIGHT="499"/>
			<PrintSpace ID="P18_PS00001" HPOS="159" VPOS="236" WIDTH="1801" HEIGHT="3379">
				<TextBlock ID="P18_TB00001" HPOS="216" VPOS="1125" WIDTH="1702" HEIGHT="409" STYLEREFS="TXT_0 PAR_LEFT">
					<Shape>
						<Polygon POINTS="216,1125 1918,1125 1918,1381 1842,1381 1842,1534 216,1534"/>
					</Shape>
					<TextLine ID="P18_TL00001" HPOS="783" VPOS="1146" WIDTH="586" HEIGHT="77">
						<String ID="P18_ST00001" HPOS="783" VPOS="1146" WIDTH="99" HEIGHT="61" CONTENT="LA" WC="0.72" CC="50" STYLEREFS="TXT_1"/>
						<SP ID="P18_SP00001" HPOS="882" VPOS="1207" WIDTH="71"/>
						<String ID="P18_ST00002" HPOS="953" VPOS="1152" WIDTH="416" HEIGHT="71" CONTENT="MUSIQUE" WC="0.99" CC="0200044" STYLEREFS="TXT_1"/>
					</TextLine>
					<TextLine ID="P18_TL00002" HPOS="1019" VPOS="1323" WIDTH="109" HEIGHT="22">
						<String ID="P18_ST00003" HPOS="1019" VPOS="1323" WIDTH="109" HEIGHT="22" CONTENT="DANS" WC="0.98" CC="3520" STYLEREFS="TXT_2"/>
					</TextLine>
					<TextLine ID="P18_TL00003" HPOS="216" VPOS="1456" WIDTH="1623" HEIGHT="77">
						<String ID="P18_ST00004" HPOS="216" VPOS="1456" WIDTH="681" HEIGHT="74" CONTENT="L'YMAGERIE" WC="0.96" CC="2000002441"/>
						<SP ID="P18_SP00002" HPOS="897" VPOS="1530" WIDTH="63"/>
						<String ID="P18_ST00005" HPOS="960" VPOS="1459" WIDTH="153" HEIGHT="71" CONTENT="DU" WC="0.85" CC="01"/>
						<SP ID="P18_SP00003" HPOS="1113" VPOS="1530" WIDTH="61"/>
						<String ID="P18_ST00006" HPOS="1174" VPOS="1461" WIDTH="391" HEIGHT="72" CONTENT="MOYEN" WC="0.99" CC="00023"/>
						<SP ID="P18_SP00004" HPOS="1565" VPOS="1533" WIDTH="56"/>
						<String ID="P18_ST00007" HPOS="1621" VPOS="1459" WIDTH="218" HEIGHT="74" CONTENT="AGE" WC="1.00" CC="000"/>
					</TextLine>
				</TextBlock>
				<TextBlock ID="P18_TB00002" HPOS="1867" VPOS="1445" WIDTH="53" HEIGHT="52" STYLEREFS="TXT_3 PAR_RIGHT">
					<TextLine ID="P18_TL00004" HPOS="1868" VPOS="1447" WIDTH="51" HEIGHT="50">
						<String ID="P18_ST00008" HPOS="1868" VPOS="1447" WIDTH="51" HEIGHT="50" CONTENT="I')" WC="0.36" CC="647"/>
					</TextLine>
				</TextBlock>
				<TextBlock ID="P18_TB00003" HPOS="578" VPOS="1943" WIDTH="1378" HEIGHT="356" STYLEREFS="TXT_3 PAR_BLOCK">
					<TextLine ID="P18_TL00005" HPOS="579" VPOS="1944" WIDTH="1374" HEIGHT="64">
						<String ID="P18_ST00009" HPOS="579" VPOS="1967" WIDTH="75" HEIGHT="27" CONTENT="ANS" WC="0.98" CC="600" STYLEREFS="TXT_4"/>
						<SP ID="P18_SP00005" HPOS="654" VPOS="1994" WIDTH="39"/>
						<String ID="P18_ST00010" HPOS="693" VPOS="1952" WIDTH="157" HEIGHT="42" CONTENT="l'ordre" WC="0.99" CC="4001610"/>
						<SP ID="P18_SP00006" HPOS="850" VPOS="1994" WIDTH="31"/>
						<String ID="P18_ST00011" HPOS="881" VPOS="1950" WIDTH="343" HEIGHT="58" CONTENT="philosophique" WC="1.00" CC="0431000130200"/>
						<SP ID="P18_SP00007" HPOS="1224" VPOS="2008" WIDTH="21"/>
						<String ID="P18_ST00012" HPOS="1245" VPOS="1957" WIDTH="42" HEIGHT="33" CONTENT="et" WC="1.00" CC="00"/>
						<SP ID="P18_SP00008" HPOS="1287" VPOS="2008" WIDTH="35"/>
						<String ID="P18_ST00013" HPOS="1322" VPOS="1947" WIDTH="160" HEIGHT="53" CONTENT="moral," WC="0.99" CC="600403"/>
						<SP ID="P18_SP00009" HPOS="1482" VPOS="2008" WIDTH="31"/>
						<String ID="P18_ST00014" HPOS="1513" VPOS="1945" WIDTH="41" HEIGHT="42" CONTENT="la" WC="1.00" CC="00"/>
						<SP ID="P18_SP00010" HPOS="1554" VPOS="2008" WIDTH="28"/>
						<String ID="P18_ST00015" HPOS="1582" VPOS="1944" WIDTH="204" HEIGHT="56" CONTENT="musique" WC="0.99" CC="0000541"/>
						<SP ID="P18_SP00011" HPOS="1786" VPOS="2008" WIDTH="28"/>
						<String ID="P18_ST00016" HPOS="1814" VPOS="1952" WIDTH="42" HEIGHT="34" CONTENT="et" WC="0.57" CC="26"/>
						<SP ID="P18_SP00012" HPOS="1856" VPOS="2008" WIDTH="32"/>
						<String ID="P18_ST00017" HPOS="1888" VPOS="1955" WIDTH="65" HEIGHT="28" CONTENT="ses" WC="1.00" CC="000"/>
					</TextLine>
					<TextLine ID="P18_TL00006" HPOS="581" VPOS="2016" WIDTH="1373" HEIGHT="65">
						<String ID="P18_ST00018" HPOS="581" VPOS="2027" WIDTH="238" HEIGHT="42" CONTENT="serviteurs" WC="0.99" CC="0066304100"/>
						<SP ID="P18_SP00013" HPOS="819" VPOS="2069" WIDTH="33"/>
						<String ID="P18_ST00019" HPOS="852" VPOS="2035" WIDTH="99" HEIGHT="34" CONTENT="sont" WC="0.98" CC="0054"/>
						<SP ID="P18_SP00014" HPOS="951" VPOS="2069" WIDTH="35"/>
						<String ID="P18_ST00020" HPOS="986" VPOS="2025" WIDTH="327" HEIGHT="56" CONTENT="généralement" WC="0.99" CC="050604020565"/>
						<SP ID="P18_SP00015" HPOS="1313" VPOS="2081" WIDTH="38"/>
						<String ID="P18_ST00021" HPOS="1351" VPOS="2020" WIDTH="244" HEIGHT="42" CONTENT="considérés" WC="1.00" CC="0030100600"/>
						<SP ID="P18_SP00016" HPOS="1595" VPOS="2081" WIDTH="34"/>
						<String ID="P18_ST00022" HPOS="1629" VPOS="2030" WIDTH="169" HEIGHT="30" CONTENT="comme" WC="0.99" CC="00062"/>
						<SP ID="P18_SP00017" HPOS="1798" VPOS="2081" WIDTH="33"/>
						<String ID="P18_ST00023" HPOS="1831" VPOS="2016" WIDTH="99" HEIGHT="41" CONTENT="l'em" SUBS_TYPE="HypPart1" SUBS_CONTENT="l'emblème" WC="0.97" CC="5338"/>
						<HYP HPOS="1930" VPOS="2016" WIDTH="24" CONTENT="-"/>
					</TextLine>
					<TextLine ID="P18_TL00007" HPOS="582" VPOS="2090" WIDTH="1371" HEIGHT="64">
						<String ID="P18_ST00024" HPOS="582" VPOS="2102" WIDTH="143" HEIGHT="41" CONTENT="blème" SUBS_TYPE="HypPart2" SUBS_CONTENT="l'emblème" WC="0.99" CC="00220"/>
						<SP ID="P18_SP00018" HPOS="725" VPOS="2143" WIDTH="23"/>
						<String ID="P18_ST00025" HPOS="748" VPOS="2102" WIDTH="53" HEIGHT="40" CONTENT="de" WC="1.00" CC="00"/>
						<SP ID="P18_SP00019" HPOS="801" VPOS="2143" WIDTH="20"/>
						<String ID="P18_ST00026" HPOS="821" VPOS="2100" WIDTH="41" HEIGHT="42" CONTENT="la" WC="1.00" CC="00"/>
						<SP ID="P18_SP00020" HPOS="862" VPOS="2143" WIDTH="23"/>
						<String ID="P18_ST00027" HPOS="885" VPOS="2100" WIDTH="183" HEIGHT="54" CONTENT="volupté" WC="0.98" CC="5005670"/>
						<SP ID="P18_SP00021" HPOS="1068" VPOS="2154" WIDTH="20"/>
						<String ID="P18_ST00028" HPOS="1088" VPOS="2107" WIDTH="43" HEIGHT="33" CONTENT="et" WC="0.71" CC="05"/>
						<SP ID="P18_SP00022" HPOS="1131" VPOS="2154" WIDTH="17"/>
						<String ID="P18_ST00029" HPOS="1148" VPOS="2096" WIDTH="59" HEIGHT="42" CONTENT="du" WC="0.85" CC="02"/>
						<SP ID="P18_SP00023" HPOS="1207" VPOS="2154" WIDTH="26"/>
						<String ID="P18_ST00030" HPOS="1233" VPOS="2094" WIDTH="277" HEIGHT="53" CONTENT="libertinage." WC="1.00" CC="422000300000"/>
						<SP ID="P18_SP00024" HPOS="1510" VPOS="2154" WIDTH="22"/>
						<String ID="P18_ST00031" HPOS="1532" VPOS="2093" WIDTH="167" HEIGHT="40" CONTENT="Toutes" WC="0.99" CC="001600"/>
						<SP ID="P18_SP00025" HPOS="1699" VPOS="2154" WIDTH="20"/>
						<String ID="P18_ST00032" HPOS="1719" VPOS="2090" WIDTH="62" HEIGHT="41" CONTENT="les" WC="0.99" CC="100"/>
						<SP ID="P18_SP00026" HPOS="1781" VPOS="2154" WIDTH="26"/>
						<String ID="P18_ST00033" HPOS="1807" VPOS="2090" WIDTH="146" HEIGHT="41" CONTENT="scènes" WC="0.98" CC="044700"/>
					</TextLine>
					<TextLine ID="P18_TL00008" HPOS="581" VPOS="2162" WIDTH="1372" HEIGHT="69">
						<String ID="P18_ST00034" HPOS="581" VPOS="2175" WIDTH="79" HEIGHT="56" CONTENT="qui" WC="0.93" CC="935"/>
						<SP ID="P18_SP00027" HPOS="660" VPOS="2231" WIDTH="23"/>
						<String ID="P18_ST00035" HPOS="683" VPOS="2175" WIDTH="297" HEIGHT="56" CONTENT="représentent" WC="1.00" CC="520440000300"/>
						<SP ID="P18_SP00028" HPOS="980" VPOS="2231" WIDTH="22"/>
						<String ID="P18_ST00036" HPOS="1002" VPOS="2171" WIDTH="73" HEIGHT="42" CONTENT="des" WC="0.99" CC="020"/>
						<SP ID="P18_SP00029" HPOS="1075" VPOS="2231" WIDTH="23"/>
						<String ID="P18_ST00037" HPOS="1098" VPOS="2170" WIDTH="150" HEIGHT="43" CONTENT="festins" WC="0.99" CC="3300370"/>
						<SP ID="P18_SP00030" HPOS="1248" VPOS="2231" WIDTH="20"/>
						<String ID="P18_ST00038" HPOS="1268" VPOS="2169" WIDTH="176" HEIGHT="56" CONTENT="joyeux," WC="0.98" CC="7053066"/>
						<SP ID="P18_SP00031" HPOS="1444" VPOS="2231" WIDTH="22"/>
						<String ID="P18_ST00039" HPOS="1466" VPOS="2166" WIDTH="74" HEIGHT="42" CONTENT="des" WC="1.00" CC="000"/>
						<SP ID="P18_SP00032" HPOS="1540" VPOS="2231" WIDTH="22"/>
						<String ID="P18_ST00040" HPOS="1562" VPOS="2164" WIDTH="156" HEIGHT="54" CONTENT="orgies," WC="0.98" CC="0571401"/>
						<SP ID="P18_SP00033" HPOS="1718" VPOS="2231" WIDTH="32"/>
						<String ID="P18_ST00041" HPOS="1750" VPOS="2162" WIDTH="178" HEIGHT="42" CONTENT="contien" SUBS_TYPE="HypPart1" SUBS_CONTENT="contiennent" WC="0.99" CC="0003036"/>
						<HYP HPOS="1928" VPOS="2162" WIDTH="25" CONTENT="-"/>
					</TextLine>
					<TextLine ID="P18_TL00009" HPOS="581" VPOS="2235" WIDTH="1375" HEIGHT="64">
						<String ID="P18_ST00042" HPOS="581" VPOS="2259" WIDTH="107" HEIGHT="34" CONTENT="nent" SUBS_TYPE="HypPart2" SUBS_CONTENT="contiennent" WC="1.00" CC="0000"/>
						<SP ID="P18_SP00034" HPOS="688" VPOS="2293" WIDTH="29"/>
						<String ID="P18_ST00043" HPOS="717" VPOS="2251" WIDTH="74" HEIGHT="41" CONTENT="des" WC="0.99" CC="002"/>
						<SP ID="P18_SP00035" HPOS="791" VPOS="2293" WIDTH="32"/>
						<String ID="P18_ST00044" HPOS="823" VPOS="2248" WIDTH="261" HEIGHT="43" CONTENT="musiciens." WC="1.00" CC="3000040004"/>
						<SP ID="P18_SP00036" HPOS="1084" VPOS="2293" WIDTH="45"/>
						<String ID="P18_ST00045" HPOS="1129" VPOS="2246" WIDTH="196" HEIGHT="53" CONTENT="Lorsque" WC="1.00" CC="0050000"/>
						<SP ID="P18_SP00037" HPOS="1325" VPOS="2299" WIDTH="28"/>
						<String ID="P18_ST00046" HPOS="1353" VPOS="2242" WIDTH="183" HEIGHT="42" CONTENT="l'enfant" WC="1.00" CC="30000006"/>
						<SP ID="P18_SP00038" HPOS="1536" VPOS="2299" WIDTH="27"/>
						<String ID="P18_ST00047" HPOS="1563" VPOS="2239" WIDTH="215" HEIGHT="57" CONTENT="prodigue" WC="0.99" CC="72004920"/>
						<SP ID="P18_SP00039" HPOS="1778" VPOS="2299" WIDTH="29"/>
						<String ID="P18_ST00048" HPOS="1807" VPOS="2235" WIDTH="149" HEIGHT="43" CONTENT="oublie" WC="0.98" CC="006235"/>
					</TextLine>
				</TextBlock>
				<TextBlock ID="P18_TB00004" HPOS="180" VPOS="2310" WIDTH="1780" HEIGHT="1118" STYLEREFS="TXT_3 PAR_BLOCK">
					<TextLine ID="P18_TL00010" HPOS="181" VPOS="2311" WIDTH="1777" HEIGHT="74">
						<String ID="P18_ST00049" HPOS="181" VPOS="2343" WIDTH="82" HEIGHT="28" CONTENT="son" WC="0.97" CC="007"/>
						<SP ID="P18_SP00040" HPOS="263" VPOS="2371" WIDTH="15"/>
						<String ID="P18_ST00050" HPOS="278" VPOS="2331" WIDTH="100" HEIGHT="54" CONTENT="père" WC="0.98" CC="0407"/>
						<SP ID="P18_SP00041" HPOS="378" VPOS="2385" WIDTH="27"/>
						<String ID="P18_ST00051" HPOS="405" VPOS="2328" WIDTH="282" HEIGHT="49" CONTENT="abandonné," WC="0.99" CC="4057006730"/>
						<SP ID="P18_SP00042" HPOS="687" VPOS="2385" WIDTH="18"/>
						<String ID="P18_ST00052" HPOS="705" VPOS="2325" WIDTH="103" HEIGHT="42" CONTENT="c'est" WC="0.98" CC="23602"/>
						<SP ID="P18_SP00043" HPOS="808" VPOS="2385" WIDTH="14"/>
						<String ID="P18_ST00053" HPOS="822" VPOS="2325" WIDTH="38" HEIGHT="41" CONTENT="le" WC="0.55" CC="26"/>
						<SP ID="P18_SP00044" HPOS="860" VPOS="2385" WIDTH="21"/>
						<String ID="P18_ST00054" HPOS="881" VPOS="2336" WIDTH="79" HEIGHT="28" CONTENT="son" WC="0.97" CC="070"/>
						<SP ID="P18_SP00045" HPOS="960" VPOS="2385" WIDTH="22"/>
						<String ID="P18_ST00055" HPOS="982" VPOS="2322" WIDTH="50" HEIGHT="41" CONTENT="de" WC="0.81" CC="03"/>
						<SP ID="P18_SP00046" HPOS="1032" VPOS="2385" WIDTH="18"/>
						<String ID="P18_ST00056" HPOS="1050" VPOS="2321" WIDTH="41" HEIGHT="42" CONTENT="la" WC="0.89" CC="20"/>
						<SP ID="P18_SP00047" HPOS="1091" VPOS="2385" WIDTH="21"/>
						<String ID="P18_ST00057" HPOS="1112" VPOS="2321" WIDTH="136" HEIGHT="55" CONTENT="harpe" WC="0.98" CC="40507"/>
						<SP ID="P18_SP00048" HPOS="1248" VPOS="2385" WIDTH="21"/>
						<String ID="P18_ST00058" HPOS="1269" VPOS="2333" WIDTH="58" HEIGHT="28" CONTENT="ou" WC="1.00" CC="00"/>
						<SP ID="P18_SP00049" HPOS="1327" VPOS="2385" WIDTH="18"/>
						<String ID="P18_ST00059" HPOS="1345" VPOS="2317" WIDTH="59" HEIGHT="42" CONTENT="du" WC="1.00" CC="00"/>
						<SP ID="P18_SP00050" HPOS="1404" VPOS="2385" WIDTH="22"/>
						<String ID="P18_ST00060" HPOS="1426" VPOS="2317" WIDTH="124" HEIGHT="42" CONTENT="rebec" WC="0.55" CC="54074"/>
						<SP ID="P18_SP00051" HPOS="1550" VPOS="2385" WIDTH="22"/>
						<String ID="P18_ST00061" HPOS="1572" VPOS="2314" WIDTH="76" HEIGHT="55" CONTENT="qui" WC="0.96" CC="630"/>
						<SP ID="P18_SP00052" HPOS="1648" VPOS="2385" WIDTH="19"/>
						<String ID="P18_ST00062" HPOS="1667" VPOS="2312" WIDTH="79" HEIGHT="42" CONTENT="fait" WC="0.97" CC="0903"/>
						<SP ID="P18_SP00053" HPOS="1746" VPOS="2385" WIDTH="17"/>
						<String ID="P18_ST00063" HPOS="1763" VPOS="2311" WIDTH="106" HEIGHT="42" CONTENT="taiie" WC="0.55" CC="06266"/>
						<SP ID="P18_SP00054" HPOS="1869" VPOS="2385" WIDTH="23"/>
						<String ID="P18_ST00064" HPOS="1892" VPOS="2324" WIDTH="66" HEIGHT="26" CONTENT="ses" WC="0.95" CC="760"/>
					</TextLine>
					<TextLine ID="P18_TL00011" HPOS="181" VPOS="2386" WIDTH="1778" HEIGHT="67">
						<String ID="P18_ST00065" HPOS="181" VPOS="2402" WIDTH="218" HEIGHT="45" CONTENT="remords." WC="0.99" CC="44804002"/>
						<SP ID="P18_SP00055" HPOS="399" VPOS="2447" WIDTH="22"/>
						<String ID="P18_ST00066" HPOS="421" VPOS="2404" WIDTH="155" HEIGHT="40" CONTENT="Bonne" WC="0.98" CC="04046"/>
						<SP ID="P18_SP00056" HPOS="576" VPOS="2447" WIDTH="18"/>
						<String ID="P18_ST00067" HPOS="594" VPOS="2401" WIDTH="139" HEIGHT="52" CONTENT="chère," WC="0.98" CC="021723"/>
						<SP ID="P18_SP00057" HPOS="733" VPOS="2453" WIDTH="15"/>
						<String ID="P18_ST00068" HPOS="748" VPOS="2399" WIDTH="197" HEIGHT="54" CONTENT="volupté," WC="0.99" CC="70008010"/>
						<SP ID="P18_SP00058" HPOS="945" VPOS="2453" WIDTH="16"/>
						<String ID="P18_ST00069" HPOS="961" VPOS="2394" WIDTH="315" HEIGHT="57" CONTENT="gourmandise" WC="0.99" CC="00007060404"/>
						<SP ID="P18_SP00059" HPOS="1276" VPOS="2453" WIDTH="17"/>
						<String ID="P18_ST00070" HPOS="1293" VPOS="2400" WIDTH="97" HEIGHT="34" CONTENT="sont" WC="1.00" CC="0000"/>
						<SP ID="P18_SP00060" HPOS="1390" VPOS="2453" WIDTH="17"/>
						<String ID="P18_ST00071" HPOS="1407" VPOS="2391" WIDTH="199" HEIGHT="55" CONTENT="toujours" WC="0.99" CC="63070000"/>
						<SP ID="P18_SP00061" HPOS="1606" VPOS="2453" WIDTH="16"/>
						<String ID="P18_ST00072" HPOS="1622" VPOS="2386" WIDTH="337" HEIGHT="56" CONTENT="accompagnées" WC="1.00" CC="150000400340"/>
					</TextLine>
					<TextLine ID="P18_TL00012" HPOS="181" VPOS="2458" WIDTH="1779" HEIGHT="75">
						<String ID="P18_ST00073" HPOS="181" VPOS="2479" WIDTH="54" HEIGHT="42" CONTENT="de" WC="0.71" CC="05"/>
						<SP ID="P18_SP00062" HPOS="235" VPOS="2521" WIDTH="37"/>
						<String ID="P18_ST00074" HPOS="272" VPOS="2477" WIDTH="222" HEIGHT="56" CONTENT="jongleurs" WC="0.98" CC="374807050"/>
						<SP ID="P18_SP00063" HPOS="494" VPOS="2533" WIDTH="28"/>
						<String ID="P18_ST00075" HPOS="522" VPOS="2485" WIDTH="42" HEIGHT="33" CONTENT="et" WC="0.64" CC="51"/>
						<SP ID="P18_SP00064" HPOS="564" VPOS="2533" WIDTH="34"/>
						<String ID="P18_ST00076" HPOS="598" VPOS="2474" WIDTH="271" HEIGHT="43" CONTENT="ménestrels." WC="0.99" CC="03060265300"/>
						<SP ID="P18_SP00065" HPOS="869" VPOS="2533" WIDTH="35"/>
						<String ID="P18_ST00077" HPOS="904" VPOS="2472" WIDTH="123" HEIGHT="41" CONTENT="Dans" WC="0.99" CC="2030"/>
						<SP ID="P18_SP00066" HPOS="1027" VPOS="2533" WIDTH="32"/>
						<String ID="P18_ST00078" HPOS="1059" VPOS="2484" WIDTH="62" HEIGHT="28" CONTENT="un" WC="0.65" CC="07"/>
						<SP ID="P18_SP00067" HPOS="1121" VPOS="2533" WIDTH="31"/>
						<String ID="P18_ST00079" HPOS="1152" VPOS="2469" WIDTH="73" HEIGHT="40" CONTENT="des" WC="0.99" CC="020"/>
						<SP ID="P18_SP00068" HPOS="1225" VPOS="2533" WIDTH="35"/>
						<String ID="P18_ST00080" HPOS="1260" VPOS="2469" WIDTH="174" HEIGHT="40" CONTENT="vitraux" WC="0.98" CC="0567600"/>
						<SP ID="P18_SP00069" HPOS="1434" VPOS="2533" WIDTH="30"/>
						<String ID="P18_ST00081" HPOS="1464" VPOS="2465" WIDTH="53" HEIGHT="42" CONTENT="de" WC="1.00" CC="00"/>
						<SP ID="P18_SP00070" HPOS="1517" VPOS="2533" WIDTH="35"/>
						<String ID="P18_ST00082" HPOS="1552" VPOS="2465" WIDTH="40" HEIGHT="40" CONTENT="la" WC="0.81" CC="30"/>
						<SP ID="P18_SP00071" HPOS="1592" VPOS="2533" WIDTH="33"/>
						<String ID="P18_ST00083" HPOS="1625" VPOS="2471" WIDTH="94" HEIGHT="33" CONTENT="tant" WC="0.96" CC="6075"/>
						<SP ID="P18_SP00072" HPOS="1719" VPOS="2533" WIDTH="36"/>
						<String ID="P18_ST00084" HPOS="1755" VPOS="2458" WIDTH="205" HEIGHT="55" CONTENT="îegiettée" WC="0.59" CC="451160366"/>
					</TextLine>
					<TextLine ID="P18_TL00013" HPOS="183" VPOS="2533" WIDTH="1775" HEIGHT="74">
						<String ID="P18_ST00085" HPOS="183" VPOS="2552" WIDTH="307" HEIGHT="55" CONTENT="bibliothèque" WC="1.00" CC="005310300220"/>
						<SP ID="P18_SP00073" HPOS="490" VPOS="2607" WIDTH="32"/>
						<String ID="P18_ST00086" HPOS="522" VPOS="2551" WIDTH="52" HEIGHT="41" CONTENT="de" WC="1.00" CC="00"/>
						<SP ID="P18_SP00074" HPOS="574" VPOS="2607" WIDTH="33"/>
						<String ID="P18_ST00087" HPOS="607" VPOS="2549" WIDTH="282" HEIGHT="53" CONTENT="Strasbourg," WC="1.00" CC="07000001092"/>
						<SP ID="P18_SP00075" HPOS="889" VPOS="2607" WIDTH="29"/>
						<String ID="P18_ST00088" HPOS="918" VPOS="2545" WIDTH="99" HEIGHT="42" CONTENT="daté" WC="1.00" CC="0000"/>
						<SP ID="P18_SP00076" HPOS="1017" VPOS="2607" WIDTH="22"/>
						<String ID="P18_ST00089" HPOS="1039" VPOS="2543" WIDTH="52" HEIGHT="41" CONTENT="de" WC="1.00" CC="00"/>
						<SP ID="P18_SP00077" HPOS="1091" VPOS="2607" WIDTH="30"/>
						<String ID="P18_ST00090" HPOS="1121" VPOS="2542" WIDTH="111" HEIGHT="55" CONTENT="1589" WC="0.56" CC="0556"/>
						<SP ID="P18_SP00078" HPOS="1232" VPOS="2607" WIDTH="19"/>
						<String ID="P18_ST00091" HPOS="1251" VPOS="2550" WIDTH="42" HEIGHT="33" CONTENT="et" WC="0.73" CC="05"/>
						<SP ID="P18_SP00079" HPOS="1293" VPOS="2607" WIDTH="33"/>
						<String ID="P18_ST00092" HPOS="1326" VPOS="2538" WIDTH="228" HEIGHT="58" CONTENT="reproduit" WC="1.00" CC="000300005"/>
						<SP ID="P18_SP00080" HPOS="1554" VPOS="2607" WIDTH="31"/>
						<String ID="P18_ST00093" HPOS="1585" VPOS="2537" WIDTH="108" HEIGHT="41" CONTENT="dans" WC="1.00" CC="0000"/>
						<SP ID="P18_SP00081" HPOS="1693" VPOS="2607" WIDTH="21"/>
						<String ID="P18_ST00094" HPOS="1714" VPOS="2533" WIDTH="41" HEIGHT="42" CONTENT="le" WC="0.86" CC="20"/>
						<SP ID="P18_SP00082" HPOS="1755" VPOS="2607" WIDTH="30"/>
						<String ID="P18_ST00095" HPOS="1785" VPOS="2533" WIDTH="173" HEIGHT="54" CONTENT="Moyen" WC="0.99" CC="02800" STYLEREFS="TXT_5"/>
					</TextLine>
					<TextLine ID="P18_TL00014" HPOS="187" VPOS="2604" WIDTH="1773" HEIGHT="79">
						<String ID="P18_ST00096" HPOS="187" VPOS="2627" WIDTH="104" HEIGHT="56" CONTENT="Age" WC="0.99" CC="020" STYLEREFS="TXT_5"/>
						<SP ID="P18_SP00083" HPOS="291" VPOS="2683" WIDTH="148"/>
						<String ID="P18_ST00097" HPOS="439" VPOS="2634" WIDTH="45" HEIGHT="35" CONTENT="et" WC="0.67" CC="50" STYLEREFS="TXT_5"/>
						<SP ID="P18_SP00084" HPOS="484" VPOS="2683" WIDTH="90"/>
						<String ID="P18_ST00098" HPOS="574" VPOS="2627" WIDTH="46" HEIGHT="41" CONTENT="la" WC="0.85" CC="02" STYLEREFS="TXT_5"/>
						<SP ID="P18_SP00085" HPOS="620" VPOS="2683" WIDTH="88"/>
						<String ID="P18_ST00099" HPOS="708" VPOS="2625" WIDTH="174" HEIGHT="44" CONTENT="Renaissance" WC="1.00" CC="00030007000" STYLEREFS="TXT_5"/>
						<SP ID="P18_SP00086" HPOS="882" VPOS="2683" WIDTH="1"/>
						<String ID="P18_ST00100" HPOS="883" VPOS="2618" WIDTH="223" HEIGHT="59" CONTENT="(Universités)," WC="1.00" CC="43240000331000"/>
						<SP ID="P18_SP00087" HPOS="1106" VPOS="2683" WIDTH="24"/>
						<String ID="P18_ST00101" HPOS="1130" VPOS="2620" WIDTH="39" HEIGHT="38" CONTENT="le" WC="0.76" CC="40"/>
						<SP ID="P18_SP00088" HPOS="1169" VPOS="2683" WIDTH="22"/>
						<String ID="P18_ST00102" HPOS="1191" VPOS="2615" WIDTH="149" HEIGHT="41" CONTENT="vitrail" WC="1.00" CC="0400010"/>
						<SP ID="P18_SP00089" HPOS="1340" VPOS="2683" WIDTH="25"/>
						<String ID="P18_ST00103" HPOS="1365" VPOS="2613" WIDTH="245" HEIGHT="56" CONTENT="représente" WC="0.99" CC="3002600671"/>
						<SP ID="P18_SP00090" HPOS="1610" VPOS="2683" WIDTH="21"/>
						<String ID="P18_ST00104" HPOS="1631" VPOS="2609" WIDTH="41" HEIGHT="42" CONTENT="la" WC="0.56" CC="08"/>
						<SP ID="P18_SP00091" HPOS="1672" VPOS="2683" WIDTH="22"/>
						<String ID="P18_ST00105" HPOS="1694" VPOS="2606" WIDTH="197" HEIGHT="43" CONTENT="citadelle" WC="1.00" CC="005000060"/>
						<SP ID="P18_SP00092" HPOS="1891" VPOS="2683" WIDTH="18"/>
						<String ID="P18_ST00106" HPOS="1909" VPOS="2604" WIDTH="51" HEIGHT="41" CONTENT="de" WC="0.47" CC="91"/>
					</TextLine>
					<TextLine ID="P18_TL00015" HPOS="184" VPOS="2682" WIDTH="1767" HEIGHT="75">
						<String ID="P18_ST00107" HPOS="184" VPOS="2702" WIDTH="221" HEIGHT="55" CONTENT="Minerve," WC="1.00" CC="10025000"/>
						<SP ID="P18_SP00093" HPOS="405" VPOS="2757" WIDTH="33"/>
						<String ID="P18_ST00108" HPOS="438" VPOS="2701" WIDTH="110" HEIGHT="42" CONTENT="dont" WC="0.99" CC="0004"/>
						<SP ID="P18_SP00094" HPOS="548" VPOS="2757" WIDTH="35"/>
						<String ID="P18_ST00109" HPOS="583" VPOS="2698" WIDTH="61" HEIGHT="42" CONTENT="les" WC="1.00" CC="000"/>
						<SP ID="P18_SP00095" HPOS="644" VPOS="2757" WIDTH="23"/>
						<String ID="P18_ST00110" HPOS="667" VPOS="2696" WIDTH="229" HEIGHT="43" CONTENT="candidats" WC="1.00" CC="008010000"/>
						<SP ID="P18_SP00096" HPOS="896" VPOS="2757" WIDTH="23"/>
						<String ID="P18_ST00111" HPOS="919" VPOS="2707" WIDTH="87" HEIGHT="28" CONTENT="aux" WC="1.00" CC="100"/>
						<SP ID="P18_SP00097" HPOS="1006" VPOS="2757" WIDTH="21"/>
						<String ID="P18_ST00112" HPOS="1027" VPOS="2691" WIDTH="224" HEIGHT="42" CONTENT="différents" WC="1.00" CC="0000520600"/>
						<SP ID="P18_SP00098" HPOS="1251" VPOS="2757" WIDTH="21"/>
						<String ID="P18_ST00113" HPOS="1272" VPOS="2688" WIDTH="155" HEIGHT="55" CONTENT="grades" WC="0.99" CC="850000"/>
						<SP ID="P18_SP00099" HPOS="1427" VPOS="2757" WIDTH="33"/>
						<String ID="P18_ST00114" HPOS="1460" VPOS="2684" WIDTH="219" HEIGHT="54" CONTENT="assiègent" WC="1.00" CC="000340002"/>
						<SP ID="P18_SP00100" HPOS="1679" VPOS="2757" WIDTH="32"/>
						<String ID="P18_ST00115" HPOS="1711" VPOS="2682" WIDTH="60" HEIGHT="41" CONTENT="les" WC="1.00" CC="000"/>
						<SP ID="P18_SP00101" HPOS="1771" VPOS="2757" WIDTH="36"/>
						<String ID="P18_ST00116" HPOS="1807" VPOS="2692" WIDTH="144" HEIGHT="28" CONTENT="murs." WC="0.99" CC="05300"/>
					</TextLine>
					<TextLine ID="P18_TL00016" HPOS="184" VPOS="2753" WIDTH="1774" HEIGHT="67">
						<String ID="P18_ST00117" HPOS="184" VPOS="2778" WIDTH="118" HEIGHT="42" CONTENT="Mais" WC="1.00" CC="0010"/>
						<SP ID="P18_SP00102" HPOS="302" VPOS="2820" WIDTH="22"/>
						<String ID="P18_ST00118" HPOS="324" VPOS="2785" WIDTH="136" HEIGHT="34" CONTENT="avant" WC="0.99" CC="00022"/>
						<SP ID="P18_SP00103" HPOS="460" VPOS="2820" WIDTH="21"/>
						<String ID="P18_ST00119" HPOS="481" VPOS="2773" WIDTH="210" HEIGHT="43" CONTENT="d'arriver" WC="1.00" CC="020103004"/>
						<SP ID="P18_SP00104" HPOS="691" VPOS="2820" WIDTH="20"/>
						<String ID="P18_ST00120" HPOS="711" VPOS="2775" WIDTH="24" HEIGHT="38" CONTENT="à" WC="0.42" CC="5"/>
						<SP ID="P18_SP00105" HPOS="735" VPOS="2820" WIDTH="20"/>
						<String ID="P18_ST00121" HPOS="755" VPOS="2771" WIDTH="41" HEIGHT="42" CONTENT="la" WC="0.94" CC="10"/>
						<SP ID="P18_SP00106" HPOS="796" VPOS="2820" WIDTH="24"/>
						<String ID="P18_ST00122" HPOS="820" VPOS="2768" WIDTH="320" HEIGHT="43" CONTENT="bienheureuse" WC="1.00" CC="030000000000"/>
						<SP ID="P18_SP00107" HPOS="1140" VPOS="2820" WIDTH="23"/>
						<String ID="P18_ST00123" HPOS="1163" VPOS="2764" WIDTH="214" HEIGHT="49" CONTENT="enceinte," WC="1.00" CC="043020003"/>
						<SP ID="P18_SP00108" HPOS="1377" VPOS="2820" WIDTH="20"/>
						<String ID="P18_ST00124" HPOS="1397" VPOS="2766" WIDTH="58" HEIGHT="38" CONTENT="où" WC="0.56" CC="08"/>
						<SP ID="P18_SP00109" HPOS="1455" VPOS="2820" WIDTH="24"/>
						<String ID="P18_ST00125" HPOS="1479" VPOS="2761" WIDTH="55" HEIGHT="40" CONTENT="ils" WC="1.00" CC="000"/>
						<SP ID="P18_SP00110" HPOS="1534" VPOS="2820" WIDTH="20"/>
						<String ID="P18_ST00126" HPOS="1554" VPOS="2766" WIDTH="107" HEIGHT="33" CONTENT="vont" WC="0.97" CC="6024"/>
						<SP ID="P18_SP00111" HPOS="1661" VPOS="2820" WIDTH="23"/>
						<String ID="P18_ST00127" HPOS="1684" VPOS="2767" WIDTH="193" HEIGHT="30" CONTENT="recevoir" WC="1.00" CC="13000003"/>
						<SP ID="P18_SP00112" HPOS="1877" VPOS="2820" WIDTH="20"/>
						<String ID="P18_ST00128" HPOS="1897" VPOS="2753" WIDTH="61" HEIGHT="41" CONTENT="les" WC="0.98" CC="600"/>
					</TextLine>
					<TextLine ID="P18_TL00017" HPOS="183" VPOS="2828" WIDTH="1776" HEIGHT="72">
						<String ID="P18_ST00129" HPOS="183" VPOS="2853" WIDTH="189" HEIGHT="42" CONTENT="lauriers" WC="0.99" CC="10040610"/>
						<SP ID="P18_SP00113" HPOS="372" VPOS="2895" WIDTH="16"/>
						<String ID="P18_ST00130" HPOS="388" VPOS="2846" WIDTH="354" HEIGHT="54" CONTENT="universitaires," WC="1.00" CC="200000035033000"/>
						<SP ID="P18_SP00114" HPOS="742" VPOS="2900" WIDTH="16"/>
						<String ID="P18_ST00131" HPOS="758" VPOS="2843" WIDTH="131" HEIGHT="56" CONTENT="qu'ils" WC="0.99" CC="003360"/>
						<SP ID="P18_SP00115" HPOS="889" VPOS="2900" WIDTH="16"/>
						<String ID="P18_ST00132" HPOS="905" VPOS="2856" WIDTH="42" HEIGHT="28" CONTENT="se" WC="0.88" CC="02"/>
						<SP ID="P18_SP00116" HPOS="947" VPOS="2900" WIDTH="15"/>
						<String ID="P18_ST00133" HPOS="962" VPOS="2839" WIDTH="187" HEIGHT="56" CONTENT="gardent" WC="0.99" CC="0060050"/>
						<SP ID="P18_SP00117" HPOS="1149" VPOS="2900" WIDTH="19"/>
						<String ID="P18_ST00134" HPOS="1168" VPOS="2838" WIDTH="101" HEIGHT="42" CONTENT="bien" WC="0.98" CC="5400"/>
						<SP ID="P18_SP00118" HPOS="1269" VPOS="2900" WIDTH="17"/>
						<String ID="P18_ST00135" HPOS="1286" VPOS="2837" WIDTH="51" HEIGHT="40" CONTENT="de" WC="1.00" CC="00"/>
						<SP ID="P18_SP00119" HPOS="1337" VPOS="2900" WIDTH="15"/>
						<String ID="P18_ST00136" HPOS="1352" VPOS="2836" WIDTH="108" HEIGHT="41" CONTENT="faire" WC="0.99" CC="10400"/>
						<SP ID="P18_SP00120" HPOS="1460" VPOS="2900" WIDTH="17"/>
						<String ID="P18_ST00137" HPOS="1477" VPOS="2834" WIDTH="124" HEIGHT="55" CONTENT="étape" WC="0.99" CC="14000"/>
						<SP ID="P18_SP00121" HPOS="1601" VPOS="2900" WIDTH="21"/>
						<String ID="P18_ST00138" HPOS="1622" VPOS="2830" WIDTH="108" HEIGHT="41" CONTENT="dans" WC="1.00" CC="0000"/>
						<SP ID="P18_SP00122" HPOS="1730" VPOS="2900" WIDTH="14"/>
						<String ID="P18_ST00139" HPOS="1744" VPOS="2828" WIDTH="60" HEIGHT="42" CONTENT="les" WC="1.00" CC="010"/>
						<SP ID="P18_SP00123" HPOS="1804" VPOS="2900" WIDTH="16"/>
						<String ID="P18_ST00140" HPOS="1820" VPOS="2836" WIDTH="139" HEIGHT="34" CONTENT="tentes" WC="0.99" CC="005700"/>
					</TextLine>
					<TextLine ID="P18_TL00018" HPOS="183" VPOS="2900" WIDTH="1774" HEIGHT="83">
						<String ID="P18_ST00141" HPOS="183" VPOS="2927" WIDTH="81" HEIGHT="56" CONTENT="qui" WC="1.00" CC="000"/>
						<SP ID="P18_SP00124" HPOS="264" VPOS="2983" WIDTH="33"/>
						<String ID="P18_ST00142" HPOS="297" VPOS="2941" WIDTH="46" HEIGHT="27" CONTENT="se" WC="1.00" CC="00"/>
						<SP ID="P18_SP00125" HPOS="343" VPOS="2983" WIDTH="31"/>
						<String ID="P18_ST00143" HPOS="374" VPOS="2932" WIDTH="213" HEIGHT="36" CONTENT="trouvent" WC="1.00" CC="00010007"/>
						<SP ID="P18_SP00126" HPOS="587" VPOS="2983" WIDTH="34"/>
						<String ID="P18_ST00144" HPOS="621" VPOS="2935" WIDTH="76" HEIGHT="28" CONTENT="sur" WC="0.97" CC="070"/>
						<SP ID="P18_SP00127" HPOS="697" VPOS="2983" WIDTH="20"/>
						<String ID="P18_ST00145" HPOS="717" VPOS="2921" WIDTH="97" HEIGHT="40" CONTENT="leur" WC="0.97" CC="4035"/>
						<SP ID="P18_SP00128" HPOS="814" VPOS="2983" WIDTH="20"/>
						<String ID="P18_ST00146" HPOS="834" VPOS="2916" WIDTH="183" HEIGHT="43" CONTENT="chemin" WC="0.99" CC="340033"/>
						<SP ID="P18_SP00129" HPOS="1017" VPOS="2983" WIDTH="17"/>
						<String ID="P18_ST00147" HPOS="1034" VPOS="2930" WIDTH="10" HEIGHT="34" CONTENT=";" WC="0.47" CC="5"/>
						<SP ID="P18_SP00130" HPOS="1044" VPOS="2983" WIDTH="21"/>
						<String ID="P18_ST00148" HPOS="1065" VPOS="2914" WIDTH="110" HEIGHT="41" CONTENT="dans" WC="0.99" CC="0030"/>
						<SP ID="P18_SP00131" HPOS="1175" VPOS="2983" WIDTH="21"/>
						<String ID="P18_ST00149" HPOS="1196" VPOS="2910" WIDTH="164" HEIGHT="44" CONTENT="celle-ci" WC="0.99" CC="11263041"/>
						<SP ID="P18_SP00132" HPOS="1360" VPOS="2983" WIDTH="23"/>
						<String ID="P18_ST00150" HPOS="1383" VPOS="2908" WIDTH="150" HEIGHT="43" CONTENT="habite" WC="0.97" CC="304765"/>
						<SP ID="P18_SP00133" HPOS="1533" VPOS="2983" WIDTH="30"/>
						<String ID="P18_ST00151" HPOS="1563" VPOS="2905" WIDTH="42" HEIGHT="42" CONTENT="la" WC="0.82" CC="30"/>
						<SP ID="P18_SP00134" HPOS="1605" VPOS="2983" WIDTH="26"/>
						<String ID="P18_ST00152" HPOS="1631" VPOS="2905" WIDTH="189" HEIGHT="49" CONTENT="Paresse," WC="0.99" CC="30515004"/>
						<SP ID="P18_SP00135" HPOS="1820" VPOS="2983" WIDTH="38"/>
						<String ID="P18_ST00153" HPOS="1858" VPOS="2900" WIDTH="99" HEIGHT="56" CONTENT="plus" WC="0.98" CC="0620"/>
					</TextLine>
					<TextLine ID="P18_TL00019" HPOS="183" VPOS="2975" WIDTH="1776" HEIGHT="74">
						<String ID="P18_ST00154" HPOS="183" VPOS="3001" WIDTH="92" HEIGHT="44" CONTENT="loin" WC="0.98" CC="0413"/>
						<SP ID="P18_SP00136" HPOS="275" VPOS="3045" WIDTH="22"/>
						<String ID="P18_ST00155" HPOS="297" VPOS="3002" WIDTH="42" HEIGHT="42" CONTENT="la" WC="0.86" CC="20"/>
						<SP ID="P18_SP00137" HPOS="339" VPOS="3045" WIDTH="9"/>
						<String ID="P18_ST00156" HPOS="348" VPOS="2998" WIDTH="232" HEIGHT="51" CONTENT="Timidité," WC="1.00" CC="004000024"/>
						<SP ID="P18_SP00138" HPOS="580" VPOS="3049" WIDTH="19"/>
						<String ID="P18_ST00157" HPOS="599" VPOS="2994" WIDTH="179" HEIGHT="43" CONTENT="adroite" WC="1.00" CC="0010040"/>
						<SP ID="P18_SP00139" HPOS="778" VPOS="3049" WIDTH="21"/>
						<String ID="P18_ST00158" HPOS="799" VPOS="2993" WIDTH="299" HEIGHT="53" CONTENT="l'lgnorance," WC="1.00" CC="020900200000"/>
						<SP ID="P18_SP00140" HPOS="1098" VPOS="3049" WIDTH="19"/>
						<String ID="P18_ST00159" HPOS="1117" VPOS="2992" WIDTH="26" HEIGHT="38" CONTENT="à" WC="1.00" CC="0"/>
						<SP ID="P18_SP00141" HPOS="1143" VPOS="3049" WIDTH="21"/>
						<String ID="P18_ST00160" HPOS="1164" VPOS="2985" WIDTH="167" HEIGHT="56" CONTENT="gauche" WC="1.00" CC="000100"/>
						<SP ID="P18_SP00142" HPOS="1331" VPOS="3049" WIDTH="16"/>
						<String ID="P18_ST00161" HPOS="1347" VPOS="2984" WIDTH="41" HEIGHT="42" CONTENT="la" WC="0.97" CC="00"/>
						<SP ID="P18_SP00143" HPOS="1388" VPOS="3049" WIDTH="14"/>
						<String ID="P18_ST00162" HPOS="1402" VPOS="2982" WIDTH="212" HEIGHT="54" CONTENT="Volupté." WC="0.99" CC="62008622"/>
						<SP ID="P18_SP00144" HPOS="1614" VPOS="3049" WIDTH="28"/>
						<String ID="P18_ST00163" HPOS="1642" VPOS="2982" WIDTH="39" HEIGHT="38" CONTENT="A" WC="1.00" CC="0"/>
						<SP ID="P18_SP00145" HPOS="1681" VPOS="3049" WIDTH="22"/>
						<String ID="P18_ST00164" HPOS="1703" VPOS="2977" WIDTH="39" HEIGHT="41" CONTENT="la" WC="0.49" CC="09"/>
						<SP ID="P18_SP00146" HPOS="1742" VPOS="3049" WIDTH="24"/>
						<String ID="P18_ST00165" HPOS="1766" VPOS="2984" WIDTH="121" HEIGHT="47" CONTENT="porte" WC="0.99" CC="00450"/>
						<SP ID="P18_SP00147" HPOS="1887" VPOS="3049" WIDTH="20"/>
						<String ID="P18_ST00166" HPOS="1907" VPOS="2975" WIDTH="52" HEIGHT="40" CONTENT="de" WC="1.00" CC="00"/>
					</TextLine>
					<TextLine ID="P18_TL00020" HPOS="183" VPOS="3049" WIDTH="1777" HEIGHT="79">
						<String ID="P18_ST00167" HPOS="183" VPOS="3078" WIDTH="42" HEIGHT="42" CONTENT="la" WC="1.00" CC="00"/>
						<SP ID="P18_SP00148" HPOS="225" VPOS="3120" WIDTH="19"/>
						<String ID="P18_ST00168" HPOS="244" VPOS="3086" WIDTH="118" HEIGHT="33" CONTENT="tente" WC="0.99" CC="30004" STYLEREFS="TXT_6"/>
						<SP ID="P18_SP00149" HPOS="362" VPOS="3120" WIDTH="20"/>
						<String ID="P18_ST00169" HPOS="382" VPOS="3076" WIDTH="52" HEIGHT="40" CONTENT="de" WC="1.00" CC="00"/>
						<SP ID="P18_SP00150" HPOS="434" VPOS="3120" WIDTH="17"/>
						<String ID="P18_ST00170" HPOS="451" VPOS="3073" WIDTH="212" HEIGHT="55" CONTENT="Volupté," WC="0.99" CC="40530032"/>
						<SP ID="P18_SP00151" HPOS="663" VPOS="3128" WIDTH="24"/>
						<String ID="P18_ST00171" HPOS="687" VPOS="3083" WIDTH="43" HEIGHT="28" CONTENT="se" WC="1.00" CC="00"/>
						<SP ID="P18_SP00152" HPOS="730" VPOS="3128" WIDTH="20"/>
						<String ID="P18_ST00172" HPOS="750" VPOS="3069" WIDTH="113" HEIGHT="41" CONTENT="tient" WC="0.99" CC="03012"/>
						<SP ID="P18_SP00153" HPOS="863" VPOS="3128" WIDTH="22"/>
						<String ID="P18_ST00173" HPOS="885" VPOS="3079" WIDTH="64" HEIGHT="28" CONTENT="un" WC="1.00" CC="00"/>
						<SP ID="P18_SP00154" HPOS="949" VPOS="3128" WIDTH="20"/>
						<String ID="P18_ST00174" HPOS="969" VPOS="3062" WIDTH="247" HEIGHT="54" CONTENT="ménestrel," WC="0.99" CC="0320065100"/>
						<SP ID="P18_SP00155" HPOS="1216" VPOS="3128" WIDTH="31"/>
						<String ID="P18_ST00175" HPOS="1247" VPOS="3060" WIDTH="77" HEIGHT="55" CONTENT="qui" WC="0.99" CC="030"/>
						<SP ID="P18_SP00156" HPOS="1324" VPOS="3128" WIDTH="31"/>
						<String ID="P18_ST00176" HPOS="1355" VPOS="3058" WIDTH="162" HEIGHT="42" CONTENT="semble" WC="0.99" CC="001560"/>
						<SP ID="P18_SP00157" HPOS="1517" VPOS="3128" WIDTH="36"/>
						<String ID="P18_ST00177" HPOS="1553" VPOS="3053" WIDTH="171" HEIGHT="57" CONTENT="appeler" WC="1.00" CC="0004200"/>
						<SP ID="P18_SP00158" HPOS="1724" VPOS="3128" WIDTH="37"/>
						<String ID="P18_ST00178" HPOS="1761" VPOS="3050" WIDTH="40" HEIGHT="41" CONTENT="le" WC="0.81" CC="30"/>
						<SP ID="P18_SP00159" HPOS="1801" VPOS="3128" WIDTH="30"/>
						<String ID="P18_ST00179" HPOS="1831" VPOS="3049" WIDTH="129" HEIGHT="55" CONTENT="jeune" WC="0.97" CC="04647"/>
					</TextLine>
					<TextLine ID="P18_TL00021" HPOS="181" VPOS="3128" WIDTH="1775" HEIGHT="67">
						<String ID="P18_ST00180" HPOS="181" VPOS="3151" WIDTH="210" HEIGHT="44" CONTENT="candidat" WC="1.00" CC="40500000"/>
						<SP ID="P18_SP00160" HPOS="391" VPOS="3195" WIDTH="16"/>
						<String ID="P18_ST00181" HPOS="407" VPOS="3158" WIDTH="44" HEIGHT="33" CONTENT="et" WC="1.00" CC="00"/>
						<SP ID="P18_SP00161" HPOS="451" VPOS="3195" WIDTH="16"/>
						<String ID="P18_ST00182" HPOS="467" VPOS="3148" WIDTH="41" HEIGHT="42" CONTENT="le" WC="0.95" CC="00"/>
						<SP ID="P18_SP00162" HPOS="508" VPOS="3195" WIDTH="19"/>
						<String ID="P18_ST00183" HPOS="527" VPOS="3147" WIDTH="244" HEIGHT="42" CONTENT="détourner" WC="1.00" CC="000002103"/>
						<SP ID="P18_SP00163" HPOS="771" VPOS="3195" WIDTH="20"/>
						<String ID="P18_ST00184" HPOS="791" VPOS="3142" WIDTH="64" HEIGHT="42" CONTENT="du" WC="0.86" CC="02"/>
						<SP ID="P18_SP00164" HPOS="855" VPOS="3195" WIDTH="21"/>
						<String ID="P18_ST00185" HPOS="876" VPOS="3140" WIDTH="120" HEIGHT="42" CONTENT="droit" WC="1.00" CC="01002"/>
						<SP ID="P18_SP00165" HPOS="996" VPOS="3195" WIDTH="26"/>
						<String ID="P18_ST00186" HPOS="1022" VPOS="3138" WIDTH="178" HEIGHT="42" CONTENT="chemin" WC="0.99" CC="052020"/>
						<SP ID="P18_SP00166" HPOS="1200" VPOS="3195" WIDTH="39"/>
						<String ID="P18_ST00187" HPOS="1239" VPOS="3148" WIDTH="57" HEIGHT="28" CONTENT="au" WC="0.93" CC="01"/>
						<SP ID="P18_SP00167" HPOS="1296" VPOS="3195" WIDTH="40"/>
						<String ID="P18_ST00188" HPOS="1336" VPOS="3147" WIDTH="76" HEIGHT="28" CONTENT="son" WC="1.00" CC="000"/>
						<SP ID="P18_SP00168" HPOS="1412" VPOS="3195" WIDTH="28"/>
						<String ID="P18_ST00189" HPOS="1440" VPOS="3131" WIDTH="107" HEIGHT="42" CONTENT="d'un" WC="0.99" CC="0400"/>
						<SP ID="P18_SP00169" HPOS="1547" VPOS="3195" WIDTH="33"/>
						<String ID="P18_ST00190" HPOS="1580" VPOS="3128" WIDTH="100" HEIGHT="42" CONTENT="luth" WC="0.98" CC="1104"/>
						<SP ID="P18_SP00170" HPOS="1680" VPOS="3195" WIDTH="32"/>
						<String ID="P18_ST00191" HPOS="1712" VPOS="3134" WIDTH="244" HEIGHT="46" CONTENT="trompeur." WC="0.99" CC="520416000"/>
					</TextLine>
					<TextLine ID="P18_TL00022" HPOS="187" VPOS="3200" WIDTH="1612" HEIGHT="74">
						<String ID="P18_ST00192" HPOS="187" VPOS="3227" WIDTH="83" HEIGHT="42" CONTENT="Les" WC="1.00" CC="000"/>
						<SP ID="P18_SP00171" HPOS="270" VPOS="3269" WIDTH="23"/>
						<String ID="P18_ST00193" HPOS="293" VPOS="3223" WIDTH="236" HEIGHT="43" CONTENT="Bestiaires" WC="1.00" CC="0200001430"/>
						<SP ID="P18_SP00172" HPOS="529" VPOS="3269" WIDTH="21"/>
						<String ID="P18_ST00194" HPOS="550" VPOS="3220" WIDTH="61" HEIGHT="42" CONTENT="du" WC="0.89" CC="02"/>
						<SP ID="P18_SP00173" HPOS="611" VPOS="3269" WIDTH="16"/>
						<String ID="P18_ST00195" HPOS="627" VPOS="3231" WIDTH="164" HEIGHT="43" CONTENT="moyen" WC="0.99" CC="40202"/>
						<SP ID="P18_SP00174" HPOS="791" VPOS="3274" WIDTH="20"/>
						<String ID="P18_ST00196" HPOS="811" VPOS="3219" WIDTH="79" HEIGHT="52" CONTENT="âge" WC="1.00" CC="100"/>
						<SP ID="P18_SP00175" HPOS="890" VPOS="3274" WIDTH="20"/>
						<String ID="P18_ST00197" HPOS="910" VPOS="3223" WIDTH="99" HEIGHT="33" CONTENT="sont" WC="1.00" CC="0000"/>
						<SP ID="P18_SP00176" HPOS="1009" VPOS="3274" WIDTH="22"/>
						<String ID="P18_ST00198" HPOS="1031" VPOS="3209" WIDTH="179" HEIGHT="57" CONTENT="remplis" WC="1.00" CC="2200000"/>
						<SP ID="P18_SP00177" HPOS="1210" VPOS="3274" WIDTH="17"/>
						<String ID="P18_ST00199" HPOS="1227" VPOS="3205" WIDTH="271" HEIGHT="57" CONTENT="d'allégories" WC="1.00" CC="030005912300"/>
						<SP ID="P18_SP00178" HPOS="1498" VPOS="3274" WIDTH="23"/>
						<String ID="P18_ST00200" HPOS="1521" VPOS="3200" WIDTH="278" HEIGHT="44" CONTENT="semblables." WC="1.00" CC="00504000002"/>
					</TextLine>
					<TextLine ID="P18_TL00023" HPOS="244" VPOS="3270" WIDTH="1715" HEIGHT="72">
						<String ID="P18_ST00201" HPOS="244" VPOS="3302" WIDTH="122" HEIGHT="40" CONTENT="Dans" WC="0.99" CC="1050"/>
						<SP ID="P18_SP00179" HPOS="366" VPOS="3342" WIDTH="21"/>
						<String ID="P18_ST00202" HPOS="387" VPOS="3298" WIDTH="41" HEIGHT="42" CONTENT="la" WC="0.88" CC="20"/>
						<SP ID="P18_SP00180" HPOS="428" VPOS="3342" WIDTH="18"/>
						<String ID="P18_ST00203" HPOS="446" VPOS="3293" WIDTH="247" HEIGHT="45" CONTENT="cathédrale" WC="1.00" CC="0045001030"/>
						<SP ID="P18_SP00181" HPOS="693" VPOS="3342" WIDTH="19"/>
						<String ID="P18_ST00204" HPOS="712" VPOS="3293" WIDTH="54" HEIGHT="40" CONTENT="de" WC="0.96" CC="00"/>
						<SP ID="P18_SP00182" HPOS="766" VPOS="3342" WIDTH="21"/>
						<String ID="P18_ST00205" HPOS="787" VPOS="3289" WIDTH="283" HEIGHT="53" CONTENT="Strasbourg," WC="0.99" CC="06300660500"/>
						<SP ID="P18_SP00183" HPOS="1070" VPOS="3342" WIDTH="21"/>
						<String ID="P18_ST00206" HPOS="1091" VPOS="3298" WIDTH="89" HEIGHT="29" CONTENT="une" WC="0.96" CC="126"/>
						<SP ID="P18_SP00184" HPOS="1180" VPOS="3342" WIDTH="20"/>
						<String ID="P18_ST00207" HPOS="1200" VPOS="3283" WIDTH="100" HEIGHT="41" CONTENT="frise" WC="0.99" CC="03303"/>
						<SP ID="P18_SP00185" HPOS="1300" VPOS="3342" WIDTH="14"/>
						<String ID="P18_ST00208" HPOS="1314" VPOS="3279" WIDTH="244" HEIGHT="44" CONTENT="extérieure" WC="0.99" CC="0053243254"/>
						<SP ID="P18_SP00186" HPOS="1558" VPOS="3342" WIDTH="20"/>
						<String ID="P18_ST00209" HPOS="1578" VPOS="3275" WIDTH="60" HEIGHT="42" CONTENT="du" WC="0.78" CC="04"/>
						<SP ID="P18_SP00187" HPOS="1638" VPOS="3342" WIDTH="22"/>
						<String ID="P18_ST00210" HPOS="1660" VPOS="3270" WIDTH="299" HEIGHT="60" CONTENT="quatorzième" WC="0.99" CC="00004650501"/>
					</TextLine>
					<TextLine ID="P18_TL00024" HPOS="188" VPOS="3355" WIDTH="1772" HEIGHT="73">
						<String ID="P18_ST00211" HPOS="188" VPOS="3375" WIDTH="127" HEIGHT="43" CONTENT="siècle" WC="1.00" CC="000400" STYLEREFS="TXT_7"/>
						<SP ID="P18_SP00188" HPOS="315" VPOS="3418" WIDTH="15"/>
						<String ID="P18_ST00212" HPOS="330" VPOS="3373" WIDTH="248" HEIGHT="55" CONTENT="représente" WC="1.00" CC="0000500530"/>
						<SP ID="P18_SP00189" HPOS="578" VPOS="3428" WIDTH="14"/>
						<String ID="P18_ST00213" HPOS="592" VPOS="3369" WIDTH="61" HEIGHT="42" CONTENT="les" WC="0.98" CC="500"/>
						<SP ID="P18_SP00190" HPOS="653" VPOS="3428" WIDTH="11"/>
						<String ID="P18_ST00214" HPOS="664" VPOS="3368" WIDTH="187" HEIGHT="53" CONTENT="dangers" WC="0.99" CC="0035010"/>
						<SP ID="P18_SP00191" HPOS="851" VPOS="3428" WIDTH="14"/>
						<String ID="P18_ST00215" HPOS="865" VPOS="3364" WIDTH="59" HEIGHT="42" CONTENT="du" WC="0.75" CC="04"/>
						<SP ID="P18_SP00192" HPOS="924" VPOS="3428" WIDTH="17"/>
						<String ID="P18_ST00216" HPOS="941" VPOS="3363" WIDTH="112" HEIGHT="50" CONTENT="vice," WC="0.99" CC="04000"/>
						<SP ID="P18_SP00193" HPOS="1053" VPOS="3428" WIDTH="12"/>
						<String ID="P18_ST00217" HPOS="1065" VPOS="3368" WIDTH="41" HEIGHT="34" CONTENT="et" WC="0.54" CC="35"/>
						<SP ID="P18_SP00194" HPOS="1106" VPOS="3428" WIDTH="10"/>
						<String ID="P18_ST00218" HPOS="1116" VPOS="3359" WIDTH="40" HEIGHT="42" CONTENT="le" WC="0.81" CC="03"/>
						<SP ID="P18_SP00195" HPOS="1156" VPOS="3428" WIDTH="12"/>
						<String ID="P18_ST00219" HPOS="1168" VPOS="3358" WIDTH="162" HEIGHT="41" CONTENT="démon" WC="1.00" CC="02000"/>
						<SP ID="P18_SP00196" HPOS="1330" VPOS="3428" WIDTH="21"/>
						<String ID="P18_ST00220" HPOS="1351" VPOS="3360" WIDTH="221" HEIGHT="37" CONTENT="tentateur" WC="0.98" CC="046500977"/>
						<SP ID="P18_SP00197" HPOS="1572" VPOS="3428" WIDTH="22"/>
						<String ID="P18_ST00221" HPOS="1594" VPOS="3364" WIDTH="43" HEIGHT="28" CONTENT="se" WC="0.88" CC="02"/>
						<SP ID="P18_SP00198" HPOS="1637" VPOS="3428" WIDTH="25"/>
						<String ID="P18_ST00222" HPOS="1662" VPOS="3355" WIDTH="174" HEIGHT="36" CONTENT="montre" WC="0.98" CC="207067"/>
						<SP ID="P18_SP00199" HPOS="1836" VPOS="3428" WIDTH="22"/>
						<String ID="P18_ST00223" HPOS="1858" VPOS="3356" WIDTH="102" HEIGHT="31" CONTENT="sous" WC="0.98" CC="3106"/>
					</TextLine>
				</TextBlock>
				<TextBlock ID="P18_TB00005" HPOS="227" VPOS="3489" WIDTH="1002" HEIGHT="64" STYLEREFS="TXT_8 PAR_LEFT">
					<TextLine ID="P18_TL00025" HPOS="228" VPOS="3489" WIDTH="1001" HEIGHT="63">
						<String ID="P18_ST00224" HPOS="228" VPOS="3510" WIDTH="53" HEIGHT="42" CONTENT="(1)" WC="1.00" CC="000"/>
						<SP ID="P18_SP00200" HPOS="281" VPOS="3552" WIDTH="25"/>
						<String ID="P18_ST00225" HPOS="306" VPOS="3505" WIDTH="94" HEIGHT="37" CONTENT="Voir" WC="0.98" CC="4050"/>
						<SP ID="P18_SP00201" HPOS="400" VPOS="3552" WIDTH="19"/>
						<String ID="P18_ST00226" HPOS="419" VPOS="3504" WIDTH="53" HEIGHT="34" CONTENT="les" WC="0.94" CC="563"/>
						<SP ID="P18_SP00202" HPOS="472" VPOS="3552" WIDTH="20"/>
						<String ID="P18_ST00227" HPOS="492" VPOS="3501" WIDTH="179" HEIGHT="37" CONTENT="numéros" WC="0.98" CC="0957003"/>
						<SP ID="P18_SP00203" HPOS="671" VPOS="3552" WIDTH="22"/>
						<String ID="P18_ST00228" HPOS="693" VPOS="3499" WIDTH="66" HEIGHT="34" CONTENT="des" WC="0.99" CC="020"/>
						<SP ID="P18_SP00204" HPOS="759" VPOS="3552" WIDTH="25"/>
						<String ID="P18_ST00229" HPOS="784" VPOS="3509" WIDTH="13" HEIGHT="24" CONTENT="l" WC="1.00" CC="0"/>
						<String ID="P18_ST00230" HPOS="805" VPOS="3502" WIDTH="30" HEIGHT="19" CONTENT="er" STYLE="superscript" WC="0.54" CC="44"/>
						<SP ID="P18_SP00205" HPOS="835" VPOS="3552" WIDTH="19"/>
						<String ID="P18_ST00231" HPOS="854" VPOS="3493" WIDTH="120" HEIGHT="47" CONTENT="juillet" WC="0.99" CC="0212240"/>
						<SP ID="P18_SP00206" HPOS="974" VPOS="3552" WIDTH="23"/>
						<String ID="P18_ST00232" HPOS="997" VPOS="3499" WIDTH="34" HEIGHT="27" CONTENT="et" WC="0.63" CC="07"/>
						<SP ID="P18_SP00207" HPOS="1031" VPOS="3552" WIDTH="28"/>
						<String ID="P18_ST00233" HPOS="1059" VPOS="3496" WIDTH="44" HEIGHT="29" CONTENT='1"' WC="0.63" CC="34"/>
						<SP ID="P18_SP00208" HPOS="1103" VPOS="3552" WIDTH="21"/>
						<String ID="P18_ST00234" HPOS="1124" VPOS="3489" WIDTH="105" HEIGHT="35" CONTENT="août»" WC="0.99" CC="00107"/>
					</TextLine>
				</TextBlock>
				<TextBlock ID="P18_TB00006" HPOS="1713" VPOS="3540" WIDTH="112" HEIGHT="75" STYLEREFS="TXT_3 PAR_RIGHT">
					<TextLine ID="P18_TL00026" HPOS="1747" VPOS="3558" WIDTH="41" HEIGHT="26">
						<String ID="P18_ST00235" HPOS="1747" VPOS="3558" WIDTH="41" HEIGHT="26" CONTENT="11" WC="0.71" CC="05"/>
					</TextLine>
				</TextBlock>
				<TextBlock ID="P18_TB00007" HPOS="406" VPOS="3565" WIDTH="59" HEIGHT="46" STYLEREFS="TXT_3 PAR_LEFT">
					<TextLine ID="P18_TL00027" HPOS="408" VPOS="3568" WIDTH="56" HEIGHT="42">
						<String ID="P18_ST00236" HPOS="408" VPOS="3568" WIDTH="56" HEIGHT="42" CONTENT="V." WC="0.78" CC="04"/>
					</TextLine>
				</TextBlock>
				<ComposedBlock ID="P18_CB00001" HPOS="159" VPOS="236" WIDTH="1767" HEIGHT="575" STYLEREFS="TXT_9 PAR_LEFT" TYPE="Illustration">
					<GraphicalElement ID="P18_CB00001_SUB" HPOS="159" VPOS="236" WIDTH="1767" HEIGHT="575"/>
				</ComposedBlock>
				<ComposedBlock ID="P18_CB00002" HPOS="196" VPOS="1949" WIDTH="356" HEIGHT="360" STYLEREFS="TXT_9 PAR_LEFT" TYPE="Illustration">
					<GraphicalElement ID="P18_CB00002_SUB" HPOS="196" VPOS="1949" WIDTH="356" HEIGHT="360"/>
				</ComposedBlock>
			</PrintSpace>
		</Page>
	</Layout>
</alto>
