2395 4114
421 439 81 43 188

881 441 78 42 LA
990 441 393 52 CHRONIQUE
1415 441 323 44 MUSICALE

415 587 193 40 tatrices?
628 590 114 37 Vous
764 589 37 38 le
823 600 139 39 voyez,
977 589 27 39 il
1027 590 103 38 n'est
1152 602 70 38 pas
1244 592 21 35 à
1289 588 187 39 craindre
1497 601 80 38 que
1600 589 37 37 la
1658 589 113 50 place
1785 602 176 37 manque
1984 602 80 26 aux
2085 590 111 39 vrais

416 651 150 37 talents
671 669 17 15 »

471 740 53 36 Et
545 739 92 49 plus
659 738 86 38 loin
769 751 7 25 :

534 814 10 10 /

470 842 16 16 «
519 825 172 38 Etudiez
711 826 58 38 les
792 825 168 40 maîtres
980 827 71 49 qui
1075 827 179 38 écrivent
1279 826 36 38 le
1335 827 139 38 mieux
1496 839 108 38 pour
1619 827 38 37 la
1679 826 95 39 voix
1792 842 8 32 ;
1824 826 173 48 écartez,
2018 838 52 25 au
2102 839 73 25 con-

424 887 135 46 traire,
586 899 101 25 ceux
708 888 71 48 qui
799 888 36 37 la
863 888 203 50 fatiguent
1089 896 40 29 et
1150 889 39 36 la
1207 889 169 47 brisent,
1401 901 50 25 en
1481 889 59 37 lui
1557 889 207 50 imposant
1785 888 69 38 des
1877 896 116 29 tours
2015 888 49 37 de
2089 888 109 38 force

416 960 80 36 que
525 948 293 37 n'exécuterait
844 961 71 37 pas
953 948 166 38 l'archet
1140 948 37 37 le
1204 948 94 49 plus
1321 949 294 49 expérimenté.
1650 950 192 36 N'entrez
1879 961 71 36 pas
1978 957 93 41 trop
2095 950 101 35 dans

416 1010 59 36 les
498 1009 143 37 classes
674 1011 162 48 d'opéra
874 1009 191 49 comique
1088 1022 54 25 ou
1163 1011 163 49 d'opéra
1343 1024 8 31 ;
1382 1023 201 37 apprenez
1622 1011 168 38 d'abord
1812 1015 22 34 à
1865 1010 172 38 chanter
2073 1018 125 31 avant

416 1070 267 49 d'apprendre
708 1069 68 37 des
800 1069 121 48 rôles,
947 1077 38 29 et
1007 1069 251 39 défiez-vous
1286 1072 71 35 des
1386 1083 232 36 promesses
1642 1080 261 41 trompeuses
1924 1072 49 36 de
1996 1083 103 25 ceux
2119 1071 72 48 qui

418 1131 243 48 prétendent
689 1131 192 47 posséder
919 1131 36 37 le
978 1138 130 30 secret
1136 1131 49 37 de
1223 1131 98 38 faire
1356 1132 49 37 de
1426 1144 102 26 vous
1554 1133 54 36 du
1651 1134 90 50 jour
1771 1146 51 25 au
1845 1133 237 38 lendemain
2121 1134 72 36 des

416 1193 177 37 artistes.

469 1362 17 15 «
520 1345 136 38 Parmi
677 1346 59 37 les
757 1345 309 39 améliorations
1088 1347 102 38 dont
1223 1347 37 52 je
1282 1360 102 25 vous
1406 1349 152 48 parlais
1585 1357 93 29 tout
1699 1352 22 34 à
1753 1349 171 49 l'heure,
1949 1350 28 37 il
2006 1349 195 38 convient

416 1406 49 37 de
496 1406 176 49 signaler
705 1408 307 48 l'organisation
1042 1408 123 38 d'une
1197 1408 127 38 classe
1355 1409 256 37 d'orchestre
1635 1418 38 29 et
1713 1410 36 37 le
1775 1410 333 38 rétablissement
2128 1411 71 38 des

415 1469 198 37 exercices
628 1469 171 50 publics.
820 1470 47 37 Je
886 1481 52 26 ne
960 1470 153 37 saurais
1129 1478 93 43 trop
1242 1483 51 25 en
1314 1470 221 39 remercier
1557 1479 117 30 votre
1693 1471 124 50 digne
1837 1472 107 37 chef.

468 1636 15 22 «
512 1623 160 50 Soyons
701 1623 123 50 donc,
848 1636 107 24 nous
985 1636 50 25 en
1070 1636 128 26 avons
1227 1625 36 38 le
1295 1626 123 48 droit,
1442 1626 94 37 fiers
1569 1626 51 37 de
1648 1639 76 24 nos
1750 1629 154 45 succès,
1930 1626 94 37 fiers
2046 1627 48 36 de
2123 1638 77 25 nos

414 1687 176 43 artistes,
619 1685 92 36 fiers
740 1685 47 36 de
819 1697 77 24 nos
930 1685 151 48 gloires
1115 1685 253 48 nationales;
1401 1686 102 37 mais
1536 1699 153 38 soyons
1719 1686 127 50 justes
1876 1688 126 47 aussi,
2025 1697 40 27 et
2098 1688 101 36 dans

414 1753 108 29 cette
547 1757 122 25 revue
693 1745 69 37 des
780 1746 164 36 maîtres
963 1753 39 29 et
1020 1747 48 35 de
1085 1747 110 37 leurs
1219 1746 337 50 chefs-d'œuvre,
1577 1749 239 36 n'oublions
1835 1761 70 36 pas
1928 1761 76 24 nos
2020 1748 177 46 voisins;

416 1806 236 38 n'oublions
679 1819 71 36 pas
783 1807 183 37 l'accueil
997 1807 32 37 si
1059 1808 282 37 enthousiaste
1369 1817 39 28 et
1431 1821 33 25 si
1486 1810 146 36 mérité
1653 1810 71 48 qui
1746 1823 20 24 a
1796 1811 62 36 été
1888 1810 73 37 fait
1982 1813 21 33 à
2025 1810 177 37 l'auteur

415 1869 49 36 de
482 1868 205 52 Rigoîetto
694 1901 8 15 ,
720 1869 53 36 du
798 1870 224 36 Trovatore
1042 1877 39 28 et
1100 1870 162 36 à'Aida.
1283 1870 118 37 Cette
1422 1871 153 48 grande
1594 1883 100 38 page
1717 1872 55 36 du
1794 1871 193 50 Requiem
2005 1872 49 37 de
2079 1873 91 36 Man-

416 1930 106 44 zoni,
547 1938 115 29 toute
691 1930 136 48 pleine
856 1930 49 36 de
927 1930 177 38 douleur
1132 1939 39 29 et
1194 1932 48 36 de
1274 1931 72 49 foi,
1369 1931 134 38 aurait
1536 1933 143 37 mérité
1707 1933 139 37 mieux
1875 1934 129 48 qu'un
2027 1933 171 49 théâtre,

420 1991 100 37 mais
556 1992 112 36 Paris
706 2003 178 36 manque
919 1991 122 38 dune
1076 1992 98 37 salle
1209 1992 48 37 de
1293 1993 196 48 Concert,
1514 2001 39 30 et
1587 1994 28 36 il
1650 2007 22 24 a
1708 1994 116 49 fallu,
1857 2006 72 37 par
1966 1994 233 50 exception,

416 2053 204 37 autoriser
642 2052 393 51 l'Opéra-Comique
1055 2057 20 33 à
1092 2055 114 36 offrir
1229 2067 75 24 son
1327 2054 237 50 hospitalité
1586 2069 51 24 au
1660 2056 289 37 chef-d'œuvre
1971 2058 54 35 du
2050 2057 149 37 maître

418 2114 155 38 italien.
614 2115 75 37 J'ai
730 2115 58 36 dit
828 2127 71 38 par
943 2116 235 49 exception,
1223 2116 240 49 messieurs,
1507 2129 66 25 car
1619 2118 418 49 l'Opéra-Comique,
2077 2126 123 30 avant

418 2184 106 41 tout,
548 2189 39 24 se
609 2176 87 37 doit
718 2176 321 37 exclusivement
1061 2190 52 24 au
1141 2189 124 38 genre
1287 2178 33 36 si
1347 2178 182 37 national
1552 2179 70 37 des
1649 2180 163 49 Grétry,
1837 2180 70 37 des
1933 2179 172 49 Hérold,
2130 2180 71 37 des

421 2237 227 48 Boieldieu,
673 2238 70 38 des
767 2238 172 50 Halévy,
959 2251 106 36 pour
1087 2239 101 37 citer
1210 2239 231 37 seulement
1463 2252 102 26 ceux
1584 2241 71 49 qui
1684 2253 51 25 ne
1764 2249 94 29 sont
1880 2241 94 49 plus
1997 2248 39 30 et
2059 2253 50 25 ne
2129 2254 70 37 pas

416 2300 274 37 embarrasser
712 2299 59 38 les
791 2299 172 39 vivants.
1006 2317 17 15 »

470 2386 138 48 Enfin,
635 2394 39 29 et
695 2389 116 46 après
833 2399 81 25 une
936 2394 142 30 courte
1102 2387 238 51 biographie
1362 2389 49 36 de
1435 2390 56 36 M.
1518 2388 203 39 Deldevez
1748 2402 8 26 :

471 2484 17 15 «
511 2464 292 51 Aujourd'hui,
826 2469 118 47 après
967 2467 92 49 plus
1081 2467 48 37 de
1152 2475 134 29 trente
1308 2481 72 24 ans
1402 2469 49 36 de
1474 2469 158 47 labeur,
1656 2469 28 36 il
1713 2481 154 37 occupe
1891 2470 36 37 le
1956 2469 172 38 fauteuil
2151 2471 48 36 de

420 2542 74 25 son
521 2529 145 37 ancien
690 2529 143 37 maître
856 2530 73 49 (M.
957 2530 261 48 Habeneck);
1241 2532 27 35 il
1291 2531 127 49 dirige
1441 2532 38 36 la
1503 2531 124 37 classe
1650 2532 253 38 d'orchestre
1934 2533 55 36 du
2016 2533 157 37 Conser-

418 2591 171 48 vatoire,
619 2599 53 40 et,
697 2603 160 25 comme
884 2592 225 36 Habeneck
1131 2605 164 34 encore,
1314 2593 26 36 il
1360 2594 104 36 tient
1486 2605 50 25 en
1557 2605 42 25 sa
1622 2593 110 38 main
1756 2595 36 36 le
1816 2594 241 37 redoutable
2073 2592 126 39 bâton

416 2653 71 49 qui
510 2653 178 49 suspend
712 2666 53 24 ou
788 2653 71 48 qui
881 2653 186 37 entraîne
1090 2653 238 39 l'orchestre
1348 2667 93 24 sans
1461 2654 99 37 rival
1583 2656 48 36 de
1650 2656 37 36 la
1710 2655 161 37 Société
1893 2656 69 36 des
1983 2656 212 37 Concerts.

467 2730 16 20 «
510 2716 108 36 C'est
641 2727 50 25 en
713 2714 73 49 lui,
818 2715 233 46 messieurs,
1073 2726 51 26 en
1160 2716 58 36 lui
1241 2716 102 37 dont
1371 2716 37 37 la
1433 2716 65 38 vie
1526 2717 87 37 doit
1634 2730 101 24 vous
1758 2717 127 37 servir
1910 2718 227 49 d'exemple
2159 2726 40 29 et

417 2777 152 36 calmer
589 2789 71 24 vos
682 2776 141 48 jeunes
848 2775 281 51 impatiences,
1153 2777 96 37 c'est
1272 2789 50 25 en
1356 2779 61 37 M.
1449 2778 203 38 Deldevez
1673 2791 79 36 que
1774 2777 36 51 je
1834 2779 83 36 suis
1940 2779 186 37 heureux
2149 2780 49 36 de

418 2840 287 47 récompenser
725 2838 36 36 le
778 2839 294 47 compositeur,
1095 2839 36 36 le
1154 2840 245 48 professeur,
1423 2840 38 36 le
1484 2840 97 37 chef
1594 2841 251 37 d'orchestre
1865 2841 124 47 enfin,
2016 2853 51 25 en
2084 2849 90 30 atta-

416 2900 123 37 chant
567 2913 69 24 sur
658 2912 42 25 sa
722 2900 176 48 poitrine
921 2899 38 37 la
981 2899 114 38 croix
1116 2900 49 37 de
1186 2900 38 37 la
1246 2900 157 48 Légion
1425 2901 250 40 d'honneur.
1699 2919 17 14 »

1000 3167 234 57 FAITS
1306 3167 306 58 DIVERS

467 3319 264 36 M.ADOLPHE
751 3319 201 36 JULLIENA
974 3317 138 51 publié
1131 3316 301 38 dernièrement
1455 3318 101 36 dans
1577 3330 39 25 sa
1643 3330 123 25 revue
1778 3319 195 37 musicale
1988 3319 58 36 du
2058 3320 110 36 Fran-

418 3379 96 51 çais,
535 3392 81 24 une
635 3380 120 37 lettre
774 3380 200 37 familière
993 3381 48 36 de
1060 3381 55 35 M.
1140 3380 224 47 Membrée,
1383 3382 52 34 où
1453 3380 176 36 l'auteur
1646 3381 49 37 de
1717 3380 203 39 l'Esclave
1940 3389 167 29 raconte
2133 3393 62 25 ses

421 3441 235 48 espérances
688 3449 40 28 et
757 3453 61 26 ses
856 3441 186 38 déboires
1076 3441 181 50 pendant
1293 3441 243 49 vingt-trois
1564 3454 86 26 ans.
1689 3442 119 38 Cette
1834 3443 172 49 odyssée
2041 3442 154 37 bizarre

421 3501 96 37 d'un
545 3501 166 38 homme
738 3511 38 29 et
810 3503 121 38 d'une
965 3515 139 26 œuvre
1135 3503 143 38 mérite
1300 3503 125 39 d'être
1453 3515 176 28 connue.
1657 3504 88 38 Elle
1769 3504 255 49 enseignera,
2057 3503 138 37 mieux
