<?xml version="1.0" encoding="UTF-8"?>
<alto xmlns:xsi="http://www.w3.org/2001/XMLSchema-instance" xmlns="http://www.loc.gov/standards/alto/ns-v2#" xsi:schemaLocation="http://www.loc.gov/standards/alto/ns-v2# http://www.loc.gov/standards/alto/alto-v2.0.xsd" xmlns:xlink="http://www.w3.org/1999/xlink">
	<Description>
		<MeasurementUnit>mm10</MeasurementUnit>
		<sourceImageInformation>
			<fileName>//fileserver7/IN2-2/Princeton/bmtnabj/1905/08/05_01/00000416.tif</fileName>
		</sourceImageInformation>
		<OCRProcessing ID="OCRPROCESSING_1">
			<preProcessingStep>
				<processingSoftware>
					<softwareCreator>CCS Content Conversion Specialists GmbH, Germany</softwareCreator>
					<softwareName>CCS docWorks</softwareName>
					<softwareVersion>6.7-1.20</softwareVersion>
				</processingSoftware>
			</preProcessingStep>
			<ocrProcessingStep>
				<processingSoftware>
					<softwareCreator>ABBYY (BIT Software), Russia</softwareCreator>
					<softwareName>FineReader</softwareName>
					<softwareVersion>10.0</softwareVersion>
				</processingSoftware>
			</ocrProcessingStep>
		</OCRProcessing>
	</Description>
	<Styles>
		<TextStyle ID="TXT_0" FONTSIZE="13" FONTFAMILY="Times New Roman"/>
		<TextStyle ID="TXT_1" FONTSIZE="12" FONTFAMILY="Courier New" FONTSTYLE="bold"/>
		<TextStyle ID="TXT_2" FONTSIZE="18" FONTFAMILY="Times New Roman" FONTSTYLE="bold"/>
		<TextStyle ID="TXT_3" FONTSIZE="14" FONTFAMILY="Times New Roman" FONTSTYLE="italics"/>
		<TextStyle ID="TXT_4" FONTSIZE="14" FONTFAMILY="Times New Roman"/>
		<TextStyle ID="TXT_5" FONTSIZE="12" FONTFAMILY="Times New Roman" FONTSTYLE="italics"/>
		<TextStyle ID="TXT_6" FONTSIZE="12" FONTFAMILY="Times New Roman"/>
		<TextStyle ID="TXT_7" FONTSIZE="17" FONTFAMILY="Times New Roman"/>
		<ParagraphStyle ID="PAR_CENTER" ALIGN="Center"/>
		<ParagraphStyle ID="PAR_LEFT" ALIGN="Left"/>
		<ParagraphStyle ID="PAR_BLOCK" ALIGN="Block"/>
	</Styles>
	<Layout>
		<Page ID="P4" PHYSICAL_IMG_NR="4" HEIGHT="3749" WIDTH="2321" PRINTED_IMG_NR="400" PC="0.923">
			<TopMargin ID="P4_TM00001" HPOS="0" VPOS="0" WIDTH="2321" HEIGHT="247">
				<TextBlock ID="P4_TB00001" HPOS="944" VPOS="200" WIDTH="461" HEIGHT="36" STYLEREFS="TXT_0 PAR_CENTER">
					<TextLine ID="P4_TL00001" HPOS="944" VPOS="201" WIDTH="461" HEIGHT="35">
						<String ID="P4_ST00001" HPOS="944" VPOS="208" WIDTH="140" HEIGHT="28" CONTENT="NOTRE" WC="0.98" CC="07600"/>
						<SP ID="P4_SP00001" HPOS="1084" VPOS="236" WIDTH="36"/>
						<String ID="P4_ST00002" HPOS="1120" VPOS="201" WIDTH="285" HEIGHT="35" CONTENT="SUPPLÉMENT" WC="0.99" CC="1512365066"/>
					</TextLine>
				</TextBlock>
				<TextBlock ID="P4_TB00002" HPOS="189" VPOS="209" WIDTH="80" HEIGHT="35" STYLEREFS="TXT_1 PAR_LEFT">
					<TextLine ID="P4_TL00002" HPOS="190" VPOS="209" WIDTH="78" HEIGHT="35">
						<String ID="P4_ST00003" HPOS="190" VPOS="209" WIDTH="78" HEIGHT="35" CONTENT="400" WC="0.63" CC="505"/>
					</TextLine>
				</TextBlock>
			</TopMargin>
			<LeftMargin ID="P4_LM00001" HPOS="0" VPOS="247" WIDTH="168" HEIGHT="3259"/>
			<RightMargin ID="P4_RM00001" HPOS="2152" VPOS="247" WIDTH="169" HEIGHT="3259"/>
			<BottomMargin ID="P4_BM00001" HPOS="0" VPOS="3506" WIDTH="2321" HEIGHT="243"/>
			<PrintSpace ID="P4_PS00001" HPOS="168" VPOS="247" WIDTH="1984" HEIGHT="3259">
				<TextBlock ID="P4_TB00003" HPOS="453" VPOS="373" WIDTH="1437" HEIGHT="55" STYLEREFS="TXT_2 PAR_CENTER">
					<TextLine ID="P4_TL00003" HPOS="453" VPOS="373" WIDTH="1436" HEIGHT="53">
						<String ID="P4_ST00004" HPOS="453" VPOS="373" WIDTH="391" HEIGHT="42" CONTENT="Publications" WC="0.99" CC="357020310065"/>
						<SP ID="P4_SP00002" HPOS="844" VPOS="415" WIDTH="33"/>
						<String ID="P4_ST00005" HPOS="877" VPOS="373" WIDTH="307" HEIGHT="43" CONTENT="nouvelles." WC="1.00" CC="4050010050"/>
						<SP ID="P4_SP00003" HPOS="1184" VPOS="416" WIDTH="102"/>
						<String ID="P4_ST00006" HPOS="1286" VPOS="374" WIDTH="176" HEIGHT="42" CONTENT="Notre" WC="0.98" CC="13330"/>
						<SP ID="P4_SP00004" HPOS="1462" VPOS="416" WIDTH="43"/>
						<String ID="P4_ST00007" HPOS="1505" VPOS="373" WIDTH="384" HEIGHT="53" CONTENT="Supplément." WC="0.99" CC="00660082600"/>
					</TextLine>
				</TextBlock>
				<TextBlock ID="P4_TB00004" HPOS="815" VPOS="469" WIDTH="684" HEIGHT="43" STYLEREFS="TXT_0 PAR_CENTER">
					<TextLine ID="P4_TL00004" HPOS="816" VPOS="470" WIDTH="681" HEIGHT="42">
						<String ID="P4_ST00008" HPOS="816" VPOS="470" WIDTH="62" HEIGHT="41" CONTENT="M." WC="1.00" CC="00"/>
						<SP ID="P4_SP00005" HPOS="878" VPOS="511" WIDTH="33"/>
						<String ID="P4_ST00009" HPOS="911" VPOS="470" WIDTH="586" HEIGHT="42" CONTENT="BOURGAULT-DUCOUDRAY." WC="0.64" CC="31630332046602664240"/>
					</TextLine>
				</TextBlock>
				<TextBlock ID="P4_TB00005" HPOS="1129" VPOS="589" WIDTH="1023" HEIGHT="727" STYLEREFS="TXT_3 PAR_BLOCK">
					<TextLine ID="P4_TL00005" HPOS="1191" VPOS="590" WIDTH="960" HEIGHT="51">
						<String ID="P4_ST00010" HPOS="1191" VPOS="592" WIDTH="71" HEIGHT="40" CONTENT="En" WC="0.80" CC="04"/>
						<SP ID="P4_SP00006" HPOS="1262" VPOS="632" WIDTH="21"/>
						<String ID="P4_ST00011" HPOS="1283" VPOS="607" WIDTH="75" HEIGHT="25" CONTENT="son" WC="0.96" CC="503"/>
						<SP ID="P4_SP00007" HPOS="1358" VPOS="632" WIDTH="24"/>
						<String ID="P4_ST00012" HPOS="1382" VPOS="595" WIDTH="172" HEIGHT="37" CONTENT="numéro" WC="0.98" CC="066070"/>
						<SP ID="P4_SP00008" HPOS="1554" VPOS="632" WIDTH="39"/>
						<String ID="P4_ST00013" HPOS="1593" VPOS="594" WIDTH="55" HEIGHT="38" CONTENT="du" WC="0.88" CC="02"/>
						<SP ID="P4_SP00009" HPOS="1648" VPOS="632" WIDTH="41"/>
						<String ID="P4_ST00014" HPOS="1689" VPOS="608" WIDTH="18" HEIGHT="23" CONTENT="i" WC="0.13" CC="8"/>
						<String ID="P4_ST00015" HPOS="1714" VPOS="597" WIDTH="33" HEIGHT="18" CONTENT="er" STYLE="superscript" WC="0.64" CC="07"/>
						<SP ID="P4_SP00010" HPOS="1747" VPOS="632" WIDTH="30"/>
						<String ID="P4_ST00016" HPOS="1777" VPOS="590" WIDTH="87" HEIGHT="42" CONTENT="mai" WC="0.96" CC="360"/>
						<SP ID="P4_SP00011" HPOS="1864" VPOS="632" WIDTH="31"/>
						<String ID="P4_ST00017" HPOS="1895" VPOS="591" WIDTH="181" HEIGHT="50" CONTENT="dernier," WC="0.99" CC="00400127"/>
						<SP ID="P4_SP00012" HPOS="2076" VPOS="641" WIDTH="35"/>
						<String ID="P4_ST00018" HPOS="2111" VPOS="592" WIDTH="40" HEIGHT="40" CONTENT="la" WC="0.69" CC="06"/>
					</TextLine>
					<TextLine ID="P4_TL00006" HPOS="1137" VPOS="659" WIDTH="1014" HEIGHT="53">
						<String ID="P4_ST00019" HPOS="1137" VPOS="660" WIDTH="149" HEIGHT="42" CONTENT="Revue" WC="0.99" CC="50040" STYLEREFS="TXT_4"/>
						<SP ID="P4_SP00013" HPOS="1286" VPOS="702" WIDTH="41"/>
						<String ID="P4_ST00020" HPOS="1327" VPOS="659" WIDTH="209" HEIGHT="41" CONTENT="musicale" WC="0.99" CC="46053250" STYLEREFS="TXT_4"/>
						<SP ID="P4_SP00014" HPOS="1536" VPOS="702" WIDTH="43"/>
						<String ID="P4_ST00021" HPOS="1579" VPOS="674" WIDTH="24" HEIGHT="24" CONTENT="n" WC="0.73" CC="2"/>
						<SP ID="P4_SP00015" HPOS="1603" VPOS="702" WIDTH="19"/>
						<String ID="P4_ST00022" HPOS="1622" VPOS="659" WIDTH="113" HEIGHT="41" CONTENT="avait" WC="0.97" CC="70804"/>
						<SP ID="P4_SP00016" HPOS="1735" VPOS="702" WIDTH="19"/>
						<String ID="P4_ST00023" HPOS="1754" VPOS="659" WIDTH="121" HEIGHT="52" CONTENT="point" WC="0.99" CC="60000"/>
						<SP ID="P4_SP00017" HPOS="1875" VPOS="711" WIDTH="28"/>
						<String ID="P4_ST00024" HPOS="1903" VPOS="663" WIDTH="178" HEIGHT="49" CONTENT="manqué" WC="0.98" CC="050254"/>
						<SP ID="P4_SP00018" HPOS="2081" VPOS="712" WIDTH="21"/>
						<String ID="P4_ST00025" HPOS="2102" VPOS="661" WIDTH="49" HEIGHT="37" CONTENT="de" WC="1.00" CC="00"/>
					</TextLine>
					<TextLine ID="P4_TL00007" HPOS="1133" VPOS="725" WIDTH="1018" HEIGHT="41">
						<String ID="P4_ST00026" HPOS="1133" VPOS="728" WIDTH="315" HEIGHT="38" CONTENT="recommander" WC="0.99" CC="00741080000"/>
						<SP ID="P4_SP00019" HPOS="1448" VPOS="766" WIDTH="52"/>
						<String ID="P4_ST00027" HPOS="1500" VPOS="731" WIDTH="23" HEIGHT="35" CONTENT="à" WC="0.84" CC="1"/>
						<SP ID="P4_SP00020" HPOS="1523" VPOS="766" WIDTH="35"/>
						<String ID="P4_ST00028" HPOS="1558" VPOS="725" WIDTH="232" HEIGHT="41" CONTENT="Vattention" WC="0.69" CC="6815004003"/>
						<SP ID="P4_SP00021" HPOS="1790" VPOS="766" WIDTH="49"/>
						<String ID="P4_ST00029" HPOS="1839" VPOS="728" WIDTH="70" HEIGHT="38" CONTENT="des" WC="0.98" CC="005"/>
						<SP ID="P4_SP00022" HPOS="1909" VPOS="766" WIDTH="20"/>
						<String ID="P4_ST00030" HPOS="1929" VPOS="726" WIDTH="222" HEIGHT="40" CONTENT="musiciens" WC="1.00" CC="000050000"/>
					</TextLine>
					<TextLine ID="P4_TL00008" HPOS="1135" VPOS="794" WIDTH="1015" HEIGHT="54">
						<String ID="P4_ST00031" HPOS="1135" VPOS="795" WIDTH="196" HEIGHT="53" CONTENT="l'exquise" WC="1.00" CC="000000000"/>
						<SP ID="P4_SP00023" HPOS="1331" VPOS="848" WIDTH="52"/>
						<String ID="P4_ST00032" HPOS="1383" VPOS="794" WIDTH="211" HEIGHT="40" CONTENT="Chanson" WC="0.98" CC="4447006" STYLEREFS="TXT_4"/>
						<SP ID="P4_SP00024" HPOS="1594" VPOS="848" WIDTH="35"/>
						<String ID="P4_ST00033" HPOS="1629" VPOS="795" WIDTH="53" HEIGHT="39" CONTENT="de" WC="0.84" CC="30" STYLEREFS="TXT_4"/>
						<SP ID="P4_SP00025" HPOS="1682" VPOS="848" WIDTH="46"/>
						<String ID="P4_ST00034" HPOS="1728" VPOS="795" WIDTH="40" HEIGHT="39" CONTENT="la" WC="0.85" CC="20" STYLEREFS="TXT_4"/>
						<SP ID="P4_SP00026" HPOS="1768" VPOS="848" WIDTH="39"/>
						<String ID="P4_ST00035" HPOS="1807" VPOS="794" WIDTH="218" HEIGHT="50" CONTENT="Bretagne" WC="0.99" CC="04000700" STYLEREFS="TXT_4"/>
						<SP ID="P4_SP00027" HPOS="2025" VPOS="848" WIDTH="49"/>
						<String ID="P4_ST00036" HPOS="2074" VPOS="809" WIDTH="76" HEIGHT="39" CONTENT="que" WC="0.98" CC="040"/>
					</TextLine>
					<TextLine ID="P4_TL00009" HPOS="1133" VPOS="860" WIDTH="1019" HEIGHT="55">
						<String ID="P4_ST00037" HPOS="1133" VPOS="862" WIDTH="61" HEIGHT="40" CONTENT="M." WC="0.79" CC="04"/>
						<SP ID="P4_SP00028" HPOS="1194" VPOS="902" WIDTH="37"/>
						<String ID="P4_ST00038" HPOS="1231" VPOS="862" WIDTH="527" HEIGHT="53" CONTENT="Bourgault-Ducoudray" WC="0.89" CC="0000000033060060000"/>
						<SP ID="P4_SP00029" HPOS="1758" VPOS="915" WIDTH="41"/>
						<String ID="P4_ST00039" HPOS="1799" VPOS="862" WIDTH="141" HEIGHT="40" CONTENT="venait" WC="1.00" CC="400001"/>
						<SP ID="P4_SP00030" HPOS="1940" VPOS="915" WIDTH="32"/>
						<String ID="P4_ST00040" HPOS="1972" VPOS="862" WIDTH="49" HEIGHT="38" CONTENT="de" WC="1.00" CC="00"/>
						<SP ID="P4_SP00031" HPOS="2021" VPOS="915" WIDTH="10"/>
						<String ID="P4_ST00041" HPOS="2031" VPOS="860" WIDTH="121" HEIGHT="55" CONTENT="faire" WC="1.00" CC="10000"/>
					</TextLine>
					<TextLine ID="P4_TL00010" HPOS="1132" VPOS="928" WIDTH="1017" HEIGHT="55">
						<String ID="P4_ST00042" HPOS="1132" VPOS="933" WIDTH="199" HEIGHT="50" CONTENT="paraître." WC="1.00" CC="400000003"/>
						<SP ID="P4_SP00032" HPOS="1331" VPOS="983" WIDTH="42"/>
						<String ID="P4_ST00043" HPOS="1373" VPOS="928" WIDTH="303" HEIGHT="51" CONTENT="Aujourd'hui," WC="1.00" CC="100000070002"/>
						<SP ID="P4_SP00033" HPOS="1676" VPOS="983" WIDTH="51"/>
						<String ID="P4_ST00044" HPOS="1727" VPOS="928" WIDTH="114" HEIGHT="40" CONTENT="voici" WC="0.99" CC="60000"/>
						<SP ID="P4_SP00034" HPOS="1841" VPOS="983" WIDTH="38"/>
						<String ID="P4_ST00045" HPOS="1879" VPOS="943" WIDTH="76" HEIGHT="39" CONTENT="que" WC="1.00" CC="000"/>
						<SP ID="P4_SP00035" HPOS="1955" VPOS="983" WIDTH="34"/>
						<String ID="P4_ST00046" HPOS="1989" VPOS="928" WIDTH="140" HEIGHT="40" CONTENT="l'excel" SUBS_TYPE="HypPart1" SUBS_CONTENT="l'excellent" WC="0.99" CC="0901700"/>
						<HYP HPOS="2129" VPOS="928" WIDTH="20" CONTENT="-"/>
					</TextLine>
					<TextLine ID="P4_TL00011" HPOS="1135" VPOS="995" WIDTH="1015" HEIGHT="55">
						<String ID="P4_ST00047" HPOS="1135" VPOS="997" WIDTH="83" HEIGHT="39" CONTENT="lent" SUBS_TYPE="HypPart2" SUBS_CONTENT="l'excellent" WC="0.98" CC="0045"/>
						<SP ID="P4_SP00036" HPOS="1218" VPOS="1036" WIDTH="23"/>
						<String ID="P4_ST00048" HPOS="1241" VPOS="996" WIDTH="279" HEIGHT="54" CONTENT="compositeur" WC="1.00" CC="00004022000"/>
						<SP ID="P4_SP00037" HPOS="1520" VPOS="1050" WIDTH="20"/>
						<String ID="P4_ST00049" HPOS="1540" VPOS="1010" WIDTH="106" HEIGHT="25" CONTENT="nous" WC="0.99" CC="1030"/>
						<SP ID="P4_SP00038" HPOS="1646" VPOS="1050" WIDTH="28"/>
						<String ID="P4_ST00050" HPOS="1674" VPOS="996" WIDTH="139" HEIGHT="39" CONTENT="donne" WC="0.99" CC="00050"/>
						<SP ID="P4_SP00039" HPOS="1813" VPOS="1050" WIDTH="21"/>
						<String ID="P4_ST00051" HPOS="1834" VPOS="1010" WIDTH="56" HEIGHT="25" CONTENT="un" WC="0.80" CC="30"/>
						<SP ID="P4_SP00040" HPOS="1890" VPOS="1050" WIDTH="35"/>
						<String ID="P4_ST00052" HPOS="1925" VPOS="995" WIDTH="156" HEIGHT="41" CONTENT="recueil" WC="1.00" CC="0000000"/>
						<SP ID="P4_SP00041" HPOS="2081" VPOS="1050" WIDTH="19"/>
						<String ID="P4_ST00053" HPOS="2100" VPOS="996" WIDTH="50" HEIGHT="38" CONTENT="de" WC="1.00" CC="00"/>
					</TextLine>
					<TextLine ID="P4_TL00012" HPOS="1130" VPOS="1062" WIDTH="1019" HEIGHT="56">
						<String ID="P4_ST00054" HPOS="1130" VPOS="1064" WIDTH="135" HEIGHT="54" CONTENT="pièces" WC="1.00" CC="000000"/>
						<SP ID="P4_SP00042" HPOS="1265" VPOS="1118" WIDTH="21"/>
						<String ID="P4_ST00055" HPOS="1286" VPOS="1063" WIDTH="337" HEIGHT="40" CONTENT="instrumentales" WC="1.00" CC="00000000000000"/>
						<SP ID="P4_SP00043" HPOS="1623" VPOS="1118" WIDTH="18"/>
						<String ID="P4_ST00056" HPOS="1641" VPOS="1071" WIDTH="111" HEIGHT="45" CONTENT="pour" WC="0.99" CC="0030"/>
						<SP ID="P4_SP00044" HPOS="1752" VPOS="1118" WIDTH="20"/>
						<String ID="P4_ST00057" HPOS="1772" VPOS="1062" WIDTH="36" HEIGHT="40" CONTENT="le" WC="1.00" CC="00"/>
						<SP ID="P4_SP00045" HPOS="1808" VPOS="1118" WIDTH="21"/>
						<String ID="P4_ST00058" HPOS="1829" VPOS="1063" WIDTH="133" HEIGHT="54" CONTENT="piano" WC="0.98" CC="90050"/>
						<SP ID="P4_SP00046" HPOS="1962" VPOS="1118" WIDTH="28"/>
						<String ID="P4_ST00059" HPOS="1990" VPOS="1063" WIDTH="103" HEIGHT="39" CONTENT="dont" WC="1.00" CC="0002"/>
						<SP ID="P4_SP00047" HPOS="2093" VPOS="1118" WIDTH="21"/>
						<String ID="P4_ST00060" HPOS="2114" VPOS="1062" WIDTH="35" HEIGHT="39" CONTENT="le" WC="1.00" CC="00"/>
					</TextLine>
					<TextLine ID="P4_TL00013" HPOS="1130" VPOS="1130" WIDTH="1017" HEIGHT="53">
						<String ID="P4_ST00061" HPOS="1130" VPOS="1131" WIDTH="146" HEIGHT="39" CONTENT="mérite" WC="1.00" CC="030000"/>
						<SP ID="P4_SP00048" HPOS="1276" VPOS="1170" WIDTH="48"/>
						<String ID="P4_ST00062" HPOS="1324" VPOS="1131" WIDTH="103" HEIGHT="39" CONTENT="n'est" WC="0.99" CC="01004"/>
						<SP ID="P4_SP00049" HPOS="1427" VPOS="1170" WIDTH="30"/>
						<String ID="P4_ST00063" HPOS="1457" VPOS="1138" WIDTH="76" HEIGHT="45" CONTENT="pas" WC="1.00" CC="000"/>
						<SP ID="P4_SP00050" HPOS="1533" VPOS="1183" WIDTH="37"/>
						<String ID="P4_ST00064" HPOS="1570" VPOS="1130" WIDTH="193" HEIGHT="40" CONTENT="moindre" WC="1.00" CC="0500000"/>
						<SP ID="P4_SP00051" HPOS="1763" VPOS="1183" WIDTH="31"/>
						<String ID="P4_ST00065" HPOS="1794" VPOS="1136" WIDTH="37" HEIGHT="33" CONTENT="et" WC="0.85" CC="02"/>
						<SP ID="P4_SP00052" HPOS="1831" VPOS="1183" WIDTH="38"/>
						<String ID="P4_ST00066" HPOS="1869" VPOS="1130" WIDTH="72" HEIGHT="53" CONTENT="qui" WC="1.00" CC="000"/>
						<SP ID="P4_SP00053" HPOS="1941" VPOS="1183" WIDTH="31"/>
						<String ID="P4_ST00067" HPOS="1972" VPOS="1144" WIDTH="48" HEIGHT="25" CONTENT="ne" WC="0.88" CC="20"/>
						<SP ID="P4_SP00054" HPOS="2020" VPOS="1183" WIDTH="36"/>
						<String ID="P4_ST00068" HPOS="2056" VPOS="1144" WIDTH="91" HEIGHT="24" CONTENT="sera" WC="1.00" CC="0000"/>
					</TextLine>
					<TextLine ID="P4_TL00014" HPOS="1130" VPOS="1196" WIDTH="1018" HEIGHT="49">
						<String ID="P4_ST00069" HPOS="1130" VPOS="1206" WIDTH="74" HEIGHT="39" CONTENT="pas" WC="0.96" CC="900"/>
						<SP ID="P4_SP00055" HPOS="1204" VPOS="1245" WIDTH="22"/>
						<String ID="P4_ST00070" HPOS="1226" VPOS="1201" WIDTH="255" HEIGHT="36" CONTENT="assurément" WC="1.00" CC="0000000002"/>
						<SP ID="P4_SP00056" HPOS="1481" VPOS="1245" WIDTH="17"/>
						<String ID="P4_ST00071" HPOS="1498" VPOS="1197" WIDTH="137" HEIGHT="39" CONTENT="moins" WC="1.00" CC="01000"/>
						<SP ID="P4_SP00057" HPOS="1635" VPOS="1245" WIDTH="23"/>
						<String ID="P4_ST00072" HPOS="1658" VPOS="1196" WIDTH="94" HEIGHT="40" CONTENT="bien" WC="1.00" CC="0000"/>
						<SP ID="P4_SP00058" HPOS="1752" VPOS="1245" WIDTH="23"/>
						<String ID="P4_ST00073" HPOS="1775" VPOS="1196" WIDTH="193" HEIGHT="40" CONTENT="accueilli" WC="1.00" CC="000300000"/>
						<SP ID="P4_SP00059" HPOS="1968" VPOS="1245" WIDTH="21"/>
						<String ID="P4_ST00074" HPOS="1989" VPOS="1197" WIDTH="49" HEIGHT="39" CONTENT="de" WC="1.00" CC="00"/>
						<SP ID="P4_SP00060" HPOS="2038" VPOS="1245" WIDTH="20"/>
						<String ID="P4_ST00075" HPOS="2058" VPOS="1202" WIDTH="90" HEIGHT="34" CONTENT="tous" WC="0.99" CC="5000"/>
					</TextLine>
					<TextLine ID="P4_TL00015" HPOS="1130" VPOS="1263" WIDTH="1017" HEIGHT="53">
						<String ID="P4_ST00076" HPOS="1130" VPOS="1279" WIDTH="102" HEIGHT="25" CONTENT="ceux" WC="1.00" CC="0000"/>
						<SP ID="P4_SP00061" HPOS="1232" VPOS="1304" WIDTH="37"/>
						<String ID="P4_ST00077" HPOS="1269" VPOS="1264" WIDTH="72" HEIGHT="52" CONTENT="qui" WC="0.98" CC="050"/>
						<SP ID="P4_SP00062" HPOS="1341" VPOS="1316" WIDTH="36"/>
						<String ID="P4_ST00078" HPOS="1377" VPOS="1263" WIDTH="217" HEIGHT="41" CONTENT="cherchent" WC="1.00" CC="000000000"/>
						<SP ID="P4_SP00063" HPOS="1594" VPOS="1316" WIDTH="55"/>
						<String ID="P4_ST00079" HPOS="1649" VPOS="1265" WIDTH="105" HEIGHT="38" CONTENT="dans" WC="1.00" CC="0000"/>
						<SP ID="P4_SP00064" HPOS="1754" VPOS="1316" WIDTH="48"/>
						<String ID="P4_ST00080" HPOS="1802" VPOS="1264" WIDTH="56" HEIGHT="39" CONTENT="les" WC="1.00" CC="000"/>
						<SP ID="P4_SP00065" HPOS="1858" VPOS="1316" WIDTH="49"/>
						<String ID="P4_ST00081" HPOS="1907" VPOS="1277" WIDTH="160" HEIGHT="26" CONTENT="œuvres" WC="0.99" CC="208000"/>
						<SP ID="P4_SP00066" HPOS="2067" VPOS="1316" WIDTH="32"/>
						<String ID="P4_ST00082" HPOS="2099" VPOS="1264" WIDTH="48" HEIGHT="38" CONTENT="de" WC="1.00" CC="00"/>
					</TextLine>
				</TextBlock>
				<TextBlock ID="P4_TB00006" HPOS="168" VPOS="1327" WIDTH="1978" HEIGHT="2005" STYLEREFS="TXT_3 PAR_CENTER">
					<TextLine ID="P4_TL00016" HPOS="189" VPOS="1328" WIDTH="1956" HEIGHT="59">
						<String ID="P4_ST00083" HPOS="189" VPOS="1330" WIDTH="186" HEIGHT="53" CONTENT="musique" WC="0.99" CC="4110345"/>
						<SP ID="P4_SP00067" HPOS="375" VPOS="1383" WIDTH="21"/>
						<String ID="P4_ST00084" HPOS="396" VPOS="1331" WIDTH="272" HEIGHT="55" CONTENT="Vexpression" WC="0.70" CC="70103354042"/>
						<SP ID="P4_SP00068" HPOS="668" VPOS="1386" WIDTH="22"/>
						<String ID="P4_ST00085" HPOS="690" VPOS="1332" WIDTH="123" HEIGHT="40" CONTENT="d'une" WC="0.97" CC="07650"/>
						<SP ID="P4_SP00069" HPOS="813" VPOS="1386" WIDTH="26"/>
						<String ID="P4_ST00086" HPOS="839" VPOS="1336" WIDTH="151" HEIGHT="51" CONTENT="pensée" WC="0.99" CC="900050"/>
						<SP ID="P4_SP00070" HPOS="990" VPOS="1387" WIDTH="29"/>
						<String ID="P4_ST00087" HPOS="1019" VPOS="1333" WIDTH="160" HEIGHT="40" CONTENT="sincère" WC="0.99" CC="0007000"/>
						<SP ID="P4_SP00071" HPOS="1179" VPOS="1387" WIDTH="30"/>
						<String ID="P4_ST00088" HPOS="1209" VPOS="1347" WIDTH="50" HEIGHT="24" CONTENT="en" WC="1.00" CC="00"/>
						<SP ID="P4_SP00072" HPOS="1259" VPOS="1387" WIDTH="21"/>
						<String ID="P4_ST00089" HPOS="1280" VPOS="1346" WIDTH="80" HEIGHT="25" CONTENT="une" WC="0.97" CC="700"/>
						<SP ID="P4_SP00073" HPOS="1360" VPOS="1387" WIDTH="29"/>
						<String ID="P4_ST00090" HPOS="1389" VPOS="1331" WIDTH="158" HEIGHT="53" CONTENT="langue" WC="0.99" CC="050224"/>
						<SP ID="P4_SP00074" HPOS="1547" VPOS="1387" WIDTH="22"/>
						<String ID="P4_ST00091" HPOS="1569" VPOS="1330" WIDTH="214" HEIGHT="53" CONTENT="originale" WC="1.00" CC="300300500"/>
						<SP ID="P4_SP00075" HPOS="1783" VPOS="1387" WIDTH="32"/>
						<String ID="P4_ST00092" HPOS="1815" VPOS="1337" WIDTH="35" HEIGHT="33" CONTENT="et" WC="0.96" CC="00"/>
						<SP ID="P4_SP00076" HPOS="1850" VPOS="1387" WIDTH="22"/>
						<String ID="P4_ST00093" HPOS="1872" VPOS="1329" WIDTH="172" HEIGHT="56" CONTENT="raffinée" WC="0.99" CC="00226040"/>
						<SP ID="P4_SP00077" HPOS="2044" VPOS="1387" WIDTH="22"/>
						<String ID="P4_ST00094" HPOS="2066" VPOS="1328" WIDTH="79" HEIGHT="54" CONTENT="(/)." WC="0.39" CC="2777"/>
					</TextLine>
					<TextLine ID="P4_TL00017" HPOS="239" VPOS="1395" WIDTH="1904" HEIGHT="56">
						<String ID="P4_ST00095" HPOS="239" VPOS="1395" WIDTH="236" HEIGHT="54" CONTENT="Esquisses" WC="1.00" CC="200000000" STYLEREFS="TXT_4"/>
						<SP ID="P4_SP00078" HPOS="475" VPOS="1449" WIDTH="22"/>
						<String ID="P4_ST00096" HPOS="497" VPOS="1397" WIDTH="172" HEIGHT="54" CONTENT="d'après" WC="0.98" CC="0354370" STYLEREFS="TXT_4"/>
						<SP ID="P4_SP00079" HPOS="669" VPOS="1451" WIDTH="34"/>
						<String ID="P4_ST00097" HPOS="703" VPOS="1408" WIDTH="170" HEIGHT="41" CONTENT="nature," WC="0.98" CC="0652403" STYLEREFS="TXT_4"/>
						<SP ID="P4_SP00080" HPOS="873" VPOS="1451" WIDTH="38"/>
						<String ID="P4_ST00098" HPOS="911" VPOS="1399" WIDTH="53" HEIGHT="40" CONTENT="tel" WC="0.99" CC="300"/>
						<SP ID="P4_SP00081" HPOS="964" VPOS="1451" WIDTH="21"/>
						<String ID="P4_ST00099" HPOS="985" VPOS="1405" WIDTH="59" HEIGHT="34" CONTENT="est" WC="0.98" CC="006"/>
						<SP ID="P4_SP00082" HPOS="1044" VPOS="1451" WIDTH="33"/>
						<String ID="P4_ST00100" HPOS="1077" VPOS="1399" WIDTH="35" HEIGHT="40" CONTENT="le" WC="1.00" CC="00"/>
						<SP ID="P4_SP00083" HPOS="1112" VPOS="1451" WIDTH="22"/>
						<String ID="P4_ST00101" HPOS="1134" VPOS="1399" WIDTH="94" HEIGHT="39" CONTENT="titre" WC="1.00" CC="00400"/>
						<SP ID="P4_SP00084" HPOS="1228" VPOS="1451" WIDTH="20"/>
						<String ID="P4_ST00102" HPOS="1248" VPOS="1399" WIDTH="50" HEIGHT="38" CONTENT="de" WC="1.00" CC="00"/>
						<SP ID="P4_SP00085" HPOS="1298" VPOS="1451" WIDTH="34"/>
						<String ID="P4_ST00103" HPOS="1332" VPOS="1404" WIDTH="99" HEIGHT="33" CONTENT="cette" WC="0.99" CC="60110"/>
						<SP ID="P4_SP00086" HPOS="1431" VPOS="1451" WIDTH="20"/>
						<String ID="P4_ST00104" HPOS="1451" VPOS="1397" WIDTH="219" HEIGHT="40" CONTENT="collection" WC="1.00" CC="5000000000"/>
						<SP ID="P4_SP00087" HPOS="1670" VPOS="1451" WIDTH="31"/>
						<String ID="P4_ST00105" HPOS="1701" VPOS="1398" WIDTH="49" HEIGHT="39" CONTENT="de" WC="1.00" CC="00"/>
						<SP ID="P4_SP00088" HPOS="1750" VPOS="1451" WIDTH="22"/>
						<String ID="P4_ST00106" HPOS="1772" VPOS="1397" WIDTH="93" HEIGHT="53" CONTENT="cinq" WC="0.98" CC="0053"/>
						<SP ID="P4_SP00089" HPOS="1865" VPOS="1451" WIDTH="40"/>
						<String ID="P4_ST00107" HPOS="1905" VPOS="1411" WIDTH="238" HEIGHT="35" CONTENT="morceaux," WC="1.00" CC="400000204"/>
					</TextLine>
					<TextLine ID="P4_TL00018" HPOS="187" VPOS="1463" WIDTH="1959" HEIGHT="57">
						<String ID="P4_ST00108" HPOS="187" VPOS="1468" WIDTH="91" HEIGHT="35" CONTENT="tous" WC="0.99" CC="3000"/>
						<SP ID="P4_SP00090" HPOS="278" VPOS="1503" WIDTH="30"/>
						<String ID="P4_ST00109" HPOS="308" VPOS="1466" WIDTH="49" HEIGHT="38" CONTENT="de" WC="1.00" CC="00"/>
						<SP ID="P4_SP00091" HPOS="357" VPOS="1504" WIDTH="23"/>
						<String ID="P4_ST00110" HPOS="380" VPOS="1472" WIDTH="204" HEIGHT="33" CONTENT="caractère" WC="1.00" CC="400002600"/>
						<SP ID="P4_SP00092" HPOS="584" VPOS="1505" WIDTH="23"/>
						<String ID="P4_ST00111" HPOS="607" VPOS="1469" WIDTH="79" HEIGHT="36" CONTENT="très" WC="0.99" CC="3020"/>
						<SP ID="P4_SP00093" HPOS="686" VPOS="1505" WIDTH="21"/>
						<String ID="P4_ST00112" HPOS="707" VPOS="1467" WIDTH="152" HEIGHT="51" CONTENT="divers," WC="1.00" CC="0000007"/>
						<SP ID="P4_SP00094" HPOS="859" VPOS="1518" WIDTH="25"/>
						<String ID="P4_ST00113" HPOS="884" VPOS="1467" WIDTH="106" HEIGHT="39" CONTENT="mais" WC="1.00" CC="1000"/>
						<SP ID="P4_SP00095" HPOS="990" VPOS="1518" WIDTH="22"/>
						<String ID="P4_ST00114" HPOS="1012" VPOS="1467" WIDTH="103" HEIGHT="39" CONTENT="dont" WC="0.98" CC="0504"/>
						<SP ID="P4_SP00096" HPOS="1115" VPOS="1518" WIDTH="19"/>
						<String ID="P4_ST00115" HPOS="1134" VPOS="1465" WIDTH="284" HEIGHT="55" CONTENT="ïinspiration" WC="0.78" CC="700040065010"/>
						<SP ID="P4_SP00097" HPOS="1418" VPOS="1520" WIDTH="21"/>
						<String ID="P4_ST00116" HPOS="1439" VPOS="1465" WIDTH="168" HEIGHT="39" CONTENT="décoide" WC="0.65" CC="0370660"/>
						<SP ID="P4_SP00098" HPOS="1607" VPOS="1520" WIDTH="23"/>
						<String ID="P4_ST00117" HPOS="1630" VPOS="1465" WIDTH="49" HEIGHT="39" CONTENT="de" WC="1.00" CC="00"/>
						<SP ID="P4_SP00099" HPOS="1679" VPOS="1520" WIDTH="22"/>
						<String ID="P4_ST00118" HPOS="1701" VPOS="1465" WIDTH="40" HEIGHT="39" CONTENT="la" WC="1.00" CC="00"/>
						<SP ID="P4_SP00100" HPOS="1741" VPOS="1520" WIDTH="21"/>
						<String ID="P4_ST00119" HPOS="1762" VPOS="1467" WIDTH="129" HEIGHT="37" CONTENT="même" WC="0.98" CC="1600"/>
						<SP ID="P4_SP00101" HPOS="1891" VPOS="1520" WIDTH="17"/>
						<String ID="P4_ST00120" HPOS="1908" VPOS="1479" WIDTH="159" HEIGHT="25" CONTENT="source." WC="0.99" CC="0040007"/>
						<SP ID="P4_SP00102" HPOS="2067" VPOS="1520" WIDTH="22"/>
						<String ID="P4_ST00121" HPOS="2089" VPOS="1463" WIDTH="57" HEIGHT="40" CONTENT="Le" WC="0.78" CC="40"/>
					</TextLine>
					<TextLine ID="P4_TL00019" HPOS="184" VPOS="1531" WIDTH="1961" HEIGHT="57">
						<String ID="P4_ST00122" HPOS="184" VPOS="1531" WIDTH="93" HEIGHT="39" CONTENT="titre" WC="0.99" CC="30400"/>
						<SP ID="P4_SP00103" HPOS="277" VPOS="1570" WIDTH="19"/>
						<String ID="P4_ST00123" HPOS="296" VPOS="1531" WIDTH="200" HEIGHT="56" CONTENT="l'indique" WC="1.00" CC="030000000"/>
						<SP ID="P4_SP00104" HPOS="496" VPOS="1587" WIDTH="22"/>
						<String ID="P4_ST00124" HPOS="518" VPOS="1548" WIDTH="109" HEIGHT="25" CONTENT="assez" WC="1.00" CC="00000"/>
						<SP ID="P4_SP00105" HPOS="627" VPOS="1587" WIDTH="18"/>
						<String ID="P4_ST00125" HPOS="645" VPOS="1547" WIDTH="12" HEIGHT="26" CONTENT=":" WC="1.00" CC="0"/>
						<SP ID="P4_SP00106" HPOS="657" VPOS="1587" WIDTH="22"/>
						<String ID="P4_ST00126" HPOS="679" VPOS="1533" WIDTH="112" HEIGHT="40" CONTENT="ainsi" WC="1.00" CC="00000"/>
						<SP ID="P4_SP00107" HPOS="791" VPOS="1587" WIDTH="20"/>
						<String ID="P4_ST00127" HPOS="811" VPOS="1549" WIDTH="76" HEIGHT="39" CONTENT="que" WC="1.00" CC="010"/>
						<SP ID="P4_SP00108" HPOS="887" VPOS="1588" WIDTH="18"/>
						<String ID="P4_ST00128" HPOS="905" VPOS="1542" WIDTH="110" HEIGHT="46" CONTENT="pour" WC="0.99" CC="0060"/>
						<SP ID="P4_SP00109" HPOS="1015" VPOS="1588" WIDTH="18"/>
						<String ID="P4_ST00129" HPOS="1033" VPOS="1548" WIDTH="63" HEIGHT="25" CONTENT="ses" WC="0.96" CC="405"/>
						<SP ID="P4_SP00110" HPOS="1096" VPOS="1588" WIDTH="22"/>
						<String ID="P4_ST00130" HPOS="1118" VPOS="1533" WIDTH="198" HEIGHT="40" CONTENT="mélodies" WC="1.00" CC="00000000"/>
						<SP ID="P4_SP00111" HPOS="1316" VPOS="1588" WIDTH="21"/>
						<String ID="P4_ST00131" HPOS="1337" VPOS="1533" WIDTH="176" HEIGHT="43" CONTENT="vocales," WC="0.99" CC="02600004"/>
						<SP ID="P4_SP00112" HPOS="1513" VPOS="1588" WIDTH="32"/>
						<String ID="P4_ST00132" HPOS="1545" VPOS="1547" WIDTH="18" HEIGHT="24" CONTENT="c" WC="1.00" CC="0"/>
						<SP ID="P4_SP00113" HPOS="1563" VPOS="1588" WIDTH="18"/>
						<String ID="P4_ST00133" HPOS="1581" VPOS="1538" WIDTH="56" HEIGHT="33" CONTENT="est" WC="0.98" CC="005"/>
						<SP ID="P4_SP00114" HPOS="1637" VPOS="1588" WIDTH="22"/>
						<String ID="P4_ST00134" HPOS="1659" VPOS="1536" WIDTH="23" HEIGHT="35" CONTENT="à" WC="0.58" CC="4"/>
						<SP ID="P4_SP00115" HPOS="1682" VPOS="1588" WIDTH="22"/>
						<String ID="P4_ST00135" HPOS="1704" VPOS="1531" WIDTH="96" HEIGHT="40" CONTENT="l'art" WC="0.98" CC="01805"/>
						<SP ID="P4_SP00116" HPOS="1800" VPOS="1588" WIDTH="18"/>
						<String ID="P4_ST00136" HPOS="1818" VPOS="1531" WIDTH="221" HEIGHT="54" CONTENT="populaire" WC="1.00" CC="008000000"/>
						<SP ID="P4_SP00117" HPOS="2039" VPOS="1588" WIDTH="30"/>
						<String ID="P4_ST00137" HPOS="2069" VPOS="1545" WIDTH="76" HEIGHT="39" CONTENT="que" WC="1.00" CC="010"/>
					</TextLine>
					<TextLine ID="P4_TL00020" HPOS="186" VPOS="1597" WIDTH="1959" HEIGHT="56">
						<String ID="P4_ST00138" HPOS="186" VPOS="1597" WIDTH="64" HEIGHT="40" CONTENT="M." WC="0.70" CC="14"/>
						<SP ID="P4_SP00118" HPOS="250" VPOS="1637" WIDTH="13"/>
						<String ID="P4_ST00139" HPOS="263" VPOS="1598" WIDTH="120" HEIGHT="40" CONTENT="Bour" WC="0.73" CC="0550"/>
						<SP ID="P4_SP00119" HPOS="383" VPOS="1638" WIDTH="2"/>
						<String ID="P4_ST00140" HPOS="385" VPOS="1601" WIDTH="398" HEIGHT="52" CONTENT="gault-Ducoudray" WC="0.95" CC="000002000030000"/>
						<SP ID="P4_SP00120" HPOS="783" VPOS="1653" WIDTH="20"/>
						<String ID="P4_ST00141" HPOS="803" VPOS="1607" WIDTH="58" HEIGHT="33" CONTENT="est" WC="0.99" CC="003"/>
						<SP ID="P4_SP00121" HPOS="861" VPOS="1653" WIDTH="17"/>
						<String ID="P4_ST00142" HPOS="878" VPOS="1601" WIDTH="81" HEIGHT="40" CONTENT="allé" WC="0.98" CC="6003"/>
						<SP ID="P4_SP00122" HPOS="959" VPOS="1653" WIDTH="20"/>
						<String ID="P4_ST00143" HPOS="979" VPOS="1601" WIDTH="228" HEIGHT="40" CONTENT="demander" WC="0.99" CC="05200003"/>
						<SP ID="P4_SP00123" HPOS="1207" VPOS="1653" WIDTH="16"/>
						<String ID="P4_ST00144" HPOS="1223" VPOS="1615" WIDTH="62" HEIGHT="24" CONTENT="ses" WC="1.00" CC="000"/>
						<SP ID="P4_SP00124" HPOS="1285" VPOS="1653" WIDTH="15"/>
						<String ID="P4_ST00145" HPOS="1300" VPOS="1600" WIDTH="194" HEIGHT="39" CONTENT="modèles." WC="1.00" CC="00000003"/>
						<SP ID="P4_SP00125" HPOS="1494" VPOS="1653" WIDTH="24"/>
						<String ID="P4_ST00146" HPOS="1518" VPOS="1598" WIDTH="112" HEIGHT="41" CONTENT="Cette" WC="1.00" CC="00400"/>
						<SP ID="P4_SP00126" HPOS="1630" VPOS="1653" WIDTH="6"/>
						<String ID="P4_ST00147" HPOS="1636" VPOS="1599" WIDTH="97" HEIGHT="54" CONTENT="fois" WC="1.00" CC="0000"/>
						<SP ID="P4_SP00127" HPOS="1733" VPOS="1653" WIDTH="17"/>
						<String ID="P4_ST00148" HPOS="1750" VPOS="1613" WIDTH="162" HEIGHT="35" CONTENT="encore," WC="0.99" CC="4000004"/>
						<SP ID="P4_SP00128" HPOS="1912" VPOS="1653" WIDTH="20"/>
						<String ID="P4_ST00149" HPOS="1932" VPOS="1599" WIDTH="57" HEIGHT="38" CONTENT="les" WC="0.98" CC="005"/>
						<SP ID="P4_SP00129" HPOS="1989" VPOS="1653" WIDTH="12"/>
						<String ID="P4_ST00150" HPOS="2001" VPOS="1598" WIDTH="144" HEIGHT="39" CONTENT="chants" WC="1.00" CC="000020"/>
					</TextLine>
					<TextLine ID="P4_TL00021" HPOS="183" VPOS="1665" WIDTH="1960" HEIGHT="57">
						<String ID="P4_ST00151" HPOS="183" VPOS="1665" WIDTH="48" HEIGHT="39" CONTENT="de" WC="1.00" CC="00"/>
						<SP ID="P4_SP00130" HPOS="231" VPOS="1704" WIDTH="20"/>
						<String ID="P4_ST00152" HPOS="251" VPOS="1681" WIDTH="46" HEIGHT="24" CONTENT="sa" WC="1.00" CC="00"/>
						<SP ID="P4_SP00131" HPOS="297" VPOS="1705" WIDTH="23"/>
						<String ID="P4_ST00153" HPOS="320" VPOS="1673" WIDTH="103" HEIGHT="33" CONTENT="terre" WC="1.00" CC="20000"/>
						<SP ID="P4_SP00132" HPOS="423" VPOS="1706" WIDTH="22"/>
						<String ID="P4_ST00154" HPOS="445" VPOS="1669" WIDTH="153" HEIGHT="48" CONTENT="natale," WC="1.00" CC="0040003"/>
						<SP ID="P4_SP00133" HPOS="598" VPOS="1717" WIDTH="24"/>
						<String ID="P4_ST00155" HPOS="622" VPOS="1669" WIDTH="40" HEIGHT="38" CONTENT="la" WC="1.00" CC="00"/>
						<SP ID="P4_SP00134" HPOS="662" VPOS="1717" WIDTH="17"/>
						<String ID="P4_ST00156" HPOS="679" VPOS="1668" WIDTH="231" HEIGHT="53" CONTENT="Bretagne," WC="1.00" CC="000300007"/>
						<SP ID="P4_SP00135" HPOS="910" VPOS="1721" WIDTH="25"/>
						<String ID="P4_ST00157" HPOS="935" VPOS="1674" WIDTH="72" HEIGHT="34" CONTENT="ont" WC="1.00" CC="001"/>
						<SP ID="P4_SP00136" HPOS="1007" VPOS="1721" WIDTH="19"/>
						<String ID="P4_ST00158" HPOS="1026" VPOS="1682" WIDTH="48" HEIGHT="26" CONTENT="eu" WC="0.86" CC="02"/>
						<SP ID="P4_SP00137" HPOS="1074" VPOS="1721" WIDTH="20"/>
						<String ID="P4_ST00159" HPOS="1094" VPOS="1682" WIDTH="63" HEIGHT="25" CONTENT="ses" WC="1.00" CC="000"/>
						<SP ID="P4_SP00138" HPOS="1157" VPOS="1721" WIDTH="19"/>
						<String ID="P4_ST00160" HPOS="1176" VPOS="1669" WIDTH="277" HEIGHT="53" CONTENT="préférences." WC="1.00" CC="000000003064"/>
						<SP ID="P4_SP00139" HPOS="1453" VPOS="1722" WIDTH="29"/>
						<String ID="P4_ST00161" HPOS="1482" VPOS="1665" WIDTH="140" HEIGHT="41" CONTENT="Certes" WC="1.00" CC="000000"/>
						<String ID="P4_ST00162" HPOS="1626" VPOS="1697" WIDTH="11" HEIGHT="20" CONTENT="?" STYLE="subscript" WC="0.27" CC="7"/>
						<SP ID="P4_SP00140" HPOS="1637" VPOS="1722" WIDTH="38"/>
						<String ID="P4_ST00163" HPOS="1675" VPOS="1681" WIDTH="42" HEIGHT="24" CONTENT="ce" WC="0.82" CC="30"/>
						<SP ID="P4_SP00141" HPOS="1717" VPOS="1722" WIDTH="22"/>
						<String ID="P4_ST00164" HPOS="1739" VPOS="1665" WIDTH="102" HEIGHT="40" CONTENT="n'est" WC="0.99" CC="00043"/>
						<SP ID="P4_SP00142" HPOS="1841" VPOS="1722" WIDTH="17"/>
						<String ID="P4_ST00165" HPOS="1858" VPOS="1665" WIDTH="123" HEIGHT="55" CONTENT="point" WC="0.98" CC="90001"/>
						<SP ID="P4_SP00143" HPOS="1981" VPOS="1722" WIDTH="20"/>
						<String ID="P4_ST00166" HPOS="2001" VPOS="1681" WIDTH="76" HEIGHT="39" CONTENT="que" WC="1.00" CC="000"/>
						<SP ID="P4_SP00144" HPOS="2077" VPOS="1722" WIDTH="21"/>
						<String ID="P4_ST00167" HPOS="2098" VPOS="1681" WIDTH="45" HEIGHT="24" CONTENT="sa" WC="1.00" CC="00"/>
					</TextLine>
					<TextLine ID="P4_TL00022" HPOS="182" VPOS="1733" WIDTH="1961" HEIGHT="56">
						<String ID="P4_ST00168" HPOS="182" VPOS="1733" WIDTH="115" HEIGHT="39" CONTENT="docte" WC="0.99" CC="00430"/>
						<SP ID="P4_SP00145" HPOS="297" VPOS="1772" WIDTH="17"/>
						<String ID="P4_ST00169" HPOS="314" VPOS="1734" WIDTH="203" HEIGHT="51" CONTENT="fantaisie" WC="0.99" CC="406300000"/>
						<SP ID="P4_SP00146" HPOS="517" VPOS="1785" WIDTH="16"/>
						<String ID="P4_ST00170" HPOS="533" VPOS="1750" WIDTH="41" HEIGHT="24" CONTENT="se" WC="1.00" CC="00"/>
						<SP ID="P4_SP00147" HPOS="574" VPOS="1785" WIDTH="22"/>
						<String ID="P4_ST00171" HPOS="596" VPOS="1735" WIDTH="81" HEIGHT="40" CONTENT="soit" WC="0.99" CC="0005"/>
						<SP ID="P4_SP00148" HPOS="677" VPOS="1785" WIDTH="20"/>
						<String ID="P4_ST00172" HPOS="697" VPOS="1736" WIDTH="188" HEIGHT="53" CONTENT="complue" WC="1.00" CC="0020030"/>
						<SP ID="P4_SP00149" HPOS="885" VPOS="1789" WIDTH="16"/>
						<String ID="P4_ST00173" HPOS="901" VPOS="1738" WIDTH="24" HEIGHT="37" CONTENT="à" WC="0.24" CC="7"/>
						<SP ID="P4_SP00150" HPOS="925" VPOS="1789" WIDTH="19"/>
						<String ID="P4_ST00174" HPOS="944" VPOS="1734" WIDTH="155" HEIGHT="41" CONTENT="choisir" WC="1.00" CC="0000000"/>
						<SP ID="P4_SP00151" HPOS="1099" VPOS="1789" WIDTH="20"/>
						<String ID="P4_ST00175" HPOS="1119" VPOS="1735" WIDTH="292" HEIGHT="53" CONTENT="quelques-uns" WC="1.00" CC="000000006306"/>
						<SP ID="P4_SP00152" HPOS="1411" VPOS="1789" WIDTH="16"/>
						<String ID="P4_ST00176" HPOS="1427" VPOS="1734" WIDTH="70" HEIGHT="39" CONTENT="des" WC="1.00" CC="000"/>
						<SP ID="P4_SP00153" HPOS="1497" VPOS="1789" WIDTH="18"/>
						<String ID="P4_ST00177" HPOS="1515" VPOS="1733" WIDTH="152" HEIGHT="40" CONTENT="thèmes" WC="1.00" CC="300000"/>
						<SP ID="P4_SP00154" HPOS="1667" VPOS="1789" WIDTH="14"/>
						<String ID="P4_ST00178" HPOS="1681" VPOS="1748" WIDTH="76" HEIGHT="38" CONTENT="que" WC="1.00" CC="000"/>
						<SP ID="P4_SP00155" HPOS="1757" VPOS="1789" WIDTH="21"/>
						<String ID="P4_ST00179" HPOS="1778" VPOS="1733" WIDTH="182" HEIGHT="40" CONTENT="redisent" WC="0.99" CC="00000077"/>
						<SP ID="P4_SP00156" HPOS="1960" VPOS="1789" WIDTH="16"/>
						<String ID="P4_ST00180" HPOS="1976" VPOS="1733" WIDTH="144" HEIGHT="39" CONTENT="incons" SUBS_TYPE="HypPart1" SUBS_CONTENT="inconsciemment" WC="1.00" CC="004000"/>
						<HYP HPOS="2120" VPOS="1733" WIDTH="23" CONTENT="-"/>
					</TextLine>
					<TextLine ID="P4_TL00023" HPOS="181" VPOS="1799" WIDTH="1964" HEIGHT="57">
						<String ID="P4_ST00181" HPOS="181" VPOS="1799" WIDTH="215" HEIGHT="42" CONTENT="ciemment" SUBS_TYPE="HypPart2" SUBS_CONTENT="inconsciemment" WC="1.00" CC="00051000"/>
						<SP ID="P4_SP00157" HPOS="396" VPOS="1841" WIDTH="37"/>
						<String ID="P4_ST00182" HPOS="433" VPOS="1802" WIDTH="57" HEIGHT="39" CONTENT="les" WC="1.00" CC="000"/>
						<SP ID="P4_SP00158" HPOS="490" VPOS="1841" WIDTH="30"/>
						<String ID="P4_ST00183" HPOS="520" VPOS="1802" WIDTH="98" HEIGHT="41" CONTENT="voix" WC="1.00" CC="0100"/>
						<SP ID="P4_SP00159" HPOS="618" VPOS="1843" WIDTH="19"/>
						<String ID="P4_ST00184" HPOS="637" VPOS="1803" WIDTH="48" HEIGHT="38" CONTENT="de" WC="1.00" CC="00"/>
						<SP ID="P4_SP00160" HPOS="685" VPOS="1843" WIDTH="29"/>
						<String ID="P4_ST00185" HPOS="714" VPOS="1803" WIDTH="41" HEIGHT="39" CONTENT="la" WC="1.00" CC="00"/>
						<SP ID="P4_SP00161" HPOS="755" VPOS="1843" WIDTH="22"/>
						<String ID="P4_ST00186" HPOS="777" VPOS="1803" WIDTH="143" HEIGHT="53" CONTENT="foule," WC="1.00" CC="010004"/>
						<SP ID="P4_SP00162" HPOS="920" VPOS="1856" WIDTH="21"/>
						<String ID="P4_ST00187" HPOS="941" VPOS="1811" WIDTH="110" HEIGHT="45" CONTENT="pour" WC="1.00" CC="0000"/>
						<SP ID="P4_SP00163" HPOS="1051" VPOS="1856" WIDTH="25"/>
						<String ID="P4_ST00188" HPOS="1076" VPOS="1803" WIDTH="56" HEIGHT="38" CONTENT="les" WC="1.00" CC="000"/>
						<SP ID="P4_SP00164" HPOS="1132" VPOS="1856" WIDTH="32"/>
						<String ID="P4_ST00189" HPOS="1164" VPOS="1801" WIDTH="144" HEIGHT="40" CONTENT="traiter" WC="0.99" CC="3080300"/>
						<SP ID="P4_SP00165" HPOS="1308" VPOS="1856" WIDTH="28"/>
						<String ID="P4_ST00190" HPOS="1336" VPOS="1801" WIDTH="157" HEIGHT="40" CONTENT="ensuite" WC="1.00" CC="0000030"/>
						<SP ID="P4_SP00166" HPOS="1493" VPOS="1856" WIDTH="35"/>
						<String ID="P4_ST00191" HPOS="1528" VPOS="1815" WIDTH="96" HEIGHT="26" CONTENT="avec" WC="1.00" CC="0000"/>
						<SP ID="P4_SP00167" HPOS="1624" VPOS="1856" WIDTH="36"/>
						<String ID="P4_ST00192" HPOS="1660" VPOS="1806" WIDTH="130" HEIGHT="34" CONTENT="toutes" WC="1.00" CC="000400"/>
						<SP ID="P4_SP00168" HPOS="1790" VPOS="1856" WIDTH="39"/>
						<String ID="P4_ST00193" HPOS="1829" VPOS="1801" WIDTH="57" HEIGHT="38" CONTENT="les" WC="1.00" CC="000"/>
						<SP ID="P4_SP00169" HPOS="1886" VPOS="1856" WIDTH="27"/>
						<String ID="P4_ST00194" HPOS="1913" VPOS="1814" WIDTH="232" HEIGHT="25" CONTENT="ressources" WC="1.00" CC="0005000000"/>
					</TextLine>
					<TextLine ID="P4_TL00024" HPOS="179" VPOS="1865" WIDTH="1965" HEIGHT="59">
						<String ID="P4_ST00195" HPOS="179" VPOS="1867" WIDTH="123" HEIGHT="40" CONTENT="mises" WC="1.00" CC="00000"/>
						<SP ID="P4_SP00170" HPOS="302" VPOS="1907" WIDTH="20"/>
						<String ID="P4_ST00196" HPOS="322" VPOS="1870" WIDTH="88" HEIGHT="38" CONTENT="àsa" WC="0.92" CC="700"/>
						<SP ID="P4_SP00171" HPOS="410" VPOS="1908" WIDTH="22"/>
						<String ID="P4_ST00197" HPOS="432" VPOS="1869" WIDTH="253" HEIGHT="54" CONTENT="disposition" WC="1.00" CC="00000002004"/>
						<SP ID="P4_SP00172" HPOS="685" VPOS="1923" WIDTH="14"/>
						<String ID="P4_ST00198" HPOS="699" VPOS="1877" WIDTH="82" HEIGHT="47" CONTENT="par" WC="0.97" CC="800"/>
						<SP ID="P4_SP00173" HPOS="781" VPOS="1924" WIDTH="22"/>
						<String ID="P4_ST00199" HPOS="803" VPOS="1870" WIDTH="41" HEIGHT="39" CONTENT="la" WC="1.00" CC="00"/>
						<SP ID="P4_SP00174" HPOS="844" VPOS="1924" WIDTH="23"/>
						<String ID="P4_ST00200" HPOS="867" VPOS="1869" WIDTH="214" HEIGHT="54" CONTENT="technique" WC="1.00" CC="000000000"/>
						<SP ID="P4_SP00175" HPOS="1081" VPOS="1924" WIDTH="30"/>
						<String ID="P4_ST00201" HPOS="1111" VPOS="1870" WIDTH="211" HEIGHT="39" CONTENT="moderne." WC="0.99" CC="01000504"/>
						<SP ID="P4_SP00176" HPOS="1322" VPOS="1924" WIDTH="25"/>
						<String ID="P4_ST00202" HPOS="1347" VPOS="1867" WIDTH="78" HEIGHT="41" CONTENT="Ses" WC="1.00" CC="000"/>
						<SP ID="P4_SP00177" HPOS="1425" VPOS="1924" WIDTH="20"/>
						<String ID="P4_ST00203" HPOS="1445" VPOS="1868" WIDTH="201" HEIGHT="39" CONTENT="mélodies" WC="1.00" CC="00050000"/>
						<SP ID="P4_SP00178" HPOS="1646" VPOS="1924" WIDTH="15"/>
						<String ID="P4_ST00204" HPOS="1661" VPOS="1874" WIDTH="96" HEIGHT="33" CONTENT="sont" WC="0.99" CC="0003"/>
						<SP ID="P4_SP00179" HPOS="1757" VPOS="1924" WIDTH="17"/>
						<String ID="P4_ST00205" HPOS="1774" VPOS="1868" WIDTH="94" HEIGHT="39" CONTENT="bien" WC="1.00" CC="2000"/>
						<SP ID="P4_SP00180" HPOS="1868" VPOS="1924" WIDTH="29"/>
						<String ID="P4_ST00206" HPOS="1897" VPOS="1870" WIDTH="25" HEIGHT="37" CONTENT="à" WC="0.25" CC="7"/>
						<SP ID="P4_SP00181" HPOS="1922" VPOS="1924" WIDTH="37"/>
						<String ID="P4_ST00207" HPOS="1959" VPOS="1865" WIDTH="76" HEIGHT="42" CONTENT="lui." WC="0.98" CC="0604"/>
						<SP ID="P4_SP00182" HPOS="2035" VPOS="1924" WIDTH="39"/>
						<String ID="P4_ST00208" HPOS="2074" VPOS="1867" WIDTH="70" HEIGHT="40" CONTENT="Au" WC="0.86" CC="20"/>
					</TextLine>
					<TextLine ID="P4_TL00025" HPOS="179" VPOS="1933" WIDTH="1964" HEIGHT="57">
						<String ID="P4_ST00209" HPOS="179" VPOS="1940" WIDTH="155" HEIGHT="35" CONTENT="travers" WC="1.00" CC="3000000"/>
						<SP ID="P4_SP00183" HPOS="334" VPOS="1975" WIDTH="22"/>
						<String ID="P4_ST00210" HPOS="356" VPOS="1936" WIDTH="70" HEIGHT="39" CONTENT="des" WC="1.00" CC="000"/>
						<SP ID="P4_SP00184" HPOS="426" VPOS="1975" WIDTH="28"/>
						<String ID="P4_ST00211" HPOS="454" VPOS="1936" WIDTH="309" HEIGHT="39" CONTENT="combinaisons" WC="1.00" CC="505004000000"/>
						<SP ID="P4_SP00185" HPOS="763" VPOS="1975" WIDTH="35"/>
						<String ID="P4_ST00212" HPOS="798" VPOS="1937" WIDTH="56" HEIGHT="39" CONTENT="les" WC="1.00" CC="000"/>
						<SP ID="P4_SP00186" HPOS="854" VPOS="1976" WIDTH="21"/>
						<String ID="P4_ST00213" HPOS="875" VPOS="1937" WIDTH="97" HEIGHT="53" CONTENT="plus" WC="0.98" CC="9000"/>
						<SP ID="P4_SP00187" HPOS="972" VPOS="1990" WIDTH="30"/>
						<String ID="P4_ST00214" HPOS="1002" VPOS="1936" WIDTH="266" HEIGHT="53" CONTENT="ingénieuses" WC="1.00" CC="02005100000"/>
						<SP ID="P4_SP00188" HPOS="1268" VPOS="1990" WIDTH="23"/>
						<String ID="P4_ST00215" HPOS="1291" VPOS="1950" WIDTH="54" HEIGHT="25" CONTENT="ou" WC="0.80" CC="03"/>
						<SP ID="P4_SP00189" HPOS="1345" VPOS="1990" WIDTH="34"/>
						<String ID="P4_ST00216" HPOS="1379" VPOS="1936" WIDTH="36" HEIGHT="39" CONTENT="le" WC="1.00" CC="00"/>
						<SP ID="P4_SP00190" HPOS="1415" VPOS="1990" WIDTH="22"/>
						<String ID="P4_ST00217" HPOS="1437" VPOS="1935" WIDTH="278" HEIGHT="54" CONTENT="compositeur" WC="1.00" CC="00300004050"/>
						<SP ID="P4_SP00191" HPOS="1715" VPOS="1990" WIDTH="19"/>
						<String ID="P4_ST00218" HPOS="1734" VPOS="1933" WIDTH="94" HEIGHT="41" CONTENT="s'est" WC="0.99" CC="02004"/>
						<SP ID="P4_SP00192" HPOS="1828" VPOS="1990" WIDTH="19"/>
						<String ID="P4_ST00219" HPOS="1847" VPOS="1935" WIDTH="77" HEIGHT="54" CONTENT="plu" WC="1.00" CC="000"/>
						<SP ID="P4_SP00193" HPOS="1924" VPOS="1990" WIDTH="26"/>
						<String ID="P4_ST00220" HPOS="1950" VPOS="1936" WIDTH="24" HEIGHT="38" CONTENT="à" WC="0.21" CC="7"/>
						<SP ID="P4_SP00194" HPOS="1974" VPOS="1990" WIDTH="23"/>
						<String ID="P4_ST00221" HPOS="1997" VPOS="1935" WIDTH="57" HEIGHT="38" CONTENT="les" WC="1.00" CC="000"/>
						<SP ID="P4_SP00195" HPOS="2054" VPOS="1990" WIDTH="21"/>
						<String ID="P4_ST00222" HPOS="2075" VPOS="1949" WIDTH="46" HEIGHT="24" CONTENT="en" SUBS_TYPE="HypPart1" SUBS_CONTENT="engager," WC="0.98" CC="00"/>
						<HYP HPOS="2121" VPOS="1949" WIDTH="22" CONTENT="-"/>
					</TextLine>
					<TextLine ID="P4_TL00026" HPOS="179" VPOS="2001" WIDTH="1963" HEIGHT="56">
						<String ID="P4_ST00223" HPOS="179" VPOS="2015" WIDTH="151" HEIGHT="40" CONTENT="gager," SUBS_TYPE="HypPart2" SUBS_CONTENT="engager," WC="1.00" CC="000006"/>
						<SP ID="P4_SP00196" HPOS="330" VPOS="2055" WIDTH="28"/>
						<String ID="P4_ST00224" HPOS="358" VPOS="2003" WIDTH="98" HEIGHT="39" CONTENT="elles" WC="1.00" CC="00000"/>
						<SP ID="P4_SP00197" HPOS="456" VPOS="2055" WIDTH="17"/>
						<String ID="P4_ST00225" HPOS="473" VPOS="2004" WIDTH="183" HEIGHT="52" CONTENT="gardent" WC="1.00" CC="0000003"/>
						<SP ID="P4_SP00198" HPOS="656" VPOS="2056" WIDTH="30"/>
						<String ID="P4_ST00226" HPOS="686" VPOS="2004" WIDTH="231" HEIGHT="53" CONTENT="cependant" WC="1.00" CC="000000065"/>
						<SP ID="P4_SP00199" HPOS="917" VPOS="2057" WIDTH="21"/>
						<String ID="P4_ST00227" HPOS="938" VPOS="2018" WIDTH="80" HEIGHT="25" CONTENT="une" WC="0.98" CC="320"/>
						<SP ID="P4_SP00200" HPOS="1018" VPOS="2057" WIDTH="29"/>
						<String ID="P4_ST00228" HPOS="1047" VPOS="2009" WIDTH="164" HEIGHT="33" CONTENT="senteur" WC="1.00" CC="0001000"/>
						<SP ID="P4_SP00201" HPOS="1211" VPOS="2057" WIDTH="22"/>
						<String ID="P4_ST00229" HPOS="1233" VPOS="2004" WIDTH="49" HEIGHT="37" CONTENT="de" WC="1.00" CC="00"/>
						<SP ID="P4_SP00202" HPOS="1282" VPOS="2057" WIDTH="35"/>
						<String ID="P4_ST00230" HPOS="1317" VPOS="2002" WIDTH="164" HEIGHT="48" CONTENT="terroir," WC="1.00" CC="40000003"/>
						<SP ID="P4_SP00203" HPOS="1481" VPOS="2057" WIDTH="24"/>
						<String ID="P4_ST00231" HPOS="1505" VPOS="2001" WIDTH="215" HEIGHT="53" CONTENT="originale" WC="1.00" CC="000000005"/>
						<SP ID="P4_SP00204" HPOS="1720" VPOS="2057" WIDTH="34"/>
						<String ID="P4_ST00232" HPOS="1754" VPOS="2008" WIDTH="37" HEIGHT="33" CONTENT="et" WC="0.89" CC="02"/>
						<SP ID="P4_SP00205" HPOS="1791" VPOS="2057" WIDTH="16"/>
						<String ID="P4_ST00233" HPOS="1807" VPOS="2003" WIDTH="128" HEIGHT="50" CONTENT="forte," WC="0.99" CC="400007"/>
						<SP ID="P4_SP00206" HPOS="1935" VPOS="2057" WIDTH="25"/>
						<String ID="P4_ST00234" HPOS="1960" VPOS="2001" WIDTH="73" HEIGHT="54" CONTENT="qui" WC="1.00" CC="000"/>
						<SP ID="P4_SP00207" HPOS="2033" VPOS="2057" WIDTH="14"/>
						<String ID="P4_ST00235" HPOS="2047" VPOS="2016" WIDTH="95" HEIGHT="25" CONTENT="nen" WC="0.60" CC="300"/>
					</TextLine>
					<TextLine ID="P4_TL00027" HPOS="169" VPOS="2067" WIDTH="1974" HEIGHT="55">
						<String ID="P4_ST00236" HPOS="169" VPOS="2069" WIDTH="92" HEIGHT="52" CONTENT="fait" WC="0.99" CC="0005"/>
						<SP ID="P4_SP00208" HPOS="261" VPOS="2121" WIDTH="15"/>
						<String ID="P4_ST00237" HPOS="276" VPOS="2077" WIDTH="79" HEIGHT="45" CONTENT="pas" WC="1.00" CC="000"/>
						<SP ID="P4_SP00209" HPOS="355" VPOS="2122" WIDTH="37"/>
						<String ID="P4_ST00238" HPOS="392" VPOS="2070" WIDTH="35" HEIGHT="39" CONTENT="le" WC="1.00" CC="00"/>
						<SP ID="P4_SP00210" HPOS="427" VPOS="2122" WIDTH="33"/>
						<String ID="P4_ST00239" HPOS="460" VPOS="2070" WIDTH="193" HEIGHT="39" CONTENT="moindre" WC="1.00" CC="0000000"/>
						<SP ID="P4_SP00211" HPOS="653" VPOS="2122" WIDTH="37"/>
						<String ID="P4_ST00240" HPOS="690" VPOS="2070" WIDTH="179" HEIGHT="40" CONTENT="charme." WC="1.00" CC="0000007"/>
						<SP ID="P4_SP00212" HPOS="869" VPOS="2122" WIDTH="35"/>
						<String ID="P4_ST00241" HPOS="904" VPOS="2070" WIDTH="93" HEIGHT="39" CONTENT="Par" WC="0.96" CC="550"/>
						<SP ID="P4_SP00213" HPOS="997" VPOS="2122" WIDTH="33"/>
						<String ID="P4_ST00242" HPOS="1030" VPOS="2068" WIDTH="146" HEIGHT="41" CONTENT="l'étude" WC="1.00" CC="0203000"/>
						<SP ID="P4_SP00214" HPOS="1176" VPOS="2122" WIDTH="36"/>
						<String ID="P4_ST00243" HPOS="1212" VPOS="2069" WIDTH="166" HEIGHT="40" CONTENT="assidue" WC="1.00" CC="0000050"/>
						<SP ID="P4_SP00215" HPOS="1378" VPOS="2122" WIDTH="30"/>
						<String ID="P4_ST00244" HPOS="1408" VPOS="2068" WIDTH="103" HEIGHT="54" CONTENT="qu'il" WC="1.00" CC="00200"/>
						<SP ID="P4_SP00216" HPOS="1511" VPOS="2122" WIDTH="22"/>
						<String ID="P4_ST00245" HPOS="1533" VPOS="2083" WIDTH="23" HEIGHT="24" CONTENT="a" WC="1.00" CC="0"/>
						<SP ID="P4_SP00217" HPOS="1556" VPOS="2122" WIDTH="13"/>
						<String ID="P4_ST00246" HPOS="1569" VPOS="2069" WIDTH="115" HEIGHT="52" CONTENT="faite" WC="1.00" CC="00030"/>
						<SP ID="P4_SP00218" HPOS="1684" VPOS="2122" WIDTH="36"/>
						<String ID="P4_ST00247" HPOS="1720" VPOS="2069" WIDTH="70" HEIGHT="38" CONTENT="des" WC="1.00" CC="000"/>
						<SP ID="P4_SP00219" HPOS="1790" VPOS="2122" WIDTH="38"/>
						<String ID="P4_ST00248" HPOS="1828" VPOS="2067" WIDTH="145" HEIGHT="41" CONTENT="chants" WC="1.00" CC="000030"/>
						<SP ID="P4_SP00220" HPOS="1973" VPOS="2122" WIDTH="36"/>
						<String ID="P4_ST00249" HPOS="2009" VPOS="2074" WIDTH="37" HEIGHT="34" CONTENT="et" WC="1.00" CC="00"/>
						<SP ID="P4_SP00221" HPOS="2046" VPOS="2122" WIDTH="26"/>
						<String ID="P4_ST00250" HPOS="2072" VPOS="2069" WIDTH="71" HEIGHT="39" CONTENT="des" WC="1.00" CC="000"/>
					</TextLine>
					<TextLine ID="P4_TL00028" HPOS="179" VPOS="2135" WIDTH="1962" HEIGHT="56">
						<String ID="P4_ST00251" HPOS="179" VPOS="2137" WIDTH="224" HEIGHT="39" CONTENT="traditions" WC="1.00" CC="0000020000"/>
						<SP ID="P4_SP00222" HPOS="403" VPOS="2176" WIDTH="23"/>
						<String ID="P4_ST00252" HPOS="426" VPOS="2138" WIDTH="48" HEIGHT="38" CONTENT="de" WC="1.00" CC="00"/>
						<SP ID="P4_SP00223" HPOS="474" VPOS="2176" WIDTH="20"/>
						<String ID="P4_ST00253" HPOS="494" VPOS="2152" WIDTH="46" HEIGHT="25" CONTENT="sa" WC="1.00" CC="00"/>
						<SP ID="P4_SP00224" HPOS="540" VPOS="2177" WIDTH="18"/>
						<String ID="P4_ST00254" HPOS="558" VPOS="2152" WIDTH="111" HEIGHT="35" CONTENT="race," WC="0.99" CC="00504"/>
						<SP ID="P4_SP00225" HPOS="669" VPOS="2187" WIDTH="25"/>
						<String ID="P4_ST00255" HPOS="694" VPOS="2146" WIDTH="78" HEIGHT="44" CONTENT="par" WC="1.00" CC="000"/>
						<SP ID="P4_SP00226" HPOS="772" VPOS="2190" WIDTH="16"/>
						<String ID="P4_ST00256" HPOS="788" VPOS="2138" WIDTH="35" HEIGHT="39" CONTENT="le" WC="1.00" CC="00"/>
						<SP ID="P4_SP00227" HPOS="823" VPOS="2190" WIDTH="22"/>
						<String ID="P4_ST00257" HPOS="845" VPOS="2138" WIDTH="104" HEIGHT="39" CONTENT="culte" WC="0.99" CC="01050"/>
						<SP ID="P4_SP00228" HPOS="949" VPOS="2190" WIDTH="18"/>
						<String ID="P4_ST00258" HPOS="967" VPOS="2135" WIDTH="102" HEIGHT="56" CONTENT="qu'il" WC="0.99" CC="04100"/>
						<SP ID="P4_SP00229" HPOS="1069" VPOS="2191" WIDTH="19"/>
						<String ID="P4_ST00259" HPOS="1088" VPOS="2137" WIDTH="88" HEIGHT="39" CONTENT="leur" WC="1.00" CC="0000"/>
						<SP ID="P4_SP00230" HPOS="1176" VPOS="2191" WIDTH="15"/>
						<String ID="P4_ST00260" HPOS="1191" VPOS="2152" WIDTH="24" HEIGHT="24" CONTENT="a" WC="1.00" CC="0"/>
						<SP ID="P4_SP00231" HPOS="1215" VPOS="2191" WIDTH="21"/>
						<String ID="P4_ST00261" HPOS="1236" VPOS="2139" WIDTH="119" HEIGHT="45" CONTENT="voué," WC="0.98" CC="03612"/>
						<SP ID="P4_SP00232" HPOS="1355" VPOS="2191" WIDTH="23"/>
						<String ID="P4_ST00262" HPOS="1378" VPOS="2136" WIDTH="35" HEIGHT="39" CONTENT="le" WC="1.00" CC="00"/>
						<SP ID="P4_SP00233" HPOS="1413" VPOS="2191" WIDTH="22"/>
						<String ID="P4_ST00263" HPOS="1435" VPOS="2135" WIDTH="202" HEIGHT="40" CONTENT="musicien" WC="1.00" CC="00004005"/>
						<SP ID="P4_SP00234" HPOS="1637" VPOS="2191" WIDTH="17"/>
						<String ID="P4_ST00264" HPOS="1654" VPOS="2141" WIDTH="57" HEIGHT="34" CONTENT="est" WC="0.99" CC="003"/>
						<SP ID="P4_SP00235" HPOS="1711" VPOS="2191" WIDTH="17"/>
						<String ID="P4_ST00265" HPOS="1728" VPOS="2143" WIDTH="189" HEIGHT="47" CONTENT="parvenu" WC="0.99" CC="0700003"/>
						<SP ID="P4_SP00236" HPOS="1917" VPOS="2191" WIDTH="20"/>
						<String ID="P4_ST00266" HPOS="1937" VPOS="2139" WIDTH="24" HEIGHT="36" CONTENT="à" WC="0.74" CC="2"/>
						<SP ID="P4_SP00237" HPOS="1961" VPOS="2191" WIDTH="19"/>
						<String ID="P4_ST00267" HPOS="1980" VPOS="2139" WIDTH="161" HEIGHT="36" CONTENT="recréer" WC="1.00" CC="0000000"/>
					</TextLine>
					<TextLine ID="P4_TL00029" HPOS="176" VPOS="2203" WIDTH="1966" HEIGHT="55">
						<String ID="P4_ST00268" HPOS="176" VPOS="2217" WIDTH="50" HEIGHT="25" CONTENT="en" WC="0.74" CC="05"/>
						<SP ID="P4_SP00238" HPOS="226" VPOS="2242" WIDTH="22"/>
						<String ID="P4_ST00269" HPOS="248" VPOS="2204" WIDTH="171" HEIGHT="53" CONTENT="quelque" WC="1.00" CC="0000000"/>
						<SP ID="P4_SP00239" HPOS="419" VPOS="2257" WIDTH="19"/>
						<String ID="P4_ST00270" HPOS="438" VPOS="2211" WIDTH="109" HEIGHT="33" CONTENT="sorte" WC="1.00" CC="00040"/>
						<SP ID="P4_SP00240" HPOS="547" VPOS="2257" WIDTH="22"/>
						<String ID="P4_ST00271" HPOS="569" VPOS="2219" WIDTH="47" HEIGHT="24" CONTENT="en" WC="1.00" CC="00"/>
						<SP ID="P4_SP00241" HPOS="616" VPOS="2257" WIDTH="21"/>
						<String ID="P4_ST00272" HPOS="637" VPOS="2204" WIDTH="66" HEIGHT="40" CONTENT="soi" WC="1.00" CC="000"/>
						<SP ID="P4_SP00242" HPOS="703" VPOS="2257" WIDTH="22"/>
						<String ID="P4_ST00273" HPOS="725" VPOS="2204" WIDTH="371" HEIGHT="54" CONTENT="l'impersonnalité" WC="0.92" CC="3304000000000000"/>
						<SP ID="P4_SP00243" HPOS="1096" VPOS="2258" WIDTH="21"/>
						<String ID="P4_ST00274" HPOS="1117" VPOS="2203" WIDTH="181" HEIGHT="54" CONTENT="inspirée" WC="1.00" CC="00000020"/>
						<SP ID="P4_SP00244" HPOS="1298" VPOS="2258" WIDTH="31"/>
						<String ID="P4_ST00275" HPOS="1329" VPOS="2204" WIDTH="52" HEIGHT="38" CONTENT="du" WC="1.00" CC="00"/>
						<SP ID="P4_SP00245" HPOS="1381" VPOS="2258" WIDTH="26"/>
						<String ID="P4_ST00276" HPOS="1407" VPOS="2203" WIDTH="169" HEIGHT="39" CONTENT="chantre" WC="0.99" CC="0006500"/>
						<SP ID="P4_SP00246" HPOS="1576" VPOS="2258" WIDTH="23"/>
						<String ID="P4_ST00277" HPOS="1599" VPOS="2203" WIDTH="238" HEIGHT="54" CONTENT="populaire," WC="1.00" CC="0000005003"/>
						<SP ID="P4_SP00247" HPOS="1837" VPOS="2258" WIDTH="24"/>
						<String ID="P4_ST00278" HPOS="1861" VPOS="2217" WIDTH="98" HEIGHT="25" CONTENT="sans" WC="1.00" CC="0001"/>
						<SP ID="P4_SP00248" HPOS="1959" VPOS="2258" WIDTH="21"/>
						<String ID="P4_ST00279" HPOS="1980" VPOS="2203" WIDTH="162" HEIGHT="39" CONTENT="oublier" WC="1.00" CC="1000004"/>
					</TextLine>
					<TextLine ID="P4_TL00030" HPOS="175" VPOS="2270" WIDTH="1966" HEIGHT="56">
						<String ID="P4_ST00280" HPOS="175" VPOS="2284" WIDTH="98" HEIGHT="25" CONTENT="sans" WC="1.00" CC="0000"/>
						<SP ID="P4_SP00249" HPOS="273" VPOS="2309" WIDTH="21"/>
						<String ID="P4_ST00281" HPOS="294" VPOS="2272" WIDTH="123" HEIGHT="39" CONTENT="doute" WC="0.99" CC="00330"/>
						<SP ID="P4_SP00250" HPOS="417" VPOS="2311" WIDTH="21"/>
						<String ID="P4_ST00282" HPOS="438" VPOS="2286" WIDTH="42" HEIGHT="25" CONTENT="ce" WC="1.00" CC="00"/>
						<SP ID="P4_SP00251" HPOS="480" VPOS="2311" WIDTH="21"/>
						<String ID="P4_ST00283" HPOS="501" VPOS="2270" WIDTH="103" HEIGHT="56" CONTENT="qu'il" WC="0.99" CC="03100"/>
						<SP ID="P4_SP00252" HPOS="604" VPOS="2326" WIDTH="21"/>
						<String ID="P4_ST00284" HPOS="625" VPOS="2271" WIDTH="88" HEIGHT="40" CONTENT="doit" WC="0.99" CC="0003"/>
						<SP ID="P4_SP00253" HPOS="713" VPOS="2326" WIDTH="16"/>
						<String ID="P4_ST00285" HPOS="729" VPOS="2274" WIDTH="24" HEIGHT="37" CONTENT="à" WC="0.27" CC="7"/>
						<SP ID="P4_SP00254" HPOS="753" VPOS="2326" WIDTH="22"/>
						<String ID="P4_ST00286" HPOS="775" VPOS="2272" WIDTH="40" HEIGHT="39" CONTENT="la" WC="1.00" CC="00"/>
						<SP ID="P4_SP00255" HPOS="815" VPOS="2326" WIDTH="28"/>
						<String ID="P4_ST00287" HPOS="843" VPOS="2271" WIDTH="223" HEIGHT="54" CONTENT="discipline" WC="1.00" CC="0000000030"/>
						<SP ID="P4_SP00256" HPOS="1066" VPOS="2326" WIDTH="23"/>
						<String ID="P4_ST00288" HPOS="1089" VPOS="2277" WIDTH="170" HEIGHT="34" CONTENT="savante" WC="0.99" CC="5000040"/>
						<SP ID="P4_SP00257" HPOS="1259" VPOS="2326" WIDTH="21"/>
						<String ID="P4_ST00289" HPOS="1280" VPOS="2271" WIDTH="49" HEIGHT="38" CONTENT="de" WC="1.00" CC="00"/>
						<SP ID="P4_SP00258" HPOS="1329" VPOS="2326" WIDTH="23"/>
						<String ID="P4_ST00290" HPOS="1352" VPOS="2270" WIDTH="157" HEIGHT="50" CONTENT="l'école," WC="1.00" CC="00320003"/>
						<SP ID="P4_SP00259" HPOS="1509" VPOS="2326" WIDTH="29"/>
						<String ID="P4_ST00291" HPOS="1538" VPOS="2272" WIDTH="23" HEIGHT="37" CONTENT="à" WC="0.25" CC="7"/>
						<SP ID="P4_SP00260" HPOS="1561" VPOS="2326" WIDTH="20"/>
						<String ID="P4_ST00292" HPOS="1581" VPOS="2270" WIDTH="228" HEIGHT="54" CONTENT="l'exemple," WC="1.00" CC="0000000004"/>
						<SP ID="P4_SP00261" HPOS="1809" VPOS="2326" WIDTH="31"/>
						<String ID="P4_ST00293" HPOS="1840" VPOS="2285" WIDTH="54" HEIGHT="24" CONTENT="au" WC="1.00" CC="00"/>
						<SP ID="P4_SP00262" HPOS="1894" VPOS="2326" WIDTH="23"/>
						<String ID="P4_ST00294" HPOS="1917" VPOS="2284" WIDTH="224" HEIGHT="26" CONTENT="commerce" WC="1.00" CC="00000000"/>
					</TextLine>
					<TextLine ID="P4_TL00031" HPOS="179" VPOS="2338" WIDTH="1963" HEIGHT="56">
						<String ID="P4_ST00295" HPOS="179" VPOS="2338" WIDTH="70" HEIGHT="39" CONTENT="des" WC="1.00" CC="000"/>
						<SP ID="P4_SP00263" HPOS="249" VPOS="2377" WIDTH="22"/>
						<String ID="P4_ST00296" HPOS="271" VPOS="2343" WIDTH="182" HEIGHT="44" CONTENT="maîtres," WC="0.99" CC="90210003"/>
						<SP ID="P4_SP00264" HPOS="453" VPOS="2387" WIDTH="36"/>
						<String ID="P4_ST00297" HPOS="489" VPOS="2344" WIDTH="22" HEIGHT="34" CONTENT="à" WC="0.58" CC="4"/>
						<SP ID="P4_SP00265" HPOS="511" VPOS="2387" WIDTH="17"/>
						<String ID="P4_ST00298" HPOS="528" VPOS="2354" WIDTH="62" HEIGHT="24" CONTENT="ses" WC="1.00" CC="000"/>
						<SP ID="P4_SP00266" HPOS="590" VPOS="2387" WIDTH="15"/>
						<String ID="P4_ST00299" HPOS="605" VPOS="2348" WIDTH="174" HEIGHT="46" CONTENT="propres" WC="1.00" CC="0010000"/>
						<SP ID="P4_SP00267" HPOS="779" VPOS="2394" WIDTH="27"/>
						<String ID="P4_ST00300" HPOS="806" VPOS="2338" WIDTH="252" HEIGHT="41" CONTENT="recherches." WC="1.00" CC="00000000002"/>
						<SP ID="P4_SP00268" HPOS="1058" VPOS="2394" WIDTH="33"/>
						<String ID="P4_ST00301" HPOS="1091" VPOS="2338" WIDTH="114" HEIGHT="41" CONTENT="Mais" WC="1.00" CC="0000"/>
						<SP ID="P4_SP00269" HPOS="1205" VPOS="2394" WIDTH="30"/>
						<String ID="P4_ST00302" HPOS="1235" VPOS="2338" WIDTH="94" HEIGHT="40" CONTENT="c'est" WC="0.99" CC="00005"/>
						<SP ID="P4_SP00270" HPOS="1329" VPOS="2394" WIDTH="21"/>
						<String ID="P4_ST00303" HPOS="1350" VPOS="2338" WIDTH="15" HEIGHT="40" CONTENT="l" WC="1.00" CC="0"/>
						<SP ID="P4_SP00271" HPOS="1365" VPOS="2394" WIDTH="16"/>
						<String ID="P4_ST00304" HPOS="1381" VPOS="2352" WIDTH="89" HEIGHT="26" CONTENT="ame" WC="1.00" CC="000"/>
						<SP ID="P4_SP00272" HPOS="1470" VPOS="2394" WIDTH="21"/>
						<String ID="P4_ST00305" HPOS="1491" VPOS="2338" WIDTH="164" HEIGHT="40" CONTENT="vivante" WC="1.00" CC="0000050"/>
						<SP ID="P4_SP00273" HPOS="1655" VPOS="2394" WIDTH="22"/>
						<String ID="P4_ST00306" HPOS="1677" VPOS="2339" WIDTH="49" HEIGHT="39" CONTENT="de" WC="0.92" CC="01"/>
						<SP ID="P4_SP00274" HPOS="1726" VPOS="2394" WIDTH="32"/>
						<String ID="P4_ST00307" HPOS="1758" VPOS="2338" WIDTH="40" HEIGHT="39" CONTENT="la" WC="1.00" CC="00"/>
						<SP ID="P4_SP00275" HPOS="1798" VPOS="2394" WIDTH="19"/>
						<String ID="P4_ST00308" HPOS="1817" VPOS="2344" WIDTH="105" HEIGHT="33" CONTENT="terre" WC="0.99" CC="50000"/>
						<SP ID="P4_SP00276" HPOS="1922" VPOS="2394" WIDTH="21"/>
						<String ID="P4_ST00309" HPOS="1943" VPOS="2338" WIDTH="199" HEIGHT="40" CONTENT="bretonne" WC="1.00" CC="00000000"/>
					</TextLine>
					<TextLine ID="P4_TL00032" HPOS="177" VPOS="2404" WIDTH="1738" HEIGHT="56">
						<String ID="P4_ST00310" HPOS="177" VPOS="2404" WIDTH="73" HEIGHT="54" CONTENT="qui" WC="0.99" CC="020"/>
						<SP ID="P4_SP00277" HPOS="250" VPOS="2458" WIDTH="19"/>
						<String ID="P4_ST00311" HPOS="269" VPOS="2405" WIDTH="147" HEIGHT="40" CONTENT="chante" WC="0.99" CC="000430"/>
						<SP ID="P4_SP00278" HPOS="416" VPOS="2458" WIDTH="15"/>
						<String ID="P4_ST00312" HPOS="431" VPOS="2414" WIDTH="81" HEIGHT="46" CONTENT="par" WC="1.00" CC="000"/>
						<SP ID="P4_SP00279" HPOS="512" VPOS="2460" WIDTH="20"/>
						<String ID="P4_ST00313" HPOS="532" VPOS="2422" WIDTH="46" HEIGHT="24" CONTENT="sa" WC="1.00" CC="00"/>
						<SP ID="P4_SP00280" HPOS="578" VPOS="2460" WIDTH="22"/>
						<String ID="P4_ST00314" HPOS="600" VPOS="2406" WIDTH="170" HEIGHT="40" CONTENT="bouche." WC="0.99" CC="0025003"/>
						<SP ID="P4_SP00281" HPOS="770" VPOS="2460" WIDTH="33"/>
						<String ID="P4_ST00315" HPOS="803" VPOS="2408" WIDTH="57" HEIGHT="38" CONTENT="Et" WC="0.84" CC="03"/>
						<SP ID="P4_SP00282" HPOS="860" VPOS="2460" WIDTH="20"/>
						<String ID="P4_ST00316" HPOS="880" VPOS="2421" WIDTH="77" HEIGHT="25" CONTENT="son" WC="1.00" CC="000"/>
						<SP ID="P4_SP00283" HPOS="957" VPOS="2460" WIDTH="16"/>
						<String ID="P4_ST00317" HPOS="973" VPOS="2413" WIDTH="64" HEIGHT="33" CONTENT="art" WC="1.00" CC="000"/>
						<SP ID="P4_SP00284" HPOS="1037" VPOS="2460" WIDTH="19"/>
						<String ID="P4_ST00318" HPOS="1056" VPOS="2421" WIDTH="49" HEIGHT="24" CONTENT="ne" WC="1.00" CC="00"/>
						<SP ID="P4_SP00285" HPOS="1105" VPOS="2460" WIDTH="17"/>
						<String ID="P4_ST00319" HPOS="1122" VPOS="2406" WIDTH="212" HEIGHT="52" CONTENT="s'emploie" WC="1.00" CC="000000000"/>
						<SP ID="P4_SP00286" HPOS="1334" VPOS="2460" WIDTH="21"/>
						<String ID="P4_ST00320" HPOS="1355" VPOS="2406" WIDTH="94" HEIGHT="52" CONTENT="qu'à" WC="0.97" CC="0805"/>
						<SP ID="P4_SP00287" HPOS="1449" VPOS="2460" WIDTH="22"/>
						<String ID="P4_ST00321" HPOS="1471" VPOS="2405" WIDTH="189" HEIGHT="40" CONTENT="embellir" WC="1.00" CC="00000000"/>
						<SP ID="P4_SP00288" HPOS="1660" VPOS="2460" WIDTH="19"/>
						<String ID="P4_ST00322" HPOS="1679" VPOS="2420" WIDTH="76" HEIGHT="24" CONTENT="son" WC="1.00" CC="000"/>
						<SP ID="P4_SP00289" HPOS="1755" VPOS="2460" WIDTH="23"/>
						<String ID="P4_ST00323" HPOS="1778" VPOS="2405" WIDTH="137" HEIGHT="40" CONTENT="chant." WC="0.99" CC="000024"/>
					</TextLine>
					<TextLine ID="P4_TL00033" HPOS="230" VPOS="2472" WIDTH="1910" HEIGHT="56">
						<String ID="P4_ST00324" HPOS="230" VPOS="2472" WIDTH="64" HEIGHT="39" CONTENT="De" WC="1.00" CC="00"/>
						<SP ID="P4_SP00290" HPOS="294" VPOS="2511" WIDTH="22"/>
						<String ID="P4_ST00325" HPOS="316" VPOS="2473" WIDTH="115" HEIGHT="39" CONTENT="telles" WC="1.00" CC="000000"/>
						<SP ID="P4_SP00291" HPOS="431" VPOS="2512" WIDTH="21"/>
						<String ID="P4_ST00326" HPOS="452" VPOS="2474" WIDTH="199" HEIGHT="38" CONTENT="mélodies" WC="1.00" CC="00070000"/>
						<SP ID="P4_SP00292" HPOS="651" VPOS="2512" WIDTH="23"/>
						<String ID="P4_ST00327" HPOS="674" VPOS="2488" WIDTH="49" HEIGHT="25" CONTENT="ne" WC="0.97" CC="00"/>
						<SP ID="P4_SP00293" HPOS="723" VPOS="2513" WIDTH="20"/>
						<String ID="P4_ST00328" HPOS="743" VPOS="2481" WIDTH="93" HEIGHT="32" CONTENT="sont" WC="0.99" CC="0003"/>
						<SP ID="P4_SP00294" HPOS="836" VPOS="2513" WIDTH="18"/>
						<String ID="P4_ST00329" HPOS="854" VPOS="2482" WIDTH="78" HEIGHT="46" CONTENT="pas" WC="1.00" CC="000"/>
						<SP ID="P4_SP00295" HPOS="932" VPOS="2528" WIDTH="22"/>
						<String ID="P4_ST00330" HPOS="954" VPOS="2474" WIDTH="190" HEIGHT="51" CONTENT="toujours" WC="1.00" CC="00000000"/>
						<SP ID="P4_SP00296" HPOS="1144" VPOS="2528" WIDTH="21"/>
						<String ID="P4_ST00331" HPOS="1165" VPOS="2473" WIDTH="121" HEIGHT="39" CONTENT="celles" WC="1.00" CC="500000"/>
						<SP ID="P4_SP00297" HPOS="1286" VPOS="2528" WIDTH="36"/>
						<String ID="P4_ST00332" HPOS="1322" VPOS="2472" WIDTH="72" HEIGHT="54" CONTENT="qui" WC="1.00" CC="010"/>
						<SP ID="P4_SP00298" HPOS="1394" VPOS="2528" WIDTH="27"/>
						<String ID="P4_ST00333" HPOS="1421" VPOS="2472" WIDTH="36" HEIGHT="40" CONTENT="le" WC="1.00" CC="00"/>
						<SP ID="P4_SP00299" HPOS="1457" VPOS="2528" WIDTH="17"/>
						<String ID="P4_ST00334" HPOS="1474" VPOS="2473" WIDTH="97" HEIGHT="54" CONTENT="plus" WC="1.00" CC="0000"/>
						<SP ID="P4_SP00300" HPOS="1571" VPOS="2528" WIDTH="30"/>
						<String ID="P4_ST00335" HPOS="1601" VPOS="2472" WIDTH="199" HEIGHT="40" CONTENT="aisément" WC="1.00" CC="00000006"/>
						<SP ID="P4_SP00301" HPOS="1800" VPOS="2528" WIDTH="19"/>
						<String ID="P4_ST00336" HPOS="1819" VPOS="2488" WIDTH="41" HEIGHT="24" CONTENT="se" WC="1.00" CC="00"/>
						<SP ID="P4_SP00302" HPOS="1860" VPOS="2528" WIDTH="26"/>
						<String ID="P4_ST00337" HPOS="1886" VPOS="2474" WIDTH="164" HEIGHT="53" CONTENT="prêtent" WC="1.00" CC="0070000"/>
						<SP ID="P4_SP00303" HPOS="2050" VPOS="2528" WIDTH="38"/>
						<String ID="P4_ST00338" HPOS="2088" VPOS="2488" WIDTH="52" HEIGHT="24" CONTENT="au" WC="1.00" CC="00"/>
					</TextLine>
					<TextLine ID="P4_TL00034" HPOS="179" VPOS="2539" WIDTH="1962" HEIGHT="55">
						<String ID="P4_ST00339" HPOS="179" VPOS="2540" WIDTH="151" HEIGHT="40" CONTENT="travail" WC="1.00" CC="4000000"/>
						<SP ID="P4_SP00304" HPOS="330" VPOS="2580" WIDTH="38"/>
						<String ID="P4_ST00340" HPOS="368" VPOS="2540" WIDTH="300" HEIGHT="54" CONTENT="symphonique" WC="0.86" CC="50000020060"/>
						<SP ID="P4_SP00305" HPOS="668" VPOS="2594" WIDTH="19"/>
						<String ID="P4_ST00341" HPOS="687" VPOS="2556" WIDTH="12" HEIGHT="24" CONTENT=":" WC="1.00" CC="0"/>
						<SP ID="P4_SP00306" HPOS="699" VPOS="2594" WIDTH="34"/>
						<String ID="P4_ST00342" HPOS="733" VPOS="2542" WIDTH="56" HEIGHT="38" CONTENT="du" WC="1.00" CC="00"/>
						<SP ID="P4_SP00307" HPOS="789" VPOS="2594" WIDTH="21"/>
						<String ID="P4_ST00343" HPOS="810" VPOS="2541" WIDTH="136" HEIGHT="39" CONTENT="moins" WC="1.00" CC="10000"/>
						<SP ID="P4_SP00308" HPOS="946" VPOS="2594" WIDTH="22"/>
						<String ID="P4_ST00344" HPOS="968" VPOS="2540" WIDTH="37" HEIGHT="40" CONTENT="si" WC="1.00" CC="00"/>
						<SP ID="P4_SP00309" HPOS="1005" VPOS="2594" WIDTH="21"/>
						<String ID="P4_ST00345" HPOS="1026" VPOS="2540" WIDTH="84" HEIGHT="40" CONTENT="l'on" WC="1.00" CC="0000"/>
						<SP ID="P4_SP00310" HPOS="1110" VPOS="2594" WIDTH="23"/>
						<String ID="P4_ST00346" HPOS="1133" VPOS="2540" WIDTH="102" HEIGHT="39" CONTENT="tient" WC="0.99" CC="20002"/>
						<SP ID="P4_SP00311" HPOS="1235" VPOS="2594" WIDTH="21"/>
						<String ID="P4_ST00347" HPOS="1256" VPOS="2543" WIDTH="23" HEIGHT="36" CONTENT="à" WC="0.21" CC="7"/>
						<SP ID="P4_SP00312" HPOS="1279" VPOS="2594" WIDTH="24"/>
						<String ID="P4_ST00348" HPOS="1303" VPOS="2539" WIDTH="94" HEIGHT="40" CONTENT="n'en" WC="0.99" CC="6000"/>
						<SP ID="P4_SP00313" HPOS="1397" VPOS="2594" WIDTH="19"/>
						<String ID="P4_ST00349" HPOS="1416" VPOS="2540" WIDTH="127" HEIGHT="51" CONTENT="point" WC="0.99" CC="90000"/>
						<SP ID="P4_SP00314" HPOS="1543" VPOS="2594" WIDTH="21"/>
						<String ID="P4_ST00350" HPOS="1564" VPOS="2540" WIDTH="150" HEIGHT="39" CONTENT="altérer" WC="1.00" CC="0000000"/>
						<SP ID="P4_SP00315" HPOS="1714" VPOS="2594" WIDTH="19"/>
						<String ID="P4_ST00351" HPOS="1733" VPOS="2540" WIDTH="344" HEIGHT="40" CONTENT="essentiellement" WC="1.00" CC="000000000008000"/>
						<SP ID="P4_SP00316" HPOS="2077" VPOS="2594" WIDTH="28"/>
						<String ID="P4_ST00352" HPOS="2105" VPOS="2540" WIDTH="36" HEIGHT="39" CONTENT="le" WC="1.00" CC="00"/>
					</TextLine>
					<TextLine ID="P4_TL00035" HPOS="179" VPOS="2606" WIDTH="1959" HEIGHT="56">
						<String ID="P4_ST00353" HPOS="179" VPOS="2613" WIDTH="188" HEIGHT="34" CONTENT="contour." WC="0.99" CC="70030404"/>
						<SP ID="P4_SP00317" HPOS="367" VPOS="2647" WIDTH="26"/>
						<String ID="P4_ST00354" HPOS="393" VPOS="2607" WIDTH="112" HEIGHT="41" CONTENT="Sans" WC="0.99" CC="0050"/>
						<SP ID="P4_SP00318" HPOS="505" VPOS="2648" WIDTH="22"/>
						<String ID="P4_ST00355" HPOS="527" VPOS="2609" WIDTH="137" HEIGHT="47" CONTENT="doute," WC="0.99" CC="004101"/>
						<SP ID="P4_SP00319" HPOS="664" VPOS="2656" WIDTH="36"/>
						<String ID="P4_ST00356" HPOS="700" VPOS="2608" WIDTH="34" HEIGHT="40" CONTENT="il" WC="0.89" CC="02"/>
						<SP ID="P4_SP00320" HPOS="734" VPOS="2656" WIDTH="20"/>
						<String ID="P4_ST00357" HPOS="754" VPOS="2606" WIDTH="142" HEIGHT="42" CONTENT="n'était" WC="0.98" CC="5032802"/>
						<SP ID="P4_SP00321" HPOS="896" VPOS="2656" WIDTH="28"/>
						<String ID="P4_ST00358" HPOS="924" VPOS="2616" WIDTH="76" HEIGHT="46" CONTENT="pas" WC="1.00" CC="000"/>
						<SP ID="P4_SP00322" HPOS="1000" VPOS="2662" WIDTH="33"/>
						<String ID="P4_ST00359" HPOS="1033" VPOS="2608" WIDTH="106" HEIGHT="39" CONTENT="dans" WC="1.00" CC="0000"/>
						<SP ID="P4_SP00323" HPOS="1139" VPOS="2662" WIDTH="23"/>
						<String ID="P4_ST00360" HPOS="1162" VPOS="2606" WIDTH="236" HEIGHT="40" CONTENT="l'intention" WC="1.00" CC="00010002000"/>
						<SP ID="P4_SP00324" HPOS="1398" VPOS="2662" WIDTH="39"/>
						<String ID="P4_ST00361" HPOS="1437" VPOS="2608" WIDTH="49" HEIGHT="39" CONTENT="de" WC="1.00" CC="00"/>
						<SP ID="P4_SP00325" HPOS="1486" VPOS="2662" WIDTH="29"/>
						<String ID="P4_ST00362" HPOS="1515" VPOS="2606" WIDTH="63" HEIGHT="40" CONTENT="M." WC="0.78" CC="04"/>
						<SP ID="P4_SP00326" HPOS="1578" VPOS="2662" WIDTH="33"/>
						<String ID="P4_ST00363" HPOS="1611" VPOS="2606" WIDTH="121" HEIGHT="40" CONTENT="Bour" WC="0.95" CC="0100"/>
						<SP ID="P4_SP00327" HPOS="1732" VPOS="2662" WIDTH="0"/>
						<String ID="P4_ST00364" HPOS="1732" VPOS="2606" WIDTH="406" HEIGHT="54" CONTENT="gault-Ducoudray" WC="0.88" CC="000038320100000"/>
					</TextLine>
					<TextLine ID="P4_TL00036" HPOS="178" VPOS="2673" WIDTH="1963" HEIGHT="57">
						<String ID="P4_ST00365" HPOS="178" VPOS="2673" WIDTH="192" HEIGHT="54" CONTENT="d'édifier" WC="1.00" CC="000000000"/>
						<SP ID="P4_SP00328" HPOS="370" VPOS="2727" WIDTH="33"/>
						<String ID="P4_ST00366" HPOS="403" VPOS="2690" WIDTH="72" HEIGHT="25" CONTENT="sur" WC="1.00" CC="000"/>
						<SP ID="P4_SP00329" HPOS="475" VPOS="2727" WIDTH="35"/>
						<String ID="P4_ST00367" HPOS="510" VPOS="2690" WIDTH="62" HEIGHT="25" CONTENT="ces" WC="1.00" CC="000"/>
						<SP ID="P4_SP00330" HPOS="572" VPOS="2727" WIDTH="32"/>
						<String ID="P4_ST00368" HPOS="604" VPOS="2676" WIDTH="114" HEIGHT="39" CONTENT="bases" WC="1.00" CC="00000"/>
						<SP ID="P4_SP00331" HPOS="718" VPOS="2727" WIDTH="35"/>
						<String ID="P4_ST00369" HPOS="753" VPOS="2691" WIDTH="57" HEIGHT="24" CONTENT="un" WC="0.48" CC="54"/>
						<SP ID="P4_SP00332" HPOS="810" VPOS="2727" WIDTH="24"/>
						<String ID="P4_ST00370" HPOS="834" VPOS="2683" WIDTH="81" HEIGHT="47" CONTENT="peu" WC="1.00" CC="000"/>
						<SP ID="P4_SP00333" HPOS="915" VPOS="2730" WIDTH="35"/>
						<String ID="P4_ST00371" HPOS="950" VPOS="2675" WIDTH="128" HEIGHT="52" CONTENT="frêles" WC="0.99" CC="107006"/>
						<SP ID="P4_SP00334" HPOS="1078" VPOS="2730" WIDTH="33"/>
						<String ID="P4_ST00372" HPOS="1111" VPOS="2676" WIDTH="49" HEIGHT="38" CONTENT="de" WC="1.00" CC="00"/>
						<SP ID="P4_SP00335" HPOS="1160" VPOS="2730" WIDTH="37"/>
						<String ID="P4_ST00373" HPOS="1197" VPOS="2680" WIDTH="132" HEIGHT="34" CONTENT="vastes" WC="0.99" CC="090400"/>
						<SP ID="P4_SP00336" HPOS="1329" VPOS="2730" WIDTH="33"/>
						<String ID="P4_ST00374" HPOS="1362" VPOS="2674" WIDTH="292" HEIGHT="40" CONTENT="architectures" WC="1.00" CC="0060000010000"/>
						<SP ID="P4_SP00337" HPOS="1654" VPOS="2730" WIDTH="35"/>
						<String ID="P4_ST00375" HPOS="1689" VPOS="2688" WIDTH="187" HEIGHT="37" CONTENT="sonores," WC="1.00" CC="03010032"/>
						<SP ID="P4_SP00338" HPOS="1876" VPOS="2730" WIDTH="36"/>
						<String ID="P4_ST00376" HPOS="1912" VPOS="2675" WIDTH="68" HEIGHT="39" CONTENT="des" WC="0.96" CC="009"/>
						<SP ID="P4_SP00339" HPOS="1980" VPOS="2730" WIDTH="23"/>
						<String ID="P4_ST00377" HPOS="2003" VPOS="2674" WIDTH="138" HEIGHT="54" CONTENT="pièces" WC="0.99" CC="002500"/>
					</TextLine>
					<TextLine ID="P4_TL00037" HPOS="179" VPOS="2740" WIDTH="1962" HEIGHT="57">
						<String ID="P4_ST00378" HPOS="179" VPOS="2742" WIDTH="249" HEIGHT="54" CONTENT="amplement" WC="1.00" CC="200000002"/>
						<SP ID="P4_SP00340" HPOS="428" VPOS="2796" WIDTH="36"/>
						<String ID="P4_ST00379" HPOS="464" VPOS="2743" WIDTH="268" HEIGHT="54" CONTENT="développées" WC="1.00" CC="00000000400"/>
						<SP ID="P4_SP00341" HPOS="732" VPOS="2797" WIDTH="35"/>
						<String ID="P4_ST00380" HPOS="767" VPOS="2742" WIDTH="170" HEIGHT="41" CONTENT="suivant" WC="0.99" CC="0400704"/>
						<SP ID="P4_SP00342" HPOS="937" VPOS="2797" WIDTH="34"/>
						<String ID="P4_ST00381" HPOS="971" VPOS="2742" WIDTH="39" HEIGHT="39" CONTENT="la" WC="1.00" CC="00"/>
						<SP ID="P4_SP00343" HPOS="1010" VPOS="2797" WIDTH="11"/>
						<String ID="P4_ST00382" HPOS="1021" VPOS="2742" WIDTH="194" HEIGHT="54" CONTENT="formule" WC="1.00" CC="0000500"/>
						<SP ID="P4_SP00344" HPOS="1215" VPOS="2797" WIDTH="34"/>
						<String ID="P4_ST00383" HPOS="1249" VPOS="2740" WIDTH="203" HEIGHT="54" CONTENT="classique" WC="1.00" CC="509000000"/>
						<SP ID="P4_SP00345" HPOS="1452" VPOS="2797" WIDTH="34"/>
						<String ID="P4_ST00384" HPOS="1486" VPOS="2756" WIDTH="52" HEIGHT="24" CONTENT="ou" WC="0.88" CC="20"/>
						<SP ID="P4_SP00346" HPOS="1538" VPOS="2797" WIDTH="35"/>
						<String ID="P4_ST00385" HPOS="1573" VPOS="2741" WIDTH="99" HEIGHT="39" CONTENT="celle" WC="0.99" CC="40000"/>
						<SP ID="P4_SP00347" HPOS="1672" VPOS="2797" WIDTH="31"/>
						<String ID="P4_ST00386" HPOS="1703" VPOS="2742" WIDTH="99" HEIGHT="54" CONTENT="plus" WC="0.99" CC="0005"/>
						<SP ID="P4_SP00348" HPOS="1802" VPOS="2797" WIDTH="33"/>
						<String ID="P4_ST00387" HPOS="1835" VPOS="2741" WIDTH="103" HEIGHT="39" CONTENT="libre" WC="1.00" CC="00000"/>
						<SP ID="P4_SP00349" HPOS="1938" VPOS="2797" WIDTH="32"/>
						<String ID="P4_ST00388" HPOS="1970" VPOS="2742" WIDTH="49" HEIGHT="38" CONTENT="de" WC="1.00" CC="00"/>
						<SP ID="P4_SP00350" HPOS="2019" VPOS="2797" WIDTH="28"/>
						<String ID="P4_ST00389" HPOS="2047" VPOS="2742" WIDTH="94" HEIGHT="39" CONTENT="l'art" WC="1.00" CC="00003"/>
					</TextLine>
					<TextLine ID="P4_TL00038" HPOS="180" VPOS="2808" WIDTH="1960" HEIGHT="56">
						<String ID="P4_ST00390" HPOS="180" VPOS="2810" WIDTH="330" HEIGHT="54" CONTENT="contemporain." WC="1.00" CC="5502000000033"/>
						<SP ID="P4_SP00351" HPOS="510" VPOS="2864" WIDTH="26"/>
						<String ID="P4_ST00391" HPOS="536" VPOS="2811" WIDTH="217" HEIGHT="39" CONTENT="Peut-être" WC="0.99" CC="004438300"/>
						<SP ID="P4_SP00352" HPOS="753" VPOS="2864" WIDTH="7"/>
						<String ID="P4_ST00392" HPOS="760" VPOS="2810" WIDTH="157" HEIGHT="53" CONTENT="faut-il" WC="0.99" CC="0661300"/>
						<SP ID="P4_SP00353" HPOS="917" VPOS="2864" WIDTH="21"/>
						<String ID="P4_ST00393" HPOS="938" VPOS="2809" WIDTH="78" HEIGHT="39" CONTENT="l'en" WC="1.00" CC="0000"/>
						<SP ID="P4_SP00354" HPOS="1016" VPOS="2864" WIDTH="24"/>
						<String ID="P4_ST00394" HPOS="1040" VPOS="2810" WIDTH="131" HEIGHT="47" CONTENT="louer," WC="0.99" CC="005004"/>
						<SP ID="P4_SP00355" HPOS="1171" VPOS="2864" WIDTH="26"/>
						<String ID="P4_ST00395" HPOS="1197" VPOS="2824" WIDTH="70" HEIGHT="24" CONTENT="car" WC="0.98" CC="500"/>
						<SP ID="P4_SP00356" HPOS="1267" VPOS="2864" WIDTH="22"/>
						<String ID="P4_ST00396" HPOS="1289" VPOS="2809" WIDTH="179" HEIGHT="39" CONTENT="diverses" WC="1.00" CC="04000000"/>
						<SP ID="P4_SP00357" HPOS="1468" VPOS="2864" WIDTH="23"/>
						<String ID="P4_ST00397" HPOS="1491" VPOS="2808" WIDTH="214" HEIGHT="40" CONTENT="tentatives" WC="1.00" CC="4061020000"/>
						<SP ID="P4_SP00358" HPOS="1705" VPOS="2864" WIDTH="31"/>
						<String ID="P4_ST00398" HPOS="1736" VPOS="2812" WIDTH="181" HEIGHT="36" CONTENT="récentes" WC="1.00" CC="02000000"/>
						<SP ID="P4_SP00359" HPOS="1917" VPOS="2864" WIDTH="21"/>
						<String ID="P4_ST00399" HPOS="1938" VPOS="2808" WIDTH="202" HEIGHT="41" CONTENT="d'oeuvres" WC="1.00" CC="008000000"/>
					</TextLine>
					<TextLine ID="P4_TL00039" HPOS="179" VPOS="2874" WIDTH="1959" HEIGHT="58">
						<String ID="P4_ST00400" HPOS="179" VPOS="2877" WIDTH="49" HEIGHT="38" CONTENT="de" WC="1.00" CC="00"/>
						<SP ID="P4_SP00360" HPOS="228" VPOS="2915" WIDTH="21"/>
						<String ID="P4_ST00401" HPOS="249" VPOS="2877" WIDTH="156" HEIGHT="53" CONTENT="longue" WC="1.00" CC="000010"/>
						<SP ID="P4_SP00361" HPOS="405" VPOS="2930" WIDTH="23"/>
						<String ID="P4_ST00402" HPOS="428" VPOS="2878" WIDTH="179" HEIGHT="48" CONTENT="haleine," WC="1.00" CC="00000003"/>
						<SP ID="P4_SP00362" HPOS="607" VPOS="2930" WIDTH="20"/>
						<String ID="P4_ST00403" HPOS="627" VPOS="2878" WIDTH="232" HEIGHT="54" CONTENT="procédant" WC="1.00" CC="000300006"/>
						<SP ID="P4_SP00363" HPOS="859" VPOS="2932" WIDTH="21"/>
						<String ID="P4_ST00404" HPOS="880" VPOS="2874" WIDTH="101" HEIGHT="42" CONTENT="d'un" WC="1.00" CC="0000"/>
						<SP ID="P4_SP00364" HPOS="981" VPOS="2932" WIDTH="20"/>
						<String ID="P4_ST00405" HPOS="1001" VPOS="2876" WIDTH="131" HEIGHT="40" CONTENT="thème" WC="1.00" CC="10100"/>
						<SP ID="P4_SP00365" HPOS="1132" VPOS="2932" WIDTH="28"/>
						<String ID="P4_ST00406" HPOS="1160" VPOS="2876" WIDTH="239" HEIGHT="55" CONTENT="populaire," WC="1.00" CC="0408000004"/>
						<SP ID="P4_SP00366" HPOS="1399" VPOS="2932" WIDTH="26"/>
						<String ID="P4_ST00407" HPOS="1425" VPOS="2883" WIDTH="71" HEIGHT="33" CONTENT="ont" WC="0.99" CC="001"/>
						<SP ID="P4_SP00367" HPOS="1496" VPOS="2932" WIDTH="17"/>
						<String ID="P4_ST00408" HPOS="1513" VPOS="2876" WIDTH="139" HEIGHT="54" CONTENT="plutôt" WC="0.99" CC="006101"/>
						<SP ID="P4_SP00368" HPOS="1652" VPOS="2932" WIDTH="18"/>
						<String ID="P4_ST00409" HPOS="1670" VPOS="2879" WIDTH="179" HEIGHT="46" CONTENT="montré," WC="0.99" CC="3042004"/>
						<SP ID="P4_SP00369" HPOS="1849" VPOS="2932" WIDTH="21"/>
						<String ID="P4_ST00410" HPOS="1870" VPOS="2875" WIDTH="23" HEIGHT="38" CONTENT="à" WC="0.33" CC="6"/>
						<SP ID="P4_SP00370" HPOS="1893" VPOS="2932" WIDTH="17"/>
						<String ID="P4_ST00411" HPOS="1910" VPOS="2890" WIDTH="98" HEIGHT="25" CONTENT="mon" WC="0.97" CC="006"/>
						<SP ID="P4_SP00371" HPOS="2008" VPOS="2932" WIDTH="22"/>
						<String ID="P4_ST00412" HPOS="2030" VPOS="2890" WIDTH="108" HEIGHT="35" CONTENT="sens," WC="1.00" CC="00004"/>
					</TextLine>
					<TextLine ID="P4_TL00040" HPOS="179" VPOS="2944" WIDTH="1707" HEIGHT="54">
						<String ID="P4_ST00413" HPOS="179" VPOS="2944" WIDTH="57" HEIGHT="38" CONTENT="les" WC="0.99" CC="200"/>
						<SP ID="P4_SP00372" HPOS="236" VPOS="2982" WIDTH="23"/>
						<String ID="P4_ST00414" HPOS="259" VPOS="2944" WIDTH="222" HEIGHT="54" CONTENT="difficultés" WC="0.99" CC="00887620300"/>
						<SP ID="P4_SP00373" HPOS="481" VPOS="2998" WIDTH="18"/>
						<String ID="P4_ST00415" HPOS="499" VPOS="2953" WIDTH="174" HEIGHT="45" CONTENT="presque" WC="1.00" CC="0000000"/>
						<SP ID="P4_SP00374" HPOS="673" VPOS="2998" WIDTH="17"/>
						<String ID="P4_ST00416" HPOS="690" VPOS="2944" WIDTH="352" HEIGHT="40" CONTENT="insurmontables" WC="1.00" CC="01005006300005"/>
						<SP ID="P4_SP00375" HPOS="1042" VPOS="2998" WIDTH="25"/>
						<String ID="P4_ST00417" HPOS="1067" VPOS="2944" WIDTH="49" HEIGHT="38" CONTENT="de" WC="1.00" CC="00"/>
						<SP ID="P4_SP00376" HPOS="1116" VPOS="2998" WIDTH="26"/>
						<String ID="P4_ST00418" HPOS="1142" VPOS="2958" WIDTH="41" HEIGHT="24" CONTENT="ce" WC="1.00" CC="00"/>
						<SP ID="P4_SP00377" HPOS="1183" VPOS="2998" WIDTH="22"/>
						<String ID="P4_ST00419" HPOS="1205" VPOS="2944" WIDTH="112" HEIGHT="52" CONTENT="parti" WC="0.98" CC="90040"/>
						<SP ID="P4_SP00378" HPOS="1317" VPOS="2998" WIDTH="19"/>
						<String ID="P4_ST00420" HPOS="1336" VPOS="2944" WIDTH="107" HEIGHT="54" CONTENT="pris," WC="0.99" CC="00004"/>
						<SP ID="P4_SP00379" HPOS="1443" VPOS="2998" WIDTH="20"/>
						<String ID="P4_ST00421" HPOS="1463" VPOS="2958" WIDTH="76" HEIGHT="39" CONTENT="que" WC="1.00" CC="000"/>
						<SP ID="P4_SP00380" HPOS="1539" VPOS="2998" WIDTH="18"/>
						<String ID="P4_ST00422" HPOS="1557" VPOS="2958" WIDTH="63" HEIGHT="24" CONTENT="ses" WC="1.00" CC="000"/>
						<SP ID="P4_SP00381" HPOS="1620" VPOS="2998" WIDTH="21"/>
						<String ID="P4_ST00423" HPOS="1641" VPOS="2949" WIDTH="245" HEIGHT="47" CONTENT="avantages." WC="1.00" CC="0000100007"/>
					</TextLine>
					<TextLine ID="P4_TL00041" HPOS="236" VPOS="3009" WIDTH="1904" HEIGHT="56">
						<String ID="P4_ST00424" HPOS="236" VPOS="3010" WIDTH="78" HEIGHT="40" CONTENT="Ces" WC="1.00" CC="000"/>
						<SP ID="P4_SP00382" HPOS="314" VPOS="3050" WIDTH="21"/>
						<String ID="P4_ST00425" HPOS="335" VPOS="3011" WIDTH="236" HEIGHT="53" CONTENT="Esquisses" WC="1.00" CC="300030000" STYLEREFS="TXT_4"/>
						<SP ID="P4_SP00383" HPOS="571" VPOS="3064" WIDTH="22"/>
						<String ID="P4_ST00426" HPOS="593" VPOS="3013" WIDTH="170" HEIGHT="51" CONTENT="d'après" WC="0.99" CC="0004090" STYLEREFS="TXT_4"/>
						<SP ID="P4_SP00384" HPOS="763" VPOS="3064" WIDTH="32"/>
						<String ID="P4_ST00427" HPOS="795" VPOS="3020" WIDTH="155" HEIGHT="32" CONTENT="nature" WC="0.98" CC="406005" STYLEREFS="TXT_4"/>
						<SP ID="P4_SP00385" HPOS="950" VPOS="3064" WIDTH="21"/>
						<String ID="P4_ST00428" HPOS="971" VPOS="3026" WIDTH="50" HEIGHT="24" CONTENT="ne" WC="1.00" CC="00"/>
						<SP ID="P4_SP00386" HPOS="1021" VPOS="3064" WIDTH="17"/>
						<String ID="P4_ST00429" HPOS="1038" VPOS="3017" WIDTH="94" HEIGHT="33" CONTENT="sont" WC="1.00" CC="0002"/>
						<SP ID="P4_SP00387" HPOS="1132" VPOS="3064" WIDTH="31"/>
						<String ID="P4_ST00430" HPOS="1163" VPOS="3012" WIDTH="109" HEIGHT="38" CONTENT="donc" WC="0.99" CC="0300"/>
						<SP ID="P4_SP00388" HPOS="1272" VPOS="3064" WIDTH="20"/>
						<String ID="P4_ST00431" HPOS="1292" VPOS="3026" WIDTH="75" HEIGHT="39" CONTENT="que" WC="0.98" CC="050"/>
						<SP ID="P4_SP00389" HPOS="1367" VPOS="3065" WIDTH="23"/>
						<String ID="P4_ST00432" HPOS="1390" VPOS="3012" WIDTH="69" HEIGHT="38" CONTENT="des" WC="1.00" CC="000"/>
						<SP ID="P4_SP00390" HPOS="1459" VPOS="3065" WIDTH="27"/>
						<String ID="P4_ST00433" HPOS="1486" VPOS="3009" WIDTH="198" HEIGHT="55" CONTENT="esquisses" WC="1.00" CC="000000000"/>
						<SP ID="P4_SP00391" HPOS="1684" VPOS="3065" WIDTH="23"/>
						<String ID="P4_ST00434" HPOS="1707" VPOS="3021" WIDTH="13" HEIGHT="28" CONTENT=":" WC="0.98" CC="0"/>
						<SP ID="P4_SP00392" HPOS="1720" VPOS="3065" WIDTH="21"/>
						<String ID="P4_ST00435" HPOS="1741" VPOS="3011" WIDTH="193" HEIGHT="53" CONTENT="quelques" WC="1.00" CC="00000006"/>
						<SP ID="P4_SP00393" HPOS="1934" VPOS="3065" WIDTH="20"/>
						<String ID="P4_ST00436" HPOS="1954" VPOS="3018" WIDTH="132" HEIGHT="46" CONTENT="pages" WC="1.00" CC="00000"/>
						<SP ID="P4_SP00394" HPOS="2086" VPOS="3065" WIDTH="31"/>
						<String ID="P4_ST00437" HPOS="2117" VPOS="3013" WIDTH="23" HEIGHT="36" CONTENT="à" WC="0.67" CC="3"/>
					</TextLine>
					<TextLine ID="P4_TL00042" HPOS="177" VPOS="3077" WIDTH="1961" HEIGHT="55">
						<String ID="P4_ST00438" HPOS="177" VPOS="3078" WIDTH="120" HEIGHT="53" CONTENT="peine" WC="0.99" CC="00060"/>
						<SP ID="P4_SP00395" HPOS="297" VPOS="3131" WIDTH="21"/>
						<String ID="P4_ST00439" HPOS="318" VPOS="3093" WIDTH="54" HEIGHT="24" CONTENT="ou" WC="0.66" CC="06"/>
						<SP ID="P4_SP00396" HPOS="372" VPOS="3131" WIDTH="18"/>
						<String ID="P4_ST00440" HPOS="390" VPOS="3094" WIDTH="57" HEIGHT="24" CONTENT="un" WC="0.78" CC="40"/>
						<SP ID="P4_SP00397" HPOS="447" VPOS="3131" WIDTH="23"/>
						<String ID="P4_ST00441" HPOS="470" VPOS="3078" WIDTH="133" HEIGHT="40" CONTENT="thème" WC="1.00" CC="00000"/>
						<SP ID="P4_SP00398" HPOS="603" VPOS="3131" WIDTH="23"/>
						<String ID="P4_ST00442" HPOS="626" VPOS="3079" WIDTH="334" HEIGHT="53" CONTENT="caractéristique" WC="1.00" CC="000063000514020"/>
						<SP ID="P4_SP00399" HPOS="960" VPOS="3132" WIDTH="30"/>
						<String ID="P4_ST00443" HPOS="990" VPOS="3077" WIDTH="201" HEIGHT="55" CONTENT="s'expose," WC="1.00" CC="000000004"/>
						<SP ID="P4_SP00400" HPOS="1191" VPOS="3132" WIDTH="23"/>
						<String ID="P4_ST00444" HPOS="1214" VPOS="3093" WIDTH="98" HEIGHT="25" CONTENT="sans" WC="1.00" CC="0000"/>
						<SP ID="P4_SP00401" HPOS="1312" VPOS="3132" WIDTH="8"/>
						<String ID="P4_ST00445" HPOS="1320" VPOS="3078" WIDTH="163" HEIGHT="53" CONTENT="jamais" WC="1.00" CC="050000"/>
						<SP ID="P4_SP00402" HPOS="1483" VPOS="3132" WIDTH="20"/>
						<String ID="P4_ST00446" HPOS="1503" VPOS="3092" WIDTH="42" HEIGHT="24" CONTENT="se" WC="1.00" CC="00"/>
						<SP ID="P4_SP00403" HPOS="1545" VPOS="3132" WIDTH="18"/>
						<String ID="P4_ST00447" HPOS="1563" VPOS="3078" WIDTH="277" HEIGHT="51" CONTENT="transformer" WC="1.00" CC="60000000500"/>
						<SP ID="P4_SP00404" HPOS="1840" VPOS="3132" WIDTH="17"/>
						<String ID="P4_ST00448" HPOS="1857" VPOS="3077" WIDTH="47" HEIGHT="40" CONTENT="ni" WC="0.93" CC="01"/>
						<SP ID="P4_SP00405" HPOS="1904" VPOS="3132" WIDTH="18"/>
						<String ID="P4_ST00449" HPOS="1922" VPOS="3077" WIDTH="216" HEIGHT="40" CONTENT="s'étendre." WC="1.00" CC="0001030004"/>
					</TextLine>
					<TextLine ID="P4_TL00043" HPOS="177" VPOS="3144" WIDTH="1964" HEIGHT="56">
						<String ID="P4_ST00450" HPOS="177" VPOS="3144" WIDTH="215" HEIGHT="55" CONTENT="Musiques" WC="1.00" CC="04000000"/>
						<SP ID="P4_SP00406" HPOS="392" VPOS="3199" WIDTH="17"/>
						<String ID="P4_ST00451" HPOS="409" VPOS="3146" WIDTH="288" HEIGHT="53" CONTENT="pittoresques," WC="1.00" CC="0041000000007"/>
						<SP ID="P4_SP00407" HPOS="697" VPOS="3199" WIDTH="35"/>
						<String ID="P4_ST00452" HPOS="732" VPOS="3146" WIDTH="253" HEIGHT="54" CONTENT="expressives" WC="1.00" CC="00000040000"/>
						<SP ID="P4_SP00408" HPOS="985" VPOS="3200" WIDTH="85"/>
						<String ID="P4_ST00453" HPOS="1070" VPOS="3146" WIDTH="276" HEIGHT="54" CONTENT="pittoresques" WC="1.00" CC="000000000600"/>
						<SP ID="P4_SP00409" HPOS="1346" VPOS="3200" WIDTH="28"/>
						<String ID="P4_ST00454" HPOS="1374" VPOS="3151" WIDTH="178" HEIGHT="44" CONTENT="surtout," WC="0.99" CC="00040403"/>
						<SP ID="P4_SP00410" HPOS="1552" VPOS="3200" WIDTH="21"/>
						<String ID="P4_ST00455" HPOS="1573" VPOS="3146" WIDTH="106" HEIGHT="38" CONTENT="dans" WC="1.00" CC="0000"/>
						<SP ID="P4_SP00411" HPOS="1679" VPOS="3200" WIDTH="20"/>
						<String ID="P4_ST00456" HPOS="1699" VPOS="3144" WIDTH="35" HEIGHT="40" CONTENT="le" WC="0.79" CC="04"/>
						<SP ID="P4_SP00412" HPOS="1734" VPOS="3200" WIDTH="30"/>
						<String ID="P4_ST00457" HPOS="1764" VPOS="3148" WIDTH="110" HEIGHT="50" CONTENT="goût" WC="0.97" CC="8070"/>
						<SP ID="P4_SP00413" HPOS="1874" VPOS="3200" WIDTH="17"/>
						<String ID="P4_ST00458" HPOS="1891" VPOS="3145" WIDTH="70" HEIGHT="39" CONTENT="des" WC="1.00" CC="000"/>
						<SP ID="P4_SP00414" HPOS="1961" VPOS="3200" WIDTH="29"/>
						<String ID="P4_ST00459" HPOS="1990" VPOS="3144" WIDTH="151" HEIGHT="40" CONTENT="Pièces" WC="1.00" CC="000000" STYLEREFS="TXT_4"/>
					</TextLine>
					<TextLine ID="P4_TL00044" HPOS="181" VPOS="3211" WIDTH="1958" HEIGHT="55">
						<String ID="P4_ST00460" HPOS="181" VPOS="3214" WIDTH="295" HEIGHT="50" CONTENT="pittoresques" WC="1.00" CC="345711000000" STYLEREFS="TXT_4"/>
						<SP ID="P4_SP00415" HPOS="476" VPOS="3264" WIDTH="22"/>
						<String ID="P4_ST00461" HPOS="498" VPOS="3211" WIDTH="179" HEIGHT="41" CONTENT="d'Emm." WC="0.79" CC="004403"/>
						<SP ID="P4_SP00416" HPOS="677" VPOS="3264" WIDTH="39"/>
						<String ID="P4_ST00462" HPOS="716" VPOS="3212" WIDTH="204" HEIGHT="40" CONTENT="Chabrier" WC="1.00" CC="00000000"/>
						<SP ID="P4_SP00417" HPOS="920" VPOS="3264" WIDTH="12"/>
						<String ID="P4_ST00463" HPOS="932" VPOS="3225" WIDTH="15" HEIGHT="36" CONTENT=";" WC="0.80" CC="1"/>
						<SP ID="P4_SP00418" HPOS="947" VPOS="3264" WIDTH="104"/>
						<String ID="P4_ST00464" HPOS="1051" VPOS="3212" WIDTH="215" HEIGHT="41" CONTENT="notations" WC="1.00" CC="005040000"/>
						<SP ID="P4_SP00419" HPOS="1266" VPOS="3264" WIDTH="22"/>
						<String ID="P4_ST00465" HPOS="1288" VPOS="3215" WIDTH="79" HEIGHT="37" CONTENT="très" WC="1.00" CC="1000"/>
						<SP ID="P4_SP00420" HPOS="1367" VPOS="3264" WIDTH="19"/>
						<String ID="P4_ST00466" HPOS="1386" VPOS="3213" WIDTH="180" HEIGHT="53" CONTENT="précises" WC="1.00" CC="00200000"/>
						<SP ID="P4_SP00421" HPOS="1566" VPOS="3266" WIDTH="20"/>
						<String ID="P4_ST00467" HPOS="1586" VPOS="3218" WIDTH="38" HEIGHT="34" CONTENT="et" WC="0.86" CC="02"/>
						<SP ID="P4_SP00422" HPOS="1624" VPOS="3266" WIDTH="20"/>
						<String ID="P4_ST00468" HPOS="1644" VPOS="3214" WIDTH="80" HEIGHT="38" CONTENT="très" WC="0.99" CC="3030"/>
						<SP ID="P4_SP00423" HPOS="1724" VPOS="3266" WIDTH="21"/>
						<String ID="P4_ST00469" HPOS="1745" VPOS="3212" WIDTH="139" HEIGHT="41" CONTENT="brèves" WC="1.00" CC="000000"/>
						<SP ID="P4_SP00424" HPOS="1884" VPOS="3266" WIDTH="18"/>
						<String ID="P4_ST00470" HPOS="1902" VPOS="3213" WIDTH="123" HEIGHT="39" CONTENT="d'une" WC="0.99" CC="00303"/>
						<SP ID="P4_SP00425" HPOS="2025" VPOS="3266" WIDTH="19"/>
						<String ID="P4_ST00471" HPOS="2044" VPOS="3226" WIDTH="72" HEIGHT="25" CONTENT="sen" SUBS_TYPE="HypPart1" SUBS_CONTENT="sensibilité" WC="0.99" CC="000"/>
						<HYP HPOS="2116" VPOS="3226" WIDTH="23" CONTENT="-"/>
					</TextLine>
					<TextLine ID="P4_TL00045" HPOS="180" VPOS="3276" WIDTH="1960" HEIGHT="56">
						<String ID="P4_ST00472" HPOS="180" VPOS="3280" WIDTH="157" HEIGHT="40" CONTENT="sibilité" SUBS_TYPE="HypPart2" SUBS_CONTENT="sensibilité" WC="1.00" CC="00000000"/>
						<SP ID="P4_SP00426" HPOS="337" VPOS="3320" WIDTH="23"/>
						<String ID="P4_ST00473" HPOS="360" VPOS="3280" WIDTH="173" HEIGHT="40" CONTENT="délicate" WC="1.00" CC="00000030"/>
						<SP ID="P4_SP00427" HPOS="533" VPOS="3320" WIDTH="22"/>
						<String ID="P4_ST00474" HPOS="555" VPOS="3286" WIDTH="35" HEIGHT="33" CONTENT="et" WC="1.00" CC="00"/>
						<SP ID="P4_SP00428" HPOS="590" VPOS="3320" WIDTH="17"/>
						<String ID="P4_ST00475" HPOS="607" VPOS="3283" WIDTH="258" HEIGHT="49" CONTENT="pénétrante." WC="1.00" CC="00021000300"/>
						<SP ID="P4_SP00429" HPOS="865" VPOS="3332" WIDTH="30"/>
						<String ID="P4_ST00476" HPOS="895" VPOS="3279" WIDTH="114" HEIGHT="40" CONTENT="Celle" WC="0.99" CC="05000"/>
						<SP ID="P4_SP00430" HPOS="1009" VPOS="3332" WIDTH="22"/>
						<String ID="P4_ST00477" HPOS="1031" VPOS="3281" WIDTH="50" HEIGHT="39" CONTENT="de" WC="1.00" CC="00"/>
						<SP ID="P4_SP00431" HPOS="1081" VPOS="3332" WIDTH="21"/>
						<String ID="P4_ST00478" HPOS="1102" VPOS="3295" WIDTH="64" HEIGHT="25" CONTENT="ces" WC="1.00" CC="000"/>
						<SP ID="P4_SP00432" HPOS="1166" VPOS="3332" WIDTH="19"/>
						<String ID="P4_ST00479" HPOS="1185" VPOS="3280" WIDTH="199" HEIGHT="52" CONTENT="esquisses" WC="1.00" CC="000000000"/>
						<SP ID="P4_SP00433" HPOS="1384" VPOS="3332" WIDTH="21"/>
						<String ID="P4_ST00480" HPOS="1405" VPOS="3295" WIDTH="75" HEIGHT="37" CONTENT="que" WC="0.99" CC="030"/>
						<SP ID="P4_SP00434" HPOS="1480" VPOS="3332" WIDTH="30"/>
						<String ID="P4_ST00481" HPOS="1510" VPOS="3280" WIDTH="40" HEIGHT="39" CONTENT="la" WC="1.00" CC="00"/>
						<SP ID="P4_SP00435" HPOS="1550" VPOS="3332" WIDTH="23"/>
						<String ID="P4_ST00482" HPOS="1573" VPOS="3276" WIDTH="150" HEIGHT="44" CONTENT="Revue" WC="0.98" CC="50403" STYLEREFS="TXT_4"/>
						<SP ID="P4_SP00436" HPOS="1723" VPOS="3332" WIDTH="31"/>
						<String ID="P4_ST00483" HPOS="1754" VPOS="3280" WIDTH="210" HEIGHT="40" CONTENT="musicale" WC="0.99" CC="30130050" STYLEREFS="TXT_4"/>
						<SP ID="P4_SP00437" HPOS="1964" VPOS="3332" WIDTH="33"/>
						<String ID="P4_ST00484" HPOS="1997" VPOS="3278" WIDTH="143" HEIGHT="54" CONTENT="publie" WC="1.00" CC="000000"/>
					</TextLine>
				</TextBlock>
				<TextBlock ID="P4_TB00007" HPOS="177" VPOS="3413" WIDTH="1960" HEIGHT="93" STYLEREFS="TXT_5 PAR_LEFT">
					<TextLine ID="P4_TL00046" HPOS="177" VPOS="3416" WIDTH="1960" HEIGHT="42">
						<String ID="P4_ST00485" HPOS="177" VPOS="3417" WIDTH="79" HEIGHT="33" CONTENT="Fl." WC="0.92" CC="700" STYLEREFS="TXT_6"/>
						<SP ID="P4_SP00438" HPOS="256" VPOS="3450" WIDTH="26"/>
						<String ID="P4_ST00486" HPOS="282" VPOS="3417" WIDTH="186" HEIGHT="41" CONTENT="Esquisses" WC="0.99" CC="700733000" STYLEREFS="TXT_6"/>
						<SP ID="P4_SP00439" HPOS="468" VPOS="3458" WIDTH="17"/>
						<String ID="P4_ST00487" HPOS="485" VPOS="3416" WIDTH="136" HEIGHT="40" CONTENT="d'après" WC="0.99" CC="4000060" STYLEREFS="TXT_6"/>
						<SP ID="P4_SP00440" HPOS="621" VPOS="3458" WIDTH="18"/>
						<String ID="P4_ST00488" HPOS="639" VPOS="3423" WIDTH="144" HEIGHT="24" CONTENT="nature:" WC="0.99" CC="0366121" STYLEREFS="TXT_6"/>
						<SP ID="P4_SP00441" HPOS="783" VPOS="3458" WIDTH="21"/>
						<String ID="P4_ST00489" HPOS="804" VPOS="3422" WIDTH="39" HEIGHT="25" CONTENT="i°" WC="0.44" CC="38"/>
						<SP ID="P4_SP00442" HPOS="843" VPOS="3458" WIDTH="19"/>
						<String ID="P4_ST00490" HPOS="862" VPOS="3417" WIDTH="29" HEIGHT="30" CONTENT="A" WC="1.00" CC="0"/>
						<SP ID="P4_SP00443" HPOS="891" VPOS="3458" WIDTH="28"/>
						<String ID="P4_ST00491" HPOS="919" VPOS="3417" WIDTH="254" HEIGHT="30" CONTENT="Saint-Herbot" WC="0.66" CC="060456330234"/>
						<SP ID="P4_SP00444" HPOS="1173" VPOS="3458" WIDTH="14"/>
						<String ID="P4_ST00492" HPOS="1187" VPOS="3428" WIDTH="10" HEIGHT="28" CONTENT=";" WC="1.00" CC="0"/>
						<SP ID="P4_SP00445" HPOS="1197" VPOS="3458" WIDTH="25"/>
						<String ID="P4_ST00493" HPOS="1222" VPOS="3427" WIDTH="16" HEIGHT="21" CONTENT="2" WC="0.56" CC="4"/>
						<String ID="P4_ST00494" HPOS="1244" VPOS="3424" WIDTH="12" HEIGHT="15" CONTENT="0" STYLE="superscript" WC="0.26" CC="7"/>
						<SP ID="P4_SP00446" HPOS="1256" VPOS="3458" WIDTH="23"/>
						<String ID="P4_ST00495" HPOS="1279" VPOS="3417" WIDTH="117" HEIGHT="32" CONTENT="Danse" WC="0.97" CC="36730"/>
						<SP ID="P4_SP00447" HPOS="1396" VPOS="3458" WIDTH="25"/>
						<String ID="P4_ST00496" HPOS="1421" VPOS="3417" WIDTH="177" HEIGHT="41" CONTENT="rustique;" WC="0.99" CC="035300551"/>
						<SP ID="P4_SP00448" HPOS="1598" VPOS="3458" WIDTH="29"/>
						<String ID="P4_ST00497" HPOS="1627" VPOS="3416" WIDTH="19" HEIGHT="42" CONTENT="y" WC="0.24" CC="7"/>
						<SP ID="P4_SP00449" HPOS="1646" VPOS="3458" WIDTH="19"/>
						<String ID="P4_ST00498" HPOS="1665" VPOS="3416" WIDTH="20" HEIGHT="42" CONTENT="0" STYLE="superscript" WC="1.00" CC="0"/>
						<SP ID="P4_SP00450" HPOS="1685" VPOS="3458" WIDTH="19"/>
						<String ID="P4_ST00499" HPOS="1704" VPOS="3416" WIDTH="78" HEIGHT="42" CONTENT="Dans" WC="0.98" CC="0430"/>
						<SP ID="P4_SP00451" HPOS="1782" VPOS="3458" WIDTH="26"/>
						<String ID="P4_ST00500" HPOS="1808" VPOS="3417" WIDTH="32" HEIGHT="30" CONTENT="la" WC="0.69" CC="06"/>
						<SP ID="P4_SP00452" HPOS="1840" VPOS="3458" WIDTH="25"/>
						<String ID="P4_ST00501" HPOS="1865" VPOS="3417" WIDTH="101" HEIGHT="30" CONTENT="lande" WC="0.99" CC="00500"/>
						<SP ID="P4_SP00453" HPOS="1966" VPOS="3458" WIDTH="13"/>
						<String ID="P4_ST00502" HPOS="1979" VPOS="3427" WIDTH="55" HEIGHT="30" CONTENT=";4" WC="0.86" CC="16"/>
						<String ID="P4_ST00503" HPOS="2040" VPOS="3421" WIDTH="14" HEIGHT="17" CONTENT="0" STYLE="superscript" WC="0.28" CC="7"/>
						<SP ID="P4_SP00454" HPOS="2054" VPOS="3458" WIDTH="27"/>
						<String ID="P4_ST00504" HPOS="2081" VPOS="3416" WIDTH="56" HEIGHT="31" CONTENT="En" WC="1.00" CC="00"/>
					</TextLine>
					<TextLine ID="P4_TL00047" HPOS="178" VPOS="3465" WIDTH="1959" HEIGHT="41">
						<String ID="P4_ST00505" HPOS="178" VPOS="3468" WIDTH="141" HEIGHT="37" CONTENT="chasse;" WC="1.00" CC="5000002"/>
						<SP ID="P4_SP00455" HPOS="319" VPOS="3505" WIDTH="17"/>
						<String ID="P4_ST00506" HPOS="336" VPOS="3475" WIDTH="19" HEIGHT="31" CONTENT="5" WC="1.00" CC="9" STYLEREFS="TXT_6"/>
						<String ID="P4_ST00507" HPOS="362" VPOS="3473" WIDTH="13" HEIGHT="14" CONTENT="0" STYLE="superscript" WC="0.26" CC="7" STYLEREFS="TXT_6"/>
						<SP ID="P4_SP00456" HPOS="375" VPOS="3506" WIDTH="27"/>
						<String ID="P4_ST00508" HPOS="402" VPOS="3466" WIDTH="280" HEIGHT="40" CONTENT="Contemplation" WC="0.99" CC="5546026092246"/>
						<SP ID="P4_SP00457" HPOS="682" VPOS="3506" WIDTH="18"/>
						<String ID="P4_ST00509" HPOS="700" VPOS="3465" WIDTH="146" HEIGHT="30" CONTENT="sidérale" WC="1.00" CC="30000000"/>
						<SP ID="P4_SP00458" HPOS="846" VPOS="3506" WIDTH="11"/>
						<String ID="P4_ST00510" HPOS="857" VPOS="3476" WIDTH="9" HEIGHT="28" CONTENT=";" WC="0.25" CC="7"/>
						<SP ID="P4_SP00459" HPOS="866" VPOS="3506" WIDTH="18"/>
						<String ID="P4_ST00511" HPOS="884" VPOS="3476" WIDTH="92" HEIGHT="28" CONTENT="pour" WC="0.98" CC="1600" STYLEREFS="TXT_6"/>
						<SP ID="P4_SP00460" HPOS="976" VPOS="3506" WIDTH="21"/>
						<String ID="P4_ST00512" HPOS="997" VPOS="3466" WIDTH="125" HEIGHT="39" CONTENT="piano." WC="0.98" CC="015514" STYLEREFS="TXT_6"/>
						<SP ID="P4_SP00461" HPOS="1122" VPOS="3506" WIDTH="84"/>
						<String ID="P4_ST00513" HPOS="1206" VPOS="3466" WIDTH="181" HEIGHT="40" CONTENT="Alphonse" WC="0.99" CC="00905040"/>
						<SP ID="P4_SP00462" HPOS="1387" VPOS="3506" WIDTH="16"/>
						<String ID="P4_ST00514" HPOS="1403" VPOS="3466" WIDTH="125" HEIGHT="38" CONTENT="Leduc," WC="0.98" CC="270603"/>
						<SP ID="P4_SP00463" HPOS="1528" VPOS="3506" WIDTH="29"/>
						<String ID="P4_ST00515" HPOS="1557" VPOS="3466" WIDTH="142" HEIGHT="38" CONTENT="éditeur-," WC="1.00" CC="000302033"/>
						<SP ID="P4_SP00464" HPOS="1699" VPOS="3506" WIDTH="27"/>
						<String ID="P4_ST00516" HPOS="1726" VPOS="3476" WIDTH="35" HEIGHT="30" CONTENT="q," WC="0.47" CC="37"/>
						<SP ID="P4_SP00465" HPOS="1761" VPOS="3506" WIDTH="16"/>
						<String ID="P4_ST00517" HPOS="1777" VPOS="3476" WIDTH="61" HEIGHT="21" CONTENT="rue" WC="1.00" CC="000"/>
						<SP ID="P4_SP00466" HPOS="1838" VPOS="3506" WIDTH="12"/>
						<String ID="P4_ST00518" HPOS="1850" VPOS="3467" WIDTH="39" HEIGHT="30" CONTENT="de" WC="1.00" CC="00"/>
						<SP ID="P4_SP00467" HPOS="1889" VPOS="3506" WIDTH="23"/>
						<String ID="P4_ST00519" HPOS="1912" VPOS="3466" WIDTH="225" HEIGHT="31" CONTENT="Grammont." WC="0.77" CC="000054440"/>
					</TextLine>
				</TextBlock>
				<ComposedBlock ID="P4_CB00001" HPOS="212" VPOS="621" WIDTH="856" HEIGHT="661" STYLEREFS="TXT_7 PAR_LEFT" TYPE="Illustration">
					<GraphicalElement ID="P4_CB00001_SUB" HPOS="212" VPOS="621" WIDTH="856" HEIGHT="661"/>
				</ComposedBlock>
			</PrintSpace>
		</Page>
	</Layout>
</alto>
