2225 3716
130 213 74 45 398

934 223 84 25 AUX
1049 221 238 27 MUSICIENS

873 381 129 39 Aux
1036 380 312 40 musiciens

188 507 182 40 Comme
400 510 116 38 suite
547 508 26 40 à
595 510 41 39 la
662 510 135 38 lettre
825 522 82 40 que
929 522 107 27 nous
1056 522 135 26 avons
1206 509 186 52 publiée
1409 509 114 40 dans
1546 517 130 33 notre
1694 510 187 40 dernier
1900 512 200 46 numéro,

131 576 38 38 le
186 575 163 53 Temps
369 576 58 38 du
449 574 31 42 8
497 575 155 53 juillet
667 576 203 52 publiait
891 578 40 38 la
955 583 101 33 note
1074 578 207 38 suivante
1307 592 7 22 :
1339 590 20 26 a
1376 578 63 38 Le
1458 590 94 27 vœu
1575 591 83 40 que
1681 578 67 39 M.
1772 578 125 39 Jules
1919 579 153 39 Comba-

130 645 98 37 rieu
248 643 222 53 appuyait
493 644 114 39 dans
623 657 84 26 une
727 645 134 38 lettre
875 644 176 40 récente
1072 657 26 26 a
1121 646 68 37 été
1208 644 191 40 entendu
1420 657 12 26 :
1446 644 64 40 M.
1533 646 117 39 Paul
1668 644 188 41 Viardot
1870 647 121 38 vient
2010 646 69 38 d'ê-

131 716 71 32 tre
220 709 168 53 chargé
405 723 84 39 par
501 711 40 38 la
555 710 182 40 Société
757 710 249 42 Nationale
1028 711 291 53 d'organiser
1335 712 77 38 des
1425 719 226 45 concerts,
1667 726 57 26 au
1746 712 141 40 Salon
1911 712 52 39 de
1975 714 103 50 pein-

131 783 94 33 ture
249 778 52 38 de
317 790 90 42 igo
419 777 42 52 6,
478 778 110 39 dans
604 791 82 27 une
700 779 113 39 salle
823 778 58 40 du
900 780 461 52 reyde-chaussée,au
1376 780 150 51 palais
1544 781 76 38 des
1639 780 427 51 Champs-Elysées.
2081 794 19 24 »

129 844 64 40 La
218 844 135 40 même
376 853 109 32 note
507 858 108 27 nous
635 848 238 51 apprenait
905 858 100 41 que,
1025 859 120 39 pour
1169 848 38 37 le
1230 846 142 40 choix
1399 846 77 40 des
1498 859 171 27 œuvres
1691 848 235 39 musicales
1949 849 26 37 à
1996 848 80 39 exé-

130 919 143 45 cuter,
297 913 37 39 le
346 914 121 50 jury
483 913 143 39 serait
643 913 188 52 présidé
846 926 89 40 par
955 913 67 41 M.
1053 913 189 40 Gabriel
1262 914 168 38 Fauré.
1455 915 139 39 —M.
1619 915 120 39 Paul
1770 914 105 41 Viar
1879 915 94 49 dot,
1994 928 110 27 nous

131 982 38 37 le
201 980 224 53 répétons,
450 987 66 33 est
539 994 55 26 un
616 981 225 39 excellent
875 981 232 51 musicien,
1129 985 41 35 et
1189 994 111 26 nous
1319 993 111 27 nous
1440 981 244 52 félicitons
1709 983 54 39 de
1789 984 98 38 voir
1905 996 84 39 que
2023 995 79 27 son

131 1060 215 26 concours
368 1054 65 32 est
461 1050 159 37 assuré
632 1063 14 30 ;
668 1048 33 39 il
724 1054 65 32 est
811 1049 223 39 excellent
1068 1048 124 40 aussi
1214 1048 129 53 qu'on
1363 1048 68 40 ait
1465 1049 139 53 songé
1626 1048 130 42 àM.
1781 1049 167 40 Fauré.
1975 1050 126 39 Mais

131 1116 39 37 le
182 1114 151 53 projet
360 1114 109 40 dont
487 1114 39 54 f
530 1117 126 38 avais
674 1115 113 40 saisi
806 1117 64 38 M.
899 1116 39 39 le
961 1117 243 38 Directeur
1225 1117 77 38 des
1318 1117 295 39 Beaux-Arts
1635 1117 77 52 (au
1735 1125 370 32 commencement

131 1182 54 39 de
208 1181 156 40 l'hiver
402 1182 203 54 dernier)
628 1190 66 32 est
727 1186 91 36 très
840 1182 215 57 différent
1077 1183 54 39 de
1164 1184 117 39 celui
1318 1184 109 39 dont
1463 1186 35 37 il
1517 1184 136 53 s'agit
1685 1184 111 40 dans
1827 1187 42 37 la
1909 1191 102 33 note
2046 1185 58 38 du

131 1249 177 53 Temps.
346 1249 173 40 J'avais
538 1249 201 54 suggéré
761 1249 128 40 Vidée
921 1263 81 40 que
1026 1252 61 38 les
1121 1251 254 51 musiciens,
1402 1252 268 39 exécutants
1703 1258 43 33 et
1781 1252 325 53 compositeurs

130 1316 151 52 (iaprès
303 1323 176 33 entente
501 1319 244 47 courtoise,
771 1317 97 40 bien
905 1318 208 51 entendu,
1138 1331 105 26 avec
1282 1319 61 38 les
1375 1319 232 53 peintres),
1629 1321 174 50 fussent
1836 1320 224 39 autorisés
2079 1319 25 38 à

396 1384 166 39 durant
583 1386 42 38 la
642 1385 186 52 période
845 1386 57 37 du
926 1385 139 39 Salon
1090 1385 76 40 des
1184 1385 424 53 Champs-Elysées,
1630 1393 44 33 et
1694 1399 82 40 que
1796 1393 114 33 cette
1929 1388 151 37 autori-

131 1453 146 38 sation
300 1453 98 38 leur
416 1451 76 53 fût
510 1452 171 39 donnée
691 1465 90 39 par
813 1453 41 38 le
885 1452 235 44 Ministre,
1161 1466 56 25 au
1240 1451 138 41 même
1402 1454 109 39 titre
1549 1467 55 39 qu
1623 1455 86 38 elle
1732 1460 66 33 est
1822 1453 170 40 donnée
2011 1466 95 26 aux

131 1524 156 33 autres
310 1519 198 51 artistes,
532 1519 54 39 de
610 1520 102 38 telle
730 1526 122 33 sorte
874 1532 81 41 que
985 1521 63 38 les
1068 1521 241 38 musiciens
1323 1520 199 40 seraient
1542 1519 163 54 placés,
1739 1534 48 26 en
1808 1522 218 51 principe,
2049 1534 57 25 au

132 1585 135 39 même
286 1599 121 39 rang
426 1599 82 40 que
522 1587 63 39 les
595 1588 221 50 peintres,
842 1589 63 38 les
924 1588 228 51 sculpteur
1154 1601 36 37 s,
1202 1593 103 34 etc..
1325 1599 18 40 ;
1359 1600 66 36 or,
1439 1587 68 40 M.
1536 1587 205 51 Viardot,
1766 1601 56 24 au
1846 1588 87 39 lieu
1956 1588 52 39 de
2022 1588 64 38 s'a-

134 1653 180 39 dresser
348 1653 26 38 à
407 1653 413 41 VAdministration
854 1654 281 53 supérieure,
1175 1657 104 37 s'est
1312 1655 187 40 adressé
1514 1656 101 38 àla
1640 1655 178 40 Société
1837 1655 267 50 Nationale,

131 1723 53 38 de
210 1723 74 50 qui
307 1722 29 38 il
367 1723 223 50 dépendra
625 1733 7 28 :
674 1721 103 40 c'est
802 1723 42 38 la
867 1721 348 40 subordination
1240 1723 52 38 de
1327 1723 41 39 la
1388 1722 201 53 musique
1611 1736 92 27 aux
1725 1728 97 33 arts
1839 1723 265 52 plastiques,

131 1802 56 25 au
206 1789 87 39 lieu
317 1786 56 42 de
387 1801 77 27 son
497 1789 244 40 admission
778 1803 57 25 au
860 1796 200 47 partage
1098 1789 52 40 de
1175 1791 255 52 privilèges
1470 1790 168 53 égaux.
1663 1790 135 40 Nous
1831 1803 182 37 aurons,
2055 1803 52 26 en

129 1867 178 37 somme,
332 1869 105 27 avec
451 1857 38 38 le
505 1856 157 53 projet
677 1855 206 51 Viardot,
901 1870 56 26 un
971 1864 182 32 concert
1162 1858 53 38 de
1228 1858 118 52 plus,
1356 1857 229 53 peut-être
1599 1871 84 26 une
1697 1859 198 51 chapelle
1915 1857 165 52 déplus
2095 1873 13 33 ;

131 1935 110 27 nous
273 1923 179 39 n'avons
472 1937 88 38 pas
594 1935 158 28 encore
774 1924 345 53 l'organisation
1150 1923 25 40 à
1199 1925 191 52 laquelle
1402 1924 170 53 j'avais
1607 1924 156 53 songé.
1800 1926 70 37 Au
1892 1926 89 38 lieu
2002 1924 105 40 d'un

120 1989 121 54 jury
259 1989 354 53 régulièrement
634 1990 234 51 constitué,
888 1993 172 37 nommé
1084 2004 51 27 en
1159 1991 240 40 assemblée
1413 1992 219 52 générale
1639 2005 92 39 par
1761 1991 27 40 V
1795 1992 219 39 ensemble
2030 1992 77 39 des

129 2057 256 48 musiciens,
409 2064 43 33 et
475 2058 168 53 chargé
661 2058 251 39 désormais
929 2058 52 39 de
1003 2060 63 37 les
1079 2058 283 53 représenter
1376 2058 342 54 officiellement,
1734 2071 110 27 nous
1864 2072 171 26 aurons
2050 2072 57 26 un

119 2123 139 55 jury,
281 2126 92 37 très
394 2126 204 38 autorisé
619 2137 103 27 sans
745 2125 139 40 doute
907 2124 73 41 s'il
998 2132 65 33 est
1077 2126 185 51 présidé
1277 2138 89 40 par
1389 2125 66 40 M.
1478 2127 168 50 Fauré,
1667 2126 115 39 mais
1803 2126 229 51 dépourvu
2055 2126 54 39 de

131 2194 234 37 caractère
387 2191 180 55 officiel,
593 2199 42 32 et
674 2193 230 53 analogue
925 2195 25 37 à
990 2194 120 38 celui
1131 2205 83 41 que
1249 2193 67 39 M.
1361 2192 171 40 Cortot
1560 2206 27 26 a
1627 2192 221 40 constitué
1877 2206 120 40 pour
2028 2206 81 27 une

129 2260 253 51 entreprise
407 2261 307 51 personnelle.
741 2260 119 49 Quoi
879 2260 108 53 qu'il
1008 2274 49 26 en
1088 2260 103 51 soit,
1232 2260 183 40 l'œuvre
1437 2260 54 40 de
1526 2260 66 40 M.
1639 2261 206 49 Viardot,
1877 2262 41 39 si
1959 2262 84 39 elle
2064 2274 46 27 se

129 2328 165 38 réalise
320 2326 183 53 (comme
523 2340 112 27 nous
662 2327 242 53 l'espérons
925 2328 133 52 bien),
1082 2341 115 26 aura
1226 2342 56 25 un
1317 2332 89 36 très
1428 2328 83 40 bon
1531 2328 193 40 résultat
1756 2330 212 52 pratique
1993 2342 13 26 :
2025 2330 84 39 elle

129 2393 286 41 démontrera
435 2395 160 52 qu'une
615 2396 257 51 exposition
893 2396 212 39 musicale
1136 2401 106 47 peut
1265 2395 131 39 avoir
1415 2395 91 39 lieu
1537 2408 58 26 au
1623 2396 159 40 Grand
1808 2396 173 46 Palais,
2004 2409 105 27 sans

128 2461 142 53 gêner
293 2461 288 53 l'exposition
601 2464 231 50 picturale
844 2464 77 52 qui
940 2462 298 49 l'encadrera,
1262 2469 56 42 et,
1344 2476 57 26 au
1433 2462 248 49 contraire,
1708 2476 52 26 en
1784 2464 44 38 la
1846 2471 198 33 servant.
2067 2464 42 40 Il

131 2535 65 32 est
209 2528 54 39 de
273 2528 178 53 grande
474 2529 274 51 importance
766 2537 206 45 quecette
988 2531 354 39 démonstration
1364 2530 89 40 soit
1465 2529 186 40 d'abord
1655 2529 130 53 faite
1799 2545 11 27 :
1832 2534 133 48 après
1985 2533 122 51 quoi,

131 2608 55 26 on
204 2608 174 39 pourra
400 2598 211 50 reparler
623 2597 101 39 d'un
745 2596 155 53 projet
910 2597 78 53 qui
1006 2610 25 26 a
1042 2610 122 39 pour
1184 2598 77 38 but
1277 2598 233 53 principal
1532 2596 53 40 de
1607 2610 129 26 creer
1759 2605 42 32 et
1822 2597 289 54 d'organiser

133 2675 81 27 une
237 2662 182 40 Société
437 2665 212 38 musicale
672 2664 180 54 d'après
884 2666 63 38 les
980 2665 162 39 mêmes
1162 2665 227 51 principes
1411 2677 84 41 que
1535 2666 42 38 la
1611 2664 173 42 Société
1822 2667 78 39 des
1920 2666 191 41 Artistes

132 2730 188 51 français
336 2730 207 54 présidée
566 2744 92 39 par
682 2732 64 40 M.
776 2732 133 52 Tony
935 2732 388 54 Robert-Fleury,
1356 2745 54 27 ou
1430 2733 42 39 la
1495 2732 173 41 Société
1695 2732 249 50 Nationale,
1963 2733 123 53 prési-

132 2798 79 39 dée
226 2811 88 39 par
331 2798 68 40 M.
423 2798 120 40 Roll.
569 2799 61 40 Ce
645 2812 103 26 sera
767 2812 93 26 aux
882 2800 223 40 virtuoses
1145 2806 41 33 et
1217 2801 325 51 compositeurs
1584 2800 52 38 de
1670 2812 47 26 se
1740 2807 238 33 concerter
1992 2813 119 42 pour

120 2865 134 53 faire
274 2865 182 41 aboutir
477 2873 113 33 cette
612 2866 110 49 idée,
747 2866 78 52 qui
849 2868 61 38 les
942 2867 220 40 intéresse
1182 2867 312 40 directement.

1590 2866 42 41 J.
1664 2866 51 41 C.

524 3124 71 40 Le
627 3124 222 41 théâtre
884 3127 296 49 populaire
1219 3131 55 37 et
1307 3129 70 39 M.
1420 3127 307 42 Bernheim

197 3248 64 41 On
285 3248 88 39 sait
387 3261 83 40 que
490 3249 62 41 M.
580 3251 69 38 Du
1100 3252 403 41 Sous-Secrétaire
1521 3253 158 40 d'Etat
1690 3268 96 26 aux
1807 3255 304 49 Beaux-Arts,

140 3330 26 26 a
190 3316 184 40 institué
397 3329 82 26 une
500 3323 123 33 sorte
635 3318 53 39 de
713 3318 201 50 Conseil,
939 3321 203 51 composé
1164 3320 52 40 de
1227 3334 249 39 personnes
1493 3321 233 53 qualifiées
1754 3336 89 39 par
1862 3325 99 38 leur
1996 3336 90 27 com-

131 3384 204 52 pétence,
361 3397 118 39 pour
510 3384 238 40 examiner
781 3387 61 37 les
870 3399 203 42 moyens,
1098 3399 146 37 vœux,
1277 3389 326 53 propositions,
1627 3395 140 45 etc...,
1810 3392 187 37 tendant
2014 3390 25 39 à
2074 3392 42 37 la

141 3454 205 38 création
371 3454 102 38 d'un
507 3452 172 40 théâtre
711 3454 187 52 lyrique
918 3455 239 51 populaire
1178 3454 26 40 à
1225 3456 153 40 Paris.
1403 3457 300 51 Récemment,
1728 3471 56 26 on
1813 3459 187 49 pouvait
2031 3458 85 40 lire
