3177 4290
403 3705 67 55 12

445 385 848 74 L'ARCHITECTURE
1362 388 553 73 COURANTE
1987 388 193 73 DES
2253 390 611 92 PAQUEBOTS

442 628 41 54 Il
510 634 193 67 paraît
732 628 152 56 donc
910 630 258 56 entendu
1199 655 115 48 que
1338 630 51 56 le
1419 631 309 74 paquebot
1754 632 291 71 participe
2074 630 106 56 des
2209 632 361 56 révélations
2594 632 72 56 de
2698 649 166 40 notre

437 717 43 52 si
489 714 138 55 écle.
662 716 61 55 0
750 715 256 66 ailleurs,
1041 741 44 31 si
1124 716 54 55 la
1209 716 159 56 foule
1406 731 88 41 est
1535 721 34 51 à
1611 741 113 49 peu
1771 720 137 68 prés
1944 720 276 52 unanime
2256 722 34 51 à
2330 722 287 51 ressentir
2643 719 55 55 la
2730 720 134 72 plus

435 824 134 29 vive
624 799 352 57 admiration
1029 827 153 47 pour
1230 827 96 30 ces
1375 801 350 73 grandioses
1773 827 296 48 ouvrages
2124 802 458 58 d'architecture
2632 805 230 65 navale,

432 886 291 73 quelques
754 904 443 39 constructeurs
1222 913 70 29 en
1324 904 103 39 ont
1456 888 277 73 expliqué
1758 888 55 55 la
1837 913 317 48 puissance
2186 889 263 57 d'attrait
2474 917 9 29 :
2510 891 352 73 complexité

431 970 79 57 du
604 997 371 48 programme
1020 974 27 63 ',
1080 976 348 70 ingéniosité
1471 974 72 56 de
1588 998 63 30 sa
1690 974 274 66 solution,
2008 975 308 56 hardiesse
2346 976 74 56 de
2449 976 55 56 la
2544 978 318 73 technique

430 1073 57 39 et
516 1062 272 52 sincérité
817 1059 104 55 des
1006 1062 220 53 formes

431 1145 75 54 M
516 1169 128 31 oins
668 1145 329 56 nombreux
1027 1147 283 54 toutefois
1427 1163 56 38 et
1510 1148 37 53 il
1575 1148 120 54 s'en
1724 1147 152 55 faut!
2010 1163 134 39 sont
2172 1172 147 32 ceux
2350 1152 102 71 qui
2482 1149 381 56 considèrent

428 1229 51 56 le
521 1230 306 74 paquebot
868 1255 223 31 comme
1135 1256 110 30 une
1286 1232 105 56 des
1428 1232 136 73 plus
1602 1235 237 53 sévères
1879 1233 202 67 leçons
2119 1233 266 74 infligées
2429 1238 34 51 à
2499 1234 361 57 l'architecte

428 1341 108 48 par
558 1316 359 73 l'ingénieur.
948 1317 43 54 Il
1019 1333 88 40 est
1132 1318 265 72 superflu
1428 1318 72 56 de
1524 1318 295 74 rappeler,
1839 1323 35 51 à
1903 1343 65 31 ce
1993 1333 166 55 sujet,
2176 1319 52 55 le
2252 1323 318 69 pénétrant
2592 1321 268 73 chapitre

426 1403 312 73 qu'écrivit
783 1404 82 54 Le
911 1403 335 56 Corbusier
1287 1404 150 55 dans
1483 1430 105 30 son
1632 1408 256 70 premier
1930 1430 262 49 ouvrage
2307 1407 162 55 Vers
2512 1432 115 31 une
2670 1408 158 55 archi-

425 1503 223 40 tecture

426 1575 162 54 Tous
632 1575 82 54 les
757 1590 463 51 constructeurs,
1264 1578 103 72 qui
1411 1591 105 41 ont
1557 1591 99 41 eut
1696 1581 34 51 à
1773 1577 179 56 lutter
1996 1601 153 50 pour
2190 1578 148 55 faire
2380 1578 332 74 triompher
2753 1578 105 56 des

422 1665 386 70 conceptions
837 1662 402 66 rationnelles,
1270 1677 105 41 ont
1404 1688 81 48 pu
1518 1666 173 52 saisir
1721 1688 102 31 sur
1851 1663 52 56 le
1937 1665 94 54 vif
2057 1663 163 58 l'état
2248 1663 251 74 d'esprit
2528 1667 103 71 qui
2660 1669 195 69 règne,

420 1750 142 67 (non
595 1749 324 55 seulement
947 1749 151 55 dans
1127 1749 56 55 la
1213 1774 209 42 masse,
1455 1752 146 54 mais
1631 1754 163 52 aussi
1822 1750 143 57 chez
1994 1750 57 56 la
2081 1750 245 74 plupart
2347 1750 106 56 des
2476 1751 382 73 architectes)

417 1837 34 53 à
482 1834 221 73 l'égard
733 1835 80 56 du
845 1835 291 74 prétendu
1168 1835 205 56 conflit
1404 1863 9 28 :
1500 1836 323 56 architecte
1853 1860 77 33 ou
1960 1839 309 71 ingénieur

420 1921 118 56 Cet
586 1925 121 52 état
754 1921 247 74 d'esprit
1048 1937 90 40 est
1185 1937 135 58 trop
1368 1923 329 73 généralisé
1747 1947 155 49 pour
1949 1923 143 74 qu'il
2142 1925 114 53 soit
2303 1926 335 54 nécessaire
2686 1924 74 56 de
2802 1924 53 56 le

416 2008 227 56 décrire
672 2010 360 73 amplement
1062 2036 9 29 :
1199 2009 55 56 la
1283 2010 172 56 tâche
1485 2009 72 57 de
1587 2010 350 74 l'ingénieur
1966 2025 89 41 est
2077 2025 162 41 toute
2271 2011 321 67 cérébrale,
2624 2011 202 56 l'archi-

416 2109 150 41 tecte
596 2094 80 56 lui
700 2095 126 56 doit
848 2097 250 55 toucher
1119 2095 51 55 le
1195 2121 196 40 cœur;
1508 2098 85 54 les
1617 2100 302 70 principes
1944 2098 318 73 appliqués
2286 2103 35 51 à
2342 2098 229 66 l'usine,
2596 2103 32 52 à
2653 2098 200 67 l'auto,

414 2206 74 32 au
539 2183 307 74 paquebot
887 2207 72 31 ne
1004 2198 263 59 peuvent
1314 2208 108 49 pas
1472 2192 121 47 être
1639 2183 268 57 valables
1951 2184 89 56 s'il
2083 2184 172 74 s'agit
2295 2184 73 57 de
2412 2188 442 53 constructions

474 2269 485 56 architecturales
1063 2286 107 40 etc.

417 2356 83 54 Le
507 2380 26 32 s
576 2381 364 32 convaincus
982 2357 74 56 de
1098 2357 435 57 l'architecture
1575 2358 353 56 rationnelle
1973 2373 212 41 savent
2225 2362 163 53 aussi
2431 2384 65 31 ce
2539 2358 144 76 qu'il
2725 2361 129 54 faut

413 2467 216 50 penser
657 2443 105 57 des
793 2443 156 57 deux
978 2445 331 71 objections
1340 2447 324 66 suivantes,
1696 2470 169 32 assez
1895 2461 409 42 couramment
2332 2450 272 69 répétées
2637 2474 9 28 :

2186 3266 66 37 UN
2327 3267 250 37 MODESTE
2651 3269 165 38 PAQUE-

2185 3336 119 47 BOT,
2335 3337 141 37 SANS
2516 3330 329 47 PRÉTENTION

2185 3403 123 38 MAIS
2349 3405 85 36 QUI
2478 3406 268 38 CONTIENT
2784 3408 64 37 DE

2185 3473 230 38 BELLES
2465 3475 254 46 LEÇONS
2774 3478 74 36 DE

2181 3542 310 49 SCIENCE,
2549 3544 68 37 ET
2672 3534 176 48 MÊME

2182 3609 79 38 DE
2325 3610 519 41 COMPOSITION.
