3546 4429
1692 92 112 55 326

364 264 102 61 Das
507 264 150 59 dritte
695 262 444 64 mittelrheinische
1179 265 287 65 Musikfest.

252 394 109 49 Wir
388 392 157 51 haben
573 392 62 51 im
663 394 279 68 Jahrgange
969 411 91 35 von
1095 396 146 52 1857
1289 399 46 49 in
1363 400 83 49 Nr.
1477 399 73 50 29
1596 416 105 33 vom

146 472 80 51 15.
256 474 94 49 Juli
379 472 256 51 Nachricht
676 490 89 33 von
806 472 108 52 dem
943 476 264 52 Entstehen
1245 477 79 51 des
1353 477 352 52 musicalischen

135 552 188 51 Bundes
340 552 83 51 der
445 552 446 52 mittelrheinischen
916 555 161 53 Städte
1099 557 292 60 Darmstadt,
1414 559 291 61 Mannheim,

131 632 153 50 Mainz
314 632 97 51 und
439 632 297 52 Wiesbaden
766 635 219 68 gegeben
1027 637 96 51 und
1162 636 82 52 das
1270 637 163 51 zweite
1460 639 246 50 Musikfest

131 711 258 61 desselben,
420 712 81 51 das
531 714 46 50 in
606 715 278 52 Mannheim
915 717 195 68 gefeiert
1137 716 180 61 wurde,
1361 735 61 33 an
1451 717 255 69 gedachter

133 792 139 50 Stelle
301 792 310 69 besprochen.

248 872 102 50 Der
389 872 283 70 diesjährige
700 876 188 51 Festort
928 894 100 33 war
1070 876 373 61 Wiesbaden,
1485 877 99 53 und
1627 879 73 51 die

133 952 128 66 Tage
304 952 85 51 der
439 954 247 68 eigentlich
732 955 349 51 musicalischen
1110 955 141 51 Feier
1292 974 163 34 waren
1499 957 85 51 der
1613 959 91 51 26.

133 1032 97 50 und
271 1032 90 51 27.
394 1035 295 67 September.
745 1035 87 49 Die
874 1035 149 60 Stadt,
1066 1035 102 51 ihre
1211 1036 367 70 Umgebungen,
1621 1039 86 51 der

134 1112 145 51 Glanz
323 1114 84 49 der
437 1115 323 60 Cur-Anstalt,
802 1114 84 50 der
926 1115 295 69 herzogliche
1249 1117 104 50 Hof
1483 1119 110 49 alles
1622 1119 83 51 das

133 1192 101 51 sind
275 1194 146 50 schon
464 1213 51 33 so
554 1196 114 50 viele
709 1194 95 50 und
842 1195 252 52 wirksame
1124 1196 454 70 Anziehungsmittel
1623 1200 82 50 für

130 1274 225 59 Fremde,
385 1275 106 49 dass
519 1276 73 48 ein
614 1275 241 51 Musikfest
883 1283 139 43 unter
1051 1275 178 52 diesem
1253 1277 313 53 Reichthume
1597 1280 81 51 dar-

133 1351 261 69 gebotener
421 1356 380 65 Zerstreuungen
831 1354 86 52 fast
947 1354 80 52 des
1057 1356 158 51 Guten
1242 1375 58 32 zu
1329 1357 84 50 viel
1443 1359 73 59 ist,
1551 1360 153 51 zumal

134 1450 139 33 wenn
304 1453 109 33 man
442 1434 220 61 bedenkt,
693 1434 104 52 dass
828 1435 314 62 Wiesbaden,
1185 1438 91 50 wie
1317 1439 89 49 alle
1434 1439 155 51 Bäder
1626 1458 76 33 am

131 1512 201 61 Rheine,
361 1515 61 48 im
453 1515 215 48 Sommer
696 1531 89 34 von
815 1515 254 52 Virtuosen
1098 1515 258 52 überflutet
1383 1518 134 60 wird,
1547 1518 150 52 die—

131 1592 222 51 berühmt
380 1592 116 51 oder
524 1594 294 52 unberühmt
948 1596 101 51 hier
1077 1598 103 49 ihre
1208 1598 179 50 Aernte
1416 1617 56 31 zu
1502 1600 200 50 machen

130 1674 173 49 suchen
346 1672 98 51 und
486 1672 91 53 den
620 1675 295 52 Geschmack
957 1676 80 51 des
1075 1676 288 62 Publicum»,
1409 1697 138 33 wenn
1579 1680 121 51 auch

127 1751 126 51 nicht
280 1751 235 69 geradezu
543 1752 278 63 verderben,
865 1755 120 51 doch
1024 1756 307 51 himmelweit
1366 1775 90 33 von
1486 1759 84 51 der
1599 1760 76 50 auf-

127 1832 296 51 merksamen
454 1834 280 68 Sammlung
771 1834 98 51 und
897 1835 84 51 der
1010 1844 186 43 ernsten
1225 1838 148 50 Liebe
1403 1857 105 33 zum
1538 1840 131 50 Höch-

129 1920 99 42 sten
254 1914 47 48 in
331 1912 83 51 der
441 1915 158 50 Kunst
634 1915 259 60 entfernen,
936 1918 86 49 mit
1062 1918 206 49 welcher
1310 1918 75 50 die
1427 1920 275 51 classischen

130 1992 182 51 Werke
341 2010 186 51 grosser
555 1995 192 50 Meister
775 1995 234 69 angehört
1037 1996 193 52 werden
1259 2003 202 47 müssen.

251 2073 120 50 Was
394 2090 111 33 man
534 2090 49 33 so
614 2075 209 50 ziemlich
853 2075 153 51 sicher
1034 2084 235 43 erwarten
1298 2078 192 61 konnte,
1521 2080 57 50 ist
1606 2079 72 51 ein-

131 2153 245 67 getroffen.
407 2153 89 50 Die
527 2154 135 51 Stadt
690 2173 102 32 war
818 2172 90 34 von
933 2156 289 51 Sonnabend
1251 2158 92 49 den
1368 2159 89 51 25.
1483 2159 68 49 bis
1575 2160 102 50 Mitt-

133 2234 133 48 woch
289 2233 90 50 den
402 2234 91 51 29.
519 2235 279 66 September
820 2252 90 33 von
931 2236 295 51 zahlreichen
1249 2238 254 61 Fremden,
1535 2239 140 51 beson-

131 2313 108 49 ders
262 2313 122 49 auch
407 2330 82 33 aus
515 2313 84 50 der
619 2315 223 50 nächsten
863 2316 298 68 Umgegend,
1193 2316 213 61 besucht,
1437 2318 72 50 die
1538 2319 140 49 Eisen-

131 2391 286 69 bahn-Züge
447 2410 88 33 von
564 2394 153 51 Mainz
747 2413 46 32 u.
823 2412 33 34 s.
888 2412 57 34 w.
978 2395 226 51 brachten
1248 2398 45 48 in
1336 2398 368 50 unabsehlichen

131 2471 182 51 Reihen
342 2490 89 32 von
463 2474 191 67 Wagen
682 2476 106 66 Zug
817 2475 80 50 für
917 2476 105 68 Zug
1044 2476 248 51 Tausende
1321 2494 88 34 von
1433 2479 271 60 Menschen,

133 2551 93 50 und
266 2551 218 69 doppelte
526 2553 97 49 und
665 2553 237 53 dreifache
929 2556 308 66 Extra-Züge
1279 2561 239 64 genügten
1560 2558 142 59 nicht,

133 2630 72 51 die
235 2633 259 67 Strömung
521 2634 178 49 Nachts
728 2634 178 51 wieder
933 2635 176 50 zurück
1136 2654 57 32 zu
1223 2636 187 51 führen.
1450 2638 90 49 Die
1569 2638 136 50 Stadt

131 2711 127 51 hatte
287 2713 74 49 ein
390 2729 50 33 so
482 2713 230 50 festliches
740 2713 240 62 Ansehen,
1023 2716 89 50 wie
1156 2716 85 50 wir
1284 2734 47 33 es
1375 2718 87 50 fast
1509 2719 76 49 nie
1627 2718 75 50 bei

129 2791 151 50 einem
309 2793 273 49 Musikfeste
613 2794 204 66 gesehen
845 2795 182 59 haben;
1077 2795 74 51 die
1187 2814 57 32 zu
1283 2796 107 50 dem
1419 2798 171 49 Zweck
1620 2798 85 50 der

127 2870 375 67 Aufführungen
530 2871 197 51 erbaute
756 2874 229 49 Tonhalle
1016 2871 107 69 (von
1152 2874 135 68 Holz)
1330 2875 130 51 hatte
1490 2893 186 49 grossar-

130 2950 96 67 tige
249 2951 502 51 Maass-Verhältnisse
781 2953 96 49 und
900 2970 101 33 war
1024 2954 83 49 mit
1129 2954 216 61 Fahnen,
1368 2956 217 50 Kränzen
1608 2955 98 51 und

127 3030 204 50 Blumen
380 3031 144 60 reich,
571 3031 87 51 fast
707 3033 250 50 überreich
1001 3034 332 67 geschmückt;
1382 3035 324 51 Fröhlichkeit

127 3109 98 51 und
254 3110 168 51 buntes
447 3111 277 51 Gewimmel
755 3113 115 50 aller
900 3113 174 50 Stände
1103 3122 156 59 wogte
1295 3115 45 50 in
1369 3114 91 51 den
1489 3116 216 50 Strassen

130 3189 96 49 und
257 3190 175 50 Gärten
461 3191 84 49 auf
568 3190 95 51 und
693 3191 76 51 ab.
821 3194 101 48 Der
963 3194 219 67 Festzug,
1232 3194 84 51 mit
1358 3195 227 50 welchem
1627 3195 75 50 die

130 3287 76 33 am
235 3268 290 52 Sonnabend
553 3271 288 68 Vormittags
879 3273 379 50 ankommenden
1287 3275 415 68 Sangesgenossen

129 3349 96 51 und
266 3350 212 50 Musiker
519 3349 83 51 der
638 3351 323 51 verbündeten
999 3353 160 50 Städte
1201 3355 237 66 eingeholt
1480 3355 97 51 und
1618 3356 86 50 mit

131 3429 127 67 Sang
287 3429 98 49 und
414 3430 158 66 Klang
602 3429 96 51 und
736 3430 260 67 fliegenden
1027 3433 213 58 Fahnen,
1283 3435 288 50 sämmtliche
1599 3436 68 50 Da-

133 3525 105 33 men
260 3509 45 49 in
336 3510 247 67 eleganten
605 3510 215 69 Wagen,
849 3511 120 50 nach
994 3510 81 51 der
1099 3513 227 49 Tonhalle
1356 3515 186 65 geleitet
1571 3533 94 33 wur-

134 3586 105 60 den,
262 3605 99 33 war
384 3589 230 68 prächtig,
642 3590 330 67 Beleuchtung
992 3590 82 50 des
1099 3591 284 60 Curhauses,
1414 3593 81 49 der
1517 3597 184 48 Räume

136 3666 61 49 im
240 3668 169 49 Innern
453 3669 95 49 und
590 3669 84 51 der
705 3670 305 51 Colonnaden
1044 3670 97 51 und
1173 3673 245 49 Gewässer
1458 3671 240 64 draussen,

134 3745 110 50 sehr
272 3746 155 51 schön.
458 3749 152 49 Allein
639 3750 142 51 schon
806 3768 76 33 am
905 3758 155 43 ersten
1085 3753 149 66 Tage,
1263 3751 122 50 noch
1409 3751 114 50 dazu
1549 3753 148 51 einem

131 3826 259 66 Sonntage,
427 3844 102 33 war
557 3829 72 49 die
658 3831 229 50 Tonhalle
919 3831 128 50 nicht
1077 3849 116 50 ganz
1222 3849 89 33 von
1339 3833 250 49 Zuhörern
1618 3852 54 48 ge-

129 3906 109 50 füllt
246 3934 76 7 —
333 3906 75 50 Se.
434 3906 175 51 Hoheit
641 3909 82 49 der
752 3911 188 67 Herzog
969 3910 96 51 und
1095 3911 74 51 die
1193 3914 128 48 Frau
1345 3911 239 67 Herzogin
1615 3913 82 49 mit

134 3985 198 67 Gefolge
364 3984 226 51 beehrten
616 3986 168 66 jedoch
815 3989 81 49 das
921 3990 201 51 Concert
1151 3991 83 50 mit
1263 3991 127 50 ihrer
1413 3991 289 67 Gegenwart

133 4097 87 29 —,
252 4065 96 51 und
378 4065 120 52 doch
529 4065 57 51 ist
615 4066 208 68 Haydn's
1232 4071 169 68 gewiss
1450 4071 125 50 eines
1617 4070 83 51 der

130 4148 300 65 populärsten
461 4146 271 51 Oratorien.
776 4146 108 51 Und
914 4149 59 48 im
1002 4151 194 50 zweiten
1227 4151 245 56 Concerte,
1504 4168 76 33 am
1612 4149 88 52 27.

1781 241 297 66 September,
2121 261 101 34 war
2265 245 142 51 kaum
2452 246 73 51 die
2553 248 159 49 Hälfte
2754 246 85 51 der
2881 250 291 51 numerirten
3202 251 155 54 Plätze

1780 317 190 63 besetzt,
2012 321 98 50 und
2153 325 121 48 auch
2317 325 74 51 die
2421 326 212 50 hinteren
2664 328 184 49 Räume
2878 326 80 52 des
2987 330 162 50 Saales
3177 333 181 67 zeigten

1777 397 116 52 viele
1921 401 209 51 Lücken.
2180 405 233 67 Dagegen
2444 424 100 33 war
2573 405 84 51 der
2685 408 103 48 Ball
2831 424 76 33 am
2938 409 198 68 Montag
3164 411 196 52 Abends

1781 479 246 61 überfüllt,
2071 482 109 51 alle
2224 485 106 50 Säle
2373 485 81 51 des
2486 486 268 51 Curhauses
2794 489 91 48 voll
2923 488 298 69 drängender
3258 493 97 50 und

1778 559 286 68 gedrängter
2092 562 269 51 Menschen.
2392 565 93 50 Am
2510 565 171 51 dritten
2707 568 129 66 Tage
2860 569 223 61 vollends,
3113 588 76 34 wo
3219 571 138 52 kein

1781 640 218 60 Concert,
2030 641 203 51 sondern
2262 662 90 31 nur
2382 645 221 67 gesellige
2632 648 429 68 Versammlungen
3092 650 96 52 und
3219 653 107 50 Fest-

1780 720 249 51 lichkeiten
2058 722 86 50 auf
2166 721 106 51 dem
2303 725 253 67 Neroberg
2585 725 96 51 und
2703 726 196 51 Abends
2920 729 291 52 Feuerwerk
3235 734 122 51 Statt

1781 799 185 61 fanden,
1989 801 145 50 sollen
2161 801 392 62 20—25,000
2579 805 204 51 Fremde
2805 808 47 48 in
2872 808 296 52 Wiesbaden
3198 829 128 50 gewe-

1778 896 82 35 sen
1900 881 120 50 sein!
2077 883 425 67 Augenscheinlich
2546 902 102 33 war
2690 903 47 33 es
2782 904 58 34 an
2883 888 176 52 diesem
3103 891 131 68 Tage
3278 909 75 34 am

1778 961 207 50 vollsten.

1899 1043 90 49 Die
2018 1041 332 54 Vocal-Partie
2379 1045 147 51 zählte
2558 1045 216 69 folgende
2803 1049 331 52 Mitwirkende
3153 1070 11 31 :

1831 1218 250 39 Verbündete
2111 1220 150 37 Städte.
2342 1222 148 48 Sopran
2547 1222 70 37 Alt
2699 1224 126 37 Tenor
2879 1227 101 37 Bass
3026 1229 149 40 Verein.
3200 1230 158 38 Summe

1851 1363 37 38 1.
1930 1366 311 40 Darmstadt.

1778 1429 34 26 a.
1844 1418 298 38 Musik-Verein
2197 1450 88 10 ...
2382 1420 49 40 25
2558 1423 47 38 15
2732 1422 48 40 13
2905 1424 50 40 14
3078 1428 47 39 67

1777 1471 38 38 b.
1845 1472 312 38 Mozart-Verein
2194 1502 89 13 ...
2730 1476 49 40 17
2904 1478 49 38 27
3075 1481 53 38 44

1776 1536 36 26 c.
1839 1526 308 38 Harmonischer
2189 1528 73 37 Sän-

1839 1579 190 48 gerkranz
2731 1582 48 40 13
2905 1584 49 40 10
3077 1585 50 40 23
3227 1589 75 40 134

1921 1632 36 39 2.
1988 1633 180 39 Mainz.

1777 1697 34 25 a.
1841 1686 462 49 Damengesang-Verein
2382 1688 51 38 36
2556 1689 51 39 28
3078 1692 51 40 64

1775 1738 36 39 b.
1842 1739 235 38 Liedertafel
2665 1738 3 54 )
2730 1742 50 40 33
2842 1738 2 54 I
2904 1745 50 40 58
3077 1746 48 39 91
3226 1747 75 41 155

1858 1791 34 38 3.
1921 1793 303 38 Mannheim.

1775 1846 299 38 Musik-Verein
2384 1847 52 39 34
2558 1848 49 40 13
2731 1850 48 38 11
2842 1846 3 54 j
2906 1851 48 39 16
3078 1853 50 39 74
3254 1854 49 39 74

1855 1900 36 37 4.
1923 1900 310 39 Wiesbaden.

1776 1951 190 38 Cäcilien-
1996 1954 81 36 und
2107 1956 154 36 Männer-

1838 2008 313 49 gesang-Verein
2199 2035 87 13 ...
2412 2008 22 38 5
2557 2009 51 39 34
2728 2010 51 39 46
2905 2010 49 39 68
3050 2012 77 40 203
3225 2013 76 40 203

2358 2088 77 39 150
2558 2088 50 40 90
2707 2088 74 40 133
2843 2088 2 51 |
2879 2091 74 39 193
3052 2093 76 39 566
3224 2093 75 39 566

1897 2162 241 51 Hiernach
2187 2164 149 49 zählte
2385 2165 84 50 der
2501 2166 128 50 Chor
2664 2166 238 68 ungefähr
2948 2168 107 51 100
3087 2169 268 66 Mitglieder

1778 2241 226 68 weniger,
2049 2244 65 49 als
2156 2262 57 31 zu
2253 2245 272 50 Mannheim
2570 2248 61 48 im
2674 2248 192 67 vorigen
2901 2249 172 57 Jahre;
3117 2250 140 50 allein
3299 2267 48 33 es

1781 2320 140 51 fehlte
1964 2321 289 69 keineswegs
2297 2340 58 33 an
2399 2324 200 51 frischen
2643 2327 97 49 und
2768 2327 296 67 klangvollen
3095 2329 256 58 Stimmen;

1780 2401 184 66 Sopran
1994 2401 97 50 und
2118 2403 80 49 Alt
2227 2420 178 51 sangen
2443 2405 91 50 hell
2571 2405 96 51 und
2697 2407 171 68 kräftig
2904 2407 165 60 durch,
3112 2426 91 31 nur
3248 2408 104 51 dass

1777 2480 62 51 im
1871 2489 207 43 ersteren
2107 2481 74 53 die
2212 2484 140 51 Höhe
2396 2485 73 50 ein
2510 2485 116 51 oder
2662 2487 113 49 zwei
2805 2488 96 51 Mal
2946 2489 128 50 nicht
3103 2506 117 50 ganz
3249 2489 100 51 rein

1777 2560 192 51 intonirt
1997 2561 179 51 wurde.
2208 2564 81 50 Bei
2321 2563 82 51 der
2426 2564 310 53 Theilnahme
2765 2583 88 33 von
2885 2568 250 49 mehreren
3156 2568 168 51 Lieder-

1776 2641 142 50 tafeln
1963 2641 160 51 hätten
2166 2644 87 48 wir
2293 2644 90 50 den
2411 2645 317 51 Männerchor
2756 2647 182 50 stärker
2977 2655 244 44 erwartet:
3267 2648 85 51 der

1778 2721 158 50 Tenor
1965 2738 102 34 war
2096 2729 85 60 gut
2209 2721 192 64 besetzt,
2432 2723 116 51 aber
2577 2742 88 33 von
2703 2725 104 51 179
2840 2727 235 49 Bassisten
3093 2744 142 33 —so
3264 2728 87 49 viel

1776 2799 164 51 stehen
1970 2800 281 68 wenigstens
2280 2803 64 49 im
2373 2804 319 50 Verzeichniss
2722 2804 80 50 des
2826 2805 300 51 Textbuches
3226 2807 126 49 hätte

1778 2895 111 33 man
1918 2879 135 49 mehr
2082 2897 169 34 sonore
2281 2883 136 49 Kraft
2448 2881 189 51 fordern
2669 2884 202 50 können.

1898 2959 98 48 Das
2011 2959 255 51 Orchester
2281 2960 197 51 bestand
2492 2979 84 33 aus
2593 2962 69 50 53
2681 2963 214 49 Violinen
2911 2963 90 66 (die
3018 2967 188 49 Herren
3225 2965 92 51 Con-

1778 3038 290 51 certmeister
2109 3039 400 52 Baldenecker
2547 3059 87 33 von
2669 3043 292 51 Wiesbaden
3000 3045 97 50 und
3125 3045 226 51 Becker

1777 3134 88 33 von
1897 3118 273 51 Mannheim
2201 3137 59 33 an
2290 3119 84 51 der
2402 3120 189 70 Spitze),
2637 3123 65 49 16
2735 3124 275 58 Bratschen,
3057 3124 66 52 18
3158 3125 164 51 Violon-

1776 3198 162 58 cellen,
1977 3198 64 51 16
2071 3198 360 61 Contrabässen,
2454 3200 191 69 doppelt
2667 3202 234 50 besetzten
2924 3204 401 51 Holz-Blasinstru-

1777 3284 205 53 menten,
2016 3279 24 48 7
2079 3280 240 59 Hörnern,
2351 3282 33 48 4
2417 3283 303 67 Trompeten,
2754 3283 30 49 5
2816 3285 282 59 Posaumen,
3149 3285 23 50 1
3207 3287 110 48 Bass-

1773 3356 117 51 tuba
1919 3356 96 51 und
2046 3358 206 52 Pauken.
2283 3360 90 50 Die
2396 3360 256 51 stehenden
2678 3363 222 66 Capellen
2923 3363 84 49 der
3031 3364 204 51 Theater
3257 3381 89 33 von

1776 3436 312 60 Wiesbaden,
2119 3440 277 50 Darmstadt
2424 3440 95 51 und
2548 3442 273 50 Mannheim
2853 3442 95 50 und
2977 3443 74 51 die
3080 3443 267 67 Mitglieder

1775 3515 81 51 des
1885 3515 281 52 städtischen
2190 3519 278 51 Orchesters
2497 3538 88 33 von
2609 3523 151 49 Mainz
2789 3522 207 50 bildeten
3026 3523 134 49 einen
3184 3524 46 48 in
3250 3524 62 50 Ge-

1773 3597 317 67 sammtklang
2119 3598 96 49 und
2245 3600 259 66 Fertigkeit
2530 3602 109 49 sehr
2667 3602 242 67 tüchtigen
2937 3603 191 60 Verein,
3156 3603 46 49 in
3233 3603 84 49 wel-

1773 3677 136 49 chem
1952 3678 122 49 auch
2118 3678 73 49 die
2233 3680 193 50 meisten
2455 3683 418 49 Blasinstrumente
2916 3683 97 49 sich
3056 3682 149 52 durch
3236 3684 103 48 Ton

1772 3757 99 49 und
1900 3763 145 61 guten
2067 3759 208 67 Vortrag
2304 3759 127 51 ihrer
2454 3762 94 49 Soli
2580 3762 367 50 auszeichneten.
2977 3764 230 66 Dagegen
3234 3762 83 48 dür-

1773 3835 77 51 fen
1877 3837 88 48 wir
1992 3837 128 49 nicht
2148 3839 363 67 verschweigen,
2548 3840 104 50 dass
2681 3842 205 49 einzelne
2914 3840 432 66 Nachlässigkeiten

1775 3932 82 33 aus
1880 3917 495 52 Unaufmerksamkeit
2397 3920 115 50 oder
2537 3920 414 68 Gleichgültigkeit
2970 3920 273 59 vorkamen,
3272 3918 74 49 die

1773 3995 108 50 sehr
1909 3997 191 49 störend
2130 4014 178 44 waren,
2342 3999 98 50 und
2471 3999 104 50 dass
2605 3999 73 51 bei
2711 4000 113 50 aller
2852 3999 299 50 technischen
3182 3999 125 50 Tüch-

1773 4074 164 67 tigkeit
1966 4075 120 51 doch
2115 4078 163 67 häufig
2305 4079 47 50 in
2379 4078 84 51 der
2486 4080 316 66 Ausführung
2826 4079 241 66 Schwung
3090 4078 97 51 und
3212 4078 130 51 Geist

1775 4155 438 63 vermisst-wurden,
2236 4158 177 49 welche
2438 4157 146 50 durch
2603 4158 332 67 Schnelligkeit
2965 4158 95 49 und
3083 4157 265 68 Fertigkeit
