2684 4178
1031 486 76 41 LA
1139 486 385 53 CHRONIQUE
1557 489 316 43 MUSICALE

576 488 79 39 168

566 634 256 54 l'empereur
839 636 10 39 !
878 634 75 54 *

565 706 147 54 sophe,
730 705 36 54 je
788 707 199 41 souhaite
1009 708 108 54 qu'il
1138 722 52 28 en
1212 710 163 54 profite.
1402 729 18 17 *
1439 710 79 41 Les
1540 710 99 40 faits
1660 711 142 40 avérés
1823 710 223 41 réduisent
2064 714 24 36 à
2109 709 98 41 bien
2225 722 83 42 peu

565 777 243 41 l'héroïsme
840 778 51 42 de
924 787 108 33 cette
1060 780 226 44 franchise.
1322 783 207 59 François
1566 783 14 40 lerI
1588 789 28 17 er
1642 783 251 54 plaisantait
1922 782 293 41 évidemment
2230 797 11 35 ;
2279 782 30 41 il

565 849 154 42 aimait
739 857 96 48 trop
855 851 95 42 l'art
969 865 111 41 pour
1102 866 53 27 ne
1172 867 74 40 pas
1265 856 153 40 rendre
1437 855 157 54 justice
1614 860 23 36 à
1658 869 87 27 une
1764 855 160 55 grande
1945 855 161 42 artiste,

622 923 63 41 La
717 923 207 42 Gabrielli
958 924 67 42 fut
1057 940 86 26 une
1175 928 234 40 cantatrice
1439 929 97 53 plus
1567 929 272 54 dramatique
1862 942 154 27 encore
2043 929 106 39 dans
2177 941 45 27 sa
2242 928 67 40 vie

565 997 144 52 privée
729 1009 85 41 que
835 1010 74 27 sur
929 995 40 42 la
989 999 137 42 scène.
1150 1000 167 39 Adorée
1349 1001 51 39 de
1432 1000 129 41 hauts
1595 1015 303 39 personnages,
1922 1005 23 36 à
1971 1002 76 53 qui
2071 1014 62 27 ses
2156 1001 153 52 gloires

564 1067 52 40 de
653 1067 234 41 cantatrice
913 1077 41 32 et
974 1082 63 27 ses
1062 1069 193 41 charmes
1294 1072 51 39 de
1372 1072 156 40 femme
1559 1072 39 40 la
1627 1073 273 53 signalaient,
1929 1073 77 40 elle
2040 1074 60 39 les
2132 1072 177 41 désolait

563 1138 53 41 de
650 1152 62 28 ses
752 1141 199 53 caprices,
995 1142 59 40 les
1094 1142 164 41 laissait
1294 1157 42 26 se
1376 1145 246 40 morfondre
1660 1159 55 26 au
1746 1145 131 55 profit
1916 1145 50 40 de
2004 1146 190 53 quelque
2216 1145 69 40 vir-

564 1220 125 34 tuose
722 1214 199 53 roturier,
956 1215 132 40 d'une
1124 1215 304 43 haute-contre
1449 1231 101 27 avec
1583 1218 77 54 qui
1697 1218 79 40 elle
1809 1218 261 49 continuait,
2095 1217 108 40 dans
2232 1229 77 27 son

564 1286 200 50 boudoir,
785 1286 38 40 le
850 1286 87 42 duo
967 1288 199 41 d'amour
1185 1289 153 40 chanté
1359 1290 40 40 la
1420 1289 125 42 veille
1575 1304 73 27 sur
1682 1290 41 41 la
1745 1291 134 40 scène.
1906 1290 114 42 C'est
2040 1289 112 41 ainsi
2172 1291 137 52 qu'on

564 1358 149 54 voyait
757 1359 40 41 la
839 1359 146 52 Banti,
1021 1364 25 37 à
1094 1361 175 55 Naples,
1308 1364 120 40 avoir
1467 1363 108 40 dans
1614 1376 77 28 son
1728 1363 297 41 antichambre
2062 1370 156 34 autant
2256 1362 52 41 de

565 1430 222 54 seigneurs
808 1446 86 40 que
914 1434 190 54 ceux-ci,
1127 1435 105 40 dans
1258 1435 40 40 la
1317 1436 108 50 leur,
1447 1436 174 40 avaient
1639 1436 52 39 de
1712 1436 307 53 domestiques.

621 1503 62 40 La
699 1503 204 41 Gabrielli
925 1504 130 41 faillit
1075 1519 131 41 payer
1228 1506 99 41 cher
1347 1520 78 27 son
1446 1507 290 52 inconstance,
1758 1508 107 39 mais
1882 1508 106 39 dans
2006 1520 87 28 une
2114 1509 168 38 circons-

564 1583 125 33 tance
711 1580 73 48 où,
808 1575 59 41 du
886 1577 155 51 moins,
1067 1577 177 41 l'amant
1268 1578 113 41 trahi
1423 1592 54 27 ne
1496 1587 80 46 put
1596 1580 63 40 lui
1681 1580 227 54 reprocher
1922 1593 87 27 une
2030 1579 277 41 mésalliance

563 1649 52 39 de
633 1661 63 27 ses
719 1648 228 41 fantaisies.
976 1649 92 41 Elle
1090 1650 105 40 était
1214 1650 152 52 aimée,
1383 1654 24 37 à
1419 1651 184 48 Vienne,
1620 1652 52 39 de
1692 1652 337 40 l'ambassadeur
2048 1651 53 40 de
2123 1651 183 51 France,

564 1720 77 53 qui
663 1733 43 27 se
726 1721 163 53 croyait
910 1723 91 38 seul
1021 1721 209 50 accueilli,
1253 1723 148 54 quand
1420 1723 41 40 la
1481 1723 253 54 diplomatie
1750 1726 247 53 portugaise
2018 1724 104 41 était
2143 1724 166 41 admise

562 1806 56 26 au
640 1793 140 39 même
797 1793 125 53 degré
938 1794 52 40 de
1007 1793 164 41 faveur.

618 1864 61 41 Le
702 1865 206 59 Français
936 1865 66 42 fut
1021 1867 153 50 averti;
1200 1867 30 40 il
1251 1881 43 27 se
1314 1868 236 52 conduisit,
1579 1883 53 27 en
1658 1877 110 34 cette
1787 1870 308 53 circonstance,
2118 1884 53 27 en
2192 1872 94 40 véri-

562 1937 117 41 table
703 1937 169 43 Italien.
899 1938 36 41 11
956 1952 43 27 se
1016 1939 130 41 cacha
1167 1947 41 33 et
1228 1948 80 46 put
1324 1940 92 41 voir
1436 1941 339 41 l'ambassadeur
1796 1944 222 52 portugais
2038 1944 198 41 accueilli
2258 1945 51 40 de

559 2010 41 41 la
621 2011 236 40 chanteuse
878 2025 77 40 par
976 2020 95 46 trop
1094 2013 294 55 cosmopolite.
1416 2013 36 41 Il
1473 2015 181 40 attendit
1672 2015 40 41 le
1731 2015 151 55 départ
1900 2017 51 40 de
1969 2030 79 27 son
2070 2017 124 52 rival,
2210 2031 99 27 sans

559 2083 132 40 doute
715 2096 111 42 pour
853 2097 54 27 ne
936 2097 75 41 pas
1045 2085 103 41 faire
1175 2099 86 27 une
1289 2086 305 56 complication
1624 2088 335 43 internationale
1986 2088 107 42 d'un
2115 2089 193 42 incident

560 2154 146 55 privé;
750 2156 110 40 mais
900 2159 23 37 à
963 2157 126 53 peine
1122 2161 38 37 le
1196 2159 229 53 Portugais
1456 2159 124 41 fut-il
1611 2161 111 52 parti
1755 2175 85 40 que
1866 2163 40 39 la
1940 2163 122 39 scène
2088 2161 151 52 éclata;
2276 2163 31 41 il

559 2227 160 41 voulut
758 2241 144 40 percer
942 2236 97 33 tout
1079 2230 52 40 de
1164 2231 86 40 bon
1289 2231 219 43 l'infidèle,
1526 2231 51 41 de
1611 2246 78 26 son
1722 2233 114 53 épée.
1872 2234 365 52 Heureusement,
2266 2234 41 41 la

561 2298 208 42 Gabrielli
806 2300 149 40 n'était
990 2314 75 42 pas
1095 2303 238 41 seulement
1370 2304 210 40 cuirassée
1608 2313 148 33 contre
1787 2305 64 41 lui
1882 2306 133 54 qu'au
2037 2307 137 40 moral
2199 2320 9 26 :
2230 2320 76 27 son

559 2372 347 55 juste-au-corps
927 2373 178 41 amortit
1125 2375 40 40 le
1183 2388 113 41 coup
1317 2384 42 32 et
1374 2377 185 40 l'actrice
1582 2391 53 26 ne
1659 2378 67 39 fut
1747 2392 74 40 pas
1846 2379 197 41 touchée.

619 2443 357 43 L'ambassadeur
1009 2448 186 52 comprit
1232 2454 122 34 toute
1388 2447 221 42 l'insanité
1639 2450 131 41 d'une
1802 2450 204 41 conduite
2043 2451 115 40 aussi
2187 2452 94 40 anti-

560 2517 214 54 politique
813 2526 41 32 et
891 2518 78 54 qui
1011 2519 163 41 n'avait
1213 2520 186 55 échappé
1436 2526 24 36 à
1500 2521 188 42 l'odieux
1729 2523 132 54 qu'en
1895 2525 198 40 tombant
2123 2525 106 40 dans
2267 2526 40 39 le

560 2589 200 42 ridicule.
785 2590 120 41 Pour
932 2591 175 40 obtenir
1140 2605 78 27 son
1239 2593 182 53 pardon,
1445 2593 30 40 il
1491 2594 63 40 lui
1576 2594 126 40 fallut
1721 2594 133 40 livrer
1878 2608 76 28 son
1976 2596 114 54 épée.
2116 2596 73 41 On
2216 2598 93 40 voit

558 2673 86 40 que
664 2660 143 42 c'était
828 2674 87 28 une
936 2662 285 54 capitulation
1254 2666 222 54 complète.
1517 2667 61 40 La
1599 2666 211 42 Gabrielli
1832 2667 156 42 voulut
2008 2681 176 42 exposer
2205 2671 102 40 chez

557 2732 80 41 elle
658 2732 147 55 l'épée,
828 2747 54 27 en
904 2735 190 43 écrivant
1129 2737 261 42 au-dessous
1411 2753 10 26 :
1448 2754 17 23 «
1493 2726 115 67 Épée
1634 2740 52 40 de
1709 2740 68 42 M.
1804 2740 61 21 ***
1885 2741 77 53 qui
1987 2754 73 28 osa
2081 2742 169 55 frapper
2267 2742 40 42 la

557 2804 222 43 Gabrielli.
807 2822 18 23 »
853 2806 297 56 L'exposition
1173 2811 212 55 menaçait
1404 2811 50 40 de
1474 2812 128 40 durer
1623 2820 40 33 et
1684 2813 59 40 les
1762 2812 140 41 rieurs
1923 2813 205 43 n'étaient
2151 2829 75 40 pas
2246 2816 59 39 du

555 2880 94 41 côté
666 2880 50 40 de
739 2880 338 42 l'ambassadeur
1094 2896 12 39 ;
1127 2883 39 40 le
1190 2882 206 60 Français
1424 2885 202 40 s'adressa
1655 2890 23 36 à
1702 2886 246 53 Métastase,
1971 2887 38 40 le
2044 2895 259 46 protecteur,

554 2950 41 41 le
612 2951 261 54 professeur,
896 2953 118 41 l'ami
1037 2954 52 40 de
1110 2954 221 42 Catarina.
1357 2957 230 41 Métastase
1608 2958 141 41 obtint
1770 2972 86 40 que
1881 2958 130 55 l'épée
2030 2959 52 39 de
2103 2958 177 42 l'ambas-

555 3023 154 41 sadeur
731 3024 66 41 lui
816 3025 66 41 fût
903 3027 164 40 rendue
1089 3035 41 33 et
1150 3041 85 41 que
1263 3027 38 42 là
1338 3042 42 27 se
1410 3030 208 40 terminât
1645 3043 110 42 pour
1775 3030 40 41 la
1840 3030 165 41 France
2031 3043 47 28 ce
2103 3031 202 42 Rosbach

555 3096 53 40 de
625 3095 205 43 chambre
850 3101 23 36 à
892 3098 200 41 coucher.

608 3168 123 41 Cette
750 3168 179 43 histoire
950 3178 62 34 est
1032 3171 198 41 racontée
1251 3184 76 41 par
1346 3179 99 35 tous
1466 3172 58 41 les
1548 3174 251 54 biographes
1820 3174 51 40 de
1891 3174 40 40 la
1953 3174 226 54 Gabrielli,
2203 3188 100 29 sans

553 3241 129 53 qu'ils
703 3242 198 43 donnent
920 3244 60 40 les
1002 3257 125 27 noms
1147 3243 73 42 des
1241 3244 112 41 deux
1381 3245 167 41 rivaux.
1576 3246 147 41 Moins
1747 3246 158 42 discret
1925 3248 177 54 qu'eux,
2124 3247 177 55 j'aurais

553 3314 137 41 voulu
713 3315 181 56 dissiper
926 3316 38 41 le
998 3319 187 51 mystère
1224 3317 78 55 qui
1329 3330 155 28 couvre
1507 3318 39 40 le
1569 3331 103 27 nom
1694 3319 52 41 de
1765 3332 44 28 ce
1830 3319 110 41 haut
1968 3334 269 41 personnage
2269 3322 35 39 si

553 3385 400 58 dramatiquement
973 3403 241 29 amoureux
1232 3405 11 36 ;
1266 3391 110 40 mais
1398 3390 88 41 l'on
1508 3398 77 47 est,
1608 3394 24 37 à
1653 3405 45 28 ce
1717 3392 125 55 sujet,
1864 3393 145 40 réduit
2029 3408 85 26 aux
2135 3395 145 53 conjec-

553 3465 134 35 tures.
720 3461 64 40 En
816 3464 125 52 1751,
966 3477 55 28 au
1063 3472 195 34 moment
1294 3468 56 36 où
1387 3467 289 49 commençait
1702 3469 24 37 à
1752 3466 169 42 Vienne
1950 3467 39 40 la
2019 3466 149 42 faveur
2189 3467 51 40 de
2261 3468 40 39 la
