2684 4178
745 515 210 43 REVUE
987 516 107 42 DES
1124 506 334 53 THÉÂTRES
1491 518 313 51 LYRIQUES

2068 513 80 44 183

406 661 171 42 tuailles
598 663 77 55 qui
696 665 207 53 porterait
922 665 219 56 préjudice
1162 670 24 36 à
1205 665 243 55 l'équilibre
1465 667 52 40 de
1535 680 74 27 vos
1630 666 216 42 fonctions
1862 665 249 56 digestives.
2127 679 24 25 »

404 733 49 43 Je
468 748 110 28 vous
597 736 125 41 laisse
741 742 22 36 à
783 751 153 41 penser
956 738 40 41 la
1019 738 288 54 stupéfaction
1329 739 51 40 de
1399 738 40 41 la
1460 739 221 52 garnison.

461 807 56 41 Et
540 808 252 54 cependant,
816 808 99 41 c'est
948 822 63 26 un
1034 822 70 27 cas
1123 809 236 40 semblable
1389 809 76 55 qui
1500 822 42 27 se
1575 811 196 53 présente
1791 809 69 44 ici.
1887 811 262 44 L'affiuence

404 880 73 41 des
500 881 266 40 nouveautés
797 894 54 27 va
877 894 68 27 me
968 880 150 53 forcer,
1145 881 90 41 moi
1256 881 131 53 aussi,
1408 881 52 41 de
1479 882 104 54 jeter
1601 883 58 40 du
1681 882 92 42 lest.

461 953 81 41 Les
564 954 183 41 théâtres
776 954 194 55 lyriques
993 955 124 40 n'ont
1141 969 75 41 pas
1237 955 145 41 donné
1406 969 57 28 ou
1486 956 134 55 repris
1642 957 145 40 moins
1806 957 51 41 de
1874 956 125 56 vingt
2019 966 125 45 actes,

401 1027 156 55 depuis
587 1041 87 28 une
701 1027 247 56 quinzaine.
983 1028 209 57 Comptez
1221 1029 101 41 bien
1347 1043 13 28 :
1392 1030 71 41 La
1492 1030 198 42 Fiancée
1723 1031 57 41 du
1808 1030 72 42 roi
1909 1031 55 41 de
1989 1031 161 55 Garbe,

401 1100 107 42 trois
529 1109 135 47 actes,
692 1102 211 42 Madame
926 1103 258 41 VArchiduc
1190 1136 9 21 ,
1234 1103 106 42 trois
1362 1113 135 44 actes,
1527 1103 145 42 Otello
1679 1137 8 20 ,
1714 1103 105 42 trois
1851 1112 130 46 actes,
2004 1105 123 55 repré-

401 1176 141 40 sentés
562 1174 110 42 alors
694 1189 84 41 que
804 1176 40 40 le
864 1176 170 40 dernier
1053 1177 184 41 numéro
1258 1176 51 40 de
1338 1176 41 41 la
1405 1176 253 55 Chronique
1681 1177 212 41 musicale
1923 1177 105 42 était
2053 1192 99 27 sous

402 1261 155 41 presse.
578 1248 56 41 Et
654 1248 169 55 depuis,
845 1249 413 54 Giroflée-Girofla,
1274 1249 222 54 Mireille,
1517 1249 64 40 les
1600 1249 192 52 Parias;
1811 1249 152 54 j'allais
1980 1250 173 42 oublier

400 1321 61 40 les
482 1321 269 54 Huguenots
756 1354 10 21 ,
787 1335 111 41 pour
917 1323 38 40 le
978 1323 134 40 début
1131 1321 59 42 du
1211 1323 123 40 ténor
1357 1321 206 42 Ladislas.
1589 1321 205 42 Entassez
1815 1330 97 34 tout
1939 1336 47 27 ce
2007 1323 141 53 qu'un

400 1392 184 56 critique
599 1394 53 40 de
667 1394 40 42 la
727 1394 145 41 bonne
887 1394 115 41 école
1021 1394 196 55 pourrait
1233 1394 129 41 écrire
1378 1408 74 27 sur
1469 1408 66 27 ces
1552 1396 139 39 beaux
1703 1394 131 54 sujets
1851 1395 297 51 médullaires;

400 1465 210 55 compilez
636 1474 99 34 tout
767 1481 47 26 ce
846 1467 109 54 qu'il
985 1481 52 26 en
1070 1467 198 55 pourrait
1299 1467 92 40 dire
1417 1467 266 54 d'éloquent,
1720 1467 50 40 de
1804 1467 263 54 goguenard,
2098 1467 51 42 de

398 1537 248 51 malicieux,
668 1541 51 39 de
740 1538 254 51 fantaisiste,
1014 1539 52 41 de
1087 1539 212 55 spirituel,
1322 1539 53 41 de
1393 1539 158 55 pédant
1570 1547 41 33 et
1628 1539 50 40 de
1698 1540 421 54 supercoquentieux
2135 1554 12 36 ;

399 1611 99 41 c'est
520 1613 40 40 la
582 1612 177 42 matière
778 1613 108 40 d'un
915 1612 193 55 in-folio,
1126 1614 108 39 dans
1255 1613 37 42 le
1309 1613 154 41 format
1485 1612 187 53 in-folio,
1696 1620 42 33 et
1757 1617 24 36 à
1805 1612 112 43 Dieu
1941 1626 53 29 ne
2013 1612 134 57 plaise

397 1697 85 41 que
501 1684 182 56 j'expose
702 1686 40 41 le
762 1686 162 42 lecteur
938 1690 24 36 à
983 1700 63 27 un
1068 1686 192 43 in-folio.

455 1757 203 42 Tâchons
678 1759 148 55 plutôt
846 1759 131 41 d'être
999 1759 105 41 bref.

400 1906 4 63 '
454 1909 325 60 Commençons
814 1923 75 41 par
924 1909 38 40 le
1002 1909 137 41 début
1180 1907 52 42 de
1265 1908 64 41 M.
1373 1907 193 41 Ladislas
1589 1906 314 56 Mierswinski,
1945 1910 108 41 dans
2088 1909 60 42 les

394 1981 274 55 Huguenots
673 2014 9 21 ,
706 1982 188 54 puisque
915 1984 101 38 c'est
1037 1982 175 54 l'Opéra
1231 1981 76 53 qui
1329 1980 191 56 remplit,
1543 1980 106 40 dans
1670 1980 153 42 Tordre
1843 1981 303 56 hiérarchique

393 2054 51 41 de
473 2068 79 27 nos
585 2058 144 37 scènes
757 2054 210 55 lyriques,
997 2055 38 40 le
1062 2054 88 41 rôle
1177 2056 51 38 de
1255 2055 99 54 plus
1382 2067 53 28 en
1463 2053 100 55 plus
1590 2053 174 42 difficile
1789 2056 50 39 de
1862 2055 184 55 Jupiter.
2077 2056 68 41 Ab

392 2128 110 42 Jove
526 2128 278 54 principium
811 2159 7 9 .
861 2128 56 40 Et
948 2131 23 37 à
1003 2142 46 26 ce
1071 2128 208 54 proverbe
1314 2127 123 54 latin,
1478 2126 201 54 ajoutons
1716 2141 60 27 un
1809 2141 174 41 passage
2015 2129 52 41 de
2103 2130 43 41 la

394 2201 181 51 Genèse,
605 2201 107 40 dont
733 2213 111 28 nous
878 2199 141 42 ferons
1041 2199 264 56 application
1336 2203 23 36 à
1383 2199 61 42 M.
1482 2199 195 40 Ladislas
1696 2212 9 29 :
1734 2199 53 40 In
1799 2201 226 54 principio
2048 2209 100 35 erat

393 2274 177 41 verbum
588 2285 10 30 :
635 2275 73 38 Au
738 2280 376 34 commencement
1150 2272 105 42 était
1296 2271 40 41 le
1375 2271 144 41 verbe.
1554 2287 19 22 »
1608 2272 73 39 Au
1721 2271 180 54 théâtre,
1942 2272 39 40 le
2016 2272 127 42 verbe

390 2346 188 41 consiste
600 2350 23 36 à
653 2358 43 28 se
717 2345 104 41 faire
842 2345 282 54 comprendre
1156 2344 109 41 dans
1290 2343 40 41 la
1357 2343 160 55 langue
1550 2356 86 42 que
1662 2342 88 42 l'on
1780 2351 105 33 veut
1915 2344 154 54 parler,
2104 2352 43 34 et

389 2419 103 41 c'est
510 2432 45 28 ce
574 2419 78 54 qui
675 2431 190 42 manque
887 2422 24 37 à
933 2419 64 40 M.
1024 2417 210 50 Ladislas,
1255 2417 108 41 dont
1381 2415 39 42 le
1441 2416 128 41 verbe
1590 2424 63 33 est
1670 2415 54 42 de
1747 2415 260 43 nationalité
2022 2417 102 55 polo-

391 2492 133 42 naise.
560 2491 77 50 Or,
679 2491 143 41 Raoul
854 2498 62 34 est
948 2492 84 40 sire
1052 2492 51 40 de
1129 2490 185 54 Nangis,
1347 2488 76 42 fief
1449 2488 79 55 qui
1557 2488 109 41 n'est
1698 2488 125 55 point
1850 2502 53 28 en
1937 2489 209 54 Pologne,

389 2579 168 27 comme
573 2565 178 41 l'accent
765 2565 52 40 de
839 2565 64 40 M.
925 2565 192 40 Ladislas
1138 2561 299 44 Mierswinski
1457 2561 39 42 le
1517 2561 75 42 fait
1611 2561 153 42 croire.
1788 2561 60 42 Ce
1862 2561 92 42 vice
1972 2563 52 41 de
2045 2576 77 41 pro-

392 2639 259 42 nonciation
673 2647 62 34 est
753 2638 41 42 la
814 2638 98 54 plus
933 2637 105 41 forte
1060 2636 256 55 prévention
1336 2650 85 40 que
1440 2637 96 53 j'aie
1557 2644 149 34 contre
1735 2637 39 40 le
1796 2650 203 28 nouveau
2022 2637 123 41 ténor

392 2714 52 39 de
467 2713 64 41 M.
567 2711 258 42 Halanzier.
861 2711 54 40 Sa
943 2709 101 41 voix
1077 2717 62 32 est
1165 2721 116 27 assez
1312 2709 125 54 belle,
1469 2708 109 41 mais
1610 2708 166 41 inculte
1801 2721 9 28 :
1842 2723 55 26 on
1928 2708 98 41 s'est
2046 2717 99 46 trop

388 2785 100 41 hâté
521 2784 53 41 de
599 2798 111 28 nous
733 2784 39 40 la
792 2783 104 41 faire
917 2782 226 41 entendre.
1171 2781 88 41 Son
1279 2780 232 42 éducation
1535 2780 212 42 musicale
1769 2781 108 42 n'est
1897 2794 74 42 pas
1997 2781 146 41 moins

390 2857 237 56 primitive.
654 2857 63 41 La
734 2855 164 41 morale
919 2854 52 41 de
990 2862 110 33 cette
1120 2855 209 42 tentative
1349 2862 64 34 est
1432 2867 98 42 que,
1556 2867 112 42 pour
1690 2854 177 43 chanter
1884 2853 206 61 français,
2112 2854 33 43 il

389 2930 94 43 faut
503 2930 143 56 parler
667 2928 198 61 français.

444 3080 40 37 A
506 3090 46 27 ce
572 3076 150 53 début,
745 3074 134 56 qu'on
902 3075 74 40 eût
997 3087 60 41 pu
1091 3071 200 53 retarder,
1328 3071 39 55 je
1397 3071 162 57 préfère
1589 3072 109 41 celui
1728 3071 52 42 de
1801 3071 63 45 M.
1895 3071 247 54 Fernando,

388 3150 136 55 qu'on
544 3151 74 40 eût
645 3163 60 41 pu
726 3161 198 28 avancer.
950 3146 63 43 M.
1046 3146 228 42 Fernando
1296 3145 157 41 chante
1471 3146 38 41 le
1529 3146 87 40 rôle
1648 3144 204 55 d'Otello,
1876 3144 78 55 qui
1982 3145 162 41 s'étend

388 3236 75 28 sur
484 3236 87 27 une
591 3222 162 41 échelle
774 3221 147 41 vocale
943 3219 315 42 extrêmement
1279 3219 200 54 étendue,
1503 3233 98 27 sans
1622 3232 171 28 aucune
1813 3217 273 42 défaillance.

447 3295 36 40 Il
497 3309 29 40 y
541 3303 87 32 met
648 3308 88 27 une
750 3294 193 50 chaleur,
960 3307 86 28 une
1068 3294 230 52 bravoure,
1319 3305 86 28 une
1420 3292 157 54 fougue
1598 3291 252 41 réellement
1863 3292 275 42 étonnantes.

392 3368 121 40 Dans
533 3367 39 40 le
585 3366 199 54 récitatif,
808 3381 45 26 sa
875 3367 100 40 voix
992 3365 109 42 tinte
1117 3379 98 28 avec
1235 3378 86 27 une
1340 3363 204 42 intensité
1564 3363 51 40 de
1636 3375 78 29 son
1735 3369 121 35 toute
1870 3363 271 56 métallique.

390 3443 40 39 A
452 3448 164 34 travers
637 3439 38 41 le
705 3440 148 40 réseau
875 3440 51 39 de
948 3438 207 41 vocalises
1188 3439 106 39 dont
1318 3436 176 41 Rossini
1518 3450 23 26 a
1563 3436 237 55 enveloppé
1821 3443 98 35 tous
1946 3450 64 28 ses
2040 3437 104 55 airs,

392 3513 78 43 elle
493 3527 41 27 se
559 3512 116 57 fraye
698 3525 176 42 passage
894 3516 25 36 à
941 3511 117 54 plein
1084 3509 155 55 gosier,
1272 3523 98 28 sans
1394 3508 188 43 artifices
1598 3509 52 42 de
1671 3509 200 43 mauvais
1898 3509 103 44 aloi.
2030 3510 121 43 Dans
