2684 4178
1122 432 192 42 VARIA

2007 450 74 41 191

388 573 175 38 Athénée
568 604 8 8 .
597 576 114 37 —M.
734 574 176 50 Wilfrid,
931 578 144 36 ancien
1095 580 152 48 artiste,
1267 583 127 47 prend
1413 584 37 36 la
1466 585 198 38 direction
1680 586 47 37 de
1749 586 226 48 l'Athénée,
1992 586 103 37 dont

341 632 29 38 il
399 646 48 25 va
484 634 141 38 refaire
656 647 58 25 un
734 633 157 40 théâtre
928 638 234 49 d'opérette.
1202 642 65 36 On
1302 644 195 37 ouvrirait
1524 658 95 26 avec
1650 647 125 37 Fleur
1816 647 48 38 de
1912 647 86 38 Thé
1998 677 8 19 ,
2045 647 48 37 de

343 694 56 37 M.
427 695 176 50 Lecocq.

394 832 190 37 Concerts
605 832 51 36 du
679 831 198 41 Châtelet.
966 834 290 40 L'association
1277 837 227 52 artistique,
1537 841 149 50 dirigée
1707 856 71 37 par
1801 846 56 35 M.
1891 846 203 50 Colonne,

341 892 136 37 donne
498 889 259 52 aujourd'hui
778 905 75 25 son
874 895 177 48 premier
1069 905 177 42 concert,
1267 910 94 26 avec
1378 900 38 37 le
1432 913 257 38 programme
1710 904 162 38 suivant
1891 917 8 26 :

490 971 253 50 Symphonie
762 974 202 40 romaine.
980 1003 8 9 «
1446 1010 153 11 .......
1734 985 302 39 MENDELSSOHN.

556 1032 148 45 Allegro
720 1034 133 34 vivace.
934 1037 170 34 Andante
1126 1049 66 23 con
1215 1046 115 27 moto.
1415 1042 192 33 Minuetto.

707 1089 201 36 Saltarello.

491 1161 175 39 Scherzo
691 1164 96 37 d'un
808 1173 189 40 quatuor.
1010 1197 33 9 ..
1370 1198 7 8 ~
1729 1173 240 42 CHERUBINÎ.

557 1223 68 33 Par
644 1230 85 27 tous
750 1225 52 33 les
824 1226 241 35 instruments
1082 1228 20 33 à
1122 1230 139 32 cordes.

492 1297 55 38 Le
568 1298 133 37 Rouet
721 1299 256 49 d'Omphale.
1719 1307 45 37 G.
1805 1308 285 40 SAINT-SAENS.

559 1357 135 33 Poème
714 1359 289 44 symphonique.
1603 1361 12 12 *

490 1429 204 39 Concerto
715 1443 49 25 en
787 1432 59 37 sol
852 1462 8 15 ,
880 1445 106 36 pour
1006 1435 140 48 piano.
1434 1465 179 13 ........
1721 1441 263 40 BEETHOVEN.

488 1490 147 38 Scènes
656 1491 275 51 pittoresques
954 1493 37 48 (4
993 1503 13 16 e
1029 1495 102 37 suite
1154 1496 260 46 d'orchestre)
1711 1500 37 39 J.
1774 1502 225 36 MASSENET.

558 1552 46 32 N°
633 1562 28 24 1.
750 1554 157 33 Marche.

559 1607 46 32 N°
629 1618 34 21 2.
688 1627 42 6 -
754 1608 64 33 Air
842 1609 44 32 de
909 1608 129 35 Ballet.

556 1661 46 32 N°
627 1662 34 33 3.
750 1663 177 44 Angélus.

557 1716 46 32 N°
627 1727 35 32 4.
757 1718 85 32 Fête
863 1719 170 34 bohème.

400 1843 190 40 Concerts
622 1844 154 40 Danbé.
875 1848 188 38 L'ancien
1089 1850 207 38 orchestre
1327 1851 54 37 du
1411 1851 288 39 Grand-Hôtel
1720 1867 49 26 va
1797 1856 219 49 reprendre
2037 1870 61 25 ses

347 1913 185 29 concerts
565 1905 37 38 le
629 1919 12 24 l
649 1916 29 16 er
707 1907 226 49 décembre,
955 1921 94 25 sous
1070 1910 38 37 la
1135 1911 200 38 direction
1357 1912 48 37 de
1436 1913 55 37 M.
1517 1914 156 49 Danbé,
1705 1916 99 37 dans
1826 1929 56 25 un
1910 1930 187 26 nouveau

346 1965 106 38 local
474 1978 79 37 que
572 1966 82 38 l'on
676 1969 200 37 construit
896 1971 303 49 actuellement,
1230 1972 60 49 57,
1324 1984 72 25 rue
1420 1973 210 48 Taitbout,
1653 1983 38 29 et
1711 1976 70 49 qui
1801 1989 88 25 sera
1910 1979 162 37 merveil-

345 2025 109 40 leux.
479 2027 266 38 L'ouverture
762 2041 40 25 se
823 2030 82 37 fera
925 2043 94 26 avec
1040 2031 38 38 le
1100 2033 148 37 nouvel
1263 2034 195 49 oratorio,
1478 2035 49 36 de
1550 2036 54 36 M.
1630 2037 267 49 Rubenstein,
1923 2039 38 37 la
1988 2040 110 36 Tour

345 2086 49 38 de
423 2087 128 37 Babel
561 2099 8 37 ;
599 2088 29 38 il
660 2102 87 25 sera
773 2091 220 49 interprété
1024 2105 94 26 avec
1145 2093 37 38 le
1211 2106 199 25 concours
1437 2095 48 37 de
1514 2096 36 37 la
1577 2097 158 38 Société
1768 2099 68 37 des
1862 2098 163 39 chœurs
2050 2100 48 37 de

347 2148 57 37 M»
429 2148 153 41 Chevé.

397 2294 194 38 Concerts
619 2296 272 39 d'Harmonie
908 2298 139 37 sacrée
1067 2298 170 51 (Cirque
1257 2298 68 40 des
1350 2290 365 62 Champs-Élrsées
1719 2304 33 49 ).
1768 2305 116 37 —Le
1903 2305 124 49 jeudi,
2057 2318 43 36 19

347 2357 236 48 novembre,
606 2369 98 25 aura
728 2356 81 39 lieu
828 2359 37 37 la
886 2359 198 49 première
1112 2361 186 38 audition
1319 2361 48 38 de
1389 2362 228 50 l'oratorio,
1643 2376 50 25 en
1708 2364 100 38 trois
1828 2373 128 40 actes,
1977 2367 126 36 Judas

343 2417 247 37 Macchabée
594 2448 8 17 ,
639 2418 49 37 de
725 2418 197 39 Haendel.
959 2421 120 37 Trois
1115 2430 112 28 cents
1263 2423 256 50 exécutants,
1557 2424 148 50 dirigés
1741 2439 72 37 par
1845 2427 57 37 M.
1935 2427 169 37 Charles

347 2477 274 51 Lamoureux,
644 2480 228 48 prendront
897 2488 93 41 part
1013 2484 22 34 à
1060 2489 104 30 cette
1186 2483 221 38 solennité.

395 2538 77 37 Les
506 2539 75 36 soli
616 2547 139 30 seront
786 2540 239 49 interprétés
1046 2553 9 26 :
1076 2542 126 38 Judas
1234 2544 218 38 Machabée
1475 2553 39 29 et
1543 2546 157 48 Simon,
1726 2548 107 39 MM.
1856 2549 180 49 Vergnet
2064 2556 40 29 et

347 2598 207 50 Gailhard,
578 2601 49 35 de
663 2600 176 50 l'Opéra,
861 2601 318 49 obligeamment
1213 2605 199 37 autorisés
1448 2618 71 35 par
1550 2608 59 37 M.
1638 2608 239 48 Halanzier;
1909 2622 56 23 un
1985 2609 119 49 jeune

347 2659 175 38 Israélite
544 2670 8 27 :
576 2662 185 36 madame
781 2662 340 38 Brunet-Lafleur
1132 2679 9 32 ;
1158 2676 81 24 une
1255 2664 174 38 israélite
1447 2679 8 23 :
1480 2667 305 38 mademoiselle
1805 2670 134 48 Jenny
1959 2671 144 47 Howe,

349 2719 219 38 cantatrice
600 2721 207 38 italienne.
834 2723 172 49 L'orgue
1035 2735 87 25 sera
1141 2732 96 29 tenu
1258 2737 71 37 par
1352 2726 56 38 M.
1436 2726 130 38 Henri
1587 2728 146 37 Fissot.

399 2781 55 37 La
475 2780 214 39 deuxième
708 2789 39 30 et
773 2782 38 37 la
833 2782 207 38 troisième
1067 2785 185 37 audition
1281 2787 54 35 du
1360 2787 125 37 Judas
1514 2789 238 38 Macchabée
1777 2798 147 29 auront
1943 2791 84 36 lieu
2048 2791 58 36 les

348 2841 106 37 deux
480 2840 130 50 jeudis
642 2843 196 47 suivants,
865 2844 184 49 toujours
1081 2857 52 25 au
1164 2845 150 51 Cirque
1344 2848 69 36 des
1442 2848 380 51 Champs-Elysées,
1845 2851 100 37 mais
1963 2854 22 34 à
2006 2852 101 37 trois

348 2902 149 38 heures
517 2903 49 36 de
585 2902 276 51 l'après-midi.

402 3048 134 41 Gaîté.
628 3049 227 39 Dimanche
882 3052 23 36 6
935 3050 227 50 décembre,
1196 3055 264 38 réouverture
1490 3056 69 38 des
1591 3057 200 39 Matinées
1819 3057 219 40 littéraires
2070 3065 38 33 et

352 3111 214 38 musicales
587 3113 55 36 du
663 3109 156 41 théâtre
844 3113 50 37 de
921 3113 38 38 la
994 3114 127 37 Gaîté.
1144 3114 116 39 Voici
1288 3116 36 37 le
1349 3130 255 37 programme
1629 3123 80 34 très
1740 3120 243 38 intéressant
2004 3123 47 36 de
2071 3123 37 36 la

356 3172 129 50 partie
507 3173 193 37 musicale
718 3173 50 38 de
790 3186 65 25 ces
874 3174 211 50 matinées,
1105 3188 106 37 pour
1229 3176 156 39 l'année
1413 3179 214 51 1874-1875
1655 3192 7 25 :

403 3252 222 50 Monsigny
649 3263 7 26 :
682 3253 37 37 le
738 3254 223 38 Déserteur
964 3285 9 19 ,
995 3257 333 49 opéra-comique
1350 3270 50 25 en
1420 3259 101 36 trois
1549 3267 121 39 actes,
1696 3260 48 37 de
1766 3260 172 39 Sedaine
1960 3262 147 51 (1769).

403 3313 143 37 Méhul
571 3324 7 27 :
609 3314 87 37 Une
714 3316 116 37 Folie
834 3345 10 20 ,
867 3317 335 50 opéra-comique
1225 3331 50 25 en
1296 3320 105 36 deux
1422 3327 122 41 actes,
1568 3321 48 36 de
1637 3321 166 50 Bouilly
1823 3323 144 51 (1802).

404 3374 148 48 Grétry
575 3387 8 23 :
610 3374 55 38 les
686 3376 129 37 Deux
834 3378 155 37 Avares
995 3408 9 18 ,
1022 3379 332 50 opéra-comique
1376 3393 49 24 en
1445 3393 55 24 un
1522 3387 100 43 acte,
1639 3382 47 36 de
1707 3382 182 39 Falbaire
1911 3387 147 49 (1770).

406 3435 238 51 L'Epreuve
665 3436 236 53 villageoise
903 3467 11 21 ,
939 3440 335 50 opéra-comique
1296 3453 50 25 en
1364 3454 57 24 un
1443 3449 87 31 acte
1535 3471 8 21 ?
1564 3442 49 38 de
1636 3442 195 52 Deforges
1852 3447 144 49 (1784),
