2684 4178
551 446 77 51 176

996 441 78 41 LA
1105 440 382 52 CHRONIQUE
1518 442 315 42 MUSICALE

540 588 90 37 nuit
659 599 95 24 sous
783 598 61 25 ses
887 586 174 39 fenêtres
1082 595 39 30 et
1148 588 248 37 demandent
1424 590 22 33 à
1481 586 77 39 cris
1592 586 214 38 redoublés
1828 585 302 38 mademoiselle
2151 588 131 49 Jenny

545 654 117 38 Lind.
702 654 87 36 Elle
822 653 128 50 paraît
982 666 50 25 au
1064 654 160 48 balcon,
1255 655 188 48 étonnée,
1479 654 115 37 émue
1630 655 48 36 de
1709 653 240 50 l'explosion
1983 654 48 35 de
2065 665 64 25 ces
2163 654 103 37 senti-

541 728 133 29 ments
693 720 241 49 affectueux,
956 722 101 37 dont
1089 729 196 42 pourtant
1308 723 180 36 Barnum
1519 729 61 30 est
1599 720 88 39 seul
1719 733 51 26 en
1799 731 161 26 mesure
1990 720 48 36 de
2072 720 210 37 connaître

540 788 38 37 le
606 788 103 50 prix.
745 790 36 35 A
813 788 164 49 minuit,
1009 801 80 25 une
1121 790 191 37 sérénade
1333 790 61 37 fut
1427 789 211 49 organisée
1671 801 71 36 par
1775 788 105 36 deux
1912 794 112 30 cents
2052 786 234 48 musiciens,

540 856 177 37 escortés
738 868 71 37 par
829 857 99 37 trois
950 865 112 29 cents
1083 865 189 41 porteurs
1293 858 49 36 de
1372 856 173 38 torches.
1573 857 78 36 Les
1672 858 139 47 poètes
1834 866 41 26 se
1895 855 152 36 mirent
2068 856 22 34 à
2122 854 166 37 l'œuvre

540 923 69 37 dès
642 923 37 36 le
709 923 231 38 lendemain
955 935 9 36 ;
997 925 181 35 Barnum
1210 924 110 37 offrit
1347 936 56 24 un
1436 924 90 48 prix
1559 924 48 36 de
1640 935 73 24 200
1747 922 151 37 dollars
1929 920 22 39 à
1972 922 172 36 l'auteur
2174 920 49 37 de
2251 920 37 36 la

540 990 212 37 meilleure
776 991 112 48 pièce
919 992 49 35 de
1000 1003 90 25 vers
1119 1003 51 24 en
1204 991 219 37 l'honneur
1459 991 48 35 de
1542 990 39 36 la
1606 989 92 48 plus
1727 989 158 51 grande
1914 988 205 38 merveille
2149 986 139 39 vocale

540 1069 160 25 connue.
723 1057 110 36 Tant
853 1056 176 37 d'efforts
1049 1058 212 36 obtinrent
1288 1069 57 24 un
1368 1059 138 34 succès
1537 1056 178 48 complet
1737 1063 39 28 et
1796 1055 205 48 légitime;
2025 1055 58 37 les
2116 1061 171 30 recettes

538 1123 264 49 atteignirent
834 1126 22 33 à
882 1136 56 24 un
965 1124 140 36 chiffre
1131 1122 207 38 fabuleux.
1371 1124 32 36 Il
1433 1123 107 38 avait
1573 1123 63 36 été
1666 1133 186 26 convenu
1880 1133 79 37 que
1985 1122 38 35 la
2057 1128 149 30 recette
2233 1120 54 37 du

538 1190 177 49 premier
735 1198 163 29 concert
916 1190 120 37 serait
1056 1190 221 37 distribuée
1310 1190 337 49 généreusement
1670 1200 79 25 aux
1775 1200 169 36 pauvres
1966 1199 9 26 :
2001 1201 16 21 «
2042 1188 55 35 La
2118 1186 168 47 charité,

537 1258 61 36 dit
627 1258 193 47 Barnum,
846 1265 61 29 est
933 1258 38 36 la
1001 1257 210 37 meilleure
1235 1256 215 51 politique.
1474 1273 17 15 »
1514 1257 35 36 A
1582 1256 38 37 la
1650 1254 58 38 fin
1735 1256 56 36 du
1817 1262 182 38 concert,
2034 1255 253 36 Barnum-se

538 1324 187 49 présenta
745 1325 147 36 devant
911 1324 229 37 l'auditoire
1163 1336 95 27 avec
1281 1336 80 25 une
1380 1324 92 36 liste
1492 1323 69 37 des
1582 1322 196 49 hôpitaux
1798 1322 49 37 de
1871 1321 229 38 New-York
2120 1327 166 43 portant

540 1402 51 26 en
612 1392 140 48 regard
781 1391 60 37 les
863 1403 177 25 sommes
1062 1392 97 49 qu'il
1180 1391 211 37 attribuait
1413 1394 22 33 à
1456 1391 156 36 chacun
1633 1390 48 36 de
1715 1402 65 25 ces
1801 1388 325 39 établissements
2147 1400 69 24 sur
2248 1387 39 37 la

538 1465 150 30 recette
705 1458 55 36 du
780 1457 105 50 jour.
909 1475 17 16 «
946 1459 75 37 Cet
1052 1470 117 37 ange,
1191 1458 141 38 s'écria
1352 1458 322 48 l'entrepreneur
1702 1468 94 26 avec
1817 1467 80 26 une
1929 1456 182 37 émotion
2140 1454 126 37 diffici-

533 1524 155 38 lement
709 1533 215 40 contenue,
948 1533 63 29 cet
1031 1538 112 36 ange,
1170 1538 66 24 car
1253 1526 37 47 je
1312 1537 50 25 ne
1378 1525 91 49 puis
1497 1524 57 37 lui
1576 1526 159 35 donner
1756 1536 57 24 un
1834 1531 115 30 autre
1977 1534 113 37 nom,
2113 1534 52 25 ne
2187 1528 101 31 veut

538 1604 70 36 pas
642 1592 181 38 recevoir
856 1604 56 25 un
945 1604 136 38 penny
1108 1604 50 26 en
1185 1594 263 47 récompense
1476 1592 48 36 de
1547 1590 251 38 l'admirable
1820 1590 127 37 talent
1968 1590 98 48 qu'il
2096 1590 112 37 vient
2236 1590 49 35 de

538 1659 207 48 déployer.
766 1675 18 15 »
823 1660 108 46 Puis,
956 1670 95 26 avec
1080 1660 70 36 des
1171 1660 146 36 larmes
1347 1659 97 36 dans
1472 1659 58 36 les
1563 1669 120 37 yeux,
1707 1656 211 49 incapable
1938 1656 50 37 de
2013 1656 86 37 dire
2119 1668 57 23 un
2198 1662 90 30 mot

537 1725 48 36 de
605 1725 105 48 plus,
734 1724 26 37 il
794 1725 130 37 tendit
953 1726 39 36 la
1017 1726 92 36 liste
1142 1726 189 48 préparée
1365 1725 202 37 d'avance.
1594 1725 56 36 Le
1684 1724 168 36 résultat
1872 1724 61 36 fut
1954 1722 54 37 tel
2031 1722 99 48 qu'il
2151 1722 136 37 l'avait

535 1790 149 49 prévu;
721 1802 43 25 ce
790 1803 52 25 ne
874 1790 62 38 fut
957 1791 92 50 plus
1081 1793 48 35 de
1163 1791 351 47 l'enthousiasme,
1548 1802 44 26 ce
1623 1788 64 39 fut
1719 1789 49 37 de
1798 1788 161 38 l'extase
1980 1789 248 48 qu'éprouva
2249 1788 37 37 le

535 1856 137 49 public
691 1858 6 37 !
722 1858 115 37 Nous
860 1870 104 26 nous
985 1860 231 36 arrêterons
1235 1858 65 48 ici,
1324 1865 114 30 toute
1459 1856 250 49 description
1730 1856 120 37 serait
1865 1855 267 49 impuissante
2146 1858 21 34 à
2187 1855 99 38 faire

536 1926 265 46 comprendre
836 1925 57 37 les
924 1925 112 37 mille
1070 1937 232 25 ressources
1331 1937 50 24 au
1413 1936 150 37 moyen
1600 1923 228 49 desquelles
1864 1924 180 35 Barnum
2076 1922 208 47 triompha

535 1995 100 37 dans
656 1996 39 36 la
714 1995 104 37 lutte
839 1992 98 50 qu'il
956 1993 106 38 avait
1093 1992 237 49 entreprise.
1356 1990 352 38 Non-seulement
1738 1989 28 38 il
1785 1990 46 36 fit
1849 1989 190 38 honneur
2060 2001 79 25 aux
2161 2001 99 36 enga-

534 2070 183 41 gements
739 2061 226 38 contractés
996 2070 95 28 avec
1121 2060 37 36 le
1189 2058 217 49 rossignol,
1431 2058 100 37 mais
1554 2057 27 37 il
1603 2069 129 38 gagna
1763 2056 213 39 lui-même
2003 2056 69 37 des
2104 2067 181 26 sommes

535 2129 297 37 considérables
849 2131 68 44 (1).

585 2196 278 45 Décidément,
888 2197 181 35 Barnum
1088 2195 96 36 était
1203 2207 56 23 un
1281 2195 126 48 grand
1428 2194 181 47 homme,
1631 2201 39 29 et
1686 2191 35 51 je
1743 2192 244 50 comprends
2008 2203 80 38 que
2109 2191 174 37 nombre

535 2264 48 36 de
602 2274 98 37 gens
723 2262 56 37 ait
795 2262 114 37 brûlé
930 2262 47 36 de
999 2262 38 36 la
1058 2260 122 38 noble
1210 2261 201 36 ambition
1434 2261 48 36 de
1504 2259 184 38 marcher
1707 2272 70 24 sur
1798 2270 61 26 ses
1878 2267 143 38 traces,
2045 2257 130 37 tandis
2205 2268 80 37 que

533 2330 58 36 les
612 2328 225 50 triomphes
856 2330 48 35 de
924 2329 133 47 Jenny
1081 2328 104 36 Lind
1207 2326 236 38 tournaient
1463 2327 37 35 la
1521 2328 80 35 tête
1623 2330 22 33 à
1667 2326 94 37 bien
1793 2326 69 37 des
1883 2326 160 36 artistes
2066 2324 70 49 qui
2157 2336 102 36 pour-

529 2403 89 29 tant
638 2396 192 36 n'étaient
860 2407 81 37 pas,
977 2402 87 28 tant
1098 2395 82 35 s'en
1210 2394 100 47 faut,
1349 2394 38 35 la
1410 2393 90 48 plus
1532 2392 161 50 grande
1728 2392 202 37 merveille
1956 2391 136 38 vocale
2118 2402 165 27 connue.

534 2462 117 49 Mais,
691 2474 245 37 voyez-vous
973 2461 254 37 maintenant
1266 2460 37 37 la
1340 2459 182 49 position
1554 2460 49 36 de
1640 2470 76 25 nos
1754 2458 266 37 malheureux
2058 2456 221 37 directeurs

533 2529 172 50 d'opéra.
733 2530 52 36 Ils
806 2537 73 29 ont
912 2532 21 33 à
967 2529 37 37 la
1025 2529 80 36 tête
1132 2528 48 36 de
1215 2528 88 36 leur
1338 2535 146 40 troupe
1512 2539 56 24 un
1601 2526 139 37 artiste
1773 2526 48 36 de
1852 2525 142 46 talent,
2030 2536 68 36 ou,
2134 2535 43 25 ce
2212 2523 70 48 qui

534 2597 154 37 revient
717 2609 51 25 au
789 2597 132 35 même
947 2597 119 47 (pour
1098 2596 38 35 le
1163 2594 202 36 directeur
1397 2594 210 45 s'entend),
1631 2605 57 24 un
1720 2604 98 25 nom
1848 2592 70 47 qui
1937 2590 73 37 fait
2041 2597 161 30 recette.
2229 2590 53 37 Ils

533 2670 73 29 ont
634 2660 88 51 déjà
742 2662 99 49 payé
874 2661 82 37 fort
978 2662 94 36 cher
1093 2672 104 38 pour
1216 2660 224 48 l'engager;
1471 2658 46 37 ils
1540 2659 88 36 font
1647 2659 230 36 d'énormes
1899 2657 198 38 sacrifices
2119 2669 105 36 pour
2246 2656 37 37 le

532 2729 151 37 retenir
716 2737 39 29 et
788 2740 105 37 pour
926 2740 39 25 se
1000 2727 222 48 l'attacher,
1248 2726 101 37 mais
1378 2726 28 36 il
1427 2725 130 38 arrive
1578 2738 56 24 un
1656 2733 186 30 moment
1862 2728 53 35 où
1937 2724 28 37 il
2001 2723 90 38 leur
2119 2724 166 37 devient

531 2796 237 50 impossible
799 2797 48 36 de
869 2796 191 36 satisfaire
1081 2807 78 24 aux
1192 2794 187 37 énormes
1401 2792 253 50 prétentions
1683 2792 146 37 émises
1855 2804 71 37 par
1961 2791 183 47 l'artiste,
2167 2794 22 33 à
2211 2791 72 47 qui

531 2864 268 48 l'accapareur
821 2871 59 29 est
899 2874 107 26 venu
1027 2862 97 36 faire
1146 2862 68 36 des
1242 2860 278 49 propositions
1547 2859 313 38 californiennes
1882 2871 103 38 pour
2006 2858 235 37 l'entraîner
2261 2860 23 33 à

532 2930 229 49 l'étranger.
799 2930 54 36 Le
881 2929 203 37 directeur
1105 2940 41 25 se
1167 2928 87 38 voit
1290 2926 203 37 contraint
1516 2926 49 37 de
1588 2927 130 46 céder,
1754 2926 167 37 l'artiste
1951 2933 102 41 part,
2078 2933 38 28 et
2136 2925 37 36 le
2206 2936 50 36 pu-

531 2998 78 36 blic
697 2997 81 49 ,ah
798 2996 138 36 dame!
973 2996 36 36 le
1032 2995 136 50 public
1188 3006 40 25 se
1250 3000 238 31 contentera
1520 2994 49 36 de
1604 3005 100 25 ceux
1732 2992 70 49 qui
1832 2999 166 40 restent,
2031 2991 33 36 si
2093 2991 136 36 mieux
2252 2989 29 36 il

532 3064 146 36 n'aime
696 3075 41 25 se
758 3074 137 37 passer
922 3062 185 49 d'opéra!

580 3131 116 37 Cette
717 3128 209 49 situation,
955 3127 308 38 véritablement
1290 3127 254 50 inquiétante
1574 3138 104 37 pour
1709 3125 57 38 les
1798 3125 166 36 intérêts
1992 3124 48 36 de
2062 3121 89 38 l'art
2170 3121 88 38 fran-

530 3198 93 50 çais,
647 3198 225 48 préoccupe
893 3194 143 51 depuis
1055 3194 231 49 longtemps
1307 3202 94 29 tous
1422 3205 101 26 ceux
1542 3193 71 49 qui
1635 3192 159 37 suivent
1820 3192 37 36 le
1879 3197 265 32 mouvement
2163 3192 98 34 artis-

528 3264 113 49 tique
663 3272 39 30 et
719 3263 71 50 qui
823 3263 275 38 s'intéressent
1117 3274 79 25 aux
1227 3260 144 39 choses
1394 3261 48 37 de
1474 3260 38 37 la
1532 3259 199 49 musique.
1764 3259 101 36 Sans
1892 3258 133 49 parler
2046 3257 70 38 des
2150 3256 131 38 direc-

573 3420 50 42 (1)
658 3416 138 37 Extrait
827 3418 43 34 de
910 3416 76 35 The
1024 3416 83 46 Life
1131 3418 45 42 of
1200 3415 161 36 Phineas
1396 3413 146 46 Taylor
1573 3413 178 43 Barnum,
1785 3413 209 36 traduction
2027 3412 44 34 de
2106 3413 48 32 M.
2192 3411 87 33 Paul

532 3481 179 34 Merruau.
