3546 4386
1765 129 109 51 324

261 292 76 31 Ren
386 273 315 63 Abschaffung
750 271 173 49 endlich
975 271 68 47 die
1102 270 353 50 Hoftheater
1513 271 270 64 wenigstens

264 351 287 64 vorangehen
581 351 173 46 sollten.
815 350 117 46 Frau
966 349 309 46 Dustmann
1310 364 80 32 aus
1422 348 138 48 Wien
1592 348 90 63 gab
1714 349 69 46 die

265 430 161 46 Donna
459 430 148 52 Anna,
636 425 110 48 oder
777 425 214 47 vielmehr
1021 425 61 47 sie
1115 440 95 32 war
1234 424 108 63 jene
1375 425 131 47 Anna
1537 425 83 47 voll
1653 424 127 48 edlen

264 506 169 47 Feuers
478 504 87 47 und
610 503 370 63 hochtragischer
1021 501 321 49 Leidenschaft
1381 501 41 49 in
1465 503 183 62 Gesang
1691 503 89 47 und

262 583 138 63 Spiel,
431 581 83 46 wie
543 580 61 47 sie
629 580 172 47 Mozart
829 579 90 47 sich
952 577 194 65 gedacht
1178 577 93 58 hat,
1304 577 84 47 wie
1417 579 122 47 seine
1564 579 126 47 Töne
1719 579 62 47 sie

260 657 368 64 unwiderleglich
661 656 198 55 fordern,
891 656 121 47 nicht
1043 656 82 46 wie
1155 655 344 48 ästhetisirende
1531 656 221 64 Schöngei-

260 743 89 39 ster
392 734 77 48 das
514 734 137 56 reine,
695 732 195 49 keusche
934 731 95 48 Bild
1073 749 78 30 zur
1196 731 237 48 Caricatur
1478 732 301 47 herabzerren

262 811 221 48 möchten.
516 812 69 46 An
610 810 144 47 dieser
778 810 254 47 herrlichen
1057 810 266 63 Schöpfung
1352 809 78 47 des
1454 810 325 47 Mozart'schen

261 889 167 48 Genius
459 889 76 47 hat
562 887 94 47 sich
688 886 250 50 Hoffmann
970 886 228 47 wahrhaft
1228 885 274 65 versündigt.
1558 887 66 46 Da
1659 887 119 46 Frau

261 967 255 47 Dustmann
561 965 42 48 in
648 965 86 47 den
778 964 159 48 beiden
976 980 186 48 grossen
1196 962 490 65 Fest-Auffuhrungen
1719 965 57 46 im

264 1044 308 48 Glas-Palaste
615 1042 121 47 nicht
778 1040 258 57 mitwirkte,
1066 1040 196 48 sondern
1294 1058 85 30 nur
1408 1041 42 47 in
1482 1041 99 47 dem
1614 1041 164 47 dritten

262 1120 220 47 Concerte
504 1134 127 47 sang,
661 1134 47 30 so
732 1134 97 30 war
852 1134 44 30 es
923 1117 73 46 für
1021 1117 69 47 die
1117 1116 329 48 Festbesucher
1473 1135 72 29 um
1573 1134 48 31 so
1648 1118 130 46 mehr

261 1197 98 47 eine
382 1211 152 47 grosse
561 1193 338 66 Befriedigung,
929 1195 62 47 sie
1021 1195 58 47 im
1104 1195 200 47 Theater
1328 1195 141 47 hören
1497 1212 49 30 zu
1582 1195 194 48 können.

261 1275 92 45 Das
377 1272 127 48 Haus
529 1289 95 30 war
654 1271 115 48 denn
801 1272 114 47 auch
949 1271 225 47 brechend
1207 1272 102 56 voll,
1342 1271 90 48 und
1459 1272 200 64 Applaus
1686 1271 90 48 und

259 1350 256 48 Hervorruf
553 1348 167 65 folgten
756 1348 153 65 jedem
943 1348 225 65 Abgange
1212 1348 80 47 der
1336 1365 184 48 grossen
1559 1350 189 47 dramati-

257 1427 134 48 schen
422 1427 235 64 Sängerin.
708 1427 121 47 Herr
862 1427 388 47 Kindermann
1285 1427 53 46 ist
1366 1427 161 47 immer
1558 1427 114 47 noch
1705 1428 69 46 ein

257 1512 132 56 guter
420 1506 101 47 Don
548 1505 235 55 Giovanni,
816 1503 90 49 und
936 1503 69 49 die
1035 1520 162 32 sonore
1228 1503 189 49 Stimme
1449 1503 134 49 wirkt
1614 1505 134 48 beson-

257 1581 101 48 ders
388 1582 42 47 in
462 1581 82 48 den
570 1581 265 48 Ensembles
864 1582 154 47 schön.
1065 1582 113 46 Dass
1211 1582 118 46 Frau
1365 1582 128 47 Diez
1524 1582 71 47 die
1628 1582 147 47 Elvira

257 1675 127 48 sang,
428 1657 69 48 die
532 1673 100 32 man
678 1658 62 47 oft
783 1657 113 48 auch
929 1658 80 47 auf
1033 1666 137 56 guten
1205 1658 189 47 Bühnen
1426 1660 353 63 vernachlässigt

256 1734 130 59 sieht,
417 1751 94 32 war
541 1736 68 47 ein
641 1751 176 47 grosser
850 1736 201 47 Vortheil
1085 1737 74 44 für
1190 1734 78 49 das
1300 1736 175 56 Ganze;
1508 1737 115 47 auch
1657 1737 121 47 Herr

260 1812 145 49 Grill
455 1828 112 49 sang
613 1812 84 49 den
739 1814 103 47 Don
885 1813 183 48 Ottavio
1111 1812 122 49 nicht
1282 1813 117 48 bloss
1444 1822 96 56 gut,
1582 1814 194 47 sondern

259 1897 163 41 wusste
466 1891 114 47 auch
635 1888 161 61 dieser,
839 1906 84 32 von
967 1889 84 49 den
1097 1891 359 48 Concert-Arien
1501 1891 278 64 abgesehen,

262 1967 328 48 undankbaren
632 1968 130 48 Rolle
805 1968 68 47 ein
918 1968 211 65 gewisses
1174 1968 220 47 Interesse
1438 1986 51 30 zu
1536 1969 243 49 verleihen.

257 2044 64 47 Im
353 2044 181 49 Ganzen
690 2060 60 40 es,
791 2044 242 49 besonders
1073 2046 57 47 im
1173 2052 146 41 ersten
1352 2047 128 54 Acte,
1525 2047 99 47 eine
1654 2047 100 63 glän-

256 2121 137 49 zende
425 2122 303 63 Vorstellung.

468 2369 163 72 König
671 2371 163 54 Enzio.
905 2372 128 72 Oper
1075 2390 95 37 von
1211 2372 47 55 J.
1301 2373 47 54 J.
1394 2372 165 56 Abert.

364 2507 55 47 Je
448 2504 212 66 geringer
692 2513 131 42 unter
852 2507 85 48 den
962 2508 253 65 jährlichen
1242 2509 424 65 Opern-Novitäten
1698 2508 80 50 der

255 2583 244 49 deutschen
531 2582 190 49 Bühnen
753 2583 70 49 die
851 2585 113 49 Zahl
994 2585 349 50 einheimischer
1374 2587 301 63 Erzeugnisse
1707 2587 68 58 ist,

255 2660 90 50 und
382 2660 46 65 je
468 2660 193 49 seltener
703 2662 120 48 eines
852 2663 81 48 der
969 2663 212 48 letzteren
1220 2664 114 48 über
1376 2664 72 47 die
1481 2664 175 57 Bühne,
1700 2665 82 47 auf

256 2737 195 49 welcher
494 2752 45 32 es
579 2737 99 48 eine
708 2739 139 48 locale
879 2740 196 65 Geltung
1108 2740 121 59 fand,
1274 2740 158 49 hinaus
1464 2740 189 58 kommt,
1699 2759 75 31 um

254 2832 47 33 so
343 2831 132 48 reger
517 2831 120 31 muss
678 2815 91 49 sich
814 2817 71 48 die
914 2818 146 47 Kritik
1093 2818 84 48 den
1219 2836 148 31 neuen
1401 2819 373 66 Erscheinungen

255 2894 80 48 auf
359 2893 100 48 dem
494 2890 189 51 Gebiete
726 2893 80 48 der
848 2894 334 50 dramatischen
1214 2897 146 47 Musik
1390 2897 42 47 in
1467 2898 307 48 Deutschland

254 2969 263 57 zuwenden,
548 2985 75 31 um
655 2969 79 48 das
764 2972 205 48 Unrecht
998 2972 80 48 der
1107 2989 187 47 grossen
1327 2974 208 56 Bühnen,
1580 2974 69 48 die
1680 2975 96 47 ihre

255 3048 156 48 Kräfte
440 3045 92 50 und
556 3046 185 50 Schätze
772 3049 138 48 leider
940 3052 327 62 vorzugsweise
1299 3050 85 49 den

255 3125 156 65 Opern
437 3123 212 58 widmen,
680 3126 268 64 wenigstens
980 3128 170 63 einiger
1176 3129 207 47 Maassen
1416 3129 167 47 wieder
1613 3138 81 53 gut
1722 3147 51 30 zu

255 3203 203 48 machen.
491 3201 69 47 Da
584 3200 68 48 die
670 3203 423 49 Niederrheinische
1113 3206 368 64 Musik-Zeitung
1506 3205 141 50 durch
1674 3223 75 32 aus-

256 3280 222 48 führliche
512 3280 381 66 Besprechungen
924 3283 79 47 der
1482 3285 80 46 der
1604 3286 140 54 „Lore-

379 3374 41 31 u.
448 3373 34 32 s.
514 3372 53 31 w.
607 3372 82 33 von
735 3359 114 47 allen
895 3360 339 48 musicalischen
1266 3361 312 49 Zeitschriften
1623 3363 150 47 diesen

256 3434 250 48 Grundsatz
552 3449 70 32 am
668 3436 184 47 meisten
893 3436 293 50 thatsächlich
1224 3454 334 48 angenommen
1592 3439 92 57 hat,
1726 3457 48 30 so

256 3511 111 49 wird
397 3513 61 47 sie
489 3511 113 49 auch
633 3511 84 49 den
759 3514 238 65 folgenden
1027 3516 151 47 Zeilen
1219 3516 113 47 über
1371 3516 223 49 Abert's
1634 3519 105 55 „Kö-

255 3589 88 65 nig
623 3589 88 47 und
755 3590 157 48 dessen
945 3593 359 63 Aufführungen
1343 3594 41 47 in
1414 3594 228 65 Stuttgart
1681 3595 92 47 und

255 3666 253 50 Karlsruhe
538 3665 85 48 den
656 3667 145 50 Baum
834 3669 119 48 nicht
983 3687 233 48 versagen.

372 3745 94 47 Der
491 3744 280 63 Componist,
801 3761 45 32 es
871 3746 52 47 ist
946 3747 145 56 wahr,
1116 3747 116 64 zeigt
1257 3746 150 48 bisher
1437 3747 121 49 nicht
1588 3749 157 48 hervor-

255 3820 241 49 stechende
527 3820 307 66 Originalität,
881 3840 48 31 er
966 3825 108 63 geht
1115 3825 40 47 in
1197 3825 85 47 den
1314 3826 178 64 Spuren
1526 3826 248 64 Wagner's

258 3897 87 49 und
369 3899 330 64 Meyerbeer's;
731 3900 131 47 allein
893 3901 213 65 Hingabe
1135 3919 56 30 an
1227 3902 241 47 Vorbilder
1500 3902 50 49 ist
1581 3904 79 48 der
1693 3921 54 31 un-

258 3976 312 48 vermeidliche
603 3976 123 65 Weg
767 3977 75 47 für
872 3976 69 50 die
971 3980 113 47 noch
1108 3980 144 65 junge
1285 3980 146 56 Kraft,
1474 3980 76 47 für
1581 3981 79 48 das
1691 3999 56 32 un-

260 4050 220 66 befangen
509 4054 260 48 schaffende
799 4055 176 56 Talent,
1009 4056 89 48 und
1129 4059 200 47 erinnert
1360 4074 101 32 man
1493 4059 90 47 sich
1616 4075 56 32 an
1704 4059 71 49 die

1856 271 446 63 Unselbständigkeit
2346 271 88 49 und
2480 271 84 49 den
2598 274 182 63 Mangel
2811 290 55 31 an
2898 275 290 64 Originalität
3219 275 42 47 in
3291 274 87 48 den

1856 356 149 40 ersten
2037 349 156 65 Opern
2237 367 187 30 unserer
2465 354 205 58 grössten
2703 353 198 54 Meister,
2943 369 49 31 so
3039 351 111 49 wird
3192 368 103 32 man
3337 369 46 31 es

1859 425 266 47 bedenklich
2160 425 169 58 finden,
2360 426 115 47 über
2499 428 100 47 eine
2626 428 334 64 schöpferische
2983 429 203 48 Zukunft
3214 429 57 48 da
3300 429 55 49 ab-

1855 503 298 54 zuurteilen,
2185 519 70 32 wo
2288 519 102 31 man
2424 504 201 47 Beweise
2661 506 121 46 eines
2814 505 316 48 bedeutenden
3163 505 212 48 Talentes

1855 579 291 47 anerkennen
2174 595 133 32 muss.
2343 580 81 47 Die
2447 580 423 65 Erfindungsgabe,
2901 583 72 47 die
2995 583 110 54 sich,
3135 581 245 65 gebunden

1855 656 220 47 vielleicht
2115 656 143 47 durch
2292 656 187 47 Vorbild
2527 657 89 47 und
2650 659 320 54 Gewohnheit,
3013 660 115 48 noch
3175 659 121 48 nicht
3338 660 44 47 in

1855 734 85 45 den
1985 750 185 47 grossen
2216 736 194 46 Formen
2454 735 78 47 des
2564 736 181 47 Ganzen
2794 736 276 48 bemerklich
3116 737 169 56 macht,
3327 737 56 49 ist

1854 810 270 63 gleichwohl
2151 810 42 47 in
2218 810 193 48 Melodie
2437 811 87 47 und
2552 812 358 47 Charakteristik
2946 814 434 48 bemerkenswerth.

1856 889 90 45 Das
1979 887 272 49 melodische
2280 889 206 47 Element
2518 890 94 47 tritt
2640 908 119 30 zwar
2792 891 121 47 nicht
2942 892 240 64 allgemein
3214 891 93 47 und
3337 891 42 48 in

1852 964 135 47 leicht
2019 964 226 48 fasslicher
2272 966 134 46 Form
2439 967 41 45 in
2512 965 85 48 den
2623 967 347 65 Vordergrund,
3003 985 92 31 was
3125 985 99 31 zum
3251 969 128 47 Theil

1854 1042 78 46 mit
1962 1041 101 48 dem
2096 1042 193 49 Streben
2321 1044 113 47 nach
2466 1042 270 66 Vertiefung
2774 1047 451 63 zusammenhangen
3258 1063 122 47 mag,

1851 1118 116 47 doch
2001 1120 131 47 fallen
2165 1120 146 63 einige
2344 1120 246 48 besonders
2620 1121 124 65 innig
2767 1124 258 62 gelungene
3051 1122 324 59 Musikstücke,

1854 1195 82 48 wie
1967 1195 78 48 das
2076 1196 211 57 Quintett
2327 1196 80 47 der
2447 1197 275 64 Sargscene:
2777 1199 140 54 „Leb'
2947 1200 139 54 wohl,
3124 1200 85 47 leb'
3243 1200 136 56 wohl,

1851 1273 83 47 auf
1959 1273 135 47 kurze
2306 1273 80 47 der
2428 1275 298 48 Schlusschor
2769 1276 237 48 desselben
3039 1279 157 47 Actes:
3238 1279 112 54 „Mei-

1851 1366 102 31 nem
1985 1350 228 48 Schicksal
2246 1352 87 46 will
2364 1352 68 47 ich
2717 1353 70 46 die
2820 1353 239 49 Cavatine:
3110 1355 143 56 „Ach,
3285 1370 93 32 was

1850 1428 138 46 sollen
2007 1427 101 48 dem
2506 1430 91 47 und
2623 1430 148 64 einige
2791 1431 165 47 Duette
2981 1447 83 32 von
3089 1447 108 32 vorn
3224 1431 156 48 herein

1855 1505 373 64 bedeutungsvoll
2263 1506 63 47 ins
2357 1506 101 48 Ohr
2504 1507 89 47 und
2636 1508 241 63 gewinnen
2909 1510 41 45 in
2981 1508 124 47 ihrer
3138 1508 215 49 Verarbei-

1852 1591 112 55 tung
1995 1583 128 47 einen
2159 1585 302 62 ungemeinen
2493 1586 121 53 Reiz,
2646 1585 90 48 und
2768 1586 202 63 zugleich
3003 1586 140 48 findet
3175 1604 102 30 man
3310 1586 70 48 bei

1852 1676 256 47 genauerer
2136 1661 353 48 Bekanntschaft
2518 1663 79 46 mit
2626 1662 80 48 der
2730 1663 128 64 Oper
2889 1663 71 47 die
2992 1663 216 57 Melodik,
3238 1663 70 49 die
3337 1663 43 49 in

1854 1737 180 48 Abert's
2077 1740 162 53 „Anna
2266 1755 86 32 von
2717 1741 113 47 noch
2863 1756 204 50 sparsam
3101 1759 110 39 war,
3243 1741 110 48 über-

1855 1814 141 65 haupt
2025 1814 41 49 in
2098 1816 184 47 vielfach
2317 1816 285 57 wirksamer,
2644 1818 451 49 charakteristischer
3135 1818 89 49 und
3266 1818 92 49 indi-

1852 1891 146 48 viduel
2032 1892 307 65 aneignender
2371 1893 177 57 Weise,
2580 1910 132 31 wenn
2743 1894 114 47 auch
2890 1896 64 47 oft
2981 1912 84 31 von
3098 1894 80 49 der
3206 1897 150 46 Instru-

1856 1969 248 49 mentation
2137 1969 267 55 überdeckt,
2440 1971 72 47 die
2542 1972 312 48 musicalische
2886 1973 299 65 Darstellung
3214 1973 139 48 durch-

1851 2047 206 57 ziehend,
2178 2048 68 47 ein
2278 2048 240 57 Umstand,
2561 2048 80 48 der
2670 2051 44 47 in
2757 2067 191 32 unseren
2981 2052 164 63 Augen
3188 2051 69 48 bei
3303 2051 81 49 der

1854 2126 329 62 vorzugsweise
2240 2126 320 48 harmoniösen
2613 2126 407 66 (Wagner'schen)
3078 2128 305 65 Behandlung

1855 2201 79 47 der
1964 2202 128 65 Oper
2124 2202 245 48 besonders
2399 2203 67 47 ins
2496 2203 207 48 Gewicht
2743 2204 109 49 fällt.
2912 2206 113 47 Dass
3055 2204 70 49 die
3155 2204 200 65 Subjecti-

1854 2279 105 47 vität
1988 2279 78 49 des
2098 2279 321 65 Componisten
2463 2282 41 47 in
2548 2282 125 47 einer
2702 2282 221 63 gewissen
2955 2283 220 65 lyrischen
3211 2283 145 48 Einsei-

1854 2357 158 63 tigkeit
2034 2358 315 57 vorherrsche,
2382 2359 84 47 wie
2489 2358 82 47 wir
2595 2358 240 50 anderswo
2861 2361 197 63 gelesen,
3089 2361 181 48 können
3296 2361 82 48 wir

1854 2434 123 47 nicht
2009 2433 277 66 bestätigen;
2330 2435 216 47 vielmehr
2578 2435 151 49 finden
2762 2437 81 48 wir
2881 2437 172 65 gerade
3089 2437 70 48 die
3191 2437 159 48 Liebes-

1850 2527 180 42 scenen,
2086 2512 80 47 mit
2208 2513 267 48 Ausnahme
2517 2512 77 49 des
2636 2514 201 47 schönen
2884 2515 161 46 Duetts
3088 2515 57 46 im
3191 2515 189 49 zweiten

1852 2589 134 48 Acte:
2028 2589 70 57 „0
2127 2590 127 64 selig,
2288 2608 128 31 wenn
2448 2590 42 49 in
2520 2592 140 47 stiller
2898 2592 122 48 nicht
3041 2593 160 65 lyrisch
3227 2609 155 49 genug

1851 2665 230 64 gehalten,
2105 2667 121 48 nicht
2251 2668 78 47 mit
2350 2667 82 49 der
2456 2668 191 48 frischen
2673 2669 132 48 Kraft
2835 2669 91 47 und
2957 2669 270 65 Vertiefung
3256 2687 93 32 com-

1850 2744 165 64 ponirt,
2067 2744 84 47 wie
2194 2744 78 50 das
2312 2745 130 47 mehr
2482 2747 165 47 Ernste
2692 2745 91 49 und
2815 2745 453 66 Charaktermässige
3300 2747 82 48 der

1854 2822 142 63 Oper.
2054 2823 221 63 Dagegen
2307 2822 177 49 denken
2517 2823 99 60 wir,
2660 2823 102 48 dass
2791 2842 50 29 zu
2874 2824 81 47 der
2984 2825 264 47 erwähnten
3282 2825 63 47 An-

1849 2899 113 47 sicht
2005 2899 71 47 die
2120 2918 82 29 uns
2244 2902 189 47 verfehlt
2484 2902 273 47 scheinende
2799 2902 308 64 Composition
3154 2904 225 47 einzelner

1852 2977 160 46 Piecen
2044 2978 163 47 Anlass
2251 2978 207 63 gegeben
2505 2978 135 56 habe,
2687 2979 150 48 wohin
2871 2982 81 44 wir
2983 2988 132 41 unter
3144 2980 231 49 Anderem

1850 3053 77 48 das
1959 3054 132 65 völlig
2125 3055 134 47 leicht
2286 3055 242 64 gehaltene
2551 3057 373 48 Schreckenslied
2951 3058 198 47 Gaddo's
3180 3058 58 47 im
3265 3058 89 47 vier-

1849 3139 73 41 ten
1949 3133 112 47 Acte
2092 3133 224 48 rechnen:
2358 3135 119 55 „Des
2499 3135 148 62 Tages
2673 3135 129 46 Licht
2824 3135 173 49 scheint
3018 3135 126 49 nicht

1852 3209 83 47 Die
1969 3210 292 64 Hauptsache
2305 3210 113 48 aber
2461 3210 174 48 scheint
2677 3228 82 30 uns
2804 3211 78 47 der
2912 3213 223 48 Umstand
3178 3231 51 29 zu
3266 3213 113 58 sein,

1849 3286 116 58 dass,
2011 3288 153 47 solche
2195 3289 298 47 Ausnahmen
2534 3289 326 65 abgerechnet,
2908 3290 71 47 die
3008 3289 220 66 objective
3261 3291 85 47 Hin-

1849 3364 118 63 gabe
1997 3364 78 48 des
2108 3366 322 65 Componisten
2476 3383 55 30 an
2579 3366 70 47 die
2696 3368 204 54 Scene,
2943 3366 79 50 das
3051 3369 214 55 Streben,
3307 3368 72 48 die

1847 3441 224 49 Situation
2098 3460 49 31 zu
2174 3444 381 47 charakterisiren
2580 3444 89 48 und
2705 3444 64 48 bis
2794 3445 40 47 in
2858 3445 98 47 ihre
2979 3446 401 64 Verschlungenste

1849 3520 265 64 Bewegung
2143 3539 51 29 zu
2228 3523 169 47 reinem
2426 3521 241 49 Ausdruck
2691 3540 50 30 zu
2776 3523 208 64 bringen,
3016 3523 239 48 erfreulich
3288 3524 91 47 und

1847 3596 271 64 erfolgreich
2151 3599 274 48 hervortritt.
2484 3600 113 47 Hier
2626 3600 174 47 scheint
2832 3617 81 30 uns
2942 3600 71 47 die
3045 3600 304 66 Hauptbedeu-

1847 3681 112 56 tung
1992 3674 89 48 und
2114 3675 80 48 der
2226 3676 143 49 Beruf
2395 3678 76 47 des
2503 3678 327 64 Componisten
2876 3694 51 31 zu
2966 3678 163 64 liegen,
3175 3679 90 48 und
3296 3679 84 47 wir

1847 3751 245 48 erwähnen
2134 3755 63 46 als
2227 3754 315 66 Glanzpunkte
2587 3755 40 47 in
2679 3755 148 47 dieser
2858 3755 209 48 Hinsicht
3112 3756 79 49 das
3224 3756 155 49 Finale

1847 3829 77 48 des
1954 3829 187 49 zweiten
2175 3832 132 46 Actes
2339 3848 82 31 von
2452 3830 81 49 der
2566 3832 179 65 Hymne
2777 3848 80 31 an:
2914 3832 221 65 „Entsagt
3166 3834 109 48 hatt'
3307 3834 68 47 ich

1847 3907 101 47 dem
1982 3907 156 49 Thron
2170 3909 80 48 der
2717 3909 79 48 das
2827 3912 276 63 grossartige
3131 3911 245 48 Ensemble

1847 3982 80 50 der
1959 3984 302 66 Kampfscene
2305 3986 77 48 des
2425 3986 164 47 dritten
2623 3987 134 46 Actes
2802 3987 79 47 mit
2923 3986 102 50 dem
3070 3989 306 63 prachtvollen

1851 4062 173 55 Finale,
2056 4064 87 47 und
2176 4064 79 48 das
2287 4065 148 48 Gebet
2475 4065 80 47 mit
2581 4064 299 49 Schlusschor
2909 4065 78 48 des
3026 4066 169 48 vierten
3229 4069 151 53 Actes,
