3546 4386
390 155 1428 214 Niederrhciüisclie
1965 170 1148 275 Musik-Zeitung

1028 465 117 117 für
1234 468 556 119 liungffrntuiJe
1848 478 137 112 imfo
2044 475 394 122 liirastk

201 695 390 74 Herausgegeben
639 723 88 33 von
780 706 236 51 Professor
1070 704 68 58 L.
1184 705 255 80 Bischof
1518 739 65 11 —
1648 714 174 67 Verlag
1877 718 80 48 der
2008 708 87 63 Ml
2142 715 759 87 DuMont-Schauberg'schen
2944 729 374 70 Buchhandlung.

268 849 82 54 Nr.
392 851 72 53 41.

1456 851 174 80 KÖLN,
1672 865 73 55 10.
1790 864 213 56 October
2045 869 137 55 1863.

2858 879 75 55 XI.
2975 882 270 73 Jahrgang.

295 1028 226 39 Inhalt.

578 1031 80 35 Das
687 1034 134 34 zweite
846 1034 206 37 Musikfest
1079 1048 48 24 zu
1155 1038 206 35 München.
1390 1042 30 33 I.
1527 1042 164 47 König
1731 1043 159 37 Enzio.
1935 1045 100 47 Oper
2062 1058 72 23 von
2166 1049 39 36 J.
2234 1051 38 33 J.
2304 1051 128 36 Abert.
2540 1054 425 49 Beurteilungen.
3003 1058 52 38 M.
3085 1071 73 23 von
3189 1062 110 34 Asant-

195 1089 214 48 scliewsky,
454 1091 68 47 Op.
552 1090 35 47 3,
618 1092 354 46 Streich-Quartett.
1019 1098 70 46 Op.
1118 1098 36 43 4,
1185 1100 93 34 Drei
1306 1100 142 36 Stücke
1476 1103 62 33 für
1566 1103 66 34 das
1660 1103 231 38 Pianoforte.
2032 1104 165 39 Concert
2227 1110 64 34 des
2318 1111 240 37 rheinischen
2594 1114 303 47 Sängervereins.
3029 1120 174 46 Tages-
3238 1122 92 34 und

192 1150 535 49 Unterhaltungsblatt
755 1153 129 49 (Köln,
915 1157 179 36 Fräulein
1126 1158 158 37 Desire
1314 1160 113 35 Artdt
1531 1162 207 36 Frankfurt
1766 1175 59 23 am
1853 1166 118 47 Main,
2010 1166 266 48 Stadttheater,
2322 1171 95 46 „Die
2448 1172 254 37 Schwätzerin
2731 1188 74 24 von
3111 1200 40 5 -
3191 1181 123 36 Gotha

195 1209 163 34 Concert
385 1221 76 24 von
489 1212 173 47 Leopold
691 1215 183 48 Brassin).

455 1383 96 54 Das
591 1385 173 55 zweite
805 1386 262 57 Musikfest
1107 1409 61 36 zu
1208 1391 259 58 München.

949 1529 33 48 I.

311 1598 151 49 Schon
504 1602 57 48 im
592 1603 140 48 Jahre
772 1604 139 50 1855
960 1609 316 49 veranstaltete
1320 1611 71 48 die
1437 1612 256 49 musicali-

196 1675 135 49 sche
374 1678 335 60 Akademie,
753 1692 132 38 unter
914 1684 81 47 der
1026 1687 195 65 Leitung
1253 1688 76 48 des
1361 1689 115 49 auch
1511 1691 62 47 als
1603 1692 92 47 Ton-

196 1753 193 60 dichter,
421 1755 248 51 besonders
699 1758 142 49 durch
874 1762 122 48 seine
1028 1766 297 62 anmuthigen
1352 1766 375 67 Compositionen

195 1830 81 50 der
305 1833 216 49 Märchen
1354 1844 91 47 und

198 1908 260 52 bekannten
504 1914 174 48 Barons
718 1931 83 33 von
845 1918 184 58 Perfall,
1074 1919 40 47 in
1159 1920 300 67 Verbindung
1503 1924 79 47 mit
1622 1923 102 50 dem

198 1987 617 54 General-Musik-Director
839 1994 146 48 Franz
1009 1997 227 57 Lachner,
1268 1998 142 49 durch
1437 2000 97 47 ihre
1559 2000 76 47 für
1657 2002 70 48 die

195 2065 149 49 Sache
399 2067 305 66 begeisterten
759 2072 538 66 Vorstands-Mitglieder
1353 2078 70 47 ein
1473 2079 251 50 Musikfest.

195 2143 208 58 Damals,
448 2145 84 49 wie
566 2147 126 64 jetzt,
735 2149 160 48 wurde
932 2149 81 50 der
1050 2153 114 47 nach
1207 2153 100 48 dem
1342 2155 174 49 Muster
1545 2157 77 48 des
1653 2158 46 47 In-

195 2218 400 52 dustrie-Palastes
626 2224 41 47 in
697 2225 194 49 London
923 2227 191 50 erbaute
1147 2230 304 57 Glas-Palast,
1495 2233 82 48 der
1607 2234 115 48 auch

199 2295 98 48 hier
341 2298 80 47 der
465 2301 315 63 Allgemeinen
827 2304 167 47 Kunst-
1041 2307 87 47 und
1175 2308 552 67 Gewerbe-Ausstellung

196 2373 184 64 gedient
411 2375 138 59 hatte,
580 2395 52 31 zu
665 2378 101 48 dem
799 2380 134 48 Feste
965 2381 199 59 benutzt,
1197 2385 89 49 und
1318 2387 203 66 Haydn's
1556 2389 143 56 „Schö-

402 2454 190 65 erklang
623 2455 42 47 in
694 2456 154 50 seinen
880 2459 208 49 Bäumen
1121 2463 62 45 als
1215 2464 228 65 würdiges
1468 2464 149 50 Werk
1649 2465 80 49 der

198 2529 307 67 Einweihung
535 2534 126 47 einer
690 2550 149 33 neuen
871 2538 341 50 musicalischen
1239 2541 122 49 Aera
1388 2544 76 46 für
1487 2543 78 48 das
1588 2561 141 48 ganze

196 2606 203 51 südliche
417 2610 328 51 Deutschland.
779 2614 130 48 Denn
940 2616 83 49 seit
1045 2616 85 49 den
1155 2635 186 47 grossen
1366 2620 361 66 Aufführungen

196 2685 45 48 in
274 2686 138 50 Wien
444 2705 79 31 zur
549 2690 98 48 Zeit
679 2691 203 66 Haydn's
911 2694 90 48 und
1036 2695 296 50 Beethoven's
1374 2698 124 49 halte
1528 2717 122 39 man,
1680 2717 48 33 so

196 2762 82 49 viel
325 2782 82 31 uns
453 2765 218 60 bekannt,
714 2769 42 47 in
799 2787 197 33 neuerer
1032 2774 99 47 Zeit
1174 2792 85 30 nur
1302 2775 164 50 einmal
1511 2778 40 47 in
1583 2779 114 47 Zwei-

200 2839 203 50 brücken
434 2841 85 50 den
552 2846 284 63 glücklichen
872 2848 203 50 Versuch
1106 2851 229 64 gemacht,
1376 2854 71 47 die
1478 2855 222 48 norddeut-

196 2919 137 49 schen
365 2922 263 49 Musikfeste
671 2925 117 48 auch
831 2926 116 49 nach
993 2928 101 48 dem
1135 2930 153 48 Süden
1332 2949 50 29 zu
1428 2933 300 63 verpflanzen.

196 2996 262 67 Allerdings
485 3000 194 48 bildeten
706 3001 71 48 die
794 3004 346 49 ausführenden
1161 3008 173 55 Kräfte,
1352 3009 71 48 die
1448 3027 103 30 man
1583 3010 142 51 1855

195 3072 43 49 in
283 3076 228 48 München
557 3079 220 64 vereinigt
820 3080 138 60 halte,
1003 3085 114 47 noch
1164 3086 118 47 nicht
1327 3086 71 49 die
1442 3088 283 64 imposanten

195 3152 199 59 Massen,
436 3156 71 47 die
539 3173 81 31 uns
650 3157 186 49 diesmal
868 3160 80 47 mit
981 3163 255 48 Erstaunen
1272 3164 89 47 und
1396 3165 331 66 Begeisterung

195 3232 157 49 erfüllt
377 3232 174 59 haben;
576 3236 131 48 allein
732 3236 80 48 der
839 3239 156 64 Erfolg
1017 3240 96 48 that
1137 3243 83 45 auf
1236 3241 312 51 erfreulichste
1572 3245 155 48 Weise

194 3306 71 51 die
302 3310 410 67 Lebensfähigkeit
755 3314 80 48 der
878 3316 264 50 Musikfesle
1184 3320 57 47 im
1288 3320 154 47 Süden
1488 3321 98 56 dar,
1629 3339 72 31 ver-

191 3386 247 51 scheuchte
459 3390 107 65 jede
598 3392 172 49 Furcht
801 3410 77 32 vor
911 3395 266 49 lähmender
1208 3397 400 67 Gleichgültigkeit
1640 3418 82 32 von

194 3466 152 48 Seiten
378 3466 79 50 des
487 3469 264 49 Publicums
797 3472 89 47 und
932 3474 279 64 ermuthigte
1249 3476 71 47 die
1349 3477 254 49 Akademie
1645 3497 79 29 zur

194 3542 359 69 Veranstaltung
584 3546 77 48 des
690 3550 374 65 gegenwärtigen
1094 3552 187 47 zweiten
1315 3554 166 48 Festes.
1542 3556 46 46 In
1619 3556 106 47 sehr

192 3621 216 66 richtiger
443 3625 299 66 Würdigung
787 3626 80 48 der
909 3629 273 66 Bedeutung
1225 3631 79 47 der
1335 3632 263 49 Musikfeste
1649 3635 76 47 für

191 3697 71 50 die
285 3700 421 68 Aufrechthaltung
730 3705 89 48 und
848 3706 235 65 Belebung
1114 3707 77 49 des
1216 3710 301 48 Kunstsinnes
1549 3711 70 48 bei
1644 3711 79 48 der

191 3776 149 49 Masse
370 3777 83 48 der
477 3780 287 58 Gebildeten,
794 3784 258 48 erweiterte
1080 3785 64 47 sie
1168 3785 165 65 jedoch
1367 3787 85 49 den
1488 3790 129 47 Kreis
1647 3790 77 47 des

192 3855 441 52 Fest-Ausschusses
657 3860 142 49 durch
824 3862 265 65 Zuziehung
1120 3880 81 31 von
1234 3865 376 51 Kunstfreunden
1644 3885 80 31 aus

192 3932 351 51 verschiedenen
587 3937 219 59 Ständen,
859 3956 74 31 um
980 3938 203 50 dadurch
1229 3941 80 48 das
1353 3942 151 50 Ganze
1549 3945 62 48 als
1654 3946 69 47 ein

192 4010 131 48 mehr
355 4012 89 47 und
478 4013 130 47 mehr
650 4031 83 33 von
773 4017 100 48 dem
916 4017 376 50 kunslliebenden
1327 4021 158 48 Theile
1527 4022 81 50 der
1642 4025 54 47 Be-

191 4087 254 66 völkerung
488 4096 273 60 getragenes
806 4096 343 48 Unternehmen
1196 4097 292 50 hinzustellen
1542 4100 91 48 und
1676 4118 48 31 so

1803 1383 99 49 eine
1959 1383 175 50 sichere
2181 1386 316 66 Begründung
2554 1391 290 66 regelmässig
2900 1395 425 53 wiederkehrender

1804 1461 260 48 Musikfeste
2093 1462 317 50 anzubahnen.
2476 1466 125 48 Nach
2633 1466 102 49 dem
2768 1470 415 66 überwältigenden
3216 1476 79 47 Ein-

1801 1538 173 48 drucke
2022 1539 82 49 der
2154 1542 364 65 Ausführungen
2570 1545 141 48 durch
2770 1547 297 51 künstlerisch
3123 1553 198 65 tüchtige

1800 1617 159 47 Kräfte
1996 1617 43 47 in
2072 1618 193 56 Massen,
2311 1621 83 47 wie
2436 1622 62 47 sie
2529 1622 118 48 wohl
2692 1625 114 47 noch
2840 1626 69 48 bei
2943 1627 173 48 keinem
3149 1630 140 48 Musik-

1801 1693 109 48 feste
1938 1693 42 48 in
2016 1696 306 48 Deutschland
2354 1699 217 65 vereinigt
2609 1717 208 47 gewesen
2854 1703 113 56 sind,
3005 1706 200 48 zweifeln
3236 1708 83 47 wir

1800 1772 138 53 nicht,
1982 1772 101 48 dass
2126 1772 145 49 dieser
2303 1774 206 50 Wunsch
2553 1778 41 47 in
2624 1779 249 65 Erfüllung
2911 1782 146 64 gehen
3103 1785 89 47 und
3234 1785 79 48 das

1800 1848 281 50 münchener
2112 1851 105 47 Fest
2257 1851 106 55 „das
2396 1853 283 65 Wiegenfest
2722 1857 227 65 künftiger
2991 1860 327 50 süddeutscher

2134 1928 182 48 werden
2350 1929 127 50 wird.

1916 2006 94 47 Der
2035 2006 265 63 ungeheure
2317 2008 148 47 Raum
2492 2008 57 48 im
2571 2009 311 51 Glas-Palaste
2901 2028 94 32 war
3018 2014 141 49 durch
3186 2016 128 48 einen

1796 2082 183 48 starken
2011 2083 237 66 Vorhang,
2280 2084 79 49 der
2389 2086 70 48 die
2490 2088 97 47 eine
2620 2088 149 48 Hälfte
2799 2089 77 49 des
2907 2092 306 63 Langschiffes
3244 2093 72 59 da,

1797 2176 70 30 wo
1899 2176 44 30 es
1974 2159 79 48 das
2083 2160 269 59 Querschiff
2374 2163 126 55 trifft,
2538 2181 84 32 von
2655 2166 165 48 diesem
2866 2167 87 48 und
2996 2168 79 48 der
3114 2171 200 48 anderen

1797 2237 152 48 Hälfte
1966 2237 247 58 abschloss,
2231 2239 231 57 verkürzt;
2483 2241 206 49 dennoch
2717 2243 164 50 bildete
2905 2244 143 49 dieser
3074 2247 241 65 begränzte

1796 2315 150 47 Raum
1980 2315 80 47 mit
2088 2317 151 47 seinen
2274 2317 160 48 beiden
2476 2319 114 49 über
2631 2321 217 49 einander
2878 2323 318 50 hinlaufenden
3230 2327 58 47 Ga-

1799 2392 165 47 lerieen
2010 2393 160 47 immer
2214 2394 114 48 noch
2374 2395 127 49 einen
2545 2397 122 56 Saal,
2716 2398 78 48 der
2838 2417 53 31 an
2943 2399 65 50 10
3015 2401 301 58 —15,000

1799 2470 245 47 Menschen
2077 2470 194 66 bequem
2316 2472 141 49 fassen
2490 2474 166 48 konnte
2702 2477 86 47 und
2820 2478 39 46 in
2892 2477 118 58 dem,
3041 2479 252 49 einschliess-

1799 2547 82 47 lich
1916 2547 78 47 der
2017 2548 367 60 Mitwirkenden,
2415 2550 113 49 auch
2558 2552 29 48 5
2595 2552 248 50 —6000
2873 2555 240 49 anwesend
3146 2573 169 41 waren,

1800 2624 170 48 welche
2001 2624 80 48 der
2110 2625 138 50 leider
2271 2627 137 48 schon
2432 2629 80 47 seit
2538 2629 180 65 Freitag
2750 2630 382 66 herabgiessende
3158 2635 155 65 Regen

1799 2703 120 47 nicht
1961 2703 240 65 gehindert
2248 2705 137 56 hatte,
2421 2723 52 31 zu
2515 2708 277 49 erscheinen.
2849 2713 70 44 An
2951 2710 78 49 der
3060 2712 147 63 Spitze
3236 2712 79 49 der

1797 2780 209 49 Zuhörer
2037 2782 265 49 bemerkten
2333 2783 83 48 wir
2445 2783 85 49 den
2563 2787 150 63 König
2744 2787 210 66 Ludwig,
2986 2788 79 48 der
3089 2792 69 45 nie
3191 2790 123 55 fehlt,

1799 2876 71 30 wo
1900 2876 45 30 es
1975 2859 95 63 gilt,
2114 2860 99 47 eine
2244 2862 345 64 Kunstleistung
2633 2867 344 47 anzuerkennen
3023 2867 86 47 und
3153 2884 48 31 zu
3244 2886 45 30 er-

1799 2936 254 64 muthigen,
2086 2936 87 47 und
2206 2938 84 47 den
2323 2939 186 47 Prinzen
2540 2939 235 50 Adalbert.

1916 3015 83 46 Die
2030 3014 259 49 Tonbühne
2326 3016 143 49 erhob
2504 3016 90 49 sich
2634 3034 70 31 am
2739 3019 127 47 Ende
2896 3018 76 49 des
3004 3020 309 66 Langschiffes

1795 3091 325 66 stufenförmig
2149 3109 173 48 empor,
2347 3094 193 63 gekrönt
2565 3110 80 32 von
2671 3095 78 47 der
2773 3096 160 64 Orgel,
2962 3098 144 48 einem
3137 3099 174 50 Werke

1796 3166 76 50 des
1903 3169 316 65 Orgelbauers
2246 3171 91 46 Jos.
2371 3171 186 54 Frosch,
2594 3173 192 48 welches
2817 3174 244 49 besonders
3089 3176 42 46 in
3161 3178 149 47 seinen

1796 3248 201 47 weichen
2029 3248 238 63 Registern
2302 3249 67 47 bei
2401 3249 269 66 Begleitung
2702 3251 77 47 der
2810 3253 245 48 Recitative
3085 3254 88 47 und
3205 3255 81 47 stel-

1796 3324 210 48 lenweise
2036 3324 80 48 der
2145 3325 308 65 Sologesänge
2483 3328 104 47 sehr
2617 3329 137 47 schön
2787 3330 176 57 wirkte,
3000 3331 40 47 in
3071 3330 85 48 den
3189 3331 91 50 Chö-

1796 3418 79 32 ren
1908 3403 223 63 hingegen
2166 3403 75 47 für
2270 3403 70 48 die
2370 3405 272 64 gewaltigen
2666 3406 177 47 Massen
2874 3406 40 49 in
2940 3408 249 48 Orchester
3221 3410 89 47 und

1797 3479 122 49 Chor
1943 3480 121 47 hätte
2087 3480 215 65 kräftiger
2326 3480 336 67 durchdringen
2695 3483 193 49 können.
2925 3485 115 48 Was
3070 3486 56 47 im
3154 3486 131 49 Uebri-

1796 3575 85 47 gen
1930 3557 85 49 den
2062 3559 148 65 Klang
2267 3559 259 66 überhaupt
2570 3560 184 57 betrifft,
2803 3578 49 32 so
2895 3563 172 64 zeigten
3109 3564 89 48 sich
3244 3564 69 48 die

1799 3636 500 57 Raum-Verhältnisse,
2331 3638 169 48 welche
2524 3639 220 47 natürlich
2769 3640 265 48 ausserhalb
3066 3643 106 45 aller
3202 3643 82 47 aku-

1795 3714 193 48 stischen
2015 3714 304 64 Berechnung
2344 3715 262 48 entstanden
2634 3731 171 42 waren,
2836 3716 113 50 doch
2984 3719 119 47 recht
3135 3720 180 65 günstig

1796 3790 154 56 dafür,
1990 3791 209 47 wiewohl
2247 3791 166 48 freilich
2457 3792 119 47 nicht
2606 3794 146 63 gleich
2793 3795 283 47 vortheilhaft
3113 3810 54 33 an
3200 3796 114 47 allen

1797 3870 233 55 Punkten;
2076 3870 271 47 namentlich
2393 3885 95 32 war
2533 3870 70 47 die
2641 3886 49 32 so
2730 3880 224 56 genannte

1799 3946 280 65 keineswegs
2105 3955 148 41 ersten
2279 3949 180 62 Ranges
2486 3947 73 47 für
2584 3947 85 49 den
2695 3950 165 62 Klang,
2891 3949 77 48 der
2994 3950 39 47 in
3057 3949 80 48 der
3163 3952 153 47 Arena

1797 4024 77 48 des
1907 4025 198 47 Palastes
2151 4025 87 47 und
2283 4041 77 31 vor
2403 4025 148 47 Allem
2596 4026 82 47 auf
2714 4026 79 48 der
2832 4027 185 47 zweiten
3061 4027 257 64 (höchsten)

1799 4102 181 49 Galerie
2022 4102 70 47 ein
2140 4101 225 50 wahrhaft
2410 4106 242 61 pompöser
2698 4104 86 47 und
2831 4104 247 49 besonders
3122 4106 75 48 für
3240 4106 78 48 das

3018 4184 66 48 41
