5153 6929
196 6741 76 38 114

268 201 104 48 Der
410 201 196 52 Frosch
648 205 180 56 schlug
868 205 251 57 kopfüber
1157 239 64 7 —
1260 207 313 52 Dreckloch!
1619 240 62 5 —

166 289 110 48 und
305 284 84 60 lag
415 288 101 48 wie
542 293 75 45 tot
642 291 71 46 im
737 322 65 5 —
831 289 339 51 Dreckloch!!
1203 325 64 7 —-
1292 294 101 50 den
1426 295 252 47 rasierten

172 368 178 51 Bauch
388 385 64 34 an
487 374 93 48 der
617 372 132 59 Luft,
787 376 102 47 wie
928 377 145 48 einen
1114 375 221 51 blanken
1376 375 302 51 Sterntaler.

271 454 157 56 „Was
475 457 125 54 liegt
647 459 47 47 in
751 460 88 46 der
886 458 173 50 Luft?'
1064 460 10 18 4
1128 460 90 49 der
1268 460 178 56 Knabe
1497 460 185 49 wurde

174 538 104 50 voll
318 538 226 57 Unruhe,
582 539 75 50 als
694 555 54 35 er
785 545 97 47 den
915 543 166 49 fetten
1117 543 279 50 Leichnam
1437 544 210 50 schwim-

173 634 120 36 men
344 623 107 48 sah.
516 624 215 49 Schicks
780 625 193 51 Bauch.
1037 628 69 50 Es
1153 628 171 49 mußte
1373 632 167 45 etwas
1591 642 61 36 un-

169 705 242 50 heimlich
443 708 318 50 Tückisches
797 714 101 47 und
932 710 306 52 Schlimmes
1274 714 267 56 passieren
1575 750 11 12 .
1621 752 11 9 .
1669 750 10 9 .

174 803 55 35 er
263 791 145 48 hatte
444 792 107 49 sich
585 809 63 34 zu
684 794 119 48 sehr
838 795 262 50 hinreißen
1139 798 188 48 lassen.

268 887 174 56 „Noch
743 892 179 50 drehte
953 892 108 51 sich
1089 896 97 47 der
1218 894 196 49 Frosch
1442 893 238 59 langsam

174 976 101 45 und
305 974 212 54 sprach:
553 975 163 56 „noch
750 978 184 48 einmal
963 977 104 49 will
1099 979 78 47 ich
1210 978 122 50 dir's

172 1055 116 49 Den
335 1057 215 55 Knaben
598 1060 323 50 überschlich
967 1064 77 47 ein
1089 1075 133 40 ganz
1266 1062 414 50 wachsweiches

175 1139 201 51 Gefühl.
422 1140 146 53 Nach
600 1146 138 47 einer
771 1144 184 56 Pause,
990 1148 49 45 in
1073 1145 90 49 der
1196 1160 55 34 er
1284 1148 109 47 sich
1426 1147 97 48 den
1554 1147 124 48 Leib

170 1224 55 47 in
274 1227 79 46 die
401 1226 141 56 Lage
593 1227 176 56 schob,
818 1228 112 50 fuhr
981 1228 187 50 Schick
1216 1229 105 52 fort
1365 1230 118 56 „leih,
1527 1230 151 55 weiß,

169 1320 116 36 wer
333 1311 111 48 dich
493 1325 170 42 gegen
706 1311 134 49 mich
885 1311 298 56 aufgehetzt
1393 1355 12 9 .
1452 1351 11 10 .
1513 1353 10 9 .
1575 1316 103 47 Der

172 1390 182 55 Knabe
393 1394 177 49 wollte
609 1410 116 34 was
763 1410 177 42 sagen,
979 1397 124 48 aber
1141 1412 56 35 es
1238 1401 121 53 ging
1397 1398 156 51 'nicht.

590 1477 188 52 Schick
823 1479 178 50 leierte
1047 1495 56 35 es
1146 1484 101 46 wie
1296 1482 90 49 der
1431 1482 248 49 Ausrufer

175 1559 217 55 „Pflicht
443 1565 138 47 eines
631 1563 149 52 jeden
829 1568 159 50 guten
1032 1565 231 50 Dörflers
1313 1568 66 46 ist
1445 1581 73 40 es,
1581 1565 99 49 den

173 1643 248 51 Stadtsee
474 1662 62 33 zu
585 1648 204 47 meiden
837 1649 102 48 und
986 1648 110 49 sich
1146 1648 391 51 ausschließlich
1588 1653 92 44 mit

174 1728 121 48 dem
323 1729 337 51 Froschteich
691 1731 74 52 als
796 1731 105 49 See
931 1747 64 33 zu
1339 1771 95 12 ...
1470 1747 55 35 er
1558 1733 122 51 hielt

173 1813 118 47 inne
331 1817 101 46 und
472 1816 184 54 saugte
698 1814 120 51 Luft
859 1830 79 34 an.

268 1896 105 48 Der
409 1898 177 54 Knabe
625 1899 193 50 kannte
863 1902 109 47 dies
1015 1900 305 58 Ortsstatut,
1364 1915 55 37 er
1459 1916 113 34 war
1613 1906 66 45 im

172 1979 245 57 Unrecht,
453 1995 58 36 so
547 1981 388 59 aufzumucken,
967 1986 105 48 und
1105 1985 232 55 schwieg
1371 1985 146 56 stille,
1549 1986 129 54 froh,

175 2063 97 48 daß
328 2064 90 47 der
472 2065 197 50 Frosch
728 2069 176 49 seinen
960 2068 463 58 Unglücksspiegel
1482 2070 195 48 wieder

173 2149 325 53 eingesteckt
527 2149 159 50 hatte.

268 2244 293 58 „Zweitens
565 2247 27 20 44
622 2251 94 51 der
753 2249 197 49 Frosch
987 2265 113 34 war
1139 2253 94 48 mit
1268 2252 119 48 dem
1422 2250 258 50 Eindruck

170 2328 281 58 zufrieden,
491 2344 54 39 er
580 2332 104 58 bog
724 2336 94 52 ein,
857 2337 233 55 „sagtest
1130 2334 66 49 du
1233 2337 210 55 soeben,
1479 2336 94 49 daß
1610 2336 70 48 du

173 2426 97 34 vor
300 2417 95 45 mir
427 2416 168 53 Angst
625 2415 197 50 hattest
852 2456 11 9 .
899 2455 11 10 .
945 2455 11 10 .
990 2414 311 54 stimmt's?"

456 2503 148 53 sagte
649 2501 92 47 der
780 2501 177 55 Knabe
1000 2501 221 58 zaghaft.

270 2582 137 54 „Das
457 2597 111 34 war
616 2583 189 50 töricht
852 2599 110 34 von
1017 2586 90 55 dir,
1163 2587 64 48 du
1277 2586 197 50 hättest
1520 2586 161 50 schon

174 2663 151 56 lange
365 2682 61 34 zu
469 2669 94 46 mir
603 2669 245 48 kommen
887 2669 220 50 könften.
1162 2670 145 54 Reue
1346 2669 212 51 schätze
1601 2671 80 49 ich

391 2751 129 47 Dem
549 2750 214 52 Knaben
796 2754 194 48 wurd's
1018 2757 104 46 wie
1153 2754 526 50 Zwiebelschneiden.

269 2833 144 56 „Nun
477 2835 124 48 aber
660 2837 134 48 noch
857 2839 108 46 eins
971 2838 27 19 44
1002 2873 12 19 ,
1080 2838 91 49 der
1236 2837 196 51 Frosch
1498 2838 152 50 durch-

174 2917 286 49 schwamm
491 2921 186 50 einmal
704 2922 112 47 sein
844 2920 226 50 Becken.
1114 2921 105 50 Der
1248 2923 177 54 Knabe
1459 2926 221 47 wartete

176 3000 365 60 aufmerksam,
582 3005 78 48 bis
703 3001 188 52 Schick
929 3004 178 50 herum
1148 3020 128 36 war.

271 3085 131 55 „Hat
441 3089 74 46 dir
551 3089 91 47 das
675 3087 262 51 Mädchen
965 3103 124 36 vom
1120 3089 197 58 großen
1348 3091 100 48 See
1482 3093 198 55 gesagt,

177 3168 97 49 daß
315 3172 103 46 sie
458 3172 75 47 dir
568 3175 91 46 die*
681 3170 385 51 Schlittschuhe
1104 3172 286 56 geschenkt
1628 3189 54 34 er

175 3254 92 48 saß
305 3267 134 41 ganz
480 3255 115 51 still.

272 3351 172 56 „Nein,
480 3354 73 46 sie
586 3352 88 49 hat
707 3356 95 46 mir
830 3353 169 50 nichts
1028 3359 183 52 gesagt
1244 3393 10 10 .
1288 3394 12 9 .
1336 3392 11 10 .
1382 3354 204 50 Schick'
1593 3356 9 18 4
1609 3394 10 9 .

267 3436 188 48 Schick
499 3437 450 49 durchschwamm
988 3439 198 48 wieder
1227 3440 94 47 das
1356 3440 227 48 Becken.

268 3520 171 55 „Aber
482 3521 217 54 geredet
739 3520 90 50 hat
866 3524 74 46 sie
979 3525 93 46 mit
1115 3522 110 49 dir?
1235 3524 27 17 44

271 3616 104 48 Der
416 3618 178 54 Knabe
631 3613 184 61 ivurde
852 3621 98 54 rot,
989 3620 136 48 dann
1156 3619 134 49 blaß.
1345 3620 105 48 Der
1487 3619 196 49 Frosch

173 3699 146 49 liatte
354 3700 85 49 ihn
474 3701 273 57 gefangen,
780 3715 55 37 er
872 3700 95 51 sah
1001 3703 86 48 iihn
1122 3716 80 37 an.
1236 3734 65 7 —
1331 3704 68 49 Er
1435 3702 248 56 schwieg.

273 3784 127 56 „Du,
443 3785 195 56 Knabe,
679 3800 115 35 war
844 3789 91 46 das
984 3785 160 52 schön
1188 3801 107 34 von
1337 3787 94 56 dir,
1476 3787 98 49 daß
1621 3788 64 47 du

176 3869 96 47 mir
333 3867 403 53 verheimlichen
795 3869 245 58 wolltest,
1108 3870 97 51 daß
1273 3870 92 50 das
1426 3869 259 52 Mädchen

175 3954 132 46 sie!
349 3955 150 49 war?
540 3992 10 8 .
592 3992 11 9 .
643 3994 11 10 .
690 3953 134 50 mich
863 3954 220 55 anlügen
1122 3954 269 50 wolltest?
1430 3994 12 13 .
1479 3992 13 11 .
1532 3994 12 11 .
1580 3958 104 46 wie

176 4039 112 45 nett
338 4040 100 46 und
487 4037 140 48 offen
671 4037 256 57 sprachen
973 4041 97 47 wir
1117 4038 176 50 früher
1337 4041 181 47 immer
1569 4041 86 46 mit-

547 4120 131 49 Dem
713 4120 216 54 Knaben
967 4136 194 35 rannen
1201 4124 80 47 die
1316 4121 205 51 Tränen
1557 4125 127 48 über

179 4204 82 48 die
299 4204 241 55 Wangen
575 4210 49 44 in
658 4203 188 56 langen
879 4205 260 50 Strömen.
1188 4206 67 49 Er
1293 4208 244 50 wendete
1576 4205 111 51 sich

178 4290 64 47 ab
279 4291 102 45 wie
415 4288 205 49 Petrus.
676 4288 153 49 Seine
870 4289 328 51 Unterärmel
1238 4291 221 49 wurden
1498 4290 155 52 durch-

177 4370 113 49 maß.

273 4469 188 50 Schick
501 4473 257 46 erinnerte
797 4472 99 48 den
934 4471 215 55 Knaben
1191 4485 66 35 an
1295 4473 98 47 den
1431 4469 254 58 Sommer,

180 4567 63 35 an
283 4555 77 47 die
389 4552 192 50 Perlen
613 4558 102 48 und
748 4555 132 57 Eier,
918 4554 94 51 daß
1048 4555 94 49 der
1179 4557 178 56 Knabe
1392 4554 295 52 schließlich

180 4640 91 46 mit
301 4639 273 48 erstickter
608 4639 216 49 Stimme
860 4653 85 35 um
976 4639 327 60 Verzeihung
1336 4642 90 48 bat
1459 4678 12 12 .
1503 4678 12 12 .
1549 4680 13 13 .

273 4721 317 56 „Wichtiger
629 4723 107 50 lind
774 4723 305 50 wertvoller
1120 4723 75 50 als
1239 4726 82 48 die
1360 4723 325 56 Verzeihung

177 4807 69 46 ist
285 4808 111 53 mir,
444 4800 96 55 daß
587 4808 66 48 du
691 4806 202 50 wieder
934 4811 100 45 wie
1080 4807 217 50 ehedem
1341 4811 136 46 mein
1519 4811 165 54 guter,

182 4888 159 50 lieber
371 4890 204 50 Freund
605 4894 164 47 wirst.
820 4891 173 52 Willst

278 5071 180 56 „Dann
526 5072 124 49 höre
719 5072 87 49 auf
874 5088 66 33 zu
1007 5075 220 47 weinen.
1232 5073 26 20 44
1340 5075 105 47 Der
1509 5073 179 55 Knabe

180 5155 221 49 wischte
461 5159 109 46 sich
625 5155 133 50 auch
813 5157 162 49 schon
1031 5159 90 47 mit
1172 5159 121 47 dem
1346 5157 209 50 Aermel
1609 5157 81 49 die

182 5238 205 49 Tränen
415 5242 78 48 ab.
538 5240 219 57 „Vergiß
787 5255 71 34 es.
866 5242 26 19 44
940 5240 188 51 Schick
1155 5255 116 35 war
1295 5240 136 58 klug,
1460 5254 55 36 er
1540 5243 149 54 sagte

181 5324 138 47 nicht
344 5356 64 3 —
433 5326 125 46 wir
589 5325 188 49 wollen
805 5339 292 41 vergessen
1123 5358 77 17 —.
1225 5325 253 56 „Morgen
1505 5325 181 50 mache

183 5407 81 48 ich
298 5408 74 47 dir
408 5410 111 46 eine
552 5421 130 36 neue
715 5408 252 50 Eisdecke
1001 5409 229 57 zurecht,
1257 5410 84 49 ich
1371 5408 319 57 verspreche

184 5491 136 48 dir's.
386 5491 85 48 Ich
520 5492 98 49 tu's
666 5492 236 54 obgleich
952 5492 160 50 schon
1163 5494 90 48 der
1300 5494 240 54 Frühling
1591 5494 98 47 den

183 5573 189 51 Storch
412 5592 62 32 zu
520 5579 94 44 mir
653 5577 269 53 geschickt
965 5576 88 51 hat
1093 5610 64 6 —
1194 5578 175 56 weißt,
1412 5579 159 49 damit
1608 5576 82 51 ich

185 5658 140 50 nicht
382 5673 61 36 so
502 5660 350 57 überrumpelt
894 5661 195 49 werde.
1133 5694 64 6 —
1238 5660 127 52 Also
1420 5661 240 56 obgleich
1664 5662 27 18 44

185 5743 187 50 Schick
400 5758 113 35 war
546 5742 133 50 doch
708 5745 82 47 ein
821 5783 12 10 .
865 5786 10 12 .
904 5783 11 12 .
941 5759 116 35 zum
1085 5748 78 46 ins
1195 5745 318 50 Glasfassen.
1547 5744 144 59 „Bist

186 5828 68 48 du
297 5828 158 50 damit
493 5827 303 53 zufrieden?
802 5827 27 18 44

281 5926 139 55 „Jaa.
426 5927 9 17 4
443 5927 10 17 '
516 5923 105 50 Der
671 5926 198 49 Frosch
916 5926 187 55 sprach
1153 5940 58 36 so
1260 5924 258 52 liebevoll.
1586 5927 105 49 Der

186 6010 176 55 Knabe
399 6010 247 49 erkannte
680 6013 180 46 seinen
888 6010 137 49 alten
1054 6014 182 45 treuen
1266 6010 193 52 Schick
1494 6010 197 51 wieder

185 6132 14 10 .
233 6131 12 11 .
283 6109 53 34 er
367 6109 112 33 war
515 6096 154 52 fertig
700 6097 91 47 mit
825 6095 330 51 Abwischen.

538 6164 9 9 %

278 6177 125 48 Also
461 6192 214 43 morgen
734 6192 113 34 war
902 6181 197 46 wieder
1152 6179 225 50 Eisbahn
1435 6181 85 48 auf
1577 6181 116 47 dem

188 6259 347 51 Froschteich.
592 6261 72 52 So
703 6265 125 47 weit
862 6259 182 54 kam's.

285 6359 152 54 „Also
518 6358 218 50 machen
811 6360 194 56 wir's",
1086 6364 149 50 sagte
1318 6359 189 52 Schick
1591 6362 101 50 und

190 6440 254 59 pfupferte
510 6458 96 36 vor
666 6444 216 50 Freude.
960 6445 133 49 Dem
1155 6444 215 57 Knaben
1431 6448 122 54 ging
1615 6447 79 47 ein

190 6524 346 51 freundliches
609 6528 228 50 Lächeln
907 6526 171 52 über's
1153 6528 213 52 Gesicht
1442 6531 100 48 wie
1616 6532 78 46 ein

191 6608 346 55 Sonnenfleck
567 6612 126 49 über
730 6615 109 46 eine
874 6612 488 56 Regenlandschaft.

1903 211 143 56 „Nun
2083 251 11 11 .
2134 249 13 11 .
2187 250 11 10 .
2236 225 180 36 waren
2453 214 96 46 wir
2580 213 127 49 aber
2745 213 93 49 mit
2876 224 212 35 unserer
3127 211 155 48 Unter-

1813 295 195 56 redung
2048 295 134 50 noch
2221 295 138 50 nicht
2401 311 63 34 zu
2503 296 157 49 Ende.
2665 295 26 19 44

1903 380 129 50 Was
2070 380 191 50 konnte
2302 381 132 48 noch
2469 379 280 49 kommen?
2788 394 55 35 es
2878 394 113 33 war
3030 381 47 52 ja
3109 378 206 55 heraus,

1805 464 113 50 also
1956 465 159 48 war's
2157 465 116 47 dem
2311 464 219 52 'Knaben
2569 463 342 59 gleichgültig.

1904 548 138 56 „Das
2076 548 261 49 Mädchen
2370 550 224 53 gestand
2625 549 76 49 dir
2735 549 85 49 die
2855 547 311 55 Schenkung
3205 546 109 49 also

1807 631 139 50 nicht

1902 715 175 57 „Nein.
2083 718 27 18 44
2163 714 186 50 Schick
2387 714 105 56 fing
2525 717 48 53 ja
2610 716 199 48 wieder
2844 730 164 34 vorne
3045 730 77 34 an.

1905 799 205 58 „Weißt
2175 803 67 46 du
2306 802 130 47 auch
2501 800 239 48 warum?
2750 802 27 17 44
2836 832 64 5 —
2965 801 105 48 Der
3137 799 177 55 Knabe

1807 882 248 51 lauschte.
2093 916 64 6 —
2195 884 166 56 „Weil
2398 886 74 46 sie
2508 884 119 48 dich
2661 884 115 51 aufs
2813 883 86 48 Eis
2933 883 209 55 gelockt

1809 968 104 49 Der
1939 968 197 50 Frosch
2166 971 166 46 setzte
2367 973 79 45 ein
2473 968 127 49 Bein
2633 970 85 48 auf
2746 972 92 46 des
2866 968 217 55 Knaben
3110 965 179 51 Stiefel-

1809 1056 179 51 spitze.

1903 1135 105 49 Der
2046 1135 179 52 Knabe
2267 1140 201 52 sperrte
2512 1137 95 48 den
2644 1134 195 51 Frosch
2875 1150 81 34 an.

1902 1219 203 56 „Weißt
2136 1224 73 47 du
2237 1219 131 49 auch
2399 1219 240 49 warum?
2645 1220 28 19 44
2879 1221 143 54 „Das
3055 1218 259 50 Mädchen

1808 1317 123 35 vom
1968 1304 195 56 großen
2195 1304 100 48 See
2331 1304 150 50 sucht
2515 1304 221 48 nämlich
2773 1304 160 48 schon
2966 1305 169 55 längst
3165 1305 149 46 einen

1807 1386 174 57 IVLann,
2019 1388 123 47 aber
2178 1391 74 46 sie
2287 1388 105 48 will

1903 1471 223 55 „Vorhin
2181 1475 200 51 sagtest
2434 1472 81 57 du,
2572 1475 74 45 sie
2700 1472 142 49 hätte
2898 1471 168 58 gleich
3117 1474 197 47 wieder

1808 1557 162 46 einen.
1977 1556 27 18 44

1903 1638 180 57 „Ganz
2127 1638 159 57 recht,
2334 1641 163 56 einen,
2539 1654 154 34 wenn
2735 1639 111 50 ich
2889 1639 83 50 ihn
3016 1641 74 48 !hr

1809 1724 178 47 redete
2033 1723 110 48 sich
2194 1725 91 48 der
2330 1725 195 49 Frosch
2575 1724 204 49 heraus.
2820 1757 69 6 —
2933 1725 149 55 „Und
3135 1724 179 48 darum

1808 1807 217 48 schenkt
2060 1809 74 47 sie
2167 1811 115 46 dem
2315 1812 103 47 und
2449 1811 169 53 jenem
2651 1812 79 46 ein
2762 1823 122 41 paar
2917 1807 397 56 Schlittschuhe,

1808 1890 216 51 manche
2066 1894 215 53 kriegen
2322 1907 156 40 sogar
2519 1892 239 58 silberne,
2798 1892 79 48 dir
2921 1891 90 50 hat
3056 1894 75 46 sie
3176 1890 138 50 nicht

1809 1974 185 50 einmal
2039 1975 320 50 vernickelte
2403 1975 301 56 geschenkt,
2749 1975 138 49 fährt
2930 1977 92 48 mit
3070 1975 150 48 ihnen
3262 1978 52 49 in

1808 2062 95 46 den
1943 2060 220 49 dunklen
2194 2059 102 50 See
2331 2062 180 48 hinaus
2544 2063 149 46 unter
2728 2059 133 49 allen
2892 2060 287 54 möglichen
3215 2060 66 46 Zu-

1805 2142 357 57 flüsterungen
2208 2157 107 37 von
2358 2144 160 49 Liebe
2562 2148 101 46 und
2703 2145 135 47 weiß
2884 2144 125 49 Gott
3050 2158 117 33 was
3211 2143 103 48 und

1805 2228 121 49 dort
1964 2227 228 49 draußen
2237 2227 105 50 will
2381 2231 74 45 sie
2502 2228 290 55 ertränken,
2834 2231 91 45 mit
2967 2227 111 50 sich
3123 2232 48 45 in
3215 2227 99 48 den

1809 2312 101 48 See
1950 2311 391 49 hinabnehmen.
2399 2312 128 49 Dich
2569 2311 174 49 wollte
2788 2312 73 49 sie
2907 2313 126 47 auch
3076 2314 89 46 mit
3205 2310 109 50 sich

1810 2394 389 57 hinabnehmen,
2242 2395 115 49 bloß
2398 2398 118 47 weil
2556 2396 79 47 ich
2679 2394 332 50 dazwischen
3050 2397 123 47 kam
3212 2395 102 48 und

1807 2478 77 51 ihr
1933 2479 86 49 Eis
2072 2482 394 47 zertrümmerte
2515 2482 103 46 und
2667 2480 75 48 ihr
2787 2479 202 56 drohte,
3044 2494 153 34 wenn
3248 2480 63 47 du

1806 2576 186 41 wegen
2021 2563 76 49 ihr
2127 2564 263 48 ertrinken
2422 2564 238 54 müßtest,
2695 2565 78 48 ich
2806 2565 143 49 ihren
2981 2578 200 42 ganzen
3210 2564 103 48 See

1810 2646 242 50 ablassen
2090 2647 197 56 würde,
2331 2647 116 50 bloß
2495 2649 177 47 darum
2711 2648 91 49 hat
2844 2650 74 47 sie
2963 2647 115 51 dich
3116 2647 198 50 wieder

1807 2732 164 48 selbst
2014 2746 92 33 ans
2145 2732 145 49 Land
2634 2731 188 50 Schick
2867 2733 207 48 tauchte
3121 2731 193 50 schnell

1809 2818 163 47 unter.

1906 2897 105 48 Der
2045 2897 178 54 Knabe
2256 2898 84 49 fiel
2370 2898 103 49 fast
2504 2902 77 45 tot
2613 2912 100 45 um,
2749 2913 58 34 so
2842 2902 224 45 enstetzt
3097 2913 112 33 war
3246 2913 70 34 er.

1905 2982 188 50 Schick
2121 2986 120 48 kam
2272 2985 197 48 wieder
2500 2984 195 55 herauf,
2726 2999 54 34 er
2809 2985 146 48 hatte
2984 2986 94 47 das
3110 2983 206 50 Lachen

1811 3068 123 48 über
2001 3070 141 46 seine
2210 3067 332 57 vorzügliche
2610 3069 143 56 Lüge
2823 3072 154 45 unten
3045 3068 240 54 niederge-

1810 3150 212 58 kämpft.
2096 3151 66 49 Er
2223 3153 93 48 sah
2382 3154 98 47 den
2539 3151 216 54 Knaben
2816 3152 151 56 lange
3035 3155 104 50 und
3200 3155 87 51 gut-

1806 3235 180 54 herzig
2021 3249 78 34 an.

1903 3320 131 48 Dem
2069 3321 213 53 Knaben
2321 3322 258 48 brummte
2618 3321 91 48 der
2749 3321 134 55 Kopf
2914 3321 134 48 noch
3086 3324 102 45 wie
3221 3321 94 47 der

1807 3401 112 49 Ton
1950 3404 51 47 in
2035 3404 139 47 einer
2207 3417 420 42 zersprungenen
2659 3404 211 49 Glocke.
2918 3405 107 48 Das
3058 3403 258 50 Mädchen

1810 3500 113 35 war
1959 3490 111 46 eine
2106 3486 143 51 kalte
2288 3487 310 58 Eiskönigin,
2642 3490 75 46 sie
2761 3489 168 48 stellte
2972 3488 111 49 sich
3122 3503 93 33 nur
3257 3503 58 34 so

1810 3569 119 50 mild
1960 3570 102 49 und
2088 3585 182 37 warm.
2316 3571 87 49 Sie
2434 3575 163 53 sagte,
2631 3586 55 34 es
2713 3587 113 33 war
2856 3572 80 48 so!
2969 3575 74 45 sie
3071 3576 75 45 sei
3174 3575 142 45 seine

1808 3653 179 51 Braut.
2038 3654 188 49 Schick
2255 3654 141 51 hatte
2429 3655 101 49 ihm
2563 3655 109 49 also
2706 3670 92 43 gar
2831 3655 168 51 nichts
3033 3657 170 55 getan.
3249 3657 68 48 Er

1809 3739 101 52 gab
1955 3740 122 48 dem
2122 3737 196 50 Frosch
2363 3741 83 47 die
2492 3740 154 50 Hand
2692 3743 102 46 und
2842 3740 121 50 hielt
3011 3740 80 48 die
3143 3740 172 49 kalten

1809 3821 362 56 Froschfinger
2205 3823 150 56 lange
2391 3826 45 47 in
2471 3823 354 50 Dankbarkeit
2857 3823 117 50 fest.

1905 3903 189 52 Schick
2133 3906 190 50 kannte
2362 3908 92 48 das
2494 3907 112 49 edle
2646 3912 221 45 stumme
2909 3911 139 47 einer
3088 3908 198 48 Freund-

1812 3988 166 50 schaft
2006 3989 153 58 nicht,
2191 4005 55 34 er
2276 3991 171 48 mußte
2478 3991 133 48 noch
2642 3990 185 50 einmal
2854 3992 271 56 anfangen.
3159 3992 158 57 „War

1813 4086 55 36 es
1914 4072 136 58 klug,
2091 4076 102 47 daß
2240 4076 65 47 du
2346 4074 119 50 dich
2505 4089 106 35 von
2657 4078 94 46 mir
2796 4076 225 55 verfolgt
3066 4076 250 50 fühltest?

1811 4169 142 38 wars
1987 4157 139 50 nicht
2160 4157 205 58 unklug,
2395 4160 102 49 daß
2533 4159 64 51 du
2633 4161 112 48 dich
2781 4161 92 50 mit
2906 4160 76 50 ihr
3014 4160 304 50 einließest?

1812 4272 62 7 —
1912 4240 154 49 nehm
2110 4242 116 49 dich
2268 4257 93 35 nur
2402 4246 50 46 in
2494 4243 136 57 acht,
2679 4245 94 47 daß
2819 4244 168 49 nichts
3029 4244 290 55 nachfolgt!

1811 4356 64 6 —
1919 4325 181 50 Warst
2142 4328 71 47 du
2260 4330 116 45 treu
2422 4341 169 44 gegen
2642 4329 181 47 deinen
2871 4329 135 50 alten
3057 4327 229 51 Schick?
3292 4329 27 19 44

1814 4408 103 53 Der
1953 4408 196 50 Frosch
2181 4409 172 50 mußte
2388 4410 134 52 noch
2555 4414 185 48 einmal
2773 4412 333 55 Reuetränen
3137 4413 182 57 haben,

1814 4493 92 48 der
1946 4492 208 58 Spiegel
2196 4497 170 48 seines
2403 4494 220 51 Teiches
2666 4495 101 51 hob
2812 4498 109 48 sich
2961 4497 232 49 dadurch
3234 4510 86 35 um

1814 4580 81 45 ein
1932 4576 195 51 kleines
2162 4577 310 52 Millimeter.
2525 4580 118 50 Und
2680 4582 80 48 die
2795 4580 208 49 Tränen
3036 4584 146 45 taten
3216 4580 104 50 ihm

1813 4673 59 38 so
1908 4660 154 57 wohl,
2099 4665 73 47 sie
2209 4676 180 36 waren
2427 4667 142 46 seine
2604 4667 197 54 einzige
2840 4665 193 54 Rache.

1908 4745 269 50 Nachdem
2204 4747 196 49 Frosch
2429 4747 107 50 und
2567 4749 179 54 Knabe
2773 4749 136 49 noch
2939 4752 81 45 ein
3054 4749 268 49 Weilchen

1817 4830 243 49 einander
2096 4833 189 45 stumm
2320 4832 285 54 abgesucht
2635 4834 194 54 hatten,
2865 4835 121 55 ging
3022 4835 88 47 der
3143 4835 177 54 Knabe

1816 4911 131 50 nach
1978 4913 172 50 Hause
2185 4915 101 50 und
2320 4918 285 53 versprach
2635 4916 134 49 beim
2801 4916 274 57 Abschied,
3107 4931 215 41 morgen

1816 4997 87 48 auf
1930 4999 92 47 das
2050 4998 191 49 frische
2271 4999 86 49 Eis
2388 5002 90 47 mit
2506 5001 96 48 den
2635 4999 415 51 Schlittschuhen
3083 5016 63 33 zu
3176 5001 108 50 kom-

1815 5094 132 35 men.
2404 5088 101 46 und
2549 5087 134 47 warf
2724 5085 103 47 ihm
2868 5087 181 52 Augen
3093 5084 84 49 hin
3220 5088 100 46 wie

1816 5164 262 51 erlassene
2123 5167 186 48 Zinsen
2353 5169 122 48 aber
2524 5168 394 51 verschuldetes
2966 5170 215 55 Kapital.

2363 5303 21 11 *»•*
2747 5303 22 12 •»»

2559 5326 22 23 *

1912 5433 104 47 Der
2050 5431 178 54 Knabe
2265 5432 400 57 philosophierte
2707 5434 107 48 sich
2848 5451 62 33 zu
2948 5435 96 47 den
3082 5432 238 57 Seinigen

1817 5517 133 47 nach
1978 5517 192 58 Hause,
2204 5518 359 49 entschlossen
2594 5520 91 48 das
2718 5518 251 55 Ergebnis
3002 5521 169 46 seiner
3204 5518 90 48 Phi-

1817 5600 231 56 losophie
2083 5604 108 46 erst
2226 5602 132 48 nach
2397 5601 192 50 Jahren
2627 5601 369 50 aufzutischen.
3044 5603 66 48 Er
3148 5601 174 55 fühlte,

1817 5687 101 47 wie
1987 5698 57 37 es
2111 5700 182 41 anzog,
2361 5688 80 46 die
2506 5685 495 50 Maulwurfshaufen
3069 5687 256 50 bekamen

1820 5768 162 49 schon
2023 5772 110 46 eine
2172 5768 148 50 harte
2361 5771 203 56 Kruste,
2611 5785 54 35 es
2708 5785 113 34 war
2866 5770 184 57 sicher,
3092 5769 96 49 daß
3234 5771 91 48 der

1818 5852 198 49 Frosch
2057 5854 152 50 Wort
2254 5853 121 52 hielt
2416 5857 84 48 auf
2542 5855 237 54 Morgen.

1912 5937 337 57 Ueberhaupt
2280 5940 89 48 der
2396 5937 219 51 Frosch!
2645 5940 102 48 wie
2776 5941 190 47 konnte
2998 5953 54 36 er
3083 5938 110 50 sich
3220 5953 106 34 von

1822 6022 88 48 der
1962 6021 281 50 Schönheit
2294 6024 92 46 des
2438 6023 286 49 Mädchens
2774 6023 224 48 blenden
3043 6022 174 49 lassen
3264 6055 61 5 —

1821 6103 323 57 Sprichwort
2173 6105 112 57 „laß
2321 6105 114 50 dich
2468 6109 137 48 nicht
2636 6120 126 35 vom
2790 6105 162 51 Satan

1820 6189 153 49 Wüst
2020 6204 113 35 war
2181 6193 89 48 der
2319 6191 211 56 Frosch,
2582 6191 124 51 aber
2755 6192 294 54 treuherzig
3096 6192 102 48 und
3247 6194 81 46 ein

1821 6273 210 49 wahrer
2106 6275 204 51 Freund
2376 6304 65 8 —
2512 6274 322 58 Sprichwort
2903 6275 224 58 „meidet
3198 6275 131 49 allen

1822 6356 412 51 Heuchelschein
2237 6361 27 18 44
2298 6391 64 5 —
2396 6358 220 51 nämlich
2652 6363 88 47 der
2774 6360 196 49 Frosch
3005 6362 207 48 meidet.
3263 6359 67 49 Er

1823 6441 199 49 besann
2059 6441 109 50 sich
2207 6442 195 58 darauf,
2441 6446 100 46 wie
2585 6444 91 49 das
2716 6442 261 51 Mädchen
3015 6447 48 46 in
3105 6445 89 47 der
3230 6444 101 48 Tat

1825 6540 67 34 an
1919 6526 103 50 ihm
2055 6526 251 58 stichelte,
2338 6528 82 47 ihn
2444 6529 176 48 hetzte
2654 6542 166 42 gegen
2856 6529 98 49 den
2987 6528 211 57 Frosch,
3233 6529 98 47 den

1825 6610 195 50 Frosch
2065 6610 356 51 verleumdete
2466 6611 354 55 „Schwindler
2826 6614 26 19 44
2898 6645 64 5 —
3010 6612 322 54 Sprichwort

3449 225 185 43 „wenn
3667 212 112 48 dich
3810 212 78 48 die
3925 212 162 48 bösen
4119 210 180 49 Buben
4336 212 183 50 locken
4523 211 26 17 44
4580 233 65 5 —
4678 207 93 49 das
4805 206 113 50 Mäd-

3446 298 130 48 chen
3616 296 141 51 hatte
3798 298 85 47 ihn
3922 296 223 58 gelockt.
4184 328 63 5 —
4279 296 115 50 Wie
4433 297 113 50 froh
4588 310 113 34 war
4744 307 70 41 er,
4851 292 100 48 daß

3445 396 57 33 er
3553 381 159 50 durch
3759 380 160 51 Zufall
3968 380 188 56 erfuhr,
4202 394 113 33 was
4361 381 79 48 für
4490 386 146 45 einen
4686 377 268 50 Leumund

3448 467 92 47 das
3576 466 257 49 Mädchen
3870 465 157 56 hatte,
4061 463 311 58 womöglich
4407 465 286 49 schminkte
4733 465 75 47 sie
4846 460 108 50 sich

3448 552 100 47 und
3577 562 116 38 war
3728 553 111 45 eine
3862 550 236 49 häßliche
4133 549 158 55 Kröte
4323 581 63 5 —
4420 549 321 55 Sprichwort
4774 549 179 57 „traue

3448 637 98 46 den
3902 637 94 46 der
4038 632 195 49 Frosch
4276 632 141 49 hatte
4463 634 122 47 über
4628 637 141 46 seine
4816 629 104 51 Tod-

3446 720 188 49 feindin
3668 720 230 53 geredet.
3931 750 62 5 —

3541 803 66 49 Er
3650 802 203 50 schrieb
3896 817 63 33 zu
4002 802 175 48 Hause
4214 802 165 48 sofort
4424 803 144 47 einen
4612 798 342 59 Absagebrief

3447 902 64 33 an
3553 890 93 46 das
3684 887 260 48 Mädchen
3983 891 101 45 und
4125 886 139 48 teilte
4303 884 76 49 ihr
4418 886 106 54 mit,
4565 897 114 35 was
4718 884 81 47 für
4841 888 110 45 eine

3445 972 212 49 Falsche
3690 974 75 46 sie
3797 985 127 39 war,
3950 971 174 47 indem
4158 984 54 34 er
4244 968 76 50 ihr
4353 968 236 56 zugleich
4615 968 85 48 -die
4729 970 111 47 vier
4874 968 78 47 für

3446 1057 73 47 sie
3565 1056 294 56 passenden
3907 1052 382 58 Sprichwörter
4335 1052 294 49 erläuterte.
4689 1050 66 48 Er
4801 1051 153 48 nahm

3447 1140 137 49 sichs
3617 1140 101 49 fest
3753 1154 111 35 vor.
3916 1138 66 49 Er
4018 1140 191 47 konnte
4246 1141 124 51 jetzt
4408 1140 68 45 im
4515 1134 101 51 See
4650 1137 162 47 sitzen
4854 1134 100 50 und

3447 1237 106 34 von
3585 1223 292 55 Schlangen
3913 1222 274 55 gefressen
4220 1221 232 49 werden.

3541 1307 143 48 Noch
3731 1310 80 47 nie
3857 1322 112 34 war
4018 1306 103 49 ihm
4173 1305 92 50 das
4598 1318 58 36 so
4704 1301 113 50 klar
4866 1316 59 41 ge-

3447 1394 215 46 worden
3692 1394 99 47 wie
3822 1395 141 51 jetzt.
3993 1393 95 47 Die
4118 1389 320 50 Weisheiten
4467 1392 94 47 der
4594 1388 149 50 Alten
4774 1402 180 33 waren

3447 1475 262 49 wirkliche
3765 1475 351 51 Wahrheiten.
4183 1473 125 49 Man
4364 1472 251 50 brauchte
4672 1487 91 34 nur
4824 1471 132 50 nach

3448 1559 148 50 itaen
3623 1574 63 34 zu
3711 1559 163 55 leben,
3903 1575 57 34 so
3988 1574 112 34 war
4130 1559 125 50 alles
4281 1557 129 56 glatt
4438 1560 102 47 und
4568 1559 145 47 eben.
4740 1557 214 55 „Dieser

3447 1643 162 49 Satan
3640 1642 240 50 blendete
3909 1643 87 49 ihn
4027 1642 276 51 zwiefach!
4313 1642 25 17 44

3543 1726 186 50 Schick
3751 1726 145 50 hätte
3926 1726 98 51 er's
4050 1729 140 49 nicht
4219 1726 185 51 einmal
4434 1740 162 40 sagen
4628 1723 194 57 dürfen,
4853 1726 101 47 wie

3447 1827 55 32 er
3535 1814 176 46 seinen
3743 1812 144 48 Brief
3914 1811 174 49 fassen
4113 1812 190 57 wollte,
4336 1825 55 35 er
4423 1810 143 49 hätte
4597 1810 117 47 dem
4742 1808 213 53 Knaben

3447 1897 300 54 abgeraten.
3817 1895 132 47 Dem
3995 1895 200 48 Frosch
4244 1891 156 55 war's
4452 1895 66 48 da
4567 1893 161 50 schon
4779 1892 175 54 lieber,

3446 1995 153 34 wenn
3643 1983 82 46 ein-
3763 1979 302 55 Bräutigam
4109 1984 140 44 seine
4292 1980 162 49 Braut
4493 1984 69 45 im
4607 1979 349 53 Ungewissen

3450 2067 161 46 sitzen
3657 2064 116 58 ließ,
3822 2079 55 34 er
3928 2066 192 45 konnte
4174 2066 73 46 sie
4296 2065 134 48 dann
4481 2066 84 48 bei
4618 2060 339 57 Gelegenheit

3447 2148 133 48 noch
3620 2147 379 56 schimpflicher
4038 2147 341 57 abtrumpfen.

3543 2232 188 49 Schick
3766 2232 92 48 sah
3893 2234 195 46 seinem
4120 2231 348 56 Philosophen
4497 2230 132 49 nach
4662 2234 98 46 und
4794 2230 162 48 fühlte

3449 2321 196 44 seinem
3677 2317 178 55 Gange
3885 2316 158 54 große
4076 2315 326 50 Schwächen
4433 2330 78 33 an.
4540 2314 94 48 Die
4666 2313 290 56 Stimmung

3449 2403 134 47 wird
3614 2403 82 47 bei
3728 2401 119 47 dem
3878 2401 213 53 Knaben
4125 2399 139 51 nicht
4297 2399 151 56 lange
4483 2397 255 56 anhalten,
4772 2398 186 48 dachte

3451 2498 69 35 er.
3578 2486 98 47 Auf
3716 2487 168 45 seiner
3924 2482 150 50 Seele
4113 2483 184 49 Grund
4335 2481 133 50 habe
4507 2484 82 47 ich
4632 2480 228 57 gesehen
4895 2512 63 7 —

3450 2567 317 50 Dreckloch!
3843 2571 93 47 das
4007 2582 113 36 war
4194 2566 322 50 unverhüllte
4591 2565 231 58 Sprache
4895 2597 63 6 —

3448 2652 314 49 Dreckloch!
3809 2685 63 4 —
3915 2652 195 54 Rache!
4161 2652 202 54 Rache!
4414 2650 169 51 schrie
4629 2649 204 58 Schick,
4882 2650 75 48 als

3450 2738 90 46 der
3574 2737 181 55 Knabe
3788 2738 67 46 im
3894 2736 204 49 Winkel
4137 2735 367 50 verschwand.

3542 2821 181 48 Warte
3752 2835 93 33 nur
3876 2820 241 55 Morgen!
4153 2818 247 57 Morgen!
4434 2861 10 9 .
4475 2857 10 11 .
4517 2818 86 50 auf
4629 2818 327 53 Verzeihung

3450 2906 84 47 bin
3569 2907 80 46 ich
3682 2919 92 40 gar
3807 2905 140 48 nicht
3978 2906 356 55 eingegangen
4369 2941 11 10 .
4414 2942 10 10 .
4457 2941 11 10 .
4503 2901 198 57 Rache!
4738 2915 55 36 er
4825 2905 99 46 tum-

3448 2989 153 48 melte
3646 2989 108 48 sich
3797 2989 270 54 aufgeregt
4109 2991 50 48 in
4198 2991 198 46 seinem
4435 3020 65 12 —r
4537 2984 318 53 Dreckk)ch!

3543 3073 67 49 Er
3654 3072 173 49 mußte
3875 3072 109 49 sich
4032 3077 179 45 setzen
4277 3072 103 48 und
4444 3071 333 49 umschauen.
4840 3070 118 50 Wie

3450 3156 132 51 auch
3623 3160 141 45 seine
3805 3157 178 48 Blicke
4014 3160 83 45 im
4139 3155 292 50 Dreckloch
4479 3155 477 53 herumkletterten,

3452 3254 54 35 es
3541 3255 113 34 war
3690 3241 139 49 nicht
3865 3243 83 46 ein
3983 3240 277 55 Körnchen
4292 3239 271 49 Wahrheit
4599 3241 52 47 in
4686 3243 116 47 dem
4842 3252 87 41 per-

3447 3325 138 48 fiden
3634 3324 385 57 Schimpfwort.
4086 3324 111 50 Seit
4247 3326 89 47 der
4388 3324 571 52 Ueberschwemmung

3448 3409 192 49 konnte
3673 3409 99 48 er's
3803 3412 91 46 mit
3921 3409 95 49 der
4043 3409 224 49 feinsten
4294 3408 292 50 römischen
4618 3407 338 50 Badewanne

3450 3492 306 49 aufnehmen
3798 3526 64 5 —
3904 3497 70 45 im
4023 3493 259 49 reichsten
4325 3491 230 58 Tempel.
4620 3492 69 49 Er
4732 3493 226 46 wartete

3448 3553 9 13 i

3448 3578 81 48 für
3592 3580 98 47 den
3750 3579 238 50 Sommer
4049 3591 93 35 nur
4203 3577 138 49 noch
4397 3576 88 50 auf
4541 3576 81 49 die
4687 3577 271 55 geeignete

3450 3663 253 55 Susanna,
3755 3662 152 51 dabei
3957 3661 143 49 hatte
4151 3676 54 34 er
4258 3665 82 46 ein
4387 3659 232 51 scharfes
4673 3659 147 56 Auge
4874 3658 85 49 auf

3450 3749 112 45 eine
3610 3745 342 56 Dorfschöne,
3999 3746 79 48 die
4125 3745 161 49 schon
4336 3746 171 55 längst
4554 3746 91 49 das
4694 3743 264 52 Waschen

3452 3834 144 50 nötig
3642 3830 158 56 hatte,
3850 3843 86 36 um
3982 3829 166 49 freien
4195 3844 66 35 zu
4312 3829 221 51 können.
4599 3829 68 49 Er
4713 3841 116 35 war
4882 3826 78 49 ihr

3452 3914 162 48 schon
3659 3917 237 48 zweimal
3938 3916 72 45 im
4049 3914 226 50 Traume
4320 3912 305 51 erschienen
4670 3915 103 47 und
4816 3911 144 50 hatte

3452 4000 210 52 gesagt:
3708 3997 415 57 „Rehböckchen
4159 4029 64 6 —
4266 4011 59 38 so
4361 3997 119 50 hieß
4523 3996 81 49 die
4648 3995 207 49 Schönte
4897 4026 63 6 —

3452 4082 382 56 Rehböckchen
3880 4082 251 49 verharre
4187 4081 139 51 nicht
4380 4083 88 49 auf
4518 4081 203 48 deinem
4771 4078 158 50 Stand-

3452 4167 174 57 punkt,
3668 4168 224 49 sondern
3932 4167 269 48 überlasse
4239 4167 122 48 dich
4400 4167 112 56 mir,
4549 4163 85 51 ich
4673 4163 132 52 habe
4849 4166 110 45 eine

3452 4265 293 34 marmorne
3789 4250 204 49 Wanne
4038 4251 104 48 und
4185 4249 273 50 schwarze
4497 4246 462 56 Lilienmilchseife,

3453 4335 80 48 die
3578 4334 344 49 schloseweiß
3955 4333 267 50 macht...
4240 4331 400 59 Rehböckchen,
4688 4331 238 56 Rehböck-

3708 4419 112 50 Daß
3866 4419 384 56 Rehböckchen
4296 4418 139 51 nicht
4480 4419 137 55 kam,
4662 4419 192 46 konnte
4907 4430 54 34 er

3454 4506 185 50 dafür?
3725 4504 97 52 Mit
3893 4502 549 51 Selbstzufriedenheit
4514 4506 101 46 und
4686 4503 275 52 wonnigen

3453 4586 531 52 Sommerwünschen
4034 4586 301 52 schaukelte
4391 4601 55 34 er
4501 4587 110 48 sich
4666 4590 48 45 in
4766 4588 195 46 seinem

3454 4673 395 54 Badezwinger.
3910 4673 122 49 Sein
4080 4672 151 48 Wert
4272 4686 114 36 war
4434 4672 80 49 für
4559 4670 85 48 ihn
4694 4672 131 46 noch
4871 4683 60 40 ge-

3453 4758 215 54 stiegen,
3715 4759 98 47 seit
3859 4771 54 34 er
3956 4756 322 55 wahrnahm,
4328 4756 94 48 daß
4470 4756 78 47 die
4597 4753 178 58 Quelle
4821 4752 139 49 nicht

3454 4840 143 49 mehr
3630 4855 67 34 zu
3724 4840 103 50 ihm
3861 4840 292 51 hineinfloß.

3546 4924 231 48 Seitdem
3829 4925 79 49 die
3955 4922 179 56 Quelle
4185 4924 252 55 gestreikt
4485 4923 141 49 hatte
4677 4962 11 18 ,
4737 4922 121 48 kam
4904 4936 54 33 er

3453 5011 181 46 besser
3683 5012 90 47 mit
3817 5010 76 49 ihr
3938 5024 107 33 aus.
4112 5009 85 48 Sie
4242 5011 120 55 ging
4410 5009 82 46 ihn
4542 5008 199 47 einfach
4790 5007 166 47 nichts

3453 5092 144 50 mehr
3637 5108 79 35 an,

3551 5178 262 48 Jedesmal
3861 5192 153 34 wenn
4064 5179 78 47 die
4189 5176 180 55 Quelle
4422 5180 46 45 in
4521 5178 78 46 die
4645 5175 143 50 Nähe
4839 5187 123 35 vom

3453 5261 335 50 Froschteich
3818 5264 135 53 kam,
3987 5264 101 56 bog
4120 5265 73 46 sie
4227 5260 192 50 schnell
4454 5275 85 33 um
4571 5263 101 45 und
4705 5260 101 48 floß
4838 5261 122 45 weit

3454 5347 127 47 über
3622 5347 78 47 die
3738 5347 182 47 Felder
3962 5346 213 49 hinüber
4218 5363 89 33 zur
4350 5347 149 47 Stadt
4540 5348 49 45 in
4629 5344 97 49 den
4769 5343 191 57 großen

3458 5429 115 50 See.
3640 5430 129 49 Dort
3813 5446 87 33 wo
3953 5433 74 46 sie
4076 5432 206 53 umbog,
4331 5430 140 48 hatte
4521 5428 74 49 ihr
4649 5431 138 44 einer
4837 5439 125 35 vom

3455 5514 169 48 Heere
3656 5517 145 45 einen
3830 5514 197 55 großen
4054 5513 146 49 Stein
4228 5517 320 51 vorgesetzt,
4578 5513 100 48 daß
4708 5514 73 45 sie
4813 5511 149 48 keine

3454 5597 192 50 Furcht
3689 5613 61 36 zu
3796 5599 168 47 haben
4010 5599 265 55 brauchte,
4319 5613 91 34 aus
4455 5596 267 49 Versehen
4764 5596 198 53 wieder

3456 5684 47 48 in
3535 5684 105 52 den
3672 5682 333 52 Froschteicti
4038 5698 63 34 zu
4137 5686 255 53 springen.

3550 5767 107 48 Das
3724 5767 261 49 Mädchen
4049 5781 123 34 vom
4236 5766 193 56 großen
4496 5764 100 50 See
4662 5766 154 47 nahm
4883 5765 78 47 die

3458 5848 179 56 Quelle
3671 5856 89 52 gut
3793 5851 99 48 auf.
3939 5850 203 57 „Willst
4174 5851 65 48 du
4274 5850 128 48 auch
4429 5866 62 33 zu
4520 5852 97 46 mir

3456 5935 119 55 frug
3611 5939 73 46 sie
3724 5939 105 48 und
3865 5936 151 48 trank
4055 5939 150 45 einen
4243 5935 155 48 tiefen
4438 5933 224 50 Schluck
4701 5948 104 34 von
4844 5934 120 47 dem

3459 6020 231 59 Wasser,
3745 6022 95 48 das
3894 6021 77 48 ihr
4022 6020 78 47 die
4159 6017 179 55 Quelle
4395 6020 73 47 als
4526 6018 275 50 Geschenk
4850 6019 86 45 mit-

3459 6104 231 49 brachte.
3743 6104 199 56 „Wenn
3980 6105 63 47 du
4081 6103 129 49 auch
4247 6117 92 41 gar
4376 6106 188 56 winzig
4599 6104 116 53 bist,
4750 6103 66 47 du
4848 6100 117 48 hast

3456 6187 218 51 frisches
3723 6188 218 49 Wasser
3988 6191 102 46 und
4134 6190 149 46 wirst
4330 6191 202 45 meinen
4578 6186 251 50 Fischlein
4875 6188 89 54 gut

3460 6276 89 45 tun
3585 6312 11 9 .
3630 6311 10 9 .
3679 6314 11 10 .
3724 6274 114 49 fließ
3872 6286 95 33 nur
4003 6271 167 48 hinein
4205 6275 48 45 in
4288 6275 205 46 meinen

3554 6358 93 47 Die
3692 6353 178 57 Quelle
3915 6358 172 52 sagte:
4134 6355 158 57 „Zum
4330 6357 149 47 Dank
4515 6356 80 47 für
4638 6354 79 48 die
4755 6352 180 50 freund-

3459 6440 130 50 liche
3629 6440 284 50 Aufnahme
3960 6440 104 48 will
4109 6443 79 47 ich
4238 6443 74 47 dir
4356 6444 179 46 immer
4581 6438 240 49 erzählen
4865 6438 100 49 und

3461 6529 261 51 verraten,
3761 6539 111 34 was
3911 6537 82 34 am
4027 6523 339 51 Froschteich
4404 6523 220 55 vorgeht
4664 6565 10 9 .
4714 6564 11 9 .
4763 6562 10 10 .
4812 6536 155 37 wenn

3461 6607 109 50 du's
3619 6613 192 44 wissen
