3518 4412
346 169 1423 203 ftiederrheinisehc
1906 164 1153 254 Musik-Zeitung

423 444 43 137 t
1002 472 117 119 &
1182 472 561 121 lirastfrraniie
1804 466 148 120 lOÄ
1980 555 12 18 .
2015 466 399 120 Mnstler.

2069 599 15 15 •
2131 601 14 14 •

788 675 5 9 1
1001 656 2 40 ■
1032 684 19 12 *
1641 656 18 14 **
2243 668 14 17 •

143 724 416 66 Herausgegeben
599 741 97 37 von
735 722 255 56 Professor
1032 720 68 60 L.
1149 719 279 78 Bischoff.
1586 723 184 63 Verlag
1809 720 88 52 der
1938 715 80 57 M.
2072 695 766 95 DuJfgni-Schauberg'schen
2876 714 403 65 Buchhandlung.

217 877 79 52 i\r.
340 875 84 55 28.

1428 864 172 67 KÖLN,
1642 875 71 52 15.
1905 874 137 53 1865.

2768 870 124 55 XIII.
2933 872 272 68 Jahrgang.

524 1054 190 36 Johann
744 1054 257 37 Sebastian
1029 1056 142 35 Bach.
1213 1056 85 34 Von
1329 1055 41 37 C.
1399 1056 49 35 H.
1477 1055 169 34 Bitter.
1674 1051 49 36 11.
1834 1051 175 47 „Tristan
2037 1051 78 35 und
2319 1061 74 25 von
2422 1049 165 36 Richard
2615 1050 179 45 Wagner.
2824 1049 94 34 Eine
2946 1047 342 47 musikgeschicht-

241 1055 226 36 Inhalt.

138 1117 101 36 liche
269 1115 135 35 Skizze
433 1114 65 36 der
527 1115 229 46 Gegenwart
781 1127 77 23 von
886 1116 38 35 J.
950 1117 38 35 J.
1018 1116 130 36 Abert.
1255 1116 74 34 Die
1357 1115 224 46 königliche
1608 1113 136 34 Bühne
1773 1112 40 34 in
1840 1112 130 34 Berlin
2002 1108 99 40 1864
2107 1108 161 39 —1865.
2396 1111 175 44 Tages-
2613 1110 94 33 nnd
2744 1110 28 32 U
2786 1114 105 28 nter
2903 1108 56 33 ha
2972 1108 10 32 1
2996 1115 143 37 tungs
3153 1108 20 32 b
3187 1107 68 34 lat
3272 1113 14 27 t

141 1174 195 50 (Coblenz,
365 1176 178 35 Director
569 1176 148 45 Joseph
744 1176 103 34 Lenz
876 1177 25 43 f
1007 1176 244 45 Wiesbaden,
1294 1176 101 46 Oper
1425 1176 103 45 „Des
1554 1174 163 45 Sängers
2027 1173 120 43 Paris,
2181 1172 95 46 „Die
2304 1171 239 34 Africanerin
2549 1174 16 14 u
2574 1198 8 15 ,
2626 1169 140 35 Schrift
2792 1169 93 35 über
2912 1169 233 45 Meyerbeer,
3187 1169 99 33 Herr

141 1236 118 38 Moris
364 1235 174 44 London,
567 1235 66 35 das
661 1235 241 44 Händelfest,
931 1235 165 35 Adelina
1123 1237 114 44 Patti,
1264 1234 243 35 italiänische
1537 1232 129 47 Oper).

375 1388 303 54 Johann
739 1388 419 56 Sebastian
1216 1389 210 55 Bach.

679 1515 85 34 Von
803 1514 41 36 C.
874 1515 49 35 H.
959 1514 180 35 Bitter.

885 1595 57 47 II.

764 1683 46 47 (l.
838 1697 28 23 s.
889 1684 65 36 Nr.
976 1681 79 50 23.)

261 1771 87 47 Die
377 1768 306 66 Behandlung
713 1769 78 50 des
828 1771 165 48 Stoffes
1034 1771 91 47 und
1162 1769 71 49 die
1262 1771 304 66 Einrichtung
1597 1772 78 48 des

143 1848 181 51 Buches
352 1848 55 47 ist
435 1865 49 30 so
517 1848 279 57 beschaffen,
835 1849 102 49 dass
966 1849 61 47 sie
1058 1848 71 50 die
1158 1849 263 63 Erzählung
1462 1849 81 49 der
1571 1855 75 44 äus-

143 1943 132 32 seren
305 1926 430 63 Lebensereignisse
764 1927 123 47 nicht
915 1943 84 31 von
1030 1926 81 48 der
1140 1927 196 62 Angabe
1368 1924 90 49 und
1489 1928 162 64 Bespre-

145 2004 153 64 chung
329 2003 80 47 der
444 2002 178 48 Werke
650 2011 171 49 trennt,
866 2004 188 55 welche,
1094 2002 220 49 während
1345 2003 80 50 der
1454 2006 197 47 verschie-

145 2082 146 48 denen
307 2082 142 48 Jahre
473 2081 91 48 und
585 2082 393 65 Veränderungen
1002 2082 42 48 in
1068 2082 221 48 örtlichen
1321 2083 90 47 und
1436 2083 243 48 amtlichen

142 2159 344 49 Verhältnissen
517 2159 287 56 entstanden,
834 2159 85 47 den
952 2161 186 45 inneren
1164 2159 132 63 Gang
1326 2159 82 49 der
1437 2159 216 49 künstleri-

143 2237 139 47 schen
329 2236 324 63 Entwicklung
702 2236 78 48 des
829 2237 207 47 Meisters
1089 2237 130 47 mehr
1277 2237 143 48 durch
1481 2238 71 47 die
1599 2255 52 47 ge-

145 2328 120 33 naue
327 2312 378 63 chronologische
764 2313 301 65 Reihenfolge
1122 2330 84 31 von
1260 2314 306 56 Denkmalen,
1614 2317 65 47 als

146 2390 145 47 durch
322 2389 253 55 Versuche,
619 2390 86 47 den
745 2390 126 49 Geist
914 2390 90 49 und
1050 2390 158 49 dessen
1249 2392 430 65 Schöpfungsweise

146 2486 52 30 zu
222 2467 301 64 zergliedern,
545 2468 256 49 darstellen.
834 2470 48 47 In
914 2469 81 48 der
1025 2470 158 47 letzten
1215 2470 208 49 Hinsicht
1454 2472 104 47 lässt
1586 2472 91 47 sich

147 2545 81 49 der
258 2544 237 50 Verfasser
524 2545 188 49 niemals
741 2545 72 49 die
843 2548 323 63 Anmaassung
1206 2566 54 29 zu
1290 2548 229 48 Schulden
1550 2548 97 48 kom-

150 2641 122 39 men,
301 2623 87 48 den
419 2623 204 48 fremden
650 2624 170 48 Genius
844 2625 143 47 durch
1017 2627 273 62 speculative
1310 2627 262 63 Thätigkeit
1602 2627 78 48 des

150 2703 189 63 eigenen
364 2702 175 48 Geistes
567 2703 284 48 construiren
881 2721 52 29 zu
965 2704 180 56 wollen,
1174 2703 196 49 sondern
1402 2705 98 64 gibt
1528 2705 43 47 in
1601 2704 80 48 der

151 2780 198 65 Analyse
386 2778 80 49 der
499 2779 179 50 Werke
721 2779 93 50 und
846 2780 330 65 Beurtheilung
1219 2782 240 48 derselben
1503 2799 86 31 nur
1629 2799 50 31 so

151 2858 99 54 viel,
279 2858 65 47 als
374 2857 160 64 nöthig
561 2857 71 57 ist,
663 2874 76 31 um
764 2858 103 47 dem
893 2858 313 65 verständigen
1232 2859 156 56 Leser,
1418 2859 80 48 der
1521 2859 160 51 Bach's

152 2935 324 65 Entwicklung
506 2953 56 31 an
593 2937 152 48 seinen
778 2937 212 48 Werken
1025 2938 203 47 studiren
1261 2938 105 56 will,
1407 2938 129 48 einen
1561 2938 96 48 Leit-

153 3013 132 48 faden
317 3014 42 47 in
392 3013 70 48 die
494 3013 136 49 Hand
660 3032 52 29 zu
744 3014 150 65 geben
932 3014 90 48 und
1055 3015 92 47 ihm
1180 3015 62 49 als
1272 3015 289 65 einsichtiger
1591 3015 91 47 und

152 3090 375 50 wohlwollender
553 3093 180 47 Führer
760 3109 79 31 zur
862 3092 122 48 Seite
1012 3109 52 31 zu
1096 3093 165 63 gehen,
1291 3093 80 47 der
1401 3094 74 47 ihn
1508 3093 82 48 auf
1611 3093 71 48 die

150 3169 297 63 Jahresringe
472 3169 76 48 des
580 3169 67 48 bis
675 3187 79 30 zur
783 3170 309 65 prachtvollen
1117 3170 158 49 Krone
1304 3170 345 64 emporgewach-

151 3263 136 33 senen
319 3249 228 47 Stammes
578 3248 309 48 aufmerksam
920 3248 166 63 macht,
1127 3248 112 48 aber
1267 3248 71 48 die
1370 3248 312 64 Betrachtung

242 3324 120 49 denn
392 3342 85 31 von
509 3325 262 65 Erklärung
804 3325 119 48 kann
956 3326 48 64 ja
1034 3325 115 48 doch
1181 3326 123 47 nicht
1332 3325 71 48 die
1432 3325 129 48 Rede
1589 3325 95 47 sein

158 3431 84 29 —,
284 3404 102 47 wie
423 3403 82 48 der
534 3404 177 47 Stamm
741 3404 72 47 ein
852 3404 178 47 solcher
1069 3403 266 64 geworden,
1376 3403 79 48 der
1492 3403 190 64 eigenen

153 3480 397 66 Wahrnehmung
574 3481 90 47 und
691 3480 353 65 Bewunderung
1072 3481 76 47 des
1173 3483 249 47 Geleiteten
1448 3481 234 47 überlässt.

152 3559 215 48 Indessen
399 3560 274 48 beschränkt
700 3560 91 47 sich
824 3560 80 47 der
932 3560 237 47 Verfasser
1200 3560 227 47 durchaus
1459 3560 116 46 nicht
1608 3559 82 47 auf

152 3636 170 50 blosses
352 3639 259 56 Referiren,
649 3638 197 48 sondern
877 3654 49 32 er
954 3638 96 47 tritt
1078 3638 241 48 innerhalb
1348 3638 80 48 der
1459 3639 222 52 Gränzen,

152 3715 71 48 die
252 3733 49 30 er
329 3716 92 49 sich
453 3733 220 48 gezogen,
716 3716 116 49 auch
879 3732 146 49 gegen
1058 3714 245 49 Ansichten
1347 3715 89 48 und
1479 3715 202 48 Urtheile

153 3794 113 47 über
294 3795 41 47 J.
367 3794 44 48 S.
446 3795 120 47 Bach
598 3794 94 56 auf,
733 3793 71 48 die
840 3794 188 47 seiner
1067 3793 365 62 Ueberzeugung
1462 3809 82 31 von
1576 3793 103 47 dem

155 3871 198 50 Werthe
402 3873 90 48 und
542 3873 81 48 der
664 3871 272 65 Bedeutung
975 3871 272 49 Bach'scher
1290 3871 178 50 Werke
1516 3870 135 48 wider-

151 3951 236 63 sprechen.

269 4029 114 47 Dass
415 4028 217 62 übrigens
670 4025 71 48 die
774 4026 301 64 Behandlung
1116 4025 79 48 der
1228 4025 178 49 Werke
1436 4025 160 49 Bach's
1638 4025 41 47 in

152 4104 178 49 Bitter's
363 4105 274 66 Biographie
668 4105 122 47 nicht
820 4104 146 48 blosse
993 4104 405 64 Verzeichnungen
1428 4105 114 47 nach
1567 4104 82 48 Jah-

1767 1390 172 48 reszahl
1964 1388 89 47 und
2075 1390 169 45 Datum
2272 1385 377 66 bringt,sondern
2669 1385 261 48 werthvolle
2954 1383 223 65 Analysen
3198 1383 91 47 und

1767 1467 303 62 selbständige
2127 1465 400 64 Besprechungen,
2583 1463 187 47 beweist
2817 1461 80 48 der
2947 1461 212 63 Umfang,
3209 1461 81 47 der

1771 1545 134 47 ihnen
1936 1542 248 65 gewidmet
2231 1542 71 55 ist,
2351 1541 118 48 denn
2511 1540 62 47 sie
2615 1538 195 49 nehmen
2853 1537 86 47 den
2983 1537 71 48 bei
3088 1537 204 48 Weitem

1769 1626 206 48 grössten
2005 1621 128 47 Theil
2177 1620 80 47 der
2297 1620 161 47 beiden
2491 1616 153 48 Bände
2673 1616 76 47 des
2784 1615 174 46 Buches
3001 1615 95 54 ein;
3142 1630 48 31 so
3219 1612 71 49 die

1771 1670 25 16 o

1770 1698 578 49 Kirchen-Cantaten
2380 1696 91 48 und
2502 1696 276 47 Motetten
2812 1693 49 55 1.,
2892 1693 43 47 S.
2973 1691 101 48 185
3087 1691 201 56 —272,

1770 1777 71 48 die
1872 1775 529 49 Passionsmusiken
2442 1775 48 54 1.,
2526 1773 44 47 S.
2603 1771 108 49 315
2796 1768 130 57 423,
2972 1769 78 47 das
3090 1768 163 50 Weih-

1771 1852 576 50 nachts-Oratorium
2376 1852 75 55 11.,
2479 1851 45 47 S.
2556 1849 73 47 44
2714 1847 89 57 81,
2839 1847 72 48 die
2939 1846 354 64 vierstimmigen

1773 1932 240 47 Choräle
2043 1929 71 55 IL,
2145 1929 44 47 S.
2221 1927 70 49 92
2306 1926 199 57 —llO,
2547 1926 71 48 die
2648 1926 166 47 kurzen
2846 1924 236 54 Messen,
3114 1922 67 48 die
3212 1919 52 51 ll-

1769 2007 380 58 moll-Messe,
2179 2006 80 48 das
2287 2002 286 70 Magnificat
2593 2021 42 30 u.
2659 2018 32 32 s.
2716 2018 54 31 w.
2801 2002 73 54 IL,
2898 2001 43 47 S.
2970 1999 99 49 111
3090 1997 198 57 —lB7,

1773 2087 71 47 die
1874 2084 329 49 weltlichen
2249 2082 91 48 und
2372 2078 738 66 Gelegenheits-Cantaten
3143 2078 71 55 IL,
3243 2077 45 47 S.

1780 2163 101 50 188
1967 2162 127 56 245,
2145 2162 70 47 die
2258 2159 380 65 Orgelwerke
2679 2158 74 55 11.,
2782 2157 45 48 S.
2856 2156 110 48 246
3053 2154 126 56 259,
3227 2154 72 47 die

1773 2242 255 48 Ciavier-
2074 2239 90 47 und
2213 2238 201 48 anderen
2458 2230 805 66 Instrumental-Compositio-

1774 2336 103 30 nen
1907 2318 75 55 11.,
2011 2318 45 47 S.
2088 2316 109 48 260
2211 2313 197 51 —298.

1892 2396 99 48 Von
2032 2394 86 47 den
2157 2393 317 53 Abschnitten,
2519 2389 171 48 welche
2733 2388 79 48 der
2856 2384 441 66 Lebensgeschichte

1774 2474 161 47 Bach's
1963 2472 248 66 gewidmet
2237 2472 117 56 sind,
2394 2469 227 48 umfassen
2651 2467 72 48 die
2752 2473 148 41 ersten
2931 2464 126 48 sechs
3087 2462 71 49 die
3187 2463 83 47 Ein-

1771 2552 191 65 leitung,
2004 2549 339 64 Abstammung
2372 2545 90 50 und
2495 2545 207 55 Familie,
2743 2543 180 63 Jugend
2958 2540 87 50 und
3076 2540 224 56 Lehrzeit,

1773 2629 331 64 Anstellungen
2160 2628 42 46 in
2259 2624 236 55 Arnstadt,
2559 2623 303 47 Mühlhausen
2931 2620 89 47 und
3081 2619 209 47 Weimar

1771 2704 171 66 (1703
2034 2703 179 66 1717),
2262 2703 42 48 in
2347 2702 176 49 Cöthen
2555 2698 165 67 (1717
2737 2695 254 65 —1722),
3040 2695 41 47 in
3111 2695 184 64 Leipzig

1771 2782 103 69 (seit
1910 2782 164 66 1723)
2112 2798 85 32 von
2234 2782 44 47 S.
2311 2780 31 49 2
2433 2778 123 54 184,
2599 2779 45 47 S.
2683 2775 108 51 273
2876 2774 111 51 314
3027 2774 59 47 im
3130 2774 32 47 I.
3208 2773 94 47 und

1773 2863 45 47 S.
1855 2859 202 57 1—43,
2083 2859 68 50 82
2237 2859 89 55 91,
2357 2854 297 52 299—381
2693 2855 56 47 im
2777 2854 52 48 IL
2856 2853 169 47 Bande.
3077 2850 84 48 Die
3191 2850 73 48 An-

1774 2939 184 64 hänge
1987 2939 231 47 enthalten
2250 2934 316 50 verschiedene
2598 2930 320 56 Actenstücke,
2949 2931 146 46 Texte
3119 2945 42 30 u.
3186 2944 33 31 s.
3245 2944 58 32 w.

1892 3018 102 46 Den
2034 3015 184 49 Schluss
2260 3013 78 48 des
2380 3012 176 48 Buches
2601 3009 138 48 bildet
2789 3009 100 47 eine
2930 3005 337 65 „Haupt-Zu-

1775 3093 520 62 sammenstellung
2326 3092 110 47 aller
2466 3107 99 30 von
2593 3089 39 47 J.
2667 3089 44 47 S.
2743 3086 147 49 Bach
2922 3084 350 48 hinterlasse-

1778 3188 101 32 nen
1914 3172 237 55 Werke,
2184 3187 50 30 so
2265 3170 105 46 weit
2399 3166 227 50 dieselben
2658 3164 202 48 bekannt
2881 3160 247 66 geworden

1778 3249 45 48 S.
1855 3248 71 49 80
1944 3248 192 48 —l2l.
2198 3245 155 47 Wenn
2395 3245 70 46 ein
2507 3241 322 49 thematisches
2874 3236 306 51 Verzeichniss
3223 3235 81 48 der

1782 3326 176 49 Werke
1982 3326 159 47 Bach's
2173 3325 76 46 für
2273 3324 124 63 jetzt,
2428 3321 86 47 wie
2544 3319 81 49 der
2649 3320 121 47 Herr
2794 3318 233 48 Verfasser
3058 3315 79 47 mit
3159 3312 145 49 Recht

1776 3412 119 57 sagt,
1936 3404 122 48 nicht
2100 3404 42 47 in
2188 3403 85 47 den
2307 3401 205 49 Gränzen
2542 3399 78 47 des
2648 3395 338 51 Erreichbaren
3026 3395 89 62 lag,
3158 3408 48 31 so
3250 3391 54 47 ist

1780 3499 73 29 um
1884 3499 49 29 so
1966 3481 128 47 mehr
2119 3481 121 47 seine
2828 3474 98 47 eine
2950 3471 159 49 höchst
3132 3470 147 47 schätz-

1779 3559 109 48 bare
1920 3559 88 48 und
2041 3559 69 47 die
2141 3564 116 42 erste
2287 3554 284 49 umfassende
2597 3553 161 48 Arbeit
2780 3551 80 49 der
2884 3551 84 47 Art
2999 3550 75 46 für
3100 3547 70 47 die
3191 3546 87 50 Auf-

1775 3638 196 63 zählung
2000 3636 81 49 der
2113 3634 335 49 Bestandteile
2491 3633 78 45 des
2612 3630 296 62 ungeheuren
2947 3627 232 58 Schatzes,
3220 3624 87 48 den

1779 3715 121 47 Bach
1933 3714 308 48 hinterlassen.
2298 3711 86 46 Die
2414 3709 215 58 Quellen,
2665 3723 80 31 aus
2784 3706 146 47 denen
2961 3705 79 46 der
3073 3702 233 47 Verfasser

1778 3794 78 47 mit
1882 3794 355 60 Unterstützung
2262 3789 80 48 der
2363 3789 43 47 in
2432 3787 101 47 dem
2559 3786 244 47 Vorworte
2825 3790 257 58 genannten
3110 3781 185 46 Männer

1776 3869 51 63 (s.
1851 3870 80 48 Nr.
1957 3869 89 57 23,
2077 3870 44 47 S.
2151 3866 125 62 180)
2305 3864 237 66 geschöpft
2570 3864 94 57 hat,
2693 3861 98 50 sind
2823 3878 153 31 ausser
3001 3859 84 47 den
3121 3857 156 63 biogra-

1778 3950 214 62 phischen
2017 3948 182 48 Skizzen
2231 3946 122 47 Bach
2374 3961 18 30 s
2424 3961 82 30 von
2537 3943 170 51 Mizler,
2740 3938 252 65 Hilgenleld
3020 3935 86 47 und
3137 3934 165 47 I'orkel

1776 4027 71 47 die
1876 4028 328 60 Sammlungen
2237 4024 73 46 aul
2343 4023 80 47 der
2455 4022 38 46 k.
2528 4019 255 49 Bibliothek
2824 4034 51 30 zu
2910 4015 146 46 Berlin
3097 4012 90 47 und
3227 4010 77 47 auf

1775 4104 102 48 dem
1908 4102 483 50 Joachimstharschen
2423 4098 293 66 Gymnasium
2758 4092 212 54 daselbst,
3010 4090 71 48 die
3121 4090 143 47 Samm-

3004 4169 67 49 28
