<?xml version="1.0" encoding="UTF-8"?>
<alto xmlns:xsi="http://www.w3.org/2001/XMLSchema-instance" xmlns="http://www.loc.gov/standards/alto/ns-v2#" xsi:schemaLocation="http://www.loc.gov/standards/alto/ns-v2# http://www.loc.gov/standards/alto/alto-v2.0.xsd" xmlns:xlink="http://www.w3.org/1999/xlink">
	<Description>
		<MeasurementUnit>mm10</MeasurementUnit>
		<sourceImageInformation>
			<fileName>//fileserver7/IN2/Princeton/Batch5/bmtnabi/1865/07/15_01/00000231.tif</fileName>
		</sourceImageInformation>
		<OCRProcessing ID="OCRPROCESSING_1">
			<preProcessingStep>
				<processingSoftware>
					<softwareCreator>CCS Content Conversion Specialists GmbH, Germany</softwareCreator>
					<softwareName>CCS docWORKS</softwareName>
					<softwareVersion>6.6-1.18</softwareVersion>
				</processingSoftware>
			</preProcessingStep>
			<ocrProcessingStep>
				<processingSoftware>
					<softwareCreator>ABBYY (BIT Software), Russia</softwareCreator>
					<softwareName>FineReader</softwareName>
					<softwareVersion>10.0</softwareVersion>
				</processingSoftware>
			</ocrProcessingStep>
		</OCRProcessing>
	</Description>
	<Styles>
		<TextStyle ID="TXT_0" FONTSIZE="14" FONTFAMILY="Times New Roman"/>
		<TextStyle ID="TXT_1" FONTSIZE="18" FONTFAMILY="Times New Roman" FONTSTYLE="bold"/>
		<TextStyle ID="TXT_2" FONTSIZE="18" FONTFAMILY="Times New Roman" FONTSTYLE="italics"/>
		<ParagraphStyle ID="PAR_LEFT" ALIGN="Left"/>
		<ParagraphStyle ID="PAR_BLOCK" ALIGN="Block"/>
		<ParagraphStyle ID="PAR_RIGHT" ALIGN="Right"/>
	</Styles>
	<Layout>
		<Page ID="P7" PHYSICAL_IMG_NR="7" HEIGHT="4412" WIDTH="3518" PRINTED_IMG_NR="223" PC="0.900">
			<TopMargin ID="P7_TM00001" HPOS="0" VPOS="0" WIDTH="3518" HEIGHT="211">
				<TextBlock ID="P7_TB00001" HPOS="1636" VPOS="159" WIDTH="106" HEIGHT="50" STYLEREFS="TXT_0 PAR_LEFT">
					<TextLine ID="P7_TL00001" HPOS="1636" VPOS="159" WIDTH="105" HEIGHT="50">
						<String ID="P7_ST00001" HPOS="1636" VPOS="159" WIDTH="105" HEIGHT="50" CONTENT="223" WC="1.00" CC="000"/>
					</TextLine>
				</TextBlock>
			</TopMargin>
			<LeftMargin ID="P7_LM00001" HPOS="0" VPOS="211" WIDTH="108" HEIGHT="3948"/>
			<RightMargin ID="P7_RM00001" HPOS="3261" VPOS="211" WIDTH="257" HEIGHT="3948"/>
			<BottomMargin ID="P7_BM00001" HPOS="0" VPOS="4159" WIDTH="3518" HEIGHT="253"/>
			<PrintSpace ID="P7_PS00001" HPOS="108" VPOS="211" WIDTH="3153" HEIGHT="3948">
				<TextBlock ID="P7_TB00002" HPOS="108" VPOS="291" WIDTH="1539" HEIGHT="3868" STYLEREFS="TXT_0 PAR_BLOCK">
					<TextLine ID="P7_TL00002" HPOS="125" VPOS="291" WIDTH="1516" HEIGHT="64">
						<String ID="P7_ST00002" HPOS="125" VPOS="311" WIDTH="81" HEIGHT="34" CONTENT="nen" SUBS_TYPE="HypPart2" SUBS_CONTENT="schönen" WC="0.55" CC="813"/>
						<SP ID="P7_SP00001" HPOS="206" VPOS="345" WIDTH="32"/>
						<String ID="P7_ST00003" HPOS="238" VPOS="292" WIDTH="252" HEIGHT="61" CONTENT="Gegensatz" WC="0.98" CC="429481066"/>
						<SP ID="P7_SP00002" HPOS="490" VPOS="353" WIDTH="33"/>
						<String ID="P7_ST00004" HPOS="523" VPOS="291" WIDTH="346" HEIGHT="50" CONTENT="herbeiführen." WC="0.99" CC="6030008050054"/>
						<SP ID="P7_SP00003" HPOS="869" VPOS="353" WIDTH="58"/>
						<String ID="P7_ST00005" HPOS="927" VPOS="296" WIDTH="59" HEIGHT="46" CONTENT="Ist" WC="0.94" CC="834"/>
						<SP ID="P7_SP00004" HPOS="986" VPOS="353" WIDTH="38"/>
						<String ID="P7_ST00006" HPOS="1024" VPOS="296" WIDTH="93" HEIGHT="49" CONTENT="dies" WC="1.00" CC="0100"/>
						<SP ID="P7_SP00005" HPOS="1117" VPOS="353" WIDTH="39"/>
						<String ID="P7_ST00007" HPOS="1156" VPOS="299" WIDTH="121" HEIGHT="47" CONTENT="nicht" WC="0.97" CC="40736"/>
						<SP ID="P7_SP00006" HPOS="1277" VPOS="353" WIDTH="36"/>
						<String ID="P7_ST00008" HPOS="1313" VPOS="298" WIDTH="80" HEIGHT="48" CONTENT="der" WC="0.97" CC="034"/>
						<SP ID="P7_SP00007" HPOS="1393" VPOS="353" WIDTH="46"/>
						<String ID="P7_ST00009" HPOS="1439" VPOS="299" WIDTH="113" HEIGHT="56" CONTENT="Fall," WC="0.98" CC="04403"/>
						<SP ID="P7_SP00008" HPOS="1552" VPOS="355" WIDTH="41"/>
						<String ID="P7_ST00010" HPOS="1593" VPOS="317" WIDTH="48" HEIGHT="30" CONTENT="so" WC="0.82" CC="12"/>
					</TextLine>
					<TextLine ID="P7_TL00003" HPOS="122" VPOS="367" WIDTH="1522" HEIGHT="61">
						<String ID="P7_ST00011" HPOS="122" VPOS="371" WIDTH="126" HEIGHT="50" CONTENT="straft" WC="0.97" CC="466643"/>
						<SP ID="P7_SP00009" HPOS="248" VPOS="421" WIDTH="29"/>
						<String ID="P7_ST00012" HPOS="277" VPOS="367" WIDTH="90" HEIGHT="47" CONTENT="sich" WC="0.98" CC="1007"/>
						<SP ID="P7_SP00010" HPOS="367" VPOS="421" WIDTH="42"/>
						<String ID="P7_ST00013" HPOS="409" VPOS="369" WIDTH="70" HEIGHT="45" CONTENT="ein" WC="0.97" CC="007"/>
						<SP ID="P7_SP00011" HPOS="479" VPOS="421" WIDTH="43"/>
						<String ID="P7_ST00014" HPOS="522" VPOS="367" WIDTH="177" HEIGHT="47" CONTENT="solcher" WC="0.98" CC="6470203"/>
						<SP ID="P7_SP00012" HPOS="699" VPOS="421" WIDTH="31"/>
						<String ID="P7_ST00015" HPOS="730" VPOS="370" WIDTH="155" HEIGHT="48" CONTENT="Frevel" WC="0.99" CC="530002"/>
						<SP ID="P7_SP00013" HPOS="885" VPOS="421" WIDTH="40"/>
						<String ID="P7_ST00016" HPOS="925" VPOS="371" WIDTH="221" HEIGHT="57" CONTENT="dadurch," WC="1.00" CC="00000070"/>
						<SP ID="P7_SP00014" HPOS="1146" VPOS="428" WIDTH="37"/>
						<String ID="P7_ST00017" HPOS="1183" VPOS="375" WIDTH="101" HEIGHT="47" CONTENT="dass" WC="0.67" CC="0354"/>
						<SP ID="P7_SP00015" HPOS="1284" VPOS="428" WIDTH="32"/>
						<String ID="P7_ST00018" HPOS="1316" VPOS="391" WIDTH="104" HEIGHT="31" CONTENT="man" WC="0.99" CC="030"/>
						<SP ID="P7_SP00016" HPOS="1420" VPOS="428" WIDTH="31"/>
						<String ID="P7_ST00019" HPOS="1451" VPOS="391" WIDTH="82" HEIGHT="31" CONTENT="von" WC="1.00" CC="000"/>
						<SP ID="P7_SP00017" HPOS="1533" VPOS="428" WIDTH="31"/>
						<String ID="P7_ST00020" HPOS="1564" VPOS="375" WIDTH="80" HEIGHT="48" CONTENT="der" WC="0.99" CC="003"/>
					</TextLine>
					<TextLine ID="P7_TL00004" HPOS="122" VPOS="444" WIDTH="1520" HEIGHT="67">
						<String ID="P7_ST00021" HPOS="122" VPOS="446" WIDTH="153" HEIGHT="51" CONTENT="Macht" WC="0.97" CC="52076"/>
						<SP ID="P7_SP00018" HPOS="275" VPOS="497" WIDTH="27"/>
						<String ID="P7_ST00022" HPOS="302" VPOS="444" WIDTH="228" HEIGHT="47" CONTENT="tonischer" WC="0.99" CC="006060700"/>
						<SP ID="P7_SP00019" HPOS="530" VPOS="497" WIDTH="34"/>
						<String ID="P7_ST00023" HPOS="564" VPOS="445" WIDTH="267" HEIGHT="48" CONTENT="Finsterniss" WC="0.89" CC="00710002001"/>
						<SP ID="P7_SP00020" HPOS="831" VPOS="497" WIDTH="38"/>
						<String ID="P7_ST00024" HPOS="869" VPOS="449" WIDTH="231" HEIGHT="62" CONTENT="ergriffen," WC="1.00" CC="0400007102"/>
						<SP ID="P7_SP00021" HPOS="1100" VPOS="511" WIDTH="39"/>
						<String ID="P7_ST00025" HPOS="1139" VPOS="451" WIDTH="121" HEIGHT="47" CONTENT="nicht" WC="0.97" CC="80045"/>
						<SP ID="P7_SP00022" HPOS="1260" VPOS="511" WIDTH="39"/>
						<String ID="P7_ST00026" HPOS="1299" VPOS="451" WIDTH="112" HEIGHT="47" CONTENT="aber" WC="0.98" CC="0604"/>
						<SP ID="P7_SP00023" HPOS="1411" VPOS="511" WIDTH="37"/>
						<String ID="P7_ST00027" HPOS="1448" VPOS="468" WIDTH="84" HEIGHT="30" CONTENT="von" WC="0.96" CC="054"/>
						<SP ID="P7_SP00024" HPOS="1532" VPOS="511" WIDTH="30"/>
						<String ID="P7_ST00028" HPOS="1562" VPOS="452" WIDTH="80" HEIGHT="47" CONTENT="der" WC="1.00" CC="000"/>
					</TextLine>
					<TextLine ID="P7_TL00005" HPOS="123" VPOS="520" WIDTH="1519" HEIGHT="59">
						<String ID="P7_ST00029" HPOS="123" VPOS="522" WIDTH="129" HEIGHT="51" CONTENT="Kraft" WC="0.97" CC="74606"/>
						<SP ID="P7_SP00025" HPOS="252" VPOS="573" WIDTH="29"/>
						<String ID="P7_ST00030" HPOS="281" VPOS="520" WIDTH="77" HEIGHT="48" CONTENT="des" WC="0.97" CC="043"/>
						<SP ID="P7_SP00026" HPOS="358" VPOS="573" WIDTH="31"/>
						<String ID="P7_ST00031" HPOS="389" VPOS="520" WIDTH="180" HEIGHT="48" CONTENT="Lichtes" WC="0.99" CC="0105402"/>
						<SP ID="P7_SP00027" HPOS="569" VPOS="573" WIDTH="33"/>
						<String ID="P7_ST00032" HPOS="602" VPOS="521" WIDTH="264" HEIGHT="50" CONTENT="beherrscht" WC="0.99" CC="7070452003"/>
						<SP ID="P7_SP00028" HPOS="866" VPOS="573" WIDTH="32"/>
						<String ID="P7_ST00033" HPOS="898" VPOS="525" WIDTH="128" HEIGHT="54" CONTENT="wird," WC="1.00" CC="00000"/>
						<SP ID="P7_SP00029" HPOS="1026" VPOS="579" WIDTH="45"/>
						<String ID="P7_ST00034" HPOS="1071" VPOS="526" WIDTH="87" HEIGHT="48" CONTENT="und" WC="0.97" CC="330"/>
						<SP ID="P7_SP00030" HPOS="1158" VPOS="579" WIDTH="46"/>
						<String ID="P7_ST00035" HPOS="1204" VPOS="527" WIDTH="114" HEIGHT="49" CONTENT="eben" WC="0.96" CC="0646"/>
						<SP ID="P7_SP00031" HPOS="1318" VPOS="579" WIDTH="31"/>
						<String ID="P7_ST00036" HPOS="1349" VPOS="530" WIDTH="60" HEIGHT="44" CONTENT="im" WC="0.57" CC="08"/>
						<SP ID="P7_SP00032" HPOS="1409" VPOS="579" WIDTH="29"/>
						<String ID="P7_ST00037" HPOS="1438" VPOS="527" WIDTH="175" HEIGHT="49" CONTENT="Zauber" SUBS_TYPE="HypPart1" SUBS_CONTENT="Zauberkreise" WC="0.99" CC="003055"/>
						<HYP HPOS="1613" VPOS="527" WIDTH="29" CONTENT="-"/>
					</TextLine>
					<TextLine ID="P7_TL00006" HPOS="123" VPOS="597" WIDTH="1522" HEIGHT="69">
						<String ID="P7_ST00038" HPOS="123" VPOS="601" WIDTH="141" HEIGHT="50" CONTENT="kreise" SUBS_TYPE="HypPart2" SUBS_CONTENT="Zauberkreise" WC="1.00" CC="000010"/>
						<SP ID="P7_SP00033" HPOS="264" VPOS="651" WIDTH="49"/>
						<String ID="P7_ST00039" HPOS="313" VPOS="597" WIDTH="127" HEIGHT="47" CONTENT="einer" WC="0.99" CC="00104"/>
						<SP ID="P7_SP00034" HPOS="440" VPOS="651" WIDTH="47"/>
						<String ID="P7_ST00040" HPOS="487" VPOS="597" WIDTH="124" HEIGHT="48" CONTENT="solch" WC="0.99" CC="02002"/>
						<SP ID="P7_SP00035" HPOS="611" VPOS="651" WIDTH="59"/>
						<String ID="P7_ST00041" HPOS="670" VPOS="601" WIDTH="469" HEIGHT="65" CONTENT="mystisch-tonischen" WC="1.00" CC="001204040031050405"/>
						<SP ID="P7_SP00036" HPOS="1139" VPOS="666" WIDTH="52"/>
						<String ID="P7_ST00042" HPOS="1191" VPOS="605" WIDTH="282" HEIGHT="47" CONTENT="Dunkelheit" WC="1.00" CC="0070025000"/>
						<SP ID="P7_SP00037" HPOS="1473" VPOS="666" WIDTH="54"/>
						<String ID="P7_ST00043" HPOS="1527" VPOS="606" WIDTH="118" HEIGHT="47" CONTENT="steht" WC="0.99" CC="04040"/>
					</TextLine>
					<TextLine ID="P7_TL00007" HPOS="123" VPOS="675" WIDTH="538" HEIGHT="66">
						<String ID="P7_ST00044" HPOS="123" VPOS="679" WIDTH="210" HEIGHT="62" CONTENT="Wagner" WC="0.99" CC="010500"/>
						<SP ID="P7_SP00038" HPOS="333" VPOS="741" WIDTH="25"/>
						<String ID="P7_ST00045" HPOS="358" VPOS="675" WIDTH="303" HEIGHT="63" CONTENT="festgebannt." WC="0.99" CC="006700606051"/>
					</TextLine>
					<TextLine ID="P7_TL00008" HPOS="238" VPOS="752" WIDTH="1403" HEIGHT="55">
						<String ID="P7_ST00046" HPOS="238" VPOS="755" WIDTH="82" HEIGHT="47" CONTENT="Um" WC="0.14" CC="79"/>
						<SP ID="P7_SP00039" HPOS="320" VPOS="802" WIDTH="33"/>
						<String ID="P7_ST00047" HPOS="353" VPOS="752" WIDTH="116" HEIGHT="47" CONTENT="auch" WC="0.98" CC="4300"/>
						<SP ID="P7_SP00040" HPOS="469" VPOS="802" WIDTH="32"/>
						<String ID="P7_ST00048" HPOS="501" VPOS="752" WIDTH="80" HEIGHT="48" CONTENT="der" WC="0.96" CC="045"/>
						<SP ID="P7_SP00041" HPOS="581" VPOS="802" WIDTH="30"/>
						<String ID="P7_ST00049" HPOS="611" VPOS="755" WIDTH="199" HEIGHT="47" CONTENT="anderen" WC="0.99" CC="3000500"/>
						<SP ID="P7_SP00042" HPOS="810" VPOS="802" WIDTH="25"/>
						<String ID="P7_ST00050" HPOS="835" VPOS="756" WIDTH="120" HEIGHT="47" CONTENT="Seite" WC="0.98" CC="50160"/>
						<SP ID="P7_SP00043" HPOS="955" VPOS="803" WIDTH="23"/>
						<String ID="P7_ST00051" HPOS="978" VPOS="757" WIDTH="217" HEIGHT="49" CONTENT="Tristan's" WC="0.88" CC="040140000"/>
						<SP ID="P7_SP00044" HPOS="1195" VPOS="806" WIDTH="83"/>
						<String ID="P7_ST00052" HPOS="1278" VPOS="757" WIDTH="80" HEIGHT="50" CONTENT="der" WC="0.98" CC="004"/>
						<SP ID="P7_SP00045" HPOS="1358" VPOS="807" WIDTH="29"/>
						<String ID="P7_ST00053" HPOS="1387" VPOS="759" WIDTH="229" HEIGHT="48" CONTENT="orchestra" SUBS_TYPE="HypPart1" SUBS_CONTENT="orchestralen" WC="0.99" CC="440407120"/>
						<HYP HPOS="1616" VPOS="759" WIDTH="25" CONTENT="-"/>
					</TextLine>
					<TextLine ID="P7_TL00009" HPOS="123" VPOS="830" WIDTH="1521" HEIGHT="66">
						<String ID="P7_ST00054" HPOS="123" VPOS="837" WIDTH="66" HEIGHT="46" CONTENT="len" SUBS_TYPE="HypPart2" SUBS_CONTENT="orchestralen" WC="0.96" CC="604"/>
						<SP ID="P7_SP00046" HPOS="189" VPOS="883" WIDTH="25"/>
						<String ID="P7_ST00055" HPOS="214" VPOS="830" WIDTH="461" HEIGHT="48" CONTENT="Situations-Malerei" WC="1.00" CC="005036037120520000"/>
						<SP ID="P7_SP00047" HPOS="675" VPOS="883" WIDTH="85"/>
						<String ID="P7_ST00056" HPOS="760" VPOS="833" WIDTH="188" HEIGHT="63" CONTENT="gerecht" WC="1.00" CC="0010041"/>
						<SP ID="P7_SP00048" HPOS="948" VPOS="896" WIDTH="21"/>
						<String ID="P7_ST00057" HPOS="969" VPOS="851" WIDTH="51" HEIGHT="29" CONTENT="zu" WC="0.56" CC="80"/>
						<SP ID="P7_SP00049" HPOS="1020" VPOS="896" WIDTH="27"/>
						<String ID="P7_ST00058" HPOS="1047" VPOS="833" WIDTH="200" HEIGHT="58" CONTENT="werden," WC="0.99" CC="0030060"/>
						<SP ID="P7_SP00050" HPOS="1247" VPOS="896" WIDTH="30"/>
						<String ID="P7_ST00059" HPOS="1277" VPOS="851" WIDTH="48" HEIGHT="31" CONTENT="so" WC="0.73" CC="04"/>
						<SP ID="P7_SP00051" HPOS="1325" VPOS="896" WIDTH="29"/>
						<String ID="P7_ST00060" HPOS="1354" VPOS="836" WIDTH="60" HEIGHT="47" CONTENT="sei" WC="1.00" CC="000"/>
						<SP ID="P7_SP00052" HPOS="1414" VPOS="896" WIDTH="25"/>
						<String ID="P7_ST00061" HPOS="1439" VPOS="836" WIDTH="80" HEIGHT="47" CONTENT="mit" WC="0.95" CC="904"/>
						<SP ID="P7_SP00053" HPOS="1519" VPOS="896" WIDTH="22"/>
						<String ID="P7_ST00062" HPOS="1541" VPOS="836" WIDTH="78" HEIGHT="47" CONTENT="der" SUBS_TYPE="HypPart1" SUBS_CONTENT="derselben" WC="0.99" CC="000"/>
						<HYP HPOS="1619" VPOS="836" WIDTH="25" CONTENT="-"/>
					</TextLine>
					<TextLine ID="P7_TL00010" HPOS="121" VPOS="906" WIDTH="1523" HEIGHT="70">
						<String ID="P7_ST00063" HPOS="121" VPOS="910" WIDTH="150" HEIGHT="48" CONTENT="selben" SUBS_TYPE="HypPart2" SUBS_CONTENT="derselben" WC="0.99" CC="200507"/>
						<SP ID="P7_SP00054" HPOS="271" VPOS="958" WIDTH="26"/>
						<String ID="P7_ST00064" HPOS="297" VPOS="906" WIDTH="398" HEIGHT="65" CONTENT="Freimütigkeit," WC="1.00" CC="00000081000020"/>
						<SP ID="P7_SP00055" HPOS="695" VPOS="971" WIDTH="25"/>
						<String ID="P7_ST00065" HPOS="720" VPOS="908" WIDTH="80" HEIGHT="47" CONTENT="mit" WC="0.99" CC="010"/>
						<SP ID="P7_SP00056" HPOS="800" VPOS="971" WIDTH="24"/>
						<String ID="P7_ST00066" HPOS="824" VPOS="910" WIDTH="196" HEIGHT="47" CONTENT="welcher" WC="1.00" CC="0000000"/>
						<SP ID="P7_SP00057" HPOS="1020" VPOS="971" WIDTH="23"/>
						<String ID="P7_ST00067" HPOS="1043" VPOS="910" WIDTH="79" HEIGHT="48" CONTENT="der" WC="1.00" CC="000"/>
						<SP ID="P7_SP00058" HPOS="1122" VPOS="971" WIDTH="24"/>
						<String ID="P7_ST00068" HPOS="1146" VPOS="912" WIDTH="239" HEIGHT="47" CONTENT="Kehrseite" WC="0.99" CC="507030060"/>
						<SP ID="P7_SP00059" HPOS="1385" VPOS="971" WIDTH="30"/>
						<String ID="P7_ST00069" HPOS="1415" VPOS="911" WIDTH="80" HEIGHT="48" CONTENT="der" WC="0.99" CC="003"/>
						<SP ID="P7_SP00060" HPOS="1495" VPOS="971" WIDTH="22"/>
						<String ID="P7_ST00070" HPOS="1517" VPOS="912" WIDTH="127" HEIGHT="64" CONTENT="Oper" WC="0.99" CC="0003"/>
					</TextLine>
					<TextLine ID="P7_TL00011" HPOS="122" VPOS="983" WIDTH="1522" HEIGHT="70">
						<String ID="P7_ST00071" HPOS="122" VPOS="985" WIDTH="193" HEIGHT="68" CONTENT="gedacht" WC="0.99" CC="3300602"/>
						<SP ID="P7_SP00061" HPOS="315" VPOS="1053" WIDTH="31"/>
						<String ID="P7_ST00072" HPOS="346" VPOS="983" WIDTH="175" HEIGHT="54" CONTENT="wurde," WC="0.99" CC="005001"/>
						<SP ID="P7_SP00062" HPOS="521" VPOS="1053" WIDTH="44"/>
						<String ID="P7_ST00073" HPOS="565" VPOS="985" WIDTH="82" HEIGHT="47" CONTENT="auf" WC="0.95" CC="345"/>
						<SP ID="P7_SP00063" HPOS="647" VPOS="1053" WIDTH="30"/>
						<String ID="P7_ST00074" HPOS="677" VPOS="985" WIDTH="71" HEIGHT="48" CONTENT="die" WC="0.98" CC="006"/>
						<SP ID="P7_SP00064" HPOS="748" VPOS="1053" WIDTH="41"/>
						<String ID="P7_ST00075" HPOS="789" VPOS="986" WIDTH="227" HEIGHT="48" CONTENT="wahrhaft" WC="0.98" CC="93235006"/>
						<SP ID="P7_SP00065" HPOS="1016" VPOS="1053" WIDTH="28"/>
						<String ID="P7_ST00076" HPOS="1044" VPOS="988" WIDTH="206" HEIGHT="63" CONTENT="genialen" WC="0.98" CC="00804678"/>
						<SP ID="P7_SP00066" HPOS="1250" VPOS="1053" WIDTH="32"/>
						<String ID="P7_ST00077" HPOS="1282" VPOS="990" WIDTH="232" HEIGHT="47" CONTENT="Momente" WC="0.99" CC="0504600"/>
						<SP ID="P7_SP00067" HPOS="1514" VPOS="1053" WIDTH="31"/>
						<String ID="P7_ST00078" HPOS="1545" VPOS="990" WIDTH="75" HEIGHT="47" CONTENT="hin" SUBS_TYPE="HypPart1" SUBS_CONTENT="hingewiesen," WC="0.98" CC="005"/>
						<HYP HPOS="1620" VPOS="990" WIDTH="24" CONTENT="-"/>
					</TextLine>
					<TextLine ID="P7_TL00012" HPOS="122" VPOS="1061" WIDTH="1522" HEIGHT="71">
						<String ID="P7_ST00079" HPOS="122" VPOS="1063" WIDTH="239" HEIGHT="68" CONTENT="gewiesen," SUBS_TYPE="HypPart2" SUBS_CONTENT="hingewiesen," WC="0.99" CC="909016060"/>
						<SP ID="P7_SP00068" HPOS="361" VPOS="1131" WIDTH="23"/>
						<String ID="P7_ST00080" HPOS="384" VPOS="1061" WIDTH="70" HEIGHT="48" CONTENT="die" WC="1.00" CC="000"/>
						<SP ID="P7_SP00069" HPOS="454" VPOS="1131" WIDTH="21"/>
						<String ID="P7_ST00081" HPOS="475" VPOS="1061" WIDTH="118" HEIGHT="48" CONTENT="dann" WC="0.98" CC="0062"/>
						<SP ID="P7_SP00070" HPOS="593" VPOS="1131" WIDTH="26"/>
						<String ID="P7_ST00082" HPOS="619" VPOS="1063" WIDTH="237" HEIGHT="56" CONTENT="eintreten," WC="0.99" CC="0183503060"/>
						<SP ID="P7_SP00071" HPOS="856" VPOS="1131" WIDTH="19"/>
						<String ID="P7_ST00083" HPOS="875" VPOS="1081" WIDTH="130" HEIGHT="31" CONTENT="wenn" WC="0.98" CC="0070"/>
						<SP ID="P7_SP00072" HPOS="1005" VPOS="1131" WIDTH="21"/>
						<String ID="P7_ST00084" HPOS="1026" VPOS="1065" WIDTH="210" HEIGHT="64" CONTENT="Wagner" WC="0.98" CC="057703"/>
						<SP ID="P7_SP00073" HPOS="1236" VPOS="1131" WIDTH="18"/>
						<String ID="P7_ST00085" HPOS="1254" VPOS="1066" WIDTH="70" HEIGHT="47" CONTENT="die" WC="1.00" CC="000"/>
						<SP ID="P7_SP00074" HPOS="1324" VPOS="1131" WIDTH="17"/>
						<String ID="P7_ST00086" HPOS="1341" VPOS="1066" WIDTH="303" HEIGHT="66" CONTENT="Schilderung" WC="0.99" CC="00506000569"/>
					</TextLine>
					<TextLine ID="P7_TL00013" HPOS="122" VPOS="1138" WIDTH="1523" HEIGHT="65">
						<String ID="P7_ST00087" HPOS="122" VPOS="1142" WIDTH="121" HEIGHT="48" CONTENT="einer" WC="0.99" CC="00404"/>
						<SP ID="P7_SP00075" HPOS="243" VPOS="1190" WIDTH="42"/>
						<String ID="P7_ST00088" HPOS="285" VPOS="1138" WIDTH="415" HEIGHT="65" CONTENT="Seelenstimmung" WC="1.00" CC="50000620003260"/>
						<SP ID="P7_SP00076" HPOS="700" VPOS="1203" WIDTH="43"/>
						<String ID="P7_ST00089" HPOS="743" VPOS="1141" WIDTH="353" HEIGHT="47" CONTENT="ausschliesslich" WC="0.99" CC="740407000060175"/>
						<SP ID="P7_SP00077" HPOS="1096" VPOS="1203" WIDTH="45"/>
						<String ID="P7_ST00090" HPOS="1141" VPOS="1141" WIDTH="100" HEIGHT="48" CONTENT="dem" WC="0.99" CC="002"/>
						<SP ID="P7_SP00078" HPOS="1241" VPOS="1203" WIDTH="33"/>
						<String ID="P7_ST00091" HPOS="1274" VPOS="1142" WIDTH="248" HEIGHT="50" CONTENT="Orchester" WC="0.99" CC="300301005"/>
						<SP ID="P7_SP00079" HPOS="1522" VPOS="1203" WIDTH="44"/>
						<String ID="P7_ST00092" HPOS="1566" VPOS="1160" WIDTH="53" HEIGHT="32" CONTENT="an" SUBS_TYPE="HypPart1" SUBS_CONTENT="anweist." WC="0.96" CC="50"/>
						<HYP HPOS="1619" VPOS="1160" WIDTH="26" CONTENT="-"/>
					</TextLine>
					<TextLine ID="P7_TL00014" HPOS="121" VPOS="1217" WIDTH="1525" HEIGHT="65">
						<String ID="P7_ST00093" HPOS="121" VPOS="1218" WIDTH="136" HEIGHT="50" CONTENT="weist." SUBS_TYPE="HypPart2" SUBS_CONTENT="anweist." WC="0.98" CC="900023"/>
						<SP ID="P7_SP00080" HPOS="257" VPOS="1268" WIDTH="33"/>
						<String ID="P7_ST00094" HPOS="290" VPOS="1217" WIDTH="77" HEIGHT="47" CONTENT="Als" WC="0.98" CC="050"/>
						<SP ID="P7_SP00081" HPOS="367" VPOS="1268" WIDTH="26"/>
						<String ID="P7_ST00095" HPOS="393" VPOS="1217" WIDTH="188" HEIGHT="65" CONTENT="Beispiel" WC="0.99" CC="60060006"/>
						<SP ID="P7_SP00082" HPOS="581" VPOS="1282" WIDTH="25"/>
						<String ID="P7_ST00096" HPOS="606" VPOS="1218" WIDTH="60" HEIGHT="47" CONTENT="sei" WC="0.98" CC="400"/>
						<SP ID="P7_SP00083" HPOS="666" VPOS="1282" WIDTH="25"/>
						<String ID="P7_ST00097" HPOS="691" VPOS="1218" WIDTH="80" HEIGHT="47" CONTENT="der" WC="0.99" CC="001"/>
						<SP ID="P7_SP00084" HPOS="771" VPOS="1282" WIDTH="29"/>
						<String ID="P7_ST00098" HPOS="800" VPOS="1235" WIDTH="146" HEIGHT="47" CONTENT="gegen" WC="0.97" CC="03906"/>
						<SP ID="P7_SP00085" HPOS="946" VPOS="1282" WIDTH="32"/>
						<String ID="P7_ST00099" HPOS="978" VPOS="1218" WIDTH="79" HEIGHT="49" CONTENT="das" WC="1.00" CC="000"/>
						<SP ID="P7_SP00086" HPOS="1057" VPOS="1282" WIDTH="24"/>
						<String ID="P7_ST00100" HPOS="1081" VPOS="1218" WIDTH="130" HEIGHT="49" CONTENT="Ende" WC="1.00" CC="0200"/>
						<SP ID="P7_SP00087" HPOS="1211" VPOS="1282" WIDTH="22"/>
						<String ID="P7_ST00101" HPOS="1233" VPOS="1220" WIDTH="77" HEIGHT="47" CONTENT="des" WC="1.00" CC="000"/>
						<SP ID="P7_SP00088" HPOS="1310" VPOS="1282" WIDTH="29"/>
						<String ID="P7_ST00102" HPOS="1339" VPOS="1228" WIDTH="147" HEIGHT="41" CONTENT="ersten" WC="0.99" CC="025000"/>
						<SP ID="P7_SP00089" HPOS="1486" VPOS="1282" WIDTH="26"/>
						<String ID="P7_ST00103" HPOS="1512" VPOS="1222" WIDTH="134" HEIGHT="47" CONTENT="Actes" WC="0.98" CC="30704"/>
					</TextLine>
					<TextLine ID="P7_TL00015" HPOS="121" VPOS="1292" WIDTH="1521" HEIGHT="66">
						<String ID="P7_ST00104" HPOS="121" VPOS="1292" WIDTH="278" HEIGHT="53" CONTENT="eintretende" WC="1.00" CC="00130051600"/>
						<SP ID="P7_SP00090" HPOS="399" VPOS="1345" WIDTH="30"/>
						<String ID="P7_ST00105" HPOS="429" VPOS="1294" WIDTH="206" HEIGHT="47" CONTENT="Moment" WC="0.98" CC="042232"/>
						<SP ID="P7_SP00091" HPOS="635" VPOS="1345" WIDTH="36"/>
						<String ID="P7_ST00106" HPOS="671" VPOS="1297" WIDTH="269" HEIGHT="61" CONTENT="angeführt," WC="0.99" CC="0290807054"/>
						<SP ID="P7_SP00092" HPOS="940" VPOS="1358" WIDTH="41"/>
						<String ID="P7_ST00107" HPOS="981" VPOS="1294" WIDTH="43" HEIGHT="49" CONTENT="in" WC="0.73" CC="05"/>
						<SP ID="P7_SP00093" HPOS="1024" VPOS="1358" WIDTH="44"/>
						<String ID="P7_ST00108" HPOS="1068" VPOS="1296" WIDTH="216" HEIGHT="48" CONTENT="welchem" WC="0.99" CC="0004500"/>
						<SP ID="P7_SP00094" HPOS="1284" VPOS="1358" WIDTH="47"/>
						<String ID="P7_ST00109" HPOS="1331" VPOS="1298" WIDTH="178" HEIGHT="47" CONTENT="Tristan" WC="0.99" CC="0400506"/>
						<SP ID="P7_SP00095" HPOS="1509" VPOS="1358" WIDTH="44"/>
						<String ID="P7_ST00110" HPOS="1553" VPOS="1297" WIDTH="89" HEIGHT="48" CONTENT="und" WC="0.97" CC="070"/>
					</TextLine>
					<TextLine ID="P7_TL00016" HPOS="122" VPOS="1371" WIDTH="1520" HEIGHT="58">
						<String ID="P7_ST00111" HPOS="122" VPOS="1372" WIDTH="142" HEIGHT="49" CONTENT="Isolde" WC="0.99" CC="770000"/>
						<SP ID="P7_SP00096" HPOS="264" VPOS="1421" WIDTH="31"/>
						<String ID="P7_ST00112" HPOS="295" VPOS="1371" WIDTH="86" HEIGHT="47" CONTENT="den" WC="0.97" CC="007"/>
						<SP ID="P7_SP00097" HPOS="381" VPOS="1421" WIDTH="31"/>
						<String ID="P7_ST00113" HPOS="412" VPOS="1372" WIDTH="367" HEIGHT="47" CONTENT="vermeintlichen" WC="0.99" CC="01590075040026"/>
						<SP ID="P7_SP00098" HPOS="779" VPOS="1421" WIDTH="26"/>
						<String ID="P7_ST00114" HPOS="805" VPOS="1372" WIDTH="281" HEIGHT="57" CONTENT="Giftbecher," WC="1.00" CC="30061002050"/>
						<SP ID="P7_SP00099" HPOS="1086" VPOS="1429" WIDTH="31"/>
						<String ID="P7_ST00115" HPOS="1117" VPOS="1373" WIDTH="80" HEIGHT="48" CONTENT="der" WC="0.98" CC="004"/>
						<SP ID="P7_SP00100" HPOS="1197" VPOS="1429" WIDTH="30"/>
						<String ID="P7_ST00116" HPOS="1227" VPOS="1373" WIDTH="85" HEIGHT="48" CONTENT="den" WC="0.97" CC="007"/>
						<SP ID="P7_SP00101" HPOS="1312" VPOS="1429" WIDTH="32"/>
						<String ID="P7_ST00117" HPOS="1344" VPOS="1374" WIDTH="298" HEIGHT="51" CONTENT="Liebestrank" WC="0.99" CC="00000331138"/>
					</TextLine>
					<TextLine ID="P7_TL00017" HPOS="123" VPOS="1449" WIDTH="1523" HEIGHT="68">
						<String ID="P7_ST00118" HPOS="123" VPOS="1452" WIDTH="132" HEIGHT="62" CONTENT="birgt," WC="0.98" CC="500901"/>
						<SP ID="P7_SP00102" HPOS="255" VPOS="1514" WIDTH="31"/>
						<String ID="P7_ST00119" HPOS="286" VPOS="1449" WIDTH="173" HEIGHT="64" CONTENT="geleert" WC="0.99" CC="0150006"/>
						<SP ID="P7_SP00103" HPOS="459" VPOS="1514" WIDTH="30"/>
						<String ID="P7_ST00120" HPOS="489" VPOS="1449" WIDTH="165" HEIGHT="49" CONTENT="haben." WC="0.98" CC="307164"/>
						<SP ID="P7_SP00104" HPOS="654" VPOS="1514" WIDTH="32"/>
						<String ID="P7_ST00121" HPOS="686" VPOS="1449" WIDTH="179" HEIGHT="49" CONTENT="Tristan" WC="0.99" CC="0510006"/>
						<SP ID="P7_SP00105" HPOS="865" VPOS="1514" WIDTH="28"/>
						<String ID="P7_ST00122" HPOS="893" VPOS="1451" WIDTH="88" HEIGHT="47" CONTENT="und" WC="0.95" CC="670"/>
						<SP ID="P7_SP00106" HPOS="981" VPOS="1514" WIDTH="26"/>
						<String ID="P7_ST00123" HPOS="1007" VPOS="1451" WIDTH="144" HEIGHT="48" CONTENT="Isolde" WC="0.99" CC="730300"/>
						<SP ID="P7_SP00107" HPOS="1151" VPOS="1514" WIDTH="25"/>
						<String ID="P7_ST00124" HPOS="1176" VPOS="1451" WIDTH="175" HEIGHT="49" CONTENT="blicken" WC="0.99" CC="3006007"/>
						<SP ID="P7_SP00108" HPOS="1351" VPOS="1514" WIDTH="25"/>
						<String ID="P7_ST00125" HPOS="1376" VPOS="1453" WIDTH="90" HEIGHT="47" CONTENT="sieb" WC="0.98" CC="0070"/>
						<SP ID="P7_SP00109" HPOS="1466" VPOS="1514" WIDTH="32"/>
						<String ID="P7_ST00126" HPOS="1498" VPOS="1453" WIDTH="148" HEIGHT="64" CONTENT="einige" WC="0.98" CC="206290"/>
					</TextLine>
					<TextLine ID="P7_TL00018" HPOS="122" VPOS="1527" WIDTH="1522" HEIGHT="67">
						<String ID="P7_ST00127" HPOS="122" VPOS="1527" WIDTH="314" HEIGHT="66" CONTENT="Augenblicke" WC="0.99" CC="50057151010"/>
						<SP ID="P7_SP00110" HPOS="436" VPOS="1593" WIDTH="42"/>
						<String ID="P7_ST00128" HPOS="478" VPOS="1528" WIDTH="78" HEIGHT="46" CONTENT="mit" WC="0.97" CC="106"/>
						<SP ID="P7_SP00111" HPOS="556" VPOS="1593" WIDTH="36"/>
						<String ID="P7_ST00129" HPOS="592" VPOS="1536" WIDTH="171" HEIGHT="40" CONTENT="starrer" WC="0.99" CC="4504002"/>
						<SP ID="P7_SP00112" HPOS="763" VPOS="1593" WIDTH="40"/>
						<String ID="P7_ST00130" HPOS="803" VPOS="1529" WIDTH="430" HEIGHT="65" CONTENT="Regungslosigkeit" WC="0.99" CC="5005799206090016"/>
						<SP ID="P7_SP00113" HPOS="1233" VPOS="1594" WIDTH="41"/>
						<String ID="P7_ST00131" HPOS="1274" VPOS="1529" WIDTH="42" HEIGHT="49" CONTENT="in" WC="0.70" CC="05"/>
						<SP ID="P7_SP00114" HPOS="1316" VPOS="1594" WIDTH="38"/>
						<String ID="P7_ST00132" HPOS="1354" VPOS="1529" WIDTH="71" HEIGHT="49" CONTENT="die" WC="1.00" CC="000"/>
						<SP ID="P7_SP00115" HPOS="1425" VPOS="1594" WIDTH="38"/>
						<String ID="P7_ST00133" HPOS="1463" VPOS="1532" WIDTH="181" HEIGHT="62" CONTENT="Augen." WC="0.99" CC="250061"/>
					</TextLine>
					<TextLine ID="P7_TL00019" HPOS="123" VPOS="1604" WIDTH="1522" HEIGHT="66">
						<String ID="P7_ST00134" HPOS="123" VPOS="1607" WIDTH="82" HEIGHT="47" CONTENT="Die" WC="1.00" CC="000"/>
						<SP ID="P7_SP00116" HPOS="205" VPOS="1654" WIDTH="37"/>
						<String ID="P7_ST00135" HPOS="242" VPOS="1604" WIDTH="281" HEIGHT="49" CONTENT="eintretende" WC="0.99" CC="54854060701"/>
						<SP ID="P7_SP00117" HPOS="523" VPOS="1654" WIDTH="35"/>
						<String ID="P7_ST00136" HPOS="558" VPOS="1606" WIDTH="233" HEIGHT="64" CONTENT="Wirkung" WC="0.99" CC="0030460"/>
						<SP ID="P7_SP00118" HPOS="791" VPOS="1670" WIDTH="40"/>
						<String ID="P7_ST00137" HPOS="831" VPOS="1606" WIDTH="76" HEIGHT="48" CONTENT="des" WC="0.96" CC="035"/>
						<SP ID="P7_SP00119" HPOS="907" VPOS="1670" WIDTH="30"/>
						<String ID="P7_ST00138" HPOS="937" VPOS="1606" WIDTH="368" HEIGHT="57" CONTENT="Liebestrankes," WC="1.00" CC="00050231310332"/>
						<SP ID="P7_SP00120" HPOS="1305" VPOS="1670" WIDTH="41"/>
						<String ID="P7_ST00139" HPOS="1346" VPOS="1606" WIDTH="80" HEIGHT="49" CONTENT="der" WC="0.98" CC="303"/>
						<SP ID="P7_SP00121" HPOS="1426" VPOS="1670" WIDTH="30"/>
						<String ID="P7_ST00140" HPOS="1456" VPOS="1609" WIDTH="189" HEIGHT="47" CONTENT="Process" WC="0.80" CC="7400010"/>
					</TextLine>
					<TextLine ID="P7_TL00020" HPOS="120" VPOS="1682" WIDTH="1526" HEIGHT="66">
						<String ID="P7_ST00141" HPOS="120" VPOS="1686" WIDTH="119" HEIGHT="47" CONTENT="ihrer" WC="0.98" CC="34103"/>
						<SP ID="P7_SP00122" HPOS="239" VPOS="1733" WIDTH="52"/>
						<String ID="P7_ST00142" HPOS="291" VPOS="1682" WIDTH="345" HEIGHT="65" CONTENT="beiderseitigen" WC="0.99" CC="70000390220908"/>
						<SP ID="P7_SP00123" HPOS="636" VPOS="1747" WIDTH="53"/>
						<String ID="P7_ST00143" HPOS="689" VPOS="1683" WIDTH="88" HEIGHT="47" CONTENT="und" WC="0.97" CC="350"/>
						<SP ID="P7_SP00124" HPOS="777" VPOS="1747" WIDTH="53"/>
						<String ID="P7_ST00144" HPOS="830" VPOS="1684" WIDTH="321" HEIGHT="49" CONTENT="unbewussten" WC="0.68" CC="02400656206"/>
						<SP ID="P7_SP00125" HPOS="1151" VPOS="1747" WIDTH="48"/>
						<String ID="P7_ST00145" HPOS="1199" VPOS="1684" WIDTH="344" HEIGHT="64" CONTENT="Umwandlung" WC="0.99" CC="6002607440"/>
						<SP ID="P7_SP00126" HPOS="1543" VPOS="1748" WIDTH="50"/>
						<String ID="P7_ST00146" HPOS="1593" VPOS="1686" WIDTH="53" HEIGHT="47" CONTENT="ist" WC="0.96" CC="045"/>
					</TextLine>
					<TextLine ID="P7_TL00021" HPOS="120" VPOS="1761" WIDTH="1524" HEIGHT="55">
						<String ID="P7_ST00147" HPOS="120" VPOS="1762" WIDTH="139" HEIGHT="47" CONTENT="durch" WC="0.99" CC="90000"/>
						<SP ID="P7_SP00127" HPOS="259" VPOS="1809" WIDTH="32"/>
						<String ID="P7_ST00148" HPOS="291" VPOS="1761" WIDTH="80" HEIGHT="48" CONTENT="das" WC="1.00" CC="000"/>
						<SP ID="P7_SP00128" HPOS="371" VPOS="1809" WIDTH="31"/>
						<String ID="P7_ST00149" HPOS="402" VPOS="1761" WIDTH="248" HEIGHT="48" CONTENT="Orchester" WC="0.98" CC="660506644"/>
						<SP ID="P7_SP00129" HPOS="650" VPOS="1809" WIDTH="32"/>
						<String ID="P7_ST00150" HPOS="682" VPOS="1762" WIDTH="79" HEIGHT="47" CONTENT="mit" WC="0.96" CC="009"/>
						<SP ID="P7_SP00130" HPOS="761" VPOS="1809" WIDTH="28"/>
						<String ID="P7_ST00151" HPOS="789" VPOS="1763" WIDTH="123" HEIGHT="46" CONTENT="einer" WC="0.99" CC="00600"/>
						<SP ID="P7_SP00131" HPOS="912" VPOS="1809" WIDTH="32"/>
						<String ID="P7_ST00152" HPOS="944" VPOS="1762" WIDTH="345" HEIGHT="54" CONTENT="Meisterschaft," WC="0.99" CC="00168035044060"/>
						<SP ID="P7_SP00132" HPOS="1289" VPOS="1816" WIDTH="31"/>
						<String ID="P7_ST00153" HPOS="1320" VPOS="1763" WIDTH="124" HEIGHT="47" CONTENT="einer" WC="0.98" CC="05602"/>
						<SP ID="P7_SP00133" HPOS="1444" VPOS="1816" WIDTH="27"/>
						<String ID="P7_ST00154" HPOS="1471" VPOS="1763" WIDTH="139" HEIGHT="47" CONTENT="Wahr" SUBS_TYPE="HypPart1" SUBS_CONTENT="Wahrheit" WC="0.99" CC="0620"/>
						<HYP HPOS="1610" VPOS="1763" WIDTH="34" CONTENT="-"/>
					</TextLine>
					<TextLine ID="P7_TL00022" HPOS="120" VPOS="1838" WIDTH="1526" HEIGHT="66">
						<String ID="P7_ST00155" HPOS="120" VPOS="1839" WIDTH="90" HEIGHT="47" CONTENT="heit" SUBS_TYPE="HypPart2" SUBS_CONTENT="Wahrheit" WC="0.97" CC="6006"/>
						<SP ID="P7_SP00134" HPOS="210" VPOS="1886" WIDTH="42"/>
						<String ID="P7_ST00156" HPOS="252" VPOS="1839" WIDTH="279" HEIGHT="64" CONTENT="gezeichnet," WC="0.99" CC="00800057054"/>
						<SP ID="P7_SP00135" HPOS="531" VPOS="1903" WIDTH="46"/>
						<String ID="P7_ST00157" HPOS="577" VPOS="1838" WIDTH="70" HEIGHT="48" CONTENT="die" WC="1.00" CC="000"/>
						<SP ID="P7_SP00136" HPOS="647" VPOS="1903" WIDTH="43"/>
						<String ID="P7_ST00158" HPOS="690" VPOS="1838" WIDTH="81" HEIGHT="48" CONTENT="der" WC="1.00" CC="000"/>
						<SP ID="P7_SP00137" HPOS="771" VPOS="1903" WIDTH="38"/>
						<String ID="P7_ST00159" HPOS="809" VPOS="1839" WIDTH="379" HEIGHT="49" CONTENT="hinreissendsten" WC="0.54" CC="158503645704518"/>
						<SP ID="P7_SP00138" HPOS="1188" VPOS="1903" WIDTH="36"/>
						<String ID="P7_ST00160" HPOS="1224" VPOS="1839" WIDTH="234" HEIGHT="65" CONTENT="Wirkung" WC="0.99" CC="0400169"/>
						<SP ID="P7_SP00139" HPOS="1458" VPOS="1904" WIDTH="42"/>
						<String ID="P7_ST00161" HPOS="1500" VPOS="1841" WIDTH="146" HEIGHT="47" CONTENT="sicher" WC="0.98" CC="604420"/>
					</TextLine>
					<TextLine ID="P7_TL00023" HPOS="117" VPOS="1917" WIDTH="260" HEIGHT="47">
						<String ID="P7_ST00162" HPOS="117" VPOS="1917" WIDTH="90" HEIGHT="47" CONTENT="sein" WC="0.97" CC="6017"/>
						<SP ID="P7_SP00140" HPOS="207" VPOS="1964" WIDTH="35"/>
						<String ID="P7_ST00163" HPOS="242" VPOS="1933" WIDTH="135" HEIGHT="31" CONTENT="muss." WC="0.66" CC="03363"/>
					</TextLine>
					<TextLine ID="P7_TL00024" HPOS="234" VPOS="1992" WIDTH="1408" HEIGHT="66">
						<String ID="P7_ST00164" HPOS="234" VPOS="1994" WIDTH="82" HEIGHT="47" CONTENT="Die" WC="1.00" CC="000"/>
						<SP ID="P7_SP00141" HPOS="316" VPOS="2041" WIDTH="40"/>
						<String ID="P7_ST00165" HPOS="356" VPOS="1994" WIDTH="208" HEIGHT="48" CONTENT="Ankunft" WC="0.98" CC="4604586"/>
						<SP ID="P7_SP00142" HPOS="564" VPOS="2042" WIDTH="43"/>
						<String ID="P7_ST00166" HPOS="607" VPOS="1993" WIDTH="80" HEIGHT="48" CONTENT="auf" WC="0.99" CC="030"/>
						<SP ID="P7_SP00143" HPOS="687" VPOS="2042" WIDTH="33"/>
						<String ID="P7_ST00167" HPOS="720" VPOS="1994" WIDTH="153" HEIGHT="64" CONTENT="König" WC="0.97" CC="80609"/>
						<SP ID="P7_SP00144" HPOS="873" VPOS="2058" WIDTH="40"/>
						<String ID="P7_ST00168" HPOS="913" VPOS="1993" WIDTH="196" HEIGHT="48" CONTENT="Marke's" WC="0.99" CC="0600216"/>
						<SP ID="P7_SP00145" HPOS="1109" VPOS="2058" WIDTH="38"/>
						<String ID="P7_ST00169" HPOS="1147" VPOS="1993" WIDTH="165" HEIGHT="48" CONTENT="Gebiet" WC="0.99" CC="000306"/>
						<SP ID="P7_SP00146" HPOS="1312" VPOS="2058" WIDTH="38"/>
						<String ID="P7_ST00170" HPOS="1350" VPOS="1992" WIDTH="92" HEIGHT="49" CONTENT="und" WC="0.97" CC="440"/>
						<SP ID="P7_SP00147" HPOS="1442" VPOS="2058" WIDTH="36"/>
						<String ID="P7_ST00171" HPOS="1478" VPOS="1992" WIDTH="81" HEIGHT="48" CONTENT="der" WC="0.96" CC="065"/>
						<SP ID="P7_SP00148" HPOS="1559" VPOS="2058" WIDTH="43"/>
						<String ID="P7_ST00172" HPOS="1602" VPOS="1993" WIDTH="40" HEIGHT="47" CONTENT="in" WC="0.68" CC="05"/>
					</TextLine>
					<TextLine ID="P7_TL00025" HPOS="113" VPOS="2070" WIDTH="1529" HEIGHT="65">
						<String ID="P7_ST00173" HPOS="113" VPOS="2072" WIDTH="167" HEIGHT="48" CONTENT="diesem" WC="1.00" CC="000012"/>
						<SP ID="P7_SP00149" HPOS="280" VPOS="2120" WIDTH="28"/>
						<String ID="P7_ST00174" HPOS="308" VPOS="2072" WIDTH="285" HEIGHT="63" CONTENT="Augenblick" WC="1.00" CC="0390020010"/>
						<SP ID="P7_SP00150" HPOS="593" VPOS="2135" WIDTH="35"/>
						<String ID="P7_ST00175" HPOS="628" VPOS="2070" WIDTH="298" HEIGHT="49" CONTENT="entstehende" WC="0.99" CC="06604050700"/>
						<SP ID="P7_SP00151" HPOS="926" VPOS="2135" WIDTH="31"/>
						<String ID="P7_ST00176" HPOS="957" VPOS="2072" WIDTH="229" HEIGHT="63" CONTENT="poetische" WC="1.00" CC="000003003"/>
						<SP ID="P7_SP00152" HPOS="1186" VPOS="2135" WIDTH="25"/>
						<String ID="P7_ST00177" HPOS="1211" VPOS="2070" WIDTH="193" HEIGHT="50" CONTENT="Conflict" WC="0.71" CC="54700005"/>
						<SP ID="P7_SP00153" HPOS="1404" VPOS="2135" WIDTH="31"/>
						<String ID="P7_ST00178" HPOS="1435" VPOS="2070" WIDTH="82" HEIGHT="49" CONTENT="der" WC="0.98" CC="004"/>
						<SP ID="P7_SP00154" HPOS="1517" VPOS="2135" WIDTH="34"/>
						<String ID="P7_ST00179" HPOS="1551" VPOS="2070" WIDTH="69" HEIGHT="49" CONTENT="bei" SUBS_TYPE="HypPart1" SUBS_CONTENT="beiden" WC="0.98" CC="012"/>
						<HYP HPOS="1620" VPOS="2070" WIDTH="22" CONTENT="-"/>
					</TextLine>
					<TextLine ID="P7_TL00026" HPOS="113" VPOS="2148" WIDTH="1527" HEIGHT="65">
						<String ID="P7_ST00180" HPOS="113" VPOS="2152" WIDTH="87" HEIGHT="45" CONTENT="den" SUBS_TYPE="HypPart2" SUBS_CONTENT="beiden" WC="1.00" CC="000"/>
						<SP ID="P7_SP00155" HPOS="200" VPOS="2197" WIDTH="22"/>
						<String ID="P7_ST00181" HPOS="222" VPOS="2148" WIDTH="285" HEIGHT="57" CONTENT="Liebenden," WC="0.99" CC="0506070070"/>
						<SP ID="P7_SP00156" HPOS="507" VPOS="2205" WIDTH="33"/>
						<String ID="P7_ST00182" HPOS="540" VPOS="2148" WIDTH="149" HEIGHT="48" CONTENT="ferner" WC="0.99" CC="700220"/>
						<SP ID="P7_SP00157" HPOS="689" VPOS="2205" WIDTH="30"/>
						<String ID="P7_ST00183" HPOS="719" VPOS="2149" WIDTH="70" HEIGHT="47" CONTENT="die" WC="0.99" CC="030"/>
						<SP ID="P7_SP00158" HPOS="789" VPOS="2205" WIDTH="24"/>
						<String ID="P7_ST00184" HPOS="813" VPOS="2149" WIDTH="315" HEIGHT="64" CONTENT="jauchzenden" WC="0.99" CC="42066606006"/>
						<SP ID="P7_SP00159" HPOS="1128" VPOS="2213" WIDTH="23"/>
						<String ID="P7_ST00185" HPOS="1151" VPOS="2149" WIDTH="171" HEIGHT="48" CONTENT="Zurufe" WC="0.98" CC="081081"/>
						<SP ID="P7_SP00160" HPOS="1322" VPOS="2213" WIDTH="31"/>
						<String ID="P7_ST00186" HPOS="1353" VPOS="2148" WIDTH="79" HEIGHT="48" CONTENT="der" WC="0.99" CC="002"/>
						<SP ID="P7_SP00161" HPOS="1432" VPOS="2213" WIDTH="25"/>
						<String ID="P7_ST00187" HPOS="1457" VPOS="2148" WIDTH="161" HEIGHT="48" CONTENT="Schiffs" SUBS_TYPE="HypPart1" SUBS_CONTENT="Schiffsmannschaft" WC="0.98" CC="0070777"/>
						<HYP HPOS="1618" VPOS="2148" WIDTH="22" CONTENT="-"/>
					</TextLine>
					<TextLine ID="P7_TL00027" HPOS="113" VPOS="2227" WIDTH="1526" HEIGHT="62">
						<String ID="P7_ST00188" HPOS="113" VPOS="2227" WIDTH="287" HEIGHT="47" CONTENT="mannschaft" SUBS_TYPE="HypPart2" SUBS_CONTENT="Schiffsmannschaft" WC="0.99" CC="4478200000"/>
						<SP ID="P7_SP00162" HPOS="400" VPOS="2274" WIDTH="36"/>
						<String ID="P7_ST00189" HPOS="436" VPOS="2227" WIDTH="204" HEIGHT="47" CONTENT="erhöhen" WC="0.98" CC="3460707"/>
						<SP ID="P7_SP00163" HPOS="640" VPOS="2274" WIDTH="30"/>
						<String ID="P7_ST00190" HPOS="670" VPOS="2227" WIDTH="203" HEIGHT="62" CONTENT="zugleich" WC="0.99" CC="25950000"/>
						<SP ID="P7_SP00164" HPOS="873" VPOS="2289" WIDTH="30"/>
						<String ID="P7_ST00191" HPOS="903" VPOS="2227" WIDTH="79" HEIGHT="47" CONTENT="das" WC="0.97" CC="006"/>
						<SP ID="P7_SP00165" HPOS="982" VPOS="2289" WIDTH="30"/>
						<String ID="P7_ST00192" HPOS="1012" VPOS="2227" WIDTH="305" HEIGHT="48" CONTENT="dramatische" WC="0.99" CC="00204606001"/>
						<SP ID="P7_SP00166" HPOS="1317" VPOS="2289" WIDTH="32"/>
						<String ID="P7_ST00193" HPOS="1349" VPOS="2228" WIDTH="220" HEIGHT="46" CONTENT="Interesse" WC="0.99" CC="560001066"/>
						<SP ID="P7_SP00167" HPOS="1569" VPOS="2289" WIDTH="28"/>
						<String ID="P7_ST00194" HPOS="1597" VPOS="2227" WIDTH="42" HEIGHT="47" CONTENT="in" WC="0.50" CC="45"/>
					</TextLine>
					<TextLine ID="P7_TL00028" HPOS="111" VPOS="2304" WIDTH="1530" HEIGHT="64">
						<String ID="P7_ST00195" HPOS="111" VPOS="2322" WIDTH="48" HEIGHT="30" CONTENT="so" WC="0.63" CC="70"/>
						<SP ID="P7_SP00168" HPOS="159" VPOS="2352" WIDTH="32"/>
						<String ID="P7_ST00196" HPOS="191" VPOS="2304" WIDTH="336" HEIGHT="48" CONTENT="bedeutendem" WC="0.99" CC="40050505006"/>
						<SP ID="P7_SP00169" HPOS="527" VPOS="2352" WIDTH="35"/>
						<String ID="P7_ST00197" HPOS="562" VPOS="2304" WIDTH="170" HEIGHT="53" CONTENT="Grade," WC="1.00" CC="030001"/>
						<SP ID="P7_SP00170" HPOS="732" VPOS="2357" WIDTH="40"/>
						<String ID="P7_ST00198" HPOS="772" VPOS="2304" WIDTH="85" HEIGHT="47" CONTENT="wie" WC="0.98" CC="040"/>
						<SP ID="P7_SP00171" HPOS="857" VPOS="2357" WIDTH="39"/>
						<String ID="P7_ST00199" HPOS="896" VPOS="2321" WIDTH="47" HEIGHT="30" CONTENT="es" WC="0.70" CC="50"/>
						<SP ID="P7_SP00172" HPOS="943" VPOS="2357" WIDTH="30"/>
						<String ID="P7_ST00200" HPOS="973" VPOS="2304" WIDTH="119" HEIGHT="47" CONTENT="wohl" WC="0.97" CC="0235"/>
						<SP ID="P7_SP00173" HPOS="1092" VPOS="2357" WIDTH="40"/>
						<String ID="P7_ST00201" HPOS="1132" VPOS="2305" WIDTH="58" HEIGHT="46" CONTENT="im" WC="0.71" CC="05"/>
						<SP ID="P7_SP00174" HPOS="1190" VPOS="2357" WIDTH="32"/>
						<String ID="P7_ST00202" HPOS="1222" VPOS="2321" WIDTH="171" HEIGHT="47" CONTENT="ganzen" WC="0.98" CC="900704"/>
						<SP ID="P7_SP00175" HPOS="1393" VPOS="2368" WIDTH="33"/>
						<String ID="P7_ST00203" HPOS="1426" VPOS="2304" WIDTH="215" HEIGHT="47" CONTENT="Verlaufe" WC="0.99" CC="00004171"/>
					</TextLine>
					<TextLine ID="P7_TL00029" HPOS="113" VPOS="2380" WIDTH="1528" HEIGHT="66">
						<String ID="P7_ST00204" HPOS="113" VPOS="2383" WIDTH="78" HEIGHT="47" CONTENT="der" WC="1.00" CC="000"/>
						<SP ID="P7_SP00176" HPOS="191" VPOS="2430" WIDTH="24"/>
						<String ID="P7_ST00205" HPOS="215" VPOS="2382" WIDTH="128" HEIGHT="64" CONTENT="Oper" WC="0.98" CC="5006"/>
						<SP ID="P7_SP00177" HPOS="343" VPOS="2446" WIDTH="24"/>
						<String ID="P7_ST00206" HPOS="367" VPOS="2382" WIDTH="195" HEIGHT="47" CONTENT="nimmer" WC="0.99" CC="700000"/>
						<SP ID="P7_SP00178" HPOS="562" VPOS="2446" WIDTH="21"/>
						<String ID="P7_ST00207" HPOS="583" VPOS="2380" WIDTH="80" HEIGHT="49" CONTENT="der" WC="1.00" CC="000"/>
						<SP ID="P7_SP00179" HPOS="663" VPOS="2446" WIDTH="26"/>
						<String ID="P7_ST00208" HPOS="689" VPOS="2382" WIDTH="94" HEIGHT="47" CONTENT="Fall" WC="0.98" CC="4500"/>
						<SP ID="P7_SP00180" HPOS="783" VPOS="2446" WIDTH="31"/>
						<String ID="P7_ST00209" HPOS="814" VPOS="2382" WIDTH="69" HEIGHT="54" CONTENT="ist," WC="0.98" CC="0703"/>
						<SP ID="P7_SP00181" HPOS="883" VPOS="2446" WIDTH="29"/>
						<String ID="P7_ST00210" HPOS="912" VPOS="2398" WIDTH="48" HEIGHT="31" CONTENT="so" WC="0.66" CC="60"/>
						<SP ID="P7_SP00182" HPOS="960" VPOS="2446" WIDTH="32"/>
						<String ID="P7_ST00211" HPOS="992" VPOS="2382" WIDTH="100" HEIGHT="48" CONTENT="dass" WC="0.66" CC="0066"/>
						<SP ID="P7_SP00183" HPOS="1092" VPOS="2446" WIDTH="31"/>
						<String ID="P7_ST00212" HPOS="1123" VPOS="2382" WIDTH="70" HEIGHT="47" CONTENT="die" WC="1.00" CC="010"/>
						<SP ID="P7_SP00184" HPOS="1193" VPOS="2446" WIDTH="30"/>
						<String ID="P7_ST00213" HPOS="1223" VPOS="2382" WIDTH="318" HEIGHT="47" CONTENT="Schlussscene" WC="0.81" CC="501000311250"/>
						<SP ID="P7_SP00185" HPOS="1541" VPOS="2446" WIDTH="23"/>
						<String ID="P7_ST00214" HPOS="1564" VPOS="2382" WIDTH="77" HEIGHT="47" CONTENT="des" WC="1.00" CC="000"/>
					</TextLine>
					<TextLine ID="P7_TL00030" HPOS="113" VPOS="2458" WIDTH="1528" HEIGHT="65">
						<String ID="P7_ST00215" HPOS="113" VPOS="2469" WIDTH="146" HEIGHT="38" CONTENT="ersten" WC="0.97" CC="655505"/>
						<SP ID="P7_SP00186" HPOS="259" VPOS="2507" WIDTH="35"/>
						<String ID="P7_ST00216" HPOS="294" VPOS="2460" WIDTH="135" HEIGHT="46" CONTENT="Actes" WC="0.99" CC="50001"/>
						<SP ID="P7_SP00187" HPOS="429" VPOS="2507" WIDTH="31"/>
						<String ID="P7_ST00217" HPOS="460" VPOS="2458" WIDTH="283" HEIGHT="48" CONTENT="musicalisch" WC="0.99" CC="05110550003"/>
						<SP ID="P7_SP00188" HPOS="743" VPOS="2507" WIDTH="38"/>
						<String ID="P7_ST00218" HPOS="781" VPOS="2459" WIDTH="84" HEIGHT="47" CONTENT="wie" WC="1.00" CC="000"/>
						<SP ID="P7_SP00189" HPOS="865" VPOS="2507" WIDTH="31"/>
						<String ID="P7_ST00219" HPOS="896" VPOS="2459" WIDTH="273" HEIGHT="47" CONTENT="dramatisch" WC="0.99" CC="0200463272"/>
						<SP ID="P7_SP00190" HPOS="1169" VPOS="2507" WIDTH="33"/>
						<String ID="P7_ST00220" HPOS="1202" VPOS="2459" WIDTH="235" HEIGHT="64" CONTENT="unstreitig" WC="0.99" CC="2670300409"/>
						<SP ID="P7_SP00191" HPOS="1437" VPOS="2523" WIDTH="31"/>
						<String ID="P7_ST00221" HPOS="1468" VPOS="2459" WIDTH="64" HEIGHT="47" CONTENT="als" WC="0.95" CC="415"/>
						<SP ID="P7_SP00192" HPOS="1532" VPOS="2523" WIDTH="30"/>
						<String ID="P7_ST00222" HPOS="1562" VPOS="2458" WIDTH="53" HEIGHT="48" CONTENT="be" SUBS_TYPE="HypPart1" SUBS_CONTENT="bedeutendstes" WC="0.98" CC="00"/>
						<HYP HPOS="1615" VPOS="2458" WIDTH="26" CONTENT="-"/>
					</TextLine>
					<TextLine ID="P7_TL00031" HPOS="113" VPOS="2535" WIDTH="1526" HEIGHT="50">
						<String ID="P7_ST00223" HPOS="113" VPOS="2535" WIDTH="290" HEIGHT="50" CONTENT="deutendstes" SUBS_TYPE="HypPart2" SUBS_CONTENT="bedeutendstes" WC="0.99" CC="00070703712"/>
						<SP ID="P7_SP00193" HPOS="403" VPOS="2585" WIDTH="25"/>
						<String ID="P7_ST00224" HPOS="428" VPOS="2538" WIDTH="203" HEIGHT="47" CONTENT="Moment" WC="0.99" CC="007070"/>
						<SP ID="P7_SP00194" HPOS="631" VPOS="2585" WIDTH="27"/>
						<String ID="P7_ST00225" HPOS="658" VPOS="2538" WIDTH="42" HEIGHT="47" CONTENT="in" WC="0.76" CC="04"/>
						<SP ID="P7_SP00195" HPOS="700" VPOS="2585" WIDTH="32"/>
						<String ID="P7_ST00226" HPOS="732" VPOS="2537" WIDTH="180" HEIGHT="48" CONTENT="Tristan" WC="0.99" CC="0000605"/>
						<SP ID="P7_SP00196" HPOS="912" VPOS="2585" WIDTH="32"/>
						<String ID="P7_ST00227" HPOS="944" VPOS="2538" WIDTH="91" HEIGHT="47" CONTENT="und" WC="0.97" CC="070"/>
						<SP ID="P7_SP00197" HPOS="1035" VPOS="2585" WIDTH="32"/>
						<String ID="P7_ST00228" HPOS="1067" VPOS="2538" WIDTH="145" HEIGHT="47" CONTENT="Isolde" WC="0.99" CC="631000"/>
						<SP ID="P7_SP00198" HPOS="1212" VPOS="2585" WIDTH="34"/>
						<String ID="P7_ST00229" HPOS="1246" VPOS="2538" WIDTH="253" HEIGHT="47" CONTENT="betrachtet" WC="0.99" CC="3033500306"/>
						<SP ID="P7_SP00199" HPOS="1499" VPOS="2585" WIDTH="24"/>
						<String ID="P7_ST00230" HPOS="1523" VPOS="2553" WIDTH="87" HEIGHT="32" CONTENT="wer" SUBS_TYPE="HypPart1" SUBS_CONTENT="werden" WC="0.98" CC="006"/>
						<HYP HPOS="1610" VPOS="2553" WIDTH="29" CONTENT="-"/>
					</TextLine>
					<TextLine ID="P7_TL00032" HPOS="113" VPOS="2614" WIDTH="1526" HEIGHT="66">
						<String ID="P7_ST00231" HPOS="113" VPOS="2615" WIDTH="84" HEIGHT="47" CONTENT="den" SUBS_TYPE="HypPart2" SUBS_CONTENT="werden" WC="1.00" CC="000"/>
						<SP ID="P7_SP00200" HPOS="197" VPOS="2662" WIDTH="25"/>
						<String ID="P7_ST00232" HPOS="222" VPOS="2614" WIDTH="135" HEIGHT="48" CONTENT="kann." WC="0.98" CC="04054"/>
						<SP ID="P7_SP00201" HPOS="357" VPOS="2662" WIDTH="32"/>
						<String ID="P7_ST00233" HPOS="389" VPOS="2615" WIDTH="77" HEIGHT="47" CONTENT="Als" WC="0.94" CC="663"/>
						<SP ID="P7_SP00202" HPOS="466" VPOS="2662" WIDTH="26"/>
						<String ID="P7_ST00234" HPOS="492" VPOS="2614" WIDTH="209" HEIGHT="48" CONTENT="weiterer" WC="1.00" CC="60000001"/>
						<SP ID="P7_SP00203" HPOS="701" VPOS="2662" WIDTH="24"/>
						<String ID="P7_ST00235" HPOS="725" VPOS="2615" WIDTH="138" HEIGHT="62" CONTENT="Beleg" WC="0.98" CC="63300"/>
						<SP ID="P7_SP00204" HPOS="863" VPOS="2677" WIDTH="22"/>
						<String ID="P7_ST00236" HPOS="885" VPOS="2631" WIDTH="83" HEIGHT="31" CONTENT="von" WC="0.97" CC="034"/>
						<SP ID="P7_SP00205" HPOS="968" VPOS="2677" WIDTH="25"/>
						<String ID="P7_ST00237" HPOS="993" VPOS="2615" WIDTH="85" HEIGHT="47" CONTENT="fein" WC="0.98" CC="0035"/>
						<SP ID="P7_SP00206" HPOS="1078" VPOS="2677" WIDTH="33"/>
						<String ID="P7_ST00238" HPOS="1111" VPOS="2614" WIDTH="502" HEIGHT="66" CONTENT="psychologisch-orche" SUBS_TYPE="HypPart1" SUBS_CONTENT="psychologisch-orchestraler" WC="1.00" CC="0600523200504321700"/>
						<HYP HPOS="1613" VPOS="2614" WIDTH="26" CONTENT="-"/>
					</TextLine>
					<TextLine ID="P7_TL00033" HPOS="112" VPOS="2691" WIDTH="1527" HEIGHT="65">
						<String ID="P7_ST00239" HPOS="112" VPOS="2694" WIDTH="160" HEIGHT="47" CONTENT="straler" SUBS_TYPE="HypPart2" SUBS_CONTENT="psychologisch-orchestraler" WC="0.98" CC="6651700"/>
						<SP ID="P7_SP00207" HPOS="272" VPOS="2741" WIDTH="29"/>
						<String ID="P7_ST00240" HPOS="301" VPOS="2691" WIDTH="459" HEIGHT="65" CONTENT="Seelenschilderung" WC="1.00" CC="12140230200010060"/>
						<SP ID="P7_SP00208" HPOS="760" VPOS="2756" WIDTH="39"/>
						<String ID="P7_ST00241" HPOS="799" VPOS="2693" WIDTH="61" HEIGHT="47" CONTENT="sei" WC="0.98" CC="400"/>
						<SP ID="P7_SP00209" HPOS="860" VPOS="2756" WIDTH="38"/>
						<String ID="P7_ST00242" HPOS="898" VPOS="2691" WIDTH="71" HEIGHT="49" CONTENT="die" WC="1.00" CC="000"/>
						<SP ID="P7_SP00210" HPOS="969" VPOS="2756" WIDTH="42"/>
						<String ID="P7_ST00243" HPOS="1011" VPOS="2700" WIDTH="118" HEIGHT="41" CONTENT="erste" WC="0.97" CC="05922"/>
						<SP ID="P7_SP00211" HPOS="1129" VPOS="2756" WIDTH="26"/>
						<String ID="P7_ST00244" HPOS="1155" VPOS="2694" WIDTH="143" HEIGHT="47" CONTENT="Scene" WC="0.81" CC="10060"/>
						<SP ID="P7_SP00212" HPOS="1298" VPOS="2756" WIDTH="40"/>
						<String ID="P7_ST00245" HPOS="1338" VPOS="2693" WIDTH="77" HEIGHT="47" CONTENT="des" WC="1.00" CC="000"/>
						<SP ID="P7_SP00213" HPOS="1415" VPOS="2756" WIDTH="36"/>
						<String ID="P7_ST00246" HPOS="1451" VPOS="2693" WIDTH="188" HEIGHT="47" CONTENT="zweiten" WC="0.99" CC="7000300"/>
					</TextLine>
					<TextLine ID="P7_TL00034" HPOS="115" VPOS="2770" WIDTH="1526" HEIGHT="66">
						<String ID="P7_ST00247" HPOS="115" VPOS="2773" WIDTH="135" HEIGHT="47" CONTENT="Actes" WC="0.98" CC="60601"/>
						<SP ID="P7_SP00214" HPOS="250" VPOS="2820" WIDTH="31"/>
						<String ID="P7_ST00248" HPOS="281" VPOS="2770" WIDTH="267" HEIGHT="66" CONTENT="angeführt," WC="1.00" CC="3600001002"/>
						<SP ID="P7_SP00215" HPOS="548" VPOS="2836" WIDTH="39"/>
						<String ID="P7_ST00249" HPOS="587" VPOS="2771" WIDTH="42" HEIGHT="46" CONTENT="in" WC="0.77" CC="04"/>
						<SP ID="P7_SP00216" HPOS="629" VPOS="2836" WIDTH="30"/>
						<String ID="P7_ST00250" HPOS="659" VPOS="2770" WIDTH="198" HEIGHT="48" CONTENT="welcher" WC="0.99" CC="9050006"/>
						<SP ID="P7_SP00217" HPOS="857" VPOS="2836" WIDTH="32"/>
						<String ID="P7_ST00251" HPOS="889" VPOS="2770" WIDTH="145" HEIGHT="50" CONTENT="Isolde" WC="0.98" CC="760300"/>
						<SP ID="P7_SP00218" HPOS="1034" VPOS="2836" WIDTH="37"/>
						<String ID="P7_ST00252" HPOS="1071" VPOS="2771" WIDTH="43" HEIGHT="47" CONTENT="in" WC="0.56" CC="16"/>
						<SP ID="P7_SP00219" HPOS="1114" VPOS="2836" WIDTH="43"/>
						<String ID="P7_ST00253" HPOS="1157" VPOS="2771" WIDTH="174" HEIGHT="64" CONTENT="banger" WC="0.99" CC="220900"/>
						<SP ID="P7_SP00220" HPOS="1331" VPOS="2836" WIDTH="31"/>
						<String ID="P7_ST00254" HPOS="1362" VPOS="2773" WIDTH="279" HEIGHT="59" CONTENT="Erwartung" WC="0.99" CC="300204740"/>
					</TextLine>
					<TextLine ID="P7_TL00035" HPOS="113" VPOS="2846" WIDTH="1527" HEIGHT="59">
						<String ID="P7_ST00255" HPOS="113" VPOS="2849" WIDTH="118" HEIGHT="47" CONTENT="ihres" WC="0.98" CC="00209"/>
						<SP ID="P7_SP00221" HPOS="231" VPOS="2896" WIDTH="32"/>
						<String ID="P7_ST00256" HPOS="263" VPOS="2848" WIDTH="240" HEIGHT="49" CONTENT="Geliebten" WC="0.99" CC="000106500"/>
						<SP ID="P7_SP00222" HPOS="503" VPOS="2897" WIDTH="32"/>
						<String ID="P7_ST00257" HPOS="535" VPOS="2848" WIDTH="151" HEIGHT="57" CONTENT="harrt;" WC="0.98" CC="600152"/>
						<SP ID="P7_SP00223" HPOS="686" VPOS="2905" WIDTH="43"/>
						<String ID="P7_ST00258" HPOS="729" VPOS="2848" WIDTH="92" HEIGHT="52" CONTENT="und" WC="0.95" CC="770"/>
						<SP ID="P7_SP00224" HPOS="821" VPOS="2905" WIDTH="44"/>
						<String ID="P7_ST00259" HPOS="865" VPOS="2864" WIDTH="133" HEIGHT="32" CONTENT="wenn" WC="1.00" CC="0000"/>
						<SP ID="P7_SP00225" HPOS="998" VPOS="2905" WIDTH="41"/>
						<String ID="P7_ST00260" HPOS="1039" VPOS="2848" WIDTH="43" HEIGHT="47" CONTENT="in" WC="0.66" CC="06"/>
						<SP ID="P7_SP00226" HPOS="1082" VPOS="2905" WIDTH="40"/>
						<String ID="P7_ST00261" HPOS="1122" VPOS="2848" WIDTH="237" HEIGHT="48" CONTENT="derselben" WC="1.00" CC="032002002"/>
						<SP ID="P7_SP00227" HPOS="1359" VPOS="2905" WIDTH="45"/>
						<String ID="P7_ST00262" HPOS="1404" VPOS="2848" WIDTH="114" HEIGHT="48" CONTENT="auch" WC="0.97" CC="0463"/>
						<SP ID="P7_SP00228" HPOS="1518" VPOS="2905" WIDTH="41"/>
						<String ID="P7_ST00263" HPOS="1559" VPOS="2846" WIDTH="81" HEIGHT="47" CONTENT="der" WC="1.00" CC="000"/>
					</TextLine>
					<TextLine ID="P7_TL00036" HPOS="113" VPOS="2925" WIDTH="1527" HEIGHT="65">
						<String ID="P7_ST00264" HPOS="113" VPOS="2926" WIDTH="308" HEIGHT="49" CONTENT="orchestralen" WC="0.99" CC="334700650506"/>
						<SP ID="P7_SP00229" HPOS="421" VPOS="2975" WIDTH="49"/>
						<String ID="P7_ST00265" HPOS="470" VPOS="2926" WIDTH="182" HEIGHT="47" CONTENT="Malerei" WC="0.99" CC="0040500"/>
						<SP ID="P7_SP00230" HPOS="652" VPOS="2975" WIDTH="44"/>
						<String ID="P7_ST00266" HPOS="696" VPOS="2925" WIDTH="42" HEIGHT="48" CONTENT="in" WC="0.67" CC="06"/>
						<SP ID="P7_SP00231" HPOS="738" VPOS="2975" WIDTH="42"/>
						<String ID="P7_ST00267" HPOS="780" VPOS="2926" WIDTH="124" HEIGHT="47" CONTENT="einer" WC="0.99" CC="00202"/>
						<SP ID="P7_SP00232" HPOS="904" VPOS="2975" WIDTH="33"/>
						<String ID="P7_ST00268" HPOS="937" VPOS="2925" WIDTH="159" HEIGHT="50" CONTENT="Weise" WC="1.00" CC="03000"/>
						<SP ID="P7_SP00233" HPOS="1096" VPOS="2975" WIDTH="29"/>
						<String ID="P7_ST00269" HPOS="1125" VPOS="2928" WIDTH="150" HEIGHT="47" CONTENT="Raum" WC="0.98" CC="0340"/>
						<SP ID="P7_SP00234" HPOS="1275" VPOS="2975" WIDTH="43"/>
						<String ID="P7_ST00270" HPOS="1318" VPOS="2926" WIDTH="209" HEIGHT="64" CONTENT="gegeben" WC="0.99" CC="9400000"/>
						<SP ID="P7_SP00235" HPOS="1527" VPOS="2990" WIDTH="43"/>
						<String ID="P7_ST00271" HPOS="1570" VPOS="2925" WIDTH="70" HEIGHT="55" CONTENT="ist," WC="0.98" CC="0702"/>
					</TextLine>
					<TextLine ID="P7_TL00037" HPOS="113" VPOS="3003" WIDTH="1528" HEIGHT="50">
						<String ID="P7_ST00272" HPOS="113" VPOS="3004" WIDTH="99" HEIGHT="49" CONTENT="dass" WC="0.74" CC="0045"/>
						<SP ID="P7_SP00236" HPOS="212" VPOS="3053" WIDTH="40"/>
						<String ID="P7_ST00273" HPOS="252" VPOS="3005" WIDTH="137" HEIGHT="47" CONTENT="selbst" WC="0.99" CC="003423"/>
						<SP ID="P7_SP00237" HPOS="389" VPOS="3053" WIDTH="38"/>
						<String ID="P7_ST00274" HPOS="427" VPOS="3005" WIDTH="77" HEIGHT="47" CONTENT="das" WC="0.96" CC="046"/>
						<SP ID="P7_SP00238" HPOS="504" VPOS="3053" WIDTH="37"/>
						<String ID="P7_ST00275" HPOS="541" VPOS="3004" WIDTH="202" HEIGHT="48" CONTENT="Winken" WC="0.99" CC="037020"/>
						<SP ID="P7_SP00239" HPOS="743" VPOS="3053" WIDTH="43"/>
						<String ID="P7_ST00276" HPOS="786" VPOS="3004" WIDTH="91" HEIGHT="48" CONTENT="und" WC="0.97" CC="340"/>
						<SP ID="P7_SP00240" HPOS="877" VPOS="3053" WIDTH="35"/>
						<String ID="P7_ST00277" HPOS="912" VPOS="3005" WIDTH="185" HEIGHT="47" CONTENT="Weben" WC="0.98" CC="03603"/>
						<SP ID="P7_SP00241" HPOS="1097" VPOS="3053" WIDTH="41"/>
						<String ID="P7_ST00278" HPOS="1138" VPOS="3020" WIDTH="84" HEIGHT="32" CONTENT="von" WC="0.97" CC="006"/>
						<SP ID="P7_SP00242" HPOS="1222" VPOS="3053" WIDTH="32"/>
						<String ID="P7_ST00279" HPOS="1254" VPOS="3004" WIDTH="200" HEIGHT="48" CONTENT="Isöldens" WC="0.53" CC="66700069"/>
						<SP ID="P7_SP00243" HPOS="1454" VPOS="3053" WIDTH="30"/>
						<String ID="P7_ST00280" HPOS="1484" VPOS="3003" WIDTH="157" HEIGHT="48" CONTENT="Tuche" WC="0.98" CC="05521"/>
					</TextLine>
					<TextLine ID="P7_TL00038" HPOS="113" VPOS="3081" WIDTH="1524" HEIGHT="64">
						<String ID="P7_ST00281" HPOS="113" VPOS="3083" WIDTH="342" HEIGHT="48" CONTENT="musicalischen" WC="0.99" CC="6430014070706"/>
						<SP ID="P7_SP00244" HPOS="455" VPOS="3131" WIDTH="20"/>
						<String ID="P7_ST00282" HPOS="475" VPOS="3081" WIDTH="239" HEIGHT="50" CONTENT="Ausdruck" WC="0.99" CC="07243000"/>
						<SP ID="P7_SP00245" HPOS="714" VPOS="3131" WIDTH="27"/>
						<String ID="P7_ST00283" HPOS="741" VPOS="3083" WIDTH="156" HEIGHT="54" CONTENT="findet," WC="0.98" CC="0079140"/>
						<SP ID="P7_SP00246" HPOS="897" VPOS="3137" WIDTH="23"/>
						<String ID="P7_ST00284" HPOS="920" VPOS="3099" WIDTH="49" HEIGHT="31" CONTENT="so" WC="0.58" CC="62"/>
						<SP ID="P7_SP00247" HPOS="969" VPOS="3137" WIDTH="26"/>
						<String ID="P7_ST00285" HPOS="995" VPOS="3081" WIDTH="110" HEIGHT="49" CONTENT="wird" WC="0.97" CC="9020"/>
						<SP ID="P7_SP00248" HPOS="1105" VPOS="3137" WIDTH="27"/>
						<String ID="P7_ST00286" HPOS="1132" VPOS="3081" WIDTH="113" HEIGHT="49" CONTENT="doch" WC="0.98" CC="0016"/>
						<SP ID="P7_SP00249" HPOS="1245" VPOS="3137" WIDTH="15"/>
						<String ID="P7_ST00287" HPOS="1260" VPOS="3081" WIDTH="227" HEIGHT="50" CONTENT="Niemand" WC="0.99" CC="0000570"/>
						<SP ID="P7_SP00250" HPOS="1487" VPOS="3137" WIDTH="27"/>
						<String ID="P7_ST00288" HPOS="1514" VPOS="3081" WIDTH="99" HEIGHT="64" CONTENT="läug" SUBS_TYPE="HypPart1" SUBS_CONTENT="läugnen," WC="0.67" CC="4019"/>
						<HYP HPOS="1613" VPOS="3081" WIDTH="24" CONTENT="-"/>
					</TextLine>
					<TextLine ID="P7_TL00039" HPOS="113" VPOS="3158" WIDTH="1528" HEIGHT="66">
						<String ID="P7_ST00289" HPOS="113" VPOS="3177" WIDTH="102" HEIGHT="38" CONTENT="nen," SUBS_TYPE="HypPart2" SUBS_CONTENT="läugnen," WC="0.74" CC="6002"/>
						<SP ID="P7_SP00251" HPOS="215" VPOS="3215" WIDTH="32"/>
						<String ID="P7_ST00290" HPOS="247" VPOS="3160" WIDTH="101" HEIGHT="47" CONTENT="dass" WC="0.75" CC="0225"/>
						<SP ID="P7_SP00252" HPOS="348" VPOS="3215" WIDTH="33"/>
						<String ID="P7_ST00291" HPOS="381" VPOS="3161" WIDTH="212" HEIGHT="63" CONTENT="Wagner" WC="0.97" CC="079604"/>
						<SP ID="P7_SP00253" HPOS="593" VPOS="3224" WIDTH="45"/>
						<String ID="P7_ST00292" HPOS="638" VPOS="3160" WIDTH="142" HEIGHT="47" CONTENT="hierin" WC="0.99" CC="500304"/>
						<SP ID="P7_SP00254" HPOS="780" VPOS="3224" WIDTH="38"/>
						<String ID="P7_ST00293" HPOS="818" VPOS="3159" WIDTH="71" HEIGHT="49" CONTENT="die" WC="0.96" CC="900"/>
						<SP ID="P7_SP00255" HPOS="889" VPOS="3224" WIDTH="45"/>
						<String ID="P7_ST00294" HPOS="934" VPOS="3160" WIDTH="324" HEIGHT="62" CONTENT="klangvollsten" WC="0.99" CC="0375004666024"/>
						<SP ID="P7_SP00256" HPOS="1258" VPOS="3224" WIDTH="43"/>
						<String ID="P7_ST00295" HPOS="1301" VPOS="3160" WIDTH="152" HEIGHT="47" CONTENT="Saiten" WC="0.99" CC="200603"/>
						<SP ID="P7_SP00257" HPOS="1453" VPOS="3224" WIDTH="39"/>
						<String ID="P7_ST00296" HPOS="1492" VPOS="3158" WIDTH="149" HEIGHT="47" CONTENT="seiner" WC="0.98" CC="000834"/>
					</TextLine>
					<TextLine ID="P7_TL00040" HPOS="115" VPOS="3235" WIDTH="1524" HEIGHT="61">
						<String ID="P7_ST00297" HPOS="115" VPOS="3239" WIDTH="142" HEIGHT="56" CONTENT="Muse," WC="0.99" CC="04202"/>
						<SP ID="P7_SP00258" HPOS="257" VPOS="3295" WIDTH="30"/>
						<String ID="P7_ST00298" HPOS="287" VPOS="3239" WIDTH="71" HEIGHT="47" CONTENT="die" WC="1.00" CC="000"/>
						<SP ID="P7_SP00259" HPOS="358" VPOS="3295" WIDTH="31"/>
						<String ID="P7_ST00299" HPOS="389" VPOS="3240" WIDTH="114" HEIGHT="46" CONTENT="auch" WC="0.98" CC="0306"/>
						<SP ID="P7_SP00260" HPOS="503" VPOS="3295" WIDTH="34"/>
						<String ID="P7_ST00300" HPOS="537" VPOS="3239" WIDTH="58" HEIGHT="47" CONTENT="im" WC="0.92" CC="01"/>
						<SP ID="P7_SP00261" HPOS="595" VPOS="3295" WIDTH="34"/>
						<String ID="P7_ST00301" HPOS="629" VPOS="3240" WIDTH="178" HEIGHT="47" CONTENT="Herzen" WC="0.98" CC="600606"/>
						<SP ID="P7_SP00262" HPOS="807" VPOS="3295" WIDTH="33"/>
						<String ID="P7_ST00302" HPOS="840" VPOS="3239" WIDTH="77" HEIGHT="47" CONTENT="des" WC="0.98" CC="005"/>
						<SP ID="P7_SP00263" HPOS="917" VPOS="3295" WIDTH="23"/>
						<String ID="P7_ST00303" HPOS="940" VPOS="3239" WIDTH="231" HEIGHT="47" CONTENT="Zuhörers" WC="0.99" CC="05705015"/>
						<SP ID="P7_SP00264" HPOS="1171" VPOS="3295" WIDTH="31"/>
						<String ID="P7_ST00304" HPOS="1202" VPOS="3238" WIDTH="327" HEIGHT="58" CONTENT="wiedertönen," WC="0.99" CC="000004705077"/>
						<SP ID="P7_SP00265" HPOS="1529" VPOS="3296" WIDTH="33"/>
						<String ID="P7_ST00305" HPOS="1562" VPOS="3235" WIDTH="52" HEIGHT="48" CONTENT="be" SUBS_TYPE="HypPart1" SUBS_CONTENT="berührt" WC="0.98" CC="50"/>
						<HYP HPOS="1614" VPOS="3235" WIDTH="25" CONTENT="-"/>
					</TextLine>
					<TextLine ID="P7_TL00041" HPOS="112" VPOS="3312" WIDTH="1528" HEIGHT="65">
						<String ID="P7_ST00306" HPOS="112" VPOS="3315" WIDTH="130" HEIGHT="47" CONTENT="rührt" SUBS_TYPE="HypPart2" SUBS_CONTENT="berührt" WC="0.99" CC="40001"/>
						<SP ID="P7_SP00266" HPOS="242" VPOS="3362" WIDTH="30"/>
						<String ID="P7_ST00307" HPOS="272" VPOS="3318" WIDTH="90" HEIGHT="47" CONTENT="bat." WC="0.96" CC="8133"/>
						<SP ID="P7_SP00267" HPOS="362" VPOS="3365" WIDTH="59"/>
						<String ID="P7_ST00308" HPOS="421" VPOS="3318" WIDTH="149" HEIGHT="47" CONTENT="Kaum" WC="0.98" CC="3430"/>
						<SP ID="P7_SP00268" HPOS="570" VPOS="3365" WIDTH="40"/>
						<String ID="P7_ST00309" HPOS="610" VPOS="3316" WIDTH="110" HEIGHT="47" CONTENT="aber" WC="0.99" CC="4000"/>
						<SP ID="P7_SP00269" HPOS="720" VPOS="3365" WIDTH="42"/>
						<String ID="P7_ST00310" HPOS="762" VPOS="3318" WIDTH="76" HEIGHT="45" CONTENT="hat" WC="0.95" CC="542"/>
						<SP ID="P7_SP00270" HPOS="838" VPOS="3365" WIDTH="41"/>
						<String ID="P7_ST00311" HPOS="879" VPOS="3316" WIDTH="91" HEIGHT="47" CONTENT="sein" WC="0.98" CC="0007"/>
						<SP ID="P7_SP00271" HPOS="970" VPOS="3365" WIDTH="42"/>
						<String ID="P7_ST00312" HPOS="1012" VPOS="3315" WIDTH="334" HEIGHT="48" CONTENT="musicalischer" WC="0.99" CC="7500056000604"/>
						<SP ID="P7_SP00272" HPOS="1346" VPOS="3365" WIDTH="32"/>
						<String ID="P7_ST00313" HPOS="1378" VPOS="3312" WIDTH="262" HEIGHT="65" CONTENT="Pulsschlag" WC="0.99" CC="0004276020"/>
					</TextLine>
					<TextLine ID="P7_TL00042" HPOS="112" VPOS="3390" WIDTH="1528" HEIGHT="69">
						<String ID="P7_ST00314" HPOS="112" VPOS="3394" WIDTH="127" HEIGHT="47" CONTENT="einen" WC="0.99" CC="00405"/>
						<SP ID="P7_SP00273" HPOS="239" VPOS="3441" WIDTH="32"/>
						<String ID="P7_ST00315" HPOS="271" VPOS="3395" WIDTH="237" HEIGHT="47" CONTENT="normalen" WC="0.99" CC="65603400"/>
						<SP ID="P7_SP00274" HPOS="508" VPOS="3442" WIDTH="32"/>
						<String ID="P7_ST00316" HPOS="540" VPOS="3394" WIDTH="133" HEIGHT="65" CONTENT="Gang" WC="0.98" CC="2340"/>
						<SP ID="P7_SP00275" HPOS="673" VPOS="3459" WIDTH="28"/>
						<String ID="P7_ST00317" HPOS="701" VPOS="3410" WIDTH="294" HEIGHT="49" CONTENT="genommen," WC="0.99" CC="006000061"/>
						<SP ID="P7_SP00276" HPOS="995" VPOS="3459" WIDTH="28"/>
						<String ID="P7_ST00318" HPOS="1023" VPOS="3410" WIDTH="48" HEIGHT="31" CONTENT="so" WC="0.91" CC="01"/>
						<SP ID="P7_SP00277" HPOS="1071" VPOS="3459" WIDTH="38"/>
						<String ID="P7_ST00319" HPOS="1109" VPOS="3394" WIDTH="95" HEIGHT="47" CONTENT="tritt" WC="0.99" CC="03004"/>
						<SP ID="P7_SP00278" HPOS="1204" VPOS="3459" WIDTH="33"/>
						<String ID="P7_ST00320" HPOS="1237" VPOS="3393" WIDTH="245" HEIGHT="64" CONTENT="Wagner's" WC="0.90" CC="03000004"/>
						<SP ID="P7_SP00279" HPOS="1482" VPOS="3459" WIDTH="32"/>
						<String ID="P7_ST00321" HPOS="1514" VPOS="3390" WIDTH="101" HEIGHT="48" CONTENT="wild" SUBS_TYPE="HypPart1" SUBS_CONTENT="wilderregter" WC="0.99" CC="0060"/>
						<HYP HPOS="1615" VPOS="3390" WIDTH="25" CONTENT="-"/>
					</TextLine>
					<TextLine ID="P7_TL00043" HPOS="112" VPOS="3470" WIDTH="1527" HEIGHT="66">
						<String ID="P7_ST00322" HPOS="112" VPOS="3481" WIDTH="204" HEIGHT="55" CONTENT="erregter" SUBS_TYPE="HypPart2" SUBS_CONTENT="wilderregter" WC="0.99" CC="02000604"/>
						<SP ID="P7_SP00280" HPOS="316" VPOS="3536" WIDTH="31"/>
						<String ID="P7_ST00323" HPOS="347" VPOS="3474" WIDTH="180" HEIGHT="47" CONTENT="Dämon" WC="0.98" CC="47006"/>
						<SP ID="P7_SP00281" HPOS="527" VPOS="3536" WIDTH="42"/>
						<String ID="P7_ST00324" HPOS="569" VPOS="3473" WIDTH="131" HEIGHT="47" CONTENT="hinzu" WC="0.97" CC="10666"/>
						<SP ID="P7_SP00282" HPOS="700" VPOS="3536" WIDTH="47"/>
						<String ID="P7_ST00325" HPOS="747" VPOS="3473" WIDTH="88" HEIGHT="48" CONTENT="und" WC="0.92" CC="678"/>
						<SP ID="P7_SP00283" HPOS="835" VPOS="3536" WIDTH="47"/>
						<String ID="P7_ST00326" HPOS="882" VPOS="3471" WIDTH="383" HEIGHT="49" CONTENT="durchschneidet" WC="1.00" CC="05005404800002"/>
						<SP ID="P7_SP00284" HPOS="1265" VPOS="3536" WIDTH="40"/>
						<String ID="P7_ST00327" HPOS="1305" VPOS="3471" WIDTH="78" HEIGHT="47" CONTENT="mit" WC="0.97" CC="700"/>
						<SP ID="P7_SP00285" HPOS="1383" VPOS="3536" WIDTH="38"/>
						<String ID="P7_ST00328" HPOS="1421" VPOS="3470" WIDTH="187" HEIGHT="63" CONTENT="Hohnge" SUBS_TYPE="HypPart1" SUBS_CONTENT="Hohngelächter" WC="0.97" CC="334894"/>
						<HYP HPOS="1608" VPOS="3470" WIDTH="31" CONTENT="-"/>
					</TextLine>
					<TextLine ID="P7_TL00044" HPOS="112" VPOS="3546" WIDTH="1530" HEIGHT="67">
						<String ID="P7_ST00329" HPOS="112" VPOS="3549" WIDTH="166" HEIGHT="48" CONTENT="lächter" SUBS_TYPE="HypPart2" SUBS_CONTENT="Hohngelächter" WC="0.98" CC="6054803"/>
						<SP ID="P7_SP00286" HPOS="278" VPOS="3597" WIDTH="24"/>
						<String ID="P7_ST00330" HPOS="302" VPOS="3550" WIDTH="86" HEIGHT="47" CONTENT="den" WC="0.97" CC="007"/>
						<SP ID="P7_SP00287" HPOS="388" VPOS="3597" WIDTH="26"/>
						<String ID="P7_ST00331" HPOS="414" VPOS="3551" WIDTH="191" HEIGHT="62" CONTENT="eigenen" WC="0.99" CC="2098000"/>
						<SP ID="P7_SP00288" HPOS="605" VPOS="3613" WIDTH="18"/>
						<String ID="P7_ST00332" HPOS="623" VPOS="3549" WIDTH="334" HEIGHT="49" CONTENT="Lebensfaden." WC="0.99" CC="004014050370"/>
						<SP ID="P7_SP00289" HPOS="957" VPOS="3613" WIDTH="31"/>
						<String ID="P7_ST00333" HPOS="988" VPOS="3549" WIDTH="273" HEIGHT="64" CONTENT="Aufregung" WC="0.99" CC="550500670"/>
						<SP ID="P7_SP00290" HPOS="1261" VPOS="3613" WIDTH="26"/>
						<String ID="P7_ST00334" HPOS="1287" VPOS="3547" WIDTH="162" HEIGHT="49" CONTENT="weicht" WC="0.98" CC="000765"/>
						<SP ID="P7_SP00291" HPOS="1449" VPOS="3613" WIDTH="23"/>
						<String ID="P7_ST00335" HPOS="1472" VPOS="3546" WIDTH="170" HEIGHT="48" CONTENT="wieder" WC="0.99" CC="030002"/>
					</TextLine>
					<TextLine ID="P7_TL00045" HPOS="111" VPOS="3626" WIDTH="1528" HEIGHT="67">
						<String ID="P7_ST00336" HPOS="111" VPOS="3626" WIDTH="77" HEIGHT="48" CONTENT="der" WC="0.99" CC="011"/>
						<SP ID="P7_SP00292" HPOS="188" VPOS="3674" WIDTH="26"/>
						<String ID="P7_ST00337" HPOS="214" VPOS="3629" WIDTH="289" HEIGHT="64" CONTENT="Aufregung," WC="0.98" CC="6500094692"/>
						<SP ID="P7_SP00293" HPOS="503" VPOS="3693" WIDTH="33"/>
						<String ID="P7_ST00338" HPOS="536" VPOS="3627" WIDTH="90" HEIGHT="49" CONTENT="und" WC="0.97" CC="008"/>
						<SP ID="P7_SP00294" HPOS="626" VPOS="3693" WIDTH="33"/>
						<String ID="P7_ST00339" HPOS="659" VPOS="3629" WIDTH="69" HEIGHT="47" CONTENT="ein" WC="0.98" CC="006"/>
						<SP ID="P7_SP00295" HPOS="728" VPOS="3693" WIDTH="34"/>
						<String ID="P7_ST00340" HPOS="762" VPOS="3627" WIDTH="266" HEIGHT="50" CONTENT="förmlicher" WC="1.00" CC="0010200003"/>
						<SP ID="P7_SP00296" HPOS="1028" VPOS="3693" WIDTH="21"/>
						<String ID="P7_ST00341" HPOS="1049" VPOS="3627" WIDTH="289" HEIGHT="49" CONTENT="Tonschwall" WC="0.99" CC="0074045050"/>
						<SP ID="P7_SP00297" HPOS="1338" VPOS="3693" WIDTH="33"/>
						<String ID="P7_ST00342" HPOS="1371" VPOS="3627" WIDTH="76" HEIGHT="46" CONTENT="hat" WC="0.97" CC="502"/>
						<SP ID="P7_SP00298" HPOS="1447" VPOS="3693" WIDTH="29"/>
						<String ID="P7_ST00343" HPOS="1476" VPOS="3626" WIDTH="57" HEIGHT="47" CONTENT="im" WC="1.00" CC="00"/>
						<SP ID="P7_SP00299" HPOS="1533" VPOS="3693" WIDTH="32"/>
						<String ID="P7_ST00344" HPOS="1565" VPOS="3626" WIDTH="74" HEIGHT="46" CONTENT="Nu" WC="0.81" CC="03"/>
					</TextLine>
					<TextLine ID="P7_TL00046" HPOS="112" VPOS="3705" WIDTH="1529" HEIGHT="66">
						<String ID="P7_ST00345" HPOS="112" VPOS="3705" WIDTH="81" HEIGHT="48" CONTENT="alle" WC="0.99" CC="5000"/>
						<SP ID="P7_SP00300" HPOS="193" VPOS="3753" WIDTH="27"/>
						<String ID="P7_ST00346" HPOS="220" VPOS="3706" WIDTH="211" HEIGHT="48" CONTENT="besseren" WC="0.99" CC="70506000"/>
						<SP ID="P7_SP00301" HPOS="431" VPOS="3754" WIDTH="25"/>
						<String ID="P7_ST00347" HPOS="456" VPOS="3706" WIDTH="260" HEIGHT="48" CONTENT="Eindrücke" WC="1.00" CC="006060000"/>
						<SP ID="P7_SP00302" HPOS="716" VPOS="3754" WIDTH="31"/>
						<String ID="P7_ST00348" HPOS="747" VPOS="3706" WIDTH="531" HEIGHT="65" CONTENT="hinweggeschwemmt." WC="1.00" CC="20400900265000060"/>
						<SP ID="P7_SP00303" HPOS="1278" VPOS="3771" WIDTH="84"/>
						<String ID="P7_ST00349" HPOS="1362" VPOS="3705" WIDTH="133" HEIGHT="47" CONTENT="Jenes" WC="0.98" CC="01704"/>
						<SP ID="P7_SP00304" HPOS="1495" VPOS="3771" WIDTH="22"/>
						<String ID="P7_ST00350" HPOS="1517" VPOS="3706" WIDTH="124" HEIGHT="45" CONTENT="süsse" WC="0.97" CC="40549"/>
					</TextLine>
					<TextLine ID="P7_TL00047" HPOS="112" VPOS="3780" WIDTH="1525" HEIGHT="68">
						<String ID="P7_ST00351" HPOS="112" VPOS="3782" WIDTH="232" HEIGHT="66" CONTENT="Behagen," WC="0.99" CC="73710070"/>
						<SP ID="P7_SP00305" HPOS="344" VPOS="3848" WIDTH="25"/>
						<String ID="P7_ST00352" HPOS="369" VPOS="3784" WIDTH="129" HEIGHT="64" CONTENT="jenes" WC="0.99" CC="10105"/>
						<SP ID="P7_SP00306" HPOS="498" VPOS="3848" WIDTH="32"/>
						<String ID="P7_ST00353" HPOS="530" VPOS="3787" WIDTH="211" HEIGHT="60" CONTENT="wonnige" WC="0.99" CC="0355000"/>
						<SP ID="P7_SP00307" HPOS="741" VPOS="3848" WIDTH="28"/>
						<String ID="P7_ST00354" HPOS="769" VPOS="3784" WIDTH="410" HEIGHT="63" CONTENT="Selbstvergessen," WC="1.00" CC="0303600550033070"/>
						<SP ID="P7_SP00308" HPOS="1179" VPOS="3848" WIDTH="30"/>
						<String ID="P7_ST00355" HPOS="1209" VPOS="3781" WIDTH="80" HEIGHT="48" CONTENT="das" WC="0.98" CC="004"/>
						<SP ID="P7_SP00309" HPOS="1289" VPOS="3848" WIDTH="32"/>
						<String ID="P7_ST00356" HPOS="1321" VPOS="3798" WIDTH="160" HEIGHT="31" CONTENT="unsere" WC="0.98" CC="266004"/>
						<SP ID="P7_SP00310" HPOS="1481" VPOS="3848" WIDTH="31"/>
						<String ID="P7_ST00357" HPOS="1512" VPOS="3780" WIDTH="100" HEIGHT="47" CONTENT="deut" SUBS_TYPE="HypPart1" SUBS_CONTENT="deutschen" WC="0.99" CC="0450"/>
						<HYP HPOS="1612" VPOS="3780" WIDTH="25" CONTENT="-"/>
					</TextLine>
					<TextLine ID="P7_TL00048" HPOS="108" VPOS="3859" WIDTH="1531" HEIGHT="66">
						<String ID="P7_ST00358" HPOS="108" VPOS="3860" WIDTH="135" HEIGHT="48" CONTENT="schen" SUBS_TYPE="HypPart2" SUBS_CONTENT="deutschen" WC="0.98" CC="10708"/>
						<SP ID="P7_SP00311" HPOS="243" VPOS="3908" WIDTH="25"/>
						<String ID="P7_ST00359" HPOS="268" VPOS="3862" WIDTH="184" HEIGHT="47" CONTENT="Heroen" WC="0.98" CC="600156"/>
						<SP ID="P7_SP00312" HPOS="452" VPOS="3909" WIDTH="26"/>
						<String ID="P7_ST00360" HPOS="478" VPOS="3861" WIDTH="62" HEIGHT="48" CONTENT="als" WC="0.94" CC="609"/>
						<SP ID="P7_SP00313" HPOS="540" VPOS="3909" WIDTH="24"/>
						<String ID="P7_ST00361" HPOS="564" VPOS="3862" WIDTH="248" HEIGHT="63" CONTENT="göttlichen" WC="0.99" CC="0067200506"/>
						<SP ID="P7_SP00314" HPOS="812" VPOS="3925" WIDTH="29"/>
						<String ID="P7_ST00362" HPOS="841" VPOS="3860" WIDTH="189" HEIGHT="49" CONTENT="Funken" WC="0.99" CC="056101"/>
						<SP ID="P7_SP00315" HPOS="1030" VPOS="3925" WIDTH="24"/>
						<String ID="P7_ST00363" HPOS="1054" VPOS="3860" WIDTH="102" HEIGHT="47" CONTENT="dem" WC="1.00" CC="000"/>
						<SP ID="P7_SP00316" HPOS="1156" VPOS="3925" WIDTH="29"/>
						<String ID="P7_ST00364" HPOS="1185" VPOS="3860" WIDTH="172" HEIGHT="48" CONTENT="Wesen" WC="0.97" CC="06507"/>
						<SP ID="P7_SP00317" HPOS="1357" VPOS="3925" WIDTH="33"/>
						<String ID="P7_ST00365" HPOS="1390" VPOS="3860" WIDTH="78" HEIGHT="47" CONTENT="der" WC="0.98" CC="024"/>
						<SP ID="P7_SP00318" HPOS="1468" VPOS="3925" WIDTH="24"/>
						<String ID="P7_ST00366" HPOS="1492" VPOS="3859" WIDTH="147" HEIGHT="47" CONTENT="Musik" WC="0.97" CC="07650"/>
					</TextLine>
					<TextLine ID="P7_TL00049" HPOS="108" VPOS="3936" WIDTH="1533" HEIGHT="69">
						<String ID="P7_ST00367" HPOS="108" VPOS="3939" WIDTH="339" HEIGHT="49" CONTENT="einzuhauchen" WC="0.99" CC="406231472708"/>
						<SP ID="P7_SP00319" HPOS="447" VPOS="3988" WIDTH="27"/>
						<String ID="P7_ST00368" HPOS="474" VPOS="3947" WIDTH="215" HEIGHT="58" CONTENT="gewusst," WC="0.77" CC="00080630"/>
						<SP ID="P7_SP00320" HPOS="689" VPOS="4005" WIDTH="30"/>
						<String ID="P7_ST00369" HPOS="719" VPOS="3956" WIDTH="97" HEIGHT="31" CONTENT="war" WC="0.97" CC="042"/>
						<SP ID="P7_SP00321" HPOS="816" VPOS="4005" WIDTH="34"/>
						<String ID="P7_ST00370" HPOS="850" VPOS="3940" WIDTH="211" HEIGHT="63" CONTENT="Wagner" WC="0.98" CC="060734"/>
						<SP ID="P7_SP00322" HPOS="1061" VPOS="4005" WIDTH="33"/>
						<String ID="P7_ST00371" HPOS="1094" VPOS="3939" WIDTH="42" HEIGHT="47" CONTENT="in" WC="0.60" CC="07"/>
						<SP ID="P7_SP00323" HPOS="1136" VPOS="4005" WIDTH="25"/>
						<String ID="P7_ST00372" HPOS="1161" VPOS="3940" WIDTH="179" HEIGHT="46" CONTENT="Tristan" WC="0.98" CC="0506642"/>
						<SP ID="P7_SP00324" HPOS="1340" VPOS="4005" WIDTH="34"/>
						<String ID="P7_ST00373" HPOS="1374" VPOS="3937" WIDTH="87" HEIGHT="49" CONTENT="und" WC="0.96" CC="260"/>
						<SP ID="P7_SP00325" HPOS="1461" VPOS="4005" WIDTH="37"/>
						<String ID="P7_ST00374" HPOS="1498" VPOS="3936" WIDTH="143" HEIGHT="48" CONTENT="Isolde" WC="0.98" CC="764205"/>
					</TextLine>
					<TextLine ID="P7_TL00050" HPOS="112" VPOS="4014" WIDTH="1530" HEIGHT="68">
						<String ID="P7_ST00375" HPOS="112" VPOS="4028" WIDTH="192" HEIGHT="54" CONTENT="versagt," WC="0.98" CC="50558950"/>
						<SP ID="P7_SP00326" HPOS="304" VPOS="4082" WIDTH="42"/>
						<String ID="P7_ST00376" HPOS="346" VPOS="4019" WIDTH="87" HEIGHT="47" CONTENT="und" WC="0.95" CC="660"/>
						<SP ID="P7_SP00327" HPOS="433" VPOS="4082" WIDTH="45"/>
						<String ID="P7_ST00377" HPOS="478" VPOS="4034" WIDTH="120" HEIGHT="30" CONTENT="muss" WC="0.70" CC="0506"/>
						<SP ID="P7_SP00328" HPOS="598" VPOS="4082" WIDTH="40"/>
						<String ID="P7_ST00378" HPOS="638" VPOS="4017" WIDTH="90" HEIGHT="47" CONTENT="ihm" WC="0.98" CC="050"/>
						<SP ID="P7_SP00329" HPOS="728" VPOS="4082" WIDTH="41"/>
						<String ID="P7_ST00379" HPOS="769" VPOS="4026" WIDTH="176" HEIGHT="56" CONTENT="versagt" WC="0.98" CC="0004697"/>
						<SP ID="P7_SP00330" HPOS="945" VPOS="4082" WIDTH="34"/>
						<String ID="P7_ST00380" HPOS="979" VPOS="4016" WIDTH="196" HEIGHT="53" CONTENT="bleiben," WC="0.99" CC="06600402"/>
						<SP ID="P7_SP00331" HPOS="1175" VPOS="4082" WIDTH="41"/>
						<String ID="P7_ST00381" HPOS="1216" VPOS="4034" WIDTH="130" HEIGHT="29" CONTENT="wenn" WC="0.97" CC="0077"/>
						<SP ID="P7_SP00332" HPOS="1346" VPOS="4082" WIDTH="35"/>
						<String ID="P7_ST00382" HPOS="1381" VPOS="4034" WIDTH="47" HEIGHT="30" CONTENT="er" WC="0.63" CC="33"/>
						<SP ID="P7_SP00333" HPOS="1428" VPOS="4082" WIDTH="30"/>
						<String ID="P7_ST00383" HPOS="1458" VPOS="4015" WIDTH="79" HEIGHT="47" CONTENT="auf" WC="0.95" CC="570"/>
						<SP ID="P7_SP00334" HPOS="1537" VPOS="4082" WIDTH="24"/>
						<String ID="P7_ST00384" HPOS="1561" VPOS="4014" WIDTH="81" HEIGHT="48" CONTENT="der" WC="0.96" CC="090"/>
					</TextLine>
					<TextLine ID="P7_TL00051" HPOS="109" VPOS="4091" WIDTH="1531" HEIGHT="67">
						<String ID="P7_ST00385" HPOS="109" VPOS="4091" WIDTH="263" HEIGHT="52" CONTENT="betretenen" WC="0.98" CC="5900068707"/>
						<SP ID="P7_SP00335" HPOS="372" VPOS="4143" WIDTH="37"/>
						<String ID="P7_ST00386" HPOS="409" VPOS="4096" WIDTH="126" HEIGHT="47" CONTENT="Bahn" WC="0.94" CC="6778"/>
						<SP ID="P7_SP00336" HPOS="535" VPOS="4143" WIDTH="34"/>
						<String ID="P7_ST00387" HPOS="569" VPOS="4095" WIDTH="296" HEIGHT="48" CONTENT="fortarbeiten" WC="0.99" CC="859612650030"/>
						<SP ID="P7_SP00337" HPOS="865" VPOS="4143" WIDTH="33"/>
						<String ID="P7_ST00388" HPOS="898" VPOS="4095" WIDTH="102" HEIGHT="47" CONTENT="will." WC="1.00" CC="01000"/>
						<SP ID="P7_SP00338" HPOS="1000" VPOS="4143" WIDTH="61"/>
						<String ID="P7_ST00389" HPOS="1061" VPOS="4094" WIDTH="212" HEIGHT="64" CONTENT="Wagner" WC="0.98" CC="040762"/>
						<SP ID="P7_SP00339" HPOS="1273" VPOS="4158" WIDTH="40"/>
						<String ID="P7_ST00390" HPOS="1313" VPOS="4095" WIDTH="75" HEIGHT="47" CONTENT="hat" WC="0.97" CC="206"/>
						<SP ID="P7_SP00340" HPOS="1388" VPOS="4158" WIDTH="30"/>
						<String ID="P7_ST00391" HPOS="1418" VPOS="4092" WIDTH="83" HEIGHT="49" CONTENT="den" WC="0.94" CC="078"/>
						<SP ID="P7_SP00341" HPOS="1501" VPOS="4158" WIDTH="33"/>
						<String ID="P7_ST00392" HPOS="1534" VPOS="4092" WIDTH="80" HEIGHT="47" CONTENT="Cul" SUBS_TYPE="HypPart1" SUBS_CONTENT="Culminationspunkt" WC="0.59" CC="704"/>
						<HYP HPOS="1614" VPOS="4092" WIDTH="26" CONTENT="-"/>
					</TextLine>
				</TextBlock>
				<TextBlock ID="P7_TB00003" HPOS="1739" VPOS="302" WIDTH="1519" HEIGHT="358" STYLEREFS="TXT_0 PAR_BLOCK">
					<TextLine ID="P7_TL00052" HPOS="1743" VPOS="302" WIDTH="1498" HEIGHT="67">
						<String ID="P7_ST00393" HPOS="1743" VPOS="302" WIDTH="386" HEIGHT="65" CONTENT="minationspunkt" SUBS_TYPE="HypPart2" SUBS_CONTENT="Culminationspunkt" WC="0.69" CC="63408350402004"/>
						<SP ID="P7_SP00342" HPOS="2129" VPOS="367" WIDTH="39"/>
						<String ID="P7_ST00394" HPOS="2168" VPOS="309" WIDTH="187" HEIGHT="46" CONTENT="seiner" WC="0.98" CC="400817"/>
						<SP ID="P7_SP00343" HPOS="2355" VPOS="367" WIDTH="43"/>
						<String ID="P7_ST00395" HPOS="2398" VPOS="310" WIDTH="146" HEIGHT="47" CONTENT="Kunst" WC="0.98" CC="44006"/>
						<SP ID="P7_SP00344" HPOS="2544" VPOS="367" WIDTH="43"/>
						<String ID="P7_ST00396" HPOS="2587" VPOS="314" WIDTH="79" HEIGHT="46" CONTENT="mit" WC="0.95" CC="606"/>
						<SP ID="P7_SP00345" HPOS="2666" VPOS="367" WIDTH="38"/>
						<String ID="P7_ST00397" HPOS="2704" VPOS="314" WIDTH="207" HEIGHT="55" CONTENT="„Tristan" WC="0.98" CC="75342855"/>
						<SP ID="P7_SP00346" HPOS="2911" VPOS="369" WIDTH="41"/>
						<String ID="P7_ST00398" HPOS="2952" VPOS="314" WIDTH="87" HEIGHT="47" CONTENT="und" WC="0.94" CC="518"/>
						<SP ID="P7_SP00347" HPOS="3039" VPOS="369" WIDTH="35"/>
						<String ID="P7_ST00399" HPOS="3074" VPOS="317" WIDTH="167" HEIGHT="47" CONTENT='Isolde"' WC="0.97" CC="8750677"/>
					</TextLine>
					<TextLine ID="P7_TL00053" HPOS="1740" VPOS="380" WIDTH="1516" HEIGHT="75">
						<String ID="P7_ST00400" HPOS="1740" VPOS="380" WIDTH="219" HEIGHT="48" CONTENT="erreicht:" WC="0.99" CC="115030322"/>
						<SP ID="P7_SP00348" HPOS="1959" VPOS="428" WIDTH="39"/>
						<String ID="P7_ST00401" HPOS="1998" VPOS="381" WIDTH="70" HEIGHT="47" CONTENT="die" WC="0.98" CC="060"/>
						<SP ID="P7_SP00349" HPOS="2068" VPOS="428" WIDTH="30"/>
						<String ID="P7_ST00402" HPOS="2098" VPOS="384" WIDTH="145" HEIGHT="47" CONTENT="Musik" WC="0.98" CC="64005"/>
						<SP ID="P7_SP00350" HPOS="2243" VPOS="431" WIDTH="31"/>
						<String ID="P7_ST00403" HPOS="2274" VPOS="385" WIDTH="80" HEIGHT="47" CONTENT="der" WC="0.95" CC="309"/>
						<SP ID="P7_SP00351" HPOS="2354" VPOS="432" WIDTH="26"/>
						<String ID="P7_ST00404" HPOS="2380" VPOS="388" WIDTH="201" HEIGHT="47" CONTENT="Zukunft" WC="0.99" CC="2400046"/>
						<SP ID="P7_SP00352" HPOS="2581" VPOS="435" WIDTH="30"/>
						<String ID="P7_ST00405" HPOS="2611" VPOS="390" WIDTH="52" HEIGHT="46" CONTENT="ist" WC="0.95" CC="424"/>
						<SP ID="P7_SP00353" HPOS="2663" VPOS="436" WIDTH="31"/>
						<String ID="P7_ST00406" HPOS="2694" VPOS="392" WIDTH="143" HEIGHT="47" CONTENT="Musik" WC="0.99" CC="50400"/>
						<SP ID="P7_SP00354" HPOS="2837" VPOS="439" WIDTH="32"/>
						<String ID="P7_ST00407" HPOS="2869" VPOS="393" WIDTH="80" HEIGHT="46" CONTENT="der" WC="0.98" CC="004"/>
						<SP ID="P7_SP00355" HPOS="2949" VPOS="439" WIDTH="31"/>
						<String ID="P7_ST00408" HPOS="2980" VPOS="392" WIDTH="276" HEIGHT="63" CONTENT="Gegenwart" WC="0.98" CC="327244505"/>
					</TextLine>
					<TextLine ID="P7_TL00054" HPOS="1740" VPOS="456" WIDTH="1513" HEIGHT="77">
						<String ID="P7_ST00409" HPOS="1740" VPOS="456" WIDTH="264" HEIGHT="61" CONTENT="geworden," WC="0.99" CC="733150060"/>
						<SP ID="P7_SP00356" HPOS="2004" VPOS="517" WIDTH="41"/>
						<String ID="P7_ST00410" HPOS="2045" VPOS="459" WIDTH="89" HEIGHT="46" CONTENT="und" WC="0.97" CC="080"/>
						<SP ID="P7_SP00357" HPOS="2134" VPOS="517" WIDTH="46"/>
						<String ID="P7_ST00411" HPOS="2180" VPOS="477" WIDTH="81" HEIGHT="30" CONTENT="von" WC="0.96" CC="046"/>
						<SP ID="P7_SP00358" HPOS="2261" VPOS="517" WIDTH="37"/>
						<String ID="P7_ST00412" HPOS="2298" VPOS="461" WIDTH="106" HEIGHT="63" CONTENT="jetzt" WC="0.97" CC="47155"/>
						<SP ID="P7_SP00359" HPOS="2404" VPOS="524" WIDTH="44"/>
						<String ID="P7_ST00413" HPOS="2448" VPOS="479" WIDTH="54" HEIGHT="31" CONTENT="an" WC="0.59" CC="16"/>
						<SP ID="P7_SP00360" HPOS="2502" VPOS="524" WIDTH="31"/>
						<String ID="P7_ST00414" HPOS="2533" VPOS="465" WIDTH="78" HEIGHT="62" CONTENT="gilt" WC="0.95" CC="6446"/>
						<SP ID="P7_SP00361" HPOS="2611" VPOS="527" WIDTH="42"/>
						<String ID="P7_ST00415" HPOS="2653" VPOS="482" WIDTH="61" HEIGHT="39" CONTENT="es," WC="0.98" CC="050"/>
						<SP ID="P7_SP00362" HPOS="2714" VPOS="527" WIDTH="42"/>
						<String ID="P7_ST00416" HPOS="2756" VPOS="468" WIDTH="90" HEIGHT="47" CONTENT="sich" WC="0.99" CC="2001"/>
						<SP ID="P7_SP00363" HPOS="2846" VPOS="527" WIDTH="35"/>
						<String ID="P7_ST00417" HPOS="2881" VPOS="469" WIDTH="209" HEIGHT="64" CONTENT="Wagner" WC="0.98" CC="300654"/>
						<SP ID="P7_SP00364" HPOS="3090" VPOS="533" WIDTH="31"/>
						<String ID="P7_ST00418" HPOS="3121" VPOS="486" WIDTH="106" HEIGHT="30" CONTENT="anzu" SUBS_TYPE="HypPart1" SUBS_CONTENT="anzuschliesse" WC="0.49" CC="0874"/>
						<HYP HPOS="3227" VPOS="486" WIDTH="26" CONTENT="-"/>
					</TextLine>
					<TextLine ID="P7_TL00055" HPOS="1739" VPOS="533" WIDTH="1515" HEIGHT="76">
						<String ID="P7_ST00419" HPOS="1739" VPOS="533" WIDTH="237" HEIGHT="48" CONTENT="schliessen" SUBS_TYPE="HypPart2" SUBS_CONTENT="anzuschliesse" WC="0.76" CC="4060003116"/>
						<String ID="P7_ST00420" HPOS="1985" VPOS="536" WIDTH="186" HEIGHT="46" CONTENT="—oder" WC="0.98" CC="83030"/>
						<SP ID="P7_SP00365" HPOS="2171" VPOS="582" WIDTH="23"/>
						<String ID="P7_ST00421" HPOS="2194" VPOS="539" WIDTH="119" HEIGHT="47" CONTENT="seine" WC="0.98" CC="30304"/>
						<SP ID="P7_SP00366" HPOS="2313" VPOS="586" WIDTH="23"/>
						<String ID="P7_ST00422" HPOS="2336" VPOS="541" WIDTH="188" HEIGHT="61" CONTENT="eigenen" WC="1.00" CC="0400300"/>
						<SP ID="P7_SP00367" HPOS="2524" VPOS="602" WIDTH="29"/>
						<String ID="P7_ST00423" HPOS="2553" VPOS="541" WIDTH="150" HEIGHT="65" CONTENT="Wege" WC="1.00" CC="0000"/>
						<SP ID="P7_SP00368" HPOS="2703" VPOS="606" WIDTH="21"/>
						<String ID="P7_ST00424" HPOS="2724" VPOS="562" WIDTH="51" HEIGHT="29" CONTENT="zu" WC="0.61" CC="70"/>
						<SP ID="P7_SP00369" HPOS="2775" VPOS="606" WIDTH="32"/>
						<String ID="P7_ST00425" HPOS="2807" VPOS="545" WIDTH="160" HEIGHT="64" CONTENT="gehen." WC="0.99" CC="900001"/>
						<SP ID="P7_SP00370" HPOS="2967" VPOS="609" WIDTH="33"/>
						<String ID="P7_ST00426" HPOS="3000" VPOS="547" WIDTH="84" HEIGHT="47" CONTENT="Die" WC="0.97" CC="600"/>
						<SP ID="P7_SP00371" HPOS="3084" VPOS="609" WIDTH="28"/>
						<String ID="P7_ST00427" HPOS="3112" VPOS="547" WIDTH="142" HEIGHT="48" CONTENT="Wahl" WC="0.96" CC="0496"/>
					</TextLine>
					<TextLine ID="P7_TL00056" HPOS="1740" VPOS="607" WIDTH="431" HEIGHT="53">
						<String ID="P7_ST00428" HPOS="1740" VPOS="607" WIDTH="53" HEIGHT="46" CONTENT="ist" WC="0.98" CC="060"/>
						<SP ID="P7_SP00372" HPOS="1793" VPOS="653" WIDTH="30"/>
						<String ID="P7_ST00429" HPOS="1823" VPOS="610" WIDTH="120" HEIGHT="46" CONTENT="nicht" WC="0.99" CC="30002"/>
						<SP ID="P7_SP00373" HPOS="1943" VPOS="656" WIDTH="28"/>
						<String ID="P7_ST00430" HPOS="1971" VPOS="611" WIDTH="200" HEIGHT="49" CONTENT="schwer!" WC="0.99" CC="5000024"/>
					</TextLine>
				</TextBlock>
				<TextBlock ID="P7_TB00004" HPOS="1833" VPOS="848" WIDTH="1338" HEIGHT="75" STYLEREFS="TXT_1 PAR_RIGHT">
					<TextLine ID="P7_TL00057" HPOS="1835" VPOS="849" WIDTH="1335" HEIGHT="73">
						<String ID="P7_ST00431" HPOS="1835" VPOS="849" WIDTH="88" HEIGHT="53" CONTENT="Die" WC="0.95" CC="707"/>
						<SP ID="P7_SP00374" HPOS="1923" VPOS="902" WIDTH="44"/>
						<String ID="P7_ST00432" HPOS="1967" VPOS="850" WIDTH="293" HEIGHT="72" CONTENT="königliche" WC="0.99" CC="3830610647"/>
						<SP ID="P7_SP00375" HPOS="2260" VPOS="922" WIDTH="40"/>
						<String ID="P7_ST00433" HPOS="2300" VPOS="854" WIDTH="178" HEIGHT="54" CONTENT="Bühne" WC="0.96" CC="70756"/>
						<SP ID="P7_SP00376" HPOS="2478" VPOS="922" WIDTH="42"/>
						<String ID="P7_ST00434" HPOS="2520" VPOS="856" WIDTH="51" HEIGHT="52" CONTENT="in" WC="0.65" CC="70"/>
						<SP ID="P7_SP00377" HPOS="2571" VPOS="922" WIDTH="40"/>
						<String ID="P7_ST00435" HPOS="2611" VPOS="856" WIDTH="176" HEIGHT="55" CONTENT="Berlin" WC="0.99" CC="500006"/>
						<SP ID="P7_SP00378" HPOS="2787" VPOS="922" WIDTH="42"/>
						<String ID="P7_ST00436" HPOS="2829" VPOS="858" WIDTH="124" HEIGHT="54" CONTENT="1864" WC="0.34" CC="5776"/>
						<String ID="P7_ST00437" HPOS="2958" VPOS="860" WIDTH="212" HEIGHT="56" CONTENT="—1865." WC="0.96" CC="866756"/>
					</TextLine>
				</TextBlock>
				<TextBlock ID="P7_TB00005" HPOS="1739" VPOS="987" WIDTH="1522" HEIGHT="3166" STYLEREFS="TXT_0 PAR_BLOCK">
					<TextLine ID="P7_TL00058" HPOS="1859" VPOS="987" WIDTH="1394" HEIGHT="74">
						<String ID="P7_ST00438" HPOS="1859" VPOS="987" WIDTH="83" HEIGHT="47" CONTENT="Die" WC="0.97" CC="700"/>
						<SP ID="P7_SP00379" HPOS="1942" VPOS="1034" WIDTH="29"/>
						<String ID="P7_ST00439" HPOS="1971" VPOS="987" WIDTH="334" HEIGHT="50" CONTENT="Gesammtzabl" WC="0.57" CC="84100027974"/>
						<SP ID="P7_SP00380" HPOS="2305" VPOS="1037" WIDTH="40"/>
						<String ID="P7_ST00440" HPOS="2345" VPOS="991" WIDTH="81" HEIGHT="47" CONTENT="der" WC="0.97" CC="500"/>
						<SP ID="P7_SP00381" HPOS="2426" VPOS="1038" WIDTH="35"/>
						<String ID="P7_ST00441" HPOS="2461" VPOS="1009" WIDTH="98" HEIGHT="31" CONTENT="vom" WC="0.97" CC="015"/>
						<SP ID="P7_SP00382" HPOS="2559" VPOS="1040" WIDTH="41"/>
						<String ID="P7_ST00442" HPOS="2600" VPOS="995" WIDTH="42" HEIGHT="48" CONTENT="1." WC="0.46" CC="54"/>
						<SP ID="P7_SP00383" HPOS="2642" VPOS="1043" WIDTH="32"/>
						<String ID="P7_ST00443" HPOS="2674" VPOS="999" WIDTH="177" HEIGHT="62" CONTENT="August" WC="0.98" CC="466220"/>
						<SP ID="P7_SP00384" HPOS="2851" VPOS="1061" WIDTH="36"/>
						<String ID="P7_ST00444" HPOS="2887" VPOS="997" WIDTH="141" HEIGHT="50" CONTENT="1864" WC="0.62" CC="3550"/>
						<SP ID="P7_SP00385" HPOS="3028" VPOS="1061" WIDTH="33"/>
						<String ID="P7_ST00445" HPOS="3061" VPOS="1001" WIDTH="63" HEIGHT="47" CONTENT="bis" WC="0.97" CC="600"/>
						<SP ID="P7_SP00386" HPOS="3124" VPOS="1061" WIDTH="30"/>
						<String ID="P7_ST00446" HPOS="3154" VPOS="1019" WIDTH="99" HEIGHT="30" CONTENT="zum" WC="0.95" CC="408"/>
					</TextLine>
					<TextLine ID="P7_TL00059" HPOS="1741" VPOS="1060" WIDTH="1513" HEIGHT="80">
						<String ID="P7_ST00447" HPOS="1741" VPOS="1060" WIDTH="87" HEIGHT="50" CONTENT="21." WC="0.74" CC="420"/>
						<SP ID="P7_SP00387" HPOS="1828" VPOS="1110" WIDTH="26"/>
						<String ID="P7_ST00448" HPOS="1854" VPOS="1065" WIDTH="105" HEIGHT="44" CONTENT="Juni" WC="0.97" CC="1460"/>
						<SP ID="P7_SP00388" HPOS="1959" VPOS="1110" WIDTH="38"/>
						<String ID="P7_ST00449" HPOS="1997" VPOS="1063" WIDTH="139" HEIGHT="49" CONTENT="1865" WC="0.73" CC="0063"/>
						<SP ID="P7_SP00389" HPOS="2136" VPOS="1112" WIDTH="32"/>
						<String ID="P7_ST00450" HPOS="2168" VPOS="1066" WIDTH="264" HEIGHT="63" CONTENT="gegebenen" WC="0.99" CC="705202308"/>
						<SP ID="P7_SP00390" HPOS="2432" VPOS="1129" WIDTH="28"/>
						<String ID="P7_ST00451" HPOS="2460" VPOS="1070" WIDTH="344" HEIGHT="67" CONTENT="Vorstellungen" WC="1.00" CC="3204400025000"/>
						<SP ID="P7_SP00391" HPOS="2804" VPOS="1137" WIDTH="36"/>
						<String ID="P7_ST00452" HPOS="2840" VPOS="1073" WIDTH="162" HEIGHT="67" CONTENT="betrug" WC="0.99" CC="000620"/>
						<SP ID="P7_SP00392" HPOS="3002" VPOS="1140" WIDTH="25"/>
						<String ID="P7_ST00453" HPOS="3027" VPOS="1077" WIDTH="125" HEIGHT="56" CONTENT="518," WC="0.62" CC="5332"/>
						<SP ID="P7_SP00393" HPOS="3152" VPOS="1140" WIDTH="32"/>
						<String ID="P7_ST00454" HPOS="3184" VPOS="1079" WIDTH="70" HEIGHT="47" CONTENT="die" WC="0.98" CC="400"/>
					</TextLine>
					<TextLine ID="P7_TL00060" HPOS="1740" VPOS="1140" WIDTH="1513" HEIGHT="74">
						<String ID="P7_ST00455" HPOS="1740" VPOS="1140" WIDTH="92" HEIGHT="44" CONTENT="sich" WC="0.98" CC="0106"/>
						<SP ID="P7_SP00394" HPOS="1832" VPOS="1184" WIDTH="34"/>
						<String ID="P7_ST00456" HPOS="1866" VPOS="1140" WIDTH="234" HEIGHT="63" CONTENT="folgender" WC="0.99" CC="706902000"/>
						<SP ID="P7_SP00395" HPOS="2100" VPOS="1203" WIDTH="31"/>
						<String ID="P7_ST00457" HPOS="2131" VPOS="1141" WIDTH="173" HEIGHT="48" CONTENT="Gestalt" WC="0.99" CC="0056502"/>
						<SP ID="P7_SP00396" HPOS="2304" VPOS="1203" WIDTH="28"/>
						<String ID="P7_ST00458" HPOS="2332" VPOS="1145" WIDTH="268" HEIGHT="50" CONTENT="eintheilen:" WC="0.82" CC="00074005200"/>
						<SP ID="P7_SP00397" HPOS="2600" VPOS="1203" WIDTH="30"/>
						<String ID="P7_ST00459" HPOS="2630" VPOS="1150" WIDTH="289" HEIGHT="64" CONTENT="Trauerspiel" WC="1.00" CC="00220014001"/>
						<SP ID="P7_SP00398" HPOS="2919" VPOS="1214" WIDTH="34"/>
						<String ID="P7_ST00460" HPOS="2953" VPOS="1152" WIDTH="85" HEIGHT="56" CONTENT="70," WC="0.47" CC="762"/>
						<SP ID="P7_SP00399" HPOS="3038" VPOS="1214" WIDTH="43"/>
						<String ID="P7_ST00461" HPOS="3081" VPOS="1156" WIDTH="172" HEIGHT="47" CONTENT="Drama" WC="0.96" CC="64469"/>
					</TextLine>
					<TextLine ID="P7_TL00061" HPOS="1743" VPOS="1217" WIDTH="1511" HEIGHT="79">
						<String ID="P7_ST00462" HPOS="1743" VPOS="1217" WIDTH="89" HEIGHT="46" CONTENT="und" WC="0.96" CC="380"/>
						<SP ID="P7_SP00400" HPOS="1832" VPOS="1263" WIDTH="19"/>
						<String ID="P7_ST00463" HPOS="1851" VPOS="1217" WIDTH="261" HEIGHT="65" CONTENT="Schauspiel" WC="0.99" CC="0233692200"/>
						<SP ID="P7_SP00401" HPOS="2112" VPOS="1282" WIDTH="29"/>
						<String ID="P7_ST00464" HPOS="2141" VPOS="1218" WIDTH="121" HEIGHT="52" CONTENT="107." WC="0.53" CC="3383"/>
						<SP ID="P7_SP00402" HPOS="2262" VPOS="1282" WIDTH="25"/>
						<String ID="P7_ST00465" HPOS="2287" VPOS="1221" WIDTH="218" HEIGHT="66" CONTENT="Lustspiel" WC="0.99" CC="406690040"/>
						<SP ID="P7_SP00403" HPOS="2505" VPOS="1287" WIDTH="26"/>
						<String ID="P7_ST00466" HPOS="2531" VPOS="1226" WIDTH="88" HEIGHT="46" CONTENT="und" WC="0.95" CC="480"/>
						<SP ID="P7_SP00404" HPOS="2619" VPOS="1287" WIDTH="29"/>
						<String ID="P7_ST00467" HPOS="2648" VPOS="1228" WIDTH="134" HEIGHT="47" CONTENT="Posse" WC="0.98" CC="62300"/>
						<SP ID="P7_SP00405" HPOS="2782" VPOS="1287" WIDTH="30"/>
						<String ID="P7_ST00468" HPOS="2812" VPOS="1227" WIDTH="122" HEIGHT="56" CONTENT="182," WC="0.48" CC="0496"/>
						<SP ID="P7_SP00406" HPOS="2934" VPOS="1287" WIDTH="23"/>
						<String ID="P7_ST00469" HPOS="2957" VPOS="1239" WIDTH="147" HEIGHT="39" CONTENT="ernste" WC="0.98" CC="038060"/>
						<SP ID="P7_SP00407" HPOS="3104" VPOS="1287" WIDTH="23"/>
						<String ID="P7_ST00470" HPOS="3127" VPOS="1232" WIDTH="127" HEIGHT="64" CONTENT="Oper" WC="1.00" CC="0002"/>
					</TextLine>
					<TextLine ID="P7_TL00062" HPOS="1750" VPOS="1292" WIDTH="948" HEIGHT="67">
						<String ID="P7_ST00471" HPOS="1750" VPOS="1292" WIDTH="121" HEIGHT="56" CONTENT="132," WC="0.56" CC="2590"/>
						<SP ID="P7_SP00408" HPOS="1871" VPOS="1348" WIDTH="33"/>
						<String ID="P7_ST00472" HPOS="1904" VPOS="1294" WIDTH="229" HEIGHT="49" CONTENT="komische" WC="0.98" CC="72804750"/>
						<SP ID="P7_SP00409" HPOS="2133" VPOS="1348" WIDTH="29"/>
						<String ID="P7_ST00473" HPOS="2162" VPOS="1297" WIDTH="127" HEIGHT="62" CONTENT="Oper" WC="0.99" CC="5000"/>
						<SP ID="P7_SP00410" HPOS="2289" VPOS="1359" WIDTH="32"/>
						<String ID="P7_ST00474" HPOS="2321" VPOS="1298" WIDTH="88" HEIGHT="55" CONTENT="56," WC="0.79" CC="050"/>
						<SP ID="P7_SP00411" HPOS="2409" VPOS="1359" WIDTH="32"/>
						<String ID="P7_ST00475" HPOS="2441" VPOS="1301" WIDTH="141" HEIGHT="48" CONTENT="Ballet" WC="0.98" CC="600441"/>
						<SP ID="P7_SP00412" HPOS="2582" VPOS="1359" WIDTH="31"/>
						<String ID="P7_ST00476" HPOS="2613" VPOS="1302" WIDTH="85" HEIGHT="51" CONTENT="86." WC="0.63" CC="064"/>
					</TextLine>
					<TextLine ID="P7_TL00063" HPOS="1858" VPOS="1372" WIDTH="1396" HEIGHT="71">
						<String ID="P7_ST00477" HPOS="1858" VPOS="1372" WIDTH="84" HEIGHT="47" CONTENT="Die" WC="0.99" CC="030"/>
						<SP ID="P7_SP00413" HPOS="1942" VPOS="1419" WIDTH="32"/>
						<String ID="P7_ST00478" HPOS="1974" VPOS="1373" WIDTH="170" HEIGHT="46" CONTENT="Anzahl" WC="0.98" CC="186400"/>
						<SP ID="P7_SP00414" HPOS="2144" VPOS="1419" WIDTH="41"/>
						<String ID="P7_ST00479" HPOS="2185" VPOS="1373" WIDTH="80" HEIGHT="48" CONTENT="der" WC="0.99" CC="001"/>
						<SP ID="P7_SP00415" HPOS="2265" VPOS="1421" WIDTH="31"/>
						<String ID="P7_ST00480" HPOS="2296" VPOS="1374" WIDTH="365" HEIGHT="69" CONTENT="Vorstellungen," WC="0.99" CC="04240020439070"/>
						<SP ID="P7_SP00416" HPOS="2661" VPOS="1443" WIDTH="38"/>
						<String ID="P7_ST00481" HPOS="2699" VPOS="1381" WIDTH="112" HEIGHT="47" CONTENT="nach" WC="0.99" CC="0104"/>
						<SP ID="P7_SP00417" HPOS="2811" VPOS="1443" WIDTH="43"/>
						<String ID="P7_ST00482" HPOS="2854" VPOS="1382" WIDTH="84" HEIGHT="48" CONTENT="den" WC="0.96" CC="027"/>
						<SP ID="P7_SP00418" HPOS="2938" VPOS="1443" WIDTH="31"/>
						<String ID="P7_ST00483" HPOS="2969" VPOS="1383" WIDTH="174" HEIGHT="49" CONTENT="Namen" WC="0.98" CC="01326"/>
						<SP ID="P7_SP00419" HPOS="3143" VPOS="1443" WIDTH="31"/>
						<String ID="P7_ST00484" HPOS="3174" VPOS="1385" WIDTH="80" HEIGHT="47" CONTENT="der" WC="0.97" CC="061"/>
					</TextLine>
					<TextLine ID="P7_TL00064" HPOS="1741" VPOS="1449" WIDTH="1510" HEIGHT="74">
						<String ID="P7_ST00485" HPOS="1741" VPOS="1449" WIDTH="320" HEIGHT="49" CONTENT="Schriftsteller" WC="0.99" CC="65660756605000"/>
						<SP ID="P7_SP00420" HPOS="2061" VPOS="1498" WIDTH="31"/>
						<String ID="P7_ST00486" HPOS="2092" VPOS="1452" WIDTH="220" HEIGHT="55" CONTENT="vertheilt," WC="0.75" CC="0037600060"/>
						<SP ID="P7_SP00421" HPOS="2312" VPOS="1507" WIDTH="39"/>
						<String ID="P7_ST00487" HPOS="2351" VPOS="1453" WIDTH="95" HEIGHT="64" CONTENT="gibt" WC="0.97" CC="9060"/>
						<SP ID="P7_SP00422" HPOS="2446" VPOS="1517" WIDTH="38"/>
						<String ID="P7_ST00488" HPOS="2484" VPOS="1454" WIDTH="230" HEIGHT="65" CONTENT="folgendes" WC="0.98" CC="936716009"/>
						<SP ID="P7_SP00423" HPOS="2714" VPOS="1519" WIDTH="29"/>
						<String ID="P7_ST00489" HPOS="2743" VPOS="1460" WIDTH="270" HEIGHT="63" CONTENT="Ergebnisse" WC="0.99" CC="0089760017"/>
						<SP ID="P7_SP00424" HPOS="3013" VPOS="1523" WIDTH="36"/>
						<String ID="P7_ST00490" HPOS="3049" VPOS="1463" WIDTH="174" HEIGHT="46" CONTENT="Bauern" SUBS_TYPE="HypPart1" SUBS_CONTENT="Bauernfeld" WC="0.98" CC="744008"/>
						<HYP HPOS="3223" VPOS="1463" WIDTH="28" CONTENT="-"/>
					</TextLine>
					<TextLine ID="P7_TL00065" HPOS="1744" VPOS="1526" WIDTH="1511" HEIGHT="69">
						<String ID="P7_ST00491" HPOS="1744" VPOS="1527" WIDTH="82" HEIGHT="46" CONTENT="feld" SUBS_TYPE="HypPart2" SUBS_CONTENT="Bauernfeld" WC="0.97" CC="8430"/>
						<SP ID="P7_SP00425" HPOS="1826" VPOS="1573" WIDTH="32"/>
						<String ID="P7_ST00492" HPOS="1858" VPOS="1526" WIDTH="52" HEIGHT="55" CONTENT="2," WC="0.96" CC="00"/>
						<SP ID="P7_SP00426" HPOS="1910" VPOS="1581" WIDTH="41"/>
						<String ID="P7_ST00493" HPOS="1951" VPOS="1528" WIDTH="112" HEIGHT="47" CONTENT="Beer" WC="0.96" CC="6704"/>
						<SP ID="P7_SP00427" HPOS="2063" VPOS="1581" WIDTH="31"/>
						<String ID="P7_ST00494" HPOS="2094" VPOS="1527" WIDTH="50" HEIGHT="54" CONTENT="2," WC="0.92" CC="01"/>
						<SP ID="P7_SP00428" HPOS="2144" VPOS="1581" WIDTH="38"/>
						<String ID="P7_ST00495" HPOS="2182" VPOS="1529" WIDTH="203" HEIGHT="49" CONTENT="Benedix" WC="0.77" CC="7070010"/>
						<SP ID="P7_SP00429" HPOS="2385" VPOS="1581" WIDTH="32"/>
						<String ID="P7_ST00496" HPOS="2417" VPOS="1529" WIDTH="86" HEIGHT="55" CONTENT="23," WC="0.24" CC="966"/>
						<SP ID="P7_SP00430" HPOS="2503" VPOS="1584" WIDTH="42"/>
						<String ID="P7_ST00497" HPOS="2545" VPOS="1534" WIDTH="338" HEIGHT="49" CONTENT="Birch-Pfeiffer" WC="0.57" CC="72275176817000"/>
						<SP ID="P7_SP00431" HPOS="2883" VPOS="1584" WIDTH="31"/>
						<String ID="P7_ST00498" HPOS="2914" VPOS="1536" WIDTH="87" HEIGHT="57" CONTENT="33," WC="0.51" CC="841"/>
						<SP ID="P7_SP00432" HPOS="3001" VPOS="1593" WIDTH="43"/>
						<String ID="P7_ST00499" HPOS="3044" VPOS="1540" WIDTH="129" HEIGHT="45" CONTENT="Blum" WC="0.97" CC="5540"/>
						<SP ID="P7_SP00433" HPOS="3173" VPOS="1593" WIDTH="33"/>
						<String ID="P7_ST00500" HPOS="3206" VPOS="1540" WIDTH="49" HEIGHT="55" CONTENT="6," WC="0.66" CC="51"/>
					</TextLine>
					<TextLine ID="P7_TL00066" HPOS="1746" VPOS="1604" WIDTH="1512" HEIGHT="74">
						<String ID="P7_ST00501" HPOS="1746" VPOS="1604" WIDTH="112" HEIGHT="47" CONTENT="Both" WC="0.61" CC="0086"/>
						<SP ID="P7_SP00434" HPOS="1858" VPOS="1651" WIDTH="26"/>
						<String ID="P7_ST00502" HPOS="1884" VPOS="1604" WIDTH="49" HEIGHT="55" CONTENT="2," WC="0.42" CC="91"/>
						<SP ID="P7_SP00435" HPOS="1933" VPOS="1659" WIDTH="34"/>
						<String ID="P7_ST00503" HPOS="1967" VPOS="1606" WIDTH="275" HEIGHT="62" CONTENT="Brachvogel" WC="0.99" CC="7455502903"/>
						<SP ID="P7_SP00436" HPOS="2242" VPOS="1668" WIDTH="28"/>
						<String ID="P7_ST00504" HPOS="2270" VPOS="1606" WIDTH="87" HEIGHT="54" CONTENT="20," WC="0.74" CC="043"/>
						<SP ID="P7_SP00437" HPOS="2357" VPOS="1668" WIDTH="32"/>
						<String ID="P7_ST00505" HPOS="2389" VPOS="1608" WIDTH="224" HEIGHT="50" CONTENT="Calderon" WC="0.49" CC="77500568"/>
						<SP ID="P7_SP00438" HPOS="2613" VPOS="1668" WIDTH="26"/>
						<String ID="P7_ST00506" HPOS="2639" VPOS="1612" WIDTH="50" HEIGHT="56" CONTENT="4," WC="1.00" CC="00"/>
						<SP ID="P7_SP00439" HPOS="2689" VPOS="1668" WIDTH="33"/>
						<String ID="P7_ST00507" HPOS="2722" VPOS="1613" WIDTH="175" HEIGHT="48" CONTENT="Castelli" WC="0.54" CC="86065602"/>
						<SP ID="P7_SP00440" HPOS="2897" VPOS="1668" WIDTH="34"/>
						<String ID="P7_ST00508" HPOS="2931" VPOS="1613" WIDTH="50" HEIGHT="56" CONTENT="2," WC="0.84" CC="03"/>
						<SP ID="P7_SP00441" HPOS="2981" VPOS="1669" WIDTH="32"/>
						<String ID="P7_ST00509" HPOS="3013" VPOS="1616" WIDTH="245" HEIGHT="62" CONTENT="Delavigne" WC="0.65" CC="006606083"/>
					</TextLine>
					<TextLine ID="P7_TL00067" HPOS="1745" VPOS="1682" WIDTH="1509" HEIGHT="71">
						<String ID="P7_ST00510" HPOS="1745" VPOS="1682" WIDTH="87" HEIGHT="47" CONTENT="und" WC="0.94" CC="870"/>
						<SP ID="P7_SP00442" HPOS="1832" VPOS="1729" WIDTH="26"/>
						<String ID="P7_ST00511" HPOS="1858" VPOS="1682" WIDTH="156" HEIGHT="48" CONTENT="Scribe" WC="0.52" CC="505079"/>
						<SP ID="P7_SP00443" HPOS="2014" VPOS="1730" WIDTH="25"/>
						<String ID="P7_ST00512" HPOS="2039" VPOS="1682" WIDTH="49" HEIGHT="56" CONTENT="6," WC="0.54" CC="63"/>
						<SP ID="P7_SP00444" HPOS="2088" VPOS="1738" WIDTH="33"/>
						<String ID="P7_ST00513" HPOS="2121" VPOS="1684" WIDTH="211" HEIGHT="49" CONTENT="Denecke" WC="0.99" CC="0060023"/>
						<SP ID="P7_SP00445" HPOS="2332" VPOS="1738" WIDTH="32"/>
						<String ID="P7_ST00514" HPOS="2364" VPOS="1684" WIDTH="48" HEIGHT="55" CONTENT="6," WC="0.65" CC="60"/>
						<SP ID="P7_SP00446" HPOS="2412" VPOS="1739" WIDTH="34"/>
						<String ID="P7_ST00515" HPOS="2446" VPOS="1687" WIDTH="142" HEIGHT="48" CONTENT="Diana" WC="0.98" CC="00770"/>
						<SP ID="P7_SP00447" HPOS="2588" VPOS="1739" WIDTH="32"/>
						<String ID="P7_ST00516" HPOS="2620" VPOS="1687" WIDTH="154" HEIGHT="66" CONTENT="(Juan)" WC="0.97" CC="542078"/>
						<SP ID="P7_SP00448" HPOS="2774" VPOS="1753" WIDTH="34"/>
						<String ID="P7_ST00517" HPOS="2808" VPOS="1691" WIDTH="50" HEIGHT="54" CONTENT="9," WC="0.56" CC="70"/>
						<SP ID="P7_SP00449" HPOS="2858" VPOS="1753" WIDTH="33"/>
						<String ID="P7_ST00518" HPOS="2891" VPOS="1692" WIDTH="252" HEIGHT="48" CONTENT="Dumanoir" WC="0.82" CC="00007006"/>
						<SP ID="P7_SP00450" HPOS="3143" VPOS="1753" WIDTH="23"/>
						<String ID="P7_ST00519" HPOS="3166" VPOS="1693" WIDTH="88" HEIGHT="47" CONTENT="und" WC="0.96" CC="280"/>
					</TextLine>
					<TextLine ID="P7_TL00068" HPOS="1745" VPOS="1758" WIDTH="1511" HEIGHT="75">
						<String ID="P7_ST00520" HPOS="1745" VPOS="1759" WIDTH="228" HEIGHT="47" CONTENT="Keranion" WC="0.46" CC="63067378"/>
						<SP ID="P7_SP00451" HPOS="1973" VPOS="1806" WIDTH="31"/>
						<String ID="P7_ST00521" HPOS="2004" VPOS="1758" WIDTH="50" HEIGHT="55" CONTENT="2," WC="0.78" CC="04"/>
						<SP ID="P7_SP00452" HPOS="2054" VPOS="1813" WIDTH="34"/>
						<String ID="P7_ST00522" HPOS="2088" VPOS="1761" WIDTH="246" HEIGHT="48" CONTENT="Feldmann" WC="0.98" CC="67290058"/>
						<SP ID="P7_SP00453" HPOS="2334" VPOS="1813" WIDTH="35"/>
						<String ID="P7_ST00523" HPOS="2369" VPOS="1762" WIDTH="48" HEIGHT="54" CONTENT="6," WC="0.47" CC="64"/>
						<SP ID="P7_SP00454" HPOS="2417" VPOS="1816" WIDTH="34"/>
						<String ID="P7_ST00524" HPOS="2451" VPOS="1764" WIDTH="188" HEIGHT="49" CONTENT="Feuillet" WC="0.56" CC="45601295"/>
						<SP ID="P7_SP00455" HPOS="2639" VPOS="1816" WIDTH="31"/>
						<String ID="P7_ST00525" HPOS="2670" VPOS="1766" WIDTH="48" HEIGHT="54" CONTENT="5," WC="0.85" CC="02"/>
						<SP ID="P7_SP00456" HPOS="2718" VPOS="1820" WIDTH="43"/>
						<String ID="P7_ST00526" HPOS="2761" VPOS="1768" WIDTH="195" HEIGHT="65" CONTENT="Freytag" WC="0.98" CC="7067050"/>
						<SP ID="P7_SP00457" HPOS="2956" VPOS="1833" WIDTH="38"/>
						<String ID="P7_ST00527" HPOS="2994" VPOS="1769" WIDTH="39" HEIGHT="54" CONTENT="1," WC="1.00" CC="00"/>
						<SP ID="P7_SP00458" HPOS="3033" VPOS="1833" WIDTH="46"/>
						<String ID="P7_ST00528" HPOS="3079" VPOS="1769" WIDTH="177" HEIGHT="49" CONTENT="Görner" WC="0.98" CC="330761"/>
					</TextLine>
					<TextLine ID="P7_TL00069" HPOS="1741" VPOS="1837" WIDTH="1517" HEIGHT="75">
						<String ID="P7_ST00529" HPOS="1741" VPOS="1837" WIDTH="51" HEIGHT="52" CONTENT="4," WC="0.61" CC="52"/>
						<SP ID="P7_SP00459" HPOS="1792" VPOS="1889" WIDTH="34"/>
						<String ID="P7_ST00530" HPOS="1826" VPOS="1838" WIDTH="174" HEIGHT="46" CONTENT="(joethe" WC="0.51" CC="7700656"/>
						<SP ID="P7_SP00460" HPOS="2000" VPOS="1889" WIDTH="22"/>
						<String ID="P7_ST00531" HPOS="2022" VPOS="1837" WIDTH="50" HEIGHT="51" CONTENT="9." WC="0.41" CC="74"/>
						<SP ID="P7_SP00461" HPOS="2072" VPOS="1889" WIDTH="31"/>
						<String ID="P7_ST00532" HPOS="2103" VPOS="1839" WIDTH="221" HEIGHT="46" CONTENT="Gutzkow" WC="0.98" CC="9587002"/>
						<SP ID="P7_SP00462" HPOS="2324" VPOS="1889" WIDTH="26"/>
						<String ID="P7_ST00533" HPOS="2350" VPOS="1838" WIDTH="49" HEIGHT="53" CONTENT="3," WC="1.00" CC="00"/>
						<SP ID="P7_SP00463" HPOS="2399" VPOS="1891" WIDTH="36"/>
						<String ID="P7_ST00534" HPOS="2435" VPOS="1842" WIDTH="283" HEIGHT="48" CONTENT="Hackländer" WC="0.98" CC="8449567004"/>
						<SP ID="P7_SP00464" HPOS="2718" VPOS="1891" WIDTH="23"/>
						<String ID="P7_ST00535" HPOS="2741" VPOS="1846" WIDTH="49" HEIGHT="49" CONTENT="4," WC="1.00" CC="00"/>
						<SP ID="P7_SP00465" HPOS="2790" VPOS="1895" WIDTH="32"/>
						<String ID="P7_ST00536" HPOS="2822" VPOS="1846" WIDTH="172" HEIGHT="47" CONTENT="Mersch" WC="0.98" CC="800606"/>
						<SP ID="P7_SP00466" HPOS="2994" VPOS="1895" WIDTH="34"/>
						<String ID="P7_ST00537" HPOS="3028" VPOS="1844" WIDTH="49" HEIGHT="55" CONTENT="3," WC="0.21" CC="87"/>
						<SP ID="P7_SP00467" HPOS="3077" VPOS="1899" WIDTH="33"/>
						<String ID="P7_ST00538" HPOS="3110" VPOS="1848" WIDTH="148" HEIGHT="64" CONTENT="Heyse" WC="0.50" CC="55076"/>
					</TextLine>
					<TextLine ID="P7_TL00070" HPOS="1744" VPOS="1913" WIDTH="1514" HEIGHT="69">
						<String ID="P7_ST00539" HPOS="1744" VPOS="1913" WIDTH="86" HEIGHT="52" CONTENT="20," WC="0.85" CC="040"/>
						<SP ID="P7_SP00468" HPOS="1830" VPOS="1965" WIDTH="35"/>
						<String ID="P7_ST00540" HPOS="1865" VPOS="1914" WIDTH="148" HEIGHT="47" CONTENT="Holtei" WC="0.61" CC="345360"/>
						<SP ID="P7_SP00469" HPOS="2013" VPOS="1965" WIDTH="33"/>
						<String ID="P7_ST00541" HPOS="2046" VPOS="1913" WIDTH="50" HEIGHT="56" CONTENT="3," WC="0.52" CC="90"/>
						<SP ID="P7_SP00470" HPOS="2096" VPOS="1969" WIDTH="34"/>
						<String ID="P7_ST00542" HPOS="2130" VPOS="1917" WIDTH="138" HEIGHT="45" CONTENT="Kleist" WC="0.98" CC="763070"/>
						<SP ID="P7_SP00471" HPOS="2268" VPOS="1969" WIDTH="35"/>
						<String ID="P7_ST00543" HPOS="2303" VPOS="1918" WIDTH="44" HEIGHT="53" CONTENT="1," WC="0.68" CC="23"/>
						<SP ID="P7_SP00472" HPOS="2347" VPOS="1971" WIDTH="34"/>
						<String ID="P7_ST00544" HPOS="2381" VPOS="1919" WIDTH="232" HEIGHT="49" CONTENT="Kotzebue" WC="0.52" CC="02393457"/>
						<SP ID="P7_SP00473" HPOS="2613" VPOS="1971" WIDTH="31"/>
						<String ID="P7_ST00545" HPOS="2644" VPOS="1921" WIDTH="88" HEIGHT="54" CONTENT="27," WC="0.59" CC="902"/>
						<SP ID="P7_SP00474" HPOS="2732" VPOS="1975" WIDTH="42"/>
						<String ID="P7_ST00546" HPOS="2774" VPOS="1924" WIDTH="160" HEIGHT="46" CONTENT="Köster" WC="0.96" CC="739774"/>
						<SP ID="P7_SP00475" HPOS="2934" VPOS="1975" WIDTH="33"/>
						<String ID="P7_ST00547" HPOS="2967" VPOS="1923" WIDTH="49" HEIGHT="59" CONTENT="2," WC="0.78" CC="04"/>
						<SP ID="P7_SP00476" HPOS="3016" VPOS="1982" WIDTH="41"/>
						<String ID="P7_ST00548" HPOS="3057" VPOS="1924" WIDTH="201" HEIGHT="49" CONTENT="Labiche" WC="0.84" CC="1060030"/>
					</TextLine>
					<TextLine ID="P7_TL00071" HPOS="1744" VPOS="1990" WIDTH="1515" HEIGHT="68">
						<String ID="P7_ST00549" HPOS="1744" VPOS="1990" WIDTH="88" HEIGHT="49" CONTENT="und" WC="0.96" CC="280"/>
						<SP ID="P7_SP00477" HPOS="1832" VPOS="2039" WIDTH="35"/>
						<String ID="P7_ST00550" HPOS="1867" VPOS="1993" WIDTH="163" HEIGHT="46" CONTENT="Martin" WC="0.97" CC="660637"/>
						<SP ID="P7_SP00478" HPOS="2030" VPOS="2039" WIDTH="33"/>
						<String ID="P7_ST00551" HPOS="2063" VPOS="1990" WIDTH="50" HEIGHT="56" CONTENT="3," WC="0.98" CC="00"/>
						<SP ID="P7_SP00479" HPOS="2113" VPOS="2046" WIDTH="34"/>
						<String ID="P7_ST00552" HPOS="2147" VPOS="1994" WIDTH="184" HEIGHT="64" CONTENT="Lessing" WC="0.98" CC="6067019"/>
						<SP ID="P7_SP00480" HPOS="2331" VPOS="2058" WIDTH="31"/>
						<String ID="P7_ST00553" HPOS="2362" VPOS="1994" WIDTH="50" HEIGHT="55" CONTENT="9," WC="1.00" CC="00"/>
						<SP ID="P7_SP00481" HPOS="2412" VPOS="2058" WIDTH="30"/>
						<String ID="P7_ST00554" HPOS="2442" VPOS="1996" WIDTH="309" HEIGHT="49" CONTENT="Leitershofen" WC="0.99" CC="002624706096"/>
						<SP ID="P7_SP00482" HPOS="2751" VPOS="2058" WIDTH="27"/>
						<String ID="P7_ST00555" HPOS="2778" VPOS="1998" WIDTH="49" HEIGHT="57" CONTENT="2," WC="1.00" CC="00"/>
						<SP ID="P7_SP00483" HPOS="2827" VPOS="2058" WIDTH="29"/>
						<String ID="P7_ST00556" HPOS="2856" VPOS="2001" WIDTH="110" HEIGHT="47" CONTENT="Lötz" WC="0.97" CC="0158"/>
						<SP ID="P7_SP00484" HPOS="2966" VPOS="2058" WIDTH="25"/>
						<String ID="P7_ST00557" HPOS="2991" VPOS="2001" WIDTH="51" HEIGHT="54" CONTENT="2," WC="0.88" CC="02"/>
						<SP ID="P7_SP00485" HPOS="3042" VPOS="2058" WIDTH="32"/>
						<String ID="P7_ST00558" HPOS="3074" VPOS="2002" WIDTH="185" HEIGHT="48" CONTENT="Moliere" WC="0.71" CC="0541710"/>
					</TextLine>
					<TextLine ID="P7_TL00072" HPOS="1743" VPOS="2068" WIDTH="1515" HEIGHT="72">
						<String ID="P7_ST00559" HPOS="1743" VPOS="2068" WIDTH="50" HEIGHT="55" CONTENT="2," WC="1.00" CC="00"/>
						<SP ID="P7_SP00486" HPOS="1793" VPOS="2123" WIDTH="32"/>
						<String ID="P7_ST00560" HPOS="1825" VPOS="2069" WIDTH="177" HEIGHT="47" CONTENT="Moreto" WC="0.76" CC="600008"/>
						<SP ID="P7_SP00487" HPOS="2002" VPOS="2123" WIDTH="25"/>
						<String ID="P7_ST00561" HPOS="2027" VPOS="2068" WIDTH="50" HEIGHT="52" CONTENT="3," WC="0.43" CC="74"/>
						<SP ID="P7_SP00488" HPOS="2077" VPOS="2123" WIDTH="30"/>
						<String ID="P7_ST00562" HPOS="2107" VPOS="2070" WIDTH="252" HEIGHT="49" CONTENT="Mosenthal" WC="0.99" CC="003166700"/>
						<SP ID="P7_SP00489" HPOS="2359" VPOS="2123" WIDTH="26"/>
						<String ID="P7_ST00563" HPOS="2385" VPOS="2072" WIDTH="50" HEIGHT="53" CONTENT="5," WC="0.72" CC="05"/>
						<SP ID="P7_SP00490" HPOS="2435" VPOS="2125" WIDTH="32"/>
						<String ID="P7_ST00564" HPOS="2467" VPOS="2073" WIDTH="160" HEIGHT="48" CONTENT="Putlitz" WC="0.56" CC="0375535"/>
						<SP ID="P7_SP00491" HPOS="2627" VPOS="2125" WIDTH="21"/>
						<String ID="P7_ST00565" HPOS="2648" VPOS="2074" WIDTH="48" HEIGHT="54" CONTENT="7," WC="0.85" CC="02"/>
						<SP ID="P7_SP00492" HPOS="2696" VPOS="2128" WIDTH="33"/>
						<String ID="P7_ST00566" HPOS="2729" VPOS="2077" WIDTH="214" HEIGHT="63" CONTENT="Raupach" WC="0.99" CC="4260006"/>
						<SP ID="P7_SP00493" HPOS="2943" VPOS="2140" WIDTH="34"/>
						<String ID="P7_ST00567" HPOS="2977" VPOS="2076" WIDTH="50" HEIGHT="54" CONTENT="2," WC="1.00" CC="00"/>
						<SP ID="P7_SP00494" HPOS="3027" VPOS="2140" WIDTH="29"/>
						<String ID="P7_ST00568" HPOS="3056" VPOS="2078" WIDTH="174" HEIGHT="48" CONTENT="Rauten" SUBS_TYPE="HypPart1" SUBS_CONTENT="Rautenstrauch" WC="0.98" CC="702667"/>
						<HYP HPOS="3230" VPOS="2078" WIDTH="28" CONTENT="-"/>
					</TextLine>
					<TextLine ID="P7_TL00073" HPOS="1741" VPOS="2147" WIDTH="1518" HEIGHT="73">
						<String ID="P7_ST00569" HPOS="1741" VPOS="2148" WIDTH="181" HEIGHT="46" CONTENT="strauch" SUBS_TYPE="HypPart2" SUBS_CONTENT="Rautenstrauch" WC="0.99" CC="0100407"/>
						<SP ID="P7_SP00495" HPOS="1922" VPOS="2194" WIDTH="39"/>
						<String ID="P7_ST00570" HPOS="1961" VPOS="2147" WIDTH="45" HEIGHT="53" CONTENT="1," WC="1.00" CC="00"/>
						<SP ID="P7_SP00496" HPOS="2006" VPOS="2200" WIDTH="33"/>
						<String ID="P7_ST00571" HPOS="2039" VPOS="2149" WIDTH="147" HEIGHT="46" CONTENT="Rosen" WC="0.97" CC="03908"/>
						<SP ID="P7_SP00497" HPOS="2186" VPOS="2200" WIDTH="30"/>
						<String ID="P7_ST00572" HPOS="2216" VPOS="2148" WIDTH="207" HEIGHT="65" CONTENT="(Duffek)" WC="0.60" CC="00537807"/>
						<SP ID="P7_SP00498" HPOS="2423" VPOS="2213" WIDTH="33"/>
						<String ID="P7_ST00573" HPOS="2456" VPOS="2150" WIDTH="80" HEIGHT="54" CONTENT="15," WC="0.71" CC="502"/>
						<SP ID="P7_SP00499" HPOS="2536" VPOS="2213" WIDTH="28"/>
						<String ID="P7_ST00574" HPOS="2564" VPOS="2152" WIDTH="190" HEIGHT="48" CONTENT="Schiller" WC="0.99" CC="40502504"/>
						<SP ID="P7_SP00500" HPOS="2754" VPOS="2213" WIDTH="25"/>
						<String ID="P7_ST00575" HPOS="2779" VPOS="2153" WIDTH="86" HEIGHT="55" CONTENT="26," WC="0.80" CC="050"/>
						<SP ID="P7_SP00501" HPOS="2865" VPOS="2213" WIDTH="33"/>
						<String ID="P7_ST00576" HPOS="2898" VPOS="2154" WIDTH="286" HEIGHT="66" CONTENT="Schlesinger" WC="0.99" CC="60562000005"/>
						<SP ID="P7_SP00502" HPOS="3184" VPOS="2220" WIDTH="31"/>
						<String ID="P7_ST00577" HPOS="3215" VPOS="2156" WIDTH="44" HEIGHT="54" CONTENT="1," WC="0.78" CC="40"/>
					</TextLine>
					<TextLine ID="P7_TL00074" HPOS="1740" VPOS="2222" WIDTH="1515" HEIGHT="69">
						<String ID="P7_ST00578" HPOS="1740" VPOS="2223" WIDTH="249" HEIGHT="48" CONTENT="Schneider" WC="0.98" CC="350862963"/>
						<SP ID="P7_SP00503" HPOS="1989" VPOS="2271" WIDTH="24"/>
						<String ID="P7_ST00579" HPOS="2013" VPOS="2222" WIDTH="48" HEIGHT="53" CONTENT="3," WC="0.98" CC="00"/>
						<SP ID="P7_SP00504" HPOS="2061" VPOS="2275" WIDTH="27"/>
						<String ID="P7_ST00580" HPOS="2088" VPOS="2224" WIDTH="156" HEIGHT="48" CONTENT="Scribe" WC="0.86" CC="011040"/>
						<SP ID="P7_SP00505" HPOS="2244" VPOS="2275" WIDTH="27"/>
						<String ID="P7_ST00581" HPOS="2271" VPOS="2225" WIDTH="48" HEIGHT="55" CONTENT="8," WC="0.90" CC="02"/>
						<SP ID="P7_SP00506" HPOS="2319" VPOS="2280" WIDTH="31"/>
						<String ID="P7_ST00582" HPOS="2350" VPOS="2227" WIDTH="315" HEIGHT="64" CONTENT="Shakespeare" WC="0.99" CC="07005600130"/>
						<SP ID="P7_SP00507" HPOS="2665" VPOS="2291" WIDTH="24"/>
						<String ID="P7_ST00583" HPOS="2689" VPOS="2228" WIDTH="87" HEIGHT="56" CONTENT="48," WC="0.83" CC="050"/>
						<SP ID="P7_SP00508" HPOS="2776" VPOS="2291" WIDTH="26"/>
						<String ID="P7_ST00584" HPOS="2802" VPOS="2232" WIDTH="240" HEIGHT="47" CONTENT="Souvestre" WC="0.58" CC="555525430"/>
						<SP ID="P7_SP00509" HPOS="3042" VPOS="2291" WIDTH="24"/>
						<String ID="P7_ST00585" HPOS="3066" VPOS="2232" WIDTH="43" HEIGHT="53" CONTENT="1," WC="0.75" CC="22"/>
						<SP ID="P7_SP00510" HPOS="3109" VPOS="2291" WIDTH="24"/>
						<String ID="P7_ST00586" HPOS="3133" VPOS="2233" WIDTH="122" HEIGHT="47" CONTENT="Stein" WC="0.98" CC="06540"/>
					</TextLine>
					<TextLine ID="P7_TL00075" HPOS="1746" VPOS="2302" WIDTH="1230" HEIGHT="63">
						<String ID="P7_ST00587" HPOS="1746" VPOS="2302" WIDTH="47" HEIGHT="54" CONTENT="1," WC="0.75" CC="40"/>
						<SP ID="P7_SP00511" HPOS="1793" VPOS="2356" WIDTH="31"/>
						<String ID="P7_ST00588" HPOS="1824" VPOS="2302" WIDTH="170" HEIGHT="47" CONTENT="Tenelli" WC="0.67" CC="4237500"/>
						<SP ID="P7_SP00512" HPOS="1994" VPOS="2356" WIDTH="41"/>
						<String ID="P7_ST00589" HPOS="2035" VPOS="2302" WIDTH="42" HEIGHT="54" CONTENT="1," WC="0.67" CC="60"/>
						<SP ID="P7_SP00513" HPOS="2077" VPOS="2356" WIDTH="30"/>
						<String ID="P7_ST00590" HPOS="2107" VPOS="2303" WIDTH="168" HEIGHT="62" CONTENT="Töpfer" WC="0.99" CC="060050"/>
						<SP ID="P7_SP00514" HPOS="2275" VPOS="2365" WIDTH="33"/>
						<String ID="P7_ST00591" HPOS="2308" VPOS="2304" WIDTH="48" HEIGHT="51" CONTENT="5," WC="0.84" CC="03"/>
						<SP ID="P7_SP00515" HPOS="2356" VPOS="2365" WIDTH="33"/>
						<String ID="P7_ST00592" HPOS="2389" VPOS="2304" WIDTH="184" HEIGHT="50" CONTENT="Weilen" WC="1.00" CC="000101"/>
						<SP ID="P7_SP00516" HPOS="2573" VPOS="2365" WIDTH="33"/>
						<String ID="P7_ST00593" HPOS="2606" VPOS="2305" WIDTH="50" HEIGHT="58" CONTENT="3," WC="0.71" CC="40"/>
						<SP ID="P7_SP00517" HPOS="2656" VPOS="2365" WIDTH="33"/>
						<String ID="P7_ST00594" HPOS="2689" VPOS="2308" WIDTH="206" HEIGHT="47" CONTENT="Wiehert" WC="0.99" CC="0004727"/>
						<SP ID="P7_SP00518" HPOS="2895" VPOS="2365" WIDTH="34"/>
						<String ID="P7_ST00595" HPOS="2929" VPOS="2309" WIDTH="47" HEIGHT="47" CONTENT="6." WC="0.83" CC="02"/>
					</TextLine>
					<TextLine ID="P7_TL00076" HPOS="1858" VPOS="2378" WIDTH="1397" HEIGHT="65">
						<String ID="P7_ST00596" HPOS="1858" VPOS="2379" WIDTH="47" HEIGHT="46" CONTENT="In" WC="0.31" CC="67"/>
						<SP ID="P7_SP00519" HPOS="1905" VPOS="2425" WIDTH="32"/>
						<String ID="P7_ST00597" HPOS="1937" VPOS="2378" WIDTH="79" HEIGHT="47" CONTENT="der" WC="0.99" CC="002"/>
						<SP ID="P7_SP00520" HPOS="2016" VPOS="2425" WIDTH="30"/>
						<String ID="P7_ST00598" HPOS="2046" VPOS="2379" WIDTH="151" HEIGHT="64" CONTENT="Oper:" WC="0.98" CC="30650"/>
						<SP ID="P7_SP00521" HPOS="2197" VPOS="2443" WIDTH="35"/>
						<String ID="P7_ST00599" HPOS="2232" VPOS="2382" WIDTH="155" HEIGHT="48" CONTENT="Auber" WC="0.57" CC="02864"/>
						<SP ID="P7_SP00522" HPOS="2387" VPOS="2443" WIDTH="25"/>
						<String ID="P7_ST00600" HPOS="2412" VPOS="2379" WIDTH="88" HEIGHT="56" CONTENT="33," WC="0.41" CC="970"/>
						<SP ID="P7_SP00523" HPOS="2500" VPOS="2443" WIDTH="28"/>
						<String ID="P7_ST00601" HPOS="2528" VPOS="2383" WIDTH="152" HEIGHT="48" CONTENT="Bellini" WC="0.99" CC="6011060"/>
						<SP ID="P7_SP00524" HPOS="2680" VPOS="2443" WIDTH="27"/>
						<String ID="P7_ST00602" HPOS="2707" VPOS="2383" WIDTH="49" HEIGHT="53" CONTENT="2," WC="0.89" CC="02"/>
						<SP ID="P7_SP00525" HPOS="2756" VPOS="2443" WIDTH="27"/>
						<String ID="P7_ST00603" HPOS="2783" VPOS="2385" WIDTH="255" HEIGHT="47" CONTENT="Beethoven" WC="0.99" CC="030000028"/>
						<SP ID="P7_SP00526" HPOS="3038" VPOS="2443" WIDTH="27"/>
						<String ID="P7_ST00604" HPOS="3065" VPOS="2385" WIDTH="49" HEIGHT="58" CONTENT="5," WC="1.00" CC="00"/>
						<SP ID="P7_SP00527" HPOS="3114" VPOS="2443" WIDTH="24"/>
						<String ID="P7_ST00605" HPOS="3138" VPOS="2385" WIDTH="88" HEIGHT="49" CONTENT="Che" SUBS_TYPE="HypPart1" SUBS_CONTENT="Cherubini," WC="0.98" CC="700"/>
						<HYP HPOS="3226" VPOS="2385" WIDTH="29" CONTENT="-"/>
					</TextLine>
					<TextLine ID="P7_TL00077" HPOS="1741" VPOS="2455" WIDTH="1518" HEIGHT="74">
						<String ID="P7_ST00606" HPOS="1741" VPOS="2455" WIDTH="167" HEIGHT="55" CONTENT="rubini," SUBS_TYPE="HypPart2" SUBS_CONTENT="Cherubini," WC="0.98" CC="5320726"/>
						<SP ID="P7_SP00528" HPOS="1908" VPOS="2510" WIDTH="37"/>
						<String ID="P7_ST00607" HPOS="1945" VPOS="2457" WIDTH="43" HEIGHT="52" CONTENT="1," WC="0.82" CC="03"/>
						<SP ID="P7_SP00529" HPOS="1988" VPOS="2510" WIDTH="45"/>
						<String ID="P7_ST00608" HPOS="2033" VPOS="2458" WIDTH="220" HEIGHT="47" CONTENT="Donizetti" WC="0.69" CC="055172040"/>
						<SP ID="P7_SP00530" HPOS="2253" VPOS="2510" WIDTH="38"/>
						<String ID="P7_ST00609" HPOS="2291" VPOS="2459" WIDTH="45" HEIGHT="52" CONTENT="1," WC="0.66" CC="15"/>
						<SP ID="P7_SP00531" HPOS="2336" VPOS="2511" WIDTH="40"/>
						<String ID="P7_ST00610" HPOS="2376" VPOS="2459" WIDTH="144" HEIGHT="48" CONTENT="Gluck" WC="0.98" CC="06009"/>
						<SP ID="P7_SP00532" HPOS="2520" VPOS="2511" WIDTH="34"/>
						<String ID="P7_ST00611" HPOS="2554" VPOS="2460" WIDTH="50" HEIGHT="56" CONTENT="2," WC="1.00" CC="00"/>
						<SP ID="P7_SP00533" HPOS="2604" VPOS="2516" WIDTH="42"/>
						<String ID="P7_ST00612" HPOS="2646" VPOS="2462" WIDTH="194" HEIGHT="48" CONTENT="Gounod" WC="0.72" CC="004740"/>
						<SP ID="P7_SP00534" HPOS="2840" VPOS="2516" WIDTH="37"/>
						<String ID="P7_ST00613" HPOS="2877" VPOS="2463" WIDTH="84" HEIGHT="56" CONTENT="15," WC="0.68" CC="504"/>
						<SP ID="P7_SP00535" HPOS="2961" VPOS="2519" WIDTH="49"/>
						<String ID="P7_ST00614" HPOS="3010" VPOS="2464" WIDTH="166" HEIGHT="65" CONTENT="Halevy" WC="0.70" CC="424600"/>
						<SP ID="P7_SP00536" HPOS="3176" VPOS="2529" WIDTH="34"/>
						<String ID="P7_ST00615" HPOS="3210" VPOS="2464" WIDTH="49" HEIGHT="56" CONTENT="4," WC="0.65" CC="06"/>
					</TextLine>
					<TextLine ID="P7_TL00078" HPOS="1740" VPOS="2534" WIDTH="1334" HEIGHT="69">
						<String ID="P7_ST00616" HPOS="1740" VPOS="2534" WIDTH="187" HEIGHT="47" CONTENT="Isouard" WC="0.72" CC="7133300"/>
						<SP ID="P7_SP00537" HPOS="1927" VPOS="2581" WIDTH="35"/>
						<String ID="P7_ST00617" HPOS="1962" VPOS="2534" WIDTH="42" HEIGHT="55" CONTENT="1," WC="0.73" CC="41"/>
						<SP ID="P7_SP00538" HPOS="2004" VPOS="2589" WIDTH="35"/>
						<String ID="P7_ST00618" HPOS="2039" VPOS="2535" WIDTH="44" HEIGHT="46" CONTENT="F." WC="1.00" CC="00"/>
						<SP ID="P7_SP00539" HPOS="2083" VPOS="2589" WIDTH="24"/>
						<String ID="P7_ST00619" HPOS="2107" VPOS="2535" WIDTH="207" HEIGHT="49" CONTENT="Lachner" WC="0.98" CC="0574564"/>
						<SP ID="P7_SP00540" HPOS="2314" VPOS="2589" WIDTH="23"/>
						<String ID="P7_ST00620" HPOS="2337" VPOS="2535" WIDTH="48" HEIGHT="55" CONTENT="2," WC="1.00" CC="00"/>
						<SP ID="P7_SP00541" HPOS="2385" VPOS="2590" WIDTH="31"/>
						<String ID="P7_ST00621" HPOS="2416" VPOS="2538" WIDTH="213" HEIGHT="65" CONTENT="Lortzing" WC="0.73" CC="05324050"/>
						<SP ID="P7_SP00542" HPOS="2629" VPOS="2603" WIDTH="26"/>
						<String ID="P7_ST00622" HPOS="2655" VPOS="2539" WIDTH="48" HEIGHT="53" CONTENT="5," WC="1.00" CC="00"/>
						<SP ID="P7_SP00543" HPOS="2703" VPOS="2603" WIDTH="34"/>
						<String ID="P7_ST00623" HPOS="2737" VPOS="2540" WIDTH="262" HEIGHT="47" CONTENT="Marschner" WC="0.99" CC="700602800"/>
						<SP ID="P7_SP00544" HPOS="2999" VPOS="2603" WIDTH="25"/>
						<String ID="P7_ST00624" HPOS="3024" VPOS="2540" WIDTH="50" HEIGHT="56" CONTENT="4," WC="0.90" CC="02"/>
						<SP ID="P7_SP00545" HPOS="3074" VPOS="2603" WIDTH="0"/>
					</TextLine>
					<TextLine ID="P7_TL00079" HPOS="1746" VPOS="2611" WIDTH="1510" HEIGHT="70">
						<String ID="P7_ST00625" HPOS="1746" VPOS="2613" WIDTH="45" HEIGHT="54" CONTENT="1," WC="0.79" CC="04"/>
						<SP ID="P7_SP00546" HPOS="1791" VPOS="2667" WIDTH="32"/>
						<String ID="P7_ST00626" HPOS="1823" VPOS="2611" WIDTH="593" HEIGHT="68" CONTENT="Mendelssohn-Bartholdy" WC="0.63" CC="007016953374664061200"/>
						<SP ID="P7_SP00547" HPOS="2416" VPOS="2679" WIDTH="39"/>
						<String ID="P7_ST00627" HPOS="2455" VPOS="2615" WIDTH="43" HEIGHT="54" CONTENT="1," WC="0.91" CC="00"/>
						<SP ID="P7_SP00548" HPOS="2498" VPOS="2679" WIDTH="41"/>
						<String ID="P7_ST00628" HPOS="2539" VPOS="2617" WIDTH="267" HEIGHT="64" CONTENT="Meyerbeer" WC="0.99" CC="900005000"/>
						<SP ID="P7_SP00549" HPOS="2806" VPOS="2681" WIDTH="36"/>
						<String ID="P7_ST00629" HPOS="2842" VPOS="2618" WIDTH="83" HEIGHT="53" CONTENT="16," WC="0.65" CC="351"/>
						<SP ID="P7_SP00550" HPOS="2925" VPOS="2681" WIDTH="43"/>
						<String ID="P7_ST00630" HPOS="2968" VPOS="2619" WIDTH="172" HEIGHT="47" CONTENT="Mozart" WC="0.98" CC="007315"/>
						<SP ID="P7_SP00551" HPOS="3140" VPOS="2681" WIDTH="28"/>
						<String ID="P7_ST00631" HPOS="3168" VPOS="2618" WIDTH="88" HEIGHT="57" CONTENT="28," WC="0.88" CC="020"/>
					</TextLine>
					<TextLine ID="P7_TL00080" HPOS="1740" VPOS="2690" WIDTH="1515" HEIGHT="71">
						<String ID="P7_ST00632" HPOS="1740" VPOS="2690" WIDTH="170" HEIGHT="48" CONTENT="Nicolai" WC="0.99" CC="4003030"/>
						<SP ID="P7_SP00552" HPOS="1910" VPOS="2738" WIDTH="36"/>
						<String ID="P7_ST00633" HPOS="1946" VPOS="2690" WIDTH="48" HEIGHT="54" CONTENT="7," WC="0.76" CC="04"/>
						<SP ID="P7_SP00553" HPOS="1994" VPOS="2744" WIDTH="29"/>
						<String ID="P7_ST00634" HPOS="2023" VPOS="2690" WIDTH="257" HEIGHT="48" CONTENT="Offenbach" WC="0.98" CC="577063600"/>
						<SP ID="P7_SP00554" HPOS="2280" VPOS="2744" WIDTH="34"/>
						<String ID="P7_ST00635" HPOS="2314" VPOS="2691" WIDTH="50" HEIGHT="58" CONTENT="8," WC="1.00" CC="00"/>
						<SP ID="P7_SP00555" HPOS="2364" VPOS="2749" WIDTH="42"/>
						<String ID="P7_ST00636" HPOS="2406" VPOS="2693" WIDTH="176" HEIGHT="48" CONTENT="Rossini" WC="0.99" CC="5305050"/>
						<SP ID="P7_SP00556" HPOS="2582" VPOS="2749" WIDTH="32"/>
						<String ID="P7_ST00637" HPOS="2614" VPOS="2695" WIDTH="49" HEIGHT="54" CONTENT="4," WC="1.00" CC="00"/>
						<SP ID="P7_SP00557" HPOS="2663" VPOS="2749" WIDTH="40"/>
						<String ID="P7_ST00638" HPOS="2703" VPOS="2695" WIDTH="148" HEIGHT="64" CONTENT="Spohr" WC="0.73" CC="30640"/>
						<SP ID="P7_SP00558" HPOS="2851" VPOS="2759" WIDTH="30"/>
						<String ID="P7_ST00639" HPOS="2881" VPOS="2695" WIDTH="50" HEIGHT="55" CONTENT="2," WC="0.84" CC="03"/>
						<SP ID="P7_SP00559" HPOS="2931" VPOS="2759" WIDTH="37"/>
						<String ID="P7_ST00640" HPOS="2968" VPOS="2697" WIDTH="203" HEIGHT="64" CONTENT="Spontini" WC="0.79" CC="10080060"/>
						<SP ID="P7_SP00560" HPOS="3171" VPOS="2761" WIDTH="35"/>
						<String ID="P7_ST00641" HPOS="3206" VPOS="2697" WIDTH="49" HEIGHT="53" CONTENT="5," WC="1.00" CC="00"/>
					</TextLine>
					<TextLine ID="P7_TL00081" HPOS="1739" VPOS="2766" WIDTH="1209" HEIGHT="65">
						<String ID="P7_ST00642" HPOS="1739" VPOS="2766" WIDTH="134" HEIGHT="49" CONTENT="Verdi" WC="0.98" CC="05603"/>
						<SP ID="P7_SP00561" HPOS="1873" VPOS="2815" WIDTH="40"/>
						<String ID="P7_ST00643" HPOS="1913" VPOS="2766" WIDTH="82" HEIGHT="52" CONTENT="16." WC="0.66" CC="055"/>
						<SP ID="P7_SP00562" HPOS="1995" VPOS="2818" WIDTH="35"/>
						<String ID="P7_ST00644" HPOS="2030" VPOS="2768" WIDTH="209" HEIGHT="63" CONTENT="Wagner" WC="0.97" CC="059707"/>
						<SP ID="P7_SP00563" HPOS="2239" VPOS="2831" WIDTH="31"/>
						<String ID="P7_ST00645" HPOS="2270" VPOS="2769" WIDTH="49" HEIGHT="56" CONTENT="6," WC="0.66" CC="60"/>
						<SP ID="P7_SP00564" HPOS="2319" VPOS="2831" WIDTH="35"/>
						<String ID="P7_ST00646" HPOS="2354" VPOS="2769" WIDTH="177" HEIGHT="49" CONTENT="Weber" WC="0.98" CC="00604"/>
						<SP ID="P7_SP00565" HPOS="2531" VPOS="2831" WIDTH="36"/>
						<String ID="P7_ST00647" HPOS="2567" VPOS="2771" WIDTH="82" HEIGHT="53" CONTENT="14," WC="0.74" CC="106"/>
						<SP ID="P7_SP00566" HPOS="2649" VPOS="2831" WIDTH="33"/>
						<String ID="P7_ST00648" HPOS="2682" VPOS="2771" WIDTH="188" HEIGHT="49" CONTENT="Wüerst" WC="0.74" CC="034007"/>
						<SP ID="P7_SP00567" HPOS="2870" VPOS="2831" WIDTH="31"/>
						<String ID="P7_ST00649" HPOS="2901" VPOS="2771" WIDTH="47" HEIGHT="50" CONTENT="6." WC="0.50" CC="54"/>
					</TextLine>
					<TextLine ID="P7_TL00082" HPOS="1857" VPOS="2845" WIDTH="1398" HEIGHT="69">
						<String ID="P7_ST00650" HPOS="1857" VPOS="2845" WIDTH="81" HEIGHT="46" CONTENT="Die" WC="0.96" CC="036"/>
						<SP ID="P7_SP00568" HPOS="1938" VPOS="2891" WIDTH="22"/>
						<String ID="P7_ST00651" HPOS="1960" VPOS="2846" WIDTH="235" HEIGHT="47" CONTENT="classische" WC="0.65" CC="0554606040"/>
						<SP ID="P7_SP00569" HPOS="2195" VPOS="2893" WIDTH="18"/>
						<String ID="P7_ST00652" HPOS="2213" VPOS="2846" WIDTH="128" HEIGHT="64" CONTENT="Oper" WC="0.99" CC="5000"/>
						<SP ID="P7_SP00570" HPOS="2341" VPOS="2910" WIDTH="24"/>
						<String ID="P7_ST00653" HPOS="2365" VPOS="2846" WIDTH="103" HEIGHT="49" CONTENT="fand" WC="0.97" CC="8240"/>
						<SP ID="P7_SP00571" HPOS="2468" VPOS="2910" WIDTH="24"/>
						<String ID="P7_ST00654" HPOS="2492" VPOS="2849" WIDTH="126" HEIGHT="47" CONTENT="ihren" WC="0.99" CC="00303"/>
						<SP ID="P7_SP00572" HPOS="2618" VPOS="2910" WIDTH="28"/>
						<String ID="P7_ST00655" HPOS="2646" VPOS="2850" WIDTH="278" HEIGHT="64" CONTENT="Höhepunkt" WC="0.99" CC="245605005"/>
						<SP ID="P7_SP00573" HPOS="2924" VPOS="2914" WIDTH="28"/>
						<String ID="P7_ST00656" HPOS="2952" VPOS="2851" WIDTH="42" HEIGHT="46" CONTENT="in" WC="0.70" CC="05"/>
						<SP ID="P7_SP00574" HPOS="2994" VPOS="2914" WIDTH="24"/>
						<String ID="P7_ST00657" HPOS="3018" VPOS="2851" WIDTH="237" HEIGHT="47" CONTENT="Mozart:" WC="0.99" CC="0066400"/>
					</TextLine>
					<TextLine ID="P7_TL00083" HPOS="1749" VPOS="2923" WIDTH="1496" HEIGHT="69">
						<String ID="P7_ST00658" HPOS="1749" VPOS="2923" WIDTH="296" HEIGHT="55" CONTENT='„DonJuan"' WC="0.72" CC="390000083"/>
						<SP ID="P7_SP00575" HPOS="2045" VPOS="2978" WIDTH="29"/>
						<String ID="P7_ST00659" HPOS="2074" VPOS="2924" WIDTH="51" HEIGHT="53" CONTENT="9," WC="0.49" CC="63"/>
						<SP ID="P7_SP00576" HPOS="2125" VPOS="2978" WIDTH="41"/>
						<String ID="P7_ST00660" HPOS="2166" VPOS="2925" WIDTH="449" HEIGHT="53" CONTENT='„DieZauberllöte"' WC="0.70" CC="4013037800070504"/>
						<SP ID="P7_SP00577" HPOS="2615" VPOS="2978" WIDTH="38"/>
						<String ID="P7_ST00661" HPOS="2653" VPOS="2928" WIDTH="47" HEIGHT="54" CONTENT="7," WC="1.00" CC="00"/>
						<SP ID="P7_SP00578" HPOS="2700" VPOS="2982" WIDTH="42"/>
						<String ID="P7_ST00662" HPOS="2742" VPOS="2928" WIDTH="233" HEIGHT="64" CONTENT="„Figaro's" WC="0.77" CC="600910100"/>
						<SP ID="P7_SP00579" HPOS="2975" VPOS="2992" WIDTH="26"/>
						<String ID="P7_ST00663" HPOS="3001" VPOS="2929" WIDTH="244" HEIGHT="47" CONTENT='Hochzeit"' WC="0.98" CC="320683383"/>
					</TextLine>
					<TextLine ID="P7_TL00084" HPOS="1741" VPOS="2999" WIDTH="1515" HEIGHT="65">
						<String ID="P7_ST00664" HPOS="1741" VPOS="2999" WIDTH="49" HEIGHT="56" CONTENT="8," WC="0.79" CC="03"/>
						<SP ID="P7_SP00580" HPOS="1790" VPOS="3055" WIDTH="125"/>
						<String ID="P7_ST00665" HPOS="1915" VPOS="2999" WIDTH="115" HEIGHT="54" CONTENT="„Cos" WC="0.98" CC="1600" STYLEREFS="TXT_2"/>
						<SP ID="P7_SP00581" HPOS="2030" VPOS="3055" WIDTH="120"/>
						<String ID="P7_ST00666" HPOS="2150" VPOS="3017" WIDTH="14" HEIGHT="31" CONTENT="i" WC="0.41" CC="5" STYLEREFS="TXT_2"/>
						<SP ID="P7_SP00582" HPOS="2164" VPOS="3055" WIDTH="43"/>
						<String ID="P7_ST00667" HPOS="2207" VPOS="3001" WIDTH="101" HEIGHT="63" CONTENT="fan" WC="0.78" CC="050" STYLEREFS="TXT_2"/>
						<SP ID="P7_SP00583" HPOS="2308" VPOS="3064" WIDTH="152"/>
						<String ID="P7_ST00668" HPOS="2460" VPOS="3003" WIDTH="140" HEIGHT="47" CONTENT='tutte"' WC="0.57" CC="655007" STYLEREFS="TXT_2"/>
						<String ID="P7_ST00669" HPOS="2265" VPOS="3003" WIDTH="33" HEIGHT="47" CONTENT="4" WC="1.00" CC="0"/>
						<SP ID="P7_SP00584" HPOS="2600" VPOS="3064" WIDTH="-282"/>
						<String ID="P7_ST00670" HPOS="2318" VPOS="3004" WIDTH="113" HEIGHT="53" CONTENT="Mal;" WC="0.99" CC="0003"/>
						<SP ID="P7_SP00585" HPOS="2600" VPOS="3064" WIDTH="-137"/>
						<String ID="P7_ST00671" HPOS="2463" VPOS="3004" WIDTH="345" HEIGHT="49" CONTENT="Beethoven:" WC="0.99" CC="7002640070"/>
						<SP ID="P7_SP00586" HPOS="2808" VPOS="3064" WIDTH="23"/>
						<String ID="P7_ST00672" HPOS="2831" VPOS="3005" WIDTH="229" HEIGHT="56" CONTENT='„Fidelio"' WC="0.75" CC="700004063"/>
						<SP ID="P7_SP00587" HPOS="3060" VPOS="3064" WIDTH="30"/>
						<String ID="P7_ST00673" HPOS="3090" VPOS="3005" WIDTH="31" HEIGHT="48" CONTENT="5" WC="1.00" CC="0"/>
						<SP ID="P7_SP00588" HPOS="3121" VPOS="3064" WIDTH="20"/>
						<String ID="P7_ST00674" HPOS="3141" VPOS="3006" WIDTH="115" HEIGHT="54" CONTENT="Mal;" WC="0.97" CC="0744"/>
					</TextLine>
					<TextLine ID="P7_TL00085" HPOS="1741" VPOS="3079" WIDTH="1514" HEIGHT="63">
						<String ID="P7_ST00675" HPOS="1741" VPOS="3079" WIDTH="202" HEIGHT="47" CONTENT="Gluck:" WC="0.99" CC="901000"/>
						<SP ID="P7_SP00589" HPOS="1943" VPOS="3126" WIDTH="41"/>
						<String ID="P7_ST00676" HPOS="1984" VPOS="3079" WIDTH="270" HEIGHT="63" CONTENT='„Orpheus"' WC="0.98" CC="761070077"/>
						<SP ID="P7_SP00590" HPOS="2254" VPOS="3142" WIDTH="45"/>
						<String ID="P7_ST00677" HPOS="2299" VPOS="3079" WIDTH="29" HEIGHT="48" CONTENT="2" WC="1.00" CC="0"/>
						<SP ID="P7_SP00591" HPOS="2328" VPOS="3142" WIDTH="34"/>
						<String ID="P7_ST00678" HPOS="2362" VPOS="3081" WIDTH="115" HEIGHT="52" CONTENT="Mal;" WC="0.98" CC="0423"/>
						<SP ID="P7_SP00592" HPOS="2477" VPOS="3142" WIDTH="31"/>
						<String ID="P7_ST00679" HPOS="2508" VPOS="3080" WIDTH="338" HEIGHT="50" CONTENT="Cherubini:" WC="0.99" CC="3605071700"/>
						<SP ID="P7_SP00593" HPOS="2846" VPOS="3142" WIDTH="41"/>
						<String ID="P7_ST00680" HPOS="2887" VPOS="3084" WIDTH="123" HEIGHT="55" CONTENT="„Der" WC="0.98" CC="6000"/>
						<SP ID="P7_SP00594" HPOS="3010" VPOS="3142" WIDTH="32"/>
						<String ID="P7_ST00681" HPOS="3042" VPOS="3083" WIDTH="183" HEIGHT="48" CONTENT="Wasser" SUBS_TYPE="HypPart1" SUBS_CONTENT='Wasserträger"' WC="0.99" CC="006060"/>
						<HYP HPOS="3225" VPOS="3083" WIDTH="30" CONTENT="-"/>
					</TextLine>
					<TextLine ID="P7_TL00086" HPOS="1739" VPOS="3158" WIDTH="1519" HEIGHT="67">
						<String ID="P7_ST00682" HPOS="1739" VPOS="3160" WIDTH="179" HEIGHT="60" CONTENT='träger"' SUBS_TYPE="HypPart2" SUBS_CONTENT='Wasserträger"' WC="0.98" CC="6280664"/>
						<SP ID="P7_SP00595" HPOS="1918" VPOS="3220" WIDTH="48"/>
						<String ID="P7_ST00683" HPOS="1966" VPOS="3158" WIDTH="18" HEIGHT="45" CONTENT="1" WC="1.00" CC="0"/>
						<SP ID="P7_SP00596" HPOS="1984" VPOS="3220" WIDTH="43"/>
						<String ID="P7_ST00684" HPOS="2027" VPOS="3159" WIDTH="113" HEIGHT="52" CONTENT="Mal;" WC="0.94" CC="9935"/>
						<SP ID="P7_SP00597" HPOS="2140" VPOS="3220" WIDTH="47"/>
						<String ID="P7_ST00685" HPOS="2187" VPOS="3159" WIDTH="217" HEIGHT="47" CONTENT="Mehul:" WC="0.74" CC="407300"/>
						<SP ID="P7_SP00598" HPOS="2404" VPOS="3220" WIDTH="41"/>
						<String ID="P7_ST00686" HPOS="2445" VPOS="3160" WIDTH="194" HEIGHT="64" CONTENT="„Joseph" WC="0.99" CC="7006000"/>
						<SP ID="P7_SP00599" HPOS="2639" VPOS="3224" WIDTH="46"/>
						<String ID="P7_ST00687" HPOS="2685" VPOS="3160" WIDTH="41" HEIGHT="47" CONTENT="in" WC="0.83" CC="03"/>
						<SP ID="P7_SP00600" HPOS="2726" VPOS="3224" WIDTH="34"/>
						<String ID="P7_ST00688" HPOS="2760" VPOS="3164" WIDTH="264" HEIGHT="61" CONTENT='Aegypten"' WC="0.99" CC="500002063"/>
						<SP ID="P7_SP00601" HPOS="3024" VPOS="3225" WIDTH="57"/>
						<String ID="P7_ST00689" HPOS="3081" VPOS="3160" WIDTH="21" HEIGHT="48" CONTENT="1" WC="0.57" CC="4"/>
						<SP ID="P7_SP00602" HPOS="3102" VPOS="3225" WIDTH="38"/>
						<String ID="P7_ST00690" HPOS="3140" VPOS="3161" WIDTH="118" HEIGHT="54" CONTENT="Mal;" WC="0.98" CC="0602"/>
					</TextLine>
					<TextLine ID="P7_TL00087" HPOS="1744" VPOS="3234" WIDTH="1504" HEIGHT="68">
						<String ID="P7_ST00691" HPOS="1744" VPOS="3234" WIDTH="230" HEIGHT="48" CONTENT="Weber:" WC="0.99" CC="005030"/>
						<SP ID="P7_SP00603" HPOS="1974" VPOS="3282" WIDTH="42"/>
						<String ID="P7_ST00692" HPOS="2016" VPOS="3236" WIDTH="122" HEIGHT="52" CONTENT="„Der" WC="0.99" CC="3020"/>
						<SP ID="P7_SP00604" HPOS="2138" VPOS="3288" WIDTH="16"/>
						<String ID="P7_ST00693" HPOS="2154" VPOS="3235" WIDTH="287" HEIGHT="48" CONTENT='Freischütz"' WC="0.99" CC="07077487840"/>
						<SP ID="P7_SP00605" HPOS="2441" VPOS="3288" WIDTH="32"/>
						<String ID="P7_ST00694" HPOS="2473" VPOS="3236" WIDTH="49" HEIGHT="54" CONTENT="5," WC="0.95" CC="00"/>
						<SP ID="P7_SP00606" HPOS="2522" VPOS="3290" WIDTH="41"/>
						<String ID="P7_ST00695" HPOS="2563" VPOS="3236" WIDTH="246" HEIGHT="56" CONTENT='„Oberon"' WC="0.66" CC="45500074"/>
						<SP ID="P7_SP00607" HPOS="2809" VPOS="3292" WIDTH="30"/>
						<String ID="P7_ST00696" HPOS="2839" VPOS="3238" WIDTH="49" HEIGHT="55" CONTENT="5," WC="0.85" CC="02"/>
						<SP ID="P7_SP00608" HPOS="2888" VPOS="3293" WIDTH="42"/>
						<String ID="P7_ST00697" HPOS="2930" VPOS="3239" WIDTH="318" HEIGHT="63" CONTENT='„Euryanthe"' WC="0.61" CC="43020675704"/>
					</TextLine>
					<TextLine ID="P7_TL00088" HPOS="1741" VPOS="3311" WIDTH="1514" HEIGHT="69">
						<String ID="P7_ST00698" HPOS="1741" VPOS="3311" WIDTH="32" HEIGHT="47" CONTENT="4" WC="1.00" CC="0"/>
						<SP ID="P7_SP00609" HPOS="1773" VPOS="3358" WIDTH="27"/>
						<String ID="P7_ST00699" HPOS="1800" VPOS="3312" WIDTH="113" HEIGHT="53" CONTENT="Mal;" WC="0.97" CC="0633"/>
						<SP ID="P7_SP00610" HPOS="1913" VPOS="3365" WIDTH="32"/>
						<String ID="P7_ST00700" HPOS="1945" VPOS="3312" WIDTH="209" HEIGHT="63" CONTENT="Spohr:" WC="0.84" CC="500300"/>
						<SP ID="P7_SP00611" HPOS="2154" VPOS="3375" WIDTH="42"/>
						<String ID="P7_ST00701" HPOS="2196" VPOS="3314" WIDTH="273" HEIGHT="52" CONTENT='„Jessonda"' WC="0.67" CC="3006728004"/>
						<SP ID="P7_SP00612" HPOS="2469" VPOS="3375" WIDTH="36"/>
						<String ID="P7_ST00702" HPOS="2505" VPOS="3314" WIDTH="31" HEIGHT="48" CONTENT="2" WC="1.00" CC="0"/>
						<SP ID="P7_SP00613" HPOS="2536" VPOS="3375" WIDTH="28"/>
						<String ID="P7_ST00703" HPOS="2564" VPOS="3316" WIDTH="102" HEIGHT="46" CONTENT="Mal." WC="0.98" CC="0702"/>
						<SP ID="P7_SP00614" HPOS="2666" VPOS="3375" WIDTH="34"/>
						<String ID="P7_ST00704" HPOS="2700" VPOS="3318" WIDTH="84" HEIGHT="45" CONTENT="Am" WC="1.00" CC="00"/>
						<SP ID="P7_SP00615" HPOS="2784" VPOS="3375" WIDTH="33"/>
						<String ID="P7_ST00705" HPOS="2817" VPOS="3315" WIDTH="252" HEIGHT="65" CONTENT="häufigsten" WC="0.99" CC="3060097302"/>
						<SP ID="P7_SP00616" HPOS="3069" VPOS="3380" WIDTH="29"/>
						<String ID="P7_ST00706" HPOS="3098" VPOS="3316" WIDTH="157" HEIGHT="46" CONTENT="füllten" WC="0.98" CC="7300508"/>
					</TextLine>
					<TextLine ID="P7_TL00089" HPOS="1739" VPOS="3387" WIDTH="1509" HEIGHT="66">
						<String ID="P7_ST00707" HPOS="1739" VPOS="3387" WIDTH="79" HEIGHT="49" CONTENT="das" WC="1.00" CC="001"/>
						<SP ID="P7_SP00617" HPOS="1818" VPOS="3436" WIDTH="19"/>
						<String ID="P7_ST00708" HPOS="1837" VPOS="3390" WIDTH="285" HEIGHT="63" CONTENT="Repertoire:" WC="0.99" CC="75004720000"/>
						<SP ID="P7_SP00618" HPOS="2122" VPOS="3453" WIDTH="22"/>
						<String ID="P7_ST00709" HPOS="2144" VPOS="3391" WIDTH="213" HEIGHT="47" CONTENT="Auber:" WC="0.62" CC="067350"/>
						<SP ID="P7_SP00619" HPOS="2357" VPOS="3453" WIDTH="27"/>
						<String ID="P7_ST00710" HPOS="2384" VPOS="3393" WIDTH="112" HEIGHT="53" CONTENT="„Die" WC="0.98" CC="4004"/>
						<SP ID="P7_SP00620" HPOS="2496" VPOS="3453" WIDTH="18"/>
						<String ID="P7_ST00711" HPOS="2514" VPOS="3393" WIDTH="232" HEIGHT="46" CONTENT='Stumme"' WC="0.99" CC="3600004"/>
						<SP ID="P7_SP00621" HPOS="2746" VPOS="3453" WIDTH="29"/>
						<String ID="P7_ST00712" HPOS="2775" VPOS="3393" WIDTH="48" HEIGHT="58" CONTENT="5," WC="0.58" CC="52"/>
						<SP ID="P7_SP00622" HPOS="2823" VPOS="3453" WIDTH="26"/>
						<String ID="P7_ST00713" HPOS="2849" VPOS="3395" WIDTH="110" HEIGHT="51" CONTENT="„Die" WC="0.98" CC="7020"/>
						<SP ID="P7_SP00623" HPOS="2959" VPOS="3453" WIDTH="16"/>
						<String ID="P7_ST00714" HPOS="2975" VPOS="3393" WIDTH="273" HEIGHT="48" CONTENT='Gesandtin"' WC="0.99" CC="0070506364"/>
					</TextLine>
					<TextLine ID="P7_TL00090" HPOS="1741" VPOS="3465" WIDTH="1518" HEIGHT="61">
						<String ID="P7_ST00715" HPOS="1741" VPOS="3465" WIDTH="50" HEIGHT="52" CONTENT="3." WC="0.63" CC="07"/>
						<SP ID="P7_SP00624" HPOS="1791" VPOS="3517" WIDTH="43"/>
						<String ID="P7_ST00716" HPOS="1834" VPOS="3469" WIDTH="123" HEIGHT="49" CONTENT="„Der" WC="0.99" CC="3010"/>
						<SP ID="P7_SP00625" HPOS="1957" VPOS="3518" WIDTH="33"/>
						<String ID="P7_ST00717" HPOS="1990" VPOS="3469" WIDTH="225" HEIGHT="47" CONTENT='Feensee"' WC="0.99" CC="30056004"/>
						<SP ID="P7_SP00626" HPOS="2215" VPOS="3518" WIDTH="45"/>
						<String ID="P7_ST00718" HPOS="2260" VPOS="3469" WIDTH="47" HEIGHT="52" CONTENT="7," WC="0.81" CC="03"/>
						<SP ID="P7_SP00627" HPOS="2307" VPOS="3521" WIDTH="52"/>
						<String ID="P7_ST00719" HPOS="2359" VPOS="3471" WIDTH="123" HEIGHT="52" CONTENT="„Der" WC="0.99" CC="3000"/>
						<SP ID="P7_SP00628" HPOS="2482" VPOS="3523" WIDTH="28"/>
						<String ID="P7_ST00720" HPOS="2510" VPOS="3470" WIDTH="230" HEIGHT="48" CONTENT="schwarze" WC="0.99" CC="00145070"/>
						<SP ID="P7_SP00629" HPOS="2740" VPOS="3523" WIDTH="31"/>
						<String ID="P7_ST00721" HPOS="2771" VPOS="3471" WIDTH="224" HEIGHT="47" CONTENT='Domino"' WC="0.99" CC="0000633"/>
						<SP ID="P7_SP00630" HPOS="2995" VPOS="3523" WIDTH="42"/>
						<String ID="P7_ST00722" HPOS="3037" VPOS="3470" WIDTH="49" HEIGHT="52" CONTENT="4," WC="1.00" CC="00"/>
						<SP ID="P7_SP00631" HPOS="3086" VPOS="3523" WIDTH="55"/>
						<String ID="P7_ST00723" HPOS="3141" VPOS="3471" WIDTH="118" HEIGHT="55" CONTENT="„Fra" WC="0.81" CC="7000"/>
					</TextLine>
					<TextLine ID="P7_TL00091" HPOS="1743" VPOS="3544" WIDTH="1516" HEIGHT="59">
						<String ID="P7_ST00724" HPOS="1743" VPOS="3544" WIDTH="216" HEIGHT="48" CONTENT='Diavolo"' WC="0.71" CC="03506034"/>
						<SP ID="P7_SP00632" HPOS="1959" VPOS="3592" WIDTH="50"/>
						<String ID="P7_ST00725" HPOS="2009" VPOS="3545" WIDTH="83" HEIGHT="53" CONTENT="10," WC="0.76" CC="240"/>
						<SP ID="P7_SP00633" HPOS="2092" VPOS="3598" WIDTH="55"/>
						<String ID="P7_ST00726" HPOS="2147" VPOS="3546" WIDTH="121" HEIGHT="55" CONTENT="„Der" WC="0.98" CC="4004"/>
						<SP ID="P7_SP00634" HPOS="2268" VPOS="3601" WIDTH="32"/>
						<String ID="P7_ST00727" HPOS="2300" VPOS="3547" WIDTH="211" HEIGHT="46" CONTENT='Maurer"' WC="0.99" CC="0550054"/>
						<SP ID="P7_SP00635" HPOS="2511" VPOS="3601" WIDTH="42"/>
						<String ID="P7_ST00728" HPOS="2553" VPOS="3547" WIDTH="32" HEIGHT="47" CONTENT="4" WC="1.00" CC="0"/>
						<SP ID="P7_SP00636" HPOS="2585" VPOS="3601" WIDTH="31"/>
						<String ID="P7_ST00729" HPOS="2616" VPOS="3547" WIDTH="117" HEIGHT="54" CONTENT="Mal;" WC="0.97" CC="4207"/>
						<SP ID="P7_SP00637" HPOS="2733" VPOS="3601" WIDTH="50"/>
						<String ID="P7_ST00730" HPOS="2783" VPOS="3547" WIDTH="197" HEIGHT="49" CONTENT="Verdi:" WC="1.00" CC="000000"/>
						<SP ID="P7_SP00638" HPOS="2980" VPOS="3601" WIDTH="40"/>
						<String ID="P7_ST00731" HPOS="3020" VPOS="3547" WIDTH="210" HEIGHT="56" CONTENT="„Trouba" SUBS_TYPE="HypPart1" SUBS_CONTENT='„Troubadour"' WC="0.99" CC="3010675"/>
						<HYP HPOS="3230" VPOS="3547" WIDTH="29" CONTENT="-"/>
					</TextLine>
					<TextLine ID="P7_TL00092" HPOS="1741" VPOS="3622" WIDTH="1519" HEIGHT="69">
						<String ID="P7_ST00732" HPOS="1741" VPOS="3622" WIDTH="143" HEIGHT="47" CONTENT='dour"' SUBS_TYPE="HypPart2" SUBS_CONTENT='„Troubadour"' WC="0.98" CC="06214"/>
						<SP ID="P7_SP00639" HPOS="1884" VPOS="3669" WIDTH="33"/>
						<String ID="P7_ST00733" HPOS="1917" VPOS="3622" WIDTH="49" HEIGHT="55" CONTENT="6," WC="0.78" CC="40"/>
						<SP ID="P7_SP00640" HPOS="1966" VPOS="3677" WIDTH="42"/>
						<String ID="P7_ST00734" HPOS="2008" VPOS="3625" WIDTH="252" HEIGHT="56" CONTENT='„Violetta"' WC="0.75" CC="4006000624"/>
						<SP ID="P7_SP00641" HPOS="2260" VPOS="3681" WIDTH="29"/>
						<String ID="P7_ST00735" HPOS="2289" VPOS="3624" WIDTH="49" HEIGHT="53" CONTENT="6," WC="0.64" CC="42"/>
						<SP ID="P7_SP00642" HPOS="2338" VPOS="3681" WIDTH="41"/>
						<String ID="P7_ST00736" HPOS="2379" VPOS="3625" WIDTH="284" HEIGHT="61" CONTENT='„Rigoletto"' WC="0.77" CC="20006000634"/>
						<SP ID="P7_SP00643" HPOS="2663" VPOS="3686" WIDTH="31"/>
						<String ID="P7_ST00737" HPOS="2694" VPOS="3626" WIDTH="32" HEIGHT="46" CONTENT="4" WC="1.00" CC="0"/>
						<SP ID="P7_SP00644" HPOS="2726" VPOS="3686" WIDTH="26"/>
						<String ID="P7_ST00738" HPOS="2752" VPOS="3626" WIDTH="112" HEIGHT="55" CONTENT="Mal;" WC="0.98" CC="0432"/>
						<SP ID="P7_SP00645" HPOS="2864" VPOS="3686" WIDTH="38"/>
						<String ID="P7_ST00739" HPOS="2902" VPOS="3626" WIDTH="189" HEIGHT="65" CONTENT="Meyer" WC="0.99" CC="03004"/>
						<SP ID="P7_SP00646" HPOS="3091" VPOS="3691" WIDTH="16"/>
						<String ID="P7_ST00740" HPOS="3107" VPOS="3626" WIDTH="153" HEIGHT="47" CONTENT="beer:" WC="0.99" CC="30200"/>
					</TextLine>
					<TextLine ID="P7_TL00093" HPOS="1753" VPOS="3701" WIDTH="1505" HEIGHT="64">
						<String ID="P7_ST00741" HPOS="1753" VPOS="3701" WIDTH="352" HEIGHT="64" CONTENT='„Hugenotten"' WC="0.98" CC="466057285684"/>
						<SP ID="P7_SP00647" HPOS="2105" VPOS="3765" WIDTH="42"/>
						<String ID="P7_ST00742" HPOS="2147" VPOS="3702" WIDTH="49" HEIGHT="50" CONTENT="4." WC="0.94" CC="01"/>
						<SP ID="P7_SP00648" HPOS="2196" VPOS="3765" WIDTH="43"/>
						<String ID="P7_ST00743" HPOS="2239" VPOS="3702" WIDTH="254" HEIGHT="63" CONTENT='„Prophet"' WC="0.99" CC="400805003"/>
						<SP ID="P7_SP00649" HPOS="2493" VPOS="3765" WIDTH="42"/>
						<String ID="P7_ST00744" HPOS="2535" VPOS="3702" WIDTH="50" HEIGHT="54" CONTENT="4," WC="1.00" CC="00"/>
						<SP ID="P7_SP00650" HPOS="2585" VPOS="3765" WIDTH="40"/>
						<String ID="P7_ST00745" HPOS="2625" VPOS="3702" WIDTH="230" HEIGHT="56" CONTENT='„Robert"' WC="0.99" CC="26010084"/>
						<SP ID="P7_SP00651" HPOS="2855" VPOS="3765" WIDTH="43"/>
						<String ID="P7_ST00746" HPOS="2898" VPOS="3702" WIDTH="50" HEIGHT="55" CONTENT="6," WC="0.58" CC="62"/>
						<SP ID="P7_SP00652" HPOS="2948" VPOS="3765" WIDTH="41"/>
						<String ID="P7_ST00747" HPOS="2989" VPOS="3704" WIDTH="120" HEIGHT="54" CONTENT="„Das" WC="0.98" CC="4300"/>
						<SP ID="P7_SP00653" HPOS="3109" VPOS="3765" WIDTH="22"/>
						<String ID="P7_ST00748" HPOS="3131" VPOS="3702" WIDTH="102" HEIGHT="49" CONTENT="Feld" SUBS_TYPE="HypPart1" SUBS_CONTENT="Feldlager" WC="0.95" CC="6579"/>
						<HYP HPOS="3233" VPOS="3702" WIDTH="25" CONTENT="-"/>
					</TextLine>
					<TextLine ID="P7_TL00094" HPOS="1744" VPOS="3779" WIDTH="1510" HEIGHT="66">
						<String ID="P7_ST00749" HPOS="1744" VPOS="3779" WIDTH="124" HEIGHT="62" CONTENT="lager" SUBS_TYPE="HypPart2" SUBS_CONTENT="Feldlager" WC="0.97" CC="57900"/>
						<SP ID="P7_SP00654" HPOS="1868" VPOS="3841" WIDTH="22"/>
						<String ID="P7_ST00750" HPOS="1890" VPOS="3781" WIDTH="39" HEIGHT="45" CONTENT="in" WC="0.54" CC="08"/>
						<SP ID="P7_SP00655" HPOS="1929" VPOS="3841" WIDTH="22"/>
						<String ID="P7_ST00751" HPOS="1951" VPOS="3780" WIDTH="255" HEIGHT="47" CONTENT='Schlesien"' WC="0.98" CC="0675790664"/>
						<SP ID="P7_SP00656" HPOS="2206" VPOS="3841" WIDTH="18"/>
						<String ID="P7_ST00752" HPOS="2224" VPOS="3779" WIDTH="30" HEIGHT="48" CONTENT="2" WC="1.00" CC="0"/>
						<SP ID="P7_SP00657" HPOS="2254" VPOS="3841" WIDTH="22"/>
						<String ID="P7_ST00753" HPOS="2276" VPOS="3780" WIDTH="84" HEIGHT="53" CONTENT="M.;" WC="0.65" CC="054"/>
						<SP ID="P7_SP00658" HPOS="2360" VPOS="3841" WIDTH="33"/>
						<String ID="P7_ST00754" HPOS="2393" VPOS="3779" WIDTH="267" HEIGHT="49" CONTENT="Gounod:" WC="0.70" CC="2057500"/>
						<SP ID="P7_SP00659" HPOS="2660" VPOS="3841" WIDTH="28"/>
						<String ID="P7_ST00755" HPOS="2688" VPOS="3781" WIDTH="351" HEIGHT="64" CONTENT='„Margarethe"' WC="0.99" CC="401605006004"/>
						<SP ID="P7_SP00660" HPOS="3039" VPOS="3845" WIDTH="32"/>
						<String ID="P7_ST00756" HPOS="3071" VPOS="3780" WIDTH="62" HEIGHT="48" CONTENT="15" WC="1.00" CC="00"/>
						<SP ID="P7_SP00661" HPOS="3133" VPOS="3845" WIDTH="19"/>
						<String ID="P7_ST00757" HPOS="3152" VPOS="3781" WIDTH="102" HEIGHT="46" CONTENT="Mal." WC="0.95" CC="9760"/>
					</TextLine>
					<TextLine ID="P7_TL00095" HPOS="1859" VPOS="3856" WIDTH="1397" HEIGHT="66">
						<String ID="P7_ST00758" HPOS="1859" VPOS="3857" WIDTH="61" HEIGHT="47" CONTENT="Im" WC="0.64" CC="70"/>
						<SP ID="P7_SP00662" HPOS="1920" VPOS="3904" WIDTH="36"/>
						<String ID="P7_ST00759" HPOS="1956" VPOS="3859" WIDTH="164" HEIGHT="45" CONTENT="Ballet:" WC="0.98" CC="7741480"/>
						<SP ID="P7_SP00663" HPOS="2120" VPOS="3904" WIDTH="33"/>
						<String ID="P7_ST00760" HPOS="2153" VPOS="3856" WIDTH="288" HEIGHT="48" CONTENT="D'Auberval" WC="0.64" CC="5104733045"/>
						<SP ID="P7_SP00664" HPOS="2441" VPOS="3904" WIDTH="32"/>
						<String ID="P7_ST00761" HPOS="2473" VPOS="3857" WIDTH="82" HEIGHT="55" CONTENT="11," WC="0.58" CC="642"/>
						<SP ID="P7_SP00665" HPOS="2555" VPOS="3912" WIDTH="31"/>
						<String ID="P7_ST00762" HPOS="2586" VPOS="3859" WIDTH="61" HEIGHT="47" CONTENT="St." WC="0.95" CC="570"/>
						<SP ID="P7_SP00666" HPOS="2647" VPOS="3912" WIDTH="28"/>
						<String ID="P7_ST00763" HPOS="2675" VPOS="3859" WIDTH="202" HEIGHT="63" CONTENT="Georges" WC="0.97" CC="8760087"/>
						<SP ID="P7_SP00667" HPOS="2877" VPOS="3922" WIDTH="29"/>
						<String ID="P7_ST00764" HPOS="2906" VPOS="3859" WIDTH="86" HEIGHT="45" CONTENT="und" WC="0.94" CC="860"/>
						<SP ID="P7_SP00668" HPOS="2992" VPOS="3922" WIDTH="27"/>
						<String ID="P7_ST00765" HPOS="3019" VPOS="3857" WIDTH="160" HEIGHT="49" CONTENT="Coralli" WC="0.54" CC="5246444"/>
						<SP ID="P7_SP00669" HPOS="3179" VPOS="3922" WIDTH="37"/>
						<String ID="P7_ST00766" HPOS="3216" VPOS="3857" WIDTH="40" HEIGHT="51" CONTENT="1," WC="0.78" CC="30"/>
					</TextLine>
					<TextLine ID="P7_TL00096" HPOS="1743" VPOS="3935" WIDTH="1513" HEIGHT="65">
						<String ID="P7_ST00767" HPOS="1743" VPOS="3935" WIDTH="185" HEIGHT="65" CONTENT="Hoguet" WC="0.51" CC="349640"/>
						<SP ID="P7_SP00670" HPOS="1928" VPOS="4000" WIDTH="31"/>
						<String ID="P7_ST00768" HPOS="1959" VPOS="3936" WIDTH="49" HEIGHT="55" CONTENT="9," WC="0.56" CC="61"/>
						<SP ID="P7_SP00671" HPOS="2008" VPOS="4000" WIDTH="31"/>
						<String ID="P7_ST00769" HPOS="2039" VPOS="3937" WIDTH="62" HEIGHT="46" CONTENT="St." WC="0.96" CC="351"/>
						<SP ID="P7_SP00672" HPOS="2101" VPOS="4000" WIDTH="32"/>
						<String ID="P7_ST00770" HPOS="2133" VPOS="3936" WIDTH="121" HEIGHT="47" CONTENT="Leon" WC="0.98" CC="0007"/>
						<SP ID="P7_SP00673" HPOS="2254" VPOS="4000" WIDTH="35"/>
						<String ID="P7_ST00771" HPOS="2289" VPOS="3935" WIDTH="48" HEIGHT="52" CONTENT="2," WC="0.84" CC="03"/>
						<SP ID="P7_SP00674" HPOS="2337" VPOS="4000" WIDTH="32"/>
						<String ID="P7_ST00772" HPOS="2369" VPOS="3936" WIDTH="181" HEIGHT="47" CONTENT="Leuven" WC="0.84" CC="012005"/>
						<SP ID="P7_SP00675" HPOS="2550" VPOS="4000" WIDTH="33"/>
						<String ID="P7_ST00773" HPOS="2583" VPOS="3936" WIDTH="88" HEIGHT="47" CONTENT="und" WC="0.96" CC="450"/>
						<SP ID="P7_SP00676" HPOS="2671" VPOS="4000" WIDTH="36"/>
						<String ID="P7_ST00774" HPOS="2707" VPOS="3937" WIDTH="195" HEIGHT="47" CONTENT="Mazilier" WC="0.90" CC="00600010"/>
						<SP ID="P7_SP00677" HPOS="2902" VPOS="4000" WIDTH="29"/>
						<String ID="P7_ST00775" HPOS="2931" VPOS="3937" WIDTH="49" HEIGHT="51" CONTENT="4," WC="0.93" CC="01"/>
						<SP ID="P7_SP00678" HPOS="2980" VPOS="4000" WIDTH="42"/>
						<String ID="P7_ST00776" HPOS="3022" VPOS="3936" WIDTH="151" HEIGHT="64" CONTENT="Petipa" WC="0.57" CC="047309"/>
						<SP ID="P7_SP00679" HPOS="3173" VPOS="4000" WIDTH="33"/>
						<String ID="P7_ST00777" HPOS="3206" VPOS="3936" WIDTH="50" HEIGHT="57" CONTENT="4," WC="0.84" CC="03"/>
					</TextLine>
					<TextLine ID="P7_TL00097" HPOS="1744" VPOS="4011" WIDTH="848" HEIGHT="65">
						<String ID="P7_ST00778" HPOS="1744" VPOS="4012" WIDTH="44" HEIGHT="50" CONTENT="P." WC="0.81" CC="03"/>
						<SP ID="P7_SP00680" HPOS="1788" VPOS="4062" WIDTH="33"/>
						<String ID="P7_ST00779" HPOS="1821" VPOS="4014" WIDTH="206" HEIGHT="62" CONTENT="Taglioni" WC="0.76" CC="00050670"/>
						<SP ID="P7_SP00681" HPOS="2027" VPOS="4076" WIDTH="34"/>
						<String ID="P7_ST00780" HPOS="2061" VPOS="4011" WIDTH="87" HEIGHT="53" CONTENT="53," WC="1.00" CC="000"/>
						<SP ID="P7_SP00682" HPOS="2148" VPOS="4076" WIDTH="46"/>
						<String ID="P7_ST00781" HPOS="2194" VPOS="4014" WIDTH="78" HEIGHT="47" CONTENT="Ph." WC="0.63" CC="640"/>
						<SP ID="P7_SP00683" HPOS="2272" VPOS="4076" WIDTH="33"/>
						<String ID="P7_ST00782" HPOS="2305" VPOS="4015" WIDTH="207" HEIGHT="58" CONTENT="Taglioni" WC="0.72" CC="05006080"/>
						<SP ID="P7_SP00684" HPOS="2512" VPOS="4076" WIDTH="40"/>
						<String ID="P7_ST00783" HPOS="2552" VPOS="4014" WIDTH="40" HEIGHT="48" CONTENT="1." WC="0.81" CC="30"/>
					</TextLine>
					<TextLine ID="P7_TL00098" HPOS="1861" VPOS="4091" WIDTH="1242" HEIGHT="61">
						<String ID="P7_ST00784" HPOS="1861" VPOS="4092" WIDTH="84" HEIGHT="46" CONTENT="Die" WC="1.00" CC="000"/>
						<SP ID="P7_SP00685" HPOS="1945" VPOS="4138" WIDTH="26"/>
						<String ID="P7_ST00785" HPOS="1971" VPOS="4091" WIDTH="236" HEIGHT="47" CONTENT="Novitäten" WC="0.98" CC="070039708"/>
						<SP ID="P7_SP00686" HPOS="2207" VPOS="4138" WIDTH="35"/>
						<String ID="P7_ST00786" HPOS="2242" VPOS="4091" WIDTH="89" HEIGHT="47" CONTENT="und" WC="0.94" CC="880"/>
						<SP ID="P7_SP00687" HPOS="2331" VPOS="4138" WIDTH="33"/>
						<String ID="P7_ST00787" HPOS="2364" VPOS="4092" WIDTH="527" HEIGHT="60" CONTENT="Neuinscenesetzungen" WC="0.59" CC="0303807450760758008"/>
						<SP ID="P7_SP00688" HPOS="2891" VPOS="4152" WIDTH="33"/>
						<String ID="P7_ST00788" HPOS="2924" VPOS="4106" WIDTH="179" HEIGHT="32" CONTENT="waren:" WC="0.98" CC="040280"/>
					</TextLine>
				</TextBlock>
			</PrintSpace>
		</Page>
	</Layout>
</alto>
