3510 4366
1779 119 106 47 212

259 265 115 49 über
403 281 135 32 unser
563 262 247 50 Orchester
839 278 81 32 aus
948 262 85 47 den
1066 261 193 64 heiligen
1287 263 205 46 Räumen
1524 261 223 64 ausgewie-

257 360 77 32 sen
365 341 181 48 werden
579 341 179 45 konnte.

379 419 103 49 Wir
513 418 147 47 haben
692 416 115 47 oben
840 432 82 31 von
947 414 79 47 der
1052 416 247 54 Unschuld,
1329 432 83 31 von
1444 414 80 49 der
1553 414 222 47 sittlichen

260 494 392 51 Unschädlichkeit
675 493 79 47 der
776 493 236 48 Tonkunst
1035 493 306 64 gesprochen:
1372 493 82 46 wir
1479 492 160 47 wollen
1666 491 110 47 aber

256 573 139 48 damit
417 573 122 47 nicht
561 587 155 48 sagen,
740 571 99 47 dass
857 569 105 65 jede
985 571 145 47 Musik
1155 571 90 47 sich
1273 569 116 49 auch
1416 571 75 47 für
1513 569 70 46 die
1611 569 165 46 Kirche

256 651 146 62 eigne,
444 648 100 48 dass
584 665 44 30 es
666 663 113 49 ganz
814 647 294 65 gleichgültig
1136 647 79 54 sei,
1254 647 58 47 ob
1346 663 101 31 man
1480 646 155 47 Dieses
1665 642 111 51 oder

252 728 135 47 Jenes
417 726 99 48 dem
544 723 331 50 Gottesdienste
905 723 300 66 anbequeme.
1240 724 106 47 Wir
1378 724 158 47 hörten
1569 723 41 46 in
1635 724 139 46 Polen

254 820 80 31 vor
362 804 171 47 Jahren
565 803 42 48 in
637 800 79 49 der
745 802 142 47 stillen
924 802 179 47 Woche
1136 802 212 47 Rossini's
1379 800 160 49 Gazza,
1567 798 136 49 ladra
1733 799 41 47 in

255 880 81 50 der
370 882 167 45 Kirehe
569 887 256 56 vortragen,
868 880 160 46 hörten
1066 879 44 51 jn
1145 878 276 48 Frankreich
1465 878 310 62 ausgewählte

257 958 169 48 Stücke
457 973 79 32 aus
570 955 212 50 Weber's
1165 973 51 29 zu
1251 955 273 47 kirchlichen
1549 954 224 48 Zwecken

256 1034 252 56 verwandt,
552 1033 89 48 und
683 1033 180 54 fanden,
900 1033 100 47 dass
1044 1032 68 48 die
1155 1033 270 63 andächtige
1455 1033 319 62 Bevölkerung

252 1112 144 48 nichts
425 1128 145 47 gegen
602 1110 119 47 diese
753 1109 250 48 Melodieen
1041 1109 325 50 einzuwenden
1409 1109 140 55 hatte,
1593 1109 56 47 im
1685 1110 58 47 Ge-

252 1189 225 64 gentheile
508 1204 111 47 ganz
650 1187 143 48 davon
824 1187 165 48 erbaut
1016 1187 147 52 stand,
1204 1188 209 47 möchten
1445 1187 110 48 aber
1587 1187 76 47 für
1693 1202 81 32 uns

252 1267 228 48 Deutsche
509 1267 99 47 eine
631 1267 171 47 Gränze
833 1282 199 47 gezogen
1065 1267 159 45 wissen
1253 1265 221 47 zwischen
1501 1264 160 48 Bühne
1682 1264 91 48 und

252 1344 184 55 Kirche,
476 1344 220 47 zwischen
729 1343 245 47 weltlicher
1003 1343 90 47 und
1134 1343 256 63 geistlicher
1421 1341 162 49 Musik.
1639 1343 132 47 Eben

251 1438 50 32 so
329 1420 95 48 sind
449 1420 81 47 wir
560 1420 358 56 einverstanden,
943 1420 101 47 dass
1068 1420 68 47 ein
1159 1419 305 62 gebildeterer
1488 1419 283 48 Geschmack

252 1499 79 48 das
360 1499 248 48 Orchester
649 1498 74 47 des
755 1498 280 47 Mittelalters
1077 1498 156 53 sichte,
1277 1496 92 49 und
1414 1496 210 49 möchten
1656 1515 33 31 z.
1723 1498 48 48 B.

250 1576 122 47 nicht
401 1574 434 65 Schellengeklingel
875 1574 293 56 aufnehmen,
1207 1574 79 48 das
1322 1575 81 46 wir
1441 1574 113 48 noch
1586 1575 81 47 auf
1691 1574 80 48 der

251 1653 259 48 Tonbühne
539 1651 80 49 der
649 1659 146 41 ersten
830 1653 454 63 Dom-Einweihung
1313 1659 225 41 vertreten
1569 1651 153 49 sehen.

368 1730 115 48 Was
513 1729 71 48 die
612 1729 265 48 Schreibart
906 1730 80 47 der
1018 1729 357 48 Kirchenwerke
1416 1729 263 65 anbelangt,
1722 1745 48 32 so

247 1808 55 48 ist
331 1823 45 32 es
407 1808 168 47 freilich
616 1808 120 47 nicht
774 1806 148 55 leicht,
965 1808 98 47 eine
1094 1808 218 47 Auswahl
1355 1824 53 31 zu
1451 1806 189 49 treffen:
1689 1808 82 47 wir

250 1884 186 48 würden
462 1884 127 56 aber,
619 1900 131 32 wenn
777 1884 81 47 wir
881 1885 41 46 in
947 1884 79 48 der
1051 1884 291 63 Eigenschaft
1365 1885 119 47 eines
1507 1884 264 63 geistlichen

247 1961 172 50 Rathes
448 1978 77 31 zur
556 1963 119 46 Seite
716 1961 76 48 des
824 1961 373 48 Bischofsstuhles
1235 1966 165 51 sässen,
1445 1963 178 54 rathen,
1666 1961 103 48 dem

249 2040 162 48 Besten
443 2040 110 47 aller
580 2040 154 47 Zeiten
765 2046 106 41 stets
901 2039 79 48 das
1013 2039 105 48 Feld
1151 2039 340 57 einzuräumen,
1521 2056 76 31 vor
1623 2040 146 47 Allem

252 2116 127 57 aber,
411 2134 76 30 vor
519 2133 185 31 unserer
732 2116 98 48 Zeit
859 2116 70 47 die
960 2116 265 48 Schranken
1263 2116 122 48 nicht
1426 2134 51 29 zu
1515 2116 255 48 schliessen.

374 2194 184 63 „Singet
588 2194 102 48 dem
726 2195 147 46 Herrn
906 2194 68 47 ein
1005 2210 139 32 neues
1473 2194 166 48 diesem
1672 2195 73 62 gol-

249 2271 143 50 denen
416 2272 206 64 Spruche
646 2272 189 47 würden
861 2274 81 44 wir
969 2272 208 64 Eingang
1205 2290 51 29 zu
1281 2270 281 51 verschaffen
1585 2274 185 47 suchen.

245 2349 113 48 Jede
387 2350 96 47 Zeit
513 2349 76 48 hat
619 2350 98 47 ihre
748 2349 354 64 Berechtigung,
1145 2350 89 47 und
1276 2349 79 49 das
1386 2350 135 56 Gute,
1566 2350 78 47 das
1684 2349 86 48 den

249 2426 161 48 Besten
449 2427 147 49 seiner
624 2427 97 47 Zeit
764 2431 173 60 genügt
984 2427 91 56 hat,
1118 2431 188 60 genügt,
1351 2427 82 47 wie
1472 2426 81 48 der
1585 2427 186 47 Dichter

246 2511 116 57 sagt,
393 2505 115 47 allen
538 2505 169 47 Zeiten.
740 2505 83 47 Die
856 2506 195 46 Formen
1083 2504 79 48 der
1193 2504 337 66 Haydn'schen,
1560 2504 80 48 der
1672 2506 64 47 Mo-

246 2581 267 57 zart'schen,
543 2581 70 50 die
641 2584 194 45 Formen
868 2581 79 48 der
971 2582 414 47 Beethoven'schen
1413 2581 358 48 Kirchenwerke

245 2658 157 49 stehen
445 2660 141 47 näher
628 2658 85 49 den
746 2660 197 47 Formen
989 2675 188 32 unserer
1221 2658 192 65 übrigen
1458 2660 120 47 nicht
1623 2660 123 47 kirch-

247 2737 145 48 lichen
426 2737 197 56 Werke;
666 2738 131 47 allein
835 2737 120 48 diese
989 2737 391 65 Wahrnehmung
1418 2738 80 47 soll
1539 2755 81 30 uns
1651 2738 120 47 nicht

246 2831 146 47 gegen
436 2822 227 56 genannte
696 2815 175 49 Werke
913 2816 285 48 einnehmen.
1254 2816 276 63 Ergründen
1573 2816 83 47 wir
1700 2816 70 47 die

252 2892 247 48 Wahrheit
529 2907 54 32 an
614 2892 80 47 der
722 2892 163 56 Sache,
914 2909 47 31 so
988 2892 151 48 finden
1163 2893 81 46 wir
1267 2893 57 47 im
1352 2892 287 65 Gegentheil,
1670 2892 100 48 dass

246 2967 71 50 die
351 2970 176 48 Werke
570 2968 79 50 der
692 2970 118 48 alten
843 2970 180 48 Meister
1068 2971 75 47 für
1183 2971 71 47 die
1284 2970 170 48 Kirche
1484 2971 115 48 nach
1632 2971 137 48 deren

245 3046 190 49 Absicht
461 3047 268 65 wenigstens
755 3048 103 49 weit
884 3048 201 64 weniger
1115 3048 42 47 in
1187 3050 145 45 einem
1360 3047 275 50 kirchlichen
1661 3048 109 49 Stile

242 3123 253 66 gearbeitet
515 3125 115 58 sind,
661 3127 62 47 als
748 3126 69 49 die
842 3126 81 48 der
944 3127 108 64 jetzt
1077 3126 237 48 lebenden.
1346 3127 85 47 Die
1454 3126 317 58 Sarabanden,

243 3201 195 66 Giquen,
471 3202 280 61 Couranten,
790 3203 69 49 die
890 3203 251 65 Madrigale
1182 3203 89 49 und
1304 3205 207 47 Menuets
1540 3203 80 49 der
1651 3205 118 47 alten

242 3279 183 49 Meister
468 3281 344 48 unterscheiden
862 3282 93 47 sich
1000 3283 149 63 wenig
1195 3299 85 31 von
1329 3282 129 48 ihren
1507 3282 262 64 geistlichen

251 3356 207 49 Werken
501 3358 42 47 in
581 3357 80 49 der
698 3358 258 48 Satzweise.
1016 3360 125 46 Weil
1172 3360 109 46 eher
1313 3360 126 46 liesse
1468 3360 90 46 sich
1592 3360 76 46 für
1698 3360 71 48 die

245 3432 213 66 heutigen
490 3434 181 50 Meister
702 3437 248 56 anführen,
993 3436 100 48 dass
1124 3437 274 63 wenigstens
1435 3436 71 49 die
1549 3438 218 47 Besseren

242 3509 93 50 sich
374 3512 66 47 im
475 3513 184 47 vollen
692 3513 376 48 Bewusstsein
1110 3513 96 48 der
1240 3514 215 49 Würde
1493 3531 55 32 an
1579 3514 72 49 die
1681 3516 57 47 Ar-

245 3587 92 51 beit
376 3598 168 55 gesetzt
583 3591 166 58 haben,
791 3591 101 49 dass
931 3592 62 48 sie
1031 3591 71 49 die
1143 3592 336 65 angewandten
1512 3593 254 48 Melodieen

242 3667 85 48 wie
356 3667 70 48 die
457 3668 411 65 Harmoniefolgen
896 3685 84 31 von
1012 3669 131 49 innen
1183 3671 165 48 heraus
1390 3669 235 59 erfanden,
1666 3671 101 49 dass

243 3760 46 31 es
321 3744 188 49 Keinem
542 3746 115 48 auch
690 3763 86 31 nur
804 3747 58 47 im
895 3747 321 49 entferntesten
1258 3748 268 65 eingefallen
1557 3749 69 56 ist,
1671 3749 96 47 hier

243 3819 72 50 die
345 3823 254 48 Melodieen
631 3841 99 30 vom
773 3823 192 57 „blauen
1251 3826 111 48 oder
1400 3833 125 41 sonst
1553 3827 99 47 eine
1682 3827 56 48 üb-

242 3898 114 48 liche
402 3899 160 49 Volks-
605 3901 111 48 oder
757 3902 429 48 Strassen-Melodie
1230 3902 215 49 kirchlich
1492 3921 51 29 zu
1586 3912 154 41 contra-

246 3975 257 66 punktiren.
561 3979 155 49 Wenn
760 3981 177 47 Mozart
977 3979 41 49 in
1061 3982 146 47 seiner
1252 3981 222 49 frommen
1506 3982 261 65 Stimmung

245 4053 133 66 singt,
411 4054 145 66 klingt
591 4072 45 32 es
675 4055 168 50 freilich
884 4073 113 48 ganz
1027 4057 179 59 anders,
1244 4059 64 47 als
1333 4059 85 47 wie
1450 4058 70 48 die
1550 4059 216 49 Gefühls-

1878 261 415 62 Ausströmungen,
2324 258 71 48 die
2420 258 258 48 Beethoven
2703 258 296 48 hinterlassen
3026 258 91 56 hat,
3150 259 91 49 und
3274 259 129 53 beide

1877 336 96 47 sind
2007 337 168 46 wieder
2212 350 82 33 von
2333 334 144 49 denen
2518 334 77 47 des
2628 334 161 47 Vaters
2820 334 163 65 Haydn
3025 336 89 47 und
3161 336 76 48 des
3274 337 128 49 edlen

1879 414 121 46 Bach
2033 412 373 56 unterschieden;
2449 412 130 48 allein
2612 413 41 46 in
2683 411 168 48 diesem
2882 412 323 57 Reichlhume,
3236 414 41 47 in
3308 414 70 49 die-

1875 507 73 31 ser
1980 491 325 63 Vielseitigkeit
2334 491 137 47 sehen
2503 491 82 45 wir
2616 489 230 47 durchaus
2888 489 100 49 kein
3022 492 225 62 Unglück,
3288 494 114 47 noch

1878 569 201 63 weniger
2108 576 139 39 etwas
2282 567 380 53 Unschickliches,
2707 566 90 46 und
2841 567 151 48 finden
3036 585 46 30 es
3124 568 279 66 keineswegs

1878 644 273 65 begründet,
2193 644 58 49 ob
2282 644 119 55 dem,
2447 659 93 32 was
2584 644 79 46 der
2703 644 224 47 Franzose

1891 722 174 49 chesses
2075 729 155 47 nennt,
2260 720 84 47 den
2376 737 170 48 ganzen
2582 722 116 48 Hort
2726 720 248 49 verwerfen
3006 739 52 30 zu
3090 723 177 47 wollen.

1991 799 246 48 Jedenfalls
2268 799 105 47 darf
2408 799 69 47 die
2509 799 163 62 heilige
2703 798 239 48 Tonkunst
2973 798 197 49 dieselbe
3204 800 171 49 Berück-

1874 878 257 63 sichtigung
2161 877 42 47 in
2235 877 79 47 der
2345 875 167 49 Kirche
2545 875 199 56 fordern,
2790 877 171 47 welche
3009 877 70 47 die
3123 878 252 47 Schwester-

1878 955 160 47 künste
2068 971 82 30 von
2174 954 47 64 je
2253 954 80 47 her
2362 969 220 49 genossen
2615 953 166 54 haben,
2827 969 129 32 wenn
3002 954 122 47 nicht
3163 955 97 47 hier
3304 955 99 49 eine

1875 1032 380 64 durchgreifende
2291 1032 330 62 Veränderung
2664 1030 81 47 der
2787 1030 375 49 altkatholischen
3205 1034 198 47 Formen

1877 1109 230 48 bezweckt
2146 1108 183 48 werden
2372 1109 99 55 soll,
2515 1126 55 30 an
2606 1109 170 47 welche
2808 1109 81 46 wir
2928 1110 163 46 einmal
3124 1110 122 47 nicht
3274 1112 104 62 glau-

1879 1187 84 48 ben
1999 1187 177 48 können
2209 1187 88 45 und
2331 1187 177 48 wollen.

1991 1265 93 46 Der
2108 1264 174 64 Kampf
2305 1281 144 47 gegen
2481 1264 71 46 die
2578 1263 338 65 Berechtigung
2947 1263 80 47 der
3050 1264 206 56 Neuzeit,
3281 1268 93 43 wür-

1872 1341 102 65 dige
2027 1341 347 47 Kirchenmusik
2427 1341 309 55 aufzustellen,
2785 1341 108 64 ging
2938 1357 83 31 von
3068 1343 334 54 Protestanten,

1872 1420 106 62 ging
2010 1435 83 31 von
2124 1418 348 48 entschiedenen
2499 1420 315 46 Protestanten
2838 1434 98 41 aus,
2966 1419 89 47 und
3087 1435 121 31 zwar
3239 1418 135 49 beson-

1870 1496 102 47 ders
2002 1513 83 32 von
2118 1496 145 47 einem
2296 1498 181 53 Manne,
2517 1496 80 46 der
2637 1495 41 47 in
2719 1495 147 48 seiner
2899 1496 399 49 Fach-Laufbahn
3338 1498 64 47 als

1872 1574 400 63 Rechtsgelehrter
2301 1573 268 64 gegenüber
2595 1574 195 65 Savigny
2823 1574 75 47 für
2928 1574 84 47 den
3048 1574 142 47 Beruf
3215 1590 189 32 unserer

1869 1653 98 45 Zeit
1999 1653 40 45 in
2071 1650 612 48 rechtswissenschaftlichen
2724 1651 178 64 Dingen
2947 1651 182 49 auftrat.
3186 1651 74 47 Ich
3294 1651 108 49 rede

1873 1729 95 47 hier
2014 1745 81 32 von
2137 1729 100 47 dem
2274 1729 332 63 Heidelberger
2636 1728 220 55 Thibaut,
2899 1745 83 31 von
3021 1729 168 47 seinem
3225 1729 177 49 Werke

1882 1805 181 57 „Ueber
2107 1805 69 47 die
2222 1806 208 47 Reinheit
2474 1804 80 49 der
2942 1805 203 48 Thibaut
3191 1806 76 47 hat
3309 1806 92 49 sich

1870 1882 143 49 durch
2044 1882 144 49 dieses
2220 1884 146 47 Werk
2399 1899 155 47 grosse
2580 1882 267 49 Verdienste
2877 1884 261 57 erworben,
3170 1884 149 47 indem
3354 1900 48 32 er

1870 1960 71 48 die
1972 1961 314 64 vergrabenen
2317 1961 187 47 Schätze
2535 1960 80 47 der
2644 1961 183 64 vorigen
2857 1960 344 49 Jahrhunderte
3233 1961 169 48 wieder

1872 2039 200 48 bekannt
2105 2040 193 52 machte,
2329 2039 150 48 indem
2510 2056 49 30 er
2588 2039 62 47 sie
2681 2037 101 50 dem
2811 2040 240 56 Forscher,
3081 2039 102 48 dem
3211 2040 162 47 Gelehr-

1870 2124 92 47 ten,
1993 2116 101 48 dem
2128 2116 244 48 Nacheifer
2400 2116 270 48 strebender
2703 2117 230 55 Künstler,
2978 2117 80 47 der
3087 2119 315 63 Anschauung

1869 2194 80 47 der
1983 2194 342 47 Kunstfreunde
2355 2194 223 63 empfahl;
2609 2192 112 49 aber
2750 2194 82 47 der
2861 2210 155 47 grosse
3049 2195 184 46 Kenner
3263 2194 139 57 blieb,

1869 2288 93 30 was
1992 2271 93 47 ihm
2118 2271 121 47 nicht
2268 2289 51 29 zu
2350 2286 224 49 verargen
2603 2286 112 41 war,
2755 2271 202 64 einseitig
3003 2271 90 47 und
3136 2272 148 47 leitete
3321 2271 54 50 da-

1869 2350 144 47 durch
2056 2350 122 47 seine
2221 2347 310 65 unbedingten
2562 2347 263 50 Nachbeter
2856 2350 82 47 auf
2963 2349 222 64 Abwege.
3243 2350 62 48 Es
3349 2351 53 47 ist

1868 2427 272 56 sonderbar,
2170 2427 100 47 dass
2301 2426 68 48 ein
2404 2427 259 47 Protestant
2705 2427 42 47 in
2790 2427 169 47 seinem
2992 2429 252 63 Anpreisen
3277 2429 125 47 einer

1872 2505 285 47 bestimmten
2192 2504 190 48 Periode
2425 2505 82 47 der
2550 2504 310 48 katholischen
2891 2506 149 46 Kunst
3077 2506 183 47 solchen
3291 2506 83 47 Ein-

1870 2581 106 50 (luss
1999 2582 138 49 selbst
2161 2581 80 48 auf
2267 2581 279 48 katholische
2569 2581 223 48 Diöcesen
2816 2586 185 43 äussern
3027 2582 182 49 konnte.
3243 2582 158 50 Wenn

1870 2661 83 46 wir
1982 2660 276 57 annehmen,
2302 2658 100 49 dass
2442 2658 71 49 die
2543 2660 149 47 Kunst
2735 2660 41 47 in
2822 2658 80 49 der
2931 2660 169 48 Kirche
3129 2660 123 48 nicht
3283 2660 118 48 bloss

1869 2737 78 48 des
1973 2737 337 50 Herkommens
2334 2754 159 47 wegen
2526 2737 56 48 da
2611 2737 68 56 ist,
2711 2754 132 31 wenn
2870 2738 81 47 wir
2976 2740 291 52 unterstellen
3291 2738 81 49 dür-

1870 2815 88 54 fen,
1999 2815 100 48 dass
2142 2815 64 48 sie
2244 2815 81 48 auf
2361 2813 80 50 das
2472 2815 200 48 Gemüth
2717 2815 191 57 wirken,
2945 2832 77 31 zur
3055 2816 226 55 Andacht,
3321 2834 78 29 zur

1869 2893 255 63 Erhebung
2155 2893 211 46 stimmen
2397 2892 136 55 kann,
2578 2892 90 47 und
2700 2892 78 50 das
2810 2892 184 48 werden
3026 2893 116 49 doch
3175 2895 119 47 wohl
3327 2895 71 47 die

1870 2972 225 47 Berather
2124 2970 80 48 der
2237 2971 306 48 Bischofssitze
2574 2971 265 48 einräumen
2865 2972 181 56 wollen,
3076 2989 48 31 so
3149 2989 121 31 muss
3295 2990 104 30 man

1869 3048 81 49 der
1991 3048 213 65 heutigen
2237 3048 238 49 Tonkunst
2517 3048 294 66 vollständige
2849 3050 342 64 Gerechtigkeit
3236 3050 136 48 wider-

1870 3127 158 48 fahren
2058 3127 159 48 lassen.
2261 3127 117 48 Was
2410 3126 119 49 kann
2560 3126 194 48 nämlich
2787 3126 217 58 erheben,
3036 3127 243 65 andächtig
3309 3127 92 48 und

1870 3205 200 47 feierlich
2115 3205 244 47 stimmen?
2419 3206 109 54 Das,
2571 3220 93 32 was
2693 3205 268 47 verstanden
2994 3205 129 48 wird.
3181 3206 218 48 Unsere

1872 3283 278 64 heutigen
2195 3282 234 48 Meister
2471 3282 282 65 sprechen
2799 3282 136 48 aber
2978 3300 81 30 am
3105 3283 262 49 deutlich-

1868 3366 119 42 sten
2018 3377 58 29 zu
2108 3360 101 48 den
2242 3360 281 48 Gefühlen
2555 3360 96 48 der
2682 3361 373 63 Gegenwart,
3087 3377 70 31 wo
3180 3361 70 47 die
3280 3361 119 48 alten

1870 3437 182 48 Meister
2082 3455 87 30 nur
2199 3453 82 32 von
2315 3437 206 65 wenigen
2551 3437 296 48 vereinzelten
2882 3440 214 45 Kennern
3130 3438 268 49 verstanden

1869 3514 184 49 werden
2086 3514 197 49 können.

1986 3593 82 47 Die
2095 3592 279 48 Domkirche
2405 3608 83 31 von
2514 3592 117 48 Köln
2663 3592 53 47 ist
2745 3592 42 47 in
2819 3608 112 49 ganz
2956 3593 187 65 Europa
3168 3593 64 48 als
3256 3593 143 65 einzig

1866 3672 254 63 gepriesen,
2150 3672 62 47 sie
2242 3671 54 47 ist
2321 3671 75 47 für
2419 3669 85 49 den
2529 3671 403 64 Spitzbogen-Stil,
2961 3687 48 32 so
3035 3672 133 65 lange
3192 3671 207 49 derselbe

1868 3765 54 31 an
1955 3748 80 48 der
2066 3748 366 65 Tagesordnung
2465 3748 156 59 bleibt,
2663 3748 77 48 das
2771 3748 160 48 Urbild
2973 3749 212 49 höchster
3215 3749 157 49 Vollen-

1868 3826 137 63 dung.
2062 3827 97 47 Der
2187 3826 242 63 seitherige
2460 3826 133 64 Gang
2623 3826 80 47 der
2734 3826 148 47 Kunst
2910 3827 42 47 in
2984 3826 80 48 der
3095 3826 276 49 römisch-ka-

1865 3903 252 48 tholischen
2151 3903 168 48 Kirche
2357 3902 118 49 kann
2515 3903 169 48 freilich
2722 3902 168 49 diesem
2924 3904 313 49 Geschmacke
3270 3904 129 49 keine

2853 3958 15 16 4

1866 3982 147 65 ewige
2058 3983 158 47 Dauer
2255 3982 196 56 sichern,
2498 3982 114 48 aber
2654 3982 115 48 noch
2811 3983 79 64 gilt
2932 3983 62 47 sie
3039 3984 274 64 wenigstens
3355 3983 42 47 in

1870 4059 308 49 Deutschland
2209 4059 63 49 als
2297 4058 268 50 Musterbild
2593 4059 75 47 für
2692 4059 149 58 vieles,
2871 4076 131 32 wenn
3034 4061 123 48 nicht
3187 4061 75 47 für
3293 4059 106 50 alles
