2705 4249
1102 484 75 38 LA
1209 479 375 48 CHRONIQUE
1616 477 311 41 MUSICALE

648 486 54 44 68

704 632 117 39 Dans
843 632 120 38 l'acte
985 630 48 38 de
1057 628 27 40 V
1088 627 86 40 Air
1199 639 10 27 :

717 715 137 35 Junon
991 740 7 7 .
1175 710 68 43 (M
1245 709 36 22 lle
1295 708 196 47 Antier)..
1533 737 7 8 .
1574 707 52 36 M
1626 713 42 16 me
1690 706 46 37 de
1756 707 193 35 Brancas.

722 781 88 35 Une
844 778 134 35 Heure
1577 774 51 35 M
1628 780 42 15 me
1689 773 47 36 de
1755 771 219 38 Marchais.

721 844 112 36 Ixion
1178 847 10 41 (
1197 841 247 45 Thévenard)
1464 869 77 9 ....
1576 841 61 35 M.
1661 839 46 36 de
1729 840 38 35 la
1787 838 123 38 Salle.

719 910 185 35 Mercure
1179 908 12 47 (
1200 908 179 44 Tribou).
1577 907 55 35 Le
1653 905 162 36 vicomte
1837 905 47 35 de
1903 903 153 37 Rohan.

715 976 156 47 Jupiter
1173 982 10 38 (
1190 975 185 43 Chassé).
1576 971 142 37 Benoît
1722 1001 6 14 ,
1754 971 102 36 delà
1885 969 199 47 musique.

703 1078 117 39 Dans
844 1078 225 39 Philémon
1092 1084 39 33 et
1151 1077 164 39 Bancis
1339 1093 10 23 :

720 1162 144 37 Baucis
1174 1162 63 42 (M
1240 1162 35 21 lle
1298 1160 243 44 Péîissïer)..
1574 1160 51 35 M
1627 1165 41 16 me
1691 1159 46 35 de
1757 1157 266 49 Pompaionr.

717 1228 156 47 Jupiter
1175 1230 11 42 (
1192 1227 163 45 Chassé)
1577 1225 55 37 Le
1653 1224 74 36 duc
1746 1223 169 48 dAyen.

720 1294 209 35 Philémon
1177 1296 14 40 (,
1192 1292 187 48 Jélyotte)
1578 1291 56 34 Le
1652 1289 162 37 vicomte
1835 1288 47 35 de
1902 1288 152 35 Rohan.

720 1361 184 35 Mercure
1085 1389 6 8 0
1108 1390 7 8 .
1134 1389 5 8 .
1175 1359 8 47 (
1195 1359 158 43 Tribou)
1575 1356 56 36 Le
1652 1355 194 37 chevalier
1870 1354 47 36 de
1941 1354 215 36 Clermont.

701 1493 120 40 Cette
843 1492 332 54 représentation
1200 1505 52 26 ne
1274 1491 66 40 fut
1359 1505 72 39 pas
1451 1491 186 39 honorée
1658 1489 50 39 de
1728 1488 39 40 la
1788 1489 197 53 présence
2006 1487 58 39 du
2090 1483 208 55 Dauphin
2329 1484 45 39 ni

645 1564 51 40 de
718 1565 240 39 Mesdames
979 1579 7 25 :
1011 1564 51 39 ils
1095 1564 157 39 étaient
1273 1576 52 27 en
1350 1563 168 40 retraite
1541 1569 41 32 et
1602 1561 169 40 avaient
1798 1559 132 40 choisi
1959 1571 44 26 ce
2024 1558 97 53 jour
2143 1570 108 40 pour
2273 1555 102 40 faire

646 1636 93 40 leur
760 1636 236 41 dévotions.
1020 1636 59 39 La
1096 1635 229 53 Dauphine
1343 1633 165 53 gardait
1529 1633 38 40 la
1590 1633 217 49 chambre,
1832 1644 56 26 on
1904 1630 112 40 avait
2032 1629 71 40 des
2127 1629 244 52 espérances

647 1708 50 39 de
732 1721 206 39 grossesse
976 1707 77 53 qui
1091 1706 341 56 commençaient
1466 1709 22 36 à
1519 1705 117 39 avoir
1669 1703 185 53 quelque
1882 1702 249 40 fondement
2145 1716 9 33 ;
2183 1700 117 39 enfin
2333 1698 42 40 la

648 1780 116 38 reine
798 1779 103 39 était
937 1779 237 39 descendue
1206 1779 100 38 chez
1340 1779 39 38 la
1412 1777 249 53 Dauphine,
1696 1780 55 35 où
1780 1775 77 39 elle
1884 1773 113 40 avait
2019 1772 96 53 joué
2158 1785 54 25 au
2249 1783 101 27 cava-

650 1851 141 52 gnole.
818 1851 113 49 Quoi
952 1850 107 54 qu'il
1080 1863 52 27 en
1153 1850 79 51 fût,
1256 1863 45 26 ce
1329 1848 203 54 spectacle
1552 1856 126 45 parut
1710 1848 226 50 beaucoup
1959 1845 95 53 plus
2075 1843 193 54 agréable
2291 1855 84 40 que

650 1922 110 40 celui
786 1922 49 39 de
866 1923 225 39 Tancrède
1098 1954 8 7 .
1136 1922 59 39 La
1228 1922 141 39 raison
1399 1935 52 25 en
1480 1928 60 33 est
1572 1919 151 54 simple
1747 1933 8 26 :
1780 1919 36 39 le
1841 1917 107 54 sujet
1969 1916 101 40 était
2093 1915 141 41 moins
2253 1914 120 40 triste

651 2002 40 32 et
711 1993 182 40 finissait
912 2007 74 39 par
1007 1994 71 38 des
1095 1993 164 39 danses.

704 2065 83 39 Dès
807 2065 37 39 le
865 2065 243 39 lendemain
1131 2065 50 38 de
1198 2073 107 31 cette
1321 2064 348 54 représentation,
1692 2075 55 26 on
1771 2074 40 26 se
1832 2062 76 38 mit
1931 2064 22 35 à
1968 2058 154 40 défaire
2140 2058 38 39 le
2188 2057 181 50 théâtre,

648 2137 86 40 afin
757 2150 83 40 que
861 2138 37 39 le
919 2137 134 52 grand
1090 2136 172 39 escalier
1286 2136 63 39 fût
1371 2137 279 38 entièrement
1677 2134 104 39 libre
1816 2146 108 40 pour
1946 2133 56 38 les
2024 2129 258 41 cérémonies
2307 2130 60 38 du

645 2209 94 53 jour
759 2209 51 39 de
830 2209 101 41 l'an.
967 2208 79 40 Cet
1079 2222 187 38 ouvrage
1295 2222 41 25 se
1357 2207 47 40 fit
1426 2210 83 37 très
1542 2207 175 48 vite;en
1740 2205 139 40 moins
1902 2205 49 38 de
1971 2202 200 41 dix-huit
2192 2201 171 53 heures,

647 2289 95 32 tout
762 2281 115 39 avait
899 2280 190 53 disparu.
1126 2279 422 40 Malheureusement
1569 2278 87 40 cela
1681 2278 161 39 n'avait
1865 2290 73 38 pas
1955 2275 169 39 marché
2140 2287 96 25 sans
2256 2272 91 40 acci-

644 2354 100 40 dent
768 2369 7 23 :
805 2353 108 40 deux
946 2352 193 40 ouvriers
1174 2354 143 38 furent
1339 2352 166 49 blessés,
1534 2360 39 31 et
1614 2364 60 26 un
1698 2358 121 31 autre
1854 2347 281 40 malheureux
2155 2345 93 53 qui,
2272 2358 97 26 sans

647 2427 86 38 être
763 2424 209 54 employé,
997 2424 101 39 était
1132 2425 146 39 monté
1307 2437 49 25 en
1386 2423 108 39 haut
1521 2436 74 39 par
1618 2420 216 49 curiosité,
1860 2432 41 27 se
1923 2428 74 31 tua
2032 2417 113 40 raide
2179 2429 50 26 en
2260 2424 84 31 tom-

648 2499 105 39 bant
790 2497 104 39 dans
914 2497 218 39 l'escalier.

707 2570 88 39 Peu
831 2568 225 54 importait
1087 2568 233 39 d'ailleurs.
1353 2567 60 39 La
1447 2565 218 54 marquise
1703 2564 114 40 avait
1850 2564 261 53 pleinement
2145 2561 232 55 reconquis

649 2643 38 39 la
708 2643 147 39 faveur
883 2641 157 52 royale,
1073 2654 54 25 au
1151 2639 135 53 grand
1308 2638 203 54 déplaisir
1537 2639 57 39 du
1630 2637 192 53 marquis
1847 2636 272 52 d'Argenson
2154 2635 75 52 qui
2251 2634 124 39 laisse

649 2728 143 41 percer
825 2727 43 26 sa
900 2713 221 40 mauvaise
1150 2713 188 38 humeur
1366 2711 104 40 dans
1500 2711 40 39 la
1576 2718 100 31 note
1707 2709 197 39 suivante
1929 2721 8 27 :
1977 2724 17 22 «
2028 2707 57 39 Le
2121 2708 79 49 roi,
2241 2707 135 53 qu'on

648 2787 129 39 disait
797 2787 61 38 las
878 2786 51 39 de
950 2799 43 25 sa
1015 2785 167 39 sultane
1203 2783 188 50 favorite,
1419 2782 39 40 la
1480 2782 219 52 marquise
1728 2782 50 38 de
1802 2780 291 54 Pompadour,
2117 2793 51 26 en
2193 2787 62 32 est
2277 2780 98 51 plus

647 2858 123 39 affolé
791 2871 83 39 que
894 2857 165 53 jamais.
1087 2855 92 40 Elle
1197 2869 22 25 a
1251 2855 34 38 si
1307 2854 97 39 bien
1427 2854 168 47 chanté,
1618 2854 33 38 si
1675 2853 99 39 bien
1789 2852 97 53 joué
1908 2865 84 25 aux
2013 2851 191 39 derniers
2228 2850 148 41 ballets

647 2932 51 38 de
719 2930 245 52 Versailles,
982 2942 84 40 que
1084 2928 52 40 Sa
1164 2926 178 54 Majesté
1363 2926 62 40 lui
1448 2939 52 26 en
1525 2939 23 26 a
1568 2926 141 39 donné
1730 2925 72 39 des
1821 2925 209 52 louanges
2049 2924 249 53 publiques,
2320 2932 55 40 et,

647 3002 40 39 la
708 3013 212 28 caressant
953 3001 158 40 devant
1141 3007 96 33 tout
1268 3000 38 38 le
1337 2998 173 42 monde,
1545 2996 63 41 lui
1631 3010 22 26 a
1674 2996 64 40 dit
1759 2996 152 53 qu'elle
1940 2995 100 40 était
2074 2996 41 38 la
2145 2996 97 53 plus
2261 2996 94 39 char-

648 3082 143 32 mante
814 3073 153 40 femme
990 3073 105 51 qu'il
1119 3086 27 39 y
1171 3074 73 37 eût
1265 3085 51 26 en
1341 3071 176 40 France.
1543 3085 20 22 »
1597 3069 181 40 Comme
1804 3074 106 33 cette
1942 3068 171 52 galante
2133 3068 143 53 parole
2298 3067 80 40 dut

649 3146 139 40 flatter
808 3146 317 52 agréablement
1145 3143 194 53 l'orgueil
1361 3143 48 39 de
1430 3143 39 39 la
1493 3141 200 40 favorite!

701 3220 71 37 Au
795 3225 370 32 commencement
1186 3217 49 38 de
1257 3216 164 39 l'année
1458 3227 123 42 1749,
1607 3226 86 26 une
1714 3213 95 39 vive
1833 3212 186 54 querelle
2041 3212 131 40 éclata
2195 3221 118 31 entre
2335 3212 38 40 le

647 3290 84 40 duc
746 3290 50 39 de
820 3289 224 40 Richelieu
1067 3297 40 31 et
1127 3289 39 39 la
1187 3288 232 53 marquise,
1443 3290 23 35 à
1488 3299 152 40 propos
1661 3287 58 38 du
1733 3285 163 40 théâtre
1915 3285 70 39 des
2007 3285 126 53 petits
2166 3284 206 39 cabinets.

649 3361 57 41 Ce
729 3362 162 39 théâtre
911 3361 227 51 construit,
1157 3374 166 27 comme
1345 3374 55 25 on
1419 3356 94 54 sait,
1536 3372 72 26 sur
1629 3358 201 40 l'escalier
1853 3358 70 39 des
1939 3356 339 51 ambassadeurs,
2302 3356 54 39 fai-

650 3434 81 40 sait
764 3434 134 53 partie
929 3434 71 39 des
1035 3434 155 51 grands
1212 3439 336 47 appartements;
1580 3431 57 39 les
1664 3429 204 54 premiers
1898 3428 352 55 gentilshommes
2267 3429 51 39 de
2336 3428 41 40 la
