2705 4249
584 486 56 44 88

1035 493 75 40 LA
1142 494 378 53 CHRONIQUE
1554 500 311 42 MUSICALE

589 633 204 54 Romani,
811 636 106 39 dans
940 650 43 25 sa
1009 637 296 55 Chronologie
1318 640 54 40 de
1398 642 42 39 la
1463 644 155 52 Scala,
1644 658 52 27 ne
1719 659 111 28 nous
1852 647 63 40 dit
1941 662 73 39 pas
2033 649 100 53 quel
2155 651 159 40 accueil

588 705 28 40 il
650 715 119 48 reçut
788 722 9 31 ;
821 720 44 26 ce
886 708 76 52 qui
985 715 61 32 est
1067 717 215 45 constant,
1320 726 21 26 c
1358 721 62 32 est
1450 715 133 53 qu'on
1607 731 52 26 ne
1695 718 63 41 lui
1787 732 52 27 en
1860 721 255 40 commanda
2148 736 74 39 pas
2251 737 61 26 un

587 778 167 39 second.
784 778 35 40 Il
841 792 22 26 a
885 781 200 51 composé
1122 781 150 54 depuis
1297 799 8 24 :
1336 785 229 43 Eleonora
1596 789 46 40 di
1662 791 357 56 San-Bonifa^io
2028 826 8 20 ,
2070 793 97 53 joué
2184 799 23 35 à
2229 793 54 41 Vé-

586 862 102 27 rone
710 863 50 25 en
789 850 104 53 1842
904 883 7 20 ,
925 851 214 55 Mignoni
1160 867 21 27 e
1193 856 198 55 Fanfan,
1416 863 22 35 à
1458 860 203 42 Florence
1683 877 53 26 en
1759 865 124 54 1844,
1907 866 74 40 Gli
1998 866 146 40 ultimi
2160 867 154 53 giorni

583 922 48 40 di
652 922 101 39 Suli
774 931 39 31 et
833 923 136 41 Ester
984 926 28 39 d
1027 926 228 55 Engaddi,
1280 935 22 36 à
1322 930 357 56 POpéra-Italien
1710 937 221 52 d'Odessa,
1955 952 53 26 en
2033 940 124 52 1845,
2180 940 133 53 enfin,

586 995 40 38 Ici
648 994 225 41 Duchessa
893 996 46 40 di
962 998 331 44 San-Giuliano
1301 1034 9 20 ,
1332 1018 56 26 au
1411 1006 370 43 Théâtre-Italien
1804 1010 50 39 de
1879 1011 132 47 Paris,,
2038 1012 30 39 il
2091 1026 28 40 y
2148 1026 23 25 a
2194 1013 96 53 quel-

583 1079 104 40 ques
710 1068 168 40 années.
904 1068 79 41 Ces
1003 1070 140 42 divers
1162 1075 145 51 opéras
1329 1084 76 31 ont
1427 1077 64 40 été
1506 1092 116 27 aussi
1639 1079 259 44 froidement
1919 1083 215 41 accueillis
2150 1098 52 26 en
2228 1084 63 40 Ita-

583 1138 55 40 lie
659 1152 84 40 que
760 1153 75 27 sur
856 1140 57 40 les
929 1141 125 40 bords
1075 1143 52 40 de
1148 1144 40 40 la
1211 1157 88 28 mer
1320 1146 150 42 Noire.

638 1211 62 42 M.
720 1211 221 54 Graffigna
959 1223 196 45 rapporte
1178 1217 26 38 d
1223 1217 161 42 Odessa
1404 1224 57 36 où
1484 1220 30 41 il
1532 1235 22 26 a
1578 1223 65 40 été
1662 1223 245 56 longtemps
1930 1227 98 40 chef
2045 1227 268 54 d'orchestre,

578 1281 41 40 la
638 1282 167 41 funeste
826 1285 141 40 manie
999 1286 50 40 de
1071 1287 169 54 frapper
1260 1289 58 42 du
1344 1292 130 41 bâton
1491 1293 38 41 le
1549 1295 184 53 premier
1755 1304 138 48 temps
1915 1298 50 41 de
1986 1300 42 40 la
2050 1312 168 29 mesure
2241 1315 73 26 sur

579 1355 38 40 le
638 1355 91 41 bois
753 1355 51 41 de
824 1371 75 26 son
922 1359 170 53 pupitre
1112 1373 8 29 :
1145 1361 36 40 le
1202 1363 176 54 pupitre
1400 1364 179 43 sollicité
1603 1381 78 40 par
1701 1381 44 27 ce
1773 1383 128 41 coup,
1922 1385 28 40 y
1971 1373 163 52 répond
2154 1387 76 40 par
2252 1387 60 27 un

580 1427 121 41 bruit
733 1442 64 26 sec
819 1437 39 32 et
878 1430 79 41 dru
983 1445 167 29 comme
1171 1448 62 26 un
1259 1435 104 41 éclat
1377 1436 51 41 de
1450 1446 297 47 castagnettes.
1772 1442 124 41 Cette
1919 1446 306 39 accentuation
2242 1460 47 26 so-

581 1512 102 28 nore
704 1500 50 40 de
773 1501 41 40 la
835 1515 169 28 mesure
1026 1514 101 43 peut
1149 1507 133 52 plaire
1303 1511 22 36 à
1345 1508 71 40 des
1432 1510 227 42 souffleurs
1680 1515 241 53 espagnols,
1943 1516 110 41 mais
2073 1517 79 40 elle
2174 1526 61 32 est
2262 1519 52 39 de

583 1572 79 39 nul
683 1572 95 41 effet
799 1587 72 27 sur
890 1575 58 40 les
968 1576 203 42 choristes
1192 1579 50 39 de
1263 1580 222 42 l'Athénée
1506 1584 75 53 qui
1604 1592 76 33 ont
1701 1586 131 54 fugué
1849 1592 21 36 à
1893 1589 76 53 qui
1992 1589 148 40 mieux
2163 1591 149 39 mieux

583 1642 114 42 leurs
719 1646 157 52 parties
904 1648 105 40 dans
1031 1649 256 42 l'exécution
1321 1653 50 39 de
1400 1655 153 41 Lucia.
1578 1656 322 44 Mademoiselle
1926 1663 130 38 Anna
2082 1661 169 54 Rienzi,
2275 1663 39 39 la

582 1717 145 51 prima
749 1718 142 40 donna
924 1721 321 42 assolutissima
1252 1756 9 20 ,
1294 1728 183 52 engagée
1515 1742 75 39 par
1611 1729 61 42 M.
1698 1729 222 56 Graffigna
1941 1747 111 40 pour
2073 1735 38 39 le
2140 1736 86 39 rôle
2264 1736 50 39 de

583 1788 154 49 Lucia,
761 1799 62 31 est
850 1792 188 52 anglaise
1063 1827 7 7 .
1092 1807 76 27 son
1204 1809 184 40 soprano
1409 1812 22 26 a
1454 1799 98 52 plus
1581 1801 185 42 d'acuité
1789 1817 83 40 que
1893 1805 296 54 d'expansion,
2214 1809 100 54 plus

581 1861 27 39 d
626 1861 300 54 homogénéité
963 1863 146 43 factice
1149 1881 83 40 que
1254 1869 49 40 de
1326 1870 212 42 franchise
1572 1875 226 40 naturelle.
1825 1877 93 40 Elle
1952 1888 62 32 est
2047 1893 150 28 encore
2219 1890 95 46 trop

581 1933 30 40 fi
622 1933 239 43 aichement
884 1938 201 40 emoulue
1107 1939 51 40 de
1187 1941 13 39 1
1218 1942 112 39 ecole
1351 1957 112 39 pour
1483 1944 248 43 dissimuler
1755 1949 58 39 les
1833 1949 167 42 défauts
2027 1952 51 40 de
2093 1967 43 26 sa
2154 1955 136 40 vocali-

581 2013 158 45 sation,
763 2008 110 40 mais
912 2009 79 40 elle
1026 2024 22 25 a
1083 2011 58 40 du
1171 2013 109 52 style
1309 2028 85 26 une
1428 2017 187 41 certaine
1654 2019 213 43 intuition
1896 2024 77 53 qui
2007 2025 42 40 la
2081 2028 104 38 rend
2207 2041 78 41 sup-

580 2079 213 52 portable.
829 2081 60 39 La
923 2081 162 42 charité
1124 2084 247 42 chrétienne
1404 2089 241 41 m'interdit
1677 2091 327 55 l'appréciation
2031 2097 58 39 du
2129 2098 182 54 baryton

581 2150 194 51 Rinaldi,
799 2153 77 51 qui
897 2167 21 25 a
951 2164 206 42 pourtant
1186 2159 207 52 quelques
1423 2161 161 40 bonnes
1611 2164 200 54 qualités,
1841 2167 58 39 du
1928 2176 121 33 ténor
2082 2178 40 32 et
2143 2180 171 33 surtout

581 2223 51 40 de
652 2224 40 40 la
715 2225 116 39 basse
854 2228 73 51 qui
951 2241 23 26 a
995 2229 63 39 été
1081 2243 95 27 sans
1192 2244 226 42 vergogne.

636 2294 74 41 On
730 2310 22 26 a
775 2297 74 40 fait
869 2300 136 50 grand
1041 2308 149 47 tapage
1211 2303 316 44 dernièrement
1548 2309 51 38 de
1618 2309 223 43 l'incident
1861 2313 49 40 de
1933 2312 271 58 YOrénoque
2212 2350 8 18 ,
2247 2331 61 26 un

583 2381 147 29 navne
752 2370 198 54 français,
973 2372 105 41 dont
1099 2375 39 39 la
1162 2383 157 33 station
1341 2378 105 40 dans
1480 2379 58 40 les
1571 2394 108 27 eaux
1710 2383 49 39 de
1795 2383 346 46 Givita-Vecchia
2164 2397 59 32 est
2245 2404 45 26 re-

579 2441 150 52 gardée
748 2455 75 40 par
842 2444 182 40 certains
1041 2446 231 55 politiques
1294 2449 322 57 d'outre-mont,
1635 2469 167 28 comme
1818 2471 83 27 une
1918 2458 161 42 insulte
2091 2465 23 35 à
2136 2462 173 42 l'ltalie.

580 2514 84 40 Par
694 2515 57 39 les
777 2516 111 40 deux
927 2530 57 27 ou
1023 2519 104 40 trois
1166 2523 365 51 représentations
1570 2526 50 40 de
1658 2530 141 40 Lucia
1837 2531 47 39 di
1920 2532 332 43 Lamnzervnoor
2288 2540 23 35 à

576 2586 12 40 1
605 2587 212 54 Athénée,
837 2588 38 41 la
897 2591 134 51 patrie
1052 2591 60 41 du
1136 2602 182 32 maestro
1341 2595 223 56 Graffigna
1586 2607 62 32 est
1667 2603 175 49 vengée.

1417 2705 304 44 ARTHUR
1774 2709 419 45 HEULHARD.
