2705 4249
529 1941 117 74 LA
720 1938 493 89 MUSIQUE
1286 1938 122 72 EN
1487 1921 325 89 SUÈDE

354 2116 78 40 EN
471 2115 282 53 ISLANDE,
789 2115 78 41 EN
903 2104 316 53 NORWÈGE
1251 2114 79 39 ET
1363 2112 157 42 DANS
1551 2112 74 41 LE
1658 2112 355 42 DANEMARK

632 2454 339 53 HISTOIRE
1018 2455 89 42 ET
1163 2454 563 53 MONOGRAHIE

1177 2585 15 40 I

968 2711 136 26 ADAME
1126 2696 50 41 de
1198 2696 113 40 Staël
1327 2695 54 41 l'a
1403 2695 64 40 dit
1489 2710 8 25 :
1516 2712 18 19 «
1556 2695 60 40 La
1636 2695 166 40 France
1817 2703 61 33 est
1896 2704 130 32 entou-

967 2771 67 39 rée
1067 2770 106 40 d'un
1197 2784 98 26 mur
1326 2768 168 41 chinois
1521 2775 145 33 contre
1686 2768 141 53 lequel
1861 2769 58 39 les
1941 2768 113 40 idées

968 2856 41 26 se
1042 2842 204 41 heurtent
1278 2855 98 27 sans
1412 2840 186 55 pouvoir
1627 2840 37 39 le
1695 2840 206 41 franchir.
1939 2857 18 20 »
1995 2839 59 41 Ce

968 2928 117 40 mur,
1113 2918 84 36 très
1231 2914 108 40 haut
1368 2914 136 39 dressé
1530 2922 40 31 et
1599 2912 236 40 tout-à-fait
1866 2913 162 53 inexpu-

966 2987 154 53 gnable
1149 2988 58 38 du
1241 2995 138 45 temps
1411 2986 50 39 de
1501 2985 197 40 madame
1734 2985 50 39 de
1820 2985 130 51 Staël,
1987 2985 69 40 n'a

968 3060 122 54 point
1106 3074 151 26 encore
1283 3060 64 39 été
1364 3059 83 40 mis
1464 3060 87 49 bas,
1572 3065 40 34 et
1626 3059 193 53 lorsqu'il
1836 3061 62 44 s'y
1913 3072 146 27 creuse

968 3133 187 54 quelque
1183 3132 180 50 lézarde,
1389 3133 87 39 vite
1504 3131 59 40 les
1590 3131 206 58 Français
1826 3132 233 54 replâtrent

967 3208 39 40 la
1029 3208 164 51 trouée,
1215 3220 110 40 pour
1341 3219 83 40 que
1446 3205 195 40 hommes
1655 3213 40 32 et
1711 3205 148 40 choses
1875 3205 150 41 demeu-

968 3290 95 31 rent
1083 3281 101 40 hors
1203 3281 51 39 de
1275 3279 40 40 la
1333 3278 217 42 frontière.
1571 3278 180 53 Parfois,
1770 3278 60 41 les
1852 3279 127 51 idées,
2000 3279 58 39 les

312 3356 274 50 sentiments,
622 3353 59 41 les
711 3362 102 41 arts,
851 3353 258 41 semblables
1140 3367 86 27 aux
1261 3353 192 50 oiseaux,
1488 3360 216 46 prennent
1733 3352 94 40 leur
1856 3351 95 40 élan
1981 3365 76 41 par

312 3424 148 40 dessus
481 3422 38 41 le
539 3427 205 47 rempart.
777 3419 56 42 Ils
854 3427 278 35 rencontrent
1153 3420 109 41 alors
1285 3419 72 41 des
1377 3419 221 40 chasseurs
1622 3419 106 40 bons
1750 3418 203 55 patriotes
1979 3418 78 53 qui

559 3492 98 44 111.

1865 3505 30 40 4
