2705 4249
590 454 306 52 THÉÂTRE
932 466 79 40 DE
1044 464 270 42 MADAME
1349 462 78 42 DE
1462 459 399 44 POMPADOUR

2050 458 54 56 75

415 611 107 41 Puis
548 612 147 40 venait
726 612 119 41 l'acte
865 612 71 40 des
967 612 271 40 Saturnales
1244 644 10 20 ,
1296 611 71 40 des
1397 609 131 42 Fêtes
1549 619 218 44 grecques
1802 613 40 33 et
1867 604 238 50 romaines,

352 685 156 54 l'opéra
528 686 50 39 de
602 684 193 41 Fuselier
818 693 39 32 et
892 685 129 40 Colin
1043 684 51 40 de
1131 684 219 50 Blamont,
1374 683 105 40 dont
1506 696 56 26 on
1594 680 115 41 avait
1747 678 90 54 déjà
1869 678 237 55 représenté

353 772 61 28 un
442 766 90 33 acte
554 758 166 40 Tannée
749 758 251 54 précédente
1026 771 6 26 :

523 861 112 38 Délie
934 861 66 46 (M
1002 860 36 22 lle
1056 859 224 43 Antier)...
1301 888 6 6 .
1341 858 52 35 M
1394 864 41 16 me
1456 858 47 35 de
1523 859 193 35 Brancas.

524 929 186 37 Plautine
866 957 32 9 ..
935 929 65 46 (M
1004 928 35 22 llc
1063 927 242 44 Souris)....
1341 925 52 37 M
1393 931 42 17 me
1457 925 46 36 de
1529 925 221 38 Marchais.

522 997 184 36 Tibulle,
933 995 250 49 (Murayre).
1204 991 2 53 .
1225 1021 80 9 ....
1346 992 51 37 Le
1418 992 198 36 chevalier
1646 992 47 36 de
1723 991 222 37 Clermont.

352 1109 40 32 et
420 1101 116 40 enfin
554 1101 145 53 Zélie,
728 1101 165 54 paroles
915 1100 50 40 de
987 1100 135 53 Gury,
1147 1098 229 41 intendant
1400 1097 71 40 des
1505 1097 175 48 Menus,
1703 1095 202 53 musique
1932 1094 51 40 de
2008 1094 74 39 Fer-

351 1188 41 26 ra
402 1175 70 49 nd,
500 1176 36 39 le
558 1174 273 41 claveciniste
852 1173 145 43 attitré
1019 1172 58 42 du
1103 1173 165 40 théâtre
1287 1171 51 40 de
1357 1171 198 40 madame
1575 1169 49 41 de
1644 1167 294 56 Pompadour.

619 1284 122 48 Zélie,
776 1283 179 49 nymphe
978 1283 47 36 de
1047 1282 127 36 Diane
1348 1282 53 35 M
1402 1287 42 16 me
1465 1281 47 36 de
1532 1279 270 50 Pompadour.

622 1351 204 36 L'Amour
1348 1345 53 39 M
1402 1353 42 17 me
1466 1347 47 36 de
1533 1345 222 38 Marchais.

625 1418 219 47 Lymphée,
876 1416 172 49 Sylvain.
1352 1414 60 37 M.
1439 1414 35 35 le
1495 1413 71 36 duc
1591 1412 172 49 d'Ayen.

414 1522 61 40 M.
501 1522 50 39 de
574 1520 326 53 Courtenvaux,
925 1520 75 54 qui
1035 1520 142 40 devait
1210 1519 152 40 danser
1389 1518 106 40 dans
1536 1517 57 40 les
1616 1516 105 41 trois
1743 1524 126 43 actes,
1894 1528 51 27 ne
1968 1515 37 40 le
2023 1523 83 46 put

350 1609 73 40 pas
447 1600 21 35 à
503 1608 124 26 cause
649 1594 105 39 d'un
778 1593 120 41 effort
920 1592 106 55 qu'il
1048 1592 137 41 s'était
1205 1592 143 40 donné
1370 1591 38 41 la
1440 1590 122 40 veille
1601 1593 22 37 à
1644 1590 38 40 la
1704 1588 243 54 répétition.
1975 1588 34 40 Il
2033 1588 72 54 n'y

352 1677 74 31 eut
451 1682 83 40 que
571 1669 61 39 M.
675 1668 51 40 de
761 1666 227 55 Langeron
1021 1666 74 53 qui
1129 1666 148 51 dansa,
1301 1673 40 32 et
1374 1665 30 39 il
1426 1672 216 46 remporta
1672 1677 63 26 un
1757 1661 135 54 grand
1928 1662 144 39 succès
2095 1692 8 20 ,

353 1741 111 42 ainsi
499 1755 84 40 que
619 1741 56 40 les
711 1741 167 42 enfants
912 1741 60 39 du
995 1754 121 40 corps
1139 1740 50 40 de
1232 1739 142 41 ballet.
1401 1740 78 39 Les
1501 1738 151 40 danses
1674 1736 50 40 de
1750 1736 184 40 Dehesse
1957 1735 145 40 furent

355 1815 199 41 trouvées
595 1814 272 40 charmantes
889 1822 41 31 et
964 1813 106 40 d'un
1091 1815 106 51 goût
1220 1825 199 27 nouveau
1440 1824 8 29 :
1475 1809 105 53 bref,
1604 1823 44 26 ce
1670 1809 65 40 fut
1758 1822 86 27 une
1876 1808 133 40 soirée
2030 1807 70 41 des

358 1888 97 53 plus
479 1888 227 53 agréables.
738 1888 3 53 .

412 1961 133 40 Aussi
566 1974 41 27 se
628 1961 219 40 hâta-t-on
868 1961 51 38 de
939 1959 164 54 rejouer
1122 1959 59 40 les
1203 1960 160 39 mêmes
1385 1957 235 54 fragments
1642 1965 154 44 quatre
1818 1955 115 54 jours
1956 1955 116 53 après
2091 1987 10 19 ,

355 2035 38 39 le
414 2034 125 40 lundi
563 2047 110 40 gras,
705 2048 48 38 17
792 2033 151 40 février
968 2048 8 24 :
1000 2033 58 39 les
1080 2040 166 32 acteurs
1279 2032 157 40 étaient
1470 2032 59 38 les
1559 2030 177 51 mêmes,
1773 2028 98 40 sauf
1896 2028 61 41 M.
1983 2028 51 39 de
2064 2027 38 40 la

352 2107 125 52 Salle,
505 2107 76 54 qui
604 2108 213 56 remplaça
852 2119 100 28 avec
987 2114 207 45 avantage
1218 2107 36 38 le
1275 2105 84 40 duc
1380 2105 171 54 d'Ayen
1572 2103 105 40 dans
1699 2103 37 40 le
1757 2101 85 42 rôle
1876 2102 50 40 de
1962 2102 102 54 Lym-

355 2183 120 52 phée.

411 2256 59 39 Le
491 2255 262 50 lendemain,
779 2254 138 41 mardi
950 2268 109 41 gras,
1084 2267 57 27 on
1163 2253 146 40 donna
1331 2251 39 40 la
1392 2251 224 41 deuxième
1651 2249 338 56 représentation
2029 2248 72 40 des

350 2329 194 40 Amours
570 2328 54 40 de
647 2328 220 54 Ragonde
875 2360 7 18 ,
907 2329 168 39 montés
1097 2340 168 26 comme
1286 2339 53 26 au
1361 2324 186 55 premier
1565 2325 95 52 jour
1680 2324 72 56 (27
1773 2322 150 41 février
1952 2322 144 56 1748).

349 2418 20 20 a
405 2401 62 40 M.
487 2400 51 40 de
559 2400 208 40 Sourches
793 2399 48 40 fit
866 2401 221 52 Ragonde,
1114 2399 106 40 écrit
1238 2399 51 39 de
1324 2399 190 52 Luynes.
1545 2397 34 40 Il
1601 2397 114 40 avait
1733 2395 92 55 déjà
1853 2397 175 39 exécuté
2049 2408 45 26 ce

348 2475 87 40 rôle
456 2488 100 26 avec
577 2474 434 54 applaudissements,
1035 2472 215 55 quoiqu'il
1274 2472 58 40 ait
1354 2485 85 27 une
1462 2471 95 40 voix
1580 2470 80 42 fort
1688 2484 81 40 peu
1810 2476 287 46 avantageuse

348 2556 41 33 et
411 2561 83 41 peu
517 2547 211 53 agréable,
756 2546 107 41 mais
885 2547 99 40 c'est
1017 2560 116 26 assez
1155 2559 45 26 ce
1237 2545 77 54 qui
1338 2545 205 40 convient
1564 2557 53 27 au
1642 2556 264 41 personnage
1937 2542 51 40 de
2012 2542 58 40 Ra-

349 2623 154 52 gonde.
529 2637 21 23 )>
591 2621 58 40 Le
672 2622 206 54 spectacle
900 2636 41 26 se
962 2621 186 41 termina
1173 2634 74 40 par
1267 2633 85 27 une
1382 2619 267 55 pantomime
1673 2619 223 54 composée
1917 2626 39 31 et
1973 2617 124 54 jouée

352 2710 74 40 par
451 2695 199 50 Dehesse,,
689 2696 247 40 Chasseurs
973 2702 41 33 et
1040 2695 141 53 petits
1213 2693 322 54 Vendangeurs
1563 2692 81 55 (1).
1677 2691 73 40 Un
1783 2691 106 54 petit
1911 2691 187 40 danseur

346 2768 228 41 d'environ
600 2768 101 54 cinq
734 2782 76 26 ans
833 2767 49 42 fit
920 2768 256 40 l'ornement
1201 2766 212 55 principal
1435 2766 51 40 de
1507 2780 45 26 ce
1575 2766 141 51 ballet,
1742 2773 93 32 tant
1857 2765 29 39 il
1917 2775 171 29 montra

345 2842 50 39 de
417 2843 121 50 grâce
561 2848 40 33 et
631 2840 204 53 d'agilité.
861 2840 156 41 C'était
1040 2841 36 39 le
1101 2840 103 54 petit
1233 2838 223 43 Vicentini
1482 2854 9 34 ;
1526 2843 21 35 à
1580 2839 92 39 côté
1700 2839 49 38 de
1772 2836 79 52 lui,
1891 2837 39 39 la
1966 2836 130 54 petite

351 2914 244 54 Foulquier
617 2928 41 26 se
679 2914 220 53 distingua
921 2914 113 39 aussi
1058 2928 73 40 par
1154 2927 42 25 sa
1225 2912 257 54 gentillesse.
1510 2912 61 39 La
1592 2910 339 54 représentation
1954 2908 99 42 finit
2075 2914 22 35 à

353 2987 99 39 huit
475 2987 169 52 heures,
666 2997 40 31 et
733 2988 37 39 le
797 2988 79 39 Roi
906 2988 97 51 alla,
1027 2987 117 40 selon
1167 2987 178 50 l'usage,
1366 2999 156 39 souper
1555 2985 105 39 dans
1687 2997 60 26 ses
1775 2982 191 41 cabinets
1996 2996 102 26 avec

352 3060 59 40 les
435 3073 229 40 personnes
707 3060 76 54 qui
826 3061 173 39 avaient
1039 3060 148 40 assisté
1228 3072 54 26 au
1318 3058 207 54 spectacle
1550 3073 8 25 :
1602 3071 46 26 ce
1688 3056 85 41 soir
1792 3056 38 41 là
1869 3055 50 41 ils
1941 3055 161 42 étaient

349 3142 319 43 trente-quatre
690 3137 22 35 à
733 3134 128 39 table.

410 3206 59 40 Le
492 3205 204 39 mercredi
736 3208 51 38 26
821 3205 170 49 février,
1015 3204 206 56 première
1260 3203 337 55 représentation
1629 3204 50 39 de
1701 3203 145 41 Silvie
1853 3236 8 19 ,
1891 3203 209 55 pastorale

345 3279 209 54 héroïque
576 3291 50 27 en
646 3278 100 41 trois
768 3286 126 44 actes,
918 3279 201 54 précédée
1140 3278 104 40 d'un
1267 3277 221 55 prologue,
1512 3277 163 54 paroles
1707 3276 51 41 de
1782 3278 187 53 Laujon,
1994 3291 68 28 mu-

346 3352 123 52 sique
500 3352 50 40 de
584 3351 190 53 Lagarde
797 3360 39 32 et
860 3351 150 41 ballets
1028 3352 50 40 de
1103 3352 199 40 Dehesse.

389 3480 46 39 (1)
461 3479 49 31 Ce
531 3478 108 33 ballet
661 3478 96 33 avait
778 3479 54 31 été
850 3478 122 32 donné
988 3479 19 32 à
1028 3479 33 32 la
1083 3478 173 34 Comédie
1278 3478 173 34 italienne
1472 3481 31 30 le
1523 3489 46 33 24
1588 3478 202 44 septembre
1817 3479 99 43 1746.
