2918 3906
400 254 297 46 QUELQUES
727 256 371 38 INDICATIONS.

301 395 81 36 Les
411 398 235 37 musiciens
675 400 109 35 assis
805 410 53 25 au
882 402 150 34 centre
1063 398 52 38 de
1138 398 41 37 la
1198 401 146 35 scène.

299 469 268 40 L'orchestre
608 485 96 24 sera
725 474 132 37 formé
884 474 100 37 d'un
1022 474 222 41 ensemble
1279 473 179 47 d'objets
1489 484 53 25 en
1565 471 106 42 bois,
1695 472 199 36 différant
1913 471 51 37 de
2002 480 146 29 FORME
2194 473 50 37 de
2274 485 171 28 VOLUME
2475 478 42 33 et
2554 474 51 36 de

201 545 185 43 QUALITÉ
403 557 7 32 ;

305 619 66 35 On
394 619 228 38 obtiendra
649 623 111 35 ainsi
783 622 255 38 réellement
1064 623 40 37 la
1127 622 284 47 composition
1433 620 99 36 d'un
1557 622 203 45 quatuor.

298 691 32 36 Il
352 695 65 34 est
443 692 101 37 bien
567 694 194 37 entendu
784 708 82 36 que
890 697 44 47 je
955 696 131 38 laisse
1115 708 83 25 aux
1228 697 255 35 exécutants
1510 697 119 33 toute
1661 692 154 38 liberté
1845 693 51 36 de
1924 694 258 38 recherches
2204 696 315 48 personnelles,
2543 697 62 36 les

201 765 322 37 combinaisons
547 770 188 43 pouvant
755 770 141 35 varier
917 772 21 33 à
962 768 175 44 l'infini;

299 851 112 37 Pour
428 851 40 36 la
490 852 134 37 danse
648 854 258 41 ci-dessous,
936 854 249 38 l'orchestre
1209 856 24 34 à
1258 856 99 35 titre
1379 852 248 49 d'exemple,
1653 854 193 45 pourrait
1865 854 89 34 être
1977 854 108 35 ainsi
2106 857 201 45 composé
2333 868 7 22 :

298 925 35 36 1.
396 926 120 36 Deux
531 926 144 48 règles
697 927 155 49 plates.

297 996 35 36 2.
394 996 93 37 Une
510 996 207 48 baguette
746 1010 74 25 sur
847 1010 84 25 une
953 999 117 37 boîte
1088 999 114 37 vide.

301 1070 33 37 3.
396 1070 96 37 Une
511 1071 119 47 règle
650 1083 75 25 sur
746 1083 84 26 une
852 1073 183 47 planche
1058 1074 188 47 épaisse.

299 1143 35 36 4.
398 1144 93 37 Une
513 1155 137 26 canne
673 1156 75 25 sur
768 1144 39 37 le
830 1145 224 48 plancher.

299 1203 172 48 Chaque
494 1204 187 37 danseur
708 1206 9 46 (
722 1206 94 37 seul
839 1217 57 25 ou
913 1217 81 36 par
1012 1207 169 47 couple)
1207 1210 146 34 suivra
1378 1219 47 25 sa
1447 1211 152 44 partie,
1623 1209 102 36 telle
1748 1220 83 25 une
1850 1211 97 34 voix
1966 1209 106 36 dans
2094 1221 56 24 un
2169 1212 189 45 quatuor
2378 1210 138 37 vocal.

1110 1416 318 45 Orchestre
1463 1419 72 43 de
1569 1419 143 42 Bois

1380 1536 59 35 ni

349 3372 44 36 26
417 3372 228 36 décembre
666 3369 109 38 1917.

1799 3427 229 36 GERMAINE
2048 3421 416 39 ALBERT-BIROT.
