2918 3906
412 270 147 37 DADA
586 270 35 36 2.
651 289 47 7 —
727 269 176 36 L'ennui
925 273 148 45 naquit
1105 282 56 24 un
1188 271 98 45 jour
1314 269 51 35 de
1387 268 273 35 l'uniformité
1682 279 6 23 :
1714 267 57 35 La
1804 266 292 47 présentation
2122 263 74 36 des
2232 273 166 26 œuvres
2430 263 108 35 dans
2573 264 113 33 cette

294 344 129 25 revue
456 332 176 45 soignée
662 330 79 36 m'a
776 332 128 34 remis
939 343 47 24 ce
1018 342 95 25 vers
1149 343 53 23 au
1237 330 104 35 bout
1372 329 74 36 des
1480 327 152 36 lèvres.
1660 327 117 36 Cette
1804 325 233 46 régularité
2074 327 116 35 toute
2225 324 252 46 mécanique
2514 322 106 36 dans
2648 321 40 35 la

293 393 172 35 marche
482 391 75 37 des
579 394 185 44 poèmes,
790 391 73 37 des
883 397 135 36 notes,
1043 391 74 36 des
1137 389 337 48 bibliographies
1496 392 42 32 et
1559 390 89 34 avis
1671 387 385 37 d'administration
2081 396 64 24 me
2170 383 163 37 semble
2352 395 57 24 un
2430 394 81 36 peu
2534 393 56 24 un
2613 392 75 37 pas

293 455 51 34 de
369 453 170 47 parade.
568 452 67 37 Un
666 456 160 43 poème,
849 464 164 25 comme
1041 452 38 36 le
1107 463 128 36 pense
1264 450 302 47 parfaitement
1592 449 38 35 le
1661 449 194 35 roumain
1887 447 216 35 directeur
2135 445 50 35 de
2220 447 112 34 cette
2365 455 126 25 revue
2521 446 64 32 est
2606 452 82 26 une

294 516 309 39 construction,
626 526 57 24 un
713 520 263 38 monument,
999 525 57 24 un
1078 516 105 40 tout,
1214 513 211 46 pourquoi
1449 522 73 35 par
1545 510 114 36 force
1690 511 34 33 ie
1752 519 178 36 pousser
1950 507 108 36 dans
2076 506 40 37 le
2139 517 107 35 rang
2272 508 42 33 et
2336 505 37 35 le
2402 504 102 35 faire
2538 504 148 46 partie.

294 576 173 47 Chaque
488 577 148 45 poème
663 586 22 24 a
708 586 46 25 sa
776 575 297 47 physionomie
1092 573 211 48 pourquoi
1324 571 195 46 l'obliger
1549 572 22 34 à
1600 571 237 34 l'uniforme
1863 572 42 32 et
1926 567 198 48 puisqu'il
2149 570 64 32 est
2248 576 143 25 œuvre
2423 565 106 35 d'art
2561 574 100 36 pour-

296 639 101 46 quoi
428 635 231 36 n'aurait-il
692 647 75 35 pas
801 647 53 23 un
879 634 113 37 socle
1015 646 53 24 ou
1091 645 57 24 un
1184 632 126 37 cadre
1333 632 205 36 isolateur
1569 642 163 25 comme
1755 641 84 25 une
1868 633 138 31 statue
2039 639 54 25 ou
2122 638 57 25 un
2203 625 197 38 tableau?
2430 625 61 35 En
2520 624 168 35 résumé

292 699 212 47 pourquoi
525 697 145 35 DADA
689 696 73 36 fait
788 696 26 35 il
837 696 51 35 de
904 694 371 37 l'individualisme
1293 704 102 25 avec
1416 694 59 34 les
1496 693 185 46 peintres
1702 695 41 32 et
1759 690 55 35 du
1831 689 308 37 collectivisme
2157 698 101 25 avec
2278 686 61 36 les
2357 684 173 48 poètes?
2550 685 137 41 Baste,

294 759 122 47 après
439 761 107 40 tout,
572 758 92 35 cela
685 769 52 23 ne
760 767 108 26 nous
886 756 180 47 regarde
1091 767 87 35 pas,
1201 755 101 35 c'est
1322 753 147 36 affaire
1488 753 50 35 de
1557 755 165 33 nature.

414 819 68 35 LA
507 818 313 42 CARAVANE,
842 818 178 34 numéro
1037 816 50 35 de
1107 816 313 35 décembre.—
1444 814 187 37 Numéro
1669 809 271 38 substantiel.
1976 809 56 35 La
2072 807 219 37 rédaction
2326 805 210 37 demande
2559 804 127 48 qu'on

294 880 139 37 balaie
456 880 73 35 des
553 879 95 47 plus
670 877 135 36 belles
827 877 143 48 places
993 877 49 35 de
1066 877 113 35 Paris
1208 876 61 36 les
1303 875 191 36 marbres
1517 878 40 32 et
1580 874 198 37 bronzes,
1799 871 83 36 dits
1905 873 178 38 statues,
2111 870 70 45 qui
2211 878 103 25 nous
2338 866 289 37 déshonorent
2649 867 41 33 et

297 941 127 48 qu'on
444 940 61 36 les
535 939 213 47 remplace
772 950 74 36 par
867 938 74 36 des
964 938 139 35 Rodin
1128 950 7 22 :
1160 936 232 36 PARFAIT
1411 936 5 35 !
1447 937 106 34 mais
1572 934 27 35 il
1624 933 149 36 faudra
1790 935 94 33 tout
1906 931 50 35 de
1980 931 136 35 même
2145 929 154 35 laisser
2319 927 207 48 quelques
2546 925 142 48 places

291 1002 149 41 libres,
463 1012 70 25 car
555 1000 139 37 Rodin
726 1003 66 33 est
820 1004 123 36 mort,
968 1000 104 33 mais
1105 998 39 35 la
1171 998 237 47 sculpture,
1430 995 282 47 espérons-le,
1738 1004 52 24 ne
1813 992 94 36 l'est
1928 1002 87 36 pas.
2043 992 137 45 Roger
2201 988 145 37 Allard
2374 988 223 47 préconise
2627 985 61 36 les

296 1073 125 25 cures
443 1061 50 36 de
513 1059 285 43 Biroteehnie,
820 1058 26 36 il
879 1070 51 24 ne
949 1063 102 31 veut
1072 1061 91 32 voir
1186 1069 51 24 en
1260 1068 97 24 mon
1380 1059 148 45 poème
1566 1069 14 19 «
1615 1056 180 35 L'Avion
1815 1067 19 19 »
1855 1052 154 47 qu'une
2031 1055 191 32 notation
2244 1047 381 47 d'onomatopéiste
2649 1051 41 30 et

298 1122 28 37 il
343 1134 66 25 me
430 1122 164 48 préfère
618 1132 57 25 un
704 1122 178 34 mécano
899 1120 51 35 de
972 1131 47 24 sa
1042 1120 311 35 connaissance
1376 1118 71 46 qui
1475 1127 37 32 a,
1542 1115 199 48 paraît-il,
1763 1125 56 25 un
1839 1112 245 38 120-Rhône
2111 1110 106 36 dans
2241 1109 37 36 le
2302 1110 141 44 gosier
2461 1117 7 27 :
2494 1107 195 36 combien

299 1184 28 35 il
350 1195 23 24 a
397 1185 156 34 raison.
574 1183 93 36 Une
690 1192 108 36 page
820 1180 182 36 blanche
1026 1177 54 38 où
1110 1179 159 35 Gaston
1305 1177 149 37 Picard
1475 1177 141 35 devait
1645 1178 117 33 avoir
1791 1185 58 25 un
1877 1176 147 44 poème
2048 1175 22 32 à
2094 1171 250 41 Mata-Hari,
2369 1168 41 36 la
2438 1178 178 26 censure
2639 1166 12 36 1
2668 1177 22 24 a

300 1244 130 48 gardé
452 1254 106 37 pour
579 1242 80 36 elle
683 1242 132 36 seule.
847 1242 128 35 Louis
995 1239 254 38 Chadourne
1272 1240 71 34 nie
1372 1251 17 21 «
1412 1237 161 47 l'esprit
1596 1247 194 26 nouveau
1815 1247 13 20 »
1852 1244 124 36 parce
1999 1244 83 36 que
2113 1243 109 24 nous
2243 1230 174 36 n'avons
2439 1239 75 37 pas
2537 1237 153 26 encore

297 1305 140 36 donné
453 1315 83 24 une
560 1303 178 45 Défense
758 1305 38 34 et
818 1301 272 37 illustration
1097 1329 7 14 ,
1122 1301 43 34 ni
1183 1303 136 31 môme
1335 1309 85 25 une
1441 1299 167 46 pré/ace
1628 1298 51 35 de
1698 1294 237 42 Cromwell,
1954 1294 102 35 c'est
2077 1293 207 46 peut-être
2305 1291 39 35 là
2361 1300 81 26 une
2465 1289 226 36 exécution

300 1378 58 24 un
395 1377 82 36 peu
510 1364 296 36 universitaire
837 1366 41 33 et
906 1363 23 35 à
960 1362 233 35 l'encontre
1224 1360 51 35 de
1312 1360 61 35 Du
1411 1359 147 45 Bellay
1586 1357 28 36 il
1643 1368 108 25 nous
1785 1355 137 48 paraît
1950 1366 55 34 qu
2023 1353 28 36 il
2082 1352 180 36 accorde
2295 1352 302 46 pariaitement
2624 1358 67 24 ses

301 1429 199 45 opinions
535 1436 101 25 avec
671 1435 68 25 ses
774 1423 252 49 penchants.
1051 1422 128 36 Louis
1213 1420 50 36 de
1287 1419 380 47 Gonzague-Frick
1692 1428 52 25 en
1776 1427 68 26 ses
1879 1430 14 17 «
1919 1413 163 38 Scolies
2107 1427 16 19 »
2152 1414 154 44 (est-ce
2333 1411 99 35 bien
2461 1409 39 35 là
2517 1409 40 35 le
2577 1409 114 45 juste

300 1487 178 37 vocable
501 1497 101 25 sous
624 1484 141 49 lequel
788 1484 28 35 il
834 1486 199 34 convient
1055 1482 50 36 de
1125 1492 187 36 grouper
1333 1480 74 36 des
1425 1479 151 36 études
1597 1489 73 25 sur
1692 1477 60 36 les
1769 1477 129 35 livres
1917 1477 73 45 qui
2011 1476 205 34 viennent
2237 1472 51 36 de
2565 1469 126 35 Louis

301 1548 51 36 de
376 1546 381 48 Gonzague-Frick
779 1545 138 47 dis-je
950 1543 165 36 affirme
1143 1542 51 36 de
1218 1541 94 47 plus
1336 1552 51 24 en
1415 1540 95 48 plus
1540 1550 76 26 son
1651 1549 101 25 sens
1775 1540 179 43 critique
1983 1546 53 25 en
2059 1535 135 35 même
2211 1540 136 39 temps
2377 1541 81 37 que
2491 1541 75 24 son
2590 1529 76 35 néo-

306 1609 285 41 humanisme,
614 1618 47 25 ce
684 1607 73 47 qui
776 1616 108 25 nous
903 1609 102 33 vaut
1026 1604 38 35 ie
1087 1602 155 37 double
1265 1602 146 47 plaisir
1433 1613 51 23 en
1507 1600 128 36 lisant
1657 1610 68 25 ses
1748 1597 151 37 études
1921 1596 51 35 de
1996 1594 219 38 connaître
2234 1602 183 38 presque
2509 1601 97 24 sans
2631 1588 60 37 les

303 1672 118 35 avoir
448 1670 94 35 lues
559 1690 55 4 —
630 1668 62 35 les
721 1678 166 25 œuvres
910 1666 103 35 dont
1040 1665 28 35 il
1094 1665 118 46 parie
1236 1667 40 32 et
1297 1661 262 48 d'apprécier
1577 1671 83 25 une
1687 1669 106 38 page
1818 1658 49 35 de
1887 1657 182 44 français
2092 1654 448 45 aristocratiquement
2562 1651 129 34 écrite

303 1742 54 26 en
376 1742 85 24 une
480 1729 159 47 langue
662 1740 94 24 rare

2254 1775 44 34 P.
2326 1775 48 34 A.
2405 1773 43 35 B.

425 1970 116 36 Nous
574 1977 242 38 apprenons
841 1976 82 37 que
944 1967 121 34 notre
1084 1963 195 36 confrère
1460 1961 180 35 Partout
1670 1969 44 24 se
1742 1956 257 37 transforme
2029 1957 41 32 et
2088 1952 170 35 devient
2290 1947 344 39 hebdomadaire.
2660 1947 31 35 Il

315 2031 188 50 paraîtra
521 2029 238 36 désormais
793 2026 167 47 chaque
995 2023 164 37 samedi
1184 2034 74 24 sur
1278 2023 122 45 vingt
1421 2030 145 38 pages.
1592 2020 224 35 Directeur
1839 2029 7 22 :
1870 2013 194 38 Fernand
2102 2011 210 48 Halphen,
2355 2008 242 37 Rédacteur
2639 2018 52 25 en

312 2092 97 36 chef
430 2105 7 23 :
458 2090 103 36 Paul
583 2090 157 34 Perret.
762 2087 216 36 Direction
1000 2088 40 33 et
1061 2084 343 35 administration
1433 2093 6 22 :
1470 2081 35 42 5,
1532 2091 74 25 rue
1629 2076 305 49 d'Argenteuil,
1966 2076 117 34 Paris
2105 2073 34 47 (I
2145 2077 33 22 er
2183 2073 25 46 ).

920 2385 185 38 Joindre
1132 2384 23 37 0
1180 2383 54 46 fr.
1256 2383 47 35 30
1324 2383 24 34 à
1369 2383 115 34 toute
1505 2378 212 38 demande
1740 2376 50 36 de
1809 2374 242 46 spécimen.
2209 2356 13 52 I

831 2453 185 38 Joindre
1038 2460 63 27 un
1122 2450 153 36 timbre
1297 2449 25 34 à
1345 2449 116 34 toute
1488 2444 209 38 demande
1720 2442 49 37 de
1797 2440 365 47 renseignement.
2205 2422 13 60 I
2690 2474 7 19 ,

893 2534 485 74 ABONNEMENTS
1429 2531 170 69 POUR
1642 2516 262 81 L'ANNÉE
1970 2524 163 68 1918

362 2638 223 34 Paris....
816 2629 28 34 5
870 2629 50 36 fr.
1035 2627 209 35 Province
1581 2620 31 38 5
1639 2619 48 36 fr.
1711 2618 62 37 50
1888 2605 213 56 Étranger
2467 2610 30 37 6
2520 2608 50 36 fr.
2592 2606 60 36 50

458 2696 243 37 Réduction
723 2694 51 35 de
793 2693 46 36 50
859 2690 62 48 0/0
944 2702 82 24 aux
1047 2688 218 36 mobilisés
1291 2686 73 47 qui
1384 2695 52 24 en
1457 2683 136 35 feront
1611 2680 39 36 la
1674 2678 224 37 demande.

699 2754 169 36 Edition
891 2752 50 35 de
965 2750 97 35 luxe
1082 2751 150 41 (tirage
1256 2747 23 35 à
1300 2745 20 37 6
1344 2742 280 44 exemplaires
1645 2752 74 24 sur
1741 2739 124 36 chine
1888 2738 262 38 numérotés)
2175 2734 64 37 75
2268 2733 47 36 fr.

497 2870 138 33 Année
658 2870 111 30 1916
1096 2863 139 30 Année
1255 2862 106 29 1917
1651 2853 161 31 Années
1832 2853 185 30 1916-17
2172 2850 72 28 Les
2264 2848 25 29 3
2307 2846 152 31 années
2478 2844 164 31 réunies

363 2983 178 41 Complète
803 2978 55 32 12
879 2977 40 33 fr.
948 2975 179 41 Complète
1432 2971 26 32 9
1483 2970 41 32 fr.
1548 2966 197 41 Complètes
2008 2961 54 33 18
2085 2961 41 31 fr.
2352 2957 59 33 20
2436 2956 41 31 fr.

367 3044 89 33 Sans
480 3044 33 32 le
535 3047 37 28 n®
594 3044 15 31 1
833 3039 26 33 7
882 3038 42 34 fr.
950 3038 92 32 Sans
1060 3037 32 31 le
1116 3036 40 31 18
1167 3044 49 23 ou
1231 3033 36 33 le
1279 3033 101 33 14...
1434 3031 27 34 6
1483 3031 42 31 fr.
1550 3026 141 35 Années
1710 3026 80 32 1916
1808 3026 34 31 et
1865 3024 94 33 1918.
2015 3023 53 32 15
2086 3022 41 31 fr.

951 3098 89 32 Sans
1061 3098 32 31 le
1111 3096 39 32 17
1435 3093 29 31 4
1486 3091 41 33 fr.
1552 3088 144 33 Années
1710 3087 82 32 1917
1806 3087 35 30 et
1853 3085 99 33 1918.
2009 3083 54 33 12
2086 3082 43 32 fr.

1288 3161 140 36 Vente
1452 3170 53 25 au
1525 3158 177 36 numéro
1724 3168 7 23 :

455 3232 67 33 1et
538 3231 61 32 17:
621 3229 29 33 5
669 3229 41 32 fr.
731 3228 97 32 —N°
846 3227 90 32 18et
960 3225 40 33 14
1020 3234 7 23 :
1051 3225 26 33 3
1093 3224 42 32 fr.
1158 3241 41 5 —
1213 3223 28 32 N
1243 3227 27 16 os
1291 3220 132 33 8-9-10:
1441 3220 27 33 2
1486 3219 42 32 fr.
1543 3218 73 33 75.
1628 3217 97 32 —N°
1745 3215 43 33 7:
1811 3215 28 32 2
1865 3213 42 33 fr.
1934 3213 74 33 25.
2029 3209 158 34 —N°3:
2206 3208 26 33 2
2252 3208 41 32 fr.
2312 3206 138 33 —N°5
2466 3213 7 25 :
2495 3204 21 33 1
2535 3204 45 32 fr.
2605 3221 40 6 —

505 3293 44 32 N°
569 3290 59 34 24:
651 3289 28 34 0
701 3289 42 33 fr.
766 3288 74 33 75.
858 3305 47 6 —
926 3287 57 32 N®'
1003 3287 31 39 4,
1057 3286 31 38 5,
1105 3284 33 39 6,
1167 3285 52 37 11,
1238 3283 53 40 12,
1312 3282 52 39 13,
1390 3281 52 40 15,
1461 3280 53 40 16,
1534 3278 110 41 19-20,
1666 3277 115 41 21-22,
1797 3274 62 35 23:
1882 3274 28 33 0
1931 3274 45 33 fr.
1993 3272 70 33 50.

1866 3440 50 32 Le
1935 3442 118 36 gérant
2073 3447 8 22 :
2103 3436 118 32 Pierre
2241 3428 383 38 ALBERT-BÏROT.

326 3461 217 40 Imprimerie
565 3459 109 37 LEVÉ,
697 3457 54 42 71,
769 3467 61 22 rue
856 3456 42 32 de
915 3455 153 38 Rennee,
1094 3451 107 34 Paris.
