3645 5626
237 318 400 59 strömenden
706 316 419 60 EWIGKEIT.
1194 353 73 8 —
1333 314 122 60 D*r
1525 319 261 68 gestrige

240 413 125 73 Tag
430 448 78 8 —
579 412 97 58 die
727 424 388 60 vergangene
1173 408 236 60 Stunde
1460 447 76 7 —
1586 409 198 56 nichts

238 506 127 59 hält
405 507 126 59 Uns
579 506 168 57 mehr
794 506 154 58 dort.
991 542 76 6 —

239 631 457 58 Jalhrhunderte
741 668 74 5 —
859 630 456 58 Jahrtausende
1359 664 76 5 —
1477 628 312 57 hämmern

235 763 76 6 —
340 724 220 73 glühen
590 725 155 58 nach
774 747 152 35 vorn
956 762 75 5 —
1062 723 346 57 schrauben
1440 722 128 58 ihre
1601 720 150 59 Ener-

239 824 138 66 gien
415 824 59 52 in
518 818 98 58 die
658 816 422 59 EWIGKEIT!

239 941 193 59 Jedes
481 941 372 60 Kunstwerk
901 946 100 51 ein
1048 939 406 58 flammendes
1503 934 128 61 Mal
1680 935 107 56 des

238 1034 337 62 EWIGEN.
612 1072 75 5 —
724 1036 154 56 Kein
913 1035 190 57 Werk
1141 1071 76 6 —
1254 1034 105 56 das
1398 1033 166 57 nicht
1602 1031 185 58 durch

240 1129 118 58 den
393 1128 221 72 Kampf
652 1128 239 72 geglüht
925 1166 77 6 —
1039 1128 308 71 geworfen
1384 1132 182 52 wäre,
1603 1162 77 6 —

241 1222 80 57 So
363 1221 224 59 wollen
633 1221 128 58 Wir
816 1222 117 56 den
974 1221 223 71 Kampf
1241 1224 248 66 preisen
1551 1252 76 8 —-
1690 1216 96 58 die

242 1315 221 58 tosend
510 1315 183 57 wilde
751 1315 204 62 Musiik
1011 1314 108 57 des
1172 1312 309 73 Kampfes,
1536 1347 76 7 —
1663 1312 123 55 Das

240 1407 324 60 brüllende
633 1408 156 58 Blut.
857 1445 73 6 —
998 1408 123 56 Das
1193 1407 277 57 Schwert
1537 1441 76 7 —
1680 1403 108 57 das

240 1502 190 56 durch
470 1501 118 58 den
625 1501 193 57 Raum
861 1507 156 64 singt
1058 1500 125 58 und
1219 1500 237 72 jauchzt
1494 1536 75 6 —
1608 1517 144 53 span-

233 1596 169 57 nend
443 1595 434 72 Vernichtung,

238 1718 115 57 Die
400 1718 442 58 blutblühende
894 1718 171 57 Bahn
1112 1718 108 57 des
1267 1715 401 59 Geschehens
1714 1749 76 6 —

243 1812 190 56 deren
474 1811 205 58 Achse
724 1849 75 7 —
845 1811 115 57 alle
1006 1811 218 56 Tiefen
1271 1807 397 60 aufwerfend.
1716 1843 74 4 —

240 1905 146 57 Pole
432 1940 77 7 —
561 1905 96 57 die
706 1909 65 54 in
823 1904 106 57 der
984 1903 392 58 Menschheit
1428 1902 234 57 stehen.
1714 1936 75 5 —

241 1999 125 56 Das
421 1998 196 58 .sollen
675 2020 215 35 unsere
951 1997 205 57 Bilder
1213 2034 76 5 —
1337 1994 320 63 Plastiken
1713 2031 77 6 —

240 2092 384 72 Dichtungen
669 2091 263 59 künden.
977 2128 74 6 —

240 2215 124 57 Der
404 2221 172 51 toten
615 2214 240 58 Formel
892 2221 80 50 ist
1016 2236 222 35 unsere
1282 2213 395 69 Verachtung
1715 2246 75 5 —

239 2331 74 33 zu
354 2309 389 70 lebendigem
784 2308 309 56 W/achsen
1136 2305 223 59 wollen
1400 2304 131 57 Wir
1573 2304 216 57 fuhren

243 2403 121 56 und
404 2424 67 34 so
510 2402 404 72 Sprungbrett
963 2402 135 56 dem
1139 2398 318 58 EWIGEN
1501 2419 286 51 spannen.

242 2494 129 58 Wir
412 2495 205 70 jubeln
664 2494 93 58 die
807 2494 313 57 Elemente
1165 2530 74 6 —
1287 2497 105 53 mit
1438 2491 197 57 denen
1679 2494 109 53 wir

240 2593 212 67 ringen
485 2626 75 5 —
598 2589 96 56 die
732 2610 108 35 uns
881 2588 359 58 schleudern
1278 2586 121 57 und
1436 2585 352 56 verzehren,

238 2718 77 6 —
354 2681 111 58 Die
511 2681 362 72 schlagende
916 2679 255 72 Energie
1221 2679 105 58 der
1368 2677 144 59 Pole
1553 2714 76 5 —
1670 2681 116 53 wie

243 2780 84 51 sie
371 2776 287 57 einander
701 2775 290 58 anziehen
1029 2811 75 6 —
1148 2773 120 58 und
1308 2779 211 51 immer
1559 2772 229 56 wieder

242 2868 314 59 abstoßen.
597 2905 76 6 —

241 2991 110 58 Die
404 2991 337 72 pulsenden
794 2992 252 56 Bahnen
1100 2991 105 57 der
1265 2989 216 58 Sterne
1534 3026 75 7 —
1661 2988 127 57 ihre

243 3085 404 56 flammenden
707 3085 296 71 Energien
1056 3120 74 6 —
1189 3084 94 59 die
1343 3083 125 58 sich
1523 3088 59 51 in
1639 3082 120 57 fort-

241 3178 371 59 währenden
698 3178 456 72 Katastrophen
1241 3178 338 56 verzehren
1670 3175 120 57 und

242 3271 226 57 wieder
520 3272 282 70 gebären,
852 3307 77 7 —
979 3272 110 57 Die
1143 3270 242 57 bebend
1440 3268 347 58 rotierende

241 3364 157 58 Erde
435 3402 75 6 —
549 3364 129 57 ihre
717 3364 366 72 Geschöpfe.
1122 3401 75 4 —
1234 3362 442 58 Geschlechter
1715 3397 75 6 —

245 3458 94 56 die
390 3463 113 50 wie
558 3457 317 59 Elemente
930 3457 394 58 aufeinander
1380 3456 284 71 schlagen
1715 3492 75 6 —

242 3552 129 55 ihre
406 3552 230 56 Dolche
673 3556 56 51 in
767 3552 105 56 das
909 3551 138 58 Blut
1083 3556 207 67 singen
1320 3588 74 6 —
1422 3551 217 58 ireißen
1680 3550 107 56 das

240 3643 350 58 Geheimnis
620 3680 75 6 —
720 3644 245 57 Knoten
995 3680 75 6 —
1100 3645 268 70 knüpfen
1399 3645 104 56 das
1540 3643 214 58 Schick-

244 3736 86 59 sal
365 3772 76 8 —
480 3741 116 54 wie
636 3741 96 54 ein
774 3737 275 57 Schwert
1084 3773 76 6 —
1199 3737 275 57 drohend
1512 3737 149 57 über
1702 3740 87 53 sie

244 3838 313 63 gespannt.
625 3865 76 7 —
769 3831 309 70 Lebendig
1147 3832 120 56 und
1337 3829 451 58 verzehrender

240 3922 169 71 Weg.

242 4045 127 58 Wir
417 4050 208 67 singen
669 4048 116 56 den
828 4049 353 71 prächtigen
1225 4048 383 56 männlichen
1648 4047 106 57 Rie-

244 4160 108 35 sen
378 4176 77 6 —
486 4140 105 56 der
622 4145 113 52 wie
773 4146 95 52 ein
899 4142 150 57 Pfeil
1085 4142 114 56 den
1231 4141 192 57 Raum
1457 4142 332 56 schneidet.

240 4268 75 6 —
399 4231 235 72 Sprung
724 4236 119 54 und
933 4234 123 58 Pol.
1142 4272 75 5 —
1304 4234 483 58 Blutblühendes

244 4325 294 60 Schwert.
567 4362 76 6 —
671 4326 150 57 Dem
856 4327 112 57 alle
1001 4327 200 72 Siegel
1232 4327 316 67 verfallen;
1580 4364 75 5 —
1684 4328 106 57 der

246 4422 208 53 seinen
514 4419 244 56 Stachel
814 4426 59 51 in
931 4421 117 59 den
1100 4422 146 56 Leib
1304 4423 180 56 bohrt
1538 4457 69 7 —
1674 4422 113 57 alle

243 4508 214 59 Tiefen
526 4512 187 57 wühlt
785 4513 121 58 und
977 4516 264 68 peitscht
1310 4551 74 7 —
1459 4515 328 72 pulsendes

245 4602 199 60 Chaos
487 4641 73 6 —
602 4606 263 71 mächtig
910 4607 242 57 bebend
1194 4643 74 7 —
1317 4609 471 72 empfangender

239 4697 164 58 Leib.
437 4734 77 7 —

243 4804 128 57 Wir
426 4828 59 49 pi
503 4811 168 53 eisen
727 4807 97 57 die
881 4807 233 58 Mutter
1165 4844 75 7 —
1295 4810 95 56 die
1449 4816 175 51 unter
1682 4811 106 55 der

242 4898 205 59 Größe
493 4899 107 58 des
641 4899 397 59 Geschehens
1078 4938 74 5 —
1194 4910 175 49 unter
1417 4903 106 57 der
1568 4904 221 56 Wucht

243 4993 105 55 des
394 4993 209 56 Blutes
649 4994 321 57 zerbricht.
1015 5031 74 5 —
1135 4996 409 56 Gebärenden
1591 4996 198 57 Schoß

241 5086 267 68 geöffnet
541 5122 75 6 —
651 5088 250 73 vergeht
935 5125 76 5 —
1042 5088 222 57 Frucht
1302 5090 135 55 dem
1472 5088 316 59 EWIGEN

239 5180 184 67 wirft;
464 5216 75 11 —
576 5181 129 58 ihr«
750 5180 493 73 Notwendigkeit
1287 5183 197 59 stirbt.

1895 315 155 56 Kein
2103 312 370 59 Kunstwerk
2520 347 75 8 —
2644 309 107 58 da«
2796 307 168 59 nicht
3015 329 67 36 »o
3131 305 171 60 tiefst
3349 316 68 61 ge-

1897 408 164 72 glüht
2102 405 201 74 gelebt
2342 410 78 55 ist
2459 442 73 6 —
2574 402 237 59 solcher
2850 401 120 58 Not
3010 399 326 73 geworfen.
3375 436 75 7 —

1895 501 124 58 Nur
2079 498 101 59 auf
2238 498 136 58 dem
2431 497 193 71 Wege
2685 495 109 59 des
2850 493 209 59 Blutes
3119 493 165 59 kann
3340 492 106 58 das

1895 594 190 59 Werk
2135 597 59 53 in
2246 592 107 58 das
2403 589 138 59 Blut
2591 591 276 56 brennen
2913 623 75 7 —
3037 586 240 73 packen
3328 586 120 58 und

1897 684 232 62 werfen
2171 723 75 6 —
2287 686 118 56 den
2445 680 321 61 EWIGEN
2808 680 228 60 reißen,

1896 796 129 57 Wir
2066 795 228 72 grüßen
2335 793 123 58 und
2503 796 207 67 singen
2752 790 119 58 den
2911 786 426 60 Weltinstinkt
3377 823 73 7 —

1897 890 108 56 das
2047 886 321 73 lebendige
2412 885 275 71 Ereignis
2730 889 79 52 im
2852 880 357 66 Menschjen,
3248 916 77 7 —
3365 880 85 57 Ist

1899 1006 60 33 es
2002 982 166 57 nicht
2212 1001 181 37 unser
2437 978 468 59 elementarster
2948 973 233 60 Bruder
3225 1012 75 6 —
3342 973 108 58 der

1898 1098 108 34 uns
2065 1075 76 56 da
2197 1070 560 75 entgegenstürmt?
2852 1068 114 59 Die
3049 1067 183 73 große
3308 1067 106 58 kos-

1897 1169 228 57 mische
2193 1165 195 59 Welle
2454 1203 76 7 —
2595 1163 98 58 die
2755 1161 101 59 ER
2918 1199 76 6 —
3060 1161 136 58 dem
3258 1161 191 57 Raum

1900 1261 387 59 schleuderte
2331 1297 75 6 —
2450 1258 96 59 die
2593 1257 159 58 Erde
2796 1288 76 11 —
2916 1255 96 58 die
3062 1255 388 57 Menschheit

1897 1353 528 59 herumzuwerfen
2463 1388 76 7 —
2581 1348 335 75 entgegen?

1897 1460 130 60 Wir
2076 1461 223 59 wollen
2352 1460 115 59 Oel
2517 1460 134 60 aufs
2698 1459 197 57 Feuer
2950 1459 216 72 gießen
3214 1493 75 9 —
3340 1456 107 58 das

1896 1557 330 56 Fünkchen
2267 1576 130 36 zum
2437 1554 255 58 Funken
2734 1553 293 57 anblasen
3054 1586 85 9 —
3176 1551 121 57 und
3334 1550 116 57 den

1894 1649 251 58 Funken
2177 1671 104 35 zur
2312 1647 461 59 Flamme—die
2807 1649 116 57 den
2955 1644 285 58 Erdkreis
3273 1645 141 56 über-

1900 1742 161 59 zieht
2109 1779 75 5 —
2232 1740 334 73 mächtiger
2620 1739 286 73 schlagen
2955 1775 75 7 —
3081 1738 122 58 und
3251 1736 199 59 beben

1897 1835 123 58 läßt
2060 1873 75 5 —
2176 1834 345 72 lebendigst
2564 1832 330 74 pulsender
2934 1870 76 6 —
3054 1829 395 75 dampfender

1895 1929 278 60 Kosmos.
2215 1966 77 5 —
2331 1928 350 57 Wachsend
2722 1925 224 59 wollen
2988 1925 130 58 Wir
3160 1923 117 60 den
3316 1923 134 57 Keil

1898 2020 240 60 treiben
2181 2060 75 6 —
2302 2027 212 51 immer
2558 2024 215 54 weiter
2817 2020 255 57 treiben.
3117 2054 75 6 —
3234 2017 216 57 Immer

1898 2117 330 71 mächtiger
2274 2154 75 6 —
2396 2121 210 51 immer
2655 2113 351 73 gewaltiger
3054 2110 221 61 wollen
3319 2107 130 61 Wir

1898 2210 115 56 den
2051 2209 462 72 Energiebogen
2552 2229 272 51 spannen
2859 2243 75 6 —
2968 2206 151 57 über
3157 2204 96 58 die
3291 2204 157 56 Erde

1899 2304 205 55 reißen
2148 2339 75 5 —
2271 2302 107 60 das
2425 2301 139 58 Blut
2616 2300 304 73 schlagen,
2972 2299 117 57 daß
3137 2320 64 35 es
3248 2297 199 59 brüllt.

1973 2411 113 57 Mit
2143 2411 137 56 dem
2332 2410 126 58 Mal
2515 2410 107 57 des
2673 2406 323 65 EWIGEN
3048 2445 75 7 —
3179 2407 110 57 soll
3344 2406 106 57 der

1897 2504 255 56 Mensch
2205 2503 356 71 gezeichnet
2613 2502 251 58 werden
2911 2538 76 7 —
3034 2499 264 73 glühend
3350 2512 66 61 ge-

1898 2602 195 53 stirnt.
2132 2635 77 5 —
2248 2596 235 73 Sprung
2524 2597 122 58 und
2689 2595 221 73 Schlag
2944 2600 64 53 in
3049 2594 365 58 Jahrtausen-

1900 2691 135 57 den,
2085 2727 75 6 —
2212 2690 235 72 Spirale
2503 2690 106 57 der
2661 2685 402 61 EWIGKEIT
3115 2686 332 73 getrieben.

1972 2800 216 56 Dieses
2232 2799 319 72 gewaltige
2592 2799 291 57 Manifest
2922 2835 77 7 —
3040 2797 197 57 dieses
3279 2795 136 59 flam-

1895 2893 216 56 mende
2148 2892 240 58 Banner
2422 2930 75 6 —
2530 2893 116 57 den
2679 2891 261 59 Sternen
2972 2889 244 74 gesteilt
3245 2926 75 6 —
3353 2901 65 60 ge-

1898 2993 184 50 türmt
2116 3022 77 6 —
2232 2985 221 59 wollen
2493 2986 130 57 Wir
2664 2983 298 59 entfalten
3003 2983 122 58 und
3163 2983 148 58 über
3353 2981 95 57 die

1895 3079 296 71 pulsende
2232 3079 158 58 Erde
2433 3101 272 51 spannen
2741 3117 76 5 —
2854 3078 87 59 als
2984 3078 107 57 das
3129 3074 317 72 lebendige

1898 3172 248 70 Symbol
2186 3209 74 6 —
2300 3173 390 58 kosmischen
2737 3171 252 58 Willens
3033 3208 75 6 —
3154 3169 263 58 strahlen-

1898 3267 107 58 der
2052 3267 257 72 Energie
2358 3266 397 59 rotierenden
2800 3265 418 58 Geschehens,

1897 3376 129 55 Wir
2072 3376 226 71 grüßen
2343 3375 170 58 Euch
2557 3412 74 6 —
2679 3375 95 58 die
2823 3375 94 56 Ihr
2964 3396 109 34 uns
3127 3380 286 63 entgegen-

1899 3476 231 51 stürmt.
2168 3507 76 6 —
2278 3469 250 58 Grüßen
2569 3470 93 56 die
2703 3469 236 58 Sterne,
2976 3504 75 6 —
3085 3466 124 57 Das
3246 3464 170 71 Ereig-

1896 3568 92 51 nis
2032 3568 78 51 im
2150 3563 342 59 Menschen
2529 3601 76 7 —
2646 3563 188 57 deren
2873 3561 120 57 Not
3035 3560 129 57 Wir
3207 3557 240 73 geballt.

1898 3655 291 59 Geöffnet
2226 3654 195 75 gehlen
2458 3657 129 63 Wir
2623 3656 167 56 Euch
2830 3659 57 55 in
2922 3654 299 57 Unserem
3258 3650 190 58 Werk

1900 3756 296 66 entgegen

2739 3844 312 56 Johannes
3087 3838 285 60 Molzahn

1897 4284 512 91 Gedichte

1895 4424 428 61 Wilhelm
2347 4424 309 61 Schlichtkrull

1896 4547 216 57 Kleine
2165 4548 194 58 weiße
2412 4548 214 58 Hände
2681 4547 222 74 gleiten

1896 4639 282 59 Raschen
2220 4643 174 56 rasch

1896 4733 214 58 Flinke
2156 4734 162 59 Füße
2366 4737 265 71 trippeln

1900 4827 293 72 Springen
2242 4828 230 58 schnell

1896 4920 182 57 Feine
2130 4921 395 59 Fadenhaare
2574 4922 219 58 wallen

1898 5013 235 57 Golden
2183 5015 361 58 schimmern

1899 5105 171 57 Rolle
2121 5107 215 72 Augen
2386 5108 243 58 blicken

1898 5198 215 61 Heilen
2164 5200 122 62 Uli
