4203 4234
3430 230 299 42 POESIA

1538 318 740 117 IDILLIO

2890 424 70 51 Al
3083 432 163 62 'poeta
3498 423 64 51 F.

2072 575 92 50 Poi
2199 575 43 48 si
2277 574 232 61 levaron,
2542 587 150 35 come
2725 573 152 62 spirti
2913 570 218 57 erranti.

2073 649 228 65 Sospinti
2336 649 66 49 da
2435 649 195 48 l'arcan
2664 646 159 51 ritmo
2858 645 198 66 gentile

2075 725 95 49 Dei
2203 725 145 49 venti
2382 724 95 49 che
2513 724 81 49 dei
2628 724 134 48 rami
2797 722 42 50 si
2875 724 90 48 fan
2999 722 163 60 cetra,

2076 800 150 65 Degli
2260 800 182 49 uccelli
2473 799 227 49 trillanti
2735 797 51 51 al
2820 799 74 48 sol
2929 797 232 64 d'aprile.

2075 910 190 58 Questo
2299 910 83 49 bel
2418 923 160 50 sogno
2613 908 62 48 de
2710 908 51 48 la
2795 908 108 48 vita
2942 907 178 49 antica,

2076 987 376 49 Eternamente
2486 982 220 67 ispirerà
2739 983 16 48 i
2796 982 159 64 poeti;

2077 1063 115 48 Essi
2226 1060 300 65 dispregian
2560 1059 63 48 de
2658 1058 122 49 l'età
2815 1056 250 65 primiera

2077 1138 41 48 Il
2152 1136 194 50 candor
2380 1135 95 48 che
2509 1134 42 48 si
2587 1134 111 49 cela
2731 1148 31 35 e
2783 1135 11 46 1
2832 1133 64 49 ha
2936 1131 211 65 segreti.

2079 1246 91 49 Pei
2203 1244 234 50 fanciulli
2471 1243 253 50 crescenti
2758 1242 55 49 in
2847 1242 117 48 clivi
2999 1242 188 61 aperti,

2077 1321 160 49 Tutta
2270 1321 28 48 è
2333 1319 166 50 lezion
2533 1318 230 50 d'amore
2797 1317 51 48 la
2881 1318 219 48 natura:

2080 1397 40 49 Il
2153 1397 116 49 volo
2303 1396 64 49 de
2402 1396 47 48 le
2482 1394 198 50 tortore
2715 1393 228 61 tubanti,

2081 1473 70 48 Le
2185 1470 231 50 libellule
2451 1469 202 51 erranti
2687 1483 32 34 a
2752 1468 166 49 l'aura
2954 1479 144 52 pura.

2081 1587 41 50 0
2156 1585 179 66 poveri
2372 1583 237 51 moderni
2645 1581 336 61 innamorati,

2082 1662 104 50 Che
2221 1660 166 50 celate
2423 1660 184 49 l'amor
2641 1658 83 50 del
2758 1672 119 35 core
2913 1657 55 50 in
3004 1656 168 60 fondo,

2081 1737 97 51 Voi
2213 1737 131 50 siete
2377 1736 83 49 dei
2494 1735 236 50 bambini
2771 1731 316 66 vergognosi

2084 1813 207 64 Troppo
2325 1811 136 49 tardi
2496 1810 182 50 venuti
2714 1810 48 48 al
2799 1808 209 50 vecchio
3044 1806 214 49 mondo!

2085 1928 43 48 A
2162 1926 122 65 qual
2319 1926 139 49 buon
2491 1924 122 61 fine,
2649 1924 49 48 la
2733 1923 207 64 stagion
2975 1920 79 50 dei
3091 1919 131 63 fiori,

2086 2004 61 47 Vi
2183 2000 210 51 schiude
2428 2000 11 48 i
2479 1999 113 49 suoi
2627 1998 264 64 mughetti
2927 2010 32 36 a
2992 1996 186 57 ciocca,
3214 2010 32 33 a
3277 1994 172 49 ciocca
3467 1994 19 48 ?

2085 2079 117 49 Ella
2233 2075 167 52 invita
2433 2090 32 35 a
2498 2075 184 48 l'amor
2716 2088 155 34 senza
2912 2071 222 62 rimorsi,

2086 2152 42 49 E
2160 2151 84 51 voi
2277 2150 227 49 tremate
2540 2149 50 49 di
2627 2147 233 51 baciarvi
2894 2146 54 50 in
2984 2145 184 51 bocca!

265 592 144 48 Dove
442 590 50 48 vi
528 588 146 61 siete,
708 602 31 36 o
772 586 218 59 estatici,
1025 583 301 61 incontrati,

265 664 269 51 Brucianti
570 662 260 51 entrambi
867 662 62 48 de
962 661 51 48 la
1047 661 167 48 stessa
1254 657 267 60 ebbrezza,

269 741 229 50 Essendo
532 753 159 37 ancor
725 738 81 48 del
842 736 147 50 bacio
1023 736 36 48 il
1096 734 148 50 fuoco
1277 733 138 61 vivo,

265 819 172 47 An''or
468 814 197 66 tiepida
697 813 56 50 in
786 812 109 49 viso
933 812 50 48 la
1014 809 248 51 carezza?

268 954 242 50 Mentr'ei
543 953 64 49 de
641 951 52 50 la
725 964 215 36 vezzosa
973 945 367 65 contemplava

270 1031 38 49 Il
344 1029 187 51 biondo
565 1028 110 49 crin
711 1026 82 50 dal
829 1026 108 50 sole
971 1024 282 56 carezzato,

269 1108 236 48 L'omero
541 1103 236 49 d'ambra
810 1100 84 50 dai
928 1099 188 49 riflessi
1149 1096 177 64 vaghi,

272 1180 114 50 Ella
418 1180 165 48 stessa
616 1178 166 49 l'avea
815 1175 180 65 laggiù
1030 1171 205 51 mirato.

273 1320 39 49 E
346 1331 152 37 senza
531 1317 120 50 dirsi
688 1330 105 35 una
829 1312 179 66 parola
1042 1311 126 60 sola,

270 1396 164 48 Senza
467 1392 219 66 parlarsi
721 1392 62 48 de
818 1388 189 65 l'egual
1044 1386 157 59 desio,

272 1471 73 49 La
379 1482 157 36 mano
569 1482 67 36 ne
669 1467 52 48 la
753 1479 140 47 man,
927 1476 209 52 presero
1169 1458 266 52 entrambi

274 1560 90 51 per
397 1546 36 48 il
470 1545 103 49 vial
608 1542 221 60 deserto,
865 1541 54 48 in
954 1538 142 50 dolce
1129 1536 152 50 oblio.

274 1686 39 48 E
348 1686 106 48 solo
489 1683 141 50 nella
666 1694 125 50 pace
827 1694 27 35 e
887 1678 87 49 nel
1011 1677 213 48 mistero

279 1760 89 50 Del
402 1760 154 49 bosco
590 1755 257 60 ombroso,
881 1754 53 47 in
970 1752 180 49 dedalo
1185 1749 203 61 silente,

275 1835 50 49 Si
364 1834 195 48 stesero
593 1830 49 51 le
675 1829 209 51 braccia
917 1829 54 47 in
1004 1825 136 51 forte
1174 1823 277 63 amplesso,

275 1910 54 50 Si
364 1922 210 53 porsero
608 1907 48 49 le
691 1904 193 51 bocche
918 1903 56 49 in
1009 1901 149 50 bacio
1192 1899 234 51 ardente.

278 2036 91 51 Sul
404 2035 155 49 molle
594 2030 252 62 muschio,
879 2028 134 50 sotto
1050 2042 69 35 un
1157 2025 296 66 padiglione

278 2112 62 50 Di
374 2108 280 53 sbocciami
689 2107 253 59 oleandri,
975 2120 32 33 a
1042 2105 50 47 la
1124 2100 275 59 blandizia,

277 2190 63 47 Al
374 2200 132 49 vago
539 2182 233 52 turbinio
806 2182 62 50 de
903 2181 48 48 le
988 2177 207 52 farfalle

278 2262 234 48 Bevvero
545 2257 180 65 goccia
758 2270 30 35 a
821 2254 181 65 goccia
1036 2251 122 64 ogni
1192 2248 201 51 delizia.

3030 2241 185 44 Nino
3469 2239 126 45 Stellacci.

1489 2382 906 157 L'APÔTRE

997 2637 201 66 C0119U
1240 2635 145 52 dans
1425 2632 53 52 le
1518 2631 195 70 péché,
1755 2627 202 54 nonrri
1998 2627 145 51 dans
2183 2623 388 69 l'iguorance,

997 2711 51 52 Il
1091 2709 187 69 surgit
1318 2728 74 33 au
1434 2705 192 53 déclin
1669 2705 138 52 d'un
1849 2702 171 52 siècle
2060 2700 258 53 maladif.

1006 2787 118 52 Son
1166 2803 160 35 coeur
1365 2800 110 52 qu.e
1517 2780 298 69 ravageait
1856 2796 81 34 un
1980 2777 149 52 désir
2171 2777 68 50 de
2281 2773 328 52 souffrance

1005 2862 162 51 Etait
1208 2862 53 50 le
1303 2876 160 36 coeur
1503 2858 183 52 blessé
1727 2856 140 51 d'un
1909 2853 333 69 redemptur
2282 2848 193 54 tardif.

1006 2974 50 51 Il
1095 2970 300 56 flétrissait
1434 2971 254 59 l'erreur,
1730 2965 279 70 l'orgueil,
2053 2966 57 50 la
2144 2963 345 69 jouissance,

1006 3048 160 53 Avec
1207 3049 53 51 le
1302 3049 226 49 sombre
1570 3046 207 51 accent
1818 3043 68 52 de
1927 3041 150 68 l'àge
2117 3036 266 74 primitif.

1009 3158 71 4 —
1119 3123 244 63 Parfois,
1406 3121 196 70 quand
1642 3120 42 51 il
1724 3116 250 71 pleurait
2014 3119 129 49 tout
2183 3116 101 50 bas
2327 3130 101 34 son
2478 3110 404 70 impuissance,

1009 3200 101 51 Ses
1153 3197 169 54 traits
1364 3194 457 54 s'illuminaient
1861 3192 139 51 d'un
2041 3190 234 52 charme
2314 3185 201 70 fugitif
2534 3204 9 46 ;

1006 3312 147 52 Mais
1195 3328 102 35 son
1339 3309 110 52 oeil
1489 3307 279 53 insoumis
1811 3322 129 35 sous
1980 3321 83 34 un
2103 3302 159 52 front
2303 3299 299 70 d'épigone

1007 3385 336 72 Rayonnait
1383 3402 132 36 sans
1557 3383 253 60 chaleur,
1853 3396 221 36 comme
2115 3394 81 35 un
2239 3375 160 52 soleil
2428 3374 351 52 d'automne.

1007 3464 82 51 les
1129 3465 191 66 portes
1360 3478 59 33 se
1458 3458 310 53 fermaient
1807 3458 60 48 et
1905 3455 81 50 les
2028 3468 187 37 coeurs
2257 3449 278 52 restaient
2576 3446 202 51 froids.

1014 3576 146 51 Sans
1200 3575 131 59 exil,
1374 3590 132 34 sans
1547 3570 187 69 patrie
1774 3568 42 51 il
1854 3568 315 68 parcourut
2207 3563 58 51 la
2304 3566 166 56 terre,

1014 3650 257 52 Détaclié
1315 3650 68 49 de
1424 3648 57 50 la
1520 3646 107 61 vie,
1672 3646 41 49 il
1754 3642 248 52 chercha
2040 3641 53 49 le
2135 3637 281 61 Calvaire,
2460 3667 71 5 —

1014 3726 147 51 Mais
1202 3725 226 50 l'herbe
1470 3721 158 53 avait
1669 3721 236 51 couvert
1945 3717 53 49 le
2039 3713 260 53 chermin
2341 3712 68 51 de
2450 3712 57 49 la
2555 3708 173 53 croix.

1518 3833 240 42 Baron
1802 3827 189 46 Roef
2021 3826 62 43 d'
2108 3819 214 58 Unger
2322 3819 43 58 n
2408 3819 427 58 Sternberg.

1849 3941 201 40 43
