4203 4234
240 339 576 163 Inchiesta
857 331 922 168 Internazionale
1820 329 101 162 di
1990 324 734 180 “POESIA„
2780 324 180 165 sul
3003 324 369 162 Verso
3425 321 402 163 Libero

477 573 181 47 Poiché
692 574 46 45 le
774 572 169 47 ultime
979 572 198 46 riforme
1213 569 241 52 ritmiche,
1489 582 27 33 e
1552 567 237 47 metriche
1825 564 244 60 compiute
2103 577 27 33 o
2164 566 189 44 tentate
2389 563 132 46 nella
2555 562 170 59 poesia
2759 560 225 55 italiana,
3021 573 287 33 accennano
3344 573 30 32 a
3406 572 215 47 generar
3665 558 140 47 confu-

232 639 134 47 sione
400 638 80 46 nei
514 635 178 47 cultori
725 648 142 33 meno
901 634 186 60 esperti
1121 633 156 47 d'arte
1312 632 207 59 poetica,
1554 629 228 47 abbiamo
1806 629 207 58 pensato
2037 626 358 58 d'interrogare
2423 625 42 46 le
2488 638 209 47 persone
2730 624 85 60 più
2851 621 311 61 competenti,
3199 621 215 47 affinchè
3448 623 49 45 la
3530 623 106 44 loro
3659 621 174 59 parola

232 715 140 35 serva
406 715 29 32 a
470 699 214 48 chiarire
719 700 45 45 le
796 698 193 59 ragioni
1023 712 26 31 e
1083 698 46 45 le
1163 698 154 44 forme
1352 695 129 47 delle
1516 693 172 47 ultime
1722 690 181 48 libertà
1935 690 225 47 tecniche
2194 689 51 45 in
2279 689 186 59 poesia.
2502 691 67 43 La
2603 689 169 45 nostra
2814 686 175 46 rivista
3036 686 197 60 dunque
3269 685 188 58 rivolge
3504 685 49 46 ai
3588 684 245 59 maggiori

232 764 128 62 poeti
395 764 203 45 d'Italia
631 764 46 44 le
712 760 228 60 seguenti
974 759 240 47 domande
1234 774 9 32 :

485 865 82 45 1.°
604 863 188 53 Quali
823 873 148 32 sono
1003 861 57 42 le
1091 860 203 42 vostre
1324 860 136 41 idee
1502 859 258 42 intorno
1801 856 123 44 alle
1964 855 110 55 |>iis
2117 853 235 44 recenti
2392 853 265 43 riforme
2696 851 89 42 rit
2791 850 257 43 mitiche
3078 861 32 31 e
3142 849 305 43 metriche
3490 849 343 43 introdotte

232 922 165 42 nella
426 921 214 42 nostra
669 919 372 41 letteratura
1070 916 292 56 poetica?

472 1016 85 42 2.°
594 1014 189 53 Quali
829 1025 147 29 sono
1007 1013 58 40 le
1094 1011 205 42 vostre
1343 1010 136 42 idee
1525 1020 114 42 |®ro
1669 1020 35 29 ©
1735 1006 218 43 contro
1991 1005 51 42 il
2083 1005 125 42 così
2255 1004 169 42 detto
2455 1014 174 30 verso
2674 1001 198 43 libero
2903 1001 70 42 in
3020 1000 209 52 Italia,
3261 1000 280 42 derivato
3572 999 102 41 dal
3697 1010 136 30 vers

233 1074 158 43 libre
423 1074 277 40 francese
730 1071 112 42 che
874 1070 269 44 Gustave
1175 1068 194 42 Mahn
1398 1068 84 41 ha
1511 1066 206 42 creato
1746 1065 70 42 in
1848 1062 266 45 Francia
2131 1063 33 41 ?

480 1169 37 43 E
551 1167 182 60 perchè
776 1166 49 45 la
871 1164 305 47 discussione
1223 1162 75 46 sia
1342 1161 88 61 più
1474 1161 142 46 vasta
1649 1173 27 33 e
1710 1157 87 61 più
1843 1156 339 56 concludente,
2218 1155 160 46 Poesia
2424 1154 188 58 rivolge
2658 1152 48 47 ai
2752 1151 245 60 maggiori
3041 1151 134 61 poeti
3210 1165 26 33 e
3271 1151 160 46 critici
3466 1151 49 46 di
3562 1150 211 45 Francia
3808 1164 25 31 e

233 1230 243 60 d'Europa
509 1231 50 46 la
594 1230 236 58 seguente
865 1227 243 47 domanda
1131 1241 9 31 :

475 1331 131 52 Que
635 1338 402 46 pcnscz-vons
1066 1327 85 42 dn
1180 1336 139 30 vers
1348 1324 162 42 libre
1529 1323 33 42 ?

463 1501 318 46 POESIA.ha
802 1497 293 56 pubblicato
1137 1498 43 40 le
1219 1496 209 52 risposte
1473 1495 51 39 di

233 1585 224 51 Jdahn,
480 1581 276 46 Arturo
790 1578 329 55 Colautti,
1143 1576 300 47 Francis
1691 1572 153 47 Grif-

243 1667 115 54 fin,
543 1666 229 45 Elmile
1053 1666 451 45 Verhaerei.2,

238 1747 359 54 Rachilde,
1030 1745 857 44 FidouardDuc
1326 1738 375 47 Domenico

239 1829 224 53 miati,
756 1829 226 44 Marie
1270 1825 342 56 Daug-uet,

245 1912 112 44 vio
588 1914 234 40 JBenco
1099 1942 16 21 ,
1256 1909 360 44 A.ntonino

242 1994 278 44 Pascoli
838 2025 17 22 ,
1007 1992 298 55 Angiolo
1296 1992 591 50 Orv,
1387 1985 348 47 Contesse

231 2078 336 52 Noailles,
628 2078 252 49 Neera,
932 2075 195 46 Jules
1185 2072 192 53 JBois,
1415 2066 253 47 Albert
1703 2067 136 44 Moc-

239 2161 133 52 liei,
610 2158 254 45 Albert
1212 2155 383 53 Boissière,

248 2244 321 44 Gabriele
972 2241 63 45 d*
1037 2239 396 53 Annunzio,

239 2325 348 52 Dehemel,
1023 2323 350 47 Giovanni
1818 2321 69 44 Ma

239 2408 147 53 rili,
601 2408 197 43 Arno
1085 2406 202 51 Hoiz,
1567 2404 293 44 Camillo

243 2492 123 41 dor
602 2490 263 52 Bueda,
1225 2488 229 44 Henri
1311 2485 576 47 GhF.

234 2570 455 45 Bernardini.

234 2742 392 45 ARTHUR
668 2738 365 46 SYMONS
1061 2737 231 53 risponde
1310 2747 9 28 :

487 2861 113 45 Cher
633 2861 203 56 confrère
870 2866 38 37 et
941 2860 106 54 ami,

358 2977 131 43 Dans
524 2987 66 33 un
625 2973 187 47 eertain
866 2986 112 33 sens
1028 2973 110 43 tous
1173 2972 72 44 les
1279 2982 112 33 vers
1427 2967 193 59 angiais
1655 2969 111 43 sont
1799 2967 85 45 des

235 3062 111 33 vers
394 3049 166 46 libres.
611 3050 74 44 Du
729 3050 88 42 XII
859 3061 66 31 au
958 3048 91 44 XV
1084 3045 149 46 siècle
1284 3045 45 45 le
1382 3057 111 31 vers
1543 3041 196 60 angiais
1790 3041 45 45 n'
1856 3055 29 32 a

230 3123 181 59 jamais
464 3125 77 45 été
586 3123 162 58 obligé
800 3121 162 46 d'ètre
1014 3119 414 61 syllabiquement
1462 3119 159 44 exact.
1655 3116 141 46 Ainsi
1830 3130 55 33 ce

235 3200 82 57 qui
355 3201 75 45 est
468 3200 111 59 plus
618 3199 269 58 important
921 3198 123 45 dans
1070 3198 44 44 le
1147 3210 100 32 vers
1282 3196 108 44 libre
1430 3193 217 55 frangais
1683 3208 39 30 c.
1758 3207 44 31 a.
1838 3191 46 47 d.

234 3273 494 47 l'affrancliissement
762 3273 64 44 da
863 3273 190 55 rythme
1087 3271 116 45 hors
1237 3269 43 47 d'
1301 3282 96 33 une
1442 3266 226 61 quantité
1700 3266 97 47 flxe
1832 3269 49 43 et

238 3348 184 49 limitóe
471 3348 59 47 de
581 3348 227 57 syllabes,
844 3349 76 43 est
954 3346 31 45 à
1016 3359 97 46 peu
1146 3346 114 59 près
1311 3342 359 60 l'acceptation
1721 3342 60 46 de
1830 3355 55 33 ce

238 3424 82 58 qui
355 3438 28 31 a
414 3422 224 60 toujours
672 3420 79 49 été
788 3422 47 46 la
869 3421 65 46 loi
968 3421 124 46 dans
1127 3421 48 45 la
1208 3417 333 49 versifìcation
1581 3416 239 60 anglaise.

364 3502 69 42 En
468 3501 155 43 mème
656 3500 174 57 temps,
865 3497 34 44 il
934 3511 31 44 y
999 3511 30 31 a
1062 3497 122 45 dans
1219 3497 49 45 la
1308 3494 165 61 poesie
1508 3494 239 58 anglaise,
1782 3505 97 33 une

238 3575 171 58 espèce
445 3575 58 46 de
538 3588 111 33 vers
689 3574 77 58 qu'
786 3586 61 33 on
898 3572 226 60 pourrait
1156 3572 203 59 appeler
1393 3584 111 33 vers
1540 3570 139 54 libre,
1716 3567 146 47 relati-

239 3651 193 45 vement
465 3649 29 45 à
527 3650 51 44 la
611 3646 333 48 eonstruction
981 3647 219 45 normale
1235 3646 85 44 des
1355 3659 126 31 vers.

365 3727 129 45 Nous
543 3737 61 33 en
652 3727 233 42 trouvons
938 3723 85 45 des
1071 3722 250 59 exemples
1369 3721 124 46 dans
1542 3721 46 44 le
1641 3735 24 27 «
1687 3718 195 46 Samson

242 3800 236 54 Agonistes
496 3816 25 27 »
548 3800 59 45 de
630 3798 173 46 Milton
838 3800 49 44 et
921 3797 122 46 dans
1077 3796 248 61 plusieurs
1358 3796 197 58 poèmes
1589 3793 58 47 de
1673 3793 214 45 Mathew

244 3876 183 46 Arnold
459 3877 49 45 et
553 3875 58 45 de
657 3875 206 44 Hewles.
917 3873 73 46 On
1025 3886 31 43 y
1090 3883 259 47 remarque
1399 3882 212 47 presque
1659 3867 228 60 toujours

244 3963 92 46 que
367 3952 46 46 le
447 3952 144 58 poète
639 3950 292 47 abandonne
965 3950 50 44 la
1048 3947 122 46 rime
1221 3948 104 45 tout
1358 3960 60 30 en
1453 3944 352 46 abandonnant
1838 3943 47 45 la

243 4027 268 57 régularité
545 4027 65 46 du
644 4026 208 57 rythme.

3201 1313 49 42 F.
3283 1315 50 40 T.
3365 1312 359 43 MARINETTI.

3421 1381 9 10 «

2313 1448 125 46 Mais
2472 1449 128 45 cette
2636 1447 153 46 forme
2822 1444 298 62 prosodique
3144 1458 29 32 a
3207 1446 78 45 été
3319 1446 102 45 très
3456 1446 249 44 rarement
3739 1457 66 33 em-

2186 1526 200 58 ployée;
2422 1537 54 33 ce
2510 1523 98 60 qui,
2633 1536 76 31 me
2735 1520 320 56 semble-t-il,
3075 1523 76 43 est
3175 1520 195 46 naturel
3395 1522 136 44 étant
3554 1517 188 49 donnés
3766 1520 71 45 les

2187 1599 183 47 limites
2415 1598 529 61 exceptionnellement
2977 1598 165 57 larges
3178 1597 118 45 dont
3324 1594 130 60 jouit
3488 1595 48 45 la
3570 1594 174 47 liberté
3780 1595 58 46 de

2187 1677 49 44 la
2270 1674 335 47 versiflcation
2641 1672 237 59 anglaise.

2313 1752 69 43 La
2415 1748 241 47 tentative
2690 1747 78 59 qu'
2789 1760 31 32 a
2863 1745 121 47 faite
3019 1759 60 33 en
3116 1745 261 60 Amerique
3412 1745 138 46 Walt
3583 1743 255 47 Whitman

2189 1825 44 46 n'
2253 1839 31 32 a
2317 1824 109 47 rieri
2462 1825 29 46 à
2525 1824 126 46 faire
2685 1837 121 31 avec
2840 1823 46 45 le
3638 1837 100 30 vers
3175 1819 195 60 anglais
3404 1821 316 59 proprement
3755 1819 85 46 dit.

2313 1904 131 46 Dans
2480 1914 86 33 son
2601 1914 172 33 oeuvre
2808 1900 225 59 superbe,
3059 1896 86 61 qui
3168 1912 30 31 a
3221 1899 174 44 ouvert
3419 1895 84 47 des
3536 1895 302 60 possibilités

2187 1976 271 47 inconnues
2483 1976 31 46 à
2538 1976 47 46 la
2608 1975 181 60 poesie,
2824 1974 255 46 Whitman
3117 1973 224 59 employe
3376 1973 247 44 rarement
3643 1998 56 4 —
3719 1984 123 46 pour

2187 2051 249 60 plusieurs
2460 2065 112 33 vers
2598 2051 58 46 de
2683 2050 127 47 suite
2830 2078 56 4 —
2913 2063 63 31 un
3007 2049 194 58 rythme
3225 2047 353 46 foncièrement
3614 2045 228 47 différent

2189 2128 64 45 du
2286 2129 195 58 rythme
2515 2129 59 44 de
2609 2129 50 44 la
2692 2140 160 47 prose.

2314 2206 98 43 Par
2447 2204 240 45 moments
2736 2215 62 32 on
2839 2200 126 47 croit
3014 2200 80 60 qu'
3115 2199 35 44 il
3200 2213 62 31 va
3311 2199 201 45 trouver
3546 2210 65 32 un
3648 2197 190 58 rythme

2190 2281 204 60 capable
2430 2294 60 32 en
2525 2281 156 45 mème
2730 2280 161 57 temps
2925 2276 60 47 de
3019 2276 168 60 parler
3221 2288 183 33 comme
3440 2275 48 44 la
3521 2286 143 46 prose
3701 2274 47 44 et
3783 2272 59 46 de

2189 2357 205 46 chanter
2430 2369 184 33 comme
2650 2356 47 45 la
2731 2352 190 61 poésie;
2972 2351 140 56 mais,
3149 2354 148 43 avant
3348 2347 135 61 qu'il
3532 2347 116 46 l'ait
3697 2346 143 56 suivi,

2187 2432 46 46 le
2257 2432 192 57 rythme
2485 2434 108 55 trop
2629 2427 188 48 indecis
2853 2428 128 45 s'est
3015 2423 228 63 evaporò,
3280 2426 48 44 et
3363 2425 127 44 c'est
3525 2423 29 45 à
3588 2422 176 46 douter
3797 2421 41 46 si

2187 2510 46 44 le
2266 2509 144 59 poète
2444 2521 29 33 a
2506 2505 290 48 réellement
2830 2516 182 48 apergu
3046 2515 53 33 ce
3140 2501 77 60 qu'
3238 2501 35 44 il
3316 2500 135 47 vient
3485 2498 59 46 de
3578 2497 197 61 perdre.

2189 2769 259 43 JLIINO
2478 2766 236 43 UOLiZ
2739 2763 231 53 risponde
2989 2774 9 28 :

2317 2890 69 44 La
2419 2887 153 46 forme
2608 2898 94 46 que
2736 2884 97 45 l'on
2868 2882 193 60 appelle
3097 2893 59 33 en
3192 2882 185 43 France
3413 2876 171 59 depuis
3631 2877 214 44 Gustave

2191 2964 146 46 Kahn
2375 2980 27 26 «
2435 2976 113 33 vers
2582 2962 125 46 libre
2745 2976 39 39 »,
2821 2962 74 43 est
2929 2971 60 33 en
3024 2954 179 61 emploi
3236 2968 60 32 en
3332 2953 289 58 Allemagne
3672 2950 173 60 depuis

2190 3039 86 46 des
2325 3036 321 61 générations
2695 3047 115 34 sous
2861 3034 48 45 la
2955 3030 309 59 désignation
3319 3044 24 27 «
3391 3027 193 58 rythme
3635 3025 126 46 libre
3804 3042 41 29 ».

2190 3116 93 45 J'ai
2317 3114 253 46 démontré
2604 3113 123 44 dans
2760 3122 113 33 mon
2906 3108 123 46 livre
3056 3122 26 28 «
3107 3103 289 49 Révolution
3422 3103 60 46 de
3504 3103 50 44 la
3583 3102 193 59 lyrique
3802 3117 43 39 »,

2189 3188 167 48 Berlin
2393 3188 135 56 1899,
2561 3187 244 45 comment
2843 3184 127 46 cette
3019 3182 154 45 forme
3221 3180 76 46 est
3346 3178 226 58 identique
3623 3177 124 45 dans
3799 3177 47 45 le

2186 3263 225 61 principe
2444 3276 122 33 avec
2598 3263 162 44 toutes
2794 3260 73 45 les
2915 3258 169 44 autres
3135 3254 179 47 formes
3347 3251 399 47 traditionnelles
3781 3249 64 47 de

2191 3340 49 45 la
2271 3338 195 60 lyrique
2500 3339 49 45 et
2581 3349 94 47 que
2709 3334 96 46 l'on
2841 3347 61 31 ne
2935 3333 119 58 peut
3085 3343 90 46 pas
3209 3340 180 47 songer
3422 3342 30 31 a
3484 3340 66 32 un
3591 3325 228 47 renouvel-

2189 3415 184 46 lement
2405 3414 59 44 de
2499 3414 76 44 cet
2608 3411 90 46 Art
2731 3410 43 46 si
2807 3408 98 47 l'on
2941 3405 341 47 n'abandonne
3316 3418 91 46 pas
3441 3403 310 59 auparavant
3793 3414 54 33 ce

2186 3490 216 55 principe.
2438 3489 176 44 Toutes
2647 3485 73 47 les
2754 3484 178 46 formes
2976 3494 94 47 que
3120 3480 109 46 l'on
3280 3491 62 34 en
3393 3476 224 55 dérivait,
3661 3475 188 48 étaient

2190 3563 291 48 arbitraires
2500 3563 9 44 !
2549 3563 42 44 A
2629 3573 82 33 ces
2759 3559 179 46 formes
3764 3556 88 46 arbi
3276 3552 37 61 j'
3336 3551 205 62 opposai
3592 3552 50 45 la
3694 3551 155 46 forme

2199 3640 256 53 nécessaire,
2471 3638 136 45 seule
2640 3638 48 44 et
2721 3634 198 59 unique,
2955 3631 83 60 qui
3075 3629 207 48 s'ensuit
3638 3625 209 47 aussitòt

2190 3728 94 45 que
2317 3714 99 45 l'on
2450 3710 248 49 contraint
2730 3707 322 61 l'expression
3087 3706 124 46 dans
3256 3706 49 45 la

2191 3790 263 60 (adequate
2488 3784 244 62 Fassung)
2784 3787 30 44 à
2848 3796 53 33 ce
2952 3796 93 46 que
3095 3781 97 46 l'on
3243 3780 103 45 doit
3394 3777 264 61 exprimer.
3714 3777 136 46 Cette

2191 3866 145 45 tàche
2380 3865 77 46 est
2506 3862 42 46 si
2598 3861 213 55 difficile,
2862 3872 94 46 que
3007 3859 71 45 les
3129 3856 243 47 obstacles
3422 3852 315 61 qu'ofFraient
3789 3865 63 33 au

2194 3941 227 45 créateur
2454 3939 71 45 les
2568 3937 182 46 formes
3383 3936 236 44 anciennes
3060 3945 61 33 en
3170 3930 181 61 emploi
3393 3928 200 60 jusqu'à
3647 3930 205 57 présent

2194 4015 324 56 disparaissent
2568 4026 93 45 par
2714 4024 56 33 co
2777 4012 51 43 ut
2831 4024 66 34 re.
2956 4006 307 48 Néammoins
3318 4005 272 47 seulement
3644 4016 85 33 sur
3790 4015 56 33 ce
