<?xml version="1.0" encoding="UTF-8"?>
<alto xmlns:xsi="http://www.w3.org/2001/XMLSchema-instance" xmlns="http://www.loc.gov/standards/alto/ns-v2#" xsi:schemaLocation="http://www.loc.gov/standards/alto/ns-v2# http://www.loc.gov/standards/alto/alto-v2.0.xsd" xmlns:xlink="http://www.w3.org/1999/xlink">
	<Description>
		<MeasurementUnit>mm10</MeasurementUnit>
		<sourceImageInformation>
			<fileName>//fileserver7/IN2/Princeton/Batch3/bmtnaai/1906/07_01/00000053.tif</fileName>
		</sourceImageInformation>
		<OCRProcessing ID="OCRPROCESSING_1">
			<preProcessingStep>
				<processingSoftware>
					<softwareCreator>CCS Content Conversion Specialists GmbH, Germany</softwareCreator>
					<softwareName>CCS docWORKS</softwareName>
					<softwareVersion>6.6-1.18</softwareVersion>
				</processingSoftware>
			</preProcessingStep>
			<ocrProcessingStep>
				<processingSoftware>
					<softwareCreator>ABBYY (BIT Software), Russia</softwareCreator>
					<softwareName>FineReader</softwareName>
					<softwareVersion>10.0</softwareVersion>
				</processingSoftware>
			</ocrProcessingStep>
		</OCRProcessing>
		<OCRProcessing ID="OCRPROCESSING_2">
			<preProcessingStep>
				<processingSoftware>
					<softwareCreator>CCS Content Conversion Specialists GmbH, Germany</softwareCreator>
					<softwareName>CCS docWORKS</softwareName>
					<softwareVersion>6.6-1.18</softwareVersion>
				</processingSoftware>
			</preProcessingStep>
			<ocrProcessingStep>
				<processingSoftware>
					<softwareCreator>ABBYY (BIT Software), Russia</softwareCreator>
					<softwareName>NA</softwareName>
				</processingSoftware>
			</ocrProcessingStep>
		</OCRProcessing>
	</Description>
	<Styles>
		<TextStyle ID="TXT_0" FONTSIZE="16" FONTFAMILY="Times New Roman"/>
		<TextStyle ID="TXT_1" FONTSIZE="19" FONTFAMILY="Times New Roman"/>
		<TextStyle ID="TXT_2" FONTSIZE="21" FONTFAMILY="Courier New" FONTSTYLE="italics"/>
		<TextStyle ID="TXT_3" FONTSIZE="34" FONTFAMILY="Arial"/>
		<TextStyle ID="TXT_4" FONTSIZE="19" FONTFAMILY="Courier New" FONTSTYLE="italics"/>
		<TextStyle ID="TXT_5" FONTSIZE="44" FONTFAMILY="Courier New"/>
		<ParagraphStyle ID="PAR_RIGHT" ALIGN="Right"/>
		<ParagraphStyle ID="PAR_LEFT" ALIGN="Left"/>
	</Styles>
	<Layout>
		<Page ID="P53" PHYSICAL_IMG_NR="53" HEIGHT="4234" WIDTH="4203" PRINTED_IMG_NR="45" PC="0.899">
			<TopMargin ID="P53_TM00001" HPOS="0" VPOS="0" WIDTH="4203" HEIGHT="200">
				<TextBlock ID="P53_TB00001" HPOS="3397" VPOS="155" WIDTH="296" HEIGHT="42" STYLEREFS="TXT_0 PAR_RIGHT">
					<TextLine ID="P53_TL00001" HPOS="3398" VPOS="156" WIDTH="295" HEIGHT="41">
						<String ID="P53_ST00001" HPOS="3398" VPOS="156" WIDTH="295" HEIGHT="41" CONTENT="POESIA" WC="0.98" CC="550022"/>
					</TextLine>
				</TextBlock>
			</TopMargin>
			<LeftMargin ID="P53_LM00001" HPOS="0" VPOS="200" WIDTH="169" HEIGHT="3698"/>
			<RightMargin ID="P53_RM00001" HPOS="3783" VPOS="200" WIDTH="420" HEIGHT="3698"/>
			<BottomMargin ID="P53_BM00001" HPOS="0" VPOS="3898" WIDTH="4203" HEIGHT="336"/>
			<PrintSpace ID="P53_PS00001" HPOS="169" VPOS="200" WIDTH="3614" HEIGHT="3698">
				<TextBlock ID="P53_TB00002" HPOS="967" VPOS="306" WIDTH="57" HEIGHT="50" STYLEREFS="TXT_1 PAR_LEFT">
					<TextLine ID="P53_TL00002" HPOS="968" VPOS="307" WIDTH="55" HEIGHT="49">
						<String ID="P53_ST00002" HPOS="968" VPOS="307" WIDTH="55" HEIGHT="49" CONTENT="V." WC="0.82" CC="03"/>
					</TextLine>
				</TextBlock>
				<TextBlock ID="P53_TB00003" HPOS="386" VPOS="445" WIDTH="1203" HEIGHT="1337" STYLEREFS="TXT_1 PAR_LEFT">
					<TextLine ID="P53_TL00003" HPOS="388" VPOS="445" WIDTH="973" HEIGHT="66">
						<String ID="P53_ST00003" HPOS="388" VPOS="446" WIDTH="138" HEIGHT="64" CONTENT="Agili" WC="0.98" CC="06460"/>
						<SP ID="P53_SP00001" HPOS="526" VPOS="510" WIDTH="36"/>
						<String ID="P53_ST00004" HPOS="562" VPOS="446" WIDTH="117" HEIGHT="65" CONTENT="puri" WC="0.96" CC="6770"/>
						<SP ID="P53_SP00002" HPOS="679" VPOS="511" WIDTH="35"/>
						<String ID="P53_ST00005" HPOS="714" VPOS="445" WIDTH="422" HEIGHT="63" CONTENT="fiammeggianti" WC="0.99" CC="0035157766326"/>
						<SP ID="P53_SP00003" HPOS="1136" VPOS="511" WIDTH="35"/>
						<String ID="P53_ST00006" HPOS="1171" VPOS="445" WIDTH="190" HEIGHT="49" CONTENT="stocchi" WC="0.98" CC="7604142"/>
					</TextLine>
					<TextLine ID="P53_TL00004" HPOS="388" VPOS="534" WIDTH="924" HEIGHT="49">
						<String ID="P53_ST00007" HPOS="388" VPOS="536" WIDTH="49" HEIGHT="47" CONTENT="le" WC="0.94" CC="00"/>
						<SP ID="P53_SP00004" HPOS="437" VPOS="583" WIDTH="33"/>
						<String ID="P53_ST00008" HPOS="470" VPOS="536" WIDTH="89" HEIGHT="47" CONTENT="tue" WC="0.97" CC="060"/>
						<SP ID="P53_SP00005" HPOS="559" VPOS="583" WIDTH="38"/>
						<String ID="P53_ST00009" HPOS="597" VPOS="534" WIDTH="124" HEIGHT="49" CONTENT="torri" WC="0.97" CC="54760"/>
						<SP ID="P53_SP00006" HPOS="721" VPOS="583" WIDTH="37"/>
						<String ID="P53_ST00010" HPOS="758" VPOS="534" WIDTH="42" HEIGHT="49" CONTENT="si" WC="0.50" CC="54"/>
						<SP ID="P53_SP00007" HPOS="800" VPOS="583" WIDTH="35"/>
						<String ID="P53_ST00011" HPOS="835" VPOS="534" WIDTH="204" HEIGHT="49" CONTENT="librano" WC="0.99" CC="0009030"/>
						<SP ID="P53_SP00008" HPOS="1039" VPOS="583" WIDTH="34"/>
						<String ID="P53_ST00012" HPOS="1073" VPOS="534" WIDTH="239" HEIGHT="49" CONTENT="nell'aria" WC="0.98" CC="645725708"/>
					</TextLine>
					<TextLine ID="P53_TL00005" HPOS="390" VPOS="621" WIDTH="877" HEIGHT="51">
						<String ID="P53_ST00013" HPOS="390" VPOS="638" WIDTH="26" HEIGHT="34" CONTENT="e" WC="0.56" CC="4"/>
						<SP ID="P53_SP00009" HPOS="416" VPOS="672" WIDTH="36"/>
						<String ID="P53_ST00014" HPOS="452" VPOS="621" WIDTH="140" HEIGHT="50" CONTENT="dalla" WC="0.97" CC="69230"/>
						<SP ID="P53_SP00010" HPOS="592" VPOS="672" WIDTH="31"/>
						<String ID="P53_ST00015" HPOS="623" VPOS="621" WIDTH="138" HEIGHT="50" CONTENT="cima" WC="0.96" CC="4056"/>
						<SP ID="P53_SP00011" HPOS="761" VPOS="672" WIDTH="31"/>
						<String ID="P53_ST00016" HPOS="792" VPOS="623" WIDTH="141" HEIGHT="48" CONTENT="nuda" WC="0.97" CC="0249"/>
						<SP ID="P53_SP00012" HPOS="933" VPOS="672" WIDTH="37"/>
						<String ID="P53_ST00017" HPOS="970" VPOS="638" WIDTH="27" HEIGHT="33" CONTENT="e" WC="0.71" CC="2"/>
						<SP ID="P53_SP00013" HPOS="997" VPOS="672" WIDTH="34"/>
						<String ID="P53_ST00018" HPOS="1031" VPOS="621" WIDTH="236" HEIGHT="51" CONTENT="solitaria" WC="0.98" CC="652490608"/>
					</TextLine>
					<TextLine ID="P53_TL00006" HPOS="387" VPOS="708" WIDTH="1152" HEIGHT="67">
						<String ID="P53_ST00019" HPOS="387" VPOS="712" WIDTH="240" HEIGHT="63" CONTENT="guardan" WC="0.58" CC="6600807"/>
						<SP ID="P53_SP00014" HPOS="627" VPOS="775" WIDTH="33"/>
						<String ID="P53_ST00020" HPOS="660" VPOS="726" WIDTH="97" HEIGHT="35" CONTENT="con" WC="0.95" CC="444"/>
						<SP ID="P53_SP00015" HPOS="757" VPOS="775" WIDTH="34"/>
						<String ID="P53_ST00021" HPOS="791" VPOS="710" WIDTH="145" HEIGHT="50" CONTENT="occhi" WC="0.97" CC="65350"/>
						<SP ID="P53_SP00016" HPOS="936" VPOS="775" WIDTH="37"/>
						<String ID="P53_ST00022" HPOS="973" VPOS="710" WIDTH="186" HEIGHT="50" CONTENT="torbidi" WC="0.99" CC="0095000"/>
						<SP ID="P53_SP00017" HPOS="1159" VPOS="775" WIDTH="35"/>
						<String ID="P53_ST00023" HPOS="1194" VPOS="710" WIDTH="73" HEIGHT="64" CONTENT="gli" WC="0.94" CC="923"/>
						<SP ID="P53_SP00018" HPOS="1267" VPOS="775" WIDTH="40"/>
						<String ID="P53_ST00024" HPOS="1307" VPOS="708" WIDTH="232" HEIGHT="51" CONTENT="allocchi." WC="0.99" CC="005105703"/>
					</TextLine>
					<TextLine ID="P53_TL00007" HPOS="390" VPOS="835" WIDTH="1113" HEIGHT="61">
						<String ID="P53_ST00025" HPOS="390" VPOS="837" WIDTH="66" HEIGHT="50" CONTENT="Se" WC="0.62" CC="60"/>
						<SP ID="P53_SP00019" HPOS="456" VPOS="887" WIDTH="33"/>
						<String ID="P53_ST00026" HPOS="489" VPOS="837" WIDTH="106" HEIGHT="49" CONTENT="mai" WC="0.99" CC="100"/>
						<SP ID="P53_SP00020" HPOS="595" VPOS="887" WIDTH="35"/>
						<String ID="P53_ST00027" HPOS="630" VPOS="836" WIDTH="152" HEIGHT="50" CONTENT="verrà" WC="0.97" CC="03594"/>
						<SP ID="P53_SP00021" HPOS="782" VPOS="887" WIDTH="33"/>
						<String ID="P53_ST00028" HPOS="815" VPOS="837" WIDTH="95" HEIGHT="49" CONTENT="che" WC="0.95" CC="436"/>
						<SP ID="P53_SP00022" HPOS="910" VPOS="887" WIDTH="37"/>
						<String ID="P53_ST00029" HPOS="947" VPOS="850" WIDTH="103" HEIGHT="36" CONTENT="una" WC="0.97" CC="710"/>
						<SP ID="P53_SP00023" HPOS="1050" VPOS="887" WIDTH="34"/>
						<String ID="P53_ST00030" HPOS="1084" VPOS="836" WIDTH="171" HEIGHT="50" CONTENT="saetta" WC="0.98" CC="800007"/>
						<SP ID="P53_SP00024" HPOS="1255" VPOS="887" WIDTH="33"/>
						<String ID="P53_ST00031" HPOS="1288" VPOS="835" WIDTH="215" HEIGHT="61" CONTENT="scocchi," WC="0.98" CC="77054564"/>
					</TextLine>
					<TextLine ID="P53_TL00008" HPOS="392" VPOS="925" WIDTH="978" HEIGHT="63">
						<String ID="P53_ST00032" HPOS="392" VPOS="926" WIDTH="238" HEIGHT="61" CONTENT="mortale," WC="0.99" CC="24000746"/>
						<SP ID="P53_SP00025" HPOS="630" VPOS="987" WIDTH="34"/>
						<String ID="P53_ST00033" HPOS="664" VPOS="926" WIDTH="65" HEIGHT="48" CONTENT="da" WC="1.00" CC="00"/>
						<SP ID="P53_SP00026" HPOS="729" VPOS="987" WIDTH="34"/>
						<String ID="P53_ST00034" HPOS="763" VPOS="939" WIDTH="108" HEIGHT="35" CONTENT="una" WC="0.94" CC="068"/>
						<SP ID="P53_SP00027" HPOS="871" VPOS="987" WIDTH="33"/>
						<String ID="P53_ST00035" HPOS="904" VPOS="926" WIDTH="141" HEIGHT="48" CONTENT="córte" WC="0.98" CC="47005"/>
						<SP ID="P53_SP00028" HPOS="1045" VPOS="987" WIDTH="34"/>
						<String ID="P53_ST00036" HPOS="1079" VPOS="925" WIDTH="291" HEIGHT="63" CONTENT="sagittaria," WC="0.99" CC="47070086000"/>
					</TextLine>
					<TextLine ID="P53_TL00009" HPOS="388" VPOS="1014" WIDTH="980" HEIGHT="63">
						<String ID="P53_ST00037" HPOS="388" VPOS="1016" WIDTH="75" HEIGHT="58" CONTENT="tu," WC="0.98" CC="014"/>
						<SP ID="P53_SP00029" HPOS="463" VPOS="1074" WIDTH="33"/>
						<String ID="P53_ST00038" HPOS="496" VPOS="1014" WIDTH="249" HEIGHT="63" CONTENT="Bologna," WC="0.98" CC="66109180"/>
						<SP ID="P53_SP00030" HPOS="745" VPOS="1077" WIDTH="33"/>
						<String ID="P53_ST00039" HPOS="778" VPOS="1014" WIDTH="179" HEIGHT="49" CONTENT="vedrai" WC="0.98" CC="050904"/>
						<SP ID="P53_SP00031" HPOS="957" VPOS="1077" WIDTH="35"/>
						<String ID="P53_ST00040" HPOS="992" VPOS="1015" WIDTH="105" HEIGHT="48" CONTENT="sole" WC="0.97" CC="4163"/>
						<SP ID="P53_SP00032" HPOS="1097" VPOS="1077" WIDTH="34"/>
						<String ID="P53_ST00041" HPOS="1131" VPOS="1014" WIDTH="237" HEIGHT="49" CONTENT="nell'aria" WC="0.98" CC="523407646"/>
					</TextLine>
					<TextLine ID="P53_TL00010" HPOS="394" VPOS="1100" WIDTH="1042" HEIGHT="66">
						<String ID="P53_ST00042" HPOS="394" VPOS="1103" WIDTH="44" HEIGHT="48" CONTENT="le" WC="0.55" CC="53"/>
						<SP ID="P53_SP00033" HPOS="438" VPOS="1151" WIDTH="34"/>
						<String ID="P53_ST00043" HPOS="472" VPOS="1104" WIDTH="92" HEIGHT="47" CONTENT="tue" WC="0.96" CC="054"/>
						<SP ID="P53_SP00034" HPOS="564" VPOS="1151" WIDTH="34"/>
						<String ID="P53_ST00044" HPOS="598" VPOS="1103" WIDTH="128" HEIGHT="49" CONTENT="torri" WC="1.00" CC="00000"/>
						<SP ID="P53_SP00035" HPOS="726" VPOS="1152" WIDTH="37"/>
						<String ID="P53_ST00045" HPOS="763" VPOS="1103" WIDTH="235" HEIGHT="63" CONTENT="precinte" WC="0.99" CC="50040803"/>
						<SP ID="P53_SP00036" HPOS="998" VPOS="1166" WIDTH="36"/>
						<String ID="P53_ST00046" HPOS="1034" VPOS="1103" WIDTH="66" HEIGHT="48" CONTENT="da" WC="0.65" CC="07"/>
						<SP ID="P53_SP00037" HPOS="1100" VPOS="1166" WIDTH="34"/>
						<String ID="P53_ST00047" HPOS="1134" VPOS="1100" WIDTH="302" HEIGHT="51" CONTENT="cent'occhi." WC="0.53" CC="46402655562"/>
					</TextLine>
					<TextLine ID="P53_TL00011" HPOS="391" VPOS="1227" WIDTH="997" HEIGHT="66">
						<String ID="P53_ST00048" HPOS="391" VPOS="1230" WIDTH="155" HEIGHT="48" CONTENT="Come" WC="0.98" CC="4102"/>
						<SP ID="P53_SP00038" HPOS="546" VPOS="1278" WIDTH="33"/>
						<String ID="P53_ST00049" HPOS="579" VPOS="1228" WIDTH="49" HEIGHT="50" CONTENT="al" WC="0.67" CC="06"/>
						<SP ID="P53_SP00039" HPOS="628" VPOS="1278" WIDTH="35"/>
						<String ID="P53_ST00050" HPOS="663" VPOS="1230" WIDTH="179" HEIGHT="63" CONTENT="tempo" WC="0.98" CC="80401"/>
						<SP ID="P53_SP00040" HPOS="842" VPOS="1293" WIDTH="35"/>
						<String ID="P53_ST00051" HPOS="877" VPOS="1228" WIDTH="83" HEIGHT="50" CONTENT="dei" WC="1.00" CC="000"/>
						<SP ID="P53_SP00041" HPOS="960" VPOS="1293" WIDTH="33"/>
						<String ID="P53_ST00052" HPOS="993" VPOS="1228" WIDTH="151" HEIGHT="50" CONTENT="liberi" WC="0.98" CC="607044"/>
						<SP ID="P53_SP00042" HPOS="1144" VPOS="1293" WIDTH="36"/>
						<String ID="P53_ST00053" HPOS="1180" VPOS="1227" WIDTH="208" HEIGHT="51" CONTENT="comuni" WC="0.97" CC="364770"/>
					</TextLine>
					<TextLine ID="P53_TL00012" HPOS="388" VPOS="1317" WIDTH="985" HEIGHT="65">
						<String ID="P53_ST00054" HPOS="388" VPOS="1333" WIDTH="178" HEIGHT="48" CONTENT="avran," WC="0.66" CC="900063"/>
						<SP ID="P53_SP00043" HPOS="566" VPOS="1381" WIDTH="35"/>
						<String ID="P53_ST00055" HPOS="601" VPOS="1317" WIDTH="118" HEIGHT="65" CONTENT="quel" WC="0.97" CC="3731"/>
						<SP ID="P53_SP00044" HPOS="719" VPOS="1382" WIDTH="35"/>
						<String ID="P53_ST00056" HPOS="754" VPOS="1317" WIDTH="69" HEIGHT="63" CONTENT="dì," WC="0.97" CC="034"/>
						<SP ID="P53_SP00045" HPOS="823" VPOS="1382" WIDTH="34"/>
						<String ID="P53_ST00057" HPOS="857" VPOS="1317" WIDTH="152" HEIGHT="50" CONTENT="civile" WC="0.99" CC="020064"/>
						<SP ID="P53_SP00046" HPOS="1009" VPOS="1382" WIDTH="35"/>
						<String ID="P53_ST00058" HPOS="1044" VPOS="1317" WIDTH="329" HEIGHT="51" CONTENT="sacramento" WC="0.99" CC="4047066404"/>
					</TextLine>
					<TextLine ID="P53_TL00013" HPOS="391" VPOS="1404" WIDTH="1125" HEIGHT="67">
						<String ID="P53_ST00059" HPOS="391" VPOS="1406" WIDTH="179" HEIGHT="65" CONTENT="quanti" WC="0.99" CC="560001"/>
						<SP ID="P53_SP00047" HPOS="570" VPOS="1471" WIDTH="36"/>
						<String ID="P53_ST00060" HPOS="606" VPOS="1408" WIDTH="86" HEIGHT="48" CONTENT="nel" WC="1.00" CC="000"/>
						<SP ID="P53_SP00048" HPOS="692" VPOS="1471" WIDTH="36"/>
						<String ID="P53_ST00061" HPOS="728" VPOS="1408" WIDTH="182" HEIGHT="48" CONTENT="ventre" WC="0.98" CC="040064"/>
						<SP ID="P53_SP00049" HPOS="910" VPOS="1471" WIDTH="35"/>
						<String ID="P53_ST00062" HPOS="945" VPOS="1408" WIDTH="108" HEIGHT="59" CONTENT="tuo," WC="0.98" CC="0033"/>
						<SP ID="P53_SP00050" HPOS="1053" VPOS="1471" WIDTH="33"/>
						<String ID="P53_ST00063" HPOS="1086" VPOS="1405" WIDTH="223" HEIGHT="61" CONTENT="Felsina," WC="0.66" CC="01070774"/>
						<SP ID="P53_SP00051" HPOS="1309" VPOS="1471" WIDTH="34"/>
						<String ID="P53_ST00064" HPOS="1343" VPOS="1404" WIDTH="173" HEIGHT="49" CONTENT="aduni." WC="0.98" CC="006234"/>
					</TextLine>
					<TextLine ID="P53_TL00014" HPOS="391" VPOS="1531" WIDTH="894" HEIGHT="65">
						<String ID="P53_ST00065" HPOS="391" VPOS="1533" WIDTH="57" HEIGHT="60" CONTENT="E," WC="0.75" CC="04"/>
						<SP ID="P53_SP00052" HPOS="448" VPOS="1593" WIDTH="33"/>
						<String ID="P53_ST00066" HPOS="481" VPOS="1532" WIDTH="87" HEIGHT="50" CONTENT="nel" WC="0.97" CC="700"/>
						<SP ID="P53_SP00053" HPOS="568" VPOS="1593" WIDTH="35"/>
						<String ID="P53_ST00067" HPOS="603" VPOS="1532" WIDTH="144" HEIGHT="50" CONTENT="furor" WC="0.96" CC="46546"/>
						<SP ID="P53_SP00054" HPOS="747" VPOS="1593" WIDTH="33"/>
						<String ID="P53_ST00068" HPOS="780" VPOS="1531" WIDTH="114" HEIGHT="51" CONTENT="dell'" WC="0.99" CC="03060"/>
						<SP ID="P53_SP00055" HPOS="894" VPOS="1593" WIDTH="20"/>
						<String ID="P53_ST00069" HPOS="914" VPOS="1532" WIDTH="80" HEIGHT="50" CONTENT="ira" WC="1.00" CC="000"/>
						<SP ID="P53_SP00056" HPOS="994" VPOS="1593" WIDTH="35"/>
						<String ID="P53_ST00070" HPOS="1029" VPOS="1532" WIDTH="256" HEIGHT="64" CONTENT="popolare," WC="0.99" CC="745340044"/>
					</TextLine>
					<TextLine ID="P53_TL00015" HPOS="392" VPOS="1618" WIDTH="1197" HEIGHT="68">
						<String ID="P53_ST00071" HPOS="392" VPOS="1622" WIDTH="121" HEIGHT="64" CONTENT="ogni" WC="0.97" CC="0464"/>
						<SP ID="P53_SP00057" HPOS="513" VPOS="1686" WIDTH="20"/>
						<String ID="P53_ST00072" HPOS="533" VPOS="1635" WIDTH="122" HEIGHT="35" CONTENT="uom" WC="0.66" CC="360"/>
						<SP ID="P53_SP00058" HPOS="655" VPOS="1686" WIDTH="19"/>
						<String ID="P53_ST00073" HPOS="674" VPOS="1621" WIDTH="200" HEIGHT="49" CONTENT="soldato" WC="0.99" CC="6450003"/>
						<SP ID="P53_SP00059" HPOS="874" VPOS="1686" WIDTH="20"/>
						<String ID="P53_ST00074" HPOS="894" VPOS="1622" WIDTH="61" HEIGHT="48" CONTENT="ed" WC="0.98" CC="00"/>
						<SP ID="P53_SP00060" HPOS="955" VPOS="1686" WIDTH="20"/>
						<String ID="P53_ST00075" HPOS="975" VPOS="1635" WIDTH="150" HEIGHT="35" CONTENT="arma" WC="0.98" CC="0700"/>
						<SP ID="P53_SP00061" HPOS="1125" VPOS="1686" WIDTH="19"/>
						<String ID="P53_ST00076" HPOS="1144" VPOS="1620" WIDTH="122" HEIGHT="64" CONTENT="ogni" WC="0.97" CC="4064"/>
						<SP ID="P53_SP00062" HPOS="1266" VPOS="1686" WIDTH="23"/>
						<String ID="P53_ST00077" HPOS="1289" VPOS="1618" WIDTH="300" HEIGHT="50" CONTENT="stromento:" WC="0.63" CC="5061067054"/>
					</TextLine>
					<TextLine ID="P53_TL00016" HPOS="394" VPOS="1706" WIDTH="1096" HEIGHT="53">
						<String ID="P53_ST00078" HPOS="394" VPOS="1710" WIDTH="146" HEIGHT="49" CONTENT="l'aste" WC="0.98" CC="601305"/>
						<SP ID="P53_SP00063" HPOS="540" VPOS="1759" WIDTH="35"/>
						<String ID="P53_ST00079" HPOS="575" VPOS="1709" WIDTH="81" HEIGHT="49" CONTENT="dei" WC="0.98" CC="040"/>
						<SP ID="P53_SP00064" HPOS="656" VPOS="1759" WIDTH="35"/>
						<String ID="P53_ST00080" HPOS="691" VPOS="1710" WIDTH="141" HEIGHT="48" CONTENT="troni" WC="0.99" CC="06030"/>
						<SP ID="P53_SP00065" HPOS="832" VPOS="1759" WIDTH="33"/>
						<String ID="P53_ST00081" HPOS="865" VPOS="1724" WIDTH="28" HEIGHT="34" CONTENT="e" WC="0.41" CC="5"/>
						<SP ID="P53_SP00066" HPOS="893" VPOS="1759" WIDTH="34"/>
						<String ID="P53_ST00082" HPOS="927" VPOS="1709" WIDTH="15" HEIGHT="48" CONTENT="i" WC="1.00" CC="0"/>
						<SP ID="P53_SP00067" HPOS="942" VPOS="1759" WIDTH="34"/>
						<String ID="P53_ST00083" HPOS="976" VPOS="1709" WIDTH="169" HEIGHT="49" CONTENT="chiodi" WC="0.99" CC="440000"/>
						<SP ID="P53_SP00068" HPOS="1145" VPOS="1759" WIDTH="36"/>
						<String ID="P53_ST00084" HPOS="1181" VPOS="1707" WIDTH="133" HEIGHT="50" CONTENT="delle" WC="0.97" CC="04556"/>
						<SP ID="P53_SP00069" HPOS="1314" VPOS="1759" WIDTH="36"/>
						<String ID="P53_ST00085" HPOS="1350" VPOS="1706" WIDTH="140" HEIGHT="50" CONTENT="bare." WC="0.98" CC="20704"/>
					</TextLine>
				</TextBlock>
				<TextBlock ID="P53_TB00004" HPOS="947" VPOS="1819" WIDTH="585" HEIGHT="47" STYLEREFS="TXT_2 PAR_LEFT">
					<TextLine ID="P53_TL00017" HPOS="951" VPOS="1821" WIDTH="581" HEIGHT="45">
						<String ID="P53_ST00086" HPOS="951" VPOS="1822" WIDTH="203" HEIGHT="44" CONTENT="Carlo" WC="1.00" CC="66000"/>
						<SP ID="P53_SP00070" HPOS="1154" VPOS="1866" WIDTH="285"/>
						<String ID="P53_ST00087" HPOS="1439" VPOS="1821" WIDTH="93" HEIGHT="44" CONTENT="Vizzotto." WC="0.96" CC="630000000"/>
					</TextLine>
				</TextBlock>
				<TextBlock ID="P53_TB00005" HPOS="2290" VPOS="319" WIDTH="992" HEIGHT="98" STYLEREFS="TXT_3 PAR_RIGHT">
					<TextLine ID="P53_TL00018" HPOS="2290" VPOS="319" WIDTH="992" HEIGHT="97">
						<String ID="P53_ST00088" HPOS="2290" VPOS="319" WIDTH="283" HEIGHT="97" CONTENT="ALLA" WC="0.98" CC="0000"/>
						<SP ID="P53_SP00071" HPOS="2573" VPOS="416" WIDTH="71"/>
						<String ID="P53_ST00089" HPOS="2644" VPOS="319" WIDTH="213" HEIGHT="97" CONTENT="MIA" WC="0.98" CC="000"/>
						<SP ID="P53_SP00072" HPOS="2857" VPOS="416" WIDTH="71"/>
						<String ID="P53_ST00090" HPOS="2928" VPOS="319" WIDTH="354" HEIGHT="97" CONTENT="SCURE" WC="0.98" CC="00000"/>
					</TextLine>
				</TextBlock>
				<TextBlock ID="P53_TB00006" HPOS="2163" VPOS="494" WIDTH="1281" HEIGHT="3148" STYLEREFS="TXT_1 PAR_LEFT">
					<TextLine ID="P53_TL00019" HPOS="2164" VPOS="495" WIDTH="1001" HEIGHT="64">
						<String ID="P53_ST00091" HPOS="2164" VPOS="495" WIDTH="176" HEIGHT="60" CONTENT="Scure," WC="0.97" CC="466754"/>
						<SP ID="P53_SP00073" HPOS="2340" VPOS="555" WIDTH="34"/>
						<String ID="P53_ST00092" HPOS="2374" VPOS="495" WIDTH="192" HEIGHT="50" CONTENT="falcata" WC="0.98" CC="0036636"/>
						<SP ID="P53_SP00074" HPOS="2566" VPOS="555" WIDTH="33"/>
						<String ID="P53_ST00093" HPOS="2599" VPOS="495" WIDTH="123" HEIGHT="64" CONTENT="qual" WC="0.73" CC="0604"/>
						<SP ID="P53_SP00075" HPOS="2722" VPOS="559" WIDTH="33"/>
						<String ID="P53_ST00094" HPOS="2755" VPOS="496" WIDTH="212" HEIGHT="49" CONTENT="recente" WC="0.98" CC="6510346"/>
						<SP ID="P53_SP00076" HPOS="2967" VPOS="559" WIDTH="36"/>
						<String ID="P53_ST00095" HPOS="3003" VPOS="495" WIDTH="162" HEIGHT="59" CONTENT="Luna," WC="0.97" CC="66840"/>
					</TextLine>
					<TextLine ID="P53_TL00020" HPOS="2164" VPOS="570" WIDTH="1057" HEIGHT="51">
						<String ID="P53_ST00096" HPOS="2164" VPOS="570" WIDTH="59" HEIGHT="48" CONTENT="tu" WC="1.00" CC="00"/>
						<SP ID="P53_SP00077" HPOS="2223" VPOS="618" WIDTH="33"/>
						<String ID="P53_ST00097" HPOS="2256" VPOS="570" WIDTH="100" HEIGHT="48" CONTENT="ridi" WC="0.98" CC="2500"/>
						<SP ID="P53_SP00078" HPOS="2356" VPOS="618" WIDTH="34"/>
						<String ID="P53_ST00098" HPOS="2390" VPOS="570" WIDTH="54" HEIGHT="50" CONTENT="in" WC="0.80" CC="04"/>
						<SP ID="P53_SP00079" HPOS="2444" VPOS="620" WIDTH="34"/>
						<String ID="P53_ST00099" HPOS="2478" VPOS="573" WIDTH="90" HEIGHT="48" CONTENT="tuo" WC="0.95" CC="065"/>
						<SP ID="P53_SP00080" HPOS="2568" VPOS="621" WIDTH="33"/>
						<String ID="P53_ST00100" HPOS="2601" VPOS="571" WIDTH="141" HEIGHT="50" CONTENT="nitor" WC="0.76" CC="03160"/>
						<SP ID="P53_SP00081" HPOS="2742" VPOS="621" WIDTH="33"/>
						<String ID="P53_ST00101" HPOS="2775" VPOS="571" WIDTH="122" HEIGHT="49" CONTENT="d'un" WC="0.97" CC="3361"/>
						<SP ID="P53_SP00082" HPOS="2897" VPOS="621" WIDTH="35"/>
						<String ID="P53_ST00102" HPOS="2932" VPOS="571" WIDTH="151" HEIGHT="50" CONTENT="tristo" WC="0.98" CC="004606"/>
						<SP ID="P53_SP00083" HPOS="3083" VPOS="621" WIDTH="33"/>
						<String ID="P53_ST00103" HPOS="3116" VPOS="570" WIDTH="105" HEIGHT="50" CONTENT="riso" WC="0.98" CC="0064"/>
					</TextLine>
					<TextLine ID="P53_TL00021" HPOS="2163" VPOS="646" WIDTH="918" HEIGHT="66">
						<String ID="P53_ST00104" HPOS="2163" VPOS="646" WIDTH="220" HEIGHT="51" CONTENT="siccome" WC="0.98" CC="7224766"/>
						<SP ID="P53_SP00084" HPOS="2383" VPOS="697" WIDTH="34"/>
						<String ID="P53_ST00105" HPOS="2417" VPOS="648" WIDTH="172" HEIGHT="49" CONTENT="donna" WC="0.98" CC="05070"/>
						<SP ID="P53_SP00085" HPOS="2589" VPOS="697" WIDTH="34"/>
						<String ID="P53_ST00106" HPOS="2623" VPOS="648" WIDTH="48" HEIGHT="49" CONTENT="di" WC="1.00" CC="00"/>
						<SP ID="P53_SP00086" HPOS="2671" VPOS="697" WIDTH="36"/>
						<String ID="P53_ST00107" HPOS="2707" VPOS="649" WIDTH="228" HEIGHT="63" CONTENT="pallente" WC="0.99" CC="60704501"/>
						<SP ID="P53_SP00087" HPOS="2935" VPOS="712" WIDTH="35"/>
						<String ID="P53_ST00108" HPOS="2970" VPOS="649" WIDTH="111" HEIGHT="48" CONTENT="viso" WC="0.95" CC="6556"/>
					</TextLine>
					<TextLine ID="P53_TL00022" HPOS="2163" VPOS="721" WIDTH="1062" HEIGHT="66">
						<String ID="P53_ST00109" HPOS="2163" VPOS="721" WIDTH="94" HEIGHT="50" CONTENT="che" WC="0.95" CC="444"/>
						<SP ID="P53_SP00088" HPOS="2257" VPOS="771" WIDTH="36"/>
						<String ID="P53_ST00110" HPOS="2293" VPOS="721" WIDTH="124" HEIGHT="50" CONTENT="l'ire" WC="0.97" CC="23455"/>
						<SP ID="P53_SP00089" HPOS="2417" VPOS="771" WIDTH="34"/>
						<String ID="P53_ST00111" HPOS="2451" VPOS="722" WIDTH="140" HEIGHT="50" CONTENT="nella" WC="0.98" CC="02455"/>
						<SP ID="P53_SP00090" HPOS="2591" VPOS="772" WIDTH="34"/>
						<String ID="P53_ST00112" HPOS="2625" VPOS="724" WIDTH="158" HEIGHT="49" CONTENT="bocca" WC="0.96" CC="63449"/>
						<SP ID="P53_SP00091" HPOS="2783" VPOS="773" WIDTH="32"/>
						<String ID="P53_ST00113" HPOS="2815" VPOS="738" WIDTH="155" HEIGHT="49" CONTENT="aspra" WC="0.96" CC="96470"/>
						<SP ID="P53_SP00092" HPOS="2970" VPOS="787" WIDTH="31"/>
						<String ID="P53_ST00114" HPOS="3001" VPOS="722" WIDTH="224" HEIGHT="50" CONTENT="raduna:" WC="0.98" CC="0984000"/>
					</TextLine>
					<TextLine ID="P53_TL00023" HPOS="2164" VPOS="855" WIDTH="1127" HEIGHT="66">
						<String ID="P53_ST00115" HPOS="2164" VPOS="855" WIDTH="105" HEIGHT="49" CONTENT="Che" WC="0.94" CC="552"/>
						<SP ID="P53_SP00093" HPOS="2269" VPOS="904" WIDTH="33"/>
						<String ID="P53_ST00116" HPOS="2302" VPOS="856" WIDTH="223" HEIGHT="49" CONTENT="minacci" WC="0.99" CC="4000510"/>
						<SP ID="P53_SP00094" HPOS="2525" VPOS="905" WIDTH="34"/>
						<String ID="P53_ST00117" HPOS="2559" VPOS="857" WIDTH="78" HEIGHT="48" CONTENT="col" WC="0.97" CC="034"/>
						<SP ID="P53_SP00095" HPOS="2637" VPOS="905" WIDTH="34"/>
						<String ID="P53_ST00118" HPOS="2671" VPOS="856" WIDTH="197" HEIGHT="65" CONTENT="grande" WC="0.98" CC="760603"/>
						<SP ID="P53_SP00096" HPOS="2868" VPOS="921" WIDTH="37"/>
						<String ID="P53_ST00119" HPOS="2905" VPOS="871" WIDTH="118" HEIGHT="36" CONTENT="arco" WC="0.99" CC="0015"/>
						<SP ID="P53_SP00097" HPOS="3023" VPOS="921" WIDTH="34"/>
						<String ID="P53_ST00120" HPOS="3057" VPOS="870" WIDTH="234" HEIGHT="51" CONTENT="pugnace" WC="0.97" CC="0795906"/>
					</TextLine>
					<TextLine ID="P53_TL00024" HPOS="2166" VPOS="931" WIDTH="1172" HEIGHT="65">
						<String ID="P53_ST00121" HPOS="2166" VPOS="931" WIDTH="94" HEIGHT="48" CONTENT="che" WC="0.98" CC="302"/>
						<SP ID="P53_SP00098" HPOS="2260" VPOS="979" WIDTH="34"/>
						<String ID="P53_ST00122" HPOS="2294" VPOS="946" WIDTH="147" HEIGHT="34" CONTENT="come" WC="0.98" CC="0306"/>
						<SP ID="P53_SP00099" HPOS="2441" VPOS="980" WIDTH="33"/>
						<String ID="P53_ST00123" HPOS="2474" VPOS="931" WIDTH="212" HEIGHT="51" CONTENT="l'occhio" WC="0.99" CC="00365006"/>
						<SP ID="P53_SP00100" HPOS="2686" VPOS="982" WIDTH="36"/>
						<String ID="P53_ST00124" HPOS="2722" VPOS="932" WIDTH="49" HEIGHT="48" CONTENT="di" WC="1.00" CC="00"/>
						<SP ID="P53_SP00101" HPOS="2771" VPOS="982" WIDTH="36"/>
						<String ID="P53_ST00125" HPOS="2807" VPOS="932" WIDTH="217" HEIGHT="50" CONTENT="Medusa" WC="0.98" CC="100780"/>
						<SP ID="P53_SP00102" HPOS="3024" VPOS="982" WIDTH="33"/>
						<String ID="P53_ST00126" HPOS="3057" VPOS="931" WIDTH="281" HEIGHT="65" CONTENT="impietra?" WC="0.99" CC="090060606"/>
					</TextLine>
					<TextLine ID="P53_TL00025" HPOS="2167" VPOS="1006" WIDTH="1032" HEIGHT="66">
						<String ID="P53_ST00127" HPOS="2167" VPOS="1006" WIDTH="46" HEIGHT="49" CONTENT="le" WC="0.51" CC="53"/>
						<SP ID="P53_SP00103" HPOS="2213" VPOS="1055" WIDTH="31"/>
						<String ID="P53_ST00128" HPOS="2244" VPOS="1006" WIDTH="91" HEIGHT="49" CONTENT="tue" WC="0.95" CC="076"/>
						<SP ID="P53_SP00104" HPOS="2335" VPOS="1055" WIDTH="33"/>
						<String ID="P53_ST00129" HPOS="2368" VPOS="1007" WIDTH="247" HEIGHT="65" CONTENT="selvagge" WC="0.98" CC="61047976"/>
						<SP ID="P53_SP00105" HPOS="2615" VPOS="1072" WIDTH="32"/>
						<String ID="P53_ST00130" HPOS="2647" VPOS="1007" WIDTH="150" HEIGHT="65" CONTENT="gride" WC="0.99" CC="00005"/>
						<SP ID="P53_SP00106" HPOS="2797" VPOS="1072" WIDTH="33"/>
						<String ID="P53_ST00131" HPOS="2830" VPOS="1007" WIDTH="49" HEIGHT="50" CONTENT="la" WC="0.46" CC="36"/>
						<SP ID="P53_SP00107" HPOS="2879" VPOS="1072" WIDTH="37"/>
						<String ID="P53_ST00132" HPOS="2916" VPOS="1007" WIDTH="104" HEIGHT="50" CONTENT="mia" WC="0.97" CC="009"/>
						<SP ID="P53_SP00108" HPOS="3020" VPOS="1072" WIDTH="35"/>
						<String ID="P53_ST00133" HPOS="3055" VPOS="1015" WIDTH="144" HEIGHT="42" CONTENT="cetra" WC="0.97" CC="56507"/>
					</TextLine>
					<TextLine ID="P53_TL00026" HPOS="2166" VPOS="1082" WIDTH="1152" HEIGHT="65">
						<String ID="P53_ST00134" HPOS="2166" VPOS="1096" WIDTH="104" HEIGHT="35" CONTENT="non" WC="0.95" CC="247"/>
						<SP ID="P53_SP00109" HPOS="2270" VPOS="1131" WIDTH="34"/>
						<String ID="P53_ST00135" HPOS="2304" VPOS="1082" WIDTH="154" HEIGHT="60" CONTENT="teme," WC="0.99" CC="02050"/>
						<SP ID="P53_SP00110" HPOS="2458" VPOS="1142" WIDTH="34"/>
						<String ID="P53_ST00136" HPOS="2492" VPOS="1097" WIDTH="84" HEIGHT="48" CONTENT="no," WC="0.94" CC="644"/>
						<SP ID="P53_SP00111" HPOS="2576" VPOS="1145" WIDTH="33"/>
						<String ID="P53_ST00137" HPOS="2609" VPOS="1097" WIDTH="105" HEIGHT="36" CONTENT="non" WC="0.95" CC="534"/>
						<SP ID="P53_SP00112" HPOS="2714" VPOS="1145" WIDTH="35"/>
						<String ID="P53_ST00138" HPOS="2749" VPOS="1097" WIDTH="149" HEIGHT="37" CONTENT="cerca" WC="0.95" CC="54958"/>
						<SP ID="P53_SP00113" HPOS="2898" VPOS="1145" WIDTH="34"/>
						<String ID="P53_ST00139" HPOS="2932" VPOS="1097" WIDTH="114" HEIGHT="36" CONTENT="essa" WC="0.96" CC="3570"/>
						<SP ID="P53_SP00114" HPOS="3046" VPOS="1145" WIDTH="33"/>
						<String ID="P53_ST00140" HPOS="3079" VPOS="1083" WIDTH="51" HEIGHT="50" CONTENT="la" WC="0.19" CC="69"/>
						<SP ID="P53_SP00115" HPOS="3130" VPOS="1145" WIDTH="33"/>
						<String ID="P53_ST00141" HPOS="3163" VPOS="1097" WIDTH="125" HEIGHT="50" CONTENT="pace" WC="0.96" CC="0945"/>
						<SP ID="P53_SP00116" HPOS="3288" VPOS="1147" WIDTH="21"/>
						<String ID="P53_ST00142" HPOS="3309" VPOS="1084" WIDTH="9" HEIGHT="47" CONTENT="!" WC="0.97" CC="0"/>
					</TextLine>
					<TextLine ID="P53_TL00027" HPOS="2166" VPOS="1215" WIDTH="1049" HEIGHT="64">
						<String ID="P53_ST00143" HPOS="2166" VPOS="1215" WIDTH="150" HEIGHT="64" CONTENT="grato" WC="0.98" CC="90005"/>
						<SP ID="P53_SP00117" HPOS="2316" VPOS="1279" WIDTH="34"/>
						<String ID="P53_ST00144" HPOS="2350" VPOS="1215" WIDTH="100" HEIGHT="50" CONTENT="m'è" WC="0.81" CC="103"/>
						<SP ID="P53_SP00118" HPOS="2450" VPOS="1279" WIDTH="34"/>
						<String ID="P53_ST00145" HPOS="2484" VPOS="1215" WIDTH="174" HEIGHT="51" CONTENT="l'inno" WC="0.98" CC="430055"/>
						<SP ID="P53_SP00119" HPOS="2658" VPOS="1279" WIDTH="33"/>
						<String ID="P53_ST00146" HPOS="2691" VPOS="1217" WIDTH="93" HEIGHT="49" CONTENT="tuo" WC="0.96" CC="056"/>
						<SP ID="P53_SP00120" HPOS="2784" VPOS="1279" WIDTH="32"/>
						<String ID="P53_ST00147" HPOS="2816" VPOS="1217" WIDTH="151" HEIGHT="49" CONTENT="c'aito" WC="0.98" CC="629100"/>
						<SP ID="P53_SP00121" HPOS="2967" VPOS="1279" WIDTH="36"/>
						<String ID="P53_ST00148" HPOS="3003" VPOS="1217" WIDTH="212" HEIGHT="49" CONTENT="risuona" WC="0.97" CC="6077679"/>
					</TextLine>
					<TextLine ID="P53_TL00028" HPOS="2167" VPOS="1293" WIDTH="1133" HEIGHT="64">
						<String ID="P53_ST00149" HPOS="2167" VPOS="1293" WIDTH="84" HEIGHT="48" CONTENT="nei" WC="0.98" CC="310"/>
						<SP ID="P53_SP00122" HPOS="2251" VPOS="1341" WIDTH="35"/>
						<String ID="P53_ST00150" HPOS="2286" VPOS="1293" WIDTH="178" HEIGHT="48" CONTENT="boschi" WC="0.98" CC="846300"/>
						<SP ID="P53_SP00123" HPOS="2464" VPOS="1341" WIDTH="34"/>
						<String ID="P53_ST00151" HPOS="2498" VPOS="1307" WIDTH="97" HEIGHT="35" CONTENT="con" WC="0.98" CC="400"/>
						<SP ID="P53_SP00124" HPOS="2595" VPOS="1342" WIDTH="34"/>
						<String ID="P53_ST00152" HPOS="2629" VPOS="1294" WIDTH="212" HEIGHT="48" CONTENT="lontana" WC="0.99" CC="3571020"/>
						<SP ID="P53_SP00125" HPOS="2841" VPOS="1342" WIDTH="33"/>
						<String ID="P53_ST00153" HPOS="2874" VPOS="1308" WIDTH="89" HEIGHT="34" CONTENT="eco" WC="0.96" CC="424"/>
						<SP ID="P53_SP00126" HPOS="2963" VPOS="1342" WIDTH="36"/>
						<String ID="P53_ST00154" HPOS="2999" VPOS="1293" WIDTH="48" HEIGHT="48" CONTENT="di" WC="0.84" CC="03"/>
						<SP ID="P53_SP00127" HPOS="3047" VPOS="1342" WIDTH="37"/>
						<String ID="P53_ST00155" HPOS="3084" VPOS="1305" WIDTH="216" HEIGHT="52" CONTENT="guerra:" WC="0.97" CC="0657675"/>
					</TextLine>
					<TextLine ID="P53_TL00029" HPOS="2168" VPOS="1368" WIDTH="1098" HEIGHT="66">
						<String ID="P53_ST00156" HPOS="2168" VPOS="1368" WIDTH="59" HEIGHT="48" CONTENT="tu" WC="0.89" CC="02"/>
						<SP ID="P53_SP00128" HPOS="2227" VPOS="1416" WIDTH="34"/>
						<String ID="P53_ST00157" HPOS="2261" VPOS="1368" WIDTH="74" HEIGHT="48" CONTENT="sei" WC="0.98" CC="400"/>
						<SP ID="P53_SP00129" HPOS="2335" VPOS="1416" WIDTH="34"/>
						<String ID="P53_ST00158" HPOS="2369" VPOS="1368" WIDTH="51" HEIGHT="48" CONTENT="la" WC="0.23" CC="59"/>
						<SP ID="P53_SP00130" HPOS="2420" VPOS="1416" WIDTH="34"/>
						<String ID="P53_ST00159" HPOS="2454" VPOS="1368" WIDTH="140" HEIGHT="49" CONTENT="forza" WC="0.98" CC="53070"/>
						<SP ID="P53_SP00131" HPOS="2594" VPOS="1417" WIDTH="31"/>
						<String ID="P53_ST00160" HPOS="2625" VPOS="1368" WIDTH="96" HEIGHT="49" CONTENT="che" WC="0.95" CC="471"/>
						<SP ID="P53_SP00132" HPOS="2721" VPOS="1417" WIDTH="34"/>
						<String ID="P53_ST00161" HPOS="2755" VPOS="1368" WIDTH="262" HEIGHT="66" CONTENT="l'ignavia" WC="0.99" CC="004904306"/>
						<SP ID="P53_SP00133" HPOS="3017" VPOS="1434" WIDTH="34"/>
						<String ID="P53_ST00162" HPOS="3051" VPOS="1368" WIDTH="215" HEIGHT="62" CONTENT="atterra," WC="0.99" CC="43006703"/>
					</TextLine>
					<TextLine ID="P53_TL00030" HPOS="2171" VPOS="1441" WIDTH="1106" HEIGHT="65">
						<String ID="P53_ST00163" HPOS="2171" VPOS="1443" WIDTH="48" HEIGHT="48" CONTENT="la" WC="1.00" CC="00"/>
						<SP ID="P53_SP00134" HPOS="2219" VPOS="1491" WIDTH="34"/>
						<String ID="P53_ST00164" HPOS="2253" VPOS="1441" WIDTH="140" HEIGHT="52" CONTENT="forza" WC="0.98" CC="06630"/>
						<SP ID="P53_SP00135" HPOS="2393" VPOS="1493" WIDTH="32"/>
						<String ID="P53_ST00165" HPOS="2425" VPOS="1443" WIDTH="138" HEIGHT="49" CONTENT="bella" WC="0.98" CC="76000"/>
						<SP ID="P53_SP00136" HPOS="2563" VPOS="1493" WIDTH="33"/>
						<String ID="P53_ST00166" HPOS="2596" VPOS="1443" WIDTH="95" HEIGHT="49" CONTENT="che" WC="0.94" CC="466"/>
						<SP ID="P53_SP00137" HPOS="2691" VPOS="1493" WIDTH="34"/>
						<String ID="P53_ST00167" HPOS="2725" VPOS="1457" WIDTH="101" HEIGHT="35" CONTENT="non" WC="0.93" CC="655"/>
						<SP ID="P53_SP00138" HPOS="2826" VPOS="1493" WIDTH="39"/>
						<String ID="P53_ST00168" HPOS="2865" VPOS="1443" WIDTH="103" HEIGHT="48" CONTENT="mai" WC="0.99" CC="030"/>
						<SP ID="P53_SP00139" HPOS="2968" VPOS="1493" WIDTH="35"/>
						<String ID="P53_ST00169" HPOS="3003" VPOS="1443" WIDTH="240" HEIGHT="63" CONTENT="perdona" SUBS_TYPE="HypPart1" SUBS_CONTENT="perdonalo" WC="0.99" CC="0540010"/>
						<HYP HPOS="3243" VPOS="1443" WIDTH="34" CONTENT="-"/>
					</TextLine>
					<TextLine ID="P53_TL00031" HPOS="2166" VPOS="1573" WIDTH="1225" HEIGHT="64">
						<String ID="P53_ST00170" HPOS="2166" VPOS="1575" WIDTH="53" HEIGHT="50" CONTENT="lo" SUBS_TYPE="HypPart2" SUBS_CONTENT="perdonalo" WC="0.88" CC="02"/>
						<SP ID="P53_SP00140" HPOS="2219" VPOS="1625" WIDTH="33"/>
						<String ID="P53_ST00171" HPOS="2252" VPOS="1576" WIDTH="174" HEIGHT="61" CONTENT="t'amo," WC="0.99" CC="030044"/>
						<SP ID="P53_SP00141" HPOS="2426" VPOS="1637" WIDTH="36"/>
						<String ID="P53_ST00172" HPOS="2462" VPOS="1590" WIDTH="28" HEIGHT="35" CONTENT="o" WC="0.44" CC="5"/>
						<SP ID="P53_SP00142" HPOS="2490" VPOS="1637" WIDTH="35"/>
						<String ID="P53_ST00173" HPOS="2525" VPOS="1590" WIDTH="174" HEIGHT="44" CONTENT="scure;" WC="0.97" CC="537627"/>
						<SP ID="P53_SP00143" HPOS="2699" VPOS="1637" WIDTH="36"/>
						<String ID="P53_ST00174" HPOS="2735" VPOS="1575" WIDTH="132" HEIGHT="50" CONTENT="allor" WC="0.39" CC="83529"/>
						<SP ID="P53_SP00144" HPOS="2867" VPOS="1637" WIDTH="33"/>
						<String ID="P53_ST00175" HPOS="2900" VPOS="1575" WIDTH="95" HEIGHT="49" CONTENT="che" WC="0.95" CC="515"/>
						<SP ID="P53_SP00145" HPOS="2995" VPOS="1637" WIDTH="33"/>
						<String ID="P53_ST00176" HPOS="3028" VPOS="1576" WIDTH="38" HEIGHT="47" CONTENT="ti" WC="0.79" CC="04"/>
						<SP ID="P53_SP00146" HPOS="3066" VPOS="1637" WIDTH="38"/>
						<String ID="P53_ST00177" HPOS="3104" VPOS="1573" WIDTH="287" HEIGHT="60" CONTENT="brandisco," WC="0.99" CC="6688006501"/>
					</TextLine>
					<TextLine ID="P53_TL00032" HPOS="2166" VPOS="1651" WIDTH="1018" HEIGHT="65">
						<String ID="P53_ST00178" HPOS="2166" VPOS="1665" WIDTH="147" HEIGHT="35" CONTENT="come" WC="0.97" CC="4303"/>
						<SP ID="P53_SP00147" HPOS="2313" VPOS="1700" WIDTH="33"/>
						<String ID="P53_ST00179" HPOS="2346" VPOS="1651" WIDTH="51" HEIGHT="49" CONTENT="la" WC="1.00" CC="00"/>
						<SP ID="P53_SP00148" HPOS="2397" VPOS="1700" WIDTH="34"/>
						<String ID="P53_ST00180" HPOS="2431" VPOS="1665" WIDTH="188" HEIGHT="51" CONTENT="panna," WC="0.99" CC="075003"/>
						<SP ID="P53_SP00149" HPOS="2619" VPOS="1716" WIDTH="34"/>
						<String ID="P53_ST00181" HPOS="2653" VPOS="1651" WIDTH="108" HEIGHT="49" CONTENT="mia" WC="1.00" CC="000"/>
						<SP ID="P53_SP00150" HPOS="2761" VPOS="1716" WIDTH="33"/>
						<String ID="P53_ST00182" HPOS="2794" VPOS="1652" WIDTH="182" HEIGHT="48" CONTENT="lunata" WC="0.98" CC="016470"/>
						<SP ID="P53_SP00151" HPOS="2976" VPOS="1716" WIDTH="33"/>
						<String ID="P53_ST00183" HPOS="3009" VPOS="1651" WIDTH="175" HEIGHT="63" CONTENT="spada," WC="0.98" CC="706003"/>
					</TextLine>
					<TextLine ID="P53_TL00033" HPOS="2164" VPOS="1726" WIDTH="1152" HEIGHT="65">
						<String ID="P53_ST00184" HPOS="2164" VPOS="1727" WIDTH="40" HEIGHT="48" CONTENT="ti" WC="0.56" CC="34"/>
						<SP ID="P53_SP00152" HPOS="2204" VPOS="1775" WIDTH="35"/>
						<String ID="P53_ST00185" HPOS="2239" VPOS="1727" WIDTH="197" HEIGHT="64" CONTENT="guardo" WC="0.98" CC="079500"/>
						<SP ID="P53_SP00153" HPOS="2436" VPOS="1791" WIDTH="36"/>
						<String ID="P53_ST00186" HPOS="2472" VPOS="1741" WIDTH="26" HEIGHT="36" CONTENT="e" WC="0.41" CC="5"/>
						<SP ID="P53_SP00154" HPOS="2498" VPOS="1791" WIDTH="35"/>
						<String ID="P53_ST00187" HPOS="2533" VPOS="1727" WIDTH="172" HEIGHT="64" CONTENT="grido:" WC="0.98" CC="950004"/>
						<SP ID="P53_SP00155" HPOS="2705" VPOS="1791" WIDTH="36"/>
						<String ID="P53_ST00188" HPOS="2741" VPOS="1741" WIDTH="104" HEIGHT="36" CONTENT="non" WC="0.97" CC="062"/>
						<SP ID="P53_SP00156" HPOS="2845" VPOS="1791" WIDTH="34"/>
						<String ID="P53_ST00189" HPOS="2879" VPOS="1726" WIDTH="159" HEIGHT="49" CONTENT="invan" WC="0.71" CC="16006"/>
						<SP ID="P53_SP00157" HPOS="3038" VPOS="1791" WIDTH="33"/>
						<String ID="P53_ST00190" HPOS="3071" VPOS="1732" WIDTH="57" HEIGHT="43" CONTENT="tu" WC="0.28" CC="77"/>
						<SP ID="P53_SP00158" HPOS="3128" VPOS="1791" WIDTH="37"/>
						<String ID="P53_ST00191" HPOS="3165" VPOS="1726" WIDTH="151" HEIGHT="49" CONTENT="cada!" WC="0.97" CC="79090"/>
					</TextLine>
					<TextLine ID="P53_TL00034" HPOS="2166" VPOS="1802" WIDTH="1117" HEIGHT="65">
						<String ID="P53_ST00192" HPOS="2166" VPOS="1817" WIDTH="95" HEIGHT="35" CONTENT="con" WC="0.94" CC="656"/>
						<SP ID="P53_SP00159" HPOS="2261" VPOS="1852" WIDTH="37"/>
						<String ID="P53_ST00193" HPOS="2298" VPOS="1816" WIDTH="171" HEIGHT="51" CONTENT="penna" WC="0.98" CC="02045"/>
						<SP ID="P53_SP00160" HPOS="2469" VPOS="1867" WIDTH="33"/>
						<String ID="P53_ST00194" HPOS="2502" VPOS="1816" WIDTH="29" HEIGHT="36" CONTENT="o" WC="1.00" CC="0"/>
						<SP ID="P53_SP00161" HPOS="2531" VPOS="1867" WIDTH="35"/>
						<String ID="P53_ST00195" HPOS="2566" VPOS="1816" WIDTH="151" HEIGHT="37" CONTENT="scure" WC="0.96" CC="73662"/>
						<SP ID="P53_SP00162" HPOS="2717" VPOS="1867" WIDTH="33"/>
						<String ID="P53_ST00196" HPOS="2750" VPOS="1816" WIDTH="103" HEIGHT="37" CONTENT="non" WC="0.93" CC="549"/>
						<SP ID="P53_SP00163" HPOS="2853" VPOS="1867" WIDTH="35"/>
						<String ID="P53_ST00197" HPOS="2888" VPOS="1802" WIDTH="159" HEIGHT="50" CONTENT="invan" WC="0.76" CC="40006"/>
						<SP ID="P53_SP00164" HPOS="3047" VPOS="1867" WIDTH="38"/>
						<String ID="P53_ST00198" HPOS="3085" VPOS="1802" WIDTH="198" HEIGHT="50" CONTENT="ferisco." WC="0.98" CC="05064473"/>
					</TextLine>
					<TextLine ID="P53_TL00035" HPOS="2166" VPOS="1933" WIDTH="1138" HEIGHT="66">
						<String ID="P53_ST00199" HPOS="2166" VPOS="1934" WIDTH="40" HEIGHT="50" CONTENT="E" WC="0.55" CC="4"/>
						<SP ID="P53_SP00165" HPOS="2206" VPOS="1984" WIDTH="33"/>
						<String ID="P53_ST00200" HPOS="2239" VPOS="1935" WIDTH="115" HEIGHT="49" CONTENT="teco" WC="0.57" CC="5560"/>
						<SP ID="P53_SP00166" HPOS="2354" VPOS="1984" WIDTH="34"/>
						<String ID="P53_ST00201" HPOS="2388" VPOS="1948" WIDTH="32" HEIGHT="36" CONTENT="a" WC="0.04" CC="9"/>
						<SP ID="P53_SP00167" HPOS="2420" VPOS="1984" WIDTH="31"/>
						<String ID="P53_ST00202" HPOS="2451" VPOS="1949" WIDTH="126" HEIGHT="50" CONTENT="paro" WC="0.97" CC="9006"/>
						<SP ID="P53_SP00168" HPOS="2577" VPOS="1999" WIDTH="33"/>
						<String ID="P53_ST00203" HPOS="2610" VPOS="1935" WIDTH="37" HEIGHT="49" CONTENT="il" WC="0.66" CC="60"/>
						<SP ID="P53_SP00169" HPOS="2647" VPOS="1999" WIDTH="36"/>
						<String ID="P53_ST00204" HPOS="2683" VPOS="1934" WIDTH="202" HEIGHT="51" CONTENT="braccio" WC="0.98" CC="0095605"/>
						<SP ID="P53_SP00170" HPOS="2885" VPOS="1999" WIDTH="35"/>
						<String ID="P53_ST00205" HPOS="2920" VPOS="1934" WIDTH="104" HEIGHT="48" CONTENT="mio" WC="0.94" CC="069"/>
						<SP ID="P53_SP00171" HPOS="3024" VPOS="1999" WIDTH="37"/>
						<String ID="P53_ST00206" HPOS="3061" VPOS="1933" WIDTH="243" HEIGHT="49" CONTENT="discende" WC="0.98" CC="04766302"/>
					</TextLine>
					<TextLine ID="P53_TL00036" HPOS="2166" VPOS="2009" WIDTH="1061" HEIGHT="65">
						<String ID="P53_ST00207" HPOS="2166" VPOS="2010" WIDTH="81" HEIGHT="49" CONTENT="sul" WC="0.92" CC="676"/>
						<SP ID="P53_SP00172" HPOS="2247" VPOS="2059" WIDTH="33"/>
						<String ID="P53_ST00208" HPOS="2280" VPOS="2024" WIDTH="159" HEIGHT="50" CONTENT="ceppo" WC="0.99" CC="30005"/>
						<SP ID="P53_SP00173" HPOS="2439" VPOS="2074" WIDTH="35"/>
						<String ID="P53_ST00209" HPOS="2474" VPOS="2024" WIDTH="149" HEIGHT="36" CONTENT="come" WC="0.97" CC="6104"/>
						<SP ID="P53_SP00174" HPOS="2623" VPOS="2074" WIDTH="33"/>
						<String ID="P53_ST00210" HPOS="2656" VPOS="2024" WIDTH="156" HEIGHT="36" CONTENT="sovra" WC="0.98" CC="64070"/>
						<SP ID="P53_SP00175" HPOS="2812" VPOS="2074" WIDTH="34"/>
						<String ID="P53_ST00211" HPOS="2846" VPOS="2010" WIDTH="115" HEIGHT="50" CONTENT="osti!" WC="0.96" CC="76058"/>
						<SP ID="P53_SP00176" HPOS="2961" VPOS="2074" WIDTH="39"/>
						<String ID="P53_ST00212" HPOS="3000" VPOS="2009" WIDTH="227" HEIGHT="50" CONTENT="cervice:" WC="0.98" CC="77450570"/>
					</TextLine>
					<TextLine ID="P53_TL00037" HPOS="2167" VPOS="2085" WIDTH="1027" HEIGHT="51">
						<String ID="P53_ST00213" HPOS="2167" VPOS="2085" WIDTH="51" HEIGHT="50" CONTENT="di" WC="1.00" CC="00"/>
						<SP ID="P53_SP00177" HPOS="2218" VPOS="2135" WIDTH="34"/>
						<String ID="P53_ST00214" HPOS="2252" VPOS="2086" WIDTH="356" HEIGHT="50" CONTENT="scoscenderlo" WC="0.99" CC="705703605632"/>
						<SP ID="P53_SP00178" HPOS="2608" VPOS="2136" WIDTH="35"/>
						<String ID="P53_ST00215" HPOS="2643" VPOS="2086" WIDTH="159" HEIGHT="49" CONTENT="infine" WC="0.97" CC="168478"/>
						<SP ID="P53_SP00179" HPOS="2802" VPOS="2136" WIDTH="33"/>
						<String ID="P53_ST00216" HPOS="2835" VPOS="2085" WIDTH="104" HEIGHT="48" CONTENT="alla" WC="0.99" CC="0007"/>
						<SP ID="P53_SP00180" HPOS="2939" VPOS="2136" WIDTH="33"/>
						<String ID="P53_ST00217" HPOS="2972" VPOS="2085" WIDTH="222" HEIGHT="50" CONTENT="matrice" WC="0.98" CC="3900344"/>
					</TextLine>
					<TextLine ID="P53_TL00038" HPOS="2166" VPOS="2160" WIDTH="1097" HEIGHT="66">
						<String ID="P53_ST00218" HPOS="2166" VPOS="2163" WIDTH="51" HEIGHT="48" CONTENT="la" WC="0.81" CC="30"/>
						<SP ID="P53_SP00181" HPOS="2217" VPOS="2211" WIDTH="33"/>
						<String ID="P53_ST00219" HPOS="2250" VPOS="2164" WIDTH="92" HEIGHT="47" CONTENT="tua" WC="1.00" CC="000"/>
						<SP ID="P53_SP00182" HPOS="2342" VPOS="2211" WIDTH="32"/>
						<String ID="P53_ST00220" HPOS="2374" VPOS="2163" WIDTH="253" HEIGHT="63" CONTENT="gioconda" WC="0.98" CC="90645400"/>
						<SP ID="P53_SP00183" HPOS="2627" VPOS="2226" WIDTH="34"/>
						<String ID="P53_ST00221" HPOS="2661" VPOS="2161" WIDTH="236" HEIGHT="50" CONTENT="crudeltà" WC="0.98" CC="60706706"/>
						<SP ID="P53_SP00184" HPOS="2897" VPOS="2226" WIDTH="36"/>
						<String ID="P53_ST00222" HPOS="2933" VPOS="2160" WIDTH="72" HEIGHT="50" CONTENT="mi" WC="0.78" CC="12"/>
						<SP ID="P53_SP00185" HPOS="3005" VPOS="2226" WIDTH="38"/>
						<String ID="P53_ST00223" HPOS="3043" VPOS="2160" WIDTH="220" HEIGHT="64" CONTENT="prende;" WC="0.99" CC="0066032"/>
					</TextLine>
					<TextLine ID="P53_TL00039" HPOS="2167" VPOS="2295" WIDTH="1078" HEIGHT="62">
						<String ID="P53_ST00224" HPOS="2167" VPOS="2295" WIDTH="193" HEIGHT="48" CONTENT="invano" WC="0.99" CC="060007"/>
						<SP ID="P53_SP00186" HPOS="2360" VPOS="2343" WIDTH="34"/>
						<String ID="P53_ST00225" HPOS="2394" VPOS="2295" WIDTH="36" HEIGHT="48" CONTENT="il" WC="0.33" CC="85"/>
						<SP ID="P53_SP00187" HPOS="2430" VPOS="2343" WIDTH="35"/>
						<String ID="P53_ST00226" HPOS="2465" VPOS="2295" WIDTH="155" HEIGHT="62" CONTENT="legno" WC="0.97" CC="23935"/>
						<SP ID="P53_SP00188" HPOS="2620" VPOS="2357" WIDTH="35"/>
						<String ID="P53_ST00227" HPOS="2655" VPOS="2295" WIDTH="42" HEIGHT="48" CONTENT="si" WC="0.41" CC="64"/>
						<SP ID="P53_SP00189" HPOS="2697" VPOS="2357" WIDTH="34"/>
						<String ID="P53_ST00228" HPOS="2731" VPOS="2295" WIDTH="241" HEIGHT="48" CONTENT="contorce" WC="0.99" CC="63105044"/>
						<SP ID="P53_SP00190" HPOS="2972" VPOS="2357" WIDTH="34"/>
						<String ID="P53_ST00229" HPOS="3006" VPOS="2307" WIDTH="28" HEIGHT="35" CONTENT="e" WC="0.29" CC="7"/>
						<SP ID="P53_SP00191" HPOS="3034" VPOS="2357" WIDTH="35"/>
						<String ID="P53_ST00230" HPOS="3069" VPOS="2306" WIDTH="176" HEIGHT="46" CONTENT="geme:" WC="0.97" CC="76070"/>
					</TextLine>
					<TextLine ID="P53_TL00040" HPOS="2168" VPOS="2368" WIDTH="1152" HEIGHT="66">
						<String ID="P53_ST00231" HPOS="2168" VPOS="2371" WIDTH="141" HEIGHT="63" CONTENT="pietà" WC="0.96" CC="97405"/>
						<SP ID="P53_SP00192" HPOS="2309" VPOS="2434" WIDTH="35"/>
						<String ID="P53_ST00232" HPOS="2344" VPOS="2385" WIDTH="228" HEIGHT="34" CONTENT="nessuna" WC="0.97" CC="5567740"/>
						<SP ID="P53_SP00193" HPOS="2572" VPOS="2434" WIDTH="33"/>
						<String ID="P53_ST00233" HPOS="2605" VPOS="2370" WIDTH="83" HEIGHT="63" CONTENT="pel" WC="0.98" CC="050"/>
						<SP ID="P53_SP00194" HPOS="2688" VPOS="2434" WIDTH="35"/>
						<String ID="P53_ST00234" HPOS="2723" VPOS="2385" WIDTH="93" HEIGHT="34" CONTENT="suo" WC="0.95" CC="605"/>
						<SP ID="P53_SP00195" HPOS="2816" VPOS="2434" WIDTH="36"/>
						<String ID="P53_ST00235" HPOS="2852" VPOS="2370" WIDTH="162" HEIGHT="49" CONTENT="fiacco" WC="0.98" CC="009026"/>
						<SP ID="P53_SP00196" HPOS="3014" VPOS="2434" WIDTH="33"/>
						<String ID="P53_ST00236" HPOS="3047" VPOS="2368" WIDTH="180" HEIGHT="65" CONTENT="pianto" WC="1.00" CC="000401"/>
						<SP ID="P53_SP00197" HPOS="3227" VPOS="2434" WIDTH="35"/>
						<String ID="P53_ST00237" HPOS="3262" VPOS="2398" WIDTH="58" HEIGHT="3" CONTENT="—" WC="0.20" CC="8"/>
					</TextLine>
					<TextLine ID="P53_TL00041" HPOS="2167" VPOS="2443" WIDTH="1180" HEIGHT="66">
						<String ID="P53_ST00238" HPOS="2167" VPOS="2446" WIDTH="208" HEIGHT="63" CONTENT="scoppia" WC="0.98" CC="6460950"/>
						<SP ID="P53_SP00198" HPOS="2375" VPOS="2509" WIDTH="35"/>
						<String ID="P53_ST00239" HPOS="2410" VPOS="2446" WIDTH="35" HEIGHT="48" CONTENT="il" WC="0.64" CC="33"/>
						<SP ID="P53_SP00199" HPOS="2445" VPOS="2509" WIDTH="34"/>
						<String ID="P53_ST00240" HPOS="2479" VPOS="2450" WIDTH="89" HEIGHT="44" CONTENT="tuo" WC="0.95" CC="075"/>
						<SP ID="P53_SP00200" HPOS="2568" VPOS="2509" WIDTH="36"/>
						<String ID="P53_ST00241" HPOS="2604" VPOS="2446" WIDTH="103" HEIGHT="48" CONTENT="riso" WC="0.99" CC="0060"/>
						<SP ID="P53_SP00201" HPOS="2707" VPOS="2509" WIDTH="34"/>
						<String ID="P53_ST00242" HPOS="2741" VPOS="2459" WIDTH="146" HEIGHT="35" CONTENT="come" WC="0.94" CC="5677"/>
						<SP ID="P53_SP00202" HPOS="2887" VPOS="2509" WIDTH="37"/>
						<String ID="P53_ST00243" HPOS="2924" VPOS="2445" WIDTH="142" HEIGHT="49" CONTENT="vetro" WC="0.98" CC="05005"/>
						<SP ID="P53_SP00203" HPOS="3066" VPOS="2509" WIDTH="33"/>
						<String ID="P53_ST00244" HPOS="3099" VPOS="2443" WIDTH="248" HEIGHT="60" CONTENT="infranto," WC="0.99" CC="427500004"/>
					</TextLine>
					<TextLine ID="P53_TL00042" HPOS="2168" VPOS="2520" WIDTH="996" HEIGHT="50">
						<String ID="P53_ST00245" HPOS="2168" VPOS="2521" WIDTH="214" HEIGHT="48" CONTENT="l'anima" WC="0.99" CC="0006400"/>
						<SP ID="P53_SP00204" HPOS="2382" VPOS="2569" WIDTH="31"/>
						<String ID="P53_ST00246" HPOS="2413" VPOS="2522" WIDTH="93" HEIGHT="48" CONTENT="tua" WC="1.00" CC="000"/>
						<SP ID="P53_SP00205" HPOS="2506" VPOS="2570" WIDTH="33"/>
						<String ID="P53_ST00247" HPOS="2539" VPOS="2521" WIDTH="305" HEIGHT="48" CONTENT="nell'anima" WC="0.99" CC="6006074009"/>
						<SP ID="P53_SP00206" HPOS="2844" VPOS="2570" WIDTH="34"/>
						<String ID="P53_ST00248" HPOS="2878" VPOS="2521" WIDTH="71" HEIGHT="47" CONTENT="mi" WC="0.69" CC="06"/>
						<SP ID="P53_SP00207" HPOS="2949" VPOS="2570" WIDTH="36"/>
						<String ID="P53_ST00249" HPOS="2985" VPOS="2520" WIDTH="179" HEIGHT="48" CONTENT="freme." WC="0.99" CC="090040"/>
					</TextLine>
					<TextLine ID="P53_TL00043" HPOS="2168" VPOS="2652" WIDTH="1029" HEIGHT="64">
						<String ID="P53_ST00250" HPOS="2168" VPOS="2653" WIDTH="71" HEIGHT="48" CONTENT="La" WC="1.00" CC="00"/>
						<SP ID="P53_SP00208" HPOS="2239" VPOS="2701" WIDTH="33"/>
						<String ID="P53_ST00251" HPOS="2272" VPOS="2653" WIDTH="164" HEIGHT="61" CONTENT="sento," WC="0.98" CC="704070"/>
						<SP ID="P53_SP00209" HPOS="2436" VPOS="2714" WIDTH="35"/>
						<String ID="P53_ST00252" HPOS="2471" VPOS="2653" WIDTH="210" HEIGHT="63" CONTENT="d'acque" WC="0.98" CC="0008674"/>
						<SP ID="P53_SP00210" HPOS="2681" VPOS="2716" WIDTH="36"/>
						<String ID="P53_ST00253" HPOS="2717" VPOS="2652" WIDTH="166" HEIGHT="64" CONTENT="rigide" WC="0.98" CC="920304"/>
						<SP ID="P53_SP00211" HPOS="2883" VPOS="2716" WIDTH="33"/>
						<String ID="P53_ST00254" HPOS="2916" VPOS="2652" WIDTH="281" HEIGHT="62" CONTENT="temprata," WC="1.00" CC="020070000"/>
					</TextLine>
					<TextLine ID="P53_TL00044" HPOS="2166" VPOS="2727" WIDTH="1102" HEIGHT="63">
						<String ID="P53_ST00255" HPOS="2166" VPOS="2728" WIDTH="175" HEIGHT="49" CONTENT="balzar" WC="0.98" CC="004099"/>
						<SP ID="P53_SP00212" HPOS="2341" VPOS="2777" WIDTH="33"/>
						<String ID="P53_ST00256" HPOS="2374" VPOS="2729" WIDTH="51" HEIGHT="48" CONTENT="la" WC="1.00" CC="00"/>
						<SP ID="P53_SP00213" HPOS="2425" VPOS="2777" WIDTH="33"/>
						<String ID="P53_ST00257" HPOS="2458" VPOS="2730" WIDTH="147" HEIGHT="47" CONTENT="sento" WC="0.97" CC="65700"/>
						<SP ID="P53_SP00214" HPOS="2605" VPOS="2777" WIDTH="33"/>
						<String ID="P53_ST00258" HPOS="2638" VPOS="2729" WIDTH="87" HEIGHT="48" CONTENT="nel" WC="0.95" CC="516"/>
						<SP ID="P53_SP00215" HPOS="2725" VPOS="2777" WIDTH="36"/>
						<String ID="P53_ST00259" HPOS="2761" VPOS="2728" WIDTH="102" HEIGHT="49" CONTENT="mio" WC="0.96" CC="036"/>
						<SP ID="P53_SP00216" HPOS="2863" VPOS="2777" WIDTH="35"/>
						<String ID="P53_ST00260" HPOS="2898" VPOS="2728" WIDTH="161" HEIGHT="49" CONTENT="fresco" WC="0.98" CC="073614"/>
						<SP ID="P53_SP00217" HPOS="3059" VPOS="2777" WIDTH="35"/>
						<String ID="P53_ST00261" HPOS="3094" VPOS="2727" WIDTH="144" HEIGHT="63" CONTENT="petto" WC="0.99" CC="01003"/>
						<SP ID="P53_SP00218" HPOS="3238" VPOS="2790" WIDTH="20"/>
						<String ID="P53_ST00262" HPOS="3258" VPOS="2741" WIDTH="10" HEIGHT="34" CONTENT=":" WC="0.52" CC="4"/>
					</TextLine>
					<TextLine ID="P53_TL00045" HPOS="2166" VPOS="2801" WIDTH="1033" HEIGHT="67">
						<String ID="P53_ST00263" HPOS="2166" VPOS="2803" WIDTH="49" HEIGHT="49" CONTENT="la" WC="0.72" CC="50"/>
						<SP ID="P53_SP00219" HPOS="2215" VPOS="2852" WIDTH="33"/>
						<String ID="P53_ST00264" HPOS="2248" VPOS="2804" WIDTH="108" HEIGHT="48" CONTENT="mia" WC="0.92" CC="658"/>
						<SP ID="P53_SP00220" HPOS="2356" VPOS="2852" WIDTH="34"/>
						<String ID="P53_ST00265" HPOS="2390" VPOS="2804" WIDTH="194" HEIGHT="64" CONTENT="parola," WC="0.98" CC="8006634"/>
						<SP ID="P53_SP00221" HPOS="2584" VPOS="2868" WIDTH="34"/>
						<String ID="P53_ST00266" HPOS="2618" VPOS="2817" WIDTH="146" HEIGHT="35" CONTENT="come" WC="0.96" CC="5094"/>
						<SP ID="P53_SP00222" HPOS="2764" VPOS="2868" WIDTH="34"/>
						<String ID="P53_ST00267" HPOS="2798" VPOS="2803" WIDTH="128" HEIGHT="49" CONTENT="duro" WC="0.96" CC="0666"/>
						<SP ID="P53_SP00223" HPOS="2926" VPOS="2868" WIDTH="36"/>
						<String ID="P53_ST00268" HPOS="2962" VPOS="2801" WIDTH="237" HEIGHT="61" CONTENT="elmetto," WC="0.99" CC="20360044"/>
					</TextLine>
					<TextLine ID="P53_TL00046" HPOS="2166" VPOS="2878" WIDTH="875" HEIGHT="64">
						<String ID="P53_ST00269" HPOS="2166" VPOS="2892" WIDTH="127" HEIGHT="36" CONTENT="sona" WC="0.96" CC="6036"/>
						<SP ID="P53_SP00224" HPOS="2293" VPOS="2928" WIDTH="33"/>
						<String ID="P53_ST00270" HPOS="2326" VPOS="2878" WIDTH="233" HEIGHT="64" CONTENT="d'argute" WC="0.99" CC="00209701"/>
						<SP ID="P53_SP00225" HPOS="2559" VPOS="2942" WIDTH="35"/>
						<String ID="P53_ST00271" HPOS="2594" VPOS="2878" WIDTH="198" HEIGHT="63" CONTENT="cuspidi" WC="0.98" CC="6760300"/>
						<SP ID="P53_SP00226" HPOS="2792" VPOS="2942" WIDTH="34"/>
						<String ID="P53_ST00272" HPOS="2826" VPOS="2878" WIDTH="215" HEIGHT="49" CONTENT="ferrata." WC="0.99" CC="45007004"/>
					</TextLine>
					<TextLine ID="P53_TL00047" HPOS="2168" VPOS="3007" WIDTH="1175" HEIGHT="66">
						<String ID="P53_ST00273" HPOS="2168" VPOS="3010" WIDTH="78" HEIGHT="51" CONTENT="Oh" WC="0.57" CC="35"/>
						<SP ID="P53_SP00227" HPOS="2246" VPOS="3061" WIDTH="33"/>
						<String ID="P53_ST00274" HPOS="2279" VPOS="3024" WIDTH="153" HEIGHT="35" CONTENT="avere" WC="0.98" CC="00253"/>
						<SP ID="P53_SP00228" HPOS="2432" VPOS="3061" WIDTH="35"/>
						<String ID="P53_ST00275" HPOS="2467" VPOS="3010" WIDTH="38" HEIGHT="48" CONTENT="il" WC="0.88" CC="20"/>
						<SP ID="P53_SP00229" HPOS="2505" VPOS="3061" WIDTH="32"/>
						<String ID="P53_ST00276" HPOS="2537" VPOS="3010" WIDTH="161" HEIGHT="63" CONTENT="taglio" WC="0.99" CC="000702"/>
						<SP ID="P53_SP00230" HPOS="2698" VPOS="3073" WIDTH="33"/>
						<String ID="P53_ST00277" HPOS="2731" VPOS="3008" WIDTH="90" HEIGHT="50" CONTENT="tuo" WC="0.97" CC="060"/>
						<SP ID="P53_SP00231" HPOS="2821" VPOS="3073" WIDTH="34"/>
						<String ID="P53_ST00278" HPOS="2855" VPOS="3008" WIDTH="132" HEIGHT="50" CONTENT="sulla" WC="0.97" CC="66540"/>
						<SP ID="P53_SP00232" HPOS="2987" VPOS="3073" WIDTH="35"/>
						<String ID="P53_ST00279" HPOS="3022" VPOS="3007" WIDTH="108" HEIGHT="50" CONTENT="mia" WC="1.00" CC="000"/>
						<SP ID="P53_SP00233" HPOS="3130" VPOS="3073" WIDTH="34"/>
						<String ID="P53_ST00280" HPOS="3164" VPOS="3007" WIDTH="179" HEIGHT="64" CONTENT="lingua" WC="0.98" CC="604070"/>
					</TextLine>
					<TextLine ID="P53_TL00048" HPOS="2167" VPOS="3082" WIDTH="1189" HEIGHT="66">
						<String ID="P53_ST00281" HPOS="2167" VPOS="3114" WIDTH="58" HEIGHT="6" CONTENT="—" WC="0.20" CC="8"/>
						<SP ID="P53_SP00234" HPOS="2225" VPOS="3120" WIDTH="36"/>
						<String ID="P53_ST00282" HPOS="2261" VPOS="3099" WIDTH="28" HEIGHT="35" CONTENT="e" WC="0.54" CC="4"/>
						<SP ID="P53_SP00235" HPOS="2289" VPOS="3134" WIDTH="35"/>
						<String ID="P53_ST00283" HPOS="2324" VPOS="3085" WIDTH="88" HEIGHT="63" CONTENT="più" WC="1.00" CC="001"/>
						<SP ID="P53_SP00236" HPOS="2412" VPOS="3148" WIDTH="33"/>
						<String ID="P53_ST00284" HPOS="2445" VPOS="3086" WIDTH="183" HEIGHT="48" CONTENT="tenace" WC="0.99" CC="051025"/>
						<SP ID="P53_SP00237" HPOS="2628" VPOS="3148" WIDTH="34"/>
						<String ID="P53_ST00285" HPOS="2662" VPOS="3114" WIDTH="60" HEIGHT="5" CONTENT="—" WC="0.20" CC="8"/>
						<SP ID="P53_SP00238" HPOS="2722" VPOS="3148" WIDTH="33"/>
						<String ID="P53_ST00286" HPOS="2755" VPOS="3100" WIDTH="30" HEIGHT="33" CONTENT="a" WC="0.16" CC="8"/>
						<SP ID="P53_SP00239" HPOS="2785" VPOS="3148" WIDTH="35"/>
						<String ID="P53_ST00287" HPOS="2820" VPOS="3083" WIDTH="212" HEIGHT="50" CONTENT="fendere" WC="0.98" CC="7140054"/>
						<SP ID="P53_SP00240" HPOS="3032" VPOS="3148" WIDTH="33"/>
						<String ID="P53_ST00288" HPOS="3065" VPOS="3082" WIDTH="49" HEIGHT="50" CONTENT="lo" WC="0.54" CC="35"/>
						<SP ID="P53_SP00241" HPOS="3114" VPOS="3148" WIDTH="36"/>
						<String ID="P53_ST00289" HPOS="3150" VPOS="3082" WIDTH="206" HEIGHT="60" CONTENT="smalto," WC="0.99" CC="6005024"/>
					</TextLine>
					<TextLine ID="P53_TL00049" HPOS="2167" VPOS="3157" WIDTH="1032" HEIGHT="61">
						<String ID="P53_ST00290" HPOS="2167" VPOS="3175" WIDTH="32" HEIGHT="33" CONTENT="a" WC="0.01" CC="9"/>
						<SP ID="P53_SP00242" HPOS="2199" VPOS="3208" WIDTH="34"/>
						<String ID="P53_ST00291" HPOS="2233" VPOS="3158" WIDTH="180" HEIGHT="51" CONTENT="fender" WC="0.98" CC="065040"/>
						<SP ID="P53_SP00243" HPOS="2413" VPOS="3209" WIDTH="35"/>
						<String ID="P53_ST00292" HPOS="2448" VPOS="3160" WIDTH="177" HEIGHT="48" CONTENT="bronzi" WC="0.98" CC="605650"/>
						<SP ID="P53_SP00244" HPOS="2625" VPOS="3209" WIDTH="35"/>
						<String ID="P53_ST00293" HPOS="2660" VPOS="3172" WIDTH="95" HEIGHT="37" CONTENT="con" WC="0.97" CC="026"/>
						<SP ID="P53_SP00245" HPOS="2755" VPOS="3209" WIDTH="33"/>
						<String ID="P53_ST00294" HPOS="2788" VPOS="3158" WIDTH="168" HEIGHT="50" CONTENT="sicuro" WC="0.96" CC="707795"/>
						<SP ID="P53_SP00246" HPOS="2956" VPOS="3209" WIDTH="34"/>
						<String ID="P53_ST00295" HPOS="2990" VPOS="3157" WIDTH="209" HEIGHT="61" CONTENT="assalto," WC="0.99" CC="06600050"/>
					</TextLine>
					<TextLine ID="P53_TL00050" HPOS="2167" VPOS="3232" WIDTH="1277" HEIGHT="61">
						<String ID="P53_ST00296" HPOS="2167" VPOS="3249" WIDTH="96" HEIGHT="35" CONTENT="con" WC="0.94" CC="355"/>
						<SP ID="P53_SP00247" HPOS="2263" VPOS="3284" WIDTH="34"/>
						<String ID="P53_ST00297" HPOS="2297" VPOS="3235" WIDTH="214" HEIGHT="49" CONTENT="fiamma" WC="0.98" CC="550706"/>
						<SP ID="P53_SP00248" HPOS="2511" VPOS="3284" WIDTH="33"/>
						<String ID="P53_ST00298" HPOS="2544" VPOS="3235" WIDTH="94" HEIGHT="49" CONTENT="che" WC="0.95" CC="552"/>
						<SP ID="P53_SP00249" HPOS="2638" VPOS="3284" WIDTH="33"/>
						<String ID="P53_ST00299" HPOS="2671" VPOS="3235" WIDTH="154" HEIGHT="49" CONTENT="alcun" WC="0.97" CC="05277"/>
						<SP ID="P53_SP00250" HPOS="2825" VPOS="3284" WIDTH="34"/>
						<String ID="P53_ST00300" HPOS="2859" VPOS="3246" WIDTH="145" HEIGHT="36" CONTENT="mare" WC="0.98" CC="0900"/>
						<SP ID="P53_SP00251" HPOS="3004" VPOS="3284" WIDTH="33"/>
						<String ID="P53_ST00301" HPOS="3037" VPOS="3246" WIDTH="103" HEIGHT="36" CONTENT="non" WC="0.96" CC="640"/>
						<SP ID="P53_SP00252" HPOS="3140" VPOS="3284" WIDTH="37"/>
						<String ID="P53_ST00302" HPOS="3177" VPOS="3232" WIDTH="267" HEIGHT="61" CONTENT="estingua;" WC="0.98" CC="470159595"/>
					</TextLine>
					<TextLine ID="P53_TL00051" HPOS="2167" VPOS="3350" WIDTH="1191" HEIGHT="60">
						<String ID="P53_ST00303" HPOS="2167" VPOS="3367" WIDTH="156" HEIGHT="35" CONTENT="avere" WC="0.97" CC="80643"/>
						<SP ID="P53_SP00253" HPOS="2323" VPOS="3402" WIDTH="33"/>
						<String ID="P53_ST00304" HPOS="2356" VPOS="3353" WIDTH="36" HEIGHT="49" CONTENT="il" WC="0.84" CC="03"/>
						<SP ID="P53_SP00254" HPOS="2392" VPOS="3402" WIDTH="33"/>
						<String ID="P53_ST00305" HPOS="2425" VPOS="3354" WIDTH="91" HEIGHT="49" CONTENT="tuo" WC="0.96" CC="063"/>
						<SP ID="P53_SP00255" HPOS="2516" VPOS="3403" WIDTH="36"/>
						<String ID="P53_ST00306" HPOS="2552" VPOS="3351" WIDTH="213" HEIGHT="51" CONTENT="metallo" WC="0.99" CC="0600075"/>
						<SP ID="P53_SP00256" HPOS="2765" VPOS="3403" WIDTH="34"/>
						<String ID="P53_ST00307" HPOS="2799" VPOS="3351" WIDTH="148" HEIGHT="50" CONTENT="entro" WC="0.98" CC="27005"/>
						<SP ID="P53_SP00257" HPOS="2947" VPOS="3403" WIDTH="34"/>
						<String ID="P53_ST00308" HPOS="2981" VPOS="3351" WIDTH="37" HEIGHT="49" CONTENT="il" WC="0.61" CC="16"/>
						<SP ID="P53_SP00258" HPOS="3018" VPOS="3403" WIDTH="35"/>
						<String ID="P53_ST00309" HPOS="3053" VPOS="3350" WIDTH="105" HEIGHT="50" CONTENT="mio" WC="0.99" CC="020"/>
						<SP ID="P53_SP00259" HPOS="3158" VPOS="3403" WIDTH="33"/>
						<String ID="P53_ST00310" HPOS="3191" VPOS="3364" WIDTH="167" HEIGHT="46" CONTENT="verso," WC="0.98" CC="074650"/>
					</TextLine>
					<TextLine ID="P53_TL00052" HPOS="2168" VPOS="3426" WIDTH="1091" HEIGHT="65">
						<String ID="P53_ST00311" HPOS="2168" VPOS="3429" WIDTH="95" HEIGHT="48" CONTENT="che" WC="0.93" CC="476"/>
						<SP ID="P53_SP00260" HPOS="2263" VPOS="3477" WIDTH="34"/>
						<String ID="P53_ST00312" HPOS="2297" VPOS="3429" WIDTH="133" HEIGHT="49" CONTENT="cozzi" WC="0.98" CC="46030"/>
						<SP ID="P53_SP00261" HPOS="2430" VPOS="3478" WIDTH="35"/>
						<String ID="P53_ST00313" HPOS="2465" VPOS="3444" WIDTH="28" HEIGHT="33" CONTENT="e" WC="0.67" CC="3"/>
						<SP ID="P53_SP00262" HPOS="2493" VPOS="3478" WIDTH="35"/>
						<String ID="P53_ST00314" HPOS="2528" VPOS="3431" WIDTH="176" HEIGHT="60" CONTENT="scoppi" WC="0.99" CC="406000"/>
						<SP ID="P53_SP00263" HPOS="2704" VPOS="3491" WIDTH="34"/>
						<String ID="P53_ST00315" HPOS="2738" VPOS="3426" WIDTH="143" HEIGHT="50" CONTENT="d'ire" WC="0.98" CC="04602"/>
						<SP ID="P53_SP00264" HPOS="2881" VPOS="3491" WIDTH="35"/>
						<String ID="P53_ST00316" HPOS="2916" VPOS="3442" WIDTH="29" HEIGHT="33" CONTENT="e" WC="0.78" CC="2"/>
						<SP ID="P53_SP00265" HPOS="2945" VPOS="3491" WIDTH="35"/>
						<String ID="P53_ST00317" HPOS="2980" VPOS="3426" WIDTH="51" HEIGHT="49" CONTENT="di" WC="1.00" CC="00"/>
						<SP ID="P53_SP00266" HPOS="3031" VPOS="3491" WIDTH="34"/>
						<String ID="P53_ST00318" HPOS="3065" VPOS="3426" WIDTH="194" HEIGHT="60" CONTENT="faville," WC="0.99" CC="04054723"/>
					</TextLine>
					<TextLine ID="P53_TL00053" HPOS="2170" VPOS="3501" WIDTH="996" HEIGHT="61">
						<String ID="P53_ST00319" HPOS="2170" VPOS="3518" WIDTH="147" HEIGHT="35" CONTENT="come" WC="0.97" CC="2604"/>
						<SP ID="P53_SP00267" HPOS="2317" VPOS="3553" WIDTH="34"/>
						<String ID="P53_ST00320" HPOS="2351" VPOS="3505" WIDTH="51" HEIGHT="47" CONTENT="la" WC="0.71" CC="50"/>
						<SP ID="P53_SP00268" HPOS="2402" VPOS="3553" WIDTH="32"/>
						<String ID="P53_ST00321" HPOS="2434" VPOS="3503" WIDTH="283" HEIGHT="50" CONTENT="domatrice" WC="1.00" CC="040000233"/>
						<SP ID="P53_SP00269" HPOS="2717" VPOS="3553" WIDTH="34"/>
						<String ID="P53_ST00322" HPOS="2751" VPOS="3503" WIDTH="113" HEIGHT="49" CONTENT="asta" WC="0.99" CC="0300"/>
						<SP ID="P53_SP00270" HPOS="2864" VPOS="3553" WIDTH="34"/>
						<String ID="P53_ST00323" HPOS="2898" VPOS="3501" WIDTH="268" HEIGHT="61" CONTENT="d'Achille," WC="0.99" CC="0005600604"/>
					</TextLine>
					<TextLine ID="P53_TL00054" HPOS="2172" VPOS="3577" WIDTH="1105" HEIGHT="65">
						<String ID="P53_ST00324" HPOS="2172" VPOS="3580" WIDTH="79" HEIGHT="50" CONTENT="sul" WC="0.93" CC="476"/>
						<SP ID="P53_SP00271" HPOS="2251" VPOS="3630" WIDTH="33"/>
						<String ID="P53_ST00325" HPOS="2284" VPOS="3580" WIDTH="349" HEIGHT="62" CONTENT="cinguettiero" WC="0.72" CC="506004700072"/>
						<SP ID="P53_SP00272" HPOS="2633" VPOS="3642" WIDTH="36"/>
						<String ID="P53_ST00326" HPOS="2669" VPOS="3579" WIDTH="297" HEIGHT="49" CONTENT="ciurmador" WC="0.75" CC="517600020"/>
						<SP ID="P53_SP00273" HPOS="2966" VPOS="3642" WIDTH="39"/>
						<String ID="P53_ST00327" HPOS="3005" VPOS="3591" WIDTH="241" HEIGHT="50" CONTENT="perverso" WC="0.98" CC="92503335"/>
						<SP ID="P53_SP00274" HPOS="3246" VPOS="3642" WIDTH="21"/>
						<String ID="P53_ST00328" HPOS="3267" VPOS="3577" WIDTH="10" HEIGHT="49" CONTENT="!" WC="1.00" CC="0"/>
					</TextLine>
				</TextBlock>
				<TextBlock ID="P53_TB00007" HPOS="2780" VPOS="3702" WIDTH="596" HEIGHT="46" STYLEREFS="TXT_4 PAR_RIGHT">
					<TextLine ID="P53_TL00055" HPOS="2786" VPOS="3704" WIDTH="590" HEIGHT="44">
						<String ID="P53_ST00329" HPOS="2786" VPOS="3704" WIDTH="259" HEIGHT="44" CONTENT="Emilio" WC="0.98" CC="671020"/>
						<SP ID="P53_SP00275" HPOS="3045" VPOS="3748" WIDTH="325"/>
						<String ID="P53_ST00330" HPOS="3370" VPOS="3708" WIDTH="6" HEIGHT="40" CONTENT="Zanette." WC="0.96" CC="00000000"/>
					</TextLine>
				</TextBlock>
				<TextBlock ID="P53_TB00008" HPOS="1805" VPOS="3862" WIDTH="195" HEIGHT="36" STYLEREFS="TXT_5 PAR_LEFT">
					<TextLine ID="P53_TL00056" HPOS="1805" VPOS="3862" WIDTH="195" HEIGHT="36">
						<String ID="P53_ST00331" HPOS="1805" VPOS="3862" WIDTH="195" HEIGHT="36" CONTENT="45" WC="1.00" CC="00"/>
					</TextLine>
				</TextBlock>
			</PrintSpace>
		</Page>
	</Layout>
</alto>
