4203 4234
3433 219 300 42 POESIA

415 359 1031 133 TANNHÄUSE
1548 359 52 133 D
1652 359 51 133 O
1755 359 103 133 IL
1959 380 920 105 PITOCCHINO
2983 375 487 107 GRIGIO

1674 529 198 72 (POEMA,
1912 544 53 37 IN
2004 525 188 73 PROSA)

261 797 346 50 Tannhàuser
639 796 27 50 è
703 810 70 34 un
821 792 301 52 chitarrista
1168 792 311 50 ambulante
1529 790 51 49 di
1630 787 159 65 quelli

137 876 96 48 che
266 876 55 48 in
357 871 316 52 Lombardia
706 872 43 50 si
782 870 314 51 chiamavan
1129 870 115 48 sino
1267 884 32 33 a
1322 867 220 65 qualche
1567 880 138 35 anno
1740 865 50 48 fa

143 955 295 46 torototera.
451 950 203 48 Traeva
687 946 204 66 origine
923 946 265 49 nobilesca
1224 960 86 33 ma
1342 957 95 51 per
1460 957 73 36 un
1554 941 236 51 rovescio

139 1025 51 49 di
223 1025 212 50 fortuna
468 1025 36 48 il
538 1025 178 48 nostro
750 1036 118 36 eroe
903 1021 42 49 si
978 1021 152 49 trova
1163 1034 93 35 ora
1288 1035 31 33 a
1352 1017 339 66 peregrinare
1743 1016 50 48 di

138 1103 141 47 terra
313 1101 51 49 in
401 1101 145 48 terra
578 1114 96 34 con
719 1097 279 50 armacollo
1049 1096 52 49 la
1149 1096 182 63 logora
1378 1093 233 50 chitarra
1660 1092 134 49 sulla

138 1177 154 64 quale
325 1177 461 62 s'accompagnava
823 1188 89 50 per
945 1173 216 49 locande
1195 1186 29 34 o
1258 1169 172 65 ghetti
1481 1168 100 51 due
1622 1167 172 65 quarti

141 1255 48 47 di
226 1267 106 35 una
367 1251 292 49 marzialità
696 1265 71 34 un
814 1249 79 64 po'
942 1251 207 48 astrusa
1199 1262 28 34 e
1275 1246 288 64 iperborea.
1614 1246 39 47 Il
1702 1257 92 36 suo

139 1329 206 64 aspetto
381 1327 322 51 richiamava
752 1326 35 49 il
839 1326 269 48 Nazareno
1158 1323 165 50 anche
1371 1322 84 63 pel
1505 1321 291 63 complesso

139 1404 251 64 alquanto
423 1402 259 65 apollineo
717 1401 137 49 della
887 1413 237 51 persona,
1157 1397 294 51 l'andatura
1496 1395 222 50 tenorile
1768 1408 28 36 e

141 1481 264 49 l'estrema
438 1479 217 65 povertà
698 1478 51 48 di
783 1492 73 34 un
889 1476 296 64 pitocchino
1233 1474 171 65 grigio
1449 1474 94 50 che
1594 1470 203 50 vestiva

139 1573 32 33 a
207 1556 200 49 scacchi
443 1556 141 49 color
621 1554 146 50 zolfo.
819 1554 174 49 Usava
1041 1568 32 33 a
1122 1553 273 62 copricapo
1446 1550 36 47 il

139 1632 243 51 amletico
418 1646 28 34 e
479 1629 221 65 qualche
734 1628 316 51 incunabulo
1086 1627 181 49 faceva
1301 1639 207 50 sempre
1558 1622 236 66 capolino

142 1707 136 49 dalle
311 1721 91 35 sue
435 1705 195 51 tasche.
663 1705 73 49 La
762 1704 226 50 bellezza
1011 1703 50 49 di
1086 1703 309 49 Tannàuser
1418 1716 92 34 era
1533 1699 263 50 insomma

142 1783 50 49 di
227 1783 170 65 quelle
432 1783 95 49 che
560 1782 220 63 gridano
819 1780 100 50 alle
955 1779 192 50 donne:
1187 1779 50 48 vi
1281 1779 164 62 tengo
1489 1776 55 49 in
1590 1773 203 67 pugno!

141 1858 179 49 Druda
353 1873 28 34 e
415 1857 260 50 malescia.

268 1935 81 49 Un
383 1934 184 65 giorno
600 1934 53 48 la
687 1931 327 65 Principessa
1047 1930 86 50 del
1157 1929 244 49 malleolo
1423 1929 219 62 squisito
1666 1926 105 51 s'in-

142 2010 159 67 vaghì
336 2011 50 49 di
421 2010 183 65 questo
637 2009 214 51 coboldo
886 2023 29 34 e
947 2008 74 63 gli
1070 2006 193 50 mandò
1313 2022 30 33 a
1394 2005 111 50 dire
1554 2018 243 51 passasse

143 2089 66 48 da
242 2088 66 49 lei
344 2088 84 48 nel
463 2084 325 66 pomeriggio
823 2084 117 49 dell'
959 2081 287 51 indomani.

266 2163 74 48 La
373 2175 117 36 sera
514 2161 163 49 stessa
700 2160 309 50 Tannàuser
1032 2157 156 50 lasciò
1211 2156 104 51 alla
1340 2155 287 65 portineria
1661 2154 137 49 della

143 2238 206 66 Reggia
381 2238 39 48 il
454 2251 92 36 suo
579 2235 239 65 biglietto
853 2235 65 49 da
950 2234 156 49 visita
1139 2234 95 48 che
1268 2231 200 50 diceva:

729 2365 473 71 TANNHÀUSER

611 2476 268 50 Cavaliere
910 2475 139 50 della
1079 2471 280 50 Diversità.

272 2616 101 51 All'
391 2613 270 51 indomani
696 2613 50 50 la
783 2612 325 62 Principessa
1141 2608 261 66 poggiava
1440 2608 47 49 le
1510 2607 114 50 reni
1648 2620 154 51 sopra

150 2707 102 35 una
301 2692 151 48 bassa
501 2705 28 34 e
581 2687 332 66 larghissima
967 2686 141 49 klinè
1166 2685 49 48 di
1279 2682 327 66 palissandro
1661 2682 141 64 bigio

150 2768 257 50 d'attorno
458 2766 104 51 alla
611 2763 152 65 quale
813 2763 165 49 saliva
1027 2777 32 35 a
1108 2761 191 49 larnbie
1354 2758 138 50 dalle
1549 2757 165 65 pareti
1766 2757 36 48 il

150 2842 193 50 soffitto
379 2856 103 34 una
517 2841 255 62 lingustre
804 2838 161 65 gialla
999 2852 27 34 e
1060 2836 184 49 dentro
1280 2833 523 64 v'imperversavano

151 2917 287 51 malediche
471 2916 179 63 lingue
686 2928 273 51 paonazze,
995 2912 143 49 lividi
1173 2909 160 64 lampi
1373 2908 95 50 che
1491 2909 312 49 laceravano

150 2992 397 51 verticalmente
581 2989 308 64 quell'albor
922 2988 241 50 d'aurora
1183 2984 339 64 tempestosa.
1548 2983 255 50 Cesellate

151 3071 63 47 da
251 3083 68 35 un
353 3067 231 65 dugento
619 3066 50 48 di
705 3066 223 49 seconda
961 3077 156 36 mano
1152 3062 188 62 cinque
1375 3059 244 64 lampade
1648 3074 29 32 a
1702 3058 102 49 olio

152 3144 360 49 dondolavano
547 3142 80 48 sul
658 3156 127 48 capo
820 3140 136 50 della
995 3140 178 47 donna
1224 3152 29 34 e
1301 3137 122 48 tutt'
1444 3135 53 47 in
1545 3135 115 64 giro
1714 3148 91 50 per

153 3219 246 48 l'inerzia
446 3220 233 61 sospetta
727 3217 83 48 del
861 3215 183 50 bilioso
1093 3213 234 63 giallore,
1383 3210 166 50 orlate
1601 3209 202 61 d'iridi,

150 3294 223 50 terribili
428 3294 48 48 di
527 3292 259 64 gracilità,
823 3303 364 52 proponevano
1225 3285 253 52 barbarici
1521 3285 201 64 enigmi
1757 3285 47 49 le

153 3369 130 50 linee
317 3370 52 49 di
401 3384 69 35 un
513 3368 244 65 mobiglio
791 3367 190 49 fornito
1018 3365 140 49 dalla
1196 3363 205 49 colonia
1435 3363 46 48 di
1522 3361 283 50 Darmstat.

279 3447 117 47 Una
428 3444 207 50 vetrata
668 3458 33 36 a
733 3441 182 65 piccoli
951 3440 182 64 quadri
1167 3438 228 64 s'apriva
1440 3436 138 50 nella
1625 3436 180 64 parete

155 3520 47 50 di
237 3523 144 47 ovest
411 3521 219 47 accanto
661 3533 33 34 a
727 3532 106 35 una
882 3519 141 47 sorta
1072 3514 50 49 di
1173 3513 271 64 penetrale
1495 3513 174 49 votivo
1718 3510 87 50 nel

156 3596 150 64 quale
339 3595 283 60 sorrideva,
655 3595 174 48 velata
856 3594 66 47 da
961 3607 103 34 una
1100 3589 322 65 lampadetta
1455 3603 32 34 a
1520 3586 284 64 smeriglio,

157 3670 282 51 l'encausto
463 3671 45 49 di
546 3684 104 36 una
674 3669 48 48 S.
746 3668 234 50 Barbara
1004 3666 83 49 del
1110 3664 214 51 vecchio
1350 3662 239 50 Holbein.
1615 3662 190 64 Sparso

158 3746 47 49 di
242 3763 123 33 saxe
402 3745 282 50 miniature
717 3744 206 49 farfalle
957 3748 168 43 morte
1158 3755 29 34 e
1210 3740 133 48 altre
1368 3737 243 50 muliebri
1637 3736 140 50 bazzi-

158 3824 194 58 cature,
373 3836 73 36 un
476 3824 283 47 canterano
788 3820 247 49 inarcava
1067 3817 47 49 le
1149 3830 92 36 sue
1276 3814 238 50 membra
1547 3814 255 49 bislacche

2950 634 213 39 Diversité
3192 634 103 37 c'est
3321 645 70 25 ma
3419 632 142 38 devise

3003 700 33 31 La
3057 698 128 33 Fontaine
3206 712 12 6 -
3240 697 46 29 Le
3307 696 85 35 paté
3412 696 210 35 d'anguille.

2088 788 215 48 accanto
2352 802 32 34 a
2426 802 107 34 ima
2570 787 187 49 volière
2808 784 291 51 brulicante
3149 783 233 50 d'uccelli
3429 780 304 51 d'America.

2089 864 348 50 Mascherette
2455 863 51 50 di
2535 877 134 47 cera,
2688 862 249 51 cofanetti
2962 860 244 63 d'avorio,
3224 859 194 51 scatole
3447 859 51 48 di
3530 857 209 58 canditi,

2091 939 230 50 mussole
2345 953 118 34 rosa
2497 953 28 34 e
2559 937 239 50 turchine
2822 952 27 34 e
2873 937 194 49 lionate
3093 951 125 35 eran
3243 934 174 51 diffusi
3447 948 32 36 a
3512 933 228 51 casaccio

2089 1014 82 64 pe'
2189 1014 15 48 1
2238 1028 135 36 vano
2403 1014 84 51 dal
2521 1014 179 50 centro
2736 1013 84 48 del
2854 1012 152 64 quale
3041 1027 70 34 un
3138 1010 318 50 incensatolo
3493 1008 246 65 fungoide

2091 1092 213 48 esalava
2327 1090 67 50 da
2417 1089 145 51 mille
2596 1090 98 49 fori
2719 1089 50 50 la
2804 1103 93 34 sua
2930 1088 182 51 anima
3145 1087 222 50 mirrata
3400 1087 95 48 che
3530 1085 42 48 si
3606 1099 110 50 spar-

2089 1179 134 50 geva
2247 1165 55 50 in
2331 1165 190 50 nebbie
2557 1165 200 64 d'opale
2782 1164 134 50 sulla
2949 1163 206 51 arcaica
3189 1163 268 49 stranezza
3503 1160 137 64 degli
3692 1174 26 33 a-

2092 1241 173 65 spetti,
2307 1241 364 51 conferendovi
2695 1255 71 35 un
2790 1241 281 64 pittoresco
3097 1238 325 50 novembrile
3452 1253 28 34 e
3514 1236 230 50 lontano.

2215 1318 95 48 Dai
2346 1316 113 51 seni
2492 1316 136 50 della
2661 1316 328 64 Principessa
3024 1329 104 36 una
3159 1314 145 49 veste
3338 1314 48 48 di
3424 1327 206 35 moerro
3660 1325 56 36 co-

2092 1394 79 49 lor
2202 1394 192 63 ghezzo
2429 1393 260 50 scendeva
2722 1407 98 35 con
2854 1391 178 65 grazia
3064 1390 186 50 stretta
3274 1390 65 50 ad
3362 1387 384 65 avvilupparle

2093 1470 51 48 la
2180 1470 106 48 vita
2319 1484 28 34 e
2382 1470 16 48 i
2431 1469 194 49 fianchi
2661 1469 210 49 ch'eran
2905 1468 52 48 di
2999 1465 198 66 qualità
3230 1465 254 65 piuttosto
3527 1464 190 49 tiziane-

2093 1545 125 48 schi.
2251 1545 87 48 Ma
2373 1544 81 49 fra
2488 1545 15 47 i
2539 1544 108 49 seni
2683 1558 72 35 un
3166 1544 336 63 cypripediu
3503 1540 183 49 ardentissimo
3687 1539 80 49 urlava

2093 1636 97 35 con
2224 1621 50 50 la
2304 1620 239 51 violenza
2577 1620 51 49 di
2662 1635 73 34 un
2769 1622 215 61 operato
3018 1617 132 50 sulle
3184 1615 254 51 ineffabili
3464 1614 284 50 maternità

2095 1697 83 50 del
2340 1697 207 50 decolleté
2548 1697 65 49 latte
2647 1711 29 35 e
2709 1710 135 34 rosa.

2220 1774 70 48 Le
2326 1771 186 65 cinque
2547 1770 109 51 dita
2690 1771 135 50 della
2859 1784 158 35 mano
3051 1768 213 51 sinistra
3304 1782 72 35 un
3420 1766 327 65 inquietante

2095 1849 212 64 viluppo
2340 1849 50 48 di
2425 1847 166 51 rettili
2625 1847 139 50 d'oro
2801 1860 216 37 correva
3048 1846 56 48 in
3138 1845 153 49 unico
3324 1845 143 48 tema
3508 1842 95 50 che
3649 1842 71 48 s'i-

2096 1923 204 50 niziava
2333 1922 303 51 dall'indice
2670 1936 28 34 e
2732 1922 42 48 si
2808 1922 258 48 risolveva
3089 1918 335 51 sull'anulare
3437 1934 10 34 :
3472 1917 135 50 onici
3643 1931 80 36 sar-

2095 2000 170 48 donici
2299 2014 28 34 e
2361 1998 154 64 giade
2549 2012 267 50 segnavan
2850 1997 54 50 in
2938 1996 120 65 quel
3094 1995 260 50 bulicame
3389 1992 214 64 d'aspidi
3652 1992 76 64 pic-

2096 2075 99 50 coli
2228 2076 145 49 occhi
2407 2073 237 51 fusfurei.

2222 2151 295 49 Pervenuto
2552 2149 51 50 al
2636 2163 92 35 suo
2763 2148 232 65 cospetto
3031 2146 345 50 Tannhàuser
3409 2143 281 50 s'inchina.

2224 2224 74 50 La
2332 2226 333 63 Principessa
2709 2224 136 50 dice:

2228 2330 54 5 —
2317 2302 157 49 Come
2506 2301 52 49 vi
2592 2299 279 63 chiamate,
2904 2297 323 51 bell'amico?

2223 2406 61 5 —
2317 2377 75 49 Mi
2427 2376 206 50 chiamo
2669 2374 359 51 Tannhàuser.

2224 2481 58 5 —
2317 2452 360 58 Tannhàuser,
2713 2454 112 46 tout
2855 2453 167 46 court.

2224 2557 61 4 —
2319 2527 240 50 Cavalier
2592 2525 362 61 Tannhàuser,
2989 2538 55 36 se
3079 2522 298 64 v'aggrada.

2227 2632 54 5 —
2318 2602 315 50 Cavaliere?!
2670 2617 28 34 e
2732 2600 51 50 di
2817 2600 155 64 quale
3013 2598 213 51 ordine?

2224 2708 61 5 —
2318 2679 150 50 Della
2503 2675 275 61 Diversità,
2815 2670 339 68 Principessa.

2227 2784 59 6 —
2324 2754 144 52 Della
2502 2753 285 49 Diversità:
2822 2751 49 50 lo
2906 2751 113 49 dice
3053 2749 165 51 anche
3254 2749 34 48 il
3314 2749 176 48 vostro
3516 2748 240 63 biglietto

2103 2831 65 49 da
2202 2830 169 50 visita.
2407 2830 74 48 La
2514 2829 175 51 vostra
2722 2828 204 61 patria?

2229 2934 60 4 —
2324 2905 73 48 La
2430 2905 162 48 stessa
2628 2901 137 65 degli
2799 2901 98 49 Elfi
2931 2915 27 35 e
2992 2900 51 48 di
3078 2898 276 63 Loengrin.

2230 3008 59 6 —
2326 2980 138 48 Siete
2498 2979 210 63 dunque
2744 2992 72 34 un
2850 2975 353 65 leggendario.

2230 3085 60 4 —
2323 3056 81 49 Ah
2439 3056 42 47 sì
2496 3055 10 50 !
2543 3054 344 63 Principessa,
2920 3051 356 65 leggendario,
3310 3049 338 63 leggendario
3673 3047 87 50 nel

2103 3132 153 49 modo
2291 3131 88 64 più
2412 3130 285 49 straziante
2732 3144 28 33 e
2783 3126 373 51 irrimediabile
3171 3125 9 49 !
3208 3126 64 48 Se
3295 3126 203 62 sapeste
3522 3124 94 49 che
3640 3138 118 35 cosa

2101 3210 175 47 atroce
2309 3221 170 35 essere
2514 3205 156 49 l'eroe
2705 3204 50 49 di
2789 3218 73 35 un
2896 3202 211 50 libretto
3142 3200 234 65 d'opera!

2225 3282 85 50 Un
2343 3282 216 50 silenzio
2595 3282 149 63 seguì
2789 3279 85 50 nel
2909 3277 153 64 quale
3108 3277 42 50 si
3194 3277 219 49 udirono
3457 3275 210 63 squittir
3711 3273 49 50 le

2102 3357 217 50 faraone
2351 3357 81 49 sui
2467 3355 176 64 fastigi
2677 3355 136 49 della
2846 3352 224 64 Reggia.

2228 3461 61 7 —
2321 3431 340 60 Avanzatevi,
2690 3428 295 51 bell'amico
3018 3456 62 8 —
3102 3427 280 64 soggiunse
3410 3425 52 49 la
3490 3426 187 48 donna.
3701 3454 61 5 —

2105 3510 256 48 Prendete
2394 3522 73 36 un
2498 3507 92 50 thè
2609 3507 14 50 ?

2234 3583 184 51 L'aedo
2454 3582 281 51 s'inchinò.

2230 3660 177 49 Allora
2440 3658 263 50 sedettero
2740 3672 57 35 su
2832 3657 101 48 due
3268 3668 27 35 e
3334 3667 152 37 come
3527 3653 99 48 due
3649 3652 117 49 cani

2110 3736 49 47 di
2194 3733 283 50 terracotta
2510 3733 43 50 si
2589 3733 170 48 fecero
2794 3733 245 62 pendant
3083 3732 209 48 attorno
3344 3745 31 33 a
3423 3743 70 35 un
3537 3728 230 50 tavolino

2103 3808 183 59 Quarti
2322 3808 51 48 di
2406 3822 109 34 una
2548 3807 230 61 fragilità
2811 3804 363 64 impeccabile.

1858 3936 199 35 31
