4203 4234
954 409 53 37 X

283 516 51 48 Si
369 517 211 64 asciugò
617 520 48 48 le
700 520 227 61 lacrime,
971 521 271 65 sbadigliò,
1276 525 111 48 fece
1427 523 294 53 schioccare
1755 527 46 49 le

157 592 193 48 nocche
391 596 27 44 ri
426 595 97 48 elle
562 596 122 61 dita,
710 596 184 63 sfogliò
934 612 105 35 una
1069 600 84 47 Vie
1191 600 312 50 Parisienne
1507 640 12 23 ,
1543 602 42 48 si
1627 603 175 64 grattò

159 681 102 34 una
296 670 205 62 gamba.

282 743 200 51 Pareva
504 748 103 47 così
631 747 51 50 la
716 748 184 50 Statua
923 748 136 50 della
1096 750 145 63 Noia,
1265 751 133 49 della
1430 753 198 63 grande
1666 753 135 51 Noia

157 817 136 48 della
326 833 146 36 sacra
505 821 134 49 Noia

280 893 329 52 Finalmente
644 897 158 49 disse:

280 998 61 6 —
373 971 42 48 E
451 971 49 49 la
538 972 164 63 prima
736 974 144 50 volta
913 976 94 49 che
1041 977 183 51 vedete
1258 993 107 35 una
1402 979 242 66 Reggia?

282 1075 59 3 —
374 1047 74 48 La
481 1047 184 63 prima.

282 1150 58 6 —
374 1123 167 48 Bene:
576 1127 315 48 accostatevi
940 1157 59 5 —
1042 1129 281 65 soggiunse
1369 1133 347 62 spalancando
1749 1133 52 50 la

157 1198 217 48 vetrata.
410 1227 60 5 —
509 1199 292 52 Guardate!

280 1274 82 48 Un
397 1274 238 65 giardino
669 1278 102 62 egli
806 1278 117 51 vide
957 1280 190 50 allora:
1183 1298 70 33 un
1286 1284 240 64 giardino
1561 1285 94 50 che
1690 1301 81 35 cor-

155 1363 125 34 reva
315 1364 30 33 a
379 1349 274 63 perdifiato
688 1367 32 34 a
763 1355 329 64 raccogliersi
1126 1358 56 49 in
1232 1373 72 34 un
1354 1360 259 51 orizzonte
1653 1363 145 63 pigro

155 1437 28 34 e
230 1423 312 64 fuligginoso
593 1425 94 50 che
735 1442 188 37 recava
971 1429 36 50 il
1056 1430 96 50 ciel
1204 1432 340 66 bigerognolo
1589 1435 53 50 in
1694 1452 105 35 una

155 1498 268 50 frettolosa
457 1499 166 51 ditata
655 1501 46 47 dì
739 1503 245 66 pioppine
1027 1520 29 35 e
1096 1508 195 49 ontani.
1326 1509 382 51 S'indovinava
1747 1513 51 48 al

156 1572 50 50 di
247 1572 51 51 là
346 1589 106 34 una
501 1575 262 65 disperata
813 1579 223 62 pianura
1070 1583 219 62 gravida
1338 1584 52 48 di
1440 1586 215 50 silenzio
1691 1602 27 34 e
1755 1588 48 49 di

153 1649 180 61 cicale,
371 1651 204 61 petrosa
609 1666 27 35 e
673 1654 284 51 mortifera.
983 1658 117 48 Non
1131 1658 263 52 ricchezza
1429 1660 49 48 di
1514 1661 137 50 linee
1686 1677 90 34 ave-

155 1739 100 34 van
291 1725 171 62 l'ajole
495 1741 29 35 o
559 1727 252 51 bizzarria
862 1730 50 49 di
962 1734 107 47 toni
1107 1734 95 48 che
1242 1736 344 51 annunziasse
1620 1738 51 48 la
1707 1740 73 48 sot-

153 1799 239 63 tigliezza
426 1816 207 36 umana.
669 1805 249 49 Immensi
955 1821 28 35 e
1018 1809 118 48 va,ni
1172 1824 146 36 come
1362 1811 51 49 la
1453 1811 354 51 misericordia

153 1875 49 48 di
244 1875 92 49 Dio
360 1877 69 64 gli
457 1877 257 65 imperiali
748 1881 214 51 viridari
987 1884 269 50 esibivano
1288 1886 104 50 alla
1431 1886 376 52 irrimediabile

155 1950 344 52 immortalità
543 1955 61 48 de
612 1956 9 17 1
672 1955 323 52 firmamenti
1044 1959 16 49 i
1111 1960 109 49 foro
1253 1962 247 63 squallori
1534 1964 270 49 allucinati

155 2026 45 46 di
240 2026 131 49 sole:
409 2027 119 50 viali
562 2031 494 66 senz'orma,stagni
1092 2049 155 37 senza
1280 2037 284 64 raganelle.
1600 2040 206 49 Piccole

153 2100 126 50 flore
315 2103 161 49 sterili
512 2103 41 50 si
589 2105 356 66 dilungavano
978 2124 30 34 a
1044 2125 170 35 masse
1249 2112 177 65 uguali
1464 2129 93 48 per
1591 2129 105 35 una
1731 2115 49 49 lu-

155 2176 245 51 minosità
433 2194 155 34 senza
622 2183 156 49 vento
811 2183 97 49 che
941 2199 103 35 non
1070 2187 134 48 dava
1238 2187 66 48 nè
1338 2187 115 51 luce
1481 2190 67 48 nè
1569 2191 139 48 ombr
1722 2206 30 33 a
1776 2205 28 34 e

153 2254 253 60 stagnava
449 2253 441 56 immensamente
914 2260 169 50 inerte
1107 2276 29 33 e
1162 2262 293 51 disseccava
1489 2265 50 50 le
1572 2265 169 50 forme
1778 2282 26 33 e

152 2326 292 53 insteriliva
466 2329 16 49 i
510 2331 140 61 moti,
675 2347 28 34 e
727 2332 456 55 cloroformizzava
1215 2338 140 50 tutto
1379 2338 36 49 il
1440 2340 277 66 paesaggio
1749 2341 53 49 in

155 2403 259 50 un'attesa
448 2404 121 51 folle
603 2422 28 33 e
667 2409 307 51 strozzante.

289 2507 45 5 —
373 2479 329 68 Principessa
720 2483 10 50 !
757 2514 59 5 —
838 2486 150 63 gridò
1022 2488 340 51 Tannhaiiser
1397 2489 277 51 fissandola
1708 2507 94 34 con

152 2554 290 61 sgomento.

278 2656 60 7 —
371 2629 245 53 Bloccata
635 2633 10 49 !
682 2633 232 52 bloccata
932 2637 10 49 !
968 2666 60 5 —
1053 2638 196 65 sospirò
1285 2641 50 48 la
1369 2641 190 50 donna.

279 2704 94 48 Dal
416 2705 155 51 fondo
621 2708 81 49 del
755 2726 154 48 parco
960 2714 292 51 attraverso
1303 2715 147 50 l'aria
1501 2732 119 34 rare
1672 2718 131 51 fatta

152 2779 186 62 giunse
376 2782 44 48 io
454 2784 220 50 struscìo
710 2785 80 50 dei
825 2789 202 48 marelli
1061 2789 262 65 imperiali
1360 2792 133 50 sulla
1525 2793 194 61 ghiaia.

277 2884 59 4 —
372 2855 143 51 Tann
538 2858 10 49 !
600 2888 59 5 —
711 2859 110 51 fece
870 2863 164 49 allora
1072 2864 315 64 l'opulente:
1423 2898 60 5 —
1517 2856 41 64 È
1592 2870 209 52 inutile:

152 2943 95 35 con
284 2945 69 35 un
387 2933 192 49 marito
631 2935 81 64 pel
764 2938 153 61 quale
968 2940 48 49 lo
1067 2954 158 50 svago
1279 2943 85 62 più
1415 2944 168 64 degno
1633 2948 28 47 è
1694 2962 109 34 una

153 3005 131 48 festa
324 3006 313 60 pirotecnica
675 3011 50 50 io
764 3011 151 51 finirò
956 3028 92 51 per
1088 3016 194 50 morire
1323 3019 260 52 d'accidia.
1615 3023 65 49 Se
1721 3037 52 37 sa-

152 3083 144 60 peste
331 3081 306 66 bell'amico,
677 3102 148 36 come
871 3090 71 48 mi
976 3091 190 50 annoio
1201 3108 28 33 e
1271 3094 367 53 m'inacidisco
1660 3099 10 48 !
1721 3099 80 51 Ho

155 3154 127 50 fatto
333 3156 158 51 tirare
542 3159 36 48 il
628 3161 132 50 collo
811 3164 47 48 ai
908 3165 123 50 miei
1070 3166 134 50 sette
1257 3170 152 61 paoni
1462 3171 222 63 bianchi,
1733 3174 68 48 ho

152 3231 227 51 infranto
414 3249 105 35 una
553 3239 242 61 quantità
829 3240 46 48 di
914 3241 231 51 faentine
1178 3259 45 46 e,
1258 3244 360 54 debitamente
1669 3250 100 50 affa-

153 3307 144 63 mati,
322 3307 65 50 ho
423 3310 118 49 dato
565 3310 189 53 libertà
787 3314 50 49 ai
874 3316 121 48 miei
1023 3317 99 50 due
1153 3319 225 52 molossi.
1412 3323 220 50 Credete
1667 3324 134 51 fosse

152 3381 276 53 diminuita
461 3387 51 47 la
545 3386 132 51 cifra
708 3390 262 52 cotidiana
1004 3394 82 49 dei
1121 3395 126 49 miei
1281 3396 221 66 sbadigli
1524 3399 19 51 ?

273 3460 178 51 Allora
485 3462 70 50 mi
590 3479 125 35 sono
749 3467 133 49 latta
915 3470 254 49 costruire
1202 3486 73 33 un
1309 3474 241 50 tabouret
1580 3477 106 49 alto
1718 3479 80 48 tre

152 3535 155 48 metri
359 3551 28 31 e
438 3551 188 37 mezzo.
677 3540 77 51 Da
786 3541 98 51 ieri
933 3544 80 50 sto
1064 3545 141 51 lassù
1256 3561 93 50 per
1393 3564 89 35 ore
1521 3566 31 33 a
1585 3552 213 64 leggere

159 3608 273 51 Nietzsche
475 3627 26 35 e
536 3630 31 33 a
617 3616 278 51 masticare
929 3618 219 53 lukumi.
1183 3622 42 49 E
1261 3622 72 50 mi
1368 3625 190 51 annoio
1592 3643 207 47 ancora,

3464 268 298 44 POESIA

2105 404 206 51 radioso
2363 407 360 62 Tannhaiiser,
2778 412 372 51 mortalmente
3202 428 147 37 come
3399 431 75 37 un
3522 417 244 65 giardino

2109 479 242 65 pubblico

2231 558 77 49 Fu
2344 559 167 53 allora
2543 563 95 49 che
2678 564 344 51 Tannhaiiser
3071 567 306 52 l'abbracciò
3418 583 149 37 come
3601 571 159 50 fanno

2104 631 16 50 i
2157 631 164 51 fauni.
2356 635 311 54 Sbarazzino
2702 639 365 65 intellettuale,
3088 643 104 63 egli
3217 658 104 37 non
3348 647 174 49 soleva
3546 648 185 50 abbrac-

2104 708 139 50 ciare
2279 710 45 50 le
2360 712 170 50 donne
2563 715 97 49 che
2694 715 332 52 nell'istante
3056 719 55 51 in
3133 720 86 50 cui
3254 736 112 35 esse
3400 723 74 63 gli
3498 723 258 52 offrivano

2105 784 87 62 più
2228 784 268 66 eloquenti
2547 789 15 48 i
2612 792 151 63 segni
2813 793 50 48 di
2913 793 80 51 lor
3045 794 217 52 labilità.
3309 798 91 49 Poi
3434 813 55 34 se
3525 798 50 49 la
3610 800 139 49 serrò

2102 859 80 49 sul
2215 874 156 37 cuore
2424 878 147 37 come
2623 880 103 36 una
2760 868 142 51 cetra
2937 884 28 35 e
2999 870 170 50 subito
3220 887 120 35 ecco
3375 874 80 48 sul
3490 888 157 36 cuore
3682 875 52 65 gl
3753 879 16 50 i

2104 948 127 49 pare
2264 935 50 50 di
2365 939 211 49 sentirsi
2625 941 294 52 rovesciare
2967 944 51 48 la
3069 945 317 51 malinconia
3437 949 52 48 di
3522 950 139 49 tutte
3710 950 48 50 le

2104 1007 204 66 Reggie
2341 1028 177 48 sparse
2551 1016 86 49 nel
2672 1018 205 61 mondo,
2914 1019 137 49 dalle
3094 1021 250 51 Alambre
3377 1024 94 49 che
3507 1024 255 52 dormono

2104 1085 48 49 al
2187 1087 110 49 sole
2347 1089 52 49 ai
2448 1090 263 52 Kremlini
2745 1093 268 52 intirizziti
3065 1098 49 48 di
3164 1099 119 63 gelo
3329 1114 29 34 e
3394 1100 49 50 di
3479 1103 254 62 spavento
3757 1150 9 10 .

2102 1160 70 62 gli
2210 1164 211 61 percote
2445 1165 220 52 l'olfatto
2689 1169 328 52 l'esalazione
3052 1173 134 49 delle
3220 1174 148 49 vaste
3403 1176 237 50 scuderie
3673 1175 95 60 abl

2101 1236 312 66 bandonate,
2449 1241 135 50 delle
2619 1244 239 62 poltrone
2893 1246 51 48 di
2979 1249 350 59 marocchino,
3366 1250 82 50 dei
3488 1253 249 49 clavicem-

2101 1311 105 49 bali
2242 1312 94 51 che
2375 1316 317 64 agonizzano
2736 1320 96 48 soli
2883 1335 28 34 e
2961 1335 156 37 senza
3150 1336 212 52 scampo
3396 1326 87 48 nei
3520 1326 175 51 salotti
3729 1343 28 34 e

2107 1387 87 48 nei
2228 1388 184 50 talami
2451 1391 145 49 reali.

2233 1465 117 48 Una
2384 1467 275 62 vertigine.

2232 1569 53 5 —
2326 1541 134 49 Vuoi
2496 1542 149 51 ch'io
2679 1546 79 48 sia
2791 1546 35 48 il
2859 1547 92 50 tuo
2987 1550 322 51 liberatore?

2233 1644 57 5 —
2327 1616 182 63 Voglio
2543 1618 95 50 che
2678 1621 59 48 tu
2777 1621 77 49 sia
2897 1622 36 48 il
2979 1625 105 49 mio
3128 1625 296 53 liberatore.
3461 1630 235 51 Portami
3732 1647 30 35 a

2106 1688 239 51 traverso
2394 1692 51 48 le
2495 1693 180 65 steppe
2725 1710 27 34 e
2801 1698 134 64 sugli
2989 1700 224 50 estuari!
3264 1703 79 49 Tu
3390 1705 72 48 sei
3514 1705 51 49 la
3615 1707 146 59 Vita,

2109 1763 353 65 l'Avventura,
2509 1768 34 48 il
2584 1771 250 63 Pretesto,
2871 1773 49 48 la
2968 1776 190 51 Forza:
3206 1777 48 48 la
3297 1778 281 64 Diversità,
3611 1796 149 36 come

2106 1839 113 51 dice
2252 1841 36 48 il
2323 1842 92 49 tuo
2449 1843 240 65 biglietto
2741 1847 65 49 da
2849 1848 170 51 visita.
3064 1852 39 48 E
3154 1853 82 64 poi
3290 1868 365 40 conosceremo
3688 1858 73 64 gli

2105 1917 264 61 splendori
2420 1918 96 50 che
2566 1935 14 33 1
2633 1923 183 61 grandi
2863 1924 259 64 pleniluni
3170 1929 244 50 rossastri
3465 1933 295 50 accendono

2104 1990 78 49 sul
2220 1992 149 49 dorso
2403 1993 134 51 delle
2571 1998 206 48 cascate
2810 1998 278 52 diluvianti
3125 2002 53 51 in
3213 2018 125 36 seno
3371 2020 30 34 a
3440 2007 189 51 foreste
3663 2009 75 64 pri-

2106 2064 241 51 mordiali

2231 2142 148 50 Tann
2415 2144 50 50 la
2512 2148 200 61 guardò
2763 2152 362 50 accovacciata
3158 2154 179 51 contro
3387 2157 36 48 il
3474 2172 91 36 suo
3606 2162 154 62 petto,

2102 2215 74 64 gli
2210 2218 145 48 occhi
2391 2219 141 65 pieni
2566 2222 49 49 di
2651 2223 230 51 lacrime.

2229 2321 51 6 —
2323 2293 79 52 Sì:
2462 2296 85 49 noi
2604 2298 353 53 valicheremo
3013 2303 52 48 la
3116 2304 214 52 sinistra
3379 2309 191 51 aridità
3620 2310 135 50 delle

2104 2366 200 50 Sierras
2341 2383 28 34 e
2403 2369 244 52 l'urlante
2681 2376 306 49 monotonia
3023 2378 136 49 della
3193 2380 200 51 duna....

2227 2472 61 6 —
2322 2445 331 53 Solcheremo
2705 2450 50 50 la
2810 2453 245 50 turchina
3104 2456 317 51 malinconia
3476 2459 84 50 dei
3612 2462 141 63 laghi

2102 2517 268 53 Savoiardi
2403 2535 28 36 e
2464 2521 36 50 il
2534 2523 213 64 torpore
2782 2528 263 52 micidiale
3079 2531 80 49 dei
3200 2533 134 48 mari
3368 2534 237 51 d'asfalto
3641 2552 27 34 e
3705 2538 51 48 di

2101 2592 180 51 zaffiro

2225 2698 56 5 —
2322 2670 349 53 Pranzeremo
2704 2690 98 36 con
2835 2677 109 50 nidi
2990 2679 48 49 di
3085 2680 289 66 salangàne
3408 2683 53 49 in
3498 2699 66 34 un
3601 2686 154 50 bosco

2102 2742 49 48 di
2187 2744 163 50 Giava
2384 2760 28 34 e
2445 2747 295 52 risaliremo
2775 2751 35 48 il
2845 2752 215 66 Myania
3092 2755 49 48 in
3173 2757 217 64 piroghe
3423 2760 159 48 simili
3617 2777 31 33 a
3683 2761 50 64 ip-

2104 2822 304 62 pocampi....

2227 2895 251 64 Sapremo
2524 2898 35 49 il
2601 2900 182 52 fischio
2829 2904 81 48 del
2956 2905 354 65 Maelstroom,
3346 2909 252 53 ebbrezza
3633 2912 120 61 mia,

2102 2968 275 52 l'identità
2432 2973 133 50 delle
2625 2976 221 65 Pampas
2901 2980 166 49 orlate
3125 2981 49 50 di
3220 2996 264 51 sangue....
3540 2987 84 50 Sì!
3680 2989 72 48 sì!

2102 3044 104 50 mio
2241 3047 274 51 cavaliere.
2549 3050 228 50 Rubami
2801 3067 29 33 a
2864 3055 182 62 questo
3081 3056 130 49 cielo
3231 3057 10 50 !
3278 3060 305 63 strappami,
3610 3061 139 51 divin

2101 3122 321 61 vagabondo,
2468 3140 30 33 a
2549 3128 183 61 questo
2782 3128 138 50 tedio
2972 3132 222 50 mortale
3213 3132 11 50 !
3274 3132 185 51 fammi
3504 3136 176 51 vivere
3725 3152 28 35 e

2100 3194 194 50 morire
2332 3197 53 48 in
2435 3199 67 61 te,
2553 3199 286 53 bellissimo
2890 3203 359 64 Tannhaiiser,
3295 3222 157 36 cuore
3509 3225 181 51 sparso
3724 3227 27 35 e

2100 3269 297 52 universale
2432 3273 51 48 di
2516 3273 137 51 tutte
2688 3276 48 49 le
2775 3291 118 35 cose
2937 3279 181 50 eterne
3163 3295 26 34 e
3234 3296 155 36 senza
3422 3286 186 61 patria.
3643 3287 77 50 Oh
3741 3287 10 50 !

2100 3343 76 49 sia
2210 3344 282 54 benedetta
2537 3348 49 48 la
2618 3351 93 48 tua
2754 3352 199 63 grande
2987 3354 178 50 anima
3216 3356 47 49 di
3315 3358 258 51 sradicato
3610 3377 26 35 e
3669 3363 82 50 tre

2098 3419 140 50 volte
2271 3420 277 52 benedetto
2582 3424 36 48 il
2652 3425 90 50 tuo
2777 3427 294 63 pitocchino
3111 3432 50 48 di
3476 3436 97 49 che
3622 3452 95 34 con-

2097 3494 144 50 tiene
2275 3497 140 50 tutta
2454 3499 50 48 la
2537 3500 203 63 tragica
2772 3502 204 50 odissea
3009 3504 84 51 del
3127 3507 241 63 profumo
3401 3511 314 53 terrestre....

3139 3656 204 45 Carlo
3374 3658 262 45 Linati.

1853 3939 197 81 33
