3543 4361
1760 160 107 50 200

273 300 300 47 Compositionen
603 310 75 23 war
706 308 40 25 er
773 296 103 37 nicht
903 296 206 48 glücklich,
1157 295 97 35 wohl
1296 296 90 36 aber
1428 296 64 35 bat
1531 308 39 23 er
1611 295 167 36 mehrere

272 360 163 35 einzelne
464 359 143 34 Scenen
635 357 76 35 und
737 358 142 34 Duette
906 358 60 34 für
993 357 150 43 Gesang
1171 355 247 45 geschrieben
1454 357 72 33 auf
1548 357 129 43 Texte,
1720 355 58 34 die

271 418 247 35 dramatische
546 418 233 34 Situationen
807 416 267 44 ausdrückten,
1123 427 74 22 von
1228 416 118 35 denen
1389 428 30 23 z.
1448 416 41 36 B.
1519 415 149 34 Jeanne
1695 414 56 35 Ha-

271 479 114 34 chette
412 477 77 35 und
517 476 136 36 Judith
682 477 60 35 für
768 475 305 45 Mezzo-Sopran,
1104 474 63 35 La
1189 475 181 35 Comtesse
1399 480 34 30 ei
1449 474 226 43 Bachelette,
1704 474 75 33 Les

270 536 138 36 Soeurs
435 536 45 35 de
508 536 69 35 lait
604 536 107 45 (zwei
740 535 152 44 Duette)
920 545 34 22 u.
986 545 16 21 s
1047 545 44 22 w.
1131 534 75 34 viel
1234 534 131 46 Erfolg
1392 534 140 34 hatten.
1583 533 108 34 Auch
1719 533 60 33 für

269 597 150 33 Ciavier
446 596 65 34 hat
539 607 38 23 er
605 597 80 33 eine
711 595 133 43 Menge
871 592 159 42 Sachen,
1071 594 112 33 meist
1226 594 176 34 leichtere
1430 593 147 41 Waare,
1621 592 132 34 heraus-

269 655 188 45 gegeben;
500 657 222 34 interessant
762 652 82 35 sind
889 654 101 32 seine
1019 653 147 34 Etüden
1208 654 61 33 für
1307 654 78 32 vier
1411 651 146 34 Hände.
1614 653 71 33 Am
1713 662 42 34 ge-

271 715 253 34 schätztesten
553 713 146 35 werden
739 713 129 32 immer
896 712 101 34 seine
1025 712 201 35 Vocalisen
1255 711 75 34 und
1359 710 281 35 methodischen
1670 710 87 46 Sing-

271 773 176 47 übungen
477 773 155 36 bleiben.

351 893 188 35 London
580 891 67 35 hat
687 890 118 36 durch
849 892 82 34 eine
958 891 277 35 Feuersbrunst
1273 891 37 33 in
1346 889 126 35 diesen
1503 891 129 44 Tagen
1669 891 108 33 einen

271 955 120 32 seiner
416 955 171 42 grössten
616 951 241 36 Concertsäle
884 951 182 35 verloren.
1107 950 71 34 Die
1208 949 234 36 Musikhalle
1468 950 37 33 in
1536 949 70 34 den
1636 950 140 45 Surrey

273 1012 177 44 Qardens,
481 1011 59 34 die
574 1014 77 32 erst
678 1023 68 23 vor
775 1013 167 43 wenigen
968 1010 144 34 Jahren
1140 1010 67 33 mit
1233 1020 167 34 grossem
1434 1009 344 35 Kostenaufwande

268 1070 132 35 erbaut
428 1069 76 34 und
533 1070 92 35 eben
653 1070 139 35 wieder
832 1081 72 22 neu
946 1068 159 34 decorirt
1145 1067 147 35 worden
1334 1078 90 32 war,
1469 1068 50 34 ist
1559 1068 118 35 durch
1720 1068 58 34 die

266 1128 306 46 Nachlässigkeit
612 1130 144 45 einiger
783 1128 169 34 Arbeiter
992 1126 57 35 bis
1097 1128 70 33 auf
1207 1128 60 33 die
1306 1126 289 36 Grundmaueru
1634 1127 122 35 nieder-

271 1188 197 46 gebrannt.

343 1311 76 33 Der
449 1309 167 43 „Nord*
647 1307 143 36 erzählt
817 1307 201 47 folgenden
1052 1306 289 36 musicalischen
1370 1307 164 36 Scandal
1576 1320 68 23 aus
1690 1312 58 33 Pe-

270 1369 250 44 tersburg:

344 1439 98 43 „Vor
468 1436 185 47 ungefähr
693 1436 118 33 einem
839 1436 152 33 Monate
1032 1434 169 35 erschien
1244 1436 80 33 eine
1352 1434 229 36 Broschüre:
1623 1437 123 33 Laza-

265 1509 89 23 rew
393 1496 92 34 und
525 1495 299 43 Beethoven,
865 1496 68 32 mit
960 1494 134 35 Beider
1122 1495 181 34 Portraits
1331 1497 70 31 auf
1426 1495 82 35 dem
1539 1496 235 45 Umschlage.

263 1558 132 32 Dieses
423 1556 235 34 Sehriftchen
687 1555 111 34 sollte
827 1555 197 43 beweisen,
1053 1554 88 35 dass
1171 1554 64 35 der
1264 1555 155 46 Signore
1446 1556 230 34 Alessandro
1705 1556 46 34 La-

262 1628 133 34 zarew,
425 1615 117 35 amico
572 1615 39 35 di
637 1613 154 37 Rossini
830 1615 57 45 (so
924 1614 149 35 betitelt
1101 1626 39 25 er
1167 1613 80 35 sich
1276 1615 149 45 selbst),
1469 1615 82 34 dem
1579 1615 172 46 Componi-

263 1681 80 31 sten
372 1676 63 34 des
468 1675 142 35 Fidelio
640 1674 77 35 und
747 1676 64 33 der
837 1675 165 34 Sinfonie
1030 1674 187 46 pastorale
1245 1676 87 31 weit
1359 1674 200 47 überlegen
1588 1677 64 34 sei.

342 1736 99 44 „Der
470 1747 184 33 anonyme
682 1735 210 40 Verfasser,
938 1734 63 34 der
1033 1734 78 33 sich
1141 1733 211 35 Staatsrath
1381 1734 75 34 und
1484 1735 122 35 Kitter
1632 1736 119 35 mehre-

263 1808 59 22 rer
348 1796 126 34 Orden
501 1801 128 39 nennt,
677 1794 104 35 erbot
808 1794 92 43 sich,
939 1795 40 33 in
1020 1794 81 35 dem
1141 1798 121 30 ersten
1291 1794 181 35 Concerte
1501 1795 63 34 des
1593 1796 180 34 Lazarew

263 1869 67 22 vor
359 1857 83 34 dem
471 1857 202 34 Publicum
701 1867 47 23 zu
776 1856 214 34 erscheinen
1019 1855 78 33 und
1125 1855 59 34 die
1211 1855 223 46 Ansprüche
1463 1857 122 34 seines
1614 1857 138 34 Schütz-

261 1917 99 45 lings
388 1918 71 33 auf
483 1917 68 34 den
574 1916 98 35 Titel
700 1917 101 33 eines
829 1915 170 46 genialen
1021 1914 262 47 Componisten
1312 1916 82 35 laut
1423 1928 47 23 zu
1498 1916 272 47 vertheidigen.

261 1977 50 33 Es
340 1977 183 34 erscheint
552 1978 81 32 eine
660 1976 285 45 Ankündigung
974 1975 64 35 des
1066 1974 159 45 Inhalts,
1256 1976 87 35 dass
1372 1987 59 23 am
1461 1976 60 37 26.
1552 1978 104 33 März
1687 1989 84 23 zum

259 2036 167 34 Vortheil
444 2036 63 34 der
527 2035 170 34 Christen
718 2036 37 33 in
776 2036 130 44 Syrien
936 2034 76 35 und
1036 2046 67 23 aus
1122 2036 137 33 Anlass
1284 2036 64 35 der
1365 2037 211 35 Broschüre
1596 2038 177 34 Lazarew

259 2095 76 33 und
362 2095 212 34 Beethoven
603 2095 59 33 ein
698 2105 152 35 grosses
878 2094 161 35 Concert
1066 2095 99 33 Statt
1202 2095 49 33 fin
1266 2095 61 43 let,
1373 2097 37 33 in
1454 2097 179 33 welchem
1674 2098 97 33 auch

257 2154 129 35 Musik
415 2166 69 23 von
514 2154 213 33 Beethoven
756 2165 67 22 zur
849 2154 244 45 Aufführung
1120 2156 173 33 kommen
1329 2155 83 45 soll,
1458 2156 116 36 damit
1602 2157 67 34 das
1698 2158 50 33 Pu-

256 2213 141 35 blicum
425 2212 236 46 vergleichen
691 2212 134 35 könne.

338 2274 98 42 »Der
458 2273 85 34 Saal
574 2273 63 34 des
667 2272 251 46 Bürgerclubs
948 2273 108 33 füllte
1084 2273 78 34 sich
1193 2273 110 45 lange
1333 2285 66 22 vor
1421 2274 141 44 Beginn
1595 2274 63 35 des
1677 2274 71 35 Con-

257 2337 133 31 certes.
447 2333 341 44 Ungewöhnlicher
816 2333 124 34 Weise
973 2333 88 33 fand
1090 2345 85 22 man
1206 2333 57 34 die
1292 2334 270 45 Flügelthüren
1593 2337 87 32 weit
1708 2347 42 33 ge-

259 2394 113 34 öffnet
400 2394 75 34 und
504 2394 108 33 keine
632 2394 96 44 Spur
759 2405 70 22 von
859 2395 118 32 einem
999 2393 158 34 Cassier.
1189 2395 69 32 Die
1287 2405 123 23 armen
1442 2394 193 45 syrischen
1667 2395 84 35 Chri-

258 2458 81 30 sten
369 2454 118 34 haben
517 2454 80 34 also
624 2453 190 35 schlechte
844 2453 238 35 Aussichten.
1125 2454 84 33 Alle
1238 2465 136 23 unsere
1404 2455 217 35 berühmten
1653 2455 95 35 Musi-

258 2514 77 42 ker,
364 2514 182 33 Künstler
575 2513 74 34 und
677 2513 172 34 Kritiker
878 2513 126 34 hatten
1034 2514 78 33 sich
1142 2514 262 44 eingefunden.
1454 2514 78 35 Das
1562 2514 205 35 Orchester

256 2585 77 23 war
361 2585 67 22 aus
459 2573 67 34 den
556 2579 121 28 ersten
707 2573 204 34 Künstlern
943 2573 64 34 der
1026 2573 235 45 Hauptstadt
1289 2579 376 40 zusammengesetzt,
1700 2580 71 30 her

253 2634 96 33 Held
379 2634 64 33 des
472 2634 130 34 Festes
631 2633 176 36 vertheilt
842 2634 120 35 selbst
990 2633 58 34 die
1077 2634 179 34 Stimmen
1299 2634 76 33 und
1412 2637 135 31 n'rnrnt
1575 2636 68 33 den
1673 2638 78 32 Diri-

255 2693 260 46 genten-Platz
545 2696 69 34 ein.

334 2754 99 40 „Der
461 2754 168 33 Maestro
657 2755 128 44 griisst
814 2754 204 34 würdevoll
1048 2754 76 34 und
1154 2754 81 46 gibt
1264 2754 80 35 dem
1369 2754 202 35 Orchester
1599 2754 65 35 das
1687 2756 59 33 Zei-

256 2813 101 35 chen.
388 2815 76 32 Das
493 2819 98 29 erste
619 2814 118 34 Stück
767 2813 139 34 verlief
927 2815 169 44 Anfangs
1125 2819 111 30 unter
1263 2816 126 33 tiefem
1419 2815 234 45 Schweigen,
1682 2816 65 34 wel-

254 2874 87 36 ches
365 2874 135 45 jedoch
533 2874 95 34 nach
660 2874 76 33 und
765 2875 94 33 nach
891 2874 270 35 unterbrochen
1193 2876 141 44 wurde,
1379 2876 121 33 indem
1532 2876 77 33 sich
1638 2878 131 33 immer

254 2934 122 35 lauter
403 2935 213 33 werdendes
641 2935 202 34 Gelächter
864 2939 108 29 unter
1000 2935 68 33 den
1089 2935 193 34 Zuhörern
1313 2935 73 34 und
1418 2935 117 35 selbst
1565 2942 106 29 unter
1700 2937 68 33 den

255 2995 192 33 Musikern
479 2995 112 34 hören
620 2996 100 35 liess.
775 2995 191 34 Nachdem
997 2994 65 35 das
1091 2996 118 33 Stück
1255 3007 41 22 so
1336 3000 68 40 gut
1443 2996 56 33 als
1529 2997 164 44 möglich
1724 3008 45 22 zu

256 3053 102 34 Ende
386 3053 159 46 gespielt
575 3066 84 32 war,
704 3054 194 45 verlangte
940 3054 65 34 das
1033 3054 201 34 Publicum
1276 3057 67 31 mit
1379 3055 138 34 lautem
1548 3057 121 33 Rufen
1700 3056 68 36 den

254 3113 195 36 Verfasser
477 3113 63 34 der
569 3114 221 43 Broschüre,
837 3114 116 33 damit
990 3126 39 21 er
1057 3115 100 33 seine
1186 3116 303 44 Verteidigung
1518 3127 83 22 zum
1632 3117 135 34 Besten

252 3173 108 46 gebe.
414 3174 108 33 Alex.
553 3174 170 33 Lazarew
755 3174 159 45 kündigt
942 3186 60 33 an,
1033 3175 87 33 dass
1151 3175 64 34 der
1246 3201 17 16 „
1273 3176 235 41 „Staatsrath
1539 3177 77 33 und
1646 3178 121 34 Ritter

252 3231 186 35 mehrerer
466 3231 123 35 Orden
618 3233 166 33 Markow
868 3233 150 34 unwohl
1058 3233 75 35 und
1172 3234 87 34 dass
1290 3234 171 35 derselbe
1485 3235 109 34 keine
1623 3236 123 35 erdich-

250 3296 75 29 tete
353 3290 301 35 Persönlichkeit
680 3293 69 41 ist;
785 3304 38 22 er
852 3294 146 34 existirt
1027 3293 185 47 wirklich,
1244 3295 74 33 und
1347 3306 72 23 wer
1447 3295 114 35 daran
1593 3297 173 44 zweifelt,

250 3352 100 33 kann
379 3351 80 33 sich
492 3350 119 36 davon
641 3353 36 32 in
706 3352 129 34 dessen
856 3352 201 46 Wohnung
1084 3365 45 23 an
1160 3354 63 34 der
1245 3354 148 35 Brücke
1412 3356 216 33 Alartschin
1658 3357 88 34 über-

250 3422 154 35 zeugen.
434 3412 234 43 Allgemeine
689 3412 210 34 Heiterkeit
927 3421 107 26 unter
1063 3415 66 32 den
1150 3415 205 37 Zuhörern.
1386 3416 77 33 Das
1494 3422 131 28 zweite
1647 3417 117 35 Stück

250 3471 109 35 sollte
388 3471 92 35 eben
511 3472 196 44 bcg.nnen,
754 3472 55 33 als
851 3473 175 44 plötzlich
1056 3475 58 32 ein
1142 3474 97 34 Herr
1274 3475 68 33 mit
1378 3475 162 45 langem,
1585 3476 178 34 krausein

251 3531 112 43 Haar,
390 3532 60 33 ein
478 3531 87 35 sehr
603 3531 208 35 bekannter
845 3532 73 34 und
946 3535 213 42 geachteter
1188 3535 329 44 Musik-Kritiker,
1564 3537 71 33 auf
1659 3538 107 32 einen

251 3590 109 35 Stuhl
388 3591 115 45 steigt
531 3590 76 35 und
638 3592 65 33 das
734 3593 107 33 Wort
870 3593 178 45 verlangt,
1099 3605 75 23 was
1213 3593 76 35 ihm
1331 3596 222 35 unverweilt
1582 3602 183 39 gestaltet

250 3650 102 35 wird.
403 3651 176 44 „„Meine
604 3652 144 34 Herren
865 3653 143 44 spricht
1045 3665 48 30 er,
1139 3655 109 41 „„Sie
1278 3655 119 34 haben
1426 3656 65 34 das
1520 3661 97 30 erste
1646 3657 119 35 Stück

251 3708 64 35 des
343 3709 218 37 berühmten
586 3711 267 45 Componisten
895 3713 134 43 gehört
1070 3714 74 32 und
1187 3717 110 31 somit
1338 3716 106 33 einen
1484 3716 279 46 vollständigen

252 3769 141 44 Begriff
417 3781 70 23 von
516 3771 63 34 der
606 3771 226 45 Bedeutung
861 3773 120 32 seines
1012 3772 173 34 Talentes
1216 3774 66 33 bek
1290 3769 154 47 omincn.
1501 3776 54 33 Ist
1597 3788 39 22 es
1680 3777 83 34 dem

252 3828 165 34 Urheber
445 3831 98 33 einer
570 3842 40 23 so
640 3831 283 34 seheusslichen
955 3832 128 34 Musik
1115 3832 158 44 erlaubt,
1317 3835 127 34 seinen
1473 3836 141 34 Namen
1644 3838 120 33 neben

254 3887 68 35 den
351 3889 139 34 Namen
516 3891 63 34 des
608 3895 169 41 grössten
808 3892 93 34 aller
922 3887 280 51 Componisten.
1218 3904 45 23 zu
1293 3897 149 33 setzen?
1469 3897 54 33 Ist
1552 3897 79 35 dies
1660 3899 106 35 nicht

254 3949 80 34 eine
362 3959 94 33 ganz
485 3951 215 45 unwürdige
729 3951 251 46 Speculation,
1020 3952 78 34 und
1128 3953 129 33 hätten
1285 3955 67 33 wir
1379 3955 105 34 nicht
1512 3957 252 36 vollkommen

254 4008 68 34 das
348 4008 129 43 Recht,
506 4009 218 47 denjenigen
753 4015 66 31 mit
847 4014 128 33 faulen
1007 4014 206 34 Kartoffeln
1244 4025 47 23 zu
1322 4017 147 42 werfen,
1498 4016 63 36 der
1590 4029 39 23 es
1653 4026 111 41 wagt,

254 4079 69 24 uns
353 4070 69 32 auf
446 4069 97 35 diese
576 4070 121 36 Weise
727 4083 84 23 zum
839 4074 135 35 Besten
1006 4085 46 24 zu
1082 4073 128 36 halten
1283 4087 7 5 *

1929 296 157 43 „Dieser
2113 295 149 34 Ausfall
2306 294 91 35 wird
2439 294 66 35 mit
2547 296 273 45 einstimmigen
2865 296 158 37 Bravo's
3065 298 301 45 aufgenommen,

1850 355 194 44 Lazarew,
2074 354 64 36 der
2165 355 79 34 sich
2271 354 137 46 jedoch
2432 355 94 33 noch
2557 355 105 34 nicht
2687 357 60 33 für
2765 357 253 35 überwunden
3037 360 158 43 gesteht,
3225 361 145 45 springt

1849 417 69 32 auf
1942 415 58 35 die
2030 415 181 45 Tribüne,
2242 414 33 37 d.
2305 414 35 36 h.
2369 427 47 22 an
2442 416 79 32 sein
2550 416 103 44 Pult,
2691 416 75 34 und
2796 418 139 34 fordert
2963 418 299 47 Stillschweigen
3293 420 75 33 und

1851 477 59 33 die
1939 476 347 35 Aufmerksamkeit
2313 477 66 34 des
2407 476 236 35 Publicums.
2677 478 174 41 „„Hören
2874 479 72 44 Sie,
2976 481 118 33 meine
3123 480 154 44 Herren,
3307 493 42 33 ge-

1849 536 148 45 fälligst
2034 537 117 33 meine
2180 536 231 43 Ouvertüre;
2451 537 125 44 gleich
2620 537 137 35 darauf
2794 540 91 34 wird
2929 541 82 33 eine
3053 540 315 34 Beethoven'sche

1848 595 141 46 folgen,
2019 597 77 33 und
2126 596 95 34 daun
2252 597 148 33 können
2430 597 61 33 Sie
2520 597 118 33 selbst
2667 599 252 43 vergleichen.
2950 600 91 34 Was
3062 600 68 34 den
3153 601 122 34 Herrn
3305 601 42 33 be-

1848 654 104 42 trifft,
1982 654 64 34 der
2073 666 41 23 so
2142 654 91 35 eben
2263 655 244 45 gesprochen,
2538 667 40 22 so
2608 656 177 35 verachte
2813 658 59 33 ich
2903 658 77 43 ihn,
3010 660 76 33 und
3116 671 38 22 es
3183 660 95 45 liegt
3299 661 71 33 mir

1848 724 69 34 gar
1943 713 123 35 nichts
2096 726 47 21 an
2173 715 121 33 seiner
2549 719 16 15 *
2622 715 104 35 Nach
2759 715 125 35 diesen
2916 717 153 35 Worten
3107 719 82 44 gibt
3217 731 40 23 er
3284 719 84 35 dem

1849 771 202 36 Orchester
2078 773 140 35 wieder
2245 774 66 33 das
2341 774 174 45 Zeichen,
2562 774 75 35 und
2677 775 58 34 die
2764 776 214 35 Ouvertüre
3006 777 166 44 beginnt.
3279 780 88 33 Man

1849 831 114 34 erhob
1991 832 79 34 sich
2100 834 66 32 mit
2195 832 208 46 Geräusch,
2449 846 85 22 man
2576 835 87 34 rief:
2717 835 196 46 „„Genug,
2954 849 127 33 genug
3119 849 73 24 von
3228 839 139 35 diesem

1849 891 216 35 Charivari!
2173 892 61 34 Sie
2272 894 202 34 zerreissen
2503 905 71 23 uns
2603 894 59 34 die
2690 895 144 34 Ohren!
2941 896 66 35 das
3048 898 52 33 ist
3141 910 48 23 zu
3233 910 115 24 unver-

1849 950 147 34 schämt
2172 952 76 34 Der
2277 952 211 35 fanatische
2516 955 165 33 Maestro
2721 955 106 33 müht
2863 955 79 34 sich
2985 956 96 34 nach
3109 957 158 35 Kräften
3308 959 60 45 ab,

1847 1009 125 35 indem
2001 1022 38 22 er
2065 1011 188 44 fortfährt,
2284 1011 66 34 das
2381 1011 204 37 Orchester
2613 1025 46 22 zu
2689 1013 188 46 dirigiren.
2907 1015 125 34 Allein
3055 1016 59 35 die
3133 1017 151 35 Geduld
3304 1018 65 35 des

1857 1069 222 35 Publicums
2108 1072 50 33 ist
2186 1082 46 23 zu
2260 1072 116 34 Ende.
2418 1073 87 33 Man
2535 1074 125 33 macht
2688 1074 314 45 Wurfgeschosse
3024 1088 69 22 aus
3123 1076 69 34 den
3221 1077 147 35 Zetteln

1848 1129 78 34 und
1954 1141 69 23 aus
2051 1130 97 34 allen
2177 1132 153 43 Fetzen,
2375 1131 59 35 die
2462 1143 83 23 man
2574 1134 206 35 erwischen
2811 1135 111 43 kann,
2966 1135 75 34 und
3071 1136 215 35 schleudert
3314 1138 54 34 sie

1849 1201 74 22 von
1953 1190 97 33 allen
2081 1190 123 35 Seiten
2234 1192 82 33 dem
2344 1191 159 35 Rivalen
2531 1193 250 35 Beethoven's
2810 1206 46 23 an
2886 1195 69 35 den
2984 1196 111 45 Kopf.
3126 1197 132 34 Dieser
3286 1197 82 33 hält

1849 1249 79 33 sich
1959 1249 159 44 wacker,
2161 1251 174 45 obgleich
2377 1252 115 34 schon
2530 1254 60 32 ein
2618 1253 111 34 Theil
2763 1254 64 34 der
2853 1255 176 36 Musiker
3056 1257 60 34 die
3140 1257 144 35 Flucht
3314 1269 36 23 er-

1848 1310 134 44 griffen
2011 1310 84 44 hat;
2139 1311 65 34 der
2232 1312 158 34 Tumult
2418 1313 64 34 des
2510 1313 223 35 Publicums
2773 1316 200 33 wetteifert
3001 1317 67 33 mit
3096 1317 82 37 dgra
3206 1318 162 34 Lärmen

1849 1371 64 34 des
1943 1371 219 36 Orchesters
2216 1374 157 34 Endlich
2403 1376 149 33 stürzen
2582 1376 121 44 einige
2732 1376 187 35 Personen
2950 1380 68 31 auf
3042 1378 60 34 die
3129 1378 133 35 Bühne
3291 1378 77 35 und

1848 1432 157 34 machen
2034 1432 177 35 Lazarew
2241 1434 228 45 begreiflich,
2498 1435 87 34 dass
2615 1447 38 23 er
2681 1436 78 33 sich
2791 1437 276 34 zurückziehen
3097 1438 81 34 soll.
3210 1438 50 35 Er
3286 1449 61 24 ver-

1848 1491 112 34 sucht
1988 1503 50 27 es,
2072 1503 47 23 zu
2148 1493 272 43 widerstehen;
2458 1495 111 33 allein
2600 1495 58 33 die
2687 1495 93 35 Zahl
2811 1495 64 35 der
2903 1496 248 36 Stürmenden
3179 1496 93 35 wird
3298 1498 47 33 im-

1847 1563 77 22 mer
1950 1556 160 40 grösser,
2151 1552 78 34 und
2272 1553 64 34 der
2376 1554 273 45 unglückliche
2688 1555 168 35 Maestro
2897 1555 97 35 sieht
3038 1557 80 35 sich
3160 1557 87 34 bald
3294 1568 72 24 von

1849 1611 118 34 einem
1997 1611 149 35 Haufen
2177 1613 255 47 fortgerissen,
2483 1614 64 34 der
2575 1615 63 34 ihn
2668 1618 128 40 stösst,
2835 1616 136 46 drängt
3012 1617 78 34 und
3119 1616 148 35 endlich
3296 1629 69 22 aus

1848 1669 81 35 dem
1960 1670 108 35 Saale
2097 1670 278 36 hinauswirft.®

1901 3534 10 3 -
2036 3528 4 13 J
2045 3528 11 9 m
2062 3528 34 9 i*mm
2185 3528 85 9 LUHJJW,
2274 3529 82 9 -«»i*-»»
2357 3529 5 7 11
2366 3530 17 8 W.
2388 3529 20 9 U-J
2416 3530 19 8 m.
2444 3530 19 9 -nr
2472 3528 2 13 i
2575 3531 36 8 IBM
2623 3531 7 9 II
2635 3528 3 13 I
2657 3532 25 8 IHI
2701 3531 20 9 in
2731 3531 31 9 IMI
2772 3532 22 9 \mi
2814 3532 5 8 t
2835 3528 2 13 >
2865 3532 14 7 u
2894 3532 163 9 Ml—niHii«WW
3079 3531 9 9 ■
3095 3530 73 10 ■—W—'
3222 3531 142 10 IWMIIH—M

2201 3562 71 51 pic

1837 3622 185 34 erscheint
2052 3622 114 46 jeden
2206 3624 170 45 Samstag
2418 3627 37 31 in
2499 3626 123 33 einem
2664 3638 146 33 ganzen
2846 3627 127 44 Bogen
3018 3626 69 33 mit
3121 3625 239 46 zwanglosen

1837 3673 193 46 Beilagen.
2137 3675 77 33 Der
2237 3675 382 47 Abonnementspreis
2640 3677 147 45 beträgt
2820 3678 61 33 für
2910 3678 63 32 das
2996 3676 185 44 Halbjahr
3208 3674 22 36 2
3247 3676 116 44 Thlr.,

1836 3723 60 35 bei
1924 3724 71 33 den
2016 3725 47 33 K.
2092 3735 141 35 preuss.
2257 3726 307 35 Post-Anstalten
2593 3727 23 35 2
2632 3727 103 35 Thlr.
2760 3727 22 36 5
2802 3727 81 46 Sgr.
2938 3729 94 32 Eine
3062 3727 167 34 einzelne
3249 3727 84 35 Num-

1837 3786 78 23 mer
1941 3774 25 35 4
1994 3775 81 45 Sgr.

1940 3826 124 34 Briefe
2091 3826 78 35 und
2188 3827 274 47 Zusendungen
2498 3828 92 35 aller
2608 3829 70 37 Art
2705 3828 150 34 werden
2884 3833 110 30 unter
3022 3829 63 34 der
3109 3829 163 35 Adresse
3302 3829 63 35 der

1836 3877 52 34 M.
1919 3878 537 47 DuMont-Schauberg'schen
2485 3880 304 45 Buchhandlung
2815 3881 38 32 in
2883 3880 100 35 Köln
3014 3882 162 33 erbeten.

1955 3977 355 33 Verantwortlicher
2339 3977 283 46 Herausgeber:
2654 3977 99 34 Prof.
2787 3976 33 34 L
2824 4002 10 10 ♦
2865 3977 174 45 Bischoff
3060 3980 40 32 in
3128 3978 114 37 Köln.

1913 4028 195 46 Verleger:
2140 4028 52 35 M.
2225 4027 424 47 DuMont-Schauberg'
2654 4028 88 34 sehe
2770 4028 302 47 Buchhandlung
3102 4031 38 33 in
3170 4030 114 35 Köln.

1871 4079 189 37 Drucker:
2092 4079 53 36 M.
2176 4078 413 49 DuMont-Schauberg
2618 4080 38 34 in
2685 4080 112 45 Köln,
2837 4081 240 36 Breitstrasse
3107 4080 49 38 76
3181 4094 34 22 u.
3248 4081 61 39 78.

2377 1867 450 76 3UkünliioMtfleit.

1882 2034 84 36 Alle
1993 2036 373 45 Musik-Dirigenten
2396 2038 76 34 und
2502 2038 141 35 Lehrer
2670 2051 46 23 an
2745 2039 213 36 Schulen
2986 2041 76 35 und
3092 2042 238 36 Vereinen

1846 2095 156 36 machen
2043 2097 69 34 wir
2154 2097 200 38 besonders
2399 2100 263 42 aufmerksam
2696 2102 77 43 auf
2810 2102 60 35 die
2898 2114 71 23 von
2998 2102 83 35 dem
3109 2102 254 48 Königlichen

1848 2147 188 35 Musik~D
2053 2154 122 29 rector
2203 2149 202 46 Professor
2443 2151 165 34 Julius
2650 2151 149 36 Stern
2841 2153 40 35 in
2909 2154 137 35 Berlin
3075 2154 289 47 herausgegebe-

1846 2209 85 31 nen,
1961 2210 40 22 so
2030 2199 89 34 eben
2150 2199 38 35 in
2216 2211 119 24 neuer
2363 2201 163 47 Auflage
2554 2202 56 34 bei
2637 2214 72 24 uns
2738 2203 268 36 erschienenen

1920 2260 97 79 50
2070 2258 546 101 zweistimmigen
2679 2263 608 99 (iior-Soü'cggieii

2054 2377 74 45 für
2158 2377 174 64 Sopran
2366 2377 87 47 und
2486 2380 91 52 Alt,
2608 2377 110 49 oder
2748 2381 151 46 Tenor
2931 2381 87 46 und
3052 2382 106 46 Bass

2563 2471 73 24 von

2295 2519 229 45 AMgeio
2558 2521 346 37 MEerfai&Sti.

2024 2580 168 35 Partitur
2224 2579 71 43 P/ö
2324 2580 93 34 Thlr
2434 2606 7 16 ,
2499 2580 59 34 die
2585 2582 185 44 eomplete
2799 2582 155 35 Stimme
2987 2596 61 30 712
3078 2584 104 35 Thlr.

1945 2638 87 37 Der
2059 2639 108 36 Herr
2194 2639 278 47 Herausgeber,
2515 2641 82 35 eine
2625 2642 240 34 anerkannte
2897 2644 151 33 Autor
3060 2643 35 34 it
3106 2648 48 30 ät
3198 2650 165 30 ersten

1842 2690 80 35 R*:*
1949 2692 26 45 j
1996 2702 7 4 '
2074 2693 76 44 auf
2173 2692 138 34 diesem
2342 2692 158 43 Gebiete,
2544 2699 84 40 sagt
2656 2693 166 35 darüber
2850 2692 39 36 in
2919 2693 68 35 der
3029 2694 188 36 Vorrede:
3260 2693 102 45 „Die

1842 2742 267 46 vorliegenden
2131 2742 217 47 Solfeggien
2369 2742 121 35 haben
2511 2742 31 35 si
2565 2744 24 34 h
2617 2743 41 36 in
2688 2745 68 34 der
2783 2756 70 23 von
2884 2746 73 33 mir
2983 2746 194 45 geleiteten
3213 2747 150 34 Chor-

1843 2794 45 34 cl
1900 2807 49 22 as
1961 2805 41 23 se
2026 2794 83 35 des
2140 2797 56 34 Co
2209 2807 53 22 ns
2274 2807 79 22 erv
2366 2800 77 29 ato
2456 2795 171 45 riums,
2658 2796 68 35 wie
2752 2797 40 34 in
2813 2796 68 35 der
2914 2796 341 47 Vorübungsciasse
3277 2809 31 24 m
3316 2798 47 34 ei-

1841 2857 66 23 nes
1949 2845 406 47 Gesangvereins
2397 2847 56 34 als
2494 2847 60 33 die
2596 2847 167 36 besten
2806 2847 220 37 chori&chen
3064 2848 203 47 Uebungen
3306 2849 57 34 be-

1842 2897 133 34 währt.
2026 2897 88 35 Ich
2141 2897 178 35 mochte
2347 2896 153 36 ihnen
2536 2897 112 36 kein
2682 2899 217 43 zweites,
2943 2900 116 34 eben
3087 2911 48 24 so
3165 2905 43 32 ir
3223 2899 141 48 ef/H-

1843 2948 106 35 -ches
1988 2949 90 34 Ueb
2091 2949 282 45 ungsmittel
2407 2961 60 23 an
2507 2949 75 35 die
2616 2949 131 36 Seite
2783 2951 178 34 stellen
2979 2951 22 18 a

1954 3000 67 34 Um
2050 3000 59 34 die
2148 3000 248 47 Verbreitung
2425 3000 116 36 dieses
2581 3001 149 35 Werkes
2758 3002 247 34 unsererseits
3033 3001 41 37 in
3095 3001 113 47 jeder
3250 3002 113 34 Weise

1839 3062 46 23 zu
1905 3050 180 47 fördern,
2110 3052 117 45 geben
2256 3052 68 35 wir
2353 3052 57 35 bei
2437 3052 184 35 Partieen
2650 3065 72 23 von
2751 3055 48 32 25
2829 3053 38 34 E
2875 3054 216 45 remplaren
3118 3054 59 34 die
3205 3052 154 36 Stimme

1841 3114 22 21 a
1892 3102 13 23 5
1906 3106 54 40 /i2
1992 3103 119 47 Thlr.,
2143 3103 56 35 bei
2226 3106 50 33 50
2305 3103 113 47 aVS
2533 3107 74 32 100
2638 3118 23 21 a
2693 3104 47 44 \/4
2775 3104 106 36 Thlr.

2380 3163 56 37 C.
2465 3164 61 34 iF.
2811 3164 154 35 Bureau
2997 3165 44 34 de
3070 3166 190 45 Musique,

2558 3215 36 33 in
2625 3215 157 46 Leipzig
2811 3216 76 34 und
2918 3217 137 36 Berlin.

1945 3311 84 35 Alle
2067 3312 40 34 in
2146 3312 121 34 dieser
2296 3313 305 47 Musik-Zeitung
2639 3314 276 44 besprochenen
2944 3315 80 34 und
3053 3315 306 47 angekündigten

1841 3362 224 36 Musicalien
2095 3369 63 29 etc.
2189 3363 87 35 sind
2319 3376 45 21 zu
2400 3364 169 35 erhalten
2604 3365 41 35 in
2674 3365 69 34 der
2770 3371 85 29 stets
2883 3365 227 47 vollständig
3139 3367 220 34 assortirten

1841 3414 465 47 Musicalien-Handlung
2330 3415 81 34 und
2439 3416 243 35 Leihanstalt
2709 3429 73 22 von
2799 3416 312 35 BERNHARD
3131 3417 230 35 BREUER

1841 3464 38 35 in
1909 3465 115 43 Köln,
2053 3465 249 35 Hochstrasse
2330 3465 73 36 Nr.
2433 3470 60 32 97.
