3543 4361
1785 156 100 49 194

296 314 86 48 und
414 309 251 52 Charakter
706 308 91 49 sich
836 308 284 47 dermaassen
1164 319 80 32 aus
1280 303 154 64 jenen,
1476 296 135 51 den'
1611 296 187 50 Werken

292 390 189 54 allein,
513 388 162 47 heraus
706 404 51 29 zu
790 384 164 53 bilden,
983 383 100 45 dass
1112 380 61 47 sie
1204 376 280 51 unmerklich
1509 374 134 49 dahin
1671 374 95 47 kom-

293 483 118 37 men,
439 464 98 47 ihre
568 463 187 48 Ansicht
783 460 113 48 auch
938 456 226 49 überall
1203 456 41 47 in
1276 455 70 47 die
1378 451 190 54 Werke,
1599 449 90 48 und
1719 465 53 31 na-

292 541 209 49 mentlich
526 540 43 47 in
592 539 137 48 deren
754 533 583 64 Entstehungsgeschichte,
1363 530 146 47 hinein
1540 543 50 31 zu
1622 534 176 56 tragen,

293 616 216 50 während
541 615 90 48 sich
663 613 110 48 doch
805 611 119 47 nicht
955 611 193 63 läugnen
1180 610 117 55 lässt,
1326 607 99 46 dass
1446 605 42 46 in
1512 602 150 47 diesen
1689 602 82 46 Din-

289 712 85 45 gen
404 693 227 48 durchaus
662 689 119 48 nicht
808 689 123 47 Alles
971 703 84 30 von
1098 686 162 47 innen
1304 684 163 45 heraus
1502 698 51 29 zu
1590 679 206 47 erklären

293 771 70 57 ist,
399 769 57 49 da
484 766 226 50 einerseits
739 764 71 48 die
838 762 264 65 zwingende
1133 760 129 48 Kraft
1302 762 259 44 äusserer
1595 755 177 47 Verhält-

288 849 116 47 nisse
433 845 86 48 und
552 842 394 63 Veranlassungen
982 858 50 29 zu
1063 839 146 61 wenig
1250 835 209 49 beachtet
1487 832 128 55 wird,
1657 831 112 48 ande-

289 924 174 47 rerseits
491 922 211 63 Sprünge
731 917 78 49 des
837 917 166 50 Genius
1032 933 83 30 von
1157 914 123 48 einer
1308 911 126 48 Stufe
1476 910 81 48 auf
1591 908 98 49 eine
1719 925 52 32 an-

288 999 106 47 dere
421 995 265 49 räthselhaft
722 995 178 48 bleiben
942 991 88 48 und
1070 990 80 48 der
1180 990 266 63 Auslegung
1476 992 174 59 spotten
1681 1001 87 32 wer-

287 1075 101 54 den,
418 1074 70 48 die
515 1072 59 49 da
603 1072 161 47 meint:

541 1147 79 33 Das
649 1146 86 34 Erst
738 1143 8 16 1
774 1144 50 33 ist
851 1153 53 32 so,
934 1141 67 34 das
1030 1140 140 34 Zweite
1198 1150 53 34 so,

540 1204 85 37 Und
655 1204 106 33 drum
790 1201 65 34 das
883 1201 114 34 Dritt'
1029 1199 75 35 und
1132 1199 127 33 Vierte
1287 1208 51 32 so,

540 1264 84 35 Und
653 1274 104 23 wenn
786 1261 67 34 das
880 1261 89 34 Erst
971 1258 7 16 1
1008 1259 77 34 und
1113 1256 128 37 Zweit'
1270 1257 106 34 nicht
1403 1254 103 44 wär\

540 1326 78 33 Das
646 1322 115 35 Dritt'
792 1320 76 36 und
895 1320 106 36 Viert
1003 1319 8 16 1
1041 1331 78 23 war
1121 1319 8 14 1
1157 1317 275 36 nimmermehr.

404 1378 285 68 Chrysander
721 1378 80 47 hat
828 1376 71 48 die
927 1375 231 64 Aufgabe,
1200 1373 71 49 die
1300 1390 50 32 er
1378 1372 93 48 sich
1500 1369 176 67 gestellt
1704 1368 93 57 hat,

287 1457 239 64 allerdings
554 1462 108 42 stets
689 1455 59 47 im
780 1453 133 64 Auge
955 1451 93 49 und
1088 1451 192 63 verfolgt
1314 1449 63 47 sie
1421 1449 79 47 mit
1526 1446 141 49 Liebe
1704 1443 90 50 und

282 1533 139 57 Eifer,
457 1532 131 50 allein
617 1549 50 30 er
695 1531 201 63 verbirgt
924 1546 84 32 uns
1036 1528 117 48 auch
1182 1527 142 48 nichts
1354 1543 82 31 von
1467 1526 85 47 den
1582 1528 211 43 äusseren

283 1610 334 49 Verhältnissen
648 1608 231 57 Händel's,
921 1606 78 48 das
1041 1606 82 48 auf
1157 1604 120 49 seine
1318 1601 325 49 künstlerische
1681 1601 84 47 Ent-

282 1688 226 64 wicklung
536 1687 115 48 nach
675 1686 80 48 der
772 1684 185 50 Ansicht
976 1683 207 48 Anderer
1206 1681 218 48 vielleicht
1446 1678 130 48 mehr
1598 1677 196 48 Einfluss

282 1766 143 64 geübt
452 1764 150 49 haben
632 1763 167 55 dürfte,
827 1762 63 48 als
918 1778 50 31 er
994 1761 92 47 ihm
1116 1758 255 65 zugesteht;
1408 1757 65 65 ja,
1510 1772 49 31 er
1600 1753 193 50 eröffnet

282 1842 137 48 selbst
457 1841 80 48 der
569 1839 308 65 Begründung
912 1838 144 47 dieser
1095 1833 355 51 abweichenden
1479 1830 188 50 Ansicht
1697 1832 63 47 An-

282 1918 132 48 derer
443 1919 108 46 viele
579 1933 114 32 neue
725 1917 193 57 Quellen
956 1913 142 48 durch
1131 1910 233 67 Eingehen
1393 1910 43 47 in
1467 1909 152 48 bisher
1648 1908 113 47 unbe-

282 1998 165 46 kannte
488 1994 306 49 Einzelheiten
836 1993 80 47 der
955 1989 480 64 Lebens-Ereignisse,
1490 1987 270 48 Lebens-An-

278 2072 378 48 nehmlichkeiten
687 2071 89 47 und
810 2069 353 64 Widrigkeiten,
1192 2067 102 47 dass
1323 2083 71 31 am
1427 2064 129 48 Ende
1585 2063 76 48 des
1690 2079 74 32 vor-

277 2149 256 49 trefflichen
565 2148 174 47 Buches
775 2145 101 49 dem
909 2144 330 64 verständigen,
1271 2142 249 66 prüfenden
1543 2142 140 47 Leser
1712 2139 79 48 das

279 2225 188 47 reichste
495 2224 206 48 Material
742 2222 172 48 sowohl
943 2222 42 47 in
1018 2222 149 63 Bezug
1196 2220 81 47 auf
1302 2217 367 67 psychologische
1698 2215 90 49 und

277 2302 266 48 ästhetische
570 2298 580 63 Künstler-Entwicklung,
1192 2298 64 47 als
1298 2295 81 49 auf
1404 2294 263 48 historische
1698 2293 91 48 und

281 2379 287 65 bürgerliche
617 2375 522 65 Daseins-Abwicklung
1192 2374 205 64 vorliegt,
1453 2389 75 31 um
1577 2372 92 48 sich
1721 2372 68 46 ein

278 2455 363 64 selbstständiges
674 2453 170 51 Urtheil
874 2471 52 29 zu
957 2452 164 48 bilden.

395 2534 103 48 Wir
537 2533 166 47 theilen
744 2532 212 47 zunächst
998 2545 80 32 aus
1115 2528 81 47 der
1233 2528 210 47 letzteren
1476 2524 174 49 Rubrik
1680 2524 108 47 zwei

275 2613 276 62 Fragmente
569 2610 95 55 mit,
687 2626 81 30 von
787 2608 144 48 denen
949 2606 78 49 das
1050 2613 116 40 erste
1190 2605 71 48 die
1284 2604 305 48 italiänischen
1608 2604 150 63 Opern-

274 2692 163 59 sänger
467 2686 229 55 Händel's,
733 2685 78 47 das
848 2685 155 47 zweite
1039 2684 91 47 sein
1163 2681 276 50 Verhältniss
1467 2699 50 28 zu
1551 2680 80 47 der
1658 2680 104 47 schö-

275 2780 136 32 neren
442 2764 152 48 Hälfte
623 2763 78 47 des
729 2760 552 66 Menschengeschlechtes
1312 2759 181 48 betrifft.

286 2875 114 61 „Die
428 2875 185 71 Sänger
647 2893 61 35 an
738 2874 90 54 der
862 2874 342 54 italiänischen
1238 2869 453 74 Opern-Akademie
1731 2886 59 36 zu

518 2970 195 53 London
757 2969 49 53 in
848 2970 95 53 den
984 2969 188 54 Jahren
1211 2968 117 53 1720
1338 2966 201 54 —1728.

404 3069 133 54 „Wir
566 3069 146 48 haben
743 3085 44 31 es
818 3069 96 47 hier
943 3066 351 50 ausschliesslich
1327 3066 79 47 mit
1435 3065 84 48 den
1549 3065 242 48 Italiänern

277 3144 113 49 oder
415 3145 243 48 italiänisch
688 3145 304 65 gewordenen
1016 3144 259 48 Deutschen
1302 3142 87 47 und
1417 3141 290 65 Engländern
1737 3159 51 29 zu

277 3222 128 47 thun.
455 3222 92 46 Für
582 3221 71 48 die
682 3224 256 45 Germanen
968 3222 78 47 soll
1079 3221 99 48 kein
1213 3220 219 48 Vorwurf
1460 3219 127 48 darin
1619 3219 170 63 liegen;

275 3316 46 32 es
353 3304 168 44 rnüsste
548 3300 117 47 denn
697 3300 67 47 ein
797 3300 219 47 Vorwurf
1036 3300 109 54 sein,
1175 3299 97 48 eine
1305 3300 162 52 Kunst,
1501 3297 71 47 die
1604 3314 103 30 man
1736 3314 51 29 zu

274 3379 159 47 Hause
476 3377 122 47 nicht
639 3376 165 55 besass,
852 3376 85 48 den
980 3376 224 48 Fremden
1247 3376 240 64 abgelernt
1525 3391 52 31 zu
1623 3374 165 48 haben.

274 3455 145 48 Unter
461 3454 84 47 der
583 3454 185 47 wahren
800 3455 145 47 Kunst
985 3454 77 48 des
1091 3454 246 61 Gesanges,
1382 3452 62 47 als
1488 3450 301 49 fortbildende

274 3532 164 49 Schule
463 3531 271 56 betrachtet,
758 3531 116 47 kann
898 3549 84 29 nur
1004 3531 70 48 die
1097 3531 273 48 italiänische
1387 3528 266 50 verstanden
1672 3546 87 31 wer-

275 3610 99 48 den.
404 3610 111 47 Zum
542 3608 146 50 Glück
717 3607 55 48 ist
796 3607 67 48 bei
889 3607 79 48 der
992 3607 338 65 Gesangskunst
1351 3607 70 47 die
1445 3606 183 48 Einheit
1650 3606 110 47 wich-

275 3687 115 64 tiger
418 3687 61 47 als
509 3686 70 47 die
602 3685 427 63 Mannigfaltigkeit,
1059 3685 55 47 da
1138 3685 95 48 ihre
1257 3685 282 62 Grundlage,
1568 3683 71 49 die
1672 3683 92 47 rich-

278 3763 88 63 tige
394 3763 307 65 Tonbildung,
744 3762 146 65 gleich
935 3761 78 48 der
1055 3761 208 63 Tugend,
1305 3762 80 48 auf
1422 3762 123 47 einer
1586 3761 201 63 einzigen

279 3840 196 63 geraden
505 3842 173 47 Strasse
706 3841 221 47 zwischen
960 3840 85 47 den
1076 3840 232 64 Irrpfaden
1338 3840 120 63 liegt.
1502 3840 85 48 Die
1618 3840 140 63 Aneig-

279 3934 121 47 nung
430 3917 79 48 der
540 3918 301 49 italiänischen
872 3917 216 48 Methode
1117 3917 78 47 hat
1222 3916 141 48 daher
1393 3917 191 55 überall,
1624 3934 71 30 wo
1726 3917 62 47 sie

282 3995 77 47 mit
385 3995 306 48 Verständniss
720 3996 232 49 betrieben
984 3993 177 59 wurde,
1190 4011 85 32 nur
1299 3993 290 66 wohlthätige
1617 3995 168 63 Folgen

281 4071 181 62 gehabt.

2000 294 179 56 „Näher
2210 291 266 56 betrachtet,
2513 290 206 48 herrscht
2747 291 58 49 im
2837 289 217 51 Bereiche
3083 289 144 48 dieser
3256 287 130 50 einen

1872 371 305 64 ungeteilten
2201 385 185 47 grossen
2414 366 305 56 italienischen
2746 369 356 63 Gesangskunst,
3133 383 48 30 so
3212 366 85 47 wie
3326 366 60 47 sie

1869 447 90 47 sich
1991 447 42 47 in
2059 445 345 48 verschiedenen
2433 444 248 48 Künstlern
2714 445 89 47 und
2833 446 153 46 Zeiten
3017 442 244 55 darstellte,
3290 442 96 47 eine

1871 521 425 66 Mannigfaltigkeit,
2339 521 170 47 welche
2553 520 85 47 den
2668 521 323 47 Schreibarten
3034 520 81 47 der
3143 521 243 46 Tonsetzer

1869 599 262 49 annähernd
2163 597 259 66 entspricht.
2459 596 215 48 Dadurch
2707 597 110 47 wird
2850 599 61 45 sie
2941 597 123 47 einer
3094 595 292 48 historischen

1871 676 339 62 Beschreibung
2233 672 281 65 zugänglich,
2544 672 70 47 die
2645 674 113 47 noch
2791 674 115 47 über
2935 680 141 39 etwas
3100 671 204 48 Anderes
3332 689 52 29 zu

1871 752 229 49 berichten
2133 754 93 52 hat,
2259 752 64 46 als
2352 751 114 47 über
2495 748 70 49 die
2594 748 367 50 abenteuerliche
2992 747 394 48 Gold-Laufbahn

1868 828 224 49 einzelner
2121 828 190 63 Sänger,
2354 826 89 47 und
2475 825 92 48 sich
2597 826 114 47 auch
2744 826 79 47 mit
2852 825 84 47 den
2969 825 297 62 allgemeinen
3298 825 59 45 Re-

1869 906 240 47 densarten
2140 905 113 47 über
2283 903 70 49 die
2394 919 222 47 „„grosse
2645 903 167 47 Schule
2851 902 77 47 des
2958 901 306 48 italiänischen
3295 901 61 47 Ge-

2130 997 174 47 ungern
2328 980 244 63 begnügen
2602 980 194 48 möchte.
2828 977 215 50 Händel's
3071 977 156 48 Leben
3256 977 130 48 stand

1869 1075 49 32 so
1948 1057 126 50 recht
2109 1058 43 46 in
2184 1057 80 48 der
2291 1056 128 48 Milte
2450 1055 77 48 des
2555 1055 250 49 Schönsten
2845 1055 90 47 und
2969 1052 417 56 Wundervollsten,

1871 1152 94 32 was
1995 1136 70 47 die
2089 1133 342 65 Gesangskunst
2459 1132 301 50 aufzuweisen
2791 1133 93 55 hat,
2916 1131 89 48 und
3035 1131 79 48 das
3142 1132 133 46 Beste
3303 1147 83 32 von

1868 1213 149 47 Allem
2048 1212 124 47 hatte
2207 1211 92 47 sich
2334 1209 42 47 in
2417 1208 327 66 persönlichem
2789 1216 273 40 vertrautem
3096 1207 208 48 Verkehr
3334 1225 52 29 an

1869 1289 153 49 seinen
2041 1288 211 51 Werken
2274 1305 52 30 zu
2352 1284 241 68 erproben.
2622 1287 105 47 Sein
2752 1286 155 48 Leben
2930 1287 54 46 ist
3006 1286 142 48 daher
3177 1284 85 49 wie
3288 1284 98 47 kein

1869 1366 191 48 anderes
2089 1364 227 65 geeignet,
2356 1362 115 49 auch
2502 1361 119 48 diese
2652 1363 119 47 Seite
2812 1361 81 48 der
2921 1363 148 46 Kunst
3100 1361 286 64 unbefangen

1869 1442 315 48 überschauen
2227 1458 51 30 zu
2323 1441 157 48 lassen.
2537 1438 108 48 Vier
2674 1438 219 66 Epochen
2935 1438 81 47 der
3045 1437 341 65 Gesangskunst

1863 1519 99 49 sind
1992 1519 41 47 in
2065 1517 213 49 Händel's
2306 1517 99 48 Zeit
2433 1535 54 29 zu
2518 1516 361 48 unterscheiden.

1991 1597 112 56 „Die
2133 1596 164 48 Biüthe
2325 1594 81 49 der
2436 1602 147 41 ersten
2615 1596 96 45 fällt
2741 1593 115 48 noch
2887 1593 41 47 in
2960 1592 71 47 die
3063 1592 158 47 letzten
3250 1592 109 47 Jahr-

1864 1673 200 50 zehende
2088 1673 75 47 des
2186 1672 347 48 siebenzehnten
2554 1670 350 49 Jahrhunderts.
2936 1669 102 47 Ihre
3058 1669 301 64 Hauptvertre-

1864 1759 69 40 ter
1961 1749 95 48 sind
2088 1748 219 49 Pistocchi
2338 1747 90 48 und
2453 1747 206 56 StefFani,
2690 1745 89 50 und
2804 1747 97 47 ihre
2923 1744 318 48 Kennzeichen
3265 1745 97 47 sinn-

1863 1830 113 47 volle
2001 1828 207 48 Feinheit
2230 1825 77 49 des
2324 1827 265 62 Vortrages,
2614 1824 143 48 daher
2781 1822 337 67 hauptsächlich
3143 1838 79 31 zur
3243 1823 106 47 Kam-

1864 1905 248 49 mermusik
2161 1904 225 65 geeignet,
2438 1902 300 64 Verbindung
2786 1899 457 66 contrapunktischer
3293 1899 90 48 und

1865 1983 299 48 melodischer
2188 1983 173 46 Künste
2391 1978 90 49 und
2511 1979 313 65 Vereinigung
2854 1978 77 48 des
2960 1979 198 61 Sängers
3189 1975 89 49 und
3309 1977 77 48 des

1864 2062 266 47 Tonsetzers
2160 2059 42 47 in
2231 2059 141 47 Einer
2401 2059 186 47 Person.
2635 2058 99 47 Von
2765 2057 152 47 Seiten
2954 2055 77 47 des
3062 2054 324 64 Componisten

1864 2138 118 48 kann
2015 2154 102 30 man
2149 2152 45 32 es
2222 2135 243 55 Steffani's,
2509 2151 83 31 von
2624 2135 151 47 Seiten
2817 2133 77 47 des
2925 2130 358 64 Gesanglehrers
3312 2130 48 47 Pi-

1862 2214 204 48 stocchi's
2095 2213 167 47 Schule
2292 2227 192 33 nennen.
2537 2210 130 48 Doch
2705 2209 138 48 schon
2876 2206 228 50 Carissimi
3137 2205 91 50 und
3257 2208 101 48 Stra-

1863 2291 116 49 della
2009 2307 80 31 aus
2119 2289 210 48 früherer
2349 2288 98 48 Zeit
2475 2289 203 63 gehören
2710 2286 130 56 dazu,
2871 2284 89 49 und
2992 2285 84 48 alle
3105 2283 97 48 sind
3233 2285 153 47 Sstzer

1865 2368 89 48 und
1986 2369 174 62 Sänger
2189 2365 217 66 zugleich.

1977 2443 291 58 „Diezweite
2295 2441 269 64 Wandlung
2593 2439 205 49 entstand
2832 2440 57 46 im
2916 2439 279 62 Gegensatze
3223 2454 52 31 zu
3307 2436 79 49 der

1863 2530 162 40 ersten.
2056 2523 72 45 Sie
2154 2520 166 65 pflegte
2348 2535 78 32 vor
2447 2519 147 47 Allem
2621 2518 84 47 den
2730 2515 333 50 dramatischen
3090 2515 180 64 Gesang
3295 2514 91 48 und

1863 2599 116 48 trieb
1995 2599 71 47 die
2085 2596 319 50 theatralische
2418 2596 161 47 Aclion
2605 2595 95 48 aufs
2716 2595 282 47 Aeusserste.
3030 2594 246 62 Begonnen
3309 2609 75 30 um

1869 2676 162 54 1690,
2060 2674 128 49 stand
2220 2676 61 47 sie
2310 2676 42 46 in
2384 2675 158 46 vollem
2575 2674 125 53 Flor,
2725 2672 64 47 als
2821 2670 174 47 Händel
3026 2670 43 47 in
3102 2670 155 47 Italien
3290 2685 96 32 war

1865 2754 91 49 und
1986 2754 113 48 nach
2130 2751 210 68 England
2373 2753 121 53 kam,
2525 2751 92 47 also
2649 2768 74 29 um
2763 2747 157 50 1710.
2973 2749 105 47 Dies
3118 2764 96 32 war
3254 2747 106 49 Scar-

1864 2833 131 47 latti's
2012 2831 180 47 Schule.
2222 2830 130 50 Auch
2380 2829 194 47 Keiser's
2598 2826 148 48 Musik
2776 2825 250 48 erforderte
3058 2822 90 50 und
3174 2831 212 57 erzeugte

1865 2909 229 63 derartige
2123 2910 190 63 Sänger,
2357 2924 85 30 nur
2487 2905 201 63 weniger
2730 2904 319 48 vollkommen.
3105 2904 154 45 Setzer
3297 2901 87 48 und

1863 2989 175 63 Sänger
2066 2993 146 41 traten
2243 2984 170 49 wieder
2442 3000 80 31 aus
2551 2981 234 56 einander,
2815 2980 111 48 oder
2950 2980 178 48 blieben
3153 2979 115 48 doch
3299 2996 87 31 nur

1864 3064 57 48 da
1951 3064 233 62 vereinigt,
2226 3080 71 31 wo
2337 3060 69 48 die
2437 3059 231 64 Richtung
2704 3059 91 47 sich
2834 3056 271 48 zwitterhaft
3133 3056 253 65 gestaltete,

1863 3161 33 28 z.
1929 3142 48 47 ß.
2010 3141 69 47 bei
2111 3141 256 47 Mattheson
2398 3140 43 47 in
2473 3137 260 63 Hamburg.
2765 3136 94 46 Der
2888 3134 256 64 gefeiertste
3167 3135 146 47 Name
3342 3134 44 48 in

1864 3220 145 47 dieser
2037 3220 316 62 Sängerclasse
2385 3233 96 31 war
2511 3215 78 47 der
2619 3215 146 47 Ritter
2795 3212 205 50 Nicolini.
3031 3212 130 47 Auch
3195 3212 191 49 Viltoria

1865 3297 101 49 Tesi
2010 3296 165 62 gehört
2217 3295 172 48 hieher.
2440 3291 394 50 Hervorstechend
2868 3290 68 48 bei
2969 3290 131 48 Allen
3129 3290 53 48 ist
3213 3290 173 63 feurige

1863 3372 349 62 Lebendigkeit,
2255 3371 272 63 Vorwiegen
2570 3368 122 47 eines
2721 3366 284 67 glücklichen
3036 3367 350 54 Naturalismus,

1862 3450 332 49 Zurücktreten
2234 3448 80 49 der
2352 3448 94 49 rein
2487 3446 341 48 musicalischen
2859 3443 334 65 Schulbildung
3223 3443 89 49 und
3344 3443 42 49 in

1863 3530 142 61 Folge
2048 3527 158 48 dessen
2239 3525 446 63 Vernachlässigung
2727 3523 77 47 des
2847 3522 321 64 gesanglichen
3207 3521 179 49 Theiles

1862 3625 50 29 zu
1939 3607 203 47 Gunsten
2174 3606 76 47 des
2277 3602 350 50 dramatischen.
2659 3602 107 47 Dies
2798 3617 153 31 waren
2982 3600 71 47 die
3082 3600 191 63 Sänger,
3304 3617 82 31 von

1862 3683 146 49 denen
2033 3681 175 49 Händel
2239 3699 51 30 zu
2321 3697 138 49 sagen
2492 3678 191 66 pflegte:
2725 3715 17 18 „
2765 3676 221 63 „Mässige
3007 3676 239 56 Stimmen,
3276 3677 110 48 aber

1863 3770 107 57 gute
2335 3761 94 46 Der
2460 3756 213 66 Aufgabe
2713 3756 120 47 eines
2864 3755 387 63 Theatersängers
3290 3763 72 40 ent-

1860 3838 221 66 sprachen
2106 3838 62 47 sie
2191 3837 336 48 unbestreitbar
2550 3835 80 47 viel
2658 3833 168 56 besser,
2855 3832 63 48 als
2941 3832 71 48 die
3036 3831 350 66 feingebildeten

1860 3916 186 49 Meister
2074 3932 78 31 vor
2182 3915 150 48 ihnen.

1989 3993 113 55 „Die
2132 3991 134 49 dritte
2296 3991 187 66 Epoche
2513 3987 165 49 bildete
2715 3987 92 48 sich
2851 3986 283 64 aufsteigend
3175 4003 81 32 aus
3299 3986 87 48 den

1863 4068 160 51 beiden
2053 4069 201 65 vorigen,
2285 4068 78 48 das
2395 4068 118 47 Gute
2545 4064 156 50 beider
2729 4064 92 49 sich
2852 4064 275 65 aneignend,
3162 4063 114 50 doch
3311 4064 75 47 mit
