2725 4094
899 366 46 46 A
981 369 345 57 LECTURE
1360 373 110 48 ON
1498 374 249 54 DRESS.

2360 386 100 46 339

545 468 276 44 Kerchiefs
854 472 134 43 with
1023 477 104 42 ties
1176 477 53 43 of
1275 479 105 43 silk
1431 480 104 42 and
1590 478 56 44 of
1696 478 146 46 linen
1897 480 371 42 embroidered
2323 479 133 42 with

545 553 222 47 flowers
800 569 62 32 or
896 563 146 43 birds
1077 564 82 43 for
1191 567 95 42 the
1318 580 182 41 young
1547 569 172 42 beaux
1769 572 56 39 to
1875 568 105 43 coif
2025 567 328 44 themselves
2399 567 57 43 in

543 652 262 39 presence
838 646 55 43 of
924 649 149 44 their
1105 654 358 44 sweethearts

548 732 243 51 Hempen
826 745 131 34 ones
989 737 86 44 for
1106 742 95 41 the
1235 743 201 44 clowns

547 818 219 46 Muffles
797 821 87 44 for
917 827 92 41 the
1044 828 170 45 hands

547 911 138 41 Hose
720 910 54 43 of
809 912 204 54 Bruges

546 1001 255 51 Stamped
837 1001 210 45 leather
1078 1008 94 40 red
1206 1010 103 41 and
1345 1019 184 43 green,
1559 1010 165 43 white
1757 1011 105 42 and
1897 1010 156 43 black

547 1089 194 53 Pretty
773 1089 146 43 little
953 1093 204 50 girdles

550 1176 227 45 Buckles
809 1176 86 45 for
928 1180 199 51 girdles

547 1267 234 43 Leather
811 1277 192 40 purses
1035 1269 133 41 with
1202 1272 228 42 buttons

546 1354 117 45 Silk
696 1355 103 42 and
835 1354 150 43 linen
1020 1367 190 41 purses

548 1443 168 46 Little
748 1444 189 44 chains
970 1444 56 44 of
1061 1447 136 42 steel

551 1537 164 42 Laces
748 1533 85 43 for
865 1536 246 42 surcoats
1144 1536 131 42 with
1310 1536 163 44 knots

552 1626 164 42 Laces
746 1622 89 45 for
865 1622 181 54 lacing
1086 1623 207 44 sleeves

553 1715 135 42 Lace
720 1714 123 49 tags

552 1803 141 40 Shoe
726 1799 225 44 buckles

553 1890 267 43 Broaches
854 1888 55 43 of
941 1890 153 42 brass
1126 1890 104 42 and
1267 1890 55 42 of
1352 1891 146 44 laten
1531 1893 101 52 gilt
1666 1904 60 32 or
1756 1893 233 43 silvered

555 1980 132 42 Fine
720 1977 197 44 tassels
950 1977 87 44 for
1069 1978 174 53 fixing
1274 1979 132 43 with
1441 1982 154 50 great
1627 1982 223 42 buttons
1882 1979 56 43 of
1969 1980 121 51 gold
2124 1990 61 32 or
2216 1978 107 44 silk

551 2068 180 44 Silver
763 2068 107 42 and
904 2069 152 41 brass
1088 2069 125 51 pins

552 2158 226 45 Needles

545 2247 276 44 Thimbles

547 2337 168 45 Jewel
749 2347 170 38 cases,
952 2335 236 52 Tablets,
1223 2335 143 42 Good
1401 2345 127 39 soap
1559 2332 55 43 of
1637 2332 150 43 Paris
1812 2332 103 41 and
1962 2331 71 40 all
2076 2332 95 41 the
2217 2328 243 45 utensels

567 2438 287 40 necessary
886 2424 87 43 for
1004 2438 32 29 a
1068 2422 166 52 lady's
1266 2422 175 43 toilet.
1463 2422 244 52 (Razors,
1736 2420 227 49 forceps,
1987 2418 220 51 looking
2236 2417 225 52 glasses,

569 2516 160 42 tooth
764 2514 252 48 brushes,
1036 2512 157 42 tooth
1225 2510 170 52 picks,
1427 2510 299 47 bandeaux,
1757 2506 238 52 crisping
2047 2506 168 50 irons,
2262 2506 201 48 combs,

572 2605 138 47 Rose
759 2604 188 43 Water
993 2601 133 42 with
1160 2600 176 42 which
1384 2598 131 50 they
1545 2594 280 43 furbished
1875 2592 348 51 themselves,
2272 2594 186 40 cotton

571 2693 137 42 with
760 2692 177 41 which
990 2690 132 51 they
1173 2698 168 39 rouge
1404 2685 103 42 and
1561 2681 306 51 whitening
1917 2681 132 40 with
2104 2680 172 41 which
2330 2680 130 50 they

569 2780 208 44 whiten
811 2775 374 52 themselves.)

310 2871 83 44 All
429 2871 227 43 borders
689 2879 64 32 or
785 2866 266 53 anything
1083 2860 361 54 approaching
1477 2859 148 42 what
1646 2868 80 31 we
1751 2867 118 32 now
1893 2854 101 42 call
2015 2853 285 51 trimming
2321 2862 142 31 were

209 2962 183 42 either
424 2970 193 34 woven
651 2968 64 33 or
746 2953 238 46 stitched
1018 2953 57 41 In
1108 2952 93 41 the
1234 2948 137 43 stuff
1403 2946 151 44 itself
1585 2958 62 31 or
1679 2944 372 43 embroidered
2076 2943 103 41 and
2206 2952 146 32 sewn
2376 2952 89 32 on.

205 3051 112 43 The
351 3047 282 45 materials
666 3045 56 43 of
754 3043 175 44 which
964 3042 95 41 the
1092 3042 213 39 dresses
1338 3036 54 43 of
1423 3037 96 42 the
1552 3036 116 51 13th
1704 3034 104 41 and
1845 3032 117 52 14th
2013 3031 275 42 centuries
2324 3040 139 31 were

204 3139 156 43 made
393 3146 146 33 were
575 3133 55 44 of
660 3144 165 40 every
857 3132 197 48 degree
1088 3126 53 43 of
1174 3125 209 54 quality
1413 3122 140 45 from
1588 3123 324 50 home-spun
1947 3117 229 44 woollen
2199 3116 174 43 fabric
2403 3117 60 42 to

204 3221 389 55 cloth-of-gold
626 3221 142 42 from
802 3230 130 32 over
965 3217 93 43 the
1092 3226 112 32 sea.
1235 3214 108 41 The
1376 3211 275 43 favourite
1685 3210 211 42 colours
1936 3206 58 43 In
2042 3207 91 41 the
2168 3206 297 49 beginning

208 3311 56 45 of
294 3314 98 40 the
425 3311 121 50 13th
581 3310 231 48 century
844 3316 145 32 were
1022 3314 168 43 green
1224 3302 105 42 and
1364 3301 92 42 red
1492 3311 58 31 as
1582 3310 80 31 we
1696 3309 89 32 see
1837 3299 65 48 by
1950 3295 280 42 reference
2281 3296 55 38 to
2370 3292 95 42 the

207 3401 147 49 MSS,
387 3398 216 53 effigies
635 3396 105 42 and
774 3393 436 54 wall-paintings
1257 3389 56 43 of
1357 3390 125 42 that
1529 3386 208 54 period.
1784 3385 109 42 The
1943 3384 211 42 devices
2202 3381 104 41 and
2354 3390 76 32 em-

212 3487 289 47 broidered
557 3484 153 44 work
763 3494 143 33 were
960 3479 197 55 chiefly
1209 3480 56 42 in
1319 3478 122 53 gold
1493 3478 104 42 and
1649 3474 164 43 silver
1865 3471 248 54 applique
2163 3469 149 43 work
2358 3478 109 33 was
