2678 3953
209 1044 1128 70 EPILOGUE.
1451 1045 638 77 APRIL.
2190 1044 282 67 1914

222 1262 58 88 |t
313 1265 44 42 is
391 1265 94 42 the
518 1266 104 42 end
658 1263 55 45 of
745 1266 93 43 the
873 1266 144 43 sixth
1051 1277 131 44 year
1230 1266 54 42 of
1324 1263 116 46 The
1474 1263 194 46 Mask.

353 1355 112 42 One
500 1355 43 42 is
579 1356 258 52 expected
871 1357 56 41 to
961 1366 90 42 say
1087 1356 329 51 something:,
1450 1355 104 42 and
1594 1356 14 40 i
1660 1355 133 42 have
1849 1356 133 41 been
2039 1354 162 43 asked
2258 1355 66 52 by
2376 1354 94 40 the

209 1445 188 46 Editor
428 1446 58 41 to
522 1445 66 41 do
621 1455 78 33 so.
735 1446 17 40 I
777 1443 154 44 could
967 1456 92 41 say
1091 1444 310 51 something:
1432 1444 156 42 short
1611 1444 103 40 and
1765 1445 56 39 to
1855 1444 93 40 the
1997 1443 171 52 point,
2202 1445 98 39 but
2335 1443 134 52 good

209 1545 257 32 manners
499 1533 184 43 before
719 1533 127 43 a11...
882 1535 17 40 1
932 1531 109 44 will
1077 1530 275 45 therefore
1392 1531 256 44 meander
1672 1543 66 32 on
1773 1530 83 45 for
1888 1531 156 44 three
2069 1542 60 33 or
2152 1530 124 45 four
2307 1542 163 40 pages

209 1624 87 42 for
327 1625 96 41 the
457 1623 128 43 sake
619 1622 54 43 of
708 1624 214 41 Hecuba
959 1633 57 30 as
1061 1620 174 43 usual.

308 1712 106 42 But
445 1712 121 42 how
600 1709 296 45 difficult...
929 1710 121 42 how
1083 1708 237 44 difficult
1354 1710 57 42 to
1445 1709 178 52 praise
1655 1721 125 40 you,
1828 1710 67 42 oh
1948 1721 85 43 my
2067 1712 236 42 readers.
2340 1710 129 42 How

208 1811 126 42 easy
367 1802 170 41 twere
572 1801 56 42 to
663 1801 158 40 damn
856 1810 169 41 you...
1056 1798 212 53 shortly
1301 1801 103 40 and
1440 1801 57 40 to
1533 1801 91 40 the
1663 1799 183 50 point!

208 1896 62 35 &
307 1888 109 42 Had
452 1898 79 32 we
565 1888 234 42 reduced
837 1898 101 31 our
970 1887 216 52 journal
1220 1898 135 32 even
1406 1898 57 31 as
1512 1888 94 42 the
1656 1887 156 42 noble
1853 1884 191 47 Times
2077 1898 101 32 one
2215 1886 254 52 morning

207 1977 169 45 found
411 1976 150 46 Itself
595 1978 230 42 reduced
859 1978 59 42 to
953 1989 102 31 one
1089 1989 198 42 penny,
1341 1980 15 39 I
1408 1977 103 42 had
1558 1976 168 44 found
1776 1978 310 51 something
2135 1980 57 39 to
2243 1987 149 42 say...
2447 1977 16 41 1

208 2067 156 44 could
401 2067 136 44 have
571 2066 374 53 apologized...
978 2067 161 42 while
1173 2067 308 51 protesting
1514 2069 16 38 1
1568 2079 106 30 was
1712 2069 94 39 not
1839 2078 68 30 on
1943 2067 93 41 the
2074 2066 174 43 make.

304 2158 106 41 But
442 2168 105 42 you
583 2156 160 42 know
777 2168 84 30 me
895 2156 104 42 and
1033 2166 103 42 you
1173 2155 160 42 know
1798 2166 93 31 are
1926 2158 96 39 not
2056 2155 240 52 writing,
2319 2158 17 39 I
2362 2168 103 31 am.

208 2248 116 40 And
362 2246 45 41 It
440 2246 44 42 is
519 2258 86 40 my
639 2246 133 51 duty
807 2248 55 39 to
896 2246 176 51 praise
1103 2255 164 42 you...
1303 2245 70 42 its
1467 2255 68 40 up
1569 2246 55 41 to
1660 2255 82 32 me
1831 2246 55 40 to
1939 2244 81 53 lay
2074 2246 43 40 it
2151 2255 67 32 on
2254 2244 211 44 thick...

211 2335 102 42 I've
346 2333 196 54 simply
574 2335 95 51 got
703 2335 55 41 to
793 2335 66 40 do
894 2345 137 40 50,...
1065 2334 99 41 but
1197 2334 18 41 I
1252 2333 135 42 dont
1420 2334 147 41 want
1601 2335 78 41 to.

208 2434 63 35 &
303 2425 18 41 I
358 2424 148 42 want
539 2423 213 42 instead
787 2424 57 41 to
879 2423 95 42 tell
1008 2433 104 42 you
1149 2423 147 42 what
1331 2424 15 40 I
1383 2423 158 42 think
1574 2422 53 42 of
1658 2433 124 42 you.
1820 2423 101 41 But
1962 2424 119 42 that
2105 2424 17 41 I
2152 2423 202 42 musa't
2380 2424 86 43 do.

211 2514 15 40 I
260 2522 136 32 even
433 2511 204 43 musn't
669 2522 94 41 say
795 2512 123 40 that
952 2512 17 39 1
1004 2509 162 43 think
1199 2521 146 31 some
1399 2509 55 43 of
1494 2521 105 43 you
1634 2511 93 40 the
1769 2512 140 40 most
1953 2511 279 53 charming
2278 2511 187 53 people

208 2601 56 42 in
302 2599 91 44 the
426 2598 229 45 world...
689 2610 149 31 some
891 2599 93 42 the
1036 2601 141 40 most
1227 2597 322 44 beautiful...
1599 2598 102 42 and
1756 2599 45 41 it
1853 2599 174 41 would
2085 2601 62 40 be
2201 2598 160 45 futile
2410 2603 56 40 to

208 2688 385 52 acknowledge
625 2688 125 42 that
781 2699 105 41 you
923 2699 91 31 are
1049 2699 101 30 one
1186 2688 103 41 and
1323 2687 70 42 all
1428 2688 93 42 the
1557 2690 141 40 most
1732 2687 331 53 intelligent.

303 2777 70 45 As
405 2777 87 45 for
524 2779 192 52 saying
748 2779 123 41 that
901 2789 139 40 your
1074 2776 343 44 Enthusiasm
1444 2779 44 41 is
1512 2776 257 52 priceless
1809 2780 101 39 and
1949 2777 150 52 helps
2135 2790 100 32 our
2268 2780 197 51 works,

208 2871 122 41 that
363 2870 90 41 too
489 2869 45 42 Is
567 2869 98 40 out
698 2866 55 43 of
785 2867 92 42 the
913 2866 249 52 question
1197 2865 84 42 for
1315 2866 45 41 It
1394 2866 45 42 is
1474 2865 69 43 all
1578 2878 56 30 so
1670 2866 383 52 Inadequate...
2096 2869 16 39 I
2150 2869 134 40 dont
2309 2879 154 30 mean

204 2969 139 42 your
377 2956 339 44 enthusiasm
752 2958 102 40 and
894 2955 142 52 help.
1072 2956 16 40 I
1127 2967 154 30 mean
1319 2955 126 51 only
1496 2967 85 39 my
1629 2958 224 48 phrases
1902 2958 100 40 and
2053 2968 139 40 your
2237 2959 229 49 praises.

291 3045 100 43 For
411 3047 245 40 instance
680 3055 103 42 you
812 3055 91 32 are
928 3043 69 43 all
1025 3047 124 39 true
1173 3043 363 52 worshippers
1562 3043 53 43 of
1639 3045 121 41 that
1782 3045 171 51 magic
1976 3047 203 50 puppet

432 3109 13 11 %

207 3135 105 42 and
346 3144 103 42 you
485 3132 181 44 follow
701 3134 82 41 his
816 3132 206 43 advice.
1059 3133 113 42 And
1205 3143 104 42 you
1653 3134 134 42 with
1822 3133 70 43 all
1929 3135 90 41 the
2057 3133 147 44 force
2239 3133 54 43 of
2342 3138 124 39 true

208 3224 329 42 abstainers.

208 3323 65 36 &
307 3314 75 41 Do
415 3323 104 42 you
555 3323 134 32 even
724 3313 127 42 read
895 3313 94 41 the
1357 3314 56 40 to
1447 3325 105 42 any
1586 3323 232 42 purpose
1840 3313 25 42 ?
1900 3313 101 52 NO,
2037 3312 53 43 of
2122 3323 190 32 course
2352 3316 111 42 not.

207 3405 110 40 You
354 3401 192 44 DONT.

306 3490 170 44 Three
510 3491 188 43 cheers
730 3490 84 44 for
844 3492 132 42 such
1013 3492 189 43 Divine
1238 3492 258 42 Caution!
