2725 4094
843 371 45 46 A
924 371 334 54 HISTORY
1291 370 98 47 OF
1420 366 359 50 PUPPETS.

2342 375 91 43 301

184 489 121 32 men
329 477 53 43 of
405 478 94 41 the
524 478 102 51 day
645 488 143 32 were
814 489 195 41 among
1032 480 157 41 those
1213 479 120 42 who
1356 475 214 45 flocked
1594 478 56 41 to
1672 475 225 42 witness
1918 474 94 41 the
2031 469 403 56 performances

180 567 57 43 of
267 568 95 41 the
397 566 145 43 little
576 568 240 43 actors...
852 568 53 42 of
938 571 172 47 wood,

180 666 65 34 £?
277 654 451 44 The-celebrated
767 657 180 53 Bayle,
982 660 199 50 during
1214 660 93 40 the
1342 657 128 52 long
1504 660 119 50 stay
1655 657 125 41 that
1812 656 66 40 he
1914 653 100 42 had
2062 653 60 42 to
2173 649 155 44 make
2377 651 57 40 at

184 745 335 49 Rotterdam,
552 755 69 30 on
656 747 233 40 account
923 746 53 42 of
1009 747 84 41 his
1143 747 227 51 studies,
1420 746 198 53 always
1665 745 315 42 abandoned
2031 743 82 41 his
2161 738 167 45 books
2375 750 58 30 as

183 842 132 32 soon
352 844 55 30 as
443 834 94 40 the
573 834 327 43 showman's
932 837 267 50 trumpet,
1224 835 139 43 from
1390 837 173 41 under
1586 835 93 42 the
1702 835 208 51 portico
1934 832 53 42 of
2009 834 94 40 the
2130 830 303 53 conquered

184 922 239 51 theatre,
456 925 320 39 announced
811 924 124 42 that
968 925 92 41 the
1096 924 372 50 performance
1502 935 108 31 was
1643 925 165 39 about
1841 925 56 39 to
1933 922 176 51 begin.
2151 920 107 42 The
2306 919 127 50 poet

188 1010 260 42 Lodovico
484 1011 241 51 Rotgans
757 1023 108 30 was
900 1013 98 40 not
1031 1013 119 42 able
1185 1014 57 39 to
1275 1013 157 40 write
1467 1024 30 29 a
1529 1010 173 52 single
1733 1020 154 32 verse
1914 1008 139 43 until
2080 1008 66 41 he
2172 1008 100 40 had
2297 1006 135 41 been

184 1096 86 44 for
292 1098 329 50 Inspiration
649 1101 59 40 to
734 1112 28 29 a
841 1100 222 42 castello
1150 1098 55 44 of
1225 1103 233 49 puppets
1481 1100 53 41 in
1562 1099 222 51 Leipsic.
1810 1096 176 52 Euler,
2010 1098 93 42 the
2127 1094 305 43 Illustrious

188 1184 183 51 EuJer,
386 1187 96 40 the
503 1189 141 39 most
660 1185 212 43 famous
890 1188 387 51 geometrician
1300 1189 52 39 in
1377 1189 340 50 Germany,...
1737 1187 259 49 although
2023 1185 65 40 he
2114 1182 319 43 afterwards

188 1274 141 42 lived
367 1277 52 39 in
457 1277 198 48 Berlin,
689 1277 159 42 when
881 1278 94 39 the
1008 1278 266 39 dramatic
1304 1278 153 48 stage
1490 1287 109 29 was
1623 1274 298 51 beginning
1952 1274 57 40 to
2043 1274 209 41 receive
2274 1270 155 51 again

187 1361 73 41 Its
293 1359 206 45 former
531 1366 200 45 actors,
767 1375 119 30 now
918 1362 271 43 tolerated
1225 1363 103 41 and
1365 1362 246 42 restored
1647 1363 56 38 to
1735 1359 268 50 favour,...
2037 1359 198 52 always
2269 1358 99 39 had
2403 1367 31 30 a

187 1448 317 54 preference
537 1449 86 44 for
656 1451 331 42 marionette
1021 1452 221 50 comedy
1275 1452 104 39 and
1415 1451 160 49 spent
1615 1449 167 42 hours
1830 1451 53 39 in
1931 1451 275 49 watching
2252 1449 180 49 them;

187 1537 47 42 It
265 1549 109 31 was
409 1550 67 29 an
512 1538 260 42 innocent
810 1540 102 39 and
950 1538 226 41 childish
1210 1538 164 47 taste,
1408 1538 102 40 and
1534 1547 110 31 was
1669 1536 257 52 specially
1949 1536 242 43 referred
2213 1538 59 41 to
2295 1535 141 43 after

190 1627 84 41 his
307 1629 160 39 death
504 1629 67 50 by
603 1639 100 29 one
738 1626 53 42 of
824 1627 83 40 his
941 1623 295 54 confreres,
1271 1625 246 52 Formey,
1548 1623 185 44 before
1766 1636 30 31 a
1827 1625 99 43 full
1962 1626 267 53 assembly
2252 1625 54 43 of
2337 1627 92 41 the

245 1714 314 42 Accademia
593 1714 140 42 delle
764 1715 229 42 scienze.

283 1803 137 39 That
452 1803 185 48 period
673 1800 55 42 of
759 1799 397 43 incontestable
1190 1810 320 42 supremacy
1544 1811 67 31 on
1647 1803 93 39 the
1782 1803 124 49 part
1953 1801 55 42 of
2056 1801 376 50 marionettes,

185 1900 132 40 gave
341 1890 108 41 rise
482 1890 58 41 to
574 1900 29 31 a
636 1891 225 49 strange
886 1890 229 50 custom,
1138 1889 124 41 that
1288 1889 171 51 ought
1483 1890 97 41 not
1603 1891 55 40 to
1684 1890 62 40 be
1770 1891 188 49 passed
1982 1900 130 32 over
2133 1891 52 40 in
2212 1890 219 43 silence.

284 1977 69 41 At
394 1978 96 40 the
526 1977 298 52 beginning
857 1977 53 41 of
943 1977 96 40 the
1072 1975 152 52 reign
1261 1974 53 43 of
1349 1975 320 50 Pulclnella,
1708 1978 93 40 the
1834 1978 363 49 dispossessed
2235 1979 196 48 actors,

189 2064 276 53 naturally
495 2065 252 42 troubled
782 2065 104 41 and
921 2065 224 41 anxious
1178 2065 134 41 with
1359 2067 193 49 regard
1587 2067 59 39 to
1679 2065 147 42 their
1872 2067 141 52 daily
2060 2068 181 47 bread,
2288 2077 141 32 were

185 2153 197 42 almost
416 2152 292 51 compelled
745 2154 57 40 to
835 2156 158 38 enter
1025 2152 92 40 the
1156 2152 205 42 service
1413 2149 55 43 of
1515 2153 297 51 showmen,
1859 2154 103 40 and
2010 2156 57 38 to
2116 2153 122 41 lend
2286 2154 146 40 their

185 2243 181 41 voices
397 2243 59 40 to
480 2241 263 50 speaking
763 2242 95 39 the
879 2242 152 51 parts
1055 2238 54 43 of
1131 2241 94 40 the
1251 2238 145 43 little
1486 2239 240 52 figurine
1807 2241 55 40 of
1883 2243 200 48 puppet
2107 2243 321 48 companies.

192 2328 349 47 Afterwards,
574 2330 157 40 when
767 2330 345 48 persecution
1147 2330 169 49 began
1350 2330 58 39 to
1444 2330 63 39 be
1542 2327 106 43 less
1683 2330 189 48 bitter,
1916 2330 155 40 these
2122 2331 306 39 comedians

185 2416 261 42 returned
480 2417 63 41 to
575 2417 95 40 the
705 2417 151 50 stage
893 2416 171 41 under
1095 2416 94 41 the
1222 2416 309 49 protection
1567 2415 55 42 of
1652 2416 94 41 the
1778 2418 249 49 puppets,
2046 2417 103 40 and
2173 2416 255 49 together

187 2505 132 40 with
352 2506 171 50 them,
555 2505 54 40 in
645 2506 161 39 order
851 2506 95 39 not
978 2505 57 40 to
1069 2514 102 31 run
1219 2505 93 40 too
1364 2506 157 39 much
1572 2505 216 49 against
1832 2504 94 40 the
1975 2505 301 51 prejudices
2324 2505 103 40 and

183 2595 174 41 tastes
391 2592 55 44 of
477 2595 96 41 the
606 2594 202 51 public.

284 2683 70 40 At
383 2683 126 39 that
542 2684 130 39 time
716 2684 94 39 the
918 2683 809 49 Haupt-und=staats-actionen
1832 2692 143 30 were
2023 2681 343 51 introduced,
2398 2694 30 29 a

187 2772 127 41 kind
339 2769 55 44 of
416 2773 328 40 melodrama
768 2773 55 40 in
841 2783 177 41 prose,
1042 2773 171 40 music
1234 2774 101 39 and
1361 2773 350 49 pantomime,
1728 2772 122 39 that
1867 2769 132 42 took
2023 2770 70 41 its
2111 2770 316 50 arguments

184 2862 138 40 from
359 2860 330 54 mythology,
721 2859 140 43 from
895 2862 94 40 the
1026 2860 169 53 Bible,
1225 2860 139 42 from
1399 2862 200 42 stories
1632 2858 53 43 of
1718 2858 252 51 knightly
2001 2859 181 46 deeds,
2219 2858 102 41 and
2370 2858 56 41 in

181 2948 112 42 fact
324 2948 138 42 from
496 2951 281 40 whatever
809 2960 190 31 source
1034 2947 242 43 afforded
1313 2951 356 49 opportunity
1714 2944 87 43 for
1845 2944 337 51 spectacular
2224 2944 204 54 display

181 3037 133 41 with
340 3048 160 41 many
590 3040 319 49 personaggi
1001 3038 102 41 and
1128 3038 132 40 with
1288 3036 348 51 complicated
1664 3036 101 39 and
1793 3033 283 51 ingenious
2100 3032 326 52 machinery.

279 3125 59 39 In
371 3125 95 40 the
500 3127 436 47 representation
971 3125 55 42 of
1059 3126 154 41 these
1247 3127 152 51 p'ays
1435 3125 170 49 living
1637 3123 179 41 actors
1848 3118 151 43 filled
2033 3121 94 39 the
2178 3121 151 49 parts
2373 3118 55 43 of

180 3211 132 39 such
348 3212 307 41 characters
691 3224 56 29 as
780 3224 142 30 were
956 3212 141 42 least
1129 3212 164 54 likely
1324 3216 59 38 to
1418 3214 64 40 be
1516 3210 245 50 objected
1799 3210 135 45 t0,...
1982 3217 146 30 some
2175 3207 252 42 virtuous

242 3301 356 51 personaggio
689 3301 55 41 in
781 3302 133 50 good
949 3300 193 44 favonr
1175 3302 130 42 with
1340 3304 95 40 the
1481 3301 316 42 audience...
1844 3295 157 43 while
2051 3296 375 51 marionettes,

184 3389 119 40 who
339 3389 102 39 had
477 3400 69 31 no
579 3390 163 51 fears,
777 3391 86 40 did
898 3390 68 42 all
1001 3391 94 42 the
1126 3393 132 40 rest.

278 3478 157 42 Some
467 3489 156 41 years
658 3479 139 42 later
829 3490 89 38 on,
951 3480 55 42 in
1039 3480 94 42 the
1164 3481 134 41 time
1332 3479 53 42 of
1420 3476 141 45 Beck
1595 3475 102 42 and
1733 3473 331 50 Reibehand,
2108 3473 147 53 plays
2304 3474 123 42 that
