2725 4094
951 360 47 47 A
1037 359 362 56 LECTURE
1435 359 113 48 ON
1578 360 261 55 DRESS,

225 378 99 47 344

226 489 63 32 or
323 477 222 50 brooch,
582 473 195 47 buckle
813 484 64 33 or
908 471 149 55 clasp
1091 473 56 42 in
1181 470 159 45 front
1376 471 108 42 and
1537 483 72 32 on
1661 473 99 42 the
1810 474 156 55 right
2014 479 285 64 shoulder,
2348 494 53 43 in
2450 503 93 46 the

224 569 170 43 latter
428 579 125 32 case
586 568 97 43 the
719 567 211 42 mantle
968 565 168 52 being
1169 565 224 42 twisted
1433 564 183 42 round
1637 577 14 39 ;
1708 567 140 42 then
1900 581 83 31 we
2040 573 138 46 have
2232 582 96 44 the
2379 590 161 50 broad

1407 643 5 9 fi
1797 643 3 9 »

224 661 143 42 band
404 672 62 32 or
501 658 119 45 link
654 658 154 43 often
845 657 176 53 richly
1056 656 389 43 embroidered
1468 668 14 41 ;
1520 654 136 45 then
1692 657 100 43 the
1828 657 133 57 long
1995 667 150 52 cord,
2182 673 104 41 and
2314 673 107 47 last
2451 685 92 44 the

224 752 203 42 button
463 750 283 54 fastening
780 751 161 43 when
979 751 97 42 the
1113 760 175 42 upper
1321 750 128 50 part
1485 747 57 44 of
1572 748 274 46 shoulder
1881 755 153 49 piece
2092 758 56 45 of
2197 764 96 43 the
2341 776 202 46 mantle

222 842 106 42 had
362 841 300 52 developed
697 842 122 43 into
854 855 30 30 a
921 841 132 44 kind
1090 840 57 45 of
1179 841 160 43 small
1376 852 152 42 cape.
1562 840 113 44 The
1711 841 178 47 fibula
1923 849 107 42 and
2067 854 128 42 cord
2239 855 301 57 fastenings

220 944 203 42 appear
454 934 59 42 to
549 935 66 42 be
648 935 96 42 the
781 934 262 51 earliest;
1078 936 106 41 and
1237 935 46 42 it
1331 945 112 32 was
1498 935 274 53 probably
1820 935 90 46 for
1961 941 98 44 the
2117 944 317 54 decoration
2489 959 53 45 of

219 1023 158 45 these
413 1026 157 42 cords
605 1026 125 41 that
762 1026 99 42 the
897 1037 216 33 mercer
1146 1026 188 44 whose
1385 1037 179 31 wares
1616 1028 16 40 I
1688 1028 138 44 have
1877 1039 366 43 enumerated
2294 1051 241 48 supplied

214 1117 100 42 the
417 1115 131 44 Fine
583 1115 202 45 tassels
817 1115 89 45 for
937 1115 181 56 fixing
1151 1118 138 43 with
1326 1119 161 52 great
1523 1119 237 45 buttons
1796 1119 57 46 of
1887 1123 127 51 gold
2054 1138 65 32 or
2153 1129 107 45 silk

219 1216 66 36 £>
316 1207 145 43 Such
487 1207 138 43 then
650 1208 166 52 being
840 1209 96 42 the
962 1209 290 43 character
1278 1208 56 44 of
1357 1211 100 43 the
1482 1211 158 44 dress
1665 1213 107 42 and
1800 1214 73 44 its
1898 1213 313 62 fastenings
2237 1225 44 44 it
2303 1236 232 43 remains

217 1297 88 43 for
339 1310 85 31 me
459 1299 58 44 to
551 1298 99 43 tell
685 1311 109 43 you
831 1302 123 42 how
988 1302 47 42 it
1070 1313 113 32 was
1208 1305 392 52 ornamented,
1627 1316 83 39 or,
1735 1307 56 42 in
1819 1310 231 44 modern
2078 1312 292 60 language,
2393 1326 143 46 what

216 1400 149 32 were
400 1391 74 42 its
508 1391 342 53 trimmings.

216 1489 66 35 &
316 1480 110 44 The
457 1481 134 45 first
623 1484 161 52 point
818 1484 56 44 of
907 1485 244 46 interest
1200 1489 46 43 is
1297 1490 96 42 the
1445 1503 239 31 manner
1736 1491 57 45 in
1849 1495 183 43 which
2087 1509 294 41 ornament
2428 1522 106 33 was

220 1574 152 42 used.
408 1574 58 42 In
502 1574 95 43 the
633 1576 120 51 13th
791 1579 238 54 century
1062 1579 98 43 the
1197 1584 326 42 ornaments
1569 1581 57 45 of
1674 1588 307 52 every-day
2034 1590 153 45 dress
2237 1606 143 35 were
2415 1612 54 33 as
2502 1616 29 31 a

219 1661 122 45 rule
366 1665 296 43 restricted
690 1669 58 39 to
772 1668 129 43 that
924 1668 142 44 form
1092 1670 182 45 which
1301 1686 82 30 we
1406 1686 125 31 now
1555 1687 227 42 express
1810 1679 69 52 by
1904 1679 98 43 the
2027 1683 151 42 word
2205 1687 323 58 trimmings.

219 1753 212 53 During
454 1755 95 44 the
573 1759 301 54 preceding
898 1763 238 53 century
1158 1764 423 46 Court-fashion
1612 1769 103 42 had
1741 1781 108 32 run
1876 1771 117 44 riot
2016 1773 137 45 with
2190 1780 338 59 embroidery

216 1843 106 41 and
357 1846 164 41 other
553 1844 174 46 forms
762 1847 57 44 of
852 1851 345 57 decoration,
1247 1860 290 48 garments
1586 1871 149 32 were
1787 1861 248 57 literally
2084 1867 272 47 covered
2395 1875 127 44 with

216 1933 123 52 gold
376 1936 107 40 and
518 1936 171 45 silver
722 1941 105 42 and
866 1952 136 33 even
1039 1946 258 49 precious
1331 1950 197 43 stones
1562 1962 149 32 were
1746 1951 181 57 freely
1961 1959 156 43 used.
2144 1956 109 46 The
2279 1973 166 41 queen
2470 1966 52 45 of

215 2023 185 55 Henry
436 2026 42 42 II
512 2039 147 31 wore
695 2040 30 32 a
760 2032 133 42 robe
929 2035 334 54 bespangled
1299 2040 138 43 with
1475 2045 288 43 crescents
1799 2045 58 43 of
1890 2046 126 54 gold
2055 2050 108 42 and
2211 2053 219 47 Richard
2454 2055 65 46 I's

215 2115 209 43 mantle
457 2129 113 32 was
605 2125 362 47 over-spread
1018 2126 135 43 with
1212 2129 117 43 half
1383 2144 196 33 moons
1633 2136 108 42 and
1801 2138 229 54 shining
2082 2141 128 44 orbs
2265 2143 52 43 of
2364 2144 157 47 solid

212 2204 196 53 silver;
443 2208 100 41 but
577 2210 134 42 with
748 2213 96 42 the
878 2213 159 54 reign
1073 2215 56 43 of
1162 2219 97 42 the
1294 2220 151 45 third
1501 2224 188 56 Henry
1740 2238 154 33 came
1929 2241 31 31 a
1995 2230 163 55 reign
2213 2232 54 45 of
2312 2238 208 50 greater

210 2296 317 56 simplicity.
549 2299 146 47 Thus
719 2310 299 40 ornament
1042 2310 212 44 retired
1279 2310 144 46 from
1449 2315 99 44 the
1572 2319 230 50 general
1829 2321 224 45 surface
2078 2322 56 46 of
2157 2326 96 44 the
2277 2332 243 47 garment

212 2389 56 41 to
295 2387 75 44 Its
395 2390 221 54 border,
637 2395 127 53 and,
789 2395 217 46 instead
1034 2398 57 44 of
1114 2403 312 56 concelling
1445 2407 98 42 the
1562 2404 179 49 fabric
1760 2412 140 43 with
1922 2426 29 29 a
1971 2415 360 57 redundancy
2347 2420 170 44 which

209 2489 111 33 was
355 2481 257 47 formless
647 2488 108 42 and
789 2489 244 45 without
1066 2505 109 43 any
1199 2496 168 43 order
1405 2500 107 42 and
1555 2502 251 55 method,
1848 2506 246 46 adorned
2133 2510 44 42 it
2202 2510 193 43 within
2427 2512 93 44 the

210 2581 249 42 compass
493 2571 57 44 of
583 2586 220 34 narrow
837 2580 175 45 bands
1047 2582 56 45 of
1137 2589 160 49 great
1334 2589 207 57 beauty
1574 2594 106 42 and
1717 2594 182 55 really
1933 2600 141 49 good
2120 2599 397 57 workmanship

209 2666 210 41 around
457 2666 72 43 ail
565 2669 74 41 its
673 2674 267 50 margins.

207 2759 66 35 &
306 2755 69 41 At
408 2756 96 42 the
541 2757 140 44 neck
715 2760 56 42 of
804 2763 95 43 the
934 2769 332 49 supertunfc
1301 2783 62 32 or
1404 2773 301 48 dalmatica
1755 2792 159 31 worn
1967 2783 72 53 by
2087 2785 161 51 great
2295 2783 224 46 officials

206 2854 112 32 was
352 2856 29 31 a
416 2845 121 45 stiff
572 2850 301 56 bordering
906 2854 57 44 of
995 2860 384 46 considerable
1406 2867 208 54 beauty
1639 2869 153 46 often
1821 2873 267 44 enriched
2114 2877 134 42 with
2274 2876 241 44 valuable

205 2931 205 52 jewels.
436 2937 127 45 This
596 2952 113 33 was
742 2944 99 43 the
874 2947 131 54 type
1030 2948 57 44 of
1109 2950 96 45 the
1231 2956 230 44 modern
1487 2958 196 48 collar.
1707 2961 113 45 The
1847 2967 247 52 margins
2119 2966 57 44 of
2196 2968 97 43 the
2315 2967 201 44 sleeves

206 3023 55 42 of
294 3025 129 44 both
459 3029 157 43 tunic
649 3034 107 42 and
791 3041 332 48 supertunic
1158 3055 149 33 were
1341 3048 281 46 encircled
1659 3053 70 55 by
1762 3055 216 45 similar
2013 3058 174 44 bands
2211 3058 176 44 which
2412 3057 100 43 laid

203 3113 97 43 the
334 3113 330 51 foundation
700 3122 88 46 for
822 3137 29 31 a
887 3131 230 43 modern
1153 3133 116 45 cuff
1302 3140 107 39 and
1448 3141 332 48 wristband.
1816 3145 111 43 The
1962 3146 173 45 lower
2183 3149 242 53 margins
2456 3156 59 35 or

203 3201 329 50 skirt-hems
568 3208 56 45 of
656 3213 160 45 these
850 3224 288 47 garments
1172 3235 61 33 as
1268 3227 125 44 well
1429 3241 60 32 as
1527 3232 99 45 the
1675 3236 139 52 edge
1865 3236 57 43 of
1969 3239 98 43 the
2119 3239 208 43 mantle
2375 3249 137 33 were

203 3296 271 56 similarly
507 3305 281 46 enriched.
837 3309 50 43 It
941 3310 46 44 is
1037 3312 311 54 important
1396 3321 61 43 to
1512 3325 185 45 notice
1746 3329 129 42 that
1924 3330 55 43 in
2032 3331 115 44 this
2197 3331 219 44 method
2463 3326 56 46 of

203 3391 393 52 ornamenting
616 3394 95 44 the
737 3400 249 45 costume
1009 3404 97 43 the
1133 3405 142 47 lines
1299 3420 65 32 or
1388 3411 176 46 bands
1590 3414 57 44 of
1665 3418 327 46 decoration
2020 3433 147 32 were
2192 3418 319 53 horizontal,

202 3474 131 44 thus
370 3483 288 54 opposing,
703 3489 104 42 and
854 3491 284 49 therefore
1185 3498 393 61 heightening,
1616 3509 97 43 the
1750 3509 172 46 effect
1956 3513 105 42 and
2102 3514 199 52 beauty
2334 3508 55 47 of
2421 3511 90 41 the

202 3566 222 45 natural
466 3569 161 47 form.
1292 3580 14 9 *
