2725 4094
663 385 330 55 GORDON
1026 389 234 55 CRAIG
1294 393 164 47 AND
1490 393 123 47 HIS
1645 393 322 48 SCHOOL.

2358 411 91 42 315

177 489 286 43 condition
499 488 55 43 of
587 493 202 52 gaiety,
822 496 104 40 and
960 497 173 42 which
1169 499 219 44 enables
1424 511 61 30 us
1518 502 58 41 to
1611 502 161 51 enjoy
1804 502 94 42 the
1952 503 250 43 madness
2251 503 54 42 of
2352 507 95 41 the

181 581 121 39 mad
338 581 105 39 and
480 581 98 40 the
610 582 226 42 wisdom
871 583 55 43 of
957 586 97 42 the
1087 587 150 45 wise.

278 667 40 43 A
353 667 151 43 work
529 668 54 42 of
606 671 88 41 art
725 671 197 43 should
948 675 63 42 be
1037 676 198 52 judged
1259 677 282 57 primarily
1565 680 67 52 by
1656 680 93 43 the
1773 680 212 54 quality
2008 680 55 44 of
2086 682 356 52 imagination

178 756 47 42 it
257 759 133 40 stirs
426 759 53 39 in
517 769 84 39 us,
634 760 102 40 and
775 761 67 51 by
877 762 95 41 the
1007 764 157 43 sheer
1195 776 184 40 power
1412 769 44 39 it
1487 767 96 42 has
1616 770 57 41 to
1708 769 145 42 exalt
1901 780 82 33 us.
2018 770 104 42 But
2154 771 112 42 this
2289 771 156 43 small

177 846 222 43 realism
436 847 181 42 leaves
652 850 235 52 nothing
917 853 59 40 to
1010 853 96 41 the
1156 855 377 52 imagination.
1583 859 81 39 Mr
1698 859 159 49 Craig
1887 859 178 42 shows
2105 860 82 42 his
2225 863 217 49 respect

177 935 87 43 for
295 938 95 42 the
424 936 261 54 playgoer
718 939 70 51 by
822 940 335 55 attributing
1189 945 57 40 to
1282 944 109 42 him
1424 945 95 41 the
1556 948 302 48 possession
1882 945 55 43 of
1957 948 96 40 the
2088 948 352 52 Imaginative

175 1023 230 54 faculty,
429 1039 31 29 a
482 1025 209 56 faculty
715 1030 92 41 too
831 1027 151 45 often
1006 1035 324 49 suppressed
1357 1044 62 31 or
1443 1035 230 41 crushed
1699 1037 68 49 by
1799 1035 95 42 the
1928 1035 241 44 realistic
2202 1038 237 43 theatre.

178 1117 77 39 He
291 1115 45 42 is
370 1117 54 39 in
460 1118 193 39 accord
689 1118 133 41 with
857 1119 94 41 the
987 1131 229 40 average
1249 1120 289 42 theatrical
1574 1122 301 52 manager's
1909 1124 177 41 desire
2120 1127 54 38 to
2199 1127 238 47 produce

236 1203 149 42 what
416 1204 96 42 the
549 1206 180 49 public
762 1209 196 50 wants,
1049 1208 126 53 only
1211 1209 64 41 he
1311 1208 237 43 believes
1581 1211 124 40 that
1736 1211 94 40 the
1873 1209 182 51 public
2103 1216 196 44 wants,
2332 1214 105 40 and

174 1305 101 31 can
313 1296 63 40 be
409 1296 217 40 trained
663 1297 56 39 to
752 1298 168 49 want,
954 1297 314 51 something
1296 1300 189 39 better
1515 1300 136 40 than
1686 1300 43 40 is
1764 1297 202 44 offered
2003 1300 65 43 it.

273 1385 212 50 Having
520 1383 108 44 lost
662 1395 100 32 our
797 1385 293 52 digestion,
1123 1396 80 31 we
1238 1397 92 31 are
1365 1385 206 43 offered
1606 1388 369 50 pre=digested
2008 1387 172 45 foods.
2224 1391 210 50 Having

175 1472 108 43 lost
316 1485 102 30 our
452 1474 383 52 imagination,
868 1485 80 30 we
983 1485 93 32 are
1111 1472 205 43 offered
1352 1474 347 43 Naturalism.

272 1564 333 43 Naturalism
657 1575 98 31 can
804 1565 291 48 represent
1146 1561 324 55 beautifully
1518 1576 30 28 a
1597 1564 440 52 drawing=room,
2091 1576 61 31 or
2185 1578 28 29 a
2247 1565 185 43 ladies'

173 1654 250 42 boudoir.
457 1655 49 40 It
540 1655 203 41 cannot
777 1664 135 31 even
951 1653 152 40 show
1127 1663 29 30 a
1179 1650 245 43 realistic
1447 1654 192 47 street,
1664 1654 225 42 because
1913 1651 52 44 of
1988 1654 94 42 the
2105 1654 177 42 actual
2308 1665 126 31 area

172 1742 327 43 limitations
534 1740 54 43 of
620 1743 94 40 the
748 1745 189 49 stage;
972 1752 100 30 nor
1105 1753 29 29 a
1167 1740 243 42 realistic
1443 1752 178 40 moon,
1654 1742 226 41 because
1912 1743 156 40 there
2102 1743 42 40 is
2178 1742 123 52 only
2327 1752 104 31 one

170 1841 182 41 moon,
386 1830 107 42 and
527 1832 144 48 that,
704 1830 178 42 thank
904 1830 130 49 Qod,
1058 1830 46 42 is
1128 1829 119 43 well
1273 1832 98 40 out
1392 1829 55 43 of
1470 1830 94 42 the
1590 1830 296 51 managers'
1912 1832 157 40 reach
2091 1841 14 38 ;
2139 1833 155 39 much
2323 1832 105 43 less

170 1921 97 42 the
290 1922 95 51 top
410 1918 55 45 of
488 1933 30 30 a
543 1922 308 48 mountain,
875 1932 31 31 a
929 1922 171 41 storm
1127 1922 56 41 at
1207 1931 108 40 sea,
1336 1921 96 42 the
1453 1922 246 41 vastness
1720 1918 53 43 of
1795 1929 175 40 space,
1992 1919 92 42 the
2112 1922 315 49 magnitude

172 2008 56 45 of
262 2013 222 40 nature.

262 2101 100 41 Yet
388 2100 69 42 ail
484 2101 158 42 these
668 2100 156 43 could
854 2101 63 39 be
940 2096 351 58 suggested.
1310 2098 171 42 There
1505 2097 45 41 is
1576 2107 66 31 no
1668 2096 326 43 alternative
2016 2098 53 40 to
2089 2098 338 49 suggestion.

167 2196 66 36 JZ?
268 2189 197 43 Where
499 2187 336 45 Naturalism
869 2190 170 49 stops,
1073 2187 157 42 there
1264 2183 94 45 the
1392 2185 111 42 real
1539 2186 88 41 art
1659 2183 54 44 of
1746 2185 92 40 the
1881 2186 151 50 stage
2079 2183 245 51 begins...
2359 2196 67 31 an

168 2280 89 39 art
291 2280 98 39 not
424 2279 181 40 bound
643 2279 67 51 by
743 2276 343 52 limitations,
1120 2286 68 31 on
1223 2286 29 31 a
1285 2276 152 50 stage
1471 2275 98 39 not
1602 2274 381 49 encompassed
2006 2274 67 50 by
2094 2272 158 42 three
2276 2272 150 42 walls

167 2366 104 42 and
308 2378 30 29 a
371 2363 140 54 roof,
545 2365 105 41 and
687 2364 325 52 permitting
1045 2374 66 29 an
1147 2360 227 43 outlook
1409 2371 141 41 upon
1586 2359 93 43 life
1712 2361 103 41 and
1852 2357 70 44 all
1955 2360 94 41 the
2084 2361 195 50 urging
2323 2361 102 40 and

164 2458 343 49 restraining
537 2453 181 44 forces
752 2454 199 41 behind
986 2451 117 44 life.

261 2548 124 41 Man
422 2545 44 42 is
499 2543 178 51 small,
710 2544 94 41 the
836 2540 178 44 forces
1048 2540 227 52 arrayed
1311 2539 216 52 against
1561 2537 109 41 him
1706 2545 91 32 are
1829 2537 218 41 various
2103 2538 103 39 and
2258 2535 168 52 large.

163 2638 123 41 Man
323 2637 44 41 is
400 2633 184 50 finite,
620 2633 204 42 Nature
861 2633 43 41 is
940 2631 240 41 infinite.
1216 2629 122 41 Man
1363 2628 203 42 strives
1588 2625 240 42 towards
1852 2634 101 32 one
1978 2624 139 51 goal,
2143 2627 94 40 the
2263 2625 157 42 Fates

162 2726 116 43 lash
315 2726 112 42 him
463 2735 67 31 on
567 2722 241 43 towards
842 2721 253 42 another.
1128 2718 102 41 Yet
1273 2717 119 41 how
1442 2714 181 42 heroic
1672 2714 43 41 is
1766 2712 170 42 man's
1984 2712 268 52 striving;
2304 2714 121 41 how

163 2815 364 53 magnificent
562 2813 64 41 he
663 2811 153 43 looks
870 2808 219 52 against
1133 2807 125 41 that
1306 2802 349 52 background
1705 2799 52 44 of
1809 2801 233 51 sombre,
2094 2801 331 53 palpitating

160 2906 273 47 shadows,
468 2915 62 30 or
564 2901 217 53 against
814 2900 96 42 the
943 2897 241 42 freedom
1218 2892 53 45 of
1313 2895 96 39 the
1457 2891 100 52 sky
1606 2901 67 32 on
1724 2901 29 31 a
1801 2890 127 50 high
1979 2891 409 49 mountain=top
2408 2892 13 40 1

162 2995 106 42 Not
300 2994 128 52 only
463 2994 43 40 is
543 3001 121 32 man
701 2991 55 40 in
790 2987 202 49 action,
1026 2986 99 42 but
1157 2984 94 41 the
1284 2981 263 43 elements
1580 2979 224 53 arrayed
1829 2977 132 42 with
1987 2977 109 42 him
2122 2989 61 30 or
2206 2980 217 49 against

160 3084 115 42 him
309 3093 94 32 are
437 3080 114 43 also
584 3079 234 51 charged
854 3076 132 42 with
1021 3075 93 41 the
1146 3081 147 35 same
1325 3071 176 42 active
1536 3067 183 52 spirit,
1749 3067 103 42 and
1887 3078 58 31 so
1979 3066 93 42 the
2097 3067 81 41 air
2201 3066 45 42 is
2271 3066 147 43 filled

158 3170 136 43 with
330 3179 31 32 a
394 3168 331 52 portentous
758 3164 338 49 something;
1131 3161 45 41 it
1208 3161 46 40 is
1285 3169 69 32 an
1388 3156 345 51 atmosphere
1766 3155 320 51 suggesting
2127 3155 232 51 perhaps
2392 3166 29 30 a

159 3259 220 51 coming
413 3257 171 52 clash,
615 3267 68 32 an
720 3253 315 53 impending
1070 3249 367 51 catastrophe,
1470 3245 102 43 and
1608 3245 246 51 creating
1886 3254 31 32 a
1950 3244 153 41 mood
2129 3241 54 44 of
2206 3244 216 52 moving

155 3348 294 53 tragedy...
482 3346 105 43 and
623 3343 71 43 all
728 3344 55 41 in
819 3340 71 45 all
927 3353 31 32 a
991 3339 71 43 fit
1092 3338 211 52 setting
1335 3335 86 44 for
1453 3347 31 30 a
1518 3337 203 40 drama.

155 3447 67 38 &
255 3437 172 43 There
463 3446 92 32 are
592 3434 184 42 critics
809 3432 121 42 who
967 3429 179 52 object
1178 3431 59 39 to
1269 3426 116 43 this
1428 3427 30 24 '
1484 3420 268 55 dwarfing
1785 3419 54 46 of
1870 3422 96 44 the
2000 3422 168 42 actor.
2276 3419 145 54 They

158 3526 181 45 would
375 3522 174 47 dwarf
581 3521 92 46 life
708 3520 235 45 instead.
