2725 4094
909 421 47 47 A
993 424 351 57 LECTURE
1379 428 111 48 ON
1517 429 250 56 DRESS.

2386 438 101 52 349

198 522 162 42 other
393 519 191 45 colour
617 523 178 44 would
832 528 66 43 be
932 531 223 44 deemed
1191 533 177 56 guilty
1403 536 55 44 of
1491 550 30 30 a
1555 539 197 44 breach
1790 539 54 45 of
1877 543 288 52 etiquette,
2190 555 79 40 or,
2304 545 57 41 at
2394 545 91 41 the

195 611 145 49 best,
376 611 64 40 be
476 611 193 43 smiled
706 614 58 41 at
797 626 57 32 as
889 617 96 43 the
1020 621 186 43 victim
1242 622 56 43 of
1331 636 30 30 a
1395 626 155 43 weak
1583 630 105 40 and
1726 630 265 44 harmless
2025 633 371 54 eccentricity.

296 700 175 43 There
505 711 117 42 are,
655 701 274 56 however,
962 707 112 43 two
1126 710 146 44 little
1327 713 109 44 bits
1486 713 56 45 of
1589 716 142 53 light
1778 717 293 56 flickering
2123 722 198 44 amidst
2372 722 112 44 this

193 790 204 40 almost
432 790 279 43 universal
749 791 202 51 gloom.
985 796 113 43 One
1134 797 54 43 of
1221 801 159 43 these
1415 804 44 42 is
1492 805 94 43 the
1622 806 250 46 coloured
1924 810 142 43 scarf
2114 821 120 33 now
2282 823 58 31 so
2372 810 84 44 fre-

199 879 229 53 quently
462 891 155 31 worn
653 881 68 52 by
755 881 339 56 gentlemen,
1128 890 104 41 and
1268 890 96 42 the
1398 893 160 43 other
1589 896 95 42 the
1733 896 200 45 scarlet
1980 901 171 49 tunic,
2202 903 58 40 to
2309 912 94 31 use
2452 913 31 30 a

199 969 300 43 mediaeval
538 981 175 42 name,
748 983 153 31 worn
938 974 68 52 by
1041 975 191 55 ladies,
1263 980 177 43 which
1475 984 45 41 Is
1554 984 198 55 always
1774 988 193 43 visible
1992 989 158 42 when
2174 1000 151 32 worn
2349 990 132 42 with

190 1059 97 42 the
324 1059 245 53 walking
600 1061 154 42 dress
790 1072 62 31 or
885 1063 160 42 short
1078 1069 352 48 super-tunic
1462 1074 104 41 and
1601 1074 46 43 is
1680 1078 361 55 occasionally
2075 1079 246 43 revealed
2347 1081 132 41 with

193 1148 307 44 admirable
539 1148 169 44 effect
741 1152 160 42 when
938 1163 153 33 worn
1130 1157 178 42 under
1341 1159 94 42 the
1470 1161 127 54 long
1632 1176 61 32 or
1723 1167 229 53 trailing
1986 1171 151 43 robe.

197 1328 221 51 hopeful
453 1328 151 53 signs
637 1331 137 42 than
810 1331 47 42 it
889 1332 90 42 did
1014 1345 32 30 a
1078 1333 107 42 few
1218 1346 160 42 years
1411 1338 153 46 back.
1599 1342 274 46 Crinoline
1907 1347 96 43 has
2043 1350 259 42 vanished
2338 1350 141 42 from

193 1420 96 40 the
325 1420 429 53 drawingroom,
776 1422 106 43 and
909 1423 45 42 is
981 1423 287 56 gradually
1290 1427 381 56 disappearing
1691 1431 138 46 from
1849 1436 95 41 the
1970 1439 218 43 streets.
2207 1440 274 53 Costume,

193 1519 152 31 more
378 1510 297 53 especially
708 1511 129 44 that
870 1514 237 52 adopted
1144 1515 56 42 in
1237 1517 236 54 country
1507 1519 215 52 houses,
1756 1524 45 42 is
1835 1524 279 56 decidedly
2147 1526 221 55 looking
2389 1540 91 41 up.

193 1596 105 45 For
330 1599 277 54 Instance,
641 1600 191 44 ladies'
866 1601 244 55 walking
1143 1604 158 43 dress
1335 1605 115 52 just
1483 1618 142 43 now,
1657 1610 301 56 consisting
2000 1613 55 44 of
2085 1616 173 53 tunic,
2290 1628 159 42 super-

189 1690 160 42 tunic
381 1690 136 43 with
556 1691 130 52 high
724 1690 157 51 neck,
912 1693 151 50 tight
1094 1690 195 56 fitting
1313 1693 93 44 fur
1427 1695 182 52 jacket
1632 1702 103 39 and
1759 1702 180 44 velvet
1962 1705 95 41 hat
2079 1707 131 42 with
2235 1708 248 53 brilliant

189 1780 222 65 leather
443 1779 183 43 would
664 1782 65 40 be
764 1778 270 56 perfectly
1068 1780 251 55 pleasing
1355 1787 105 39 and
1497 1788 352 55 picturesque
1895 1792 41 43 if
1981 1794 46 42 it
2072 1807 144 36 were
2263 1804 99 41 not
2394 1803 86 45 for

185 1869 99 42 the
317 1870 158 41 short
508 1870 354 51 proportions
896 1870 259 45 obtained
1199 1873 69 53 by
1300 1874 95 42 the
1432 1886 93 33 use
1559 1876 55 44 of
1647 1889 184 35 coarse
1879 1884 301 55 trimming,
2229 1892 218 44 extrava-

189 1958 194 55 gantly
418 1958 130 53 high
588 1959 157 44 boots
780 1961 104 42 and
920 1963 96 41 cut
1047 1962 187 52 edges.

193 2057 66 36 &
293 2050 43 41 A
369 2048 104 43 few
505 2060 161 43 years
701 2061 99 42 ago
852 2051 98 43 the
999 2051 141 44 male
1195 2056 246 42 costume
1492 2067 113 33 was
1656 2060 217 56 equally
1914 2062 252 56 hopeful;
2222 2069 254 45 coloured

189 2138 288 54 stockings
509 2140 105 42 and
651 2138 468 46 knickerbockers
1152 2142 136 43 with
1322 2143 95 44 the
1450 2146 158 42 short
1655 2151 120 39 coat
1827 2161 64 32 or
1940 2152 224 46 Norfolk
2196 2157 143 44 shirt
2371 2160 104 42 and

188 2229 104 44 felt
326 2230 98 43 hat
456 2240 63 32 or
552 2240 99 42 cap
686 2240 147 33 were
865 2229 105 44 felt
1002 2232 58 41 to
1097 2232 65 42 be
1196 2235 348 51 appropriate
1577 2237 103 42 and
1717 2237 235 47 artistic.

291 2320 163 43 What
489 2320 100 43 has
623 2321 224 42 become
881 2317 56 45 of
969 2320 115 43 this
1119 2323 143 41 most
1295 2323 217 44 artistic
1568 2326 287 44 costume?
1906 2328 43 43 A
2001 2333 244 44 costume
2297 2337 174 43 which

190 2409 130 53 only
354 2411 217 42 wanted
607 2422 30 30 a
672 2409 172 53 slight
876 2409 298 44 alteration
1210 2413 55 40 in
1301 2413 94 42 the
1428 2411 181 46 sleeve
1642 2417 56 40 to
1733 2417 157 43 make
1921 2418 47 44 It
2000 2422 213 54 worthy
2244 2427 57 39 to
2335 2425 139 44 rank

192 2499 137 42 with
366 2500 95 42 the
500 2500 121 51 14th
655 2500 105 42 and
797 2500 121 49 15th
952 2503 236 51 century
1223 2500 233 45 dresses.
1493 2502 102 43 For
1625 2504 94 43 the
1755 2507 93 42 cut
1879 2504 56 45 of
1966 2508 94 43 the
2091 2509 180 45 sleeve
2305 2513 46 42 is
2375 2513 96 45 the

190 2587 135 56 only
357 2588 160 52 point
548 2587 56 44 of
636 2588 297 43 difference
985 2591 249 43 between
1268 2591 97 43 the
1399 2592 94 42 cut
1526 2592 55 42 of
1611 2603 30 32 a
1675 2596 225 42 modern
1935 2594 224 46 Norfolk
2192 2599 142 45 shirt
2364 2605 105 40 and

193 2681 96 40 the
325 2691 133 42 very
490 2679 357 54 picturesque
881 2679 184 53 jacket
1101 2691 62 33 or
1196 2681 227 44 doublet
1456 2683 323 45 introduced
1816 2685 150 53 early
1997 2686 58 43 in
2088 2688 96 44 the
2217 2691 158 52 reign
2418 2688 56 45 of

197 2770 229 43 Edward
466 2770 86 44 IV.

291 2859 49 43 It
372 2859 48 44 Is
454 2870 150 33 some
640 2859 350 45 satisfaction
1026 2861 61 42 to
1122 2860 162 44 know
1319 2864 123 41 that
1474 2861 367 56 tight-fitting
1881 2864 209 45 sleeves
2137 2867 135 44 with
2320 2869 150 47 loose

193 2960 63 32 or
289 2949 248 53 hanging
569 2949 212 45 sleeves
815 2961 132 33 over
980 2951 151 42 them
1167 2963 94 31 are
1298 2951 162 54 being
1492 2954 58 40 at
1583 2952 107 42 last
1722 2955 232 51 adopted
2006 2958 68 52 by
2121 2956 188 46 ladies.
2347 2960 120 45 Will

192 3038 317 53 gentlemen
545 3050 92 33 see
670 3040 97 43 the
801 3040 311 53 advantage
1145 3041 106 42 and
1284 3039 184 44 follow
1500 3041 158 44 suit?

291 3128 108 43 But
432 3129 141 52 good
606 3126 142 46 form
785 3132 54 41 in
876 3130 170 54 shape
1081 3140 63 32 or
1177 3133 97 39 cut
1305 3132 46 40 is
1384 3129 56 44 of
1478 3130 146 42 little
1674 3130 141 43 avail
1867 3132 183 45 unless
2098 3146 81 31 we
2229 3147 97 33 can
2376 3140 94 50 get

192 3220 83 42 rid
310 3218 56 46 of
399 3220 96 44 the
529 3223 228 51 present
788 3223 207 53 system
1031 3219 56 45 of
1119 3219 292 54 trimming
1444 3220 131 42 with
1609 3219 72 43 all
1716 3222 74 42 its
1836 3222 532 58 higgledy-piggledy
2415 3227 56 43 of

189 3308 218 47 furious
440 3312 394 53 exaggeration
870 3311 56 44 of
975 3311 142 43 band
1167 3311 105 42 and
1323 3309 199 44 button
1573 3311 104 42 and
1729 3311 140 44 bow.
1916 3311 173 44 There
2137 3326 98 30 can
2286 3317 63 41 be
2399 3328 68 31 no

186 3411 199 33 excuse
418 3401 88 44 for
538 3402 135 45 such
707 3402 318 52 trimmings
1058 3412 59 32 as
1150 3401 160 43 those
1346 3400 277 43 exhibited
1675 3401 53 40 in
1782 3402 92 42 the
1925 3403 224 42 modern
2198 3405 269 53 examples

190 3490 187 44 before
414 3502 63 33 us
512 3492 224 43 marked
772 3502 51 41 a,
854 3501 51 43 3,
938 3492 104 42 and
1081 3491 93 52 48.

188 3590 66 36 /
287 3582 117 44 One
437 3580 57 46 of
524 3582 96 45 the
658 3585 123 42 best
814 3584 227 42 modern
1075 3581 155 45 braid
1266 3581 231 43 borders
1531 3580 18 43 1
1587 3581 135 43 have
1760 3591 128 33 seen
1936 3593 111 31 was
2094 3581 169 55 spoilt
2295 3584 68 53 by
2396 3594 68 33 an
