2725 4094
204 369 467 77 GORDON
765 370 325 79 CRAIG
1166 375 226 68 AND
1481 377 198 66 THE
1773 377 478 82 THEATRE
2332 385 137 66 OF

208 484 201 66 THE
473 487 421 78 FUTURE

972 492 109 86 by
1130 494 225 87 John
1438 497 415 68 Cournos.

1895 503 69 52 (i)

922 661 65 32 ur
1021 654 242 52 complex
1279 655 168 43 world
1474 658 92 42 has
1590 656 110 44 lost
1720 658 74 42 its
1816 669 181 39 power
2020 660 57 42 to
2102 663 361 49 comprehend

921 740 191 52 simple
1143 743 209 52 things.
1385 744 228 42 Therein
1650 745 98 42 lies
1780 747 95 41 the
1909 745 210 45 refined
2144 749 244 53 subtlety
2412 749 55 43 of

922 830 71 41 its
1028 833 374 48 punishment.

1013 921 110 40 One
1159 921 53 41 of
1244 923 95 42 the
1372 933 161 32 saner
1575 927 273 39 reactions
1882 924 54 42 of
1969 926 93 42 the
2096 928 161 42 times
2291 928 45 42 is
2369 929 94 41 the

924 1011 271 53 tendency
1249 1011 53 43 of
1354 1012 95 42 the
1507 1023 180 32 newer
1739 1016 114 40 arts
1904 1015 57 41 to
2013 1025 90 31 see
2153 1016 199 51 beauty
2404 1027 59 31 as

925 1098 203 45 evoked
1184 1101 67 52 by
1302 1102 94 41 the
1451 1101 278 52 unspoiled
1785 1103 171 42 vision
2011 1101 53 43 of
2111 1115 29 29 a
2189 1103 161 45 child.
2403 1106 57 41 In

925 1190 267 51 painting,
1223 1190 93 42 the
1349 1190 319 42 inclination
1702 1191 46 41 is
1771 1192 204 41 toward
2002 1204 29 30 a
2053 1192 259 52 powerful
2336 1195 97 40 sim-

926 1277 188 52 plicity
1147 1279 174 40 which
1355 1277 138 42 shall
1528 1289 217 39 express
1799 1279 147 42 itself
1993 1281 236 51 through
2279 1282 184 51 purity

198 1366 56 45 of
287 1366 192 45 colour
502 1369 105 40 and
633 1369 186 53 purity
854 1368 53 43 of
940 1368 128 50 line,
1103 1369 103 39 and
1241 1366 93 42 the
1368 1365 339 42 elimination
1735 1365 52 42 of
1809 1366 68 42 all
1904 1369 325 42 extraneous
2260 1369 203 43 factors

197 1460 127 41 that
357 1456 268 44 interfere
658 1458 136 42 with
827 1458 95 42 the
958 1458 143 40 most
1132 1455 217 42 Intense
1383 1455 308 50 expression
1726 1454 54 43 of
1810 1455 95 42 the
1938 1456 207 42 central
2181 1458 140 44 idea.
2354 1458 109 42 The

198 1558 98 42 age
332 1544 54 45 of
418 1544 141 43 faith
597 1545 94 42 has
725 1547 265 40 returned
1024 1542 86 44 for
1141 1544 94 41 the
1269 1545 133 47 arts,
1435 1544 103 41 and
1573 1544 130 41 with
1739 1545 43 40 it
1814 1556 30 29 a
1877 1544 176 52 larger
2086 1547 174 42 desire
2284 1547 56 40 in
2364 1548 98 42 the

200 1634 167 42 artist
399 1636 57 40 to
492 1632 255 44 revvaken
783 1630 298 45 emotional
1115 1630 243 51 serenity
1392 1632 103 40 and
1545 1632 313 52 joyousness
1909 1632 55 40 in
2015 1644 141 41 man,
2208 1634 92 42 the
2350 1636 112 40 two

197 1723 192 51 things
424 1722 195 42 denied
654 1722 111 41 him
800 1722 55 41 in
889 1731 69 32 an
992 1730 97 40 age
1124 1717 54 43 of
1212 1721 211 47 unrest,
1454 1718 174 42 which
1653 1718 144 43 finds
1820 1721 70 40 its
1914 1722 211 41 artistic
2148 1723 308 48 expression

204 1813 54 41 in
296 1810 254 49 Realism.

296 1898 109 45 The
437 1900 220 42 theatre
692 1900 96 40 has
822 1896 241 46 suffered
1100 1897 142 41 most
1274 1895 140 43 from
1448 1896 93 41 the
1575 1896 379 51 depredations
2002 1896 53 42 of
2109 1897 347 42 naturalistic

200 1991 108 46 art.
341 1989 109 42 The
485 1999 131 40 very
649 1987 283 42 character
966 1985 54 43 of
1052 1985 286 42 theatrical
1372 1985 88 40 art
1491 1984 94 40 has
1620 1985 261 39 rendered
1931 1984 45 40 it
2026 1984 328 52 susceptible
2407 1985 55 43 of

202 2078 191 53 nearly
426 2076 71 43 ail
532 2078 96 41 the
663 2076 301 52 unhealthy
996 2075 178 43 forces
1206 2072 285 51 operating
1523 2071 177 52 singly
1734 2072 52 40 in
1821 2072 93 40 the
1948 2071 158 42 other
2138 2074 132 42 arts.
2294 2074 47 40 It
2365 2075 95 41 has

201 2170 222 41 become
458 2168 96 40 the
609 2169 143 41 most
799 2168 234 49 impure,
1079 2165 95 41 the
1227 2164 144 41 most
1416 2160 254 52 complex,
1720 2159 52 42 of
1819 2159 70 42 all
1924 2160 235 43 creative
2194 2160 186 45 forms.
2416 2161 40 42 A

201 2257 471 50 conglomeration
709 2254 55 43 of
795 2255 163 42 other
991 2254 133 47 arts,
1159 2251 43 41 It
1239 2253 91 39 has
1364 2250 106 42 lost
1503 2250 71 41 its
1608 2260 117 31 own
1762 2249 134 43 soul.

201 2352 63 35 <£?
299 2344 217 42 Gordon
551 2343 176 51 Craig,
760 2343 94 41 the
888 2340 216 51 leading
1136 2339 235 42 theorist
1419 2339 52 39 in
1527 2338 93 40 the
1668 2338 214 39 theatre
1929 2337 209 53 to-day,
2186 2339 169 41 starts
2404 2339 56 41 at

201 2433 113 42 this
348 2433 157 50 point
538 2433 54 39 to
629 2431 146 41 buiid
813 2431 79 40 his
925 2429 194 51 theory
1151 2425 86 44 for
1267 2427 96 40 the
1396 2425 229 41 Theatre
1660 2423 54 42 of
1744 2425 93 41 the
1886 2425 221 42 Future.
2156 2425 105 42 The
2312 2428 151 41 utter

201 2521 297 52 simplicity
531 2517 56 44 of
620 2519 83 42 his
736 2518 119 41 idea
889 2517 46 42 is
968 2514 361 51 astonishing,
1362 2525 30 30 a
1424 2512 110 43 fact
1566 2513 173 41 which
1773 2513 126 42 does
1935 2516 95 38 not
2062 2514 198 41 render
2293 2514 43 41 it
2360 2526 103 40 any

200 2612 96 41 the
331 2611 106 42 less
473 2607 240 45 difficult
746 2610 57 40 to
837 2606 215 52 explain
1086 2606 57 40 to
1178 2605 92 41 the
1307 2613 123 32 man
1465 2602 119 42 who
1616 2601 159 43 waits
1806 2601 87 42 for
1924 2613 68 31 an
2018 2601 348 53 explanation
2393 2613 67 32 on

205 2710 105 32 one
344 2697 138 45 foot.

699 2814 223 46 Drama
971 2809 161 47 must
1161 2809 246 46 become
1443 2805 293 47 dramatic
1769 2804 183 58 again

573 2921 21 11 4P»

201 2964 173 69 Tphis
408 2967 46 43 is
488 2968 94 42 the
616 2964 144 44 chief
793 2964 211 42 burden
1039 2958 55 44 of
1126 2960 83 42 Mr
1241 2954 205 54 Craig's
1479 2965 273 41 message;
1787 2954 103 40 and
1924 2953 66 41 he
2026 2951 151 45 looks
2211 2963 143 42 upon
2379 2953 84 41 his

287 3055 186 43 school
508 3057 60 40 at
600 3054 256 43 Florence
891 3063 58 31 as
979 3052 96 40 the
1106 3049 206 43 veriest
1335 3044 296 53 beginning
1664 3040 55 45 of
1750 3054 30 29 a
1811 3043 266 40 dramatic
2098 3043 365 43 renaissance.

295 3144 128 43 This
457 3143 414 51 revolutionary
904 3142 96 40 has
1033 3139 86 42 set
1151 3133 217 47 himself
1401 3134 92 42 the
1527 3130 123 45 task
1683 3129 54 44 of
1770 3129 407 53 disentangling
2209 3130 94 42 the
2337 3131 93 42 dra-

199 3233 167 43 matic
399 3234 89 42 art
520 3230 142 45 from
695 3233 97 41 the
826 3229 160 43 other
1018 3228 117 42 arts
1168 3225 132 44 with
1324 3223 175 43 which
1526 3223 44 40 it
1593 3222 94 40 has
1713 3222 213 40 become
1946 3218 250 44 Involved
2222 3219 239 52 through

196 3338 46 41 (1)
266 3336 81 34 This
370 3335 123 35 article
517 3335 83 34 first
620 3332 172 43 appeared
818 3332 36 33 in
926 3331 127 40 Poetry
1075 3328 66 33 and
1172 3327 125 33 Drama
1396 3323 196 42 September
1625 3322 80 34 1913.
1740 3322 45 33 As
1823 3322 28 33 it
1881 3321 144 38 seemed,
2062 3321 169 39 however,
2269 3322 34 32 to
2335 3321 85 33 have
2443 3330 19 24 a

201 3427 129 42 special
356 3425 233 40 relationship
613 3424 84 34 with
779 3421 67 34 The
881 3418 103 36 Mask
1065 3418 28 33 it
1125 3417 30 33 is
1192 3415 173 42 reprinted
1401 3415 82 33 here
1518 3412 145 41 through
1702 3412 56 33 the
1794 3411 162 33 kindness
1994 3410 34 33 of
2063 3410 55 34 Mr
2142 3410 150 34 Cournos
2313 3410 68 33 and
2407 3410 55 33 the

201 3517 168 38 courtesy
392 3515 34 34 of
449 3515 58 33 the
533 3514 117 34 Editor
674 3512 35 33 of
779 3511 125 40 Poetry
928 3507 67 36 and
1022 3507 123 35 Dratra
1249 3505 34 35 J.
1311 3504 36 33 S.
