2725 4094
636 1041 765 81 FOREIGN
1510 1046 589 74 NOTES.

529 1236 485 54 ZURICH.

223 1328 120 49 The
372 1326 260 48 Theatre
668 1327 390 48 Exhibition.

466 1425 46 42 is
536 1435 30 30 a
584 1425 154 42 town
763 1424 183 44 which
974 1426 380 43 understands

296 1516 96 43 the
447 1516 387 52 organization
887 1515 55 44 of
990 1517 362 44 exhibitions.

207 1609 47 43 It
271 1618 281 44 possesses
576 1618 32 33 a
633 1605 366 56 magnificent
1020 1611 334 49 permanent

208 1700 292 45 collection
567 1699 56 43 of
677 1699 89 43 old
832 1702 167 42 Swiss
1064 1703 119 41 arts
1243 1703 108 41 and

209 1789 205 46 crafts:
448 1792 46 43 it
529 1793 98 42 has
663 1803 124 32 now
821 1792 177 42 added
1033 1793 60 42 to
1130 1792 74 43 its
1229 1803 94 41 pre-

485 1846 21 18 v
804 1842 2 22 •
1012 1842 3 22 '

208 1886 143 52 stige
387 1883 137 43 with
561 1896 31 30 a
627 1883 174 55 finely
835 1886 277 51 arranged
1140 1885 184 41 exhibi-

207 1977 120 43 tion
349 1975 55 44 of
416 1975 242 44 Theatre
679 1975 234 53 models,
931 1986 161 33 scene
1112 1976 107 42 and
1242 1986 86 32 cos-

209 2070 155 41 tume
388 2067 225 55 designs
628 2069 107 42 and
755 2066 402 45 architectural
1176 2066 179 53 plans.

339 2160 129 43 This
533 2161 310 42 exhibition
900 2160 47 42 is
1002 2159 354 44 remarkable

212 2254 100 42 not
345 2250 212 55 merely
602 2250 89 45 for
740 2253 97 42 the
893 2249 185 44 actual
1115 2252 242 41 exhibits

212 2346 245 53 brought
489 2344 266 54 together
790 2346 103 41 but
926 2343 87 44 for
1050 2346 98 40 the
1183 2343 140 43 admi-

211 2436 154 44 rable
391 2447 235 33 manner
645 2437 56 42 in
721 2437 178 42 which
923 2436 46 43 it
993 2437 43 41 is
1061 2436 299 50 arranged.

315 2530 45 40 It
392 2530 45 42 is
473 2527 72 43 all
580 2528 142 42 done
757 2527 138 43 with
937 2539 29 30 a
992 2537 125 32 care
1141 2527 107 42 and
1276 2528 58 41 at-

213 2621 224 43 tention
471 2624 60 40 to
565 2620 170 43 detail
772 2620 180 43 which
1008 2619 184 43 would
1230 2620 65 42 be
1331 2631 31 31 a

216 2713 309 44 revelation
561 2715 61 41 to
673 2714 96 42 the
821 2714 324 52 organizers
1181 2710 56 44 of
1271 2724 61 30 ex-

217 2805 270 43 hibitions
522 2804 54 43 of
600 2804 187 43 works
811 2803 56 44 of
890 2807 90 40 art
1006 2805 54 41 in
1088 2801 273 55 England.

218 2893 173 46 These
425 2895 194 54 people
656 2895 344 44 understand
1037 2894 101 43 the
1163 2895 169 51 impor-

217 2988 162 41 tance
414 2986 57 44 of
514 2988 97 42 the
661 2988 404 52 arrangement
1113 2984 56 46 of
1218 2987 144 53 light

219 3080 107 41 and
360 3077 56 44 of
448 3080 99 41 the
583 3078 198 54 height
815 3088 64 32 or
912 3078 113 45 size
1075 3076 56 45 of
1176 3088 185 35 rooms

219 3168 56 44 in
312 3170 239 44 relation
588 3172 57 41 to
679 3171 99 42 the
814 3170 242 43 exhibits
1082 3171 278 52 arranged

222 3260 55 41 in
311 3261 188 54 them;
533 3261 135 54 they
703 3261 350 42 understand
1103 3261 99 42 the
1260 3261 68 42 im-

221 3350 264 50 portance
519 3350 55 43 of
609 3350 226 53 making
867 3351 334 52 everything
1235 3350 129 45 look

222 3435 140 47 nice
383 3454 18 28 :
433 3442 105 40 and
571 3440 286 45 therefore
882 3443 122 43 into
1028 3443 150 42 their
1204 3445 160 50 great

226 3529 138 43 hails
398 3532 134 52 thej'
567 3532 172 53 build,
776 3534 138 42 with
948 3532 286 45 swiftness
1258 3536 107 40 and

226 3619 146 54 skill,
405 3633 30 31 a
473 3623 271 52 complete
778 3628 87 40 set
900 3624 56 44 of
999 3626 148 43 little
1185 3637 182 33 rooms

1399 1244 403 51 proportioned
1858 1248 61 42 to
1975 1252 147 41 meet
2176 1252 218 56 exactly
2447 1256 104 42 the

1402 1335 414 52 requirements
1870 1337 56 45 of
1980 1340 97 43 the
2127 1341 184 44 works
2363 1345 61 40 to
2480 1347 66 41 be

1401 1426 215 46 shown.

1524 1520 111 43 The
1690 1533 187 33 rooms
1926 1535 96 32 are
2076 1528 358 44 constructed
2491 1530 59 43 of

1402 1613 179 52 rough
1648 1615 231 43 wooden
1950 1615 209 46 frames
2229 1631 68 31 on
2364 1622 183 43 which

1403 1704 362 45 nettle-cloth
1802 1707 47 43 Is
1883 1708 309 55 stretched,
2226 1713 107 41 and
2391 1713 160 43 these

1401 1796 325 53 partitions,
1760 1797 168 53 being
1959 1799 217 44 carried
2230 1812 72 42 up
2357 1803 60 41 to
2453 1805 96 41 the

1403 1885 217 44 desired
1658 1887 215 53 height,
1922 1901 96 31 are
2067 1891 182 43 closed
2300 1892 58 42 In
2409 1893 143 44 with

1404 1976 149 43 linen
1620 1977 252 56 ceilings.
1926 1982 281 42 Windows
2272 1982 115 45 also
2452 1995 94 32 are

1404 2069 238 42 reduced
1677 2070 61 42 to
1774 2070 98 42 the
1906 2071 263 54 required
2206 2072 350 46 dimensions

1408 2159 67 51 by
1498 2158 140 43 false
1677 2159 206 46 frames
1906 2161 152 44 filled
2086 2163 55 42 in
2168 2164 135 41 with
2331 2164 223 51 pleated

1408 2249 227 55 niuslin,
1670 2262 61 33 so
1766 2253 127 42 that
1928 2263 104 34 one
2066 2255 117 42 sets
2222 2255 61 42 to
2306 2254 157 45 work
2488 2258 58 41 to

1409 2353 239 42 arrange
1674 2346 96 41 the
1794 2344 242 45 exhibits
2061 2347 55 42 in
2141 2349 415 54 surroundings

1409 2434 263 55 specially
1705 2437 106 41 and
1849 2437 311 56 admirably
2198 2441 293 51 prepared.

1409 2535 66 35 &
1525 2526 128 44 This
1704 2528 268 54 principle
2024 2532 97 41 has
2170 2531 390 46 considerable

1411 2620 265 53 practical
1713 2631 58 32 as
1806 2620 127 44 well
1968 2633 59 31 as
2082 2621 241 43 esthetic
2371 2624 189 53 value,,

1412 2714 152 40 since
1601 2713 45 40 it
1682 2711 282 55 naturally
2000 2711 187 43 makes
2220 2713 47 41 it
2310 2715 242 51 possible

1412 2805 58 40 to
1539 2801 189 44 utilise
1782 2800 87 46 for
1921 2803 306 42 exhibition
2281 2815 279 41 purposes,

1413 2894 139 55 lofty
1573 2897 177 51 gaunt
1770 2893 140 44 halls
1934 2895 104 41 and
2062 2894 281 52 buildings
2366 2895 183 44 which

1413 2986 179 43 would
1630 2987 298 42 otherwise
1955 2987 64 41 be
2044 2984 154 54 quite
2234 2987 320 51 impossible

1412 3078 88 43 for
1533 3080 134 41 such
1704 3090 31 30 a
1769 3088 258 42 purpose,
2053 3088 60 31 as
2147 3077 126 42 well
2300 3088 78 42 as,
2413 3088 59 32 as
2508 3081 51 40 is

1413 3171 97 41 the
1543 3180 124 32 case
1703 3170 152 47 here,
1891 3167 254 54 building
2179 3180 29 30 a
2245 3167 211 55 gallery
2500 3167 63 45 of

1417 3271 164 44 many
1625 3259 159 43 small
1834 3270 182 32 rooms
2066 3260 197 42 within
2315 3260 241 42 another

1416 3351 209 54 gallery
1660 3351 161 42 when
1856 3351 97 44 the
1989 3350 223 53 regular
2250 3362 186 31 rooms
2461 3362 98 31 are

1417 3443 171 44 found
1624 3443 58 42 to
1718 3444 66 39 be
1818 3444 94 41 too
1967 3442 151 54 large
2174 3453 62 32 or
2287 3442 130 52 high
2467 3440 89 43 for

1416 3537 99 42 the
1550 3534 324 45 collections
1907 3537 61 40 to
2004 3537 65 40 be

1420 3637 64 36 &
1525 3627 121 43 And
1700 3628 144 43 then
1895 3637 166 42 every
2117 3624 173 45 detail
2345 3622 59 44 o§
2455 3624 79 42 the-
