2725 4094
753 350 334 61 GORDON
1120 341 236 59 CRAIG
1390 335 170 51 AND
1595 329 125 48 NIS
1756 320 331 52 SCHOOL.

261 390 91 40 314

261 494 99 41 the
396 479 300 50 centuries,
729 471 106 46 and
871 463 56 46 of
960 466 73 41 Its
1066 453 343 51 restoration
1442 448 61 41 to
1536 443 99 43 the
1671 435 190 56 purity
1894 430 56 44 of
1986 430 71 44 its
2095 429 188 42 native
2336 441 229 50 essence,

266 578 178 45 which
480 573 48 43 Is
558 560 338 53 Movement.
932 555 76 43 He
1041 560 122 35 sees
1196 545 96 43 the
1346 537 228 46 modern
1625 527 226 46 theatre
1902 532 61 33 as
2016 529 31 33 a
2100 517 219 53 tawdry
2367 529 198 41 woman

264 667 274 48 strutting
571 659 97 43 the
703 649 219 51 boards,
957 629 478 63 over-apparelled
1470 621 140 48 with
1635 616 290 58 garments
1948 608 297 56 presented
2273 608 66 51 by
2362 613 205 46 various

264 758 289 48 admirers,
584 748 122 43 who
741 740 211 46 admire
985 735 102 43 her
1117 728 92 45 for
1239 725 152 43 their
1427 728 122 35 own
1587 710 163 58 good.
1785 707 76 43 He
1897 702 203 43 wishes
2151 700 58 40 to
2260 707 188 36 rescue
2479 702 88 46 her

261 852 142 43 from
439 844 96 44 the
571 837 175 46 hands
779 829 56 46 of
868 829 94 43 the
998 824 233 48 literary
1257 824 150 41 man,
1427 809 142 46 from
1607 804 97 43 the
1729 796 178 46 hands
1932 791 56 46 of
2011 794 94 40 the
2133 789 186 43 studio
2347 791 220 58 painter,

264 938 142 46 from
442 936 96 40 the
571 923 178 48 hands
782 918 53 46 of
871 918 94 43 the
1000 910 165 49 social
1201 908 107 43 and
1346 895 246 61 political
1648 890 300 46 reformer,
1999 880 129 51 and,
2176 877 214 56 finally,
2438 880 127 51 from

268 1031 95 43 the
398 1022 174 46 hands
607 1015 54 45 of
694 1015 94 43 the
825 999 349 54 commercial
1212 1002 282 44 manager.

372 1119 82 43 Mr
478 1111 162 51 Craig
664 1116 119 33 sees
807 1102 99 42 the
932 1096 137 43 need
1090 1091 55 44 of
1169 1087 285 48 restoring
1478 1081 98 42 the
1602 1074 229 46 theatre
1851 1072 59 40 to
1938 1069 71 41 its
2046 1060 237 56 rightful
2321 1062 246 55 heritage.

270 1213 109 42 The
412 1201 256 49 function
703 1195 55 43 of
792 1194 94 42 the
923 1187 241 46 theatre,
1200 1192 57 31 as
1295 1178 66 41 he
1397 1164 405 59 comprehends
1836 1163 66 47 it,
1938 1161 45 40 is
2020 1157 99 42 not
2143 1154 57 41 to
2225 1156 219 49 present
2485 1157 81 43 the

274 1291 315 60 superficial
623 1284 340 49 semblances
999 1275 55 44 of
1088 1272 114 50 life,
1238 1270 100 43 but
1372 1267 96 42 the
1503 1258 121 47 soul
1663 1256 55 44 of
1753 1253 131 50 life;
1936 1251 99 42 not
2089 1242 354 56 Naturalism,
2485 1248 86 43 but

275 1385 357 52 suggestion;
676 1378 98 43 not
809 1364 471 61 representation,
1333 1357 100 44 but
1487 1346 480 57 interpretation;
2020 1340 99 42 not
2170 1335 267 53 dialogue,
2487 1340 87 42 but

278 1481 185 44 action
491 1488 13 38 ;
551 1473 99 43 not
682 1476 248 42 scenery,
966 1460 102 44 but
1101 1451 351 54 atmosphere
1474 1463 14 34 ;
1526 1445 99 42 not
1661 1441 171 46 ideas,
1868 1435 103 42 but
2002 1429 235 45 visions.

375 1570 77 43 Th
458 1577 91 33 ere
584 1563 99 42 has
717 1561 140 40 been
891 1557 94 39 too
1023 1548 161 44 much
1220 1535 484 63 pamphleteering
1739 1530 56 42 in
1851 1528 98 40 the
2001 1521 245 50 theatre,
2294 1520 91 41 too
2433 1521 140 42 much

349 1657 284 56 pottering
666 1651 106 43 and
807 1645 263 57 peddling
1104 1638 55 45 of
1192 1631 353 59 psychology.

378 1751 50 41 lt
461 1747 47 44 is
542 1758 29 30 a
608 1738 382 51 commentary
1026 1740 146 43 upon
1207 1727 101 43 the
1342 1723 168 43 times
1565 1717 126 43 that
1748 1711 228 47 London
2034 1702 201 47 should
2268 1698 145 46 flock
2456 1702 53 42 to
2551 1714 24 31 a

280 1845 125 52 play
436 1836 179 46 which
650 1832 105 42 had
792 1832 137 40 been
967 1821 230 46 decreed
1237 1821 68 51 by
1338 1816 95 43 the
1469 1808 274 47 dramatic
1778 1803 209 46 critics,
2023 1796 214 52 though
2289 1793 98 42 not
2433 1792 49 43 in
2527 1805 47 31 so

283 1943 164 42 many
480 1925 200 48 words,
715 1934 58 31 as
806 1920 97 42 the
928 1915 231 43 finest...
1178 1911 126 42 that
1328 1907 67 50 is,
1417 1905 99 43 the
1541 1901 146 43 most
1709 1895 311 45 realistic...
2047 1886 269 44 domestic
2341 1883 233 54 squabble

287 2032 130 34 ever
449 2019 102 53 put
585 2027 70 32 on
689 2013 98 43 the
810 2012 176 48 stage.
1016 2006 71 41 Its
1111 2001 195 51 saving
1328 1996 225 43 feature
1577 2005 38 31 M
1633 2003 58 30 as
1715 2001 32 31 a
1840 1981 253 57 problem
2175 1991 14 40 ;
2225 1977 120 49 but,
2366 1986 53 32 as
2435 1973 75 44 far
2532 1987 44 31 as

288 2125 123 43 may
433 2113 64 42 be
520 2104 285 60 gathered,
831 2103 93 42 the
950 2097 129 49 only
1103 2095 161 50 thing
1290 2089 72 44 all
1389 2098 150 33 were
1563 2083 203 54 agreed
1795 2088 148 43 upon
1968 2085 114 32 was
2106 2072 129 42 that
2260 2079 163 33 never
2446 2069 87 39 had
2555 2079 23 30 a

287 2215 134 43 poor
453 2202 215 51 factory
702 2193 104 56 girl
843 2193 108 42 lost
986 2191 101 40 her
1118 2187 188 42 virtue
1343 2180 179 44 under
1563 2186 155 33 more
1753 2169 319 53 auspicious
2106 2161 434 46 circumstances.

386 2293 128 44 This
548 2285 337 48 Naturalism
920 2280 159 43 holds
1116 2287 71 42 up
1224 2273 245 53 ugliness
1504 2280 61 31 as
1600 2267 95 42 the
1750 2273 138 42 very
1940 2258 401 55 quintessence
2395 2248 51 45 of
2475 2249 101 52 life;

292 2386 106 43 and
435 2384 130 42 does
599 2381 44 41 it
679 2387 70 33 on
782 2375 99 42 the
915 2371 121 53 plea
1069 2368 128 44 that
1231 2366 46 42 it
1311 2363 183 42 wants
1527 2361 61 42 to
1624 2358 251 50 improve
1912 2349 120 45 life.
2084 2349 85 42 Mr
2223 2344 160 52 Craig
2415 2340 166 55 replies

293 2476 128 44 that
453 2474 95 42 the
584 2465 338 48 Naturalists
956 2464 137 40 have
1127 2459 99 41 the
1262 2453 184 46 subtle
1482 2451 160 43 truth
1677 2448 61 44 to
1774 2446 178 49 learn,
1986 2442 129 42 that
2266 2429 315 51 exhibition

295 2563 75 49 of
397 2560 278 62 ugliness
711 2556 146 46 does
891 2551 111 49 not
1036 2551 283 57 improve
1356 2541 135 53 life,
1525 2539 112 48 but
1668 2536 205 48 reacts
1908 2545 80 35 on
2026 2531 68 46 it.

299 2667 63 35 jgp
399 2655 229 52 Beauty,
663 2661 69 32 on
767 2648 97 42 the
899 2645 164 43 other
1096 2640 166 50 hand,
1298 2640 193 49 begets
1528 2634 224 51 beauty,

301 2756 63 37 &
457 2744 109 44 The
603 2741 134 53 duty
772 2737 54 43 of
859 2738 96 41 the
989 2733 259 47 Theatre,
1341 2725 263 46 exclaims
1639 2724 84 42 Mr
1757 2719 181 53 Craig,
1973 2718 56 42 in
2067 2725 106 33 one
2223 2710 55 44 of
2329 2710 80 42 his
2442 2704 115 45 mani-

299 2836 230 51 festoes,
624 2833 45 42 is
702 2833 58 41 to
796 2826 228 45 awaken
1060 2833 152 33 more
1248 2819 273 45 calmness
1555 2814 108 43 and
1701 2822 153 33 more
1888 2809 234 43 wisdom
2156 2807 71 53 by
2251 2803 94 43 the
2388 2796 176 52 inspira-

301 2928 120 44 tion
458 2922 258 53 exhaling
748 2920 142 44 from
927 2918 73 42 its
1033 2915 225 53 beauty.
1296 2904 414 56 Photographic
1745 2903 106 43 and
1906 2895 429 56 Phonographic
2388 2887 200 53 Realism

303 3019 183 52 injure
516 3015 98 42 the
649 3011 180 43 minds
864 3006 55 46 of
952 3007 97 42 the
1085 3002 212 55 people.
1331 3001 149 52 They
1515 2997 194 43 thrust
1745 3003 147 45 upon
1926 2992 156 43 them
2122 3001 30 30 a
2186 2987 293 55 grotesque
2505 2975 84 45 and

304 3106 320 45 inaccurate
659 3097 449 56 representation
1145 3094 55 45 of
1233 3094 95 43 the
1364 3090 254 45 outward
1653 3087 105 45 and
1797 3082 196 46 visible
2019 3080 114 52 life,
2159 3078 137 45 with
2319 3077 96 42 the
2438 3069 154 46 divine

306 3209 283 38 essence,.,
623 3196 98 41 the
755 3193 222 52 spirit...
1009 3189 99 43 the
1145 3188 206 52 beauty
1384 3181 56 46 of
1471 3181 97 46 life
1602 3180 104 44 left
1741 3181 115 42 out.

408 3288 173 54 Again
617 3287 68 42 he
720 3294 120 35 sees
875 3284 54 41 in
966 3285 33 22 44
1018 3280 116 43 this
1169 3274 509 52 false-witnessing
2047 3279 30 30 a
2174 3264 206 43 traitor
2427 3254 50 45 of
2523 3250 74 43 the

311 3378 368 55 Imagination
792 3374 127 43 that
952 3368 371 55 Imagination
1361 3367 180 42 which
1568 3365 192 47 Renan
1785 3359 174 56 justly
1982 3353 359 59 pronounced
2367 3353 56 39 to
2447 3349 60 40 be
2526 3340 73 43 the

373 3471 159 51 great
567 3466 252 44 consoler
853 3462 55 46 of
942 3461 93 44 life
1172 3459 112 44 The
1320 3458 148 43 most
1501 3457 257 52 precious
1793 3452 56 44 of
1893 3449 154 56 gifts,
2101 3449 188 43 whose
2339 3436 263 50 sufferings

315 3574 93 30 are
444 3557 326 52 delectable,
805 3556 179 43 which
1018 3553 48 43 Is
1101 3553 96 42 the
1230 3550 334 44 foundation
1596 3546 56 44 of
1685 3547 96 43 the
1818 3543 173 46 soul's
2018 3541 213 50 health,
2254 3538 95 43 the
2374 3515 227 62 essential
