2725 4094
514 370 249 52 CARLO
798 372 234 49 GOZZI
1060 376 165 49 AND
1261 379 148 47 THE
1864 384 292 53 DRAMA.

2372 389 101 52 289

204 475 163 50 phase
402 475 52 42 of
486 477 93 40 the
614 477 254 55 Theatre,
901 484 105 41 and
1042 496 29 30 a
1105 484 112 44 fine
1267 488 166 51 phase
1481 491 114 42 too.
1646 492 45 40 It
1741 491 103 43 had
1895 492 413 53 independence
2365 496 103 39 and

203 564 395 52 Imagination;
645 568 44 41 it
738 581 108 31 was
882 574 98 40 not
1014 575 333 45 hidebound
1404 581 67 52 by
1518 581 94 42 the
1665 582 267 43 tradition
1992 582 55 43 of
2098 584 94 42 the
2247 583 220 52 printed

205 652 169 53 book;
408 655 44 40 it
485 654 190 53 played
715 658 76 41 off
824 659 72 44 its
931 673 118 31 own
1087 666 126 49 bat;
1249 668 43 40 it
1326 668 167 51 spoke
1527 671 134 41 witli
1697 670 72 43 its
1805 683 119 30 own
1962 672 171 44 voice.
2180 675 45 40 It
2260 674 207 42 needed

204 755 66 30 no
305 755 101 30 one
441 745 103 40 and
583 746 232 54 nothing
849 750 98 42 but
983 753 69 40 its
1086 765 119 31 own
1242 767 126 31 sons
1402 759 57 41 to
1494 762 84 38 set
1611 761 44 39 it
1687 761 182 52 going.
1906 763 127 42 Give
2078 764 157 42 those
2259 776 29 30 a
2312 765 154 52 stage

200 845 52 28 OA
290 835 127 40 bate
456 835 221 43 trestles
712 849 61 30 or
810 851 30 29 a
875 852 195 30 corner
1103 842 54 43 of
1179 856 29 29 a
1232 844 147 51 field,
1411 847 120 51 give
1557 849 146 42 them
1731 862 29 29 a
1785 851 94 41 hat
1903 854 103 39 and
2034 853 431 52 goose-feather,

200 934 28 30 a
266 922 241 45 burdock
541 924 125 54 leaf,
701 938 67 31 an
805 927 85 43 old
932 929 171 54 cloak,
1137 945 29 29 a
1200 933 258 53 drinking
1507 948 120 41 cup,
1675 950 28 29 a
1754 938 227 44 handful
2034 941 54 42 of
2136 943 261 51 cherries,
2433 957 30 30 a

200 1011 146 52 plate
381 1012 53 43 of
468 1015 422 53 inaccheroni,...
925 1019 277 44 whatever
1247 1021 84 54 lay
1378 1026 238 42 readiest
1663 1028 57 40 to
1772 1028 161 51 hand,
1981 1032 103 40 and
2120 1032 129 48 they
2282 1033 177 42 would

199 1113 184 31 weave
419 1116 29 29 a
483 1115 159 31 scene
678 1108 103 40 and
818 1119 180 31 create
1033 1122 30 29 a
1098 1111 168 42 world
1301 1112 52 42 of
1390 1116 143 40 their
1566 1127 137 42 own,
1738 1129 29 30 a
1802 1118 168 42 world
2026 1119 54 42 of
2129 1123 222 51 comedy
2398 1135 62 29 or

201 1193 227 53 tragedy
463 1205 56 31 as
553 1194 94 42 the
682 1207 120 31 case
837 1197 176 52 might
1046 1200 86 51 be,
1165 1203 103 39 and
1305 1214 103 41 any
1442 1206 284 52 passer-by
1759 1218 109 30 was
1900 1206 117 44 free
2051 1211 56 40 to
2141 1213 159 40 enter
2352 1214 104 40 and

199 1282 170 49 spend
403 1293 68 30 an
506 1284 141 41 hour
680 1285 238 44 therein.

296 1369 62 43 0*
392 1383 191 31 course
618 1374 44 40 it
696 1385 119 43 may
851 1377 62 41 be
948 1379 202 50 argued
1186 1380 122 41 that
1343 1381 91 40 the
1470 1381 260 53 handling
1769 1382 53 43 of
1854 1385 110 42 this
2001 1388 248 42 material
2285 1387 54 43 of
2364 1389 92 41 the

198 1459 306 43 Comniedia
539 1462 262 43 dalTArte
843 1466 66 50 by
948 1467 157 44 Gozzi
1131 1479 109 31 was
1264 1469 53 40 in
1344 1469 150 43 itself
1515 1471 94 41 the
1636 1471 367 46 Interference
2030 1476 52 42 of
2108 1478 93 41 the
2228 1478 227 54 literary

199 1559 121 29 man
344 1561 13 36 ;
395 1550 95 39 but
524 1550 45 40 it
605 1554 146 38 must
775 1553 63 41 be
865 1555 331 42 understood
1235 1557 120 41 that
1388 1559 44 39 it
1466 1559 44 41 is
1546 1569 67 32 no
1647 1571 147 32 mere
1820 1561 226 47 literarv
2072 1567 186 41 drama
2280 1568 175 42 which

196 1634 67 40 he
296 1635 149 49 gives
482 1648 79 30 us.
598 1639 72 40 He
706 1650 108 31 was
848 1641 56 41 at
936 1651 102 32 one
1073 1644 131 40 with
1242 1644 80 42 his
1361 1648 198 47 actors,
1610 1646 140 43 lived
1797 1648 52 43 in
1886 1650 165 42 touch
2100 1654 130 42 with
2284 1655 171 51 them,

194 1721 218 43 worked
448 1724 55 42 in
539 1729 224 39 concert
795 1730 132 41 with
962 1731 149 42 them
1132 1741 14 40 ;
1179 1734 105 41 and
1319 1735 45 41 it
1397 1734 44 42 Is
1484 1736 113 51 just
1654 1739 229 42 because
1934 1740 66 42 he
2051 1741 218 44 worked
2320 1747 132 40 with

193 1810 150 43 them
379 1813 125 42 that
537 1815 85 42 his
654 1815 180 43 works
868 1829 94 32 are
995 1830 60 31 so
1088 1822 136 49 good
1258 1833 59 32 as
1351 1823 149 53 plays
1533 1823 85 43 for
1649 1827 94 40 the
1778 1828 236 49 theatre,
2034 1832 104 39 and
2175 1830 106 45 less
2316 1834 135 50 good

193 1902 56 39 to
285 1902 148 41 read.
467 1902 146 53 They
646 1904 98 41 call
778 1904 88 43 for
896 1908 96 41 the
1026 1910 181 41 actors
1232 1913 104 39 and
1364 1913 91 41 the
1479 1924 226 44 scenery
1729 1917 102 39 and
1858 1915 167 53 lights
2048 1921 103 39 and
2179 1922 273 42 costumes

189 1989 104 41 and
329 1988 71 43 all
437 1992 90 40 the
564 1993 312 53 machinery
903 1997 102 39 and
1042 1997 348 52 atmosphere
1426 1998 53 43 of
1511 2001 95 41 the
1640 2002 219 43 theatre
1893 2006 56 40 to
1985 2006 269 52 complete
2279 2009 170 50 them,

189 2079 103 40 and
329 2078 53 41 in
410 2077 129 57 fact.
642 2083 96 39 not
771 2095 57 29 as
861 2081 235 45 finished
1131 2086 309 54 literature,
1474 2089 98 42 but
1604 2101 56 32 as
1694 2092 95 41 the
1822 2103 109 32 raw
1969 2096 248 42 material
2251 2097 54 43 of
2328 2100 123 42 dra*

188 2168 166 42 matic
387 2172 397 51 presentation,
818 2183 92 32 are
946 2175 128 53 they
1107 2176 297 43 admirable
1524 2180 68 52 (i)

203 2265 65 34 &
288 2257 235 50 Besides,
557 2258 160 44 while
751 2260 46 42 it
830 2261 45 43 Is
923 2262 126 42 true
1098 2265 126 40 that
1276 2266 156 44 Gozzi
1483 2279 132 39 gave
1666 2270 91 43 the
1809 2274 181 42 actors
2041 2276 181 51 much,
2255 2289 192 41 ...gave

186 2346 150 41 them
374 2357 149 32 more
556 2349 133 41 than
727 2350 79 42 iiis
842 2352 395 52 predecessors,
1268 2354 77 53 (2)
1380 2356 62 41 he
1478 2357 85 41 did
1604 2361 94 38 not
1729 2360 122 51 give
1889 2363 150 41 them
2090 2364 90 43 all.
2231 2366 76 42 He
2357 2369 86 39 did

189 2436 98 40 not
321 2436 124 41 bind
482 2436 148 43 their
664 2437 171 44 hands
871 2441 103 41 and
1011 2441 77 42 tie
1122 2443 149 41 their
1301 2445 237 51 tongues
1569 2449 103 39 and
1712 2448 123 42 hold
1870 2451 148 42 their
2054 2464 155 31 noses
2242 2457 59 39 to
2349 2457 97 41 the

186 2524 310 43 whetstone
530 2524 55 43 of
619 2528 80 40 his
734 2538 118 32 own
890 2529 113 43 wit.
1038 2531 74 40 He
1148 2529 99 43 left
1280 2533 148 40 them
1484 2535 148 41 their
1680 2538 423 53 independence,
2138 2544 103 41 and
2286 2556 158 39 scope

184 2610 86 45 for
302 2611 70 44 all
409 2614 148 42 their
590 2627 120 30 own
746 2627 243 39 powers;
1042 2619 103 41 and
1193 2619 96 42 the
1337 2623 156 49 great
1540 2624 272 55 Company
1860 2628 174 43 which
2089 2632 202 51 caught
2339 2634 104 41 and

181 2703 306 53 completed
524 2707 83 40 his
641 2707 326 52 inspiration
1019 2721 110 30 was
1177 2711 94 40 the
1315 2709 108 43 last
1473 2717 279 46 possessed
1793 2714 53 43 of
1893 2719 131 41 such
2076 2731 211 39 powers
2335 2724 106 41 and

180 2793 427 53 independence,
640 2796 98 42 the
773 2794 104 44 last
910 2794 55 45 of
998 2798 91 41 the
1125 2799 157 50 great
1306 2802 309 49 companies
1639 2801 54 44 of
1715 2804 93 41 the
1830 2806 308 43 Comniedia
2162 2810 280 52 deH'Arte,

181 2883 104 42 and
321 2886 159 40 when
515 2886 45 39 it
595 2886 292 42 disbanded
924 2887 102 41 and
1065 2887 90 42 the
1191 2888 215 42 curtain
1455 2887 91 44 fell
1599 2902 141 41 upon
1790 2892 73 43 its
1911 2893 107 45 last
2068 2897 373 50 performance

179 2975 96 40 the
311 2975 157 43 Gozzi
503 2975 149 52 plays
687 2973 165 44 found
890 2975 192 44 favour
1117 2987 68 32 no
1219 2976 225 53 longer:
1479 2980 92 42 the
1607 2981 308 43 Comniedia
1949 2985 151 42 itself
2133 2999 109 30 was
2286 2990 152 44 dead.

276 3064 47 39 It
359 3064 94 40 has
490 3065 132 40 been
657 3065 116 40 said
807 3065 125 42 that
965 3065 94 42 the
1094 3066 247 42 material
1376 3067 55 41 in
1466 3069 176 42 which
1679 3070 156 46 Gozzi
1872 3072 214 44 worked
2109 3088 109 30 was
2242 3079 200 54 wholly

177 3150 267 43 different
476 3151 138 43 from
649 3154 128 42 that
807 3154 238 43 selected
1083 3156 65 51 by
1182 3156 249 51 Goldoni,
1456 3160 103 39 and
1595 3170 58 31 so
1689 3163 91 39 too
1816 3163 53 40 in
1906 3161 93 44 life
2024 3165 102 42 and
2154 3166 287 45 character

176 3252 112 29 was
344 3241 63 41 he
464 3241 207 54 utterly
725 3241 261 45 different
1037 3243 139 44 from
1233 3245 93 42 the
1379 3248 315 51 successful,
1748 3250 322 52 benignant,
2124 3258 313 49 contented,

177 3329 201 42 middle
412 3329 139 43 class
585 3330 202 54 lawyer
819 3333 120 42 who
974 3344 110 32 was
1116 3335 131 42 such
1282 3347 28 29 a
1346 3337 162 42 thorn
1544 3337 56 42 in
1637 3338 82 43 his
1751 3337 159 47 flesh.
1945 3342 76 42 He
2054 3354 129 40 was,
2218 3347 55 40 in
2306 3346 129 51 fact,

178 3431 41 43 (1)
249 3434 32 32 J.
308 3432 39 33 A.
372 3433 183 40 Symonds.
581 3436 23 16 41
625 3435 163 33 Memoirs
812 3436 33 33 of
871 3435 102 34 Carlo
997 3436 94 34 Gozzi
1175 3438 74 34 Vol.
1278 3438 24 33 I.
1331 3448 40 31 pg
1397 3439 64 34 159.

176 3508 48 45 (2)
250 3510 45 34 As
318 3518 44 24 an
388 3511 155 40 example
566 3510 34 33 of
623 3511 76 34 how
724 3511 90 34 little
838 3511 91 35 often
953 3512 143 35 sufficed
1122 3522 54 25 see
1200 3522 92 25 some
1315 3516 33 31 of
1373 3516 53 33 the
1449 3517 174 34 scenarios
1649 3519 204 40 reproduced
1879 3522 33 34 In
1940 3522 66 34 The
2030 3522 119 35 Mask.
