2725 4094
869 367 145 49 THE
1015 372 24 22 44
1071 361 302 54 TEATRO
1407 355 194 51 ALLA
1641 354 182 48 MOD
1824 354 70 47 A.

225 378 100 59 326

325 488 107 43 But
464 485 126 43 that
624 484 46 42 is
704 481 95 43 the
835 480 155 42 harm
1025 474 144 43 from
1203 471 131 44 first
1368 471 59 41 to
1462 466 130 44 last.
1626 465 112 43 The
1772 463 243 44 Theatre
2050 465 158 44 holds
2241 468 148 47 itself
2434 477 90 47 too

226 580 190 51 cheap.
450 578 72 43 Or
555 575 210 51 rather,
798 573 160 42 those
992 569 123 42 who
1141 564 159 43 claim
1334 561 61 42 to
1420 561 66 41 be
1523 560 71 41 its
1620 556 480 52 representatives
2124 556 125 45 hold
2277 561 42 42 it
2343 565 181 56 cheap.

322 668 163 43 Their
520 665 242 42 attitude
797 663 47 42 Is
878 656 334 56 apologetic.
1246 653 151 52 They
1432 649 151 43 must
1634 648 219 41 borrow
1903 644 143 44 from
2100 651 421 57 everywhere,...

221 758 141 43 from
399 755 269 54 painters,
704 753 319 49 musicians,
1057 749 234 50 literary
1326 753 146 38 men,
1523 736 191 47 before
1764 738 138 52 they
1950 735 214 45 believe
2213 740 130 54 they
2392 745 129 49 have

223 849 270 53 anything
527 846 138 52 good
718 844 220 51 enough
987 844 59 40 to
1098 842 139 51 give.
1287 837 148 52 They
1486 833 150 42 must
1689 841 173 43 prove
1917 830 151 42 what
2122 829 395 56 distinguished

221 950 231 42 persons
485 938 134 51 they
654 946 113 41 are,
804 936 99 39 not
938 943 146 41 upon
1118 931 155 43 their
1306 937 123 34 own
1466 926 189 50 stages
1706 922 338 53 by.sincere
2093 922 107 42 and
2251 924 266 59 thorough

220 1029 177 52 work,
430 1029 99 40 but
562 1029 58 40 at
652 1026 95 42 the
784 1023 194 53 dining
1010 1021 154 44 table
1200 1018 56 45 of
1291 1018 86 44 his
1411 1017 173 43 Grace
1620 1015 97 41 the
1754 1011 156 44 Duke
1952 1012 55 42 of
2055 1012 116 42 this
2220 1025 63 31 or
2329 1017 53 41 in
2430 1021 90 44 the

219 1119 155 44 salon
411 1119 55 43 of
499 1120 98 41 her
630 1119 169 42 Grace
832 1116 99 42 the
967 1115 245 42 Duchess
1245 1110 57 44 of
1334 1111 146 42 that.

317 1210 149 52 They
501 1220 92 31 are
626 1208 154 53 truly
814 1206 309 44 interested
1161 1205 56 42 in
1251 1204 102 42 but
1388 1211 107 33 one
1529 1199 300 53 subject,...
1851 1196 127 42 that
2002 1195 68 53 is,
2093 1196 57 41 in
2175 1197 344 54 themselves.

220 1300 147 54 They
402 1302 149 39 must
583 1297 99 44 tell
719 1309 64 32 us
817 1298 60 43 at
910 1295 71 43 all
1014 1297 167 40 times
1217 1294 104 42 and
1359 1294 56 41 in
1453 1291 71 42 all
1573 1288 262 53 places,.,.
1885 1286 57 44 In
1995 1286 215 44 lecture
2262 1289 155 52 halls,
2464 1298 55 40 at

217 1392 244 47 bazaars,
496 1392 59 39 at
588 1388 70 42 all
695 1388 164 42 kinds
893 1385 56 44 of
982 1384 189 53 public
1206 1382 350 54 gatherings,
1590 1380 127 42 that
1766 1379 134 53 they
1950 1389 95 31 are
2096 1379 33 20 44
2154 1378 92 43 Sir
2277 1380 185 46 Oracle

217 1482 163 43 ...and
417 1482 35 23 44
477 1479 156 44 don't
663 1490 107 43 you
808 1481 66 40 be
906 1477 312 53 forgetting
1251 1478 64 42 it.

314 1571 146 52 They
494 1582 94 31 are
621 1572 126 51 past
781 1572 237 41 masters
1043 1570 57 41 in
1124 1570 97 40 the
1255 1568 90 41 art
1369 1564 56 45 of
1447 1563 260 56 personal
1729 1562 263 44 reclame.
2011 1561 73 44 To
2120 1563 114 42 this
2261 1566 100 40 end
2393 1566 123 54 they

219 1664 160 40 write
405 1661 171 43 books
601 1658 56 45 of
678 1664 35 19 44
734 1660 292 44 Memories
1119 1660 107 42 and
1263 1660 33 23 *'
1797 1655 135 53 they
1952 1652 162 43 make
2134 1656 259 51 speeches
2415 1661 99 41 and

219 1755 119 50 give
372 1752 324 42 interviews
732 1764 68 30 on
833 1751 72 43 ail
941 1751 282 42 occasions
1256 1751 107 41 and
1401 1760 69 32 on
1522 1747 72 44 all
1645 1747 198 51 topics,
1893 1746 108 42 and
2053 1745 160 43 smile
2263 1747 252 58 benignly

217 1853 70 32 on
322 1843 95 42 the
450 1841 235 44 fulsome
729 1841 341 52 paragraphs
1118 1840 179 42 which
1348 1849 294 32 announce
1696 1838 155 41 their
1899 1838 305 49 departure
2255 1848 67 30 on
2373 1849 141 34 some

214 1933 288 42 American
540 1944 64 32 or
635 1932 347 43 continental
1005 1934 135 41 tour
1161 1943 60 32 as
1255 1928 494 56 grandiloquently
1782 1939 61 32 as
1868 1926 41 44 if
1932 1929 46 42 it
2001 1939 147 32 were
2172 1939 30 31 a
2228 1930 201 42 matter
2464 1930 51 43 of

212 2036 166 39 grave
413 2023 405 43 International
854 2023 204 52 import
1093 2023 215 42 instead
1347 2020 55 45 of
1437 2020 211 55 merely
1689 2022 87 42 Mr
1808 2020 306 44 So=and=so
2154 2019 236 55 keeping
2437 2023 77 44 his

211 2125 97 41 eye
341 2112 186 56 firmly
558 2111 147 44 fixed
743 2123 143 41 upon
924 2113 82 42 his
1042 2123 122 32 own
1202 2112 147 43 main
1386 2113 226 42 chance.

210 2212 65 36 JS?
306 2203 165 43 Their
505 2205 289 52 portraits,
827 2205 135 41 with
996 2205 164 41 those
1193 2202 57 43 of
1279 2203 153 42 their
1477 2202 224 55 leading
1750 2202 196 55 ladies,
1995 2215 166 42 grace
2213 2205 94 43 the
2355 2217 155 42 pages

207 2293 57 44 of
310 2297 95 41 the
461 2295 315 43 illustrated
833 2306 197 42 papers
1084 2296 172 42 above
1312 2293 148 45 little
1514 2293 274 45 facsimile
1849 2296 163 42 notes
2067 2297 444 52 recommending

210 2386 383 52 hair~washes,
649 2389 182 40 motor
896 2398 137 42 cars,
1087 2385 367 44 cold=creams
1509 2398 65 31 or
1625 2385 214 44 flannel
1895 2386 200 46 shirts.
2149 2386 147 56 They
2351 2387 160 45 adore

206 2475 286 55 publicity,
526 2478 211 50 though
775 2478 46 40 it
854 2478 65 42 be
954 2478 102 42 but
1087 2478 97 42 the
1235 2476 272 55 publicity
1556 2475 57 46 of
1661 2479 168 52 being
1876 2480 233 50 present
2157 2479 57 43 in
2267 2490 29 31 a
2343 2478 168 53 police

1654 2548 9 15 4

206 2569 161 43 court
390 2570 59 40 at
473 2579 148 32 some
645 2570 33 19 44
700 2579 165 32 cause
1183 2570 129 49 and,
1336 2568 111 44 lest
1468 2570 97 42 the
1588 2570 189 54 public
1800 2570 199 45 should
2023 2569 190 46 follow
2236 2569 274 44 Schiller's

206 2658 187 43 advice
428 2659 106 41 and
565 2660 37 23 44
626 2659 172 42 twine
835 2671 71 30 no
940 2659 244 43 wreaths
1217 2658 88 44 for
1353 2660 98 44 the
1507 2664 157 40 actor
1772 2663 137 55 they
1956 2662 135 45 take
2143 2664 98 42 the
2291 2663 122 43 best
2460 2659 51 46 of

206 2760 122 31 care
360 2749 61 42 to
452 2748 173 43 twine
659 2751 153 42 them
849 2749 57 42 in
941 2762 196 31 season
1174 2752 105 41 and
1316 2753 102 41 out
1451 2751 56 44 of
1538 2763 200 33 season
1772 2753 89 45 for
1895 2756 362 43 themselves.

300 2842 56 41 In
391 2840 115 44 fact
530 2843 206 51 egoism
762 2841 176 44 looms
963 2842 150 53 large
1138 2842 56 43 In
1221 2845 96 42 the
1340 2846 245 44 theatre.
1609 2846 78 44 Its
1714 2848 278 44 members
2017 2860 95 32 are
2133 2846 376 55 self=seeklng,

201 2934 105 40 and
343 2934 149 40 what
524 2934 133 53 they
690 2945 94 30 are
817 2934 231 53 seeking
1079 2932 88 45 for
1199 2935 339 46 themselves
1574 2937 46 44 is
1653 2940 323 53 something
2020 2951 136 43 very
2199 2940 249 44 small:...
2481 2951 28 31 a

202 3020 146 44 little
385 3034 216 43 money,
635 3036 30 30 a
699 3024 150 43 little
886 3036 146 39 ease,
1066 3036 30 32 a
1132 3025 146 44 little
1327 3025 168 48 fame.
1545 3028 119 44 And
1720 3030 168 45 while
1936 3033 137 54 they
2121 3031 188 45 follow
2356 3033 151 42 these

198 3113 149 43 little
381 3114 209 54 things,
625 3127 125 31 men
785 3119 107 39 and
927 3129 214 31 women
1176 3118 168 53 alike,
1378 3120 137 55 they
1551 3123 226 52 neglect
1821 3137 32 30 a
1904 3127 163 52 great
2116 3125 390 54 opportunity;

200 3205 104 40 and
339 3204 160 43 when
532 3205 135 55 they
701 3207 138 44 have
872 3210 97 51 got
1001 3209 236 51 them,...
1272 3209 87 45 for
1390 3212 138 54 they
1562 3209 80 48 do
1675 3217 96 51 get
1804 3215 178 53 them,
2032 3219 107 41 and
2192 3219 101 41 out
2341 3214 55 46 of
2440 3212 67 45 all

197 3294 325 51 proportion
558 3297 57 42 to
649 3297 153 43 their
833 3298 375 55 deserving,...
1242 3302 136 53 they
1411 3313 97 33 are
1543 3316 148 32 none
1726 3306 99 43 the
1861 3308 192 43 better
2078 3309 102 44 but
2201 3308 193 43 rather
2417 3307 92 43 the

197 3395 196 43 worse,
426 3388 105 41 and
567 3388 96 43 the
700 3400 161 33 cause
893 3391 136 53 they
1062 3392 202 43 should
1311 3395 140 44 have
1501 3396 199 54 helped
1755 3401 60 42 to
1866 3397 93 47 lift
2008 3403 61 42 to
2117 3402 98 43 the
2270 3403 145 41 stars
2463 3398 43 42 is

197 3475 239 54 dragged
471 3490 60 33 as
564 3491 131 33 ever
727 3481 59 44 In
819 3483 100 44 the
953 3485 151 44 dust.

294 3567 162 45 What
489 3571 134 55 they
657 3574 136 43 need
830 3575 45 43 is
908 3586 30 32 a
1749 3574 241 49 Master
1240 3581 54 42 in
1336 3581 96 43 the
1457 3583 320 57 Theatre,...
1811 3599 32 32 a
1875 3589 211 43 Master
2109 3588 137 44 with
2271 3598 69 34 an
2364 3581 136 48 ideal
