4125 3032
332 248 294 47 POESIA

325 372 87 32 stile,
436 380 61 30 per
520 371 91 31 nulla
635 370 160 38 tradisce,
818 369 75 32 anzi
910 369 113 31 vorrei
1047 368 72 31 dire
1142 384 39 6 —
1199 375 61 33 per

327 423 80 32 certi
431 422 94 40 punti
548 439 40 5 —
612 422 105 31 rileva
741 421 31 30 in
797 422 149 38 potenza
981 427 18 24 e
1023 417 238 43 suggestività.

327 474 116 32 Siamo
468 474 87 32 nelle
579 473 131 41 regioni
734 472 165 33 altissime
922 472 90 31 della
1037 470 136 33 Poesia.

367 526 229 32 L'astrazione
611 526 90 40 degli
715 523 151 41 sviluppi
882 524 93 39 reali,
990 531 63 32 pur
1068 524 192 31 attraverso

326 587 19 22 a
369 580 90 30 tanta
482 578 162 40 congerie
668 587 18 22 e
710 586 19 22 a
752 578 94 30 tanto
870 575 205 32 dinamismo
1094 576 166 35 cosmico,

326 630 19 32 è
369 630 163 32 assoluta.
560 630 22 31 Il
604 630 104 40 genio
732 629 55 32 del
811 627 107 33 Poeta
952 629 102 38 plana
1077 627 89 40 sugli
1190 627 54 31 uni-

324 683 92 30 versi
438 690 18 24 e
480 689 67 23 non
571 683 43 30 ha
637 681 84 31 altro
745 680 181 40 traguardo
943 681 64 29 che
1024 680 31 30 le
1078 679 165 39 triangola-

324 733 92 31 zioni
439 735 195 29 mostruose
658 731 93 32 dello
776 731 157 32 zodiaco.
959 729 26 32 E
1009 738 62 31 pur
1093 729 49 32 fra
1165 731 95 30 tanto

326 785 95 40 spiro
445 785 33 30 di
502 783 177 41 vertigine,
703 790 129 25 nessun
849 782 252 32 smarrimento:
1125 783 32 30 la
1181 789 61 24 con-

325 837 145 32 cezione
505 838 120 33 esatta,
653 836 97 38 quasi
785 836 182 39 algebrica,
991 835 55 31 del
1070 835 104 39 piano
1199 834 62 31 che

326 889 172 40 torreggia
514 888 49 32 fra
586 888 45 40 gli
647 888 159 31 elementi
831 895 98 23 come
945 895 45 22 un
1007 886 116 31 divino
1147 894 93 32 mega-

324 941 97 38 terio,
446 948 99 23 come
570 948 42 23 un
635 938 143 32 Everest
801 939 115 31 sicuro
939 938 33 31 di
989 940 132 38 regalar
1143 939 31 31 le
1199 945 61 24 sue

327 995 92 28 vette
444 992 31 31 al
499 992 101 31 bacio
625 991 33 31 di
681 991 74 31 tutti
778 990 9 30 i
810 990 88 32 cieli.

368 1044 45 32 Su
437 1043 189 33 Marinetti
644 1051 17 23 e
679 1043 19 31 V
705 1043 128 32 Ultima
850 1042 218 39 rivoluzione,
1095 1041 72 33 così
1181 1042 79 31 vien

325 1096 143 32 definito
486 1095 21 31 il
523 1095 194 31 Futurismo
720 1117 7 12 ,
744 1095 136 30 ricordo
898 1110 37 6 —
959 1094 301 31 incidentalmente

326 1164 39 6 —
389 1149 32 30 le
445 1149 126 38 pagine
594 1147 34 31 di
645 1146 101 32 Livio
769 1145 91 33 Sera
875 1145 73 41 (Ed.
972 1144 151 40 Berlutti,
1140 1145 123 40 Roma)

325 1208 69 22 non
418 1207 106 24 senza
547 1199 177 32 affermare
749 1199 63 31 che
836 1198 32 31 in
892 1206 80 24 esse
988 1197 141 32 l'autore
1154 1198 88 30 dimo-

327 1254 71 29 stra
420 1260 66 23 una
501 1253 127 38 troppo
645 1251 183 31 sommaria
844 1258 222 24 conoscenza
1089 1250 56 31 dei
1162 1248 99 33 Poeti

325 1304 130 31 diremo
478 1303 74 32 così
575 1320 40 5 —
638 1311 61 31 per
725 1303 258 31 accontentarlo
1006 1319 41 5 —
1080 1302 164 31 rivoluzio-

325 1356 72 31 nari
420 1364 18 23 e
463 1357 88 30 delle
586 1356 73 31 loro
695 1363 116 32 opere.
834 1354 128 32 Difetto
997 1356 264 29 sovranamente

328 1408 150 31 italiano.
504 1406 71 33 Può
600 1407 92 32 darsi
726 1408 62 31 che
818 1410 92 29 certe
944 1406 107 40 prime
1075 1406 187 33 essenziali

325 1468 106 32 opere
455 1460 56 32 dei
534 1459 146 32 futuristi
703 1460 99 31 siano
826 1460 80 40 oggi
923 1460 157 31 esaurite.
1104 1458 58 32 Ma
1185 1465 59 34 pro-

325 1511 195 33 curatevele
543 1513 66 31 alle
626 1512 215 32 Biblioteche
855 1512 7 30 1
885 1511 188 32 Altrimenti
1096 1512 32 30 le
1145 1512 118 30 vostre

327 1564 256 32 elucubrazioni
607 1564 212 32 minacciano
845 1564 270 39 d'appartenere,
1132 1572 37 22 se
1193 1571 68 23 non

326 1618 66 30 alla
408 1625 238 31 supponenza,
659 1618 65 30 alia
741 1616 203 32 sufficienza
957 1625 6 22 :
981 1617 21 30 il
1019 1617 64 30 che
1101 1615 18 32 è
1136 1623 127 25 ancora

330 1668 139 41 peggio.
491 1668 153 40 Bisogna
668 1670 61 30 che
755 1669 112 38 questi
890 1669 140 39 giovani
1063 1667 106 32 critici
1204 1676 40 31 ap-

329 1723 177 37 prendano
531 1722 31 30 la
580 1721 85 31 virtù
684 1721 90 31 della
791 1721 228 31 misurazione
1037 1723 120 35 esatta,
1173 1721 90 30 della

327 1773 257 39 ponderazione
602 1773 202 31 controllata
828 1772 55 31 dei
899 1773 108 31 valori
1024 1772 178 41 biografici
1220 1772 43 31 ed

328 1825 135 31 estetici
480 1825 54 30 cui
550 1824 315 40 pretenderebbero
889 1824 193 31 affrontare.
1106 1824 63 31 Ciò
1194 1825 54 30 nel-

325 1878 193 31 l'interesse
543 1877 90 39 degli
658 1876 92 32 studi
774 1885 18 22 e
818 1885 59 30 per
892 1877 32 30 la
941 1877 125 31 serietà
1081 1877 90 32 della
1188 1876 75 31 loro

328 1929 175 31 missione.

367 1981 26 31 E
418 1980 177 40 passiamo
612 1981 66 31 alla
695 1981 110 32 Santa
827 1981 104 32 Verde
955 1980 34 32 di
1006 1980 166 33 Corrado
1197 1979 46 33 Go-

326 2033 85 32 voni
435 2033 75 39 (Ed.
546 2033 144 38 Taddei,
727 2033 162 39 Ferrara).
912 2032 119 32 Anche
1059 2033 57 40 qui
1145 2033 30 31 ci
1199 2034 50 31 tro-

330 2086 114 31 viamo
480 2086 33 30 di
536 2086 109 32 fronte
681 2086 31 31 ai
745 2086 120 40 grandi
888 2086 91 32 versi
1013 2086 95 32 lirici.
1143 2085 66 37 Qui
1234 2086 31 30 la

327 2137 126 33 Poesia
467 2139 164 31 moderna
644 2139 30 31 ci
691 2139 168 31 annunzia
882 2139 31 31 la
931 2146 62 24 sua
1011 2139 68 30 vita
1096 2139 168 38 possente

329 2199 18 23 e
370 2192 224 39 travolgente.
619 2189 53 33 Oh
696 2189 139 33 Govoni
858 2199 68 23 non
951 2189 19 33 è
997 2198 42 23 un
1062 2199 82 31 gran
1169 2191 75 29 dina-

327 2243 89 31 mico
430 2243 7 30 1
461 2243 76 31 Non
571 2245 43 29 ha
647 2243 145 32 lasciato
816 2243 21 31 il
871 2243 194 32 Futurismo
1098 2244 78 30 solo
1201 2250 62 31 per

327 2293 171 34 bizzosità
531 2296 200 39 politicoide
745 2295 8 30 !
776 2295 73 41 Egli
873 2295 18 32 è
926 2303 67 24 uno
1023 2296 146 39 squisito
1194 2303 46 23 ma-

325 2348 183 39 linconico,
532 2356 42 23 un
598 2349 129 38 tragico
752 2348 201 39 quotidiano
978 2349 90 31 della
1093 2347 170 40 paciosità

327 2402 204 37 campestre.
548 2401 45 30 La
609 2408 63 24 sua
685 2401 105 38 lirica,
807 2401 106 31 ormai
931 2401 208 40 patologica,
1152 2400 111 39 desta,

326 2452 130 39 perciò,
482 2452 54 33 nei
570 2454 93 31 cuori
698 2454 157 33 sensitivi
888 2453 122 32 un'eco
1044 2454 217 31 formidabile

325 2505 65 30 che
414 2504 70 40 può
508 2506 223 39 paragonarsi
764 2515 20 23 a
818 2507 116 39 quello
969 2509 179 29 emanante
1173 2506 90 31 dalla

325 2558 127 33 Poesia
474 2560 234 38 leopardiana.
722 2559 98 32 Nella
842 2560 109 32 Santa
981 2560 103 31 Verde
1106 2560 32 30 la
1155 2560 109 31 scelta

329 2614 56 31 dei
410 2612 269 40 componimenti
698 2612 17 31 è
740 2613 109 32 molto
866 2616 168 36 accurata,
1050 2614 67 31 tale
1141 2613 44 31 da
1200 2612 48 31 rie-

325 2674 127 24 vocare
477 2666 8 29 i
510 2666 216 39 preziosismi
762 2667 54 30 dai
850 2666 92 39 quali
976 2666 21 31 il
1031 2664 109 33 Poeta
1173 2666 90 31 dalle

327 2718 96 33 Fiale
447 2727 18 23 e
490 2719 89 31 delle
604 2718 152 40 Imagini
783 2720 34 30 in
848 2719 119 39 grigio
997 2720 42 31 ed
1060 2720 34 31 in
1117 2719 145 31 silenzio

1575 375 118 23 mosse
1717 374 103 24 verso
1846 367 31 31 la
1913 366 183 39 conquista
2131 366 91 31 della
2246 365 100 33 fama.
2374 366 8 30 I
2409 365 110 32 difetti

1576 419 88 32 della
1688 418 124 40 poesia
1834 418 200 41 govoniana
2051 426 89 23 sono
2158 417 105 40 quelli
2288 418 62 31 che
2369 425 89 24 sono
2476 418 43 31 ed

1576 470 33 31 io
1623 478 66 23 non
1704 478 42 23 ne
1760 471 45 30 ho
1823 471 94 30 certo
1936 470 64 31 mai
2018 470 83 30 fatto
2118 470 142 30 mistero
2274 477 65 23 con
2354 477 165 23 nessuno.

1616 522 98 31 Nella
1736 522 111 31 Santa
1877 522 104 31 Verde
2005 530 48 29 se,
2079 530 67 30 qua
2170 529 18 23 e
2212 520 42 39 là,
2288 521 70 39 può
2390 522 113 30 riscon-

1575 574 97 31 trarsi
1689 574 148 38 qualche
1851 574 282 39 esasperazione,
2150 574 101 30 trovo
2276 581 66 23 una
2357 572 162 40 generica

1576 626 155 40 maggior
1754 626 174 39 politezza
1952 626 32 31 di
2009 626 90 39 stile,
2123 635 43 22 un
2185 633 107 24 senso
2317 626 33 31 di
2375 626 126 32 musica-

1575 676 59 33 lità
1657 678 57 39 più
1740 678 205 32 controllato
1971 687 18 23 e
2014 679 55 32 dei
2094 678 92 40 piani
2211 679 31 31 in
2272 678 89 31 linea
2385 678 32 31 di
2443 686 59 31 pro-

1576 730 142 34 fondità,
1742 729 154 32 oltreché
1927 731 155 38 estetica,
2115 731 123 31 ideale.
2275 731 152 40 Ingegno
2458 738 42 31 po-

1576 783 103 38 tente,
1707 783 173 37 anomalo,
1905 783 74 38 che,
2011 791 61 31 per
2103 784 32 30 la
2166 792 63 22 sua
2262 785 115 29 stessa
2401 785 119 28 natura

1577 835 211 39 complessa,
1823 836 171 38 potrebbe
2038 844 118 23 essere
2197 835 56 40 più
2294 836 95 30 vario
2428 835 91 40 negli

1578 886 118 40 effetti,
1721 887 58 40 più
1803 888 262 39 perdutamente
2099 889 112 38 rapito
2247 896 103 24 verso
2383 889 30 30 le
2439 896 61 23 con-

1578 939 135 32 cezioni
1747 940 211 34 antitetiche,
1986 948 103 23 verso
2125 942 31 29 le
2187 940 122 32 analisi
2339 940 33 31 di
2404 940 75 31 tutti
2512 940 9 30 i

1578 992 94 31 cuori
1696 992 124 31 umani.
1844 991 125 32 Divino
1996 1000 149 32 egoarea
2180 993 65 32 che
2280 1000 67 23 non
2373 992 28 31 si
2427 991 94 32 sazia

1577 1044 33 31 di
1634 1044 166 40 guardare
1832 1045 31 30 in
1888 1053 38 23 se
1950 1049 117 27 stesso
2093 1054 17 22 e
2145 1045 90 32 nella
2270 1044 137 40 piccola
2431 1045 91 30 zolla

1578 1096 63 32 che
1665 1098 32 29 la
1721 1096 162 32 circonda
1909 1106 17 22 e
1951 1098 62 30 che
2038 1098 118 30 chissà
2185 1106 85 23 cosa
2305 1098 153 31 darebbe
2483 1105 38 23 se

1577 1148 198 40 allungasse
1801 1150 21 30 il
1864 1149 167 32 diametro
2071 1150 55 31 del
2161 1157 64 24 suo
2259 1150 153 39 sguardo
2437 1158 18 23 e
2491 1151 33 30 la

1578 1201 282 32 comunicatività
1883 1203 55 30 del
1963 1210 65 23 suo
2053 1210 104 23 cuore
2171 1201 6 30 !

1620 1254 98 31 Auro
1748 1253 133 33 d'Alba
1917 1254 73 40 (Ed.
2026 1254 34 32 la
2093 1254 118 32 Diana
2216 1279 6 14 ,
2256 1254 141 40 Napoli)
2432 1254 91 32 invia

1577 1306 161 32 L'ultima
1750 1307 131 32 strada.
1903 1307 131 31 Lirismi
2051 1307 286 40 simpaticissimi.
2354 1306 71 39 Lui,
2437 1315 66 23 sem-

1578 1367 60 31 pre
1670 1359 43 30 lui
1728 1367 7 21 :
1759 1357 88 33 forte
1881 1367 19 23 e
1923 1359 140 40 gentile,
2086 1359 171 32 sensitivo
2284 1368 17 23 e
2331 1359 192 40 gagliardo,

1578 1411 210 40 bersagliere
1822 1420 54 22 ma
1900 1412 110 31 anche
2044 1420 44 22 un
2125 1412 57 38 po'
2210 1412 185 40 signorina
2431 1411 92 32 della

1578 1462 137 32 Poesia.
1740 1462 76 38 Qua
1849 1472 19 23 e
1902 1464 33 31 là
1964 1464 56 32 dei
2055 1464 89 32 balzi
2178 1473 105 23 verso
2314 1465 209 39 Yimpromtu

1577 1515 231 32 formidabile.
1834 1515 77 33 Cito
1936 1516 9 31 i
1969 1517 145 31 Fratelli
2136 1517 157 32 macabri
2302 1526 6 22 :
2333 1525 54 23 ma
2411 1517 112 39 potrei

1578 1567 106 32 citare
1709 1569 95 30 altro.
1839 1567 237 40 Umanesimo,
2109 1569 132 38 sintesi,
2266 1569 128 37 colore,
2418 1569 89 32 disin-

1578 1621 133 32 teresse
1736 1621 158 39 estetico,
1929 1621 131 32 nobiltà
2083 1622 34 31 di
2142 1622 160 32 melodia.
2330 1622 78 31 Arte
2439 1630 85 23 sana

1578 1681 19 23 e
1610 1673 147 39 squisita
1774 1675 63 30 che
1854 1674 110 31 arriva
1981 1682 149 32 sempre,
2147 1682 65 23 con
2231 1676 92 30 certe
2341 1683 62 23 sue
2421 1674 102 32 malie

1579 1726 153 39 prensili,
1772 1726 67 32 alle
1873 1728 55 30 vie
1963 1728 55 30 del
2059 1734 105 23 cuore
2200 1736 18 22 e
2253 1727 56 31 del
2345 1728 174 38 pensiero.

1621 1778 192 33 Leonardo
1837 1778 207 33 Castellani
2067 1779 75 39 (Ed.
2177 1778 220 40 Cordandini,
2420 1779 105 41 Forlì)

1580 1830 31 31 in
1639 1843 12 14 «
1666 1830 23 31 2
1714 1830 181 39 Quaderni
1912 1844 12 14 »
1963 1832 43 31 dà
2041 1833 146 39 qualche
2223 1834 117 30 buona
2375 1836 91 35 nota,
2491 1833 30 30 in

1578 1882 99 39 linea,
1702 1882 57 40 più
1784 1883 63 31 che
1872 1884 86 30 altro
1983 1883 33 31 di
2041 1884 174 32 curiosità.
2236 1884 94 32 Cosa
2346 1884 33 32 fa
2394 1884 18 31 ?
2435 1884 88 31 Vuol

1579 1943 183 32 comporre
1776 1944 18 24 e
1808 1936 212 39 ricomporre
2034 1937 45 41 gli
2104 1938 161 31 elementi
2290 1938 91 31 della
2399 1938 125 31 lirica?

1579 1988 48 31 Mi
1651 1997 82 30 pare
1750 1989 63 31 che
1830 1989 138 38 sprechi
1986 1990 146 38 qualche
2151 1991 151 31 discreta
2321 1991 128 31 facoltà
2467 1999 38 23 na-

1579 2041 70 31 tiva
1674 2049 17 23 e
1715 2041 65 31 che
1804 2049 68 23 non
1897 2042 165 31 azzecchi
2079 2041 67 31 mai
2163 2043 33 30 la
2211 2042 146 32 formula
2375 2043 148 39 precisa.

1622 2091 88 34 Guai
1734 2102 39 22 se
1797 2093 32 31 la
1853 2093 93 32 lirica
1964 2095 166 37 dovesse,
2147 2095 42 30 ad
2208 2095 169 39 esempio,
2404 2103 119 24 essere

1580 2147 167 30 costretta
1771 2146 31 30 al
1826 2146 269 39 concepimento
2112 2148 156 31 traverso
2287 2147 113 39 questi
2417 2147 106 32 sforzi

1580 2198 171 39 peregrini
1775 2207 18 22 e
1817 2198 173 40 sgravarsi
2015 2199 33 31 di
2083 2201 122 36 queste
2241 2201 136 30 trovate
2412 2201 94 30 matti-

1580 2250 94 32 niere
1688 2250 7 30 !

1621 2320 39 4 —
1684 2302 50 31 Un
1760 2302 153 32 satirello
1939 2304 109 30 danza
2074 2303 201 32 zuffolando
2293 2305 52 30 sul
2368 2305 98 38 prato
2492 2305 31 31 al

1580 2356 151 38 margine
1756 2354 33 32 di
1814 2363 42 22 un
1882 2356 122 31 bosco.

1622 2406 127 32 Manda
1773 2407 22 30 il
1829 2415 65 23 suo
1929 2407 126 32 fischio
2090 2408 174 40 all'ampio
2294 2409 229 32 semicerchio

1582 2460 90 31 della
1695 2460 126 31 vastità
1837 2460 58 38 poi
1921 2460 28 31 si
1973 2462 178 29 nasconde
2170 2461 91 30 nella
2286 2469 104 24 curva
2403 2463 101 30 verde-

1581 2521 91 31 cupo
1697 2512 55 31 del
1778 2513 146 31 silenzio
1949 2513 181 32 lasciando
2148 2523 62 30 per
2225 2522 42 22 un
2292 2515 102 30 tratto
2418 2514 32 31 ai
2473 2516 50 31 tre

1580 2565 118 41 grandi
1723 2564 233 40 lecci-signori
1981 2566 141 31 l'ultimo
2147 2566 124 39 guizzo
2297 2567 175 32 aranciato
2490 2567 33 31 di

1578 2618 132 32 un'eco.

1621 2688 39 4 —
1684 2670 35 32 Io
1736 2679 118 31 passo,
1875 2680 18 22 e
1909 2672 20 30 il
1947 2672 69 31 mio
2034 2681 113 22 suono
2165 2681 154 30 pauroso
2337 2673 28 31 si
2383 2681 136 23 smorza

1580 2723 124 32 soffice
1729 2723 171 33 sull'erba.
1929 2741 39 4 —

2879 365 263 32 Diversamente
3159 364 200 40 impostato,
3377 372 65 23 con
3460 373 42 23 un
3521 365 118 32 franco
3662 374 127 31 sapore

2838 418 127 38 etnico,
2994 418 148 31 esterior
3165 417 224 32 dell'ardente
3413 417 119 32 franco
3557 418 123 39 spirito
3698 418 91 31 della

2838 471 104 39 piena
2965 471 88 30 terra
3077 469 202 41 romagnola
3304 468 17 32 è
3340 469 21 31 il
3380 468 141 33 Cantico
3539 469 153 32 d'amore
3716 470 74 32 alla

2838 524 94 30 terra
2948 522 119 31 madre
3085 522 34 31 di
3134 521 123 32 Primo
3270 520 178 33 Scardovi
3463 521 76 41 (Ed.
3556 521 129 32 Licinio
3700 522 69 40 Cap-

2838 575 93 39 pelli,
2944 573 181 41 Bologna).
3135 572 65 33 Del
3215 573 395 32 d'annunzianesimoun
3626 574 56 40 po'
3697 575 76 39 inge-

2838 635 69 23 nuo
2921 626 91 33 nella
3024 626 110 32 forma
3147 625 146 39 libraria,
3307 626 91 32 nella
3411 626 124 31 dedica
3549 626 63 32 che
3626 627 163 31 richiama

2838 679 128 40 troppo
2991 678 116 40 quella
3123 678 135 31 famosa
3276 678 91 31 della
3391 678 116 40 Figlia
3524 678 37 32 di
3579 679 111 41 Jorio,
3720 689 17 22 e
3756 680 32 30 in

2838 731 163 40 parecchi
3024 731 202 40 volgimenti
3250 731 57 31 del
3331 731 158 38 periodo.
3514 730 88 33 Però
3627 732 33 30 vi
3685 731 19 33 è
3721 741 68 23 una

2838 784 92 31 bella
2953 782 197 41 semplicità
3174 783 33 31 di
3243 783 255 38 commozione,
3529 792 68 23 una
3633 785 93 31 certa
3750 785 26 31 li-

2838 836 129 32 nearità
2992 837 211 39 espressiva,
3231 844 68 23 una
3326 835 96 41 gioia
3457 836 90 32 nella
3572 839 196 38 contempla-

2839 889 101 32 zione
2966 889 152 31 naturale
3143 889 32 31 di
3205 888 284 40 simpaticissima
3518 888 89 40 lega.
3635 889 27 31 A
3686 889 106 39 tratti,

2839 940 21 32 il
2885 941 236 39 semplicismo
3158 941 17 31 è
3212 941 185 31 eccessivo
3412 950 6 21 :
3444 949 29 30 e,
3500 948 101 25 come
3636 943 153 31 succede

2839 993 93 33 assai
2955 1001 129 32 spesso
3109 994 110 31 anche
3244 995 30 29 al
3299 993 153 32 Maestro
3476 993 56 32 del
3554 1002 141 31 genere,
3720 993 48 33 Go-

2839 1046 93 38 voni,
2956 1045 167 32 minaccia
3146 1046 33 31 di
3203 1046 175 31 scivolare
3401 1053 105 24 verso
3531 1046 8 30 i
3575 1045 92 39 piani
3693 1046 96 40 piatti

2839 1099 91 32 della
2954 1107 115 31 prosa.
3095 1098 110 32 Come
3229 1107 95 31 pure,
3340 1098 33 31 in
3399 1099 147 39 qualche
3565 1100 118 38 punto,
3708 1099 67 32 l'en-

2839 1151 65 32 fasi
2921 1151 94 32 lirica
3032 1160 68 22 non
3118 1151 69 40 può
3206 1151 167 32 redimere
3398 1151 152 32 l'autore
3568 1152 92 31 dalla
3678 1152 113 31 taccia

2841 1204 32 31 di
2890 1204 156 32 retorica.
3069 1204 245 34 Nell'insieme,
3340 1203 96 40 però,
3452 1213 68 22 una
3544 1204 188 32 settantina
3756 1205 33 31 di

2840 1256 125 40 pagine
2990 1256 184 40 piacevoli,
3198 1258 64 30 che
3286 1257 28 31 si
3340 1264 160 32 possono
3525 1257 141 40 leggere
3683 1265 108 24 senza

2841 1308 195 33 incidenti...
3062 1308 139 32 asfittici
3227 1318 18 23 e
3270 1309 64 31 che
3359 1317 149 23 corrono
3533 1309 54 32 sui
3611 1309 122 39 pattini
3749 1317 40 24 se

2841 1369 68 24 non
2933 1361 88 32 sulle
3046 1362 54 30 ali.

2881 1414 122 32 Niente
3028 1414 33 31 di
3085 1414 119 32 buono
3229 1414 32 31 in
3286 1414 200 32 Autunnale
3521 1414 75 40 (Ed.
3620 1413 171 40 Formica,

2841 1465 169 42 Girgenti)
3032 1467 35 31 di
3090 1466 39 33 G.
3153 1467 42 33 A.
3213 1466 181 34 Perfctore.
3415 1467 129 41 Pagine
3563 1475 107 25 senza
3687 1475 104 32 presa

2841 1520 211 41 suggestiva.
3090 1518 52 33 Un
3177 1519 165 33 Autunno
3377 1520 63 32 che
3475 1519 18 33 è
3529 1528 107 25 senza
3666 1521 78 31 sole
3771 1529 18 23 e

2841 1581 108 23 senza
2971 1573 138 38 nebbia,
3135 1573 146 38 scialbo,
3305 1580 81 24 reso
3422 1581 64 23 con
3513 1573 278 32 mediocrissima

2841 1624 205 39 sensibilità,
3071 1633 64 23 con
3162 1625 139 40 imagini
3324 1625 100 31 usate
3450 1634 17 22 e
3492 1625 102 31 suoni
3618 1625 56 40 già
3699 1626 92 31 mille

2841 1678 94 30 volte
2959 1677 84 31 uditi
3060 1678 64 31 che
3142 1686 68 22 non
3234 1679 212 38 rapportano
3465 1678 76 38 mai,
3560 1686 65 23 con
3643 1679 149 38 qualche

2842 1731 113 30 scatto
2980 1729 33 32 di
3038 1730 93 31 buon
3157 1730 130 39 istinto,
3312 1730 136 31 l'ideale
3483 1731 31 30 al
3539 1730 104 39 reale,
3669 1731 21 30 il
3714 1738 59 31 par-

2842 1781 142 32 ticolare
2999 1781 269 33 all'universale:
3284 1790 67 23 una
3364 1784 135 38 stampa
3517 1783 155 38 pessima
3688 1790 105 25 serve

2842 1835 44 31 ad
2911 1842 104 25 ancor
3039 1835 58 39 più
3125 1836 292 39 compromettere
3441 1835 146 32 l'effetto
3622 1836 57 31 del
3704 1836 89 31 libro

2843 1895 123 30 presso
2992 1886 9 31 i
3025 1886 123 33 lettori.

2884 1940 69 31 Per
2985 1940 115 31 Nozze
3134 1939 74 37 (Ed.
3251 1939 135 39 Baroni,
3420 1940 137 38 Lucca).
3593 1940 198 32 Ferruccio

2843 1992 98 31 Pieri
2967 1992 163 40 pubblica
3153 1992 55 31 dei
3232 1992 136 32 Sonetti
3397 1993 89 31 bene
3514 1992 160 40 timbrati,
3699 1993 74 31 d'an-

2843 2046 119 30 datura
2985 2045 159 39 elegante
3169 2053 18 23 e
3210 2044 97 41 gonfi
3332 2045 33 31 di
3389 2046 219 31 sentimento.

2885 2097 222 41 Ingemtnevi
3131 2097 74 40 (Ed.
3234 2097 152 39 Carrara,
3408 2098 150 40 Milano)
3582 2098 158 38 affronta,
3758 2099 31 30 in

2843 2150 212 39 Astrazioni,
3083 2151 32 31 la
3139 2150 202 33 metafisica.
3361 2150 76 32 Non
3455 2151 33 31 vi
3513 2152 45 30 ho
3571 2152 136 31 trovato
3727 2152 64 31 che

2843 2203 200 40 volgimenti
3067 2202 166 32 mediocri
3261 2204 33 30 di
3330 2203 163 39 pensiero
3529 2204 192 32 attraverso
3746 2213 43 22 un

2843 2255 310 32 canticchiamento
3178 2256 224 31 usualissimo
3438 2264 31 30 e,
3492 2256 50 31 fra
3579 2256 120 39 l'altro,
3724 2265 67 23 con

2843 2307 184 39 parecchie
3051 2307 108 40 (forse
3186 2307 139 40 troppe)
3356 2308 84 32 rime
3464 2308 32 31 in
3521 2309 75 31 ente
3622 2317 18 22 e
3664 2310 80 29 ante
3769 2316 20 23 o

2843 2359 102 31 simili
2980 2360 90 31 nella
3105 2361 116 31 stessa
3255 2361 119 31 strofa.
3399 2360 25 31 A
3460 2361 98 39 parte
3594 2363 137 36 questo,
3758 2361 33 31 la

2843 2411 127 32 Poesia
2994 2411 195 33 metafisica
3213 2412 260 41 d'Ingemmevi
3498 2413 29 31 si
3556 2421 174 31 compone
3757 2413 34 31 di

2844 2465 113 39 questi
2979 2465 169 39 pizzicati
3170 2465 43 31 da
3238 2465 161 32 chitarra:

3041 2569 47 31 Lo
3114 2569 164 40 sviluppo
3302 2571 145 31 animale

3084 2621 18 32 è
3127 2623 88 31 tutto
3239 2632 44 22 un
3307 2632 84 31 gran
3415 2624 117 32 duello

3083 2676 50 29 tra
3158 2675 21 30 il
3203 2674 145 31 midollo
3372 2673 137 41 spinale

3085 2735 18 23 e
3128 2727 21 31 il
3174 2727 159 38 superior
3358 2728 163 31 cervello.

326 2824 42 30 46
