4125 3032
3458 157 294 49 POESIA

237 310 107 33 Dunn
360 309 19 33 è
395 309 118 33 morto
538 310 231 39 rappresenta
799 308 45 32 da
879 316 50 30 se,
955 315 67 24 una
1056 308 124 31 lettera-

237 376 84 31 tura.

279 438 135 38 Questo
446 445 167 25 romanzo
649 437 18 31 é
703 436 313 41 importantissimo
1051 435 52 33 sia
1139 437 56 31 dal

235 502 70 32 lato
330 501 152 39 tecnico,
505 501 51 32 sia
582 502 43 31 da
650 501 119 40 quello
794 500 54 32 del
877 501 203 31 contenuto.
1101 499 77 33 L'au-

233 569 76 30 tore
335 570 130 35 stesso,
489 566 92 32 nella
606 565 204 41 prefazione
835 566 66 31 che
926 566 44 31 ha
988 566 122 32 scritto
1134 573 63 33 per

235 632 32 31 la
292 630 157 33 seconda
473 630 174 38 edizione,
665 639 66 22 con
757 630 94 32 bella
868 639 19 24 e
905 630 186 40 simpatica
1108 630 72 31 fran-

237 695 130 32 chezza
402 702 43 24 ne
480 693 110 33 rileva
624 695 88 31 tutta
747 694 256 40 l'importonza
1048 694 148 32 tecnica.

234 757 119 34 Credo
378 766 68 24 non
471 758 32 32 ci
527 758 51 32 sia
613 767 85 23 cosa
736 758 160 41 migliore
921 759 65 31 che
1009 757 52 33 far
1084 758 114 41 parlar

237 824 57 31 lui.
327 823 94 33 Ecco
451 824 59 40 qui
546 824 32 31 la
613 823 250 40 riproduzione
899 822 169 41 integrale
1105 823 92 32 della

237 887 204 41 prefazione
466 887 32 32 in
524 887 138 40 parola:

279 991 45 32 La
341 993 108 39 prima
467 992 165 33 edizione
651 993 32 31 di
703 994 129 39 questo
849 992 143 32 volume
1011 992 29 32 si
1058 992 19 32 è
1096 1000 82 24 esau-

236 1044 62 33 rita
321 1045 253 41 rapidamente.

279 1098 22 31 Il
325 1107 173 24 successo
524 1100 34 31 di
583 1100 170 40 pubblico
778 1100 19 31 è
834 1100 93 31 stato
962 1098 95 33 forse
1093 1106 85 32 supe-

236 1152 90 32 riore
351 1162 19 22 a
395 1154 131 39 quanto
551 1153 45 31 mi
620 1155 200 39 aspettavo.

278 1205 117 33 Anche
421 1207 32 32 la
477 1206 120 33 critica
621 1214 42 23 ne
682 1207 43 30 ha
743 1207 136 40 parlato
896 1206 110 32 bene:
1023 1204 87 42 però
1129 1213 68 23 non

235 1259 44 31 ha
303 1260 118 40 capito
435 1261 32 31 la
484 1269 84 24 vera
585 1261 218 40 importanza
821 1260 33 31 di
872 1261 129 39 questo
1018 1266 181 25 romanzo.

278 1312 53 33 Ho
356 1315 105 30 avuto
486 1315 95 31 molti
618 1314 135 33 articoli
792 1312 229 39 entusiastici,
1046 1320 69 23 non
1151 1312 46 31 ho

233 1368 108 30 avuto
356 1368 213 39 quell'unico
583 1368 65 32 che
661 1368 97 33 avrei
767 1368 202 32 veramente
981 1365 214 32 desiderato.

279 1418 129 38 Quello
433 1421 64 32 che
523 1421 140 32 facesse
688 1421 123 32 notare
836 1420 83 31 che:

326 1474 31 40 1)
379 1474 25 31 Il
428 1474 70 32 mio
524 1473 85 34 Sam
632 1474 109 33 Dunn
766 1473 19 32 è
814 1473 120 32 morto
965 1472 44 32 ha
1040 1479 67 24 una
1139 1470 42 31 im-

235 1528 172 38 portanza
430 1528 155 33 decisiva
610 1528 92 32 nella
726 1528 200 32 letteratura
948 1526 57 32 dal
1030 1526 109 39 punto
1165 1522 34 32 di

240 1578 91 34 vista
355 1581 155 39 tecnico;

321 1633 35 38 2)
379 1634 91 32 Esso
496 1633 18 34 è
540 1634 22 32 il
587 1634 70 31 mio
682 1641 169 24 romanzo
875 1632 164 32 sintetico
1042 1653 9 13 ,
1074 1631 80 32 vale
1180 1639 19 23 a

237 1686 74 32 dire
336 1686 22 32 il
382 1687 112 41 primo
519 1694 168 25 romanzo
712 1695 109 24 senza
846 1685 144 42 capitoli
1016 1685 33 32 di
1074 1691 106 35 prepa-

236 1738 155 42 razione,
415 1749 110 24 senza
547 1740 140 40 squarci
719 1740 199 40 riempitivi,
952 1747 109 24 senza
1098 1738 87 40 parti-

237 1792 111 33 colari
372 1793 126 40 oziosi,
522 1802 109 25 senza
654 1794 120 40 luoghi
799 1792 151 40 comuni,
974 1791 171 41 riposanti
1180 1799 19 24 e

238 1846 123 40 diluiti,
386 1856 96 32 ecc.;

322 1902 35 40 3)
391 1902 65 33 Chi
487 1912 111 33 segue
630 1904 31 32 le
695 1903 203 33 evoluzioni
930 1900 270 35 modernissime

239 1954 93 34 delle
350 1956 61 31 arti
430 1965 38 24 sa
487 1957 103 40 quale
608 1957 219 40 importanza
844 1956 107 33 abbia
969 1956 82 41 oggi
1070 1956 33 31 in
1117 1963 64 33 qua-

240 2010 130 40 lunque
395 2018 128 33 campo
548 2019 68 24 una
640 2011 251 32 affermazione
917 2011 165 32 concreta
1110 2010 91 32 sulla

241 2062 55 31 via
322 2063 64 32 che
404 2064 174 33 condurrà
602 2074 19 22 a
646 2065 96 32 modi
759 2065 33 31 di
810 2064 231 41 espressione
1059 2070 141 33 sempre

242 2116 58 40 più
324 2117 164 40 sintetici,
513 2118 78 34 cioè
616 2128 104 24 meno
745 2119 132 32 curanti
903 2118 33 32 di
953 2119 90 31 tutto
1068 2117 132 40 quanto

242 2177 68 23 non
336 2170 18 31 è
378 2173 207 33 essenziale.

284 2223 48 32 Mi
357 2232 118 32 preme
501 2226 33 31 di
560 2227 82 31 dare
668 2226 31 32 al
724 2226 170 41 pubblico
923 2227 127 39 questa
1084 2232 99 24 osser-

242 2276 150 34 vazione
415 2279 91 31 sulla
531 2279 216 40 importanza
771 2280 138 32 tecnica
934 2280 33 31 di
992 2279 85 32 Sam
1093 2277 108 33 Dunn

240 2328 22 33 è
284 2331 119 32 morto
416 2342 14 27 ;
465 2331 215 41 importanza
717 2334 64 31 che
818 2333 174 41 aggiunge
1028 2332 108 32 molto
1168 2331 33 32 ai

242 2384 96 32 molti
355 2385 112 32 valori
484 2387 33 31 di
536 2388 191 31 contenuto
745 2387 135 40 profusi
898 2387 32 31 in
949 2388 126 38 questa
1092 2394 109 32 opera

244 2440 232 34 interessante
501 2449 18 23 e
545 2442 185 40 profonda.

286 2547 200 33 Riconosco
512 2548 183 32 volentieri
720 2547 153 33 assieme
908 2547 54 32 all'
977 2549 122 31 autore
1136 2547 64 32 che

244 2610 33 31 in
301 2613 125 38 questa
451 2620 63 23 sua
540 2620 109 32 opera
673 2612 9 31 i
707 2612 110 33 valori
842 2612 34 32 di
901 2613 190 32 contenuto
1109 2620 92 24 sono

244 2674 264 35 innumerevoli.
533 2676 134 32 Intanto
691 2676 61 32 v'è
776 2677 33 31 in
846 2678 128 38 questo
1008 2676 89 31 libro
1133 2684 68 23 una

1520 306 156 42 quantità
1699 315 142 25 enorme
1873 307 33 32 di
1943 307 206 32 umorismo:
2184 305 191 33 umorismo
2411 304 65 32 che

1520 379 68 25 non
1613 372 123 32 stanca
1760 371 77 39 mai,
1862 371 64 33 che
1952 379 68 23 non
2046 371 74 31 urta
2145 369 76 40 mai,
2245 370 69 32 ben
2331 369 144 32 lontano

1519 436 45 32 da
1589 436 119 40 quello
1726 435 135 33 forzato
1879 435 167 31 distillato
2065 442 18 25 e
2101 434 195 32 artificioso
2315 433 56 33 dei
2388 432 72 32 fran-

1519 499 86 33 cesi.
1633 498 51 33 Un
1711 500 192 31 umorismo
1928 499 268 32 schiettamente
2232 498 155 37 italiano,
2412 497 64 30 che

1519 562 182 41 sprigiona
1724 569 45 25 un
1789 562 131 41 grande
1945 562 137 31 fascino
2107 570 19 23 e
2150 562 65 31 che
2240 560 100 33 attira
2364 559 98 33 irresi-

1520 625 214 33 stibilmente
1758 627 33 30 la
1816 632 86 26 sana
1927 635 18 22 e
1969 626 118 32 chiara
2111 625 114 32 risata.
2263 623 53 33 Un
2352 623 103 33 umori-

1520 696 77 26 smo
1633 690 150 31 formato
1823 690 33 31 di
1893 689 210 40 complicate
2138 689 148 38 trovate,
2314 694 144 33 persona-

1520 753 146 40 lissimo,
1685 755 65 31 che
1776 753 30 33 si
1823 753 298 33 riconoscerebbe
2138 753 112 32 anche
2267 752 50 32 fra
2333 752 31 32 le
2382 752 95 40 righe

1519 818 57 31 del
1601 817 59 41 più
1686 818 139 32 esotico
1850 817 101 32 libro.
1975 817 57 32 Ma
2058 816 56 33 ciò
2140 817 64 32 che
2229 816 59 41 più
2307 816 170 32 interessa

1520 881 33 31 in
1578 882 128 39 questo
1731 889 321 31 romanzo-poema
2075 880 19 32 è
2119 881 35 31 lo
2172 879 307 41 sconvolgimento

1521 945 34 31 di
1579 945 108 32 realtà
1712 945 63 31 che
1800 945 147 32 l'autore
1971 953 38 23 sa
2033 952 169 33 generare
2237 945 138 31 attorno
2411 942 68 32 alla

1520 1009 112 41 figura
1663 1009 206 38 medianica,
1894 1009 277 31 assolutamente
2207 1016 126 30 nuova,
2368 1008 94 38 strap-

1522 1074 80 40 pata
1627 1074 35 31 di
1686 1075 97 31 netto
1809 1075 42 30 da
1877 1082 43 23 un
1947 1074 132 31 mondo
2103 1074 181 32 cerebrale
2308 1089 21 6 -
2345 1071 97 32 lirico
2459 1089 21 5 -

1520 1136 202 39 fantastico,
1739 1137 56 32 del
1809 1137 251 41 protagonista.
2085 1135 312 41 Sconvolgimento
2415 1134 64 32 che

1522 1202 145 39 penetra
1692 1202 56 32 nel
1773 1201 154 33 cervello
1953 1202 57 31 del
2034 1201 137 38 lettore,
2197 1201 64 31 che
2288 1207 40 24 se
2352 1207 43 24 ne
2419 1197 42 32 im-

1522 1273 174 34 possessa
1720 1274 20 24 e
1764 1267 64 30 che
1853 1266 34 31 lo
1919 1265 151 32 trascina
2104 1263 57 33 nel
2194 1263 134 33 vortice
2354 1262 33 32 di
2412 1270 69 24 una

1521 1331 184 41 girandola
1729 1329 247 41 meravigliosa
2012 1329 34 32 di
2081 1328 275 40 esasperazione
2384 1326 96 33 lirica

1522 1403 19 25 e
1567 1394 33 33 di
1625 1394 136 40 pazzia.
1786 1394 117 31 Anche
1929 1394 31 31 la
1995 1394 110 40 figura
2131 1393 56 31 del
2222 1401 75 24 cav.
2321 1391 159 32 Santerni

1521 1458 31 32 ci
1588 1459 174 32 interessa
1793 1465 19 25 e
1844 1458 30 31 ci
1908 1458 145 31 diverte.
2084 1456 89 33 Essa
2206 1456 19 33 è
2255 1455 225 42 tratteggiata

1522 1530 67 24 con
1615 1522 93 32 bella
1739 1522 180 32 sicurezza
1956 1530 18 23 e
2011 1529 66 24 con
2111 1521 133 41 grande
2280 1520 131 33 abilità.
2446 1520 33 32 In

1523 1587 206 40 complesso
1754 1587 128 39 questo
1907 1585 99 40 libro,
2031 1585 112 32 simile
2175 1586 95 30 sotto
2295 1585 85 32 certi
2404 1592 60 33 rap-

1524 1649 90 41 porti
1639 1658 19 23 a
1686 1648 74 34 Con
1783 1649 101 32 mani
1912 1648 42 33 di
1982 1649 99 32 vetro
2083 1672 10 14 ,
2127 1648 19 33 è
2178 1657 67 23 una
2277 1648 144 32 miniera
2446 1648 34 32 di

1522 1712 206 34 sensazioni
1750 1721 118 25 nuove
1893 1721 19 24 e
1936 1712 35 32 di
1988 1712 248 33 sfaccettature
2253 1719 116 25 nuove
2389 1712 93 32 della

1522 1778 121 33 realtà.
1665 1768 27 41 È
1716 1786 43 23 un
1783 1777 90 32 libro
1898 1777 97 41 largo
2020 1785 19 23 e
2063 1778 115 37 vasto,
2205 1776 32 32 in
2269 1776 55 32 cui
2358 1775 34 33 v'
2406 1775 18 33 è
2460 1776 22 32 il

1522 1841 137 41 respiro
1685 1842 146 40 potente
1856 1841 34 32 di
1915 1848 115 25 nuove
2055 1840 111 32 forme
2191 1841 34 31 di
2250 1840 81 32 vita.

1567 1905 84 33 Sam
1675 1905 108 33 Dunn
1807 1904 20 33 è
1842 1905 119 32 morto
1986 1904 126 32 chiude
2144 1903 21 32 il
2197 1903 111 40 primo
2333 1903 148 41 periodo

1524 1969 156 33 dell'arte
1709 1969 34 32 di
1767 1968 119 33 Corra.

1566 2032 154 32 Periodo
1748 2032 33 33 di
1806 2032 215 32 costruzioni
2048 2032 224 31 meccaniche
2298 2041 17 22 e
2342 2031 33 32 di
2400 2039 60 24 esa-

1523 2098 142 38 sperate
1689 2096 155 32 ricerche
1876 2095 170 33 cerebrali
2075 2095 66 32 che
2166 2094 29 32 si
2219 2094 175 41 potrebbe
2423 2095 40 31 de-

1523 2159 101 34 finire
1648 2159 92 33 così:
1770 2168 45 24 un
1839 2159 171 33 tentativo
2028 2159 180 32 d'innesto
2226 2159 92 32 della
2341 2157 143 33 scienza

1524 2225 176 32 nell'arte.
1736 2224 184 33 Riuscito?
1962 2223 45 32 La
2049 2223 92 32 mole
2177 2231 18 24 e
2232 2223 252 40 l'importanza

1524 2288 194 40 dell'opera
1742 2290 64 30 che
1832 2297 43 22 ne
1900 2287 19 32 è
1948 2289 79 30 nata
2051 2295 67 23 non
2145 2288 71 39 può
2248 2286 128 32 lasciar
2406 2291 60 27 nes-

1524 2361 64 23 sun
1614 2351 135 33 dubbio
1773 2352 32 31 in
1841 2352 196 40 proposito.

1567 2415 106 41 Dopo
1698 2417 128 38 questo
1851 2415 140 31 volume
2016 2415 102 31 l'arte
2154 2415 34 30 di
2223 2413 116 33 Bruno
2376 2412 108 33 Corra

1524 2481 31 31 si
1579 2479 177 33 orrizonta
1784 2488 104 24 verso
1915 2479 20 32 il
1964 2487 165 24 romanzo
2155 2478 181 33 moderno.
2368 2477 35 32 Io
2439 2477 44 31 mi

1525 2552 132 33 auguro
1696 2544 54 32 eh'
1769 2543 68 41 egli
1880 2543 115 40 voglia
2038 2551 19 23 e
2097 2550 111 32 possa
2246 2541 68 32 ben
2362 2541 120 39 presto

1524 2611 138 31 tornare
1687 2609 68 32 alla
1790 2609 96 31 lirica
1921 2617 85 31 pura
2020 2616 7 22 :
2062 2606 32 32 in
2131 2607 128 39 questo
2295 2613 126 32 campo
2453 2604 31 32 ci

1526 2674 100 39 potrà
1649 2674 157 39 regalare
1832 2680 127 24 ancora
1985 2681 19 22 a
2028 2671 103 40 piene
2165 2669 90 32 mani
2281 2667 203 42 meraviglie

2800 300 36 33 di
2860 301 133 32 musica
3017 308 18 25 e
3061 301 33 32 di
3119 301 134 40 poes*a.

2843 363 64 33 Nel
2935 363 89 40 1917,
3048 364 98 40 dopo
3170 372 82 24 aver
3275 364 118 32 ideato
3411 364 55 32 col
3482 364 135 33 fratello
3642 372 19 24 e
3686 371 65 26 con

2800 427 184 33 Settimelli
3003 427 20 32 il
3048 427 111 41 primo
3184 426 70 34 film
3279 429 158 32 futurista
3460 437 20 24 e
3502 429 98 40 dopo
3624 436 129 25 averne

2802 492 124 32 diretta
2960 492 248 39 l'esecuzione,
3240 493 113 32 scrive
3388 500 66 25 con
3489 492 181 34 Settimelli
3704 493 49 32 La

2800 555 170 41 canaglia
2973 577 8 13 ,
3005 555 196 32 commedia
3224 555 33 32 in
3274 557 49 30 tre
3348 556 60 31 atti
3432 556 64 32 che
3520 556 92 32 nello
3635 557 118 32 stesso

2802 627 92 24 anno
2911 620 102 31 viene
3037 620 265 39 rappresentata
3325 627 20 24 a
3371 619 131 32 Milano
3538 619 90 33 dalla
3662 625 71 27 com-

2802 683 127 40 pagnia
2952 683 88 32 Tina
3064 683 34 33 di
3123 683 170 39 Lorenzo,
3316 690 108 26 senza
3448 690 181 26 successo.

2844 745 123 33 Subito
2991 747 97 39 dopo
3113 747 125 35 scrive,
3262 753 140 32 sempre
3420 746 32 32 in
3469 746 287 32 collaborazione

2801 818 68 23 con
2892 809 193 39 Settimelli,
3108 818 68 23 una
3200 810 196 31 commedia
3428 809 272 41 originalissima
3736 818 19 23 e

2802 873 226 32 vivacissima
3041 873 172 32 intitolata
3229 872 113 33 Becco
3360 871 39 41 +
3415 871 112 33 Becco
3543 885 43 15 =
3603 872 153 40 felicità.

2802 937 69 38 Ma,
2895 937 81 31 data
3000 937 33 31 la
3055 945 63 23 sua
3147 936 158 39 audacia,
3329 937 9 31 i
3356 936 219 40 capocomici
3606 937 148 30 trovano

2802 1000 133 32 infinite
2960 1000 170 32 difficoltà
3153 1008 63 32 per
3238 1000 281 40 rappresentarla
3542 1007 19 25 e
3578 999 118 39 allora,
3720 999 35 32 di

2802 1072 149 25 comune
2975 1065 166 38 accordo,
3157 1064 169 32 riducono
3351 1064 21 31 il
3391 1064 74 31 loro
3483 1064 133 38 lavoro,
3632 1064 121 31 scritto

2803 1137 67 23 con
2906 1128 189 32 intenzioni
3130 1128 101 38 serie,
3256 1137 18 22 a
3309 1135 67 24 una
3400 1135 111 30 revue,
3549 1127 65 32 che
3649 1126 101 33 viene

2803 1193 268 39 rappresentata
3109 1199 19 24 a
3166 1191 143 33 Firenze
3348 1191 91 32 dalla
3477 1191 208 40 compagnia
3720 1189 34 33 di

2801 1255 172 41 Spadaro.

2848 1319 133 32 Intanto
3006 1319 21 32 il
3051 1327 137 33 gruppo
3205 1318 56 33 dei
3285 1318 181 37 cerebrali,
3489 1318 64 31 che
3577 1318 56 40 già
3650 1317 29 32 si
3696 1325 59 24 era

2805 1384 166 32 allentato
2988 1384 46 31 fin
3054 1384 55 31 dal
3130 1382 87 38 1916,
3235 1382 29 33 si
3282 1382 147 40 scioglie
3448 1382 308 32 definitivamente.

2803 1448 45 32 Le
2873 1448 134 41 ragioni
3031 1449 64 31 che
3121 1446 281 32 determinarono
3428 1446 126 40 questo
3579 1446 160 39 disgrega-

2805 1514 117 32 mento
2953 1513 125 31 furono
3111 1513 157 37 diverse;
3295 1519 68 24 non
3396 1512 96 30 certo
3523 1511 50 31 fra
3597 1511 31 31 le
3654 1517 101 25 meno

2805 1576 198 41 importanti
3029 1577 33 30 lo
3087 1574 166 41 sviluppo
3278 1574 91 33 delle
3393 1573 95 33 varie
3516 1572 241 34 individualità

2805 1641 64 32 che
2894 1639 122 41 spinse
3040 1647 45 24 un
3111 1638 59 41 po'
3193 1638 76 32 tutti
3304 1646 104 23 verso
3443 1636 131 33 diversi
3598 1636 125 40 campi.

2846 1703 100 33 Nella
2971 1703 195 41 primavera
3189 1702 58 33 del
3272 1700 81 33 1918
3377 1708 82 26 esce
3483 1700 40 33 Io
3541 1700 29 32 ti
3583 1708 95 31 amo,
3702 1706 38 26 ro-

2805 1774 124 26 manzo
2944 1767 204 32 dell'amore
3165 1765 165 33 moderno
3347 1765 65 32 che
3429 1772 111 33 segna
3557 1772 62 32 per
3641 1762 116 34 Bruno

2803 1829 111 35 Gorra
2938 1831 130 31 l'inizio
3092 1829 33 33 di
3150 1838 43 23 un
3218 1838 119 23 nuovo
3360 1827 149 42 periodo
3534 1827 33 33 di
3591 1829 82 32 arte.

2847 1895 257 33 Abbandonate
3127 1894 88 32 tutte
3238 1894 32 31 le
3293 1893 206 39 esasperate
3522 1890 154 34 ricerche
3701 1897 39 26 ce-

2805 1959 126 34 rebrali
2947 1959 57 32 del
3017 1958 111 41 primo
3146 1957 148 41 periodo
3308 1957 106 34 tenta*
3426 1963 66 25 con
3505 1956 111 32 forme
3630 1964 129 31 nuove,

2805 2026 22 33 il
2851 2034 168 25 romanzo
3048 2026 169 31 moderno
3253 2024 33 32 di
3321 2024 79 31 vita.
3435 2022 257 33 Naturalmente
3726 2021 33 31 la

2806 2090 70 33 vita
2900 2090 65 32 che
2989 2089 31 32 ci
3044 2090 164 40 presenta
3233 2088 90 32 nelle
3349 2087 126 41 pagine
3498 2086 57 33 dei
3578 2085 79 33 suoi
3681 2083 78 33 libri

2804 2155 20 33 è
2848 2161 139 33 sempre
3012 2153 90 32 vista
3125 2153 195 31 attraverso
3339 2148 254 35 deformazioni
3617 2149 125 32 interes-

2806 2217 90 33 santi
2928 2215 157 42 originali
3120 2224 19 24 e
3174 2214 105 33 molte
3315 2214 95 32 volte
3443 2212 211 42 grottesche.
3690 2211 69 35 Ma,

2806 2281 212 40 sopratutto,
3048 2278 20 33 è
3092 2278 71 33 vita
3196 2285 93 31 vera,
3314 2277 178 39 strappata
3527 2275 90 33 dalla
3651 2275 108 32 realtà

2807 2354 19 23 e
2850 2344 56 33 dal
2930 2344 136 40 respiro
3090 2342 93 42 degli
3207 2341 128 33 uomini
3371 2349 18 24 e
3424 2345 79 26 resa
3537 2347 108 25 senza
3680 2338 79 32 vani

2806 2409 230 32 rivestimenti
3069 2407 163 38 letterari,
3266 2414 66 24 con
3365 2405 132 40 grande
3527 2403 181 32 sicurezza
3739 2410 19 25 e

2807 2480 66 26 con
2892 2481 75 23 rara
2991 2473 151 38 potenza
3167 2470 33 31 di
3224 2468 239 41 suggestione.

2849 2534 130 33 Debbo
3004 2533 72 32 dire
3101 2530 361 35 coscienziosamente
3487 2529 64 32 che
3576 2529 33 31 la
3635 2528 66 32 tesi
3718 2535 41 25 su

2807 2599 55 32 cui
2886 2598 19 32 è
2930 2596 207 41 imperniato
3161 2596 125 39 questo
3304 2601 178 30 romanzo,
3500 2600 67 24 non
3593 2591 19 32 è
3638 2598 101 25 ecces-

2807 2663 193 33 sivamente
3026 2660 177 41 originale.
3227 2659 100 33 Nella
3358 2657 167 33 moderna
3559 2656 200 32 letteratura

3740 2781 20 30 7
