4125 3032
416 248 297 52 POESIA

703 407 132 44 Cristo
865 414 21 37 è
917 424 76 27 con
1025 413 78 48 noi,
1134 414 76 38 che
1243 414 64 38 dal
1339 413 182 40 Calvario
1550 416 149 38 scende

706 487 115 39 Fuori
853 487 8 38 i
894 489 157 38 barbari
1070 487 8 39 !

705 561 118 38 Fuori
854 564 11 36 i
896 560 159 41 barbari
1074 564 8 36 !

703 635 104 40 Italia
825 636 8 39 !
865 636 104 39 Italia
988 637 8 38 !

703 709 78 47 Qui
811 713 33 36 si
874 714 198 36 combatte
1102 724 20 27 e
1154 724 79 27 non
1263 714 33 38 si
1328 715 144 50 piange
1503 714 69 50 più
1592 745 17 16 „

385 847 15 47 1
435 847 114 47 fanti
586 849 187 48 s'erano
825 855 163 56 aperto
1042 853 29 44 il
1122 865 143 35 varco
1311 853 70 47 fra
1427 854 41 46 le
1517 854 134 46 sedie
1703 856 282 46 trattandole

385 935 139 36 come
560 925 169 46 cavalli
766 926 46 46 di
850 926 161 47 Frisia.
1048 928 37 45 E
1120 928 366 46 s'accalcavano
1512 930 185 46 intorno
1734 930 93 47 alla
1862 931 99 46 into-

388 1000 179 46 natrice
604 1001 254 59 impavida,
896 1004 297 45 attentissimi
1220 1004 92 45 alla
1336 1016 88 33 sua
1449 1005 191 47 misura.
1667 1005 35 46 E
1738 1006 63 59 gli
1837 1001 146 51 Àrditi

389 1072 221 47 chiomati
648 1086 137 35 come
839 1075 62 60 gli
953 1075 147 48 Achei
1155 1077 232 47 levavano
1425 1079 12 44 i
1474 1079 191 59 pugnali
1705 1091 26 33 a
1782 1081 112 59 ogni
1932 1081 36 45 ri-

2316 433 162 46 presa;
2516 435 25 33 e
2579 423 42 46 le
2657 423 235 49 facevano
2930 427 190 48 intorno
3158 444 60 33 un
3259 435 127 43 serto
3424 431 44 47 di
3506 432 240 48 vendetta.

2759 557 107 40 Italia
2884 559 9 38 !
2923 558 107 41 Italia
3052 559 8 40 !

2756 631 75 39 Noi
2862 633 226 39 vinceremo
3118 645 24 27 o
3172 633 211 39 moriremo
3413 633 38 39 in
3483 636 35 36 te

2312 781 36 59 È
2396 794 193 60 dunque
2643 797 158 58 giusto
2855 798 87 46 che
2996 798 42 47 ai
3092 812 165 34 mazzo
3306 797 45 49 di
3400 800 214 61 garofani
3669 804 256 60 sanguigni

2312 868 171 48 offerto
2521 870 81 46 ieri
2639 883 26 34 a
2691 872 143 47 Luisa
2860 873 211 47 Bàccafa
3107 875 11 45 i
3146 866 268 69 Legionarii
3441 877 46 45 di
3514 877 164 47 Fiume
3713 878 212 48 abbiano

2311 957 210 47 sospeso
2558 958 85 46 per
2677 946 273 49 l'estremità
2992 949 75 46 del
3115 952 161 45 nastro
3323 950 77 47 dai
3438 954 67 43 tre
3543 952 149 45 colori
3727 952 196 48 fiumani

2311 1020 43 45 la
2391 1020 240 61 medaglia
2668 1021 46 46 di
2752 1021 183 50 Ronchi
2972 1024 124 47 dove
3134 1025 238 60 l'insegna
3402 1025 198 47 confitta
3635 1025 290 61 dell'Aquila

2311 1094 26 46 è
2373 1094 229 59 guardata
2640 1095 75 47 dal
2752 1096 123 47 ferro
2912 1099 361 58 impenetrabile
3308 1101 76 45 dei
3421 1099 257 51 liberatori.

3006 1257 319 67 Gabriele
3747 1261 79 65 d'Annunzio.

540 1479 134 39 Fiume
706 1480 164 40 d'Italia:
900 1482 220 48 primavera
1152 1484 62 38 del
1250 1485 111 39 1920.
