4125 3032
379 206 292 49 POESIA

829 522 495 137 MON
1436 517 574 153 DIEU,.
2112 517 614 137 VOUS
2833 512 554 142 ETES

501 1083 64 45 La
599 1082 236 46 meilleure
872 1095 172 44 preuve
1082 1093 91 45 que

501 1145 132 46 Vous
669 1144 109 46 Etes
814 1145 114 45 Mon
969 1144 134 56 Dieu,

503 1208 129 47 C'est
667 1220 90 45 que
794 1208 129 45 Vous
950 1219 119 33 nous
1096 1219 112 33 avez
1233 1206 171 58 permis
1431 1205 58 45 de
1515 1205 128 45 Vous
1671 1204 130 44 créer
1832 1215 117 46 pour

378 1274 130 43 notre
543 1271 254 59 plénitude.

503 1333 132 46 Vous
669 1333 125 55 Etes,

501 1397 68 56 Et,
607 1397 117 46 dans
759 1397 140 44 Votre
926 1394 325 56 mansuétude,
1276 1394 131 46 Vous
1431 1397 254 54 permettez
1710 1393 27 44 à
1763 1392 185 58 chaque

378 1459 184 60 planète
599 1459 57 46 de
700 1459 139 45 Votre
887 1458 130 44 Infini
1065 1455 254 60 Royaume,
1366 1457 27 44 à
1437 1457 185 55 chaque
1669 1454 172 60 peuple
1890 1454 58 46 de

379 1525 120 43 cette
536 1523 200 57 planète,
773 1523 27 44 à
835 1520 185 58 chaque
1056 1520 209 46 individu
1303 1519 57 45 de
1395 1531 55 33 ce
1497 1518 188 59 peuple,
1722 1518 58 45 de
1827 1529 122 34 vous

359 1586 168 46 .croire

503 1647 71 47 Un
611 1660 59 33 ou
713 1647 289 57 Davantage,

501 1711 237 47 Uniforme
776 1723 59 32 ou
871 1708 325 60 Polymorphe,

503 1774 66 44 En
604 1773 102 47 Une
743 1773 238 45 Personne
1018 1784 61 33 ou
1116 1784 56 33 en
1209 1770 255 55 Plusieurs,

503 1835 110 48 Seul
650 1850 60 32 ou
747 1836 339 59 accompagné,

494 1900 346 58 .Omnirégnant
876 1911 61 32 ou
974 1897 282 59 Corégnant,

504 1966 43 42 et
583 1962 129 47 Vous
748 1975 57 33 ne
842 1963 128 46 Vous
1004 1962 264 44 formalisez
1304 1961 232 45 d'aucune
1573 1961 176 58 espèce
1787 1959 138 46 d'ado-

379 2027 163 44 ration.

503 2088 101 45 Aux
640 2100 101 44 uns,
777 2088 130 45 Vous
942 2099 113 33 avez
1092 2086 156 46 donné
1285 2088 41 44 le
1362 2086 242 59 spectacle
1641 2086 57 45 de
1735 2086 43 45 la
1813 2086 109 45 révé-

379 2151 154 52 lation,
571 2154 45 42 et
650 2164 90 32 aux
774 2153 169 54 autres,
988 2163 91 31 non
1098 2165 8 31 :

505 2215 54 44 Et
593 2213 128 46 Vous
755 2226 115 33 avez
907 2213 142 45 laissé
1086 2225 134 43 ceux,
1257 2225 118 46 pour
1409 2213 79 56 qui
1535 2212 128 46 Vous
1712 2224 57 33 ne
1816 2210 132 47 Vous

381 2277 115 44 étiez
533 2288 85 46 pas
660 2277 170 56 révélé,
866 2276 131 45 Vous
1044 2276 194 58 appeler
1282 2276 206 52 Irrévélé,
1530 2287 78 45 ou,
1643 2276 167 54 mème,
1848 2274 84 46 Irré-

379 2339 197 56 vélable,
614 2342 58 53 et,
708 2352 117 44 pour
860 2339 147 56 Vous,
1044 2352 50 33 se
1131 2339 197 46 dévorer
1362 2344 107 41 tous
1510 2340 127 44 entre
1684 2352 104 32 eux.

504 2403 132 45 Vous
670 2415 115 33 avez
829 2403 142 45 voulu
1020 2415 105 46 que,
1173 2403 235 45 d'aucuns
1453 2428 28 5 -
1528 2403 59 45 oh
1636 2401 314 60 épuvantable

381 2465 298 58 blasphème!
716 2492 28 5 -
778 2478 121 33 vous
934 2466 139 52 niant,
1111 2469 257 43 restassent
1413 2465 282 47 incrédules.

505 2527 103 47 Pis!
646 2528 130 46 Vous
810 2541 114 32 avez
960 2530 203 44 autorisé
1200 2541 90 46 que
1328 2528 203 46 d'autres
1568 2541 57 33 ne
1652 2531 216 43 crussent
1893 2541 56 33 en

381 2591 129 45 Vous
547 2605 92 44 que
675 2605 117 45 pour
825 2592 131 46 Vous
1003 2593 221 56 maudire,
1262 2596 45 42 et
1357 2593 207 59 proférer
1616 2596 160 43 contre
1820 2592 132 47 Vous

383 2654 68 45 les
487 2657 120 43 mots
644 2654 280 58 sacrilèges:

2900 760 95 30 Deus
3018 759 128 39 paucis
3170 758 200 40 cogitabilis
3394 759 54 30 est
3468 756 113 40 (apul)

2901 812 87 30 Ecce
3012 820 66 31 ego
3102 811 174 31 vobiscum
3300 818 76 24 sum
3405 809 159 32 omnibus
3588 807 123 32 diebus
3743 813 110 32 usque

2942 865 47 30 ad
3010 865 332 31 consummationem
3359 863 139 32 sceculis
3526 862 60 40 (St.
3605 861 82 32 Mat.
3706 858 149 44 XXVIII)

2907 917 93 39 Vere,
3025 917 34 31 tu
3082 917 53 30 est
3156 917 96 31 Deus
3276 916 227 31 absconditus
3526 914 84 42 (IsaT
3632 912 102 40 XLV)

2902 969 68 32 Cur
2987 968 134 41 faciem
3148 971 92 29 tuam
3265 968 214 31 abscondis?
3503 966 88 40 (Job.
3617 965 54 39 III)

2401 1075 131 45 Vous
2569 1088 57 33 ne
2664 1077 68 44 les
2768 1088 115 33 avez
2918 1088 87 46 pas
3040 1077 153 56 punis.

2400 1139 155 46 Miex!
2592 1138 220 53 Souvent,
2851 1139 140 46 Votre
3028 1138 168 45 Divine
3223 1138 258 45 Fécondité
3508 1136 115 46 s'est
3649 1134 207 47 étendue

2274 1214 79 33 sur
2389 1214 115 43 eux;

2401 1265 420 57 conséquemrnent
2851 1266 25 43 à
2901 1263 141 46 Votre
3078 1263 181 56 Parole,
3290 1263 56 46 ils
3383 1265 79 43 ont
3489 1262 95 56 crù,
3610 1260 244 58 multiplié,

2273 1327 81 46 fait
2390 1328 58 45 de
2485 1328 203 59 grandes
2728 1328 225 56 fortunes,
2989 1328 176 45 obtenu
3209 1328 59 45 de
3315 1328 44 45 la
3403 1326 369 54 considération,
3811 1326 45 44 et

2274 1392 144 57 passé
2456 1403 89 33 une
2582 1390 122 50 belle
2741 1393 72 44 vie
2850 1390 58 47 de
2942 1392 94 58 joie
3075 1404 77 32 sur
3186 1393 122 44 cette
3335 1393 117 43 terre
3480 1389 58 46 de
3565 1388 288 56 souffrance,

2273 1456 139 44 avant
2448 1455 58 43 de
2544 1455 170 45 mourir
2752 1454 417 58 magnifiquement
3219 1467 79 33 sur
3337 1454 141 46 Votre
3527 1453 128 56 Sein,
3704 1454 45 43 et
3796 1450 58 47 de

2274 1517 180 45 résider
2489 1516 118 46 dans
2643 1516 141 46 Votrè
2821 1516 354 46 Bienheureuse
3213 1515 176 48 Gioire.

2401 1581 116 44 Mon
2554 1580 146 47 Dieu!
2739 1581 27 46 6
2801 1581 116 44 Mon
2954 1580 146 47 Dieu!

2401 1643 28 46 il
2467 1656 58 32 ne
2561 1656 120 33 nous
2718 1656 57 33 en
2809 1643 98 46 faut
2942 1656 86 46 pas
3066 1643 118 59 plus,
3222 1656 118 46 pour
3373 1644 136 59 juger
3553 1655 92 45 que

2401 1707 133 45 Vous
2570 1707 108 45 Etes
2715 1708 61 44 Le
2812 1707 124 45 Tout
2982 1707 234 56 Puissant,

2401 1770 219 46 Meilleur
2654 1783 90 46 que
2781 1783 136 44 nous,
2954 1773 44 43 et
3033 1770 257 46 infiniment
3326 1769 411 57 Miséricordieux,
3776 1771 78 56 qui

2276 1846 120 33 nous
2433 1834 230 45 accordez
2701 1834 154 45 d'ètre
2880 1835 128 44 aussi
3035 1834 156 45 divers
3216 1834 26 44 à
3268 1832 141 46 Votre
3435 1832 146 60 égard
3607 1845 94 46 que
3734 1845 123 34 nous

2274 1909 207 34 sommes
2518 1896 282 57 nombreux;
2840 1896 58 46 de
2934 1896 128 57 faire,
3097 1897 225 45 vis-à-vis
3376 1896 58 46 de
3470 1895 133 47 Vous
3657 1909 55 33 ce
3762 1907 94 47 que

2276 1973 120 35 nous
2432 1961 229 56 voulons;

2400 2024 134 46 Nous
2569 2023 269 60 pardonnez
2875 2025 43 44 et
2955 2023 220 46 bénissez
3212 2022 118 45 dans
3367 2023 42 44 le
3453 2023 89 44 mal
3591 2036 94 45 que
3734 2034 123 35 nous

2274 2090 191 43 tentons
2502 2086 57 46 de
2594 2099 121 33 vous
2756 2086 127 46 faire.

2404 2151 169 52 Meme,
2610 2151 44 57 je
2691 2150 123 46 crois
2850 2161 90 47 que
2977 2147 131 46 Vous
3142 2160 114 34 avez
3292 2149 142 44 voulu
3483 2161 120 33 nous
3655 2155 206 41 montrer

2274 2227 93 45 que
2407 2213 132 47 Vous
2575 2213 207 45 n'aimez
2819 2225 85 46 pas
2941 2212 42 45 la
3017 2211 211 57 flatterie,
3266 2211 301 57 l'adulation,
3607 2213 44 45 ni
3699 2213 42 46 le
3790 2226 48 34 re-

2276 2279 147 58 spect,
2461 2277 234 58 préférant
2729 2277 27 44 à
2793 2276 307 45 l'obédience
3137 2274 44 46 la
3214 2274 205 56 révolte;

2404 2339 90 47 Car
2527 2339 88 60 j'ai
2652 2352 155 33 connu
2845 2339 85 45 des
2965 2338 214 44 hommes
3228 2339 79 56 qui
3354 2338 131 46 Vous
3528 2339 222 46 aimaient
3800 2339 58 47 de

2274 2406 101 44 tout
2412 2405 99 43 leur
2545 2415 157 43 coeur,
2741 2403 57 45 de
2835 2405 97 42 tout
2968 2401 99 45 leur
3101 2413 156 45 corps,
3294 2401 59 46 de
3389 2404 129 43 toute
3555 2403 100 44 leur
3689 2404 121 56 àme,

2404 2467 131 46 Vous
2572 2467 205 45 louaient
2813 2466 183 57 chaque
3034 2465 227 56 seconde,
3301 2467 43 42 et
3379 2466 188 45 avaient
3591 2467 125 45 voué
3754 2467 81 46 cha-

2276 2542 122 35 cune
2437 2532 57 43 de
2531 2530 123 45 leurs
2691 2528 211 56 cellules,
2939 2530 213 43 chacune
3189 2528 57 45 de
3284 2527 125 47 leurs
3434 2530 287 57 sensations,
3749 2531 84 46 cha-

2276 2606 122 33 cune
2434 2593 60 46 de
2530 2593 124 45 leurs
2690 2592 205 58 pensées
2932 2591 26 45 à
2992 2593 130 43 votre
3160 2591 207 45 couleur.

2404 2657 57 44 Ils
2498 2668 57 33 ne
2592 2657 203 43 vivaient
2831 2667 90 44 que
2959 2667 119 44 pour
3114 2665 90 46 que

384 2799 37 30 18
