3497 4363
1730 170 111 52 388

225 297 205 37 deutseben
458 300 279 47 Bearbeitung?
764 302 69 35 Nie
861 302 76 34 und
964 304 181 42 nimmer;
1175 304 64 35 der
1260 305 125 34 Kranz
1409 307 63 34 des
1494 308 149 46 Siegers
1670 320 42 33 ge-

223 355 111 36 bührt
361 358 68 34 den
450 358 408 48 Decorationsmalern,
888 361 59 34 die
977 362 83 33 eine
1081 362 116 35 Reihe
1221 363 215 44 herrlicher,
1467 367 244 45 farbenpräch-

221 416 97 45 tiger
344 417 277 35 Decorationen
649 418 37 34 in
716 419 198 34 reizenden
943 419 248 35 Fernsiebten
1230 422 76 34 und
1347 421 220 37 luxuriösen
1598 426 108 33 Gemä-

222 475 112 35 chern
361 475 184 44 lieferten,
588 477 82 34 dem
699 477 132 45 Maler,
873 478 64 34 der
965 478 57 33 die
1051 478 160 35 Skizzen
1241 491 48 23 zu
1317 480 70 35 den
1416 482 152 35 reichen
1599 483 111 35 Costu-

221 545 84 24 men
333 537 166 42 entwarf,
529 536 83 34 dem
639 537 284 47 Maschinisten,
955 538 63 34 der
1045 537 300 37 überraschende
1366 541 260 35 Kunststücke
1655 542 76 42 bot,

219 604 36 25 u.
284 605 29 23 s.
342 605 43 23 w.
428 594 106 35 Für's
564 595 106 45 Auge
700 596 126 34 wurde
856 597 104 34 Alles
985 596 151 46 gethan,
1166 597 92 36 für's
1288 599 78 35 Ohr
1393 612 67 33 gar
1489 601 136 43 nichts,
1655 601 77 34 und

218 652 81 35 hier
333 653 91 34 trifft
465 655 81 32 eine
584 664 130 35 grosse
744 654 140 35 Schuld
925 655 70 34 den
1025 656 287 45 Capellmeister
1338 659 198 44 Müller,
1580 661 64 33 der
1684 671 47 23 zu

217 710 122 36 dieser
366 711 75 35 viel
468 711 129 37 Musik
626 713 265 35 erfordernden
920 716 132 34 Feerie
1094 717 82 33 eine
1206 717 165 34 Partitur
1397 718 157 44 lieferte,
1596 720 58 34 die
1683 731 46 22 an

216 769 393 38 Melodieen-Armuth
637 772 77 35 und
743 773 202 47 Oedigkeit
971 774 80 34 sich
1081 774 218 36 überbietet.
1389 777 53 34 lm
1472 778 117 34 Jahre
1622 776 108 45 1814,

216 830 78 36 also
324 844 67 22 vor
419 834 285 46 einundfünfzig
732 835 156 43 Jahren,
932 835 128 35 wurde
1100 836 116 34 schon
1246 837 139 33 einmal
1413 838 50 33 im
1493 838 161 34 Theater
1682 850 46 21 an

215 891 65 34 der
308 892 108 35 Wien
447 894 65 33 das
542 894 383 46 Ausstattungsstück
946 896 95 44 „Die
1305 898 182 45 gegeben.
1517 899 77 33 Das
1623 899 106 44 Sujet

213 950 50 34 ist
289 961 95 34 ganz
414 951 169 35 dasselbe
611 953 198 42 Märchen,
851 952 163 36 welches
1056 953 64 35 der
1160 955 178 47 heutigen
1384 956 256 47 Bearbeitung
1681 968 47 23 zu

216 1008 150 35 Grunde
394 1009 103 47 liegt,
544 1011 76 34 und
649 1011 85 34 dass
762 1011 98 34 auch
888 1012 143 35 damals
1064 1013 60 34 für
1159 1014 83 34 eine
1269 1015 179 35 brillante
1478 1017 250 43 Ausstattung

212 1072 154 41 gesorgt
393 1080 87 32 war,
525 1069 107 35 dafür
661 1069 111 47 bürgt
800 1070 65 37 der
892 1071 117 35 Name
1038 1072 63 34 des
1132 1073 141 34 Grafen
1300 1073 134 46 Palffy,
1477 1073 162 35 welcher
1667 1074 41 34 be-

211 1125 196 37 kanntlich
436 1140 62 23 um
521 1130 91 44 jene
641 1131 82 33 Zeit
751 1131 65 34 das
847 1131 160 36 Theater
1036 1145 47 22 an
1112 1133 64 34 der
1197 1134 111 35 Wien
1337 1135 179 45 dirigirte.
1549 1135 71 33 Die
1644 1136 56 32 Mu-

211 1185 58 35 sik
296 1198 47 22 zu
372 1187 82 34 dem
483 1189 141 34 Stücke
665 1190 102 35 hatte
806 1191 63 34 der
904 1192 194 36 berühmte
1128 1193 212 35 Hummel
1369 1195 223 45 componirt.
1649 1195 79 33 Das

211 1244 105 35 Buch
346 1245 161 37 befindet
534 1248 81 34 sich
643 1249 98 35 noch
771 1250 111 36 heute
919 1252 37 33 in
987 1251 63 34 der
1077 1252 219 35 Bibliothek
1331 1254 63 33 des
1425 1252 301 45 Carl-Theaters,

209 1303 39 35 in
277 1304 141 35 welche
447 1317 39 23 es
515 1308 173 34 Director
717 1309 85 34 Carl
830 1309 61 36 bei
919 1310 122 35 seiner
1068 1311 303 47 Uebersiedlung
1409 1325 73 21 von
1521 1313 65 35 der
1616 1314 109 33 Wien

209 1364 38 34 in
277 1364 58 35 die
353 1365 268 47 Leopoldstadt
649 1369 294 45 mitgenommen
972 1369 112 38 hatte.
1114 1371 83 35 Auf
1221 1371 83 35 dem
1326 1372 219 35 Titelblatte
1568 1374 48 33 ist
1638 1372 86 35 kein

211 1424 191 34 Verfasser
428 1426 90 34 oder
542 1426 219 36 Bearbeiter
795 1434 179 41 genannt,
1020 1441 38 24 es
1087 1430 117 36 heisst
1231 1430 123 37 bloss:
1398 1433 97 43 „Die
1522 1432 204 35 Eselshaut

207 1494 37 23 u.
271 1494 28 25 s.
329 1495 58 32 w.,
416 1486 97 34 nach
545 1486 82 34 dem

308 1544 73 34 Die
421 1556 73 23 von
533 1544 190 36 Flotow
764 1548 59 35 für
863 1549 66 36 das
968 1550 271 36 Carl-Theater
1281 1552 235 47 componirte
1546 1551 178 48 Operette

205 1600 103 35 führt
335 1602 70 34 den
436 1604 117 34 Titel:
584 1605 103 44 „Das

305 1719 29 33 B
350 1717 83 36 eck
443 1731 137 24 mann
610 1720 128 37 wurde
765 1722 37 35 in
829 1722 185 49 Salzburg
1044 1736 85 23 vom
1154 1724 151 47 Könige
1335 1736 71 23 von
1427 1725 188 34 Preussen
1645 1737 50 23 em-

203 1780 166 46 pfangen
399 1780 75 34 und
503 1779 136 36 erhielt
667 1781 69 35 den
766 1783 300 36 Kronen-Orden
1096 1784 131 36 dritter
1256 1785 143 36 Classe.

303 1898 96 35 Herr
428 1898 110 35 Otto
576 1899 128 35 Bach
747 1900 66 36 hat
839 1912 41 24 so
911 1901 93 35 eben
1034 1903 84 34 eine
1148 1903 220 47 zweiactige
1396 1903 198 37 komische
1623 1905 101 46 Oper

200 1956 206 48 vollendet,
433 1959 112 35 deren
574 1961 99 33 Text
701 1960 59 35 Le
790 1960 155 47 Sage's
974 1962 88 45 „Gil
1234 1969 242 30 entnommen
1502 1966 61 34 ist.

309 2070 308 40 JLlssaboil«
663 2075 71 34 Ein
763 2075 163 35 Journal
957 2075 280 37 veröffentlicht
1278 2078 59 34 die
1363 2079 102 33 Liste
1502 2079 65 35 der
1606 2086 94 28 mate-

199 2131 132 37 riellen
360 2134 432 46 Beifallsbezeigungen,
821 2136 59 34 die
910 2136 64 35 der
1003 2138 183 45 Sängerin
1216 2138 199 47 Volpini
1442 2139 56 35 als

197 2192 38 34 in
266 2193 139 35 diesem
435 2195 171 34 Sommer
634 2206 45 22 an
711 2195 119 33 einein
863 2196 172 46 einzigen
1064 2196 156 35 Abende
1246 2209 49 23 zu
1323 2198 111 35 Theil
1462 2199 167 35 wurden.

248 2254 107 34 Beim
383 2253 195 36 Auftreten
1237 2255 46 38 18
1314 2258 184 43 Sträusse,

1263 2314 23 38 2
1314 2318 164 44 Kränze,

1182 2375 102 39 2000
1312 2380 139 43 Kosen,

1308 2439 197 36 Gedichte.

303 2514 18 19 „
378 2487 151 34 Terzett
559 2488 26 33 I.
616 2486 116 36 Actes
1229 2488 49 38 20
1307 2492 187 46 Sträusse,

1308 2553 195 36 Gedichte.

299 2636 18 19 „
373 2609 172 44 Quartett
573 2610 47 36 11.
653 2609 114 36 Actes
1235 2611 45 40 10
1309 2616 186 43 Sträusse,

1260 2676 15 35 1
1308 2677 139 35 Kranz.

245 2731 65 33 Bei
343 2730 64 35 der
437 2730 161 47 „letzten
1308 2738 174 37 Sträusse
1512 2740 76 35 und
1618 2742 75 34 Tau-

1348 2799 74 36 ben
1451 2799 98 37 ohne
1577 2801 104 37 Zahl.

246 2853 104 33 Beim
381 2853 104 34 Ende
513 2853 63 35 des
605 2855 48 35 IL
683 2855 115 35 Actes
1234 2857 45 39 15
1308 2860 187 38 Sträusse.

299 2940 18 19 „
373 2916 67 36 111.
470 2915 95 35 Acte
1228 2917 50 39 35
1308 2921 185 44 Sträusse,

1255 2978 23 38 3
1308 2982 164 36 Kränze.

246 3034 67 34 Bei
344 3033 63 35 der
435 3034 188 36 Romanze
650 3047 67 25 aus
745 3036 63 36 der
837 3038 275 39 Sonnambula.
1131 3068 34 11 ..
1252 3039 22 37 5
1303 3041 185 45 Sträusse,

1253 3098 19 39 1
1303 3102 139 35 Kranz.

244 3156 106 34 Beim
372 3156 65 35 IV.
466 3155 96 36 Acte
1256 3159 22 38 6
1310 3163 138 35 Salven
1477 3164 184 47 Applaus,

1230 3220 47 39 26
1308 3223 186 46 Sträusse,

1259 3281 23 38 3
1313 3284 168 45 Kränze,

1262 3341 21 38 6
1314 3344 167 36 Pensdes
1531 3346 68 36 mit
1640 3348 49 35 Na-

1361 3416 196 38 menszug,

1307 3466 199 48 Gedichte,

1260 3526 169 37 Schauer
1456 3540 75 24 von
1561 3531 137 35 Kosen.

195 3581 55 34 Im
279 3580 152 35 Ganzen
461 3578 72 39 190
562 3582 207 45 Bouquets,
800 3580 45 37 17
871 3583 243 46 Hervorrufe,
1146 3583 42 38 11
1220 3587 162 45 Kränze,
1412 3589 198 36 Hunderte
1637 3603 74 22 von

194 3639 170 47 Tauben,
393 3640 200 48 unzählige
623 3641 183 36 Gedichte
835 3655 36 23 u.
901 3654 28 24 s.
963 3657 43 22 w.

296 3756 268 35 Ferdinand
605 3757 126 35 Laub
774 3758 65 35 hat
874 3759 83 35 eine
984 3759 197 37 Professur
1222 3773 62 23 am
1326 3774 73 23 neu
1441 3765 270 36 constituirten

192 3819 248 34 moskauer
470 3819 330 34 Conservatorium
829 3820 69 34 mit
925 3820 122 35 einem
1067 3822 248 46 Jahrgehalte
1345 3836 74 23 von
1441 3822 100 39 3500
1561 3825 150 37 Kübeln

193 3891 284 35 angenommen.
534 3879 59 35 An
628 3878 214 36 demselben
873 3882 188 47 Institute,
1104 3883 132 36 dessen
1266 3886 178 34 Director
1472 3886 238 37 Nikolaus

195 3940 148 35 Rubin
357 3942 124 33 stein
510 3941 59 43 ist,
614 3940 154 35 wurden
797 3941 97 34 auch
925 3942 58 35 die
1011 3943 146 36 Herren
1194 3944 165 36 Anton
1403 3947 149 44 Door,
1596 3949 113 37 Karl

195 4001 171 45 Tausig
409 4001 75 35 und
512 4002 64 34 der
604 4001 149 35 Pianist
794 4002 183 47 Joseph
1016 4005 310 36 Wieniawski
1368 4006 54 36 als
1465 4008 245 38 Professoren

193 4062 68 33 mit
289 4061 271 38 bedeutendem
589 4062 161 38 Gehalte
780 4064 214 46 angestellt.

1934 308 278 38 Moniuszko
2255 311 38 35 in
2342 313 260 35 Warschau
2645 314 160 36 beendet
2845 315 84 35 eine
2967 327 97 25 neue
3093 318 121 44 Oper:
3248 318 104 44 „Das

2287 371 143 35 welche
2471 374 38 32 in
2538 374 165 35 Kurzem
2744 374 83 35 dort
2867 375 39 34 in
2935 375 121 35 Scene
3086 376 124 45 gehen
3240 377 108 36 wird.

1829 428 111 33 Seine
1970 429 146 34 frühere
2145 430 100 45 Oper
2478 432 73 36 soll
2580 433 122 36 dieser
2730 436 103 45 Tage
2863 445 86 25 zum
2978 435 246 37 hundertsten
3246 437 106 36 Male

1827 487 170 46 gegeben
2032 488 164 35 worden.

2177 3596 71 51 pic

1810 3657 187 35 erscheint
2028 3657 113 44 jeden
2182 3658 172 47 Samstag
2395 3660 39 33 in
2478 3661 123 34 einem
2643 3672 146 35 ganzen
2826 3662 130 47 Bogen
3001 3663 68 34 mit
3104 3662 240 47 zwanglosen

1811 3707 193 47 Beilagen.
2114 3709 76 33 Der
2212 3710 386 48 Abonnementspreis
2619 3713 148 46 beträgt
2801 3715 59 33 für
2890 3715 64 34 das
2976 3714 188 44 Halbjahr
3191 3711 23 38 2
3230 3714 115 41 Thlr.,

1810 3759 59 34 bei
1897 3759 72 35 den
1991 3760 47 34 K.
2067 3771 142 35 preuss.
2232 3762 311 36 Post-Anstalten
2572 3762 22 37 2
2610 3763 104 36 Thlr.
2739 3765 22 36 5
2781 3765 81 46 Sgl*.
2918 3766 96 34 Eine
3043 3765 170 36 einzelne
3233 3766 83 34 Num-

1809 3822 79 23 mer
1914 3809 24 37 4
1967 3810 82 47 Sgr.

1912 3863 125 34 Briefe
2065 3863 79 34 und
2163 3864 278 48 Zusendungen
2474 3865 93 36 aller
2586 3867 70 35 Art
2683 3867 153 36 werden
2863 3872 112 31 unter
3002 3868 65 36 der
3092 3867 164 37 Adresse
3285 3868 64 36 der

1808 3914 52 35 M.
1891 3914 542 49 DuMont-Schauberg'schen
2461 3918 307 48 Buchhandlung
2794 3921 38 33 in
2863 3920 102 35 Köln
2995 3921 163 35 erbeten.

1928 4026 358 35 Verantwortlicher
2314 4029 287 46 Herausgeber:
2631 4029 101 36 Prof.
2765 4029 35 35 L
2803 4055 12 11 .
2845 4029 169 47 Bischoff
3042 4033 40 33 in
3110 4031 114 37 Köln.

1885 4077 197 48 Verleger:
2114 4078 45 34 M
2159 4106 8 8 .
2197 4078 419 50 DuMont-Schauberj
2632 4081 89 35 sehe
2749 4081 304 48 Buchhandlung
3083 4084 39 34 in
3151 4083 115 36 Köln.

1841 4129 192 37 Drucker:
2067 4128 52 37 M.
2150 4129 417 47 DuMont-Schauberg
2595 4133 37 34 in
2662 4133 115 43 Köln,
2815 4134 244 36 Breitstrasse
3088 4133 48 39 76
3162 4147 35 25 u.
3230 4135 61 38 78.

2359 727 456 73 änküttbiguitgen.

1928 894 108 35 Mein
2063 894 131 47 Lager
2221 896 69 35 der
2318 897 370 47 ausgezeichnetsten

2144 962 264 73 Flügel
2449 964 157 60 und
2651 964 360 62 Claviere

2542 1063 75 26 von

2329 1115 276 66 Mterz
2651 1117 221 67 und
2912 1115 380 89 JPieyei

1821 1204 48 36 ist
1894 1207 192 35 nunmehr
2112 1207 226 48 vollständig
2368 1208 174 36 assortirt
2575 1210 83 36 und
2694 1211 187 47 empfehle
2907 1211 59 35 ich
2994 1212 190 37 dieselben
3210 1225 47 24 zu
3281 1225 56 35 ge-

1821 1257 146 47 neigter
1997 1258 157 36 Ansicht
2180 1260 82 35 und
2290 1261 197 35 Abnahme
2516 1261 158 37 bestens.

2811 1321 79 48 «/.

2700 1393 72 40 Nr.
2803 1399 20 32 1
2855 1397 389 48 Marspfortengasse.

1928 1494 688 64 Conservatorium
2667 1500 125 59 für
2843 1500 264 61 Musik
3157 1502 82 59 in

2385 1583 404 74 Stuttgart.

1925 1677 75 37 Mit
2025 1677 84 37 dem
2136 1681 185 46 Anfange
2348 1681 65 35 des
2452 1681 382 48 Winter-Semesters,
2865 1684 75 36 den
2968 1686 61 34 16.
3058 1684 156 36 October
3234 1684 37 35 d.
3295 1684 30 36 J

1823 1726 152 38 können
2002 1729 40 36 in
2072 1730 110 43 diese,
2203 1732 78 44 für
2308 1733 252 47 vollständige
2589 1734 242 48 Ausbildung
2865 1735 142 36 sowohl
3032 1747 72 24 von
3133 1735 217 38 Künstlern

1820 1781 57 34 als
1904 1781 97 35 auch
2038 1794 72 22 von
2138 1782 179 36 Lehrern
2351 1784 83 35 und
2462 1784 272 38 Lehrerinnen
2775 1786 202 36 bestimmte
3006 1788 164 41 Anstalt,
3214 1788 135 37 welche

1820 1845 71 22 aus
1920 1831 274 39 Staatsmitteln
2223 1835 275 37 subventionirt
2533 1837 57 44 ist,
2634 1849 97 25 neue
2761 1837 163 37 Schüler
2950 1839 85 35 und
3062 1838 285 39 Schülerinnen

1821 1882 198 38 eintreten.

1923 1936 83 35 Der
2044 1937 219 36 Unterricht
2291 1940 179 35 erstreckt
2497 1939 80 36 sich
2604 1941 77 43 auf
2704 1942 252 43 Elementar-,
2987 1942 120 36 Chor-
3135 1942 84 36 und
3238 1942 106 37 Solo-

1816 1999 155 35 gesang,
2007 1988 177 45 Ciavier-,
2234 1990 141 46 Orgel-,
2416 1990 141 37 Violin-
2599 1992 83 36 und
2720 1993 312 46 Violoncellspiel,
3082 1994 267 37 Tonsatzlehre

1821 2038 352 48 (Harmonielehre,
2209 2041 279 46 Contrapunkt,
2518 2043 288 47 Formenlehre,
2840 2046 130 35 Vocal-
2999 2046 82 35 nnc£
3107 2045 240 37 Instrumen-

1818 2089 327 46 tal-Compositum
2173 2093 104 35 nebst
2300 2092 178 36 Partitur
2480 2093 124 47 spiel),
2638 2095 218 37 Geschichte
2883 2096 69 36 der
2975 2097 141 45 Musik,
3145 2098 199 36 Methodik

1818 2141 64 36 des
1914 2142 165 47 Gesang-
2109 2143 83 35 nndf
2223 2144 165 35 Ciavier-
2402 2145 249 44 Unterrichts,
2687 2148 257 46 Orgelkunde,
2972 2148 266 37 Declamation
3265 2150 85 37 und

1817 2190 239 39 italienische
2086 2193 184 47 Sprache,
2317 2196 81 36 und
2577 2198 149 36 ertheilt
2765 2211 74 23 von
2879 2199 75 35 den
2983 2201 185 35 Herren:
3212 2200 133 43 Stark,

1818 2244 326 48 Kammersänger
2180 2246 210 47 Rauscher,
2438 2248 151 44 Lebert,
2640 2249 232 47 Hofpianist
2912 2249 216 44 Pruckner,
3179 2251 167 47 Speidel,

1816 2295 108 47 Levi,
1954 2296 203 44 Professor
2192 2298 136 47 Faisst,
2367 2300 253 46 Hofmusiker
2648 2302 229 47 Debuyshre,
2919 2302 254 47 Hofmusiker
3200 2303 145 45 Keller,

1821 2347 310 38 Concertmeister
2154 2349 150 48 Singer,
2329 2350 253 48 Hofmusiker
2603 2352 119 45 Boch,
2750 2354 310 36 Concertmeister
3085 2356 262 45 Goltermann,

1816 2411 39 24 «o
1889 2399 67 36 wie
1994 2413 72 23 von
2105 2401 74 36 dfen
2207 2402 158 36 Herren
2394 2403 163 45 Alwens,
2612 2404 92 45 Tod,
2749 2404 133 49 Atting
2885 2418 52 32 er,
2983 2405 171 48 Hauser,
3203 2406 141 46 Peron,

1818 2451 374 47 Hof-Schauspieler
2221 2454 129 36 Arndt
2376 2455 84 35 und
2486 2455 179 36 Secretär
2692 2457 182 36 Runzier.

1922 2505 88 33 Für
2037 2504 70 36 das
2129 2504 299 47 Ensemblespiel
2451 2506 91 37 sind
2568 2508 264 48 regelmässige
2857 2509 205 37 Lectionen
3090 2510 257 47 eingerichtet.

1816 2553 79 37 ifwr
1933 2555 153 47 Uebung
2114 2556 51 35 im
2190 2557 241 46 'öffentlichen
2470 2559 185 48 Vortrage
2684 2560 82 36 und
2792 2561 52 35 im
2877 2563 54 33 Gr
2933 2561 145 36 ehester
3078 2561 97 47 spiel
3199 2562 48 35 ist
3273 2563 76 36 den

1816 2606 122 48 dafür
1966 2608 217 47 befähigten
2212 2608 189 38 Schülern
2429 2611 186 46 ebenfalls
2646 2611 244 48 Gelegenheit
2914 2613 174 47 gegeben.

1918 2660 84 34 Das
2023 2660 197 46 jährliche
2249 2663 189 34 Honorar
2471 2664 78 45 für
2585 2664 61 35 die
2683 2664 258 48 gewöhnliche
2969 2664 99 37 Zahl
3093 2677 73 24 von
3206 2665 135 37 Unter-

1815 2709 281 48 richtsfächern
2126 2712 149 47 beträgt
2292 2714 79 46 für
2401 2714 282 38 Schülerinnen
2717 2719 76 33 100
2823 2716 154 37 Gulden
3005 2716 196 38 rheinisch
3230 2720 67 43 (57
3304 2716 10 24 x
3316 2718 31 45 /%

1823 2762 119 47 Thlr.,
1970 2766 76 33 215
2075 2764 103 47 Fr.),
2200 2766 79 44 für
2307 2764 164 37 Schüler
2499 2769 76 34 120
2607 2768 152 36 Gulden
2791 2768 67 46 (68
2861 2767 14 21 s
2876 2770 33 42 /$
2946 2769 121 44 Thlr.,
3095 2771 78 34 257
3201 2769 106 48 Fr.).

1919 2815 293 48 Anmeldungen
2239 2818 134 35 wollen
2413 2831 68 22 vor
2522 2818 70 36 der
2626 2832 62 23 am
2723 2823 61 32 11.
2819 2821 158 36 October
3005 2820 101 37 Statt
3125 2821 221 47 findenden

1813 2864 426 52 Aufnahme-Prüfung
2281 2882 52 23 an
2362 2869 63 36 die
2467 2872 302 35 unterzeichnete
2798 2871 116 37 Stelle
2952 2873 185 46 gerichtet
3178 2873 167 44 werden,

1811 2929 73 24 von
1912 2919 158 35 welcher
2096 2919 100 36 auch
2223 2920 71 36 das
2323 2923 307 45 ausführlichere
2659 2923 231 48 Programm
2924 2925 70 36 der
3024 2926 154 36 Anstalt
3204 2931 137 31 unent-

1809 2968 156 49 geltlich
1991 2984 47 22 zu
2067 2971 171 37 beziehen
2265 2972 59 36 ist.

1914 3029 203 50 Stuttgart,
2146 3032 51 36 im
2225 3034 150 47 August
2401 3036 113 35 1865.

2201 3104 72 34 Die
2302 3104 199 36 Direction
2531 3105 65 35 des
2626 3106 357 37 Conservatoriums
3012 3109 59 35 für
3100 3109 139 35 Musik,

2446 3164 164 39 I*rof.
2642 3166 98 37 I)i%
2771 3165 209 40 Faisst.

1919 3268 80 35 Alle
2025 3281 42 23 in
2091 3269 131 36 dieser
2248 3270 322 49 Musik-Zeitung
2594 3272 293 45 besprochenen
2922 3274 86 35 und
3033 3275 316 47 angekündigten

1811 3319 232 38 Musikalien
2071 3328 67 29 etc.
2173 3322 93 36 sind
2296 3335 49 22 zu
2375 3323 180 36 erhalten
2580 3324 43 35 in
2650 3324 71 36 der
2746 3331 92 30 stets
2862 3326 235 47 vollständig
3122 3328 226 35 assortirten

1810 3371 473 50 Musicalien-Handlung
2302 3375 86 35 und
2403 3375 257 37 Leihanstalt
2681 3388 78 25 von
2777 3376 318 39 BERNHARD
3115 3378 234 37 BREUER

1805 3425 43 35 in
1877 3424 118 44 Köln,
2028 3437 134 35 grosse
2187 3426 259 48 Budengasse
2476 3428 75 35 Nr.
2582 3432 19 31 1
2607 3457 10 17 }
2660 3441 43 23 so
2745 3429 72 36 wie
2857 3429 61 36 bei
2943 3430 39 35 J.
3014 3430 85 35 FR.
3141 3430 208 40 WEBER,

1811 3476 131 36 Höhle
1972 3477 76 37 Nr.
2076 3480 38 35 1.
