2601 4404
172 427 115 42 Paul
334 425 176 48 Eluard
557 438 43 36 et
646 432 61 41 les
751 429 98 54 plus
898 432 257 46 troublants
1203 435 173 44 dessins
1423 436 53 45 de
1523 437 114 44 Max
1686 436 151 54 Ernst,
1884 436 306 59 l'apostrophe
2235 441 61 47 du
2342 440 133 47 Mont

170 485 154 42 Liane.
353 487 37 40 Il
417 501 54 27 ne
533 488 95 50 agit
654 490 97 49 plus
780 492 25 40 d
825 491 93 42 être
945 492 158 50 simple
1131 494 112 41 mais
1270 496 52 41 de
1350 497 240 50 reprocher
1618 499 24 41 à
1673 499 112 41 Paul
1812 500 172 45 Eluard
2011 516 82 28 une
2122 502 249 50 perfection
2401 504 73 50 qui

167 547 207 49 pourrait
398 550 94 41 être
521 549 283 51 dangereuse
830 565 117 36 pour
976 552 40 42 la
1046 551 260 52 réputation
1333 563 41 35 et
1405 557 262 44 l'existence
1696 560 51 42 de
1774 574 82 28 nos
1882 561 99 50 plus
2009 561 269 51 dangereux
2306 560 167 54 poètes,

175 606 98 41 lire
302 606 24 42 à
357 618 79 39 350
470 608 315 52 exemplaires,
816 625 47 28 ce
898 610 111 43 livre
1042 627 44 28 se
1117 614 118 42 vend
1271 627 46 28 12
1354 615 155 44 francs
1543 617 93 51 (Au
1671 617 116 45 Sans
1824 619 185 50 Pareil).
2044 622 84 44 Les
2163 622 175 44 dessins
2370 631 101 34 sont

164 678 57 27 au
246 665 185 41 nombre
457 666 53 41 de
541 678 41 27 11
613 667 107 41 dont
746 682 56 27 un
833 683 50 27 en
911 670 219 42 couleurs.

218 804 100 40 Der
357 804 157 44 Sturm
562 805 90 52 (N°
701 819 35 39 3,
785 821 121 29 mars
957 808 122 51 1922)
1127 810 201 44 contient
1373 826 87 29 une
1505 812 122 52 pièce
1672 815 54 43 de
1764 807 174 55 théâtre
1981 816 53 44 de
2079 816 184 44 Tristan
2309 819 158 47 Tzara,

158 862 75 42 des
259 866 171 48 poèmes
457 863 52 43 de

166 920 210 55 Philippe
416 921 239 53 Soupault,
693 923 112 43 Paul
843 923 187 53 Eluard,
1066 921 251 56 Benjamin
1355 928 148 51 Péret,
1540 930 160 44 Andre
1726 924 199 56 'Breton,
1964 933 204 53 Georges
2206 933 264 47 Ribemont-

165 981 291 53 Dessaignes,
500 984 156 50 Roger
698 984 173 52 Vitrac,
914 985 248 44 Théodore
1206 986 240 56 Fraenkel,
1493 990 114 42 Paul
1652 991 189 47 Morise.
1881 994 194 51 Jacques
2122 996 164 51 Baron,
2331 996 139 45 Louis

163 1040 209 52 Aragon,
410 1038 126 46 l'Œil
574 1042 56 43 de
666 1042 113 43 Zinc
818 1051 41 36 et
896 1045 78 42 des
1011 1045 176 44 dessins
1221 1047 55 41 de
1313 1047 113 42 Man
1463 1048 99 53 Ray
1597 1057 43 37 et
1679 1051 52 43 de
1769 1051 252 52 Delaunay.
2062 1054 45 50 (2
2143 1054 171 44 francs.
2350 1056 42 41 A
2430 1056 41 42 la

158 1097 197 47 librairie
390 1101 97 52 Six,
519 1112 22 39 5
571 1116 174 29 avenue
778 1104 54 41 de
863 1103 252 46 Lowendal
1145 1112 43 35 et
1218 1120 57 27 au
1309 1106 117 45 Sans
1460 1107 164 52 Pareil,
1656 1121 65 39 37,
1752 1122 177 32 avenue
1959 1112 201 53 Kléber.)

213 1217 216 54 Mécano,
457 1233 136 30 revue
619 1219 291 44 hollandaise
936 1220 176 53 dirigée
1143 1235 78 38 par
1251 1222 124 51 J.-K.
1408 1224 173 44 Bonset
1614 1235 40 36 et
1686 1225 85 46 Th.
1804 1243 87 28 van
1926 1229 257 54 Doesburg.
2216 1233 43 50 (2
2296 1233 170 47 francs,

160 1276 40 42 A
233 1277 41 43 la
304 1277 204 44 librairie
541 1278 97 51 Six,
668 1290 35 39 5,
729 1294 177 30 avenue
941 1282 53 42 de
1026 1282 286 52 Lowendal.)
1345 1283 92 44 Des
1472 1285 259 45 dadaïsmes
1760 1288 54 42 de
1845 1296 103 36 tous
1980 1291 61 42 les
2070 1291 152 51 étages
2256 1291 210 44 envoient

160 1337 123 42 leurs
321 1337 155 43 dames
518 1352 56 28 au
616 1339 139 42 salon.
797 1338 42 42 A
881 1339 95 43 lire.

212 1468 141 43 Foule
391 1469 230 44 immobile
660 1485 79 37 par
780 1471 140 51 Serge
960 1471 296 45 Charchoune
1296 1475 39 51 (1
1381 1475 56 43 fr.
1482 1476 66 52 50)

217 1675 94 43 Une
350 1676 205 42 nouvelle
595 1690 156 30 revue,
768 1677 272 43 américaine
1078 1693 54 27 va
1171 1679 197 51 paraître
1406 1679 24 42 à
1470 1680 173 43 Vienne
1684 1695 103 28 sous
1829 1682 39 43 la
1909 1683 216 43 direction
2164 1685 52 43 de
2259 1685 197 45 Gorham

152 1734 50 43 B.
236 1736 211 41 Munson.
482 1736 90 42 Son
604 1736 104 42 titre
739 1744 65 35 est
844 1753 21 24 «
902 1737 234 45 Secession
1172 1754 21 24 »
1233 1746 41 35 et
1308 1738 38 43 le
1377 1739 309 50 représentant
1718 1741 23 41 à
1778 1741 143 52 Paris,
1973 1744 191 42 Matthew
2201 1744 260 52 Josephson.

210 1941 74 42 Un
316 1955 114 38 coup
458 1941 55 42 de
544 1941 125 43 force
699 1943 59 43 du
786 1943 134 52 jeune
950 1944 54 42 V.
1035 1958 111 38 pour
1177 1945 244 52 s'emparer
1451 1946 54 44 de
1536 1948 38 42 la
1606 1948 216 43 direction
1855 1950 52 42 de
1945 1965 21 23 «
2001 1949 233 44 Aventure
2267 1967 20 25 »
2325 1958 133 44 ayant

154 2001 84 42 mis
266 2007 115 38 cette
411 2016 135 28 revue
578 2016 106 28 sous
712 2002 42 42 la
783 2003 156 55 tutelle
971 2003 214 44 militaire
1209 2005 57 42 de
1301 2005 199 48 Picabia,
1526 2020 81 28 son
1639 2006 308 44 co-directeur
1978 2010 65 44 M.
2075 2010 175 42 Marcel
2282 2010 177 44 Arland

156 2061 141 43 fonde
334 2075 87 29 une
457 2062 209 43 nouvelle
705 2076 137 29 revue
882 2078 21 23 «
943 2049 93 56 Dés
1074 2078 41 28 ».
1152 2064 62 45 Le
1251 2064 169 44 hasard
1456 2073 42 36 et
1534 2067 192 42 l'amour
1764 2068 58 42 du
1856 2068 91 49 jeu.

209 2264 126 41 Dans
368 2264 39 42 la
440 2264 153 42 Revue
622 2263 291 44 Américaine
949 2280 21 25 «
1006 2265 141 43 HOY
1179 2282 21 25 »
1240 2281 56 27 un
1327 2266 157 44 article
1516 2268 52 42 de
1599 2268 238 48 Huidobro
1870 2284 74 27 sur
1977 2271 40 40 la
2049 2270 148 52 poésie
2234 2270 222 53 française

153 2321 109 42 clans
350 2323 81 42 lesquel
456 2337 111 28 nous
595 2323 204 57 relevions
827 2330 112 36 cette
965 2324 162 45 phrase
1159 2339 7 27 :
1200 2340 22 25 «
1254 2326 152 41 Parmi
1435 2328 59 40 les
1522 2325 146 44 élèves
1697 2328 51 41 de
1776 2327 146 42 Henri
1951 2329 177 42 Barzun
2155 2337 39 34 et
2224 2327 230 47 Sébastien

200 2393 130 28 voiront
346 2385 26 34 ii
409 2394 92 27 ,aiK
529 2390 98 32 ciir/i
786 2388 52 36 niï
864 2386 69 45 vU|;
949 2397 13 26 j
1204 2384 120 42 jifei
1417 2400 8 23 \
1439 2401 33 23 .a
1502 2401 11 32 j
1594 2384 24 54 -'
1754 2402 36 26 -:c
1819 2387 112 49 b'*!g<
1978 2394 23 33 t.
2048 2402 16 26 s
2093 2387 73 44 bo*
2212 2398 244 40 gtavnria*<~

154 2437 93 41 rien
282 2438 73 49 qui
391 2437 84 43 fait
506 2438 76 42 des
617 2439 261 42 recherches
913 2441 325 41 enthousiastes
1271 2451 108 31 dans
1416 2440 39 43 la
1489 2441 147 43 vieille
1669 2441 149 51 poésie
1854 2457 42 30 ».

206 2647 114 42 Man
357 2647 99 51 Ray
494 2661 54 28 va
586 2647 172 51 publier
797 2661 57 27 un
891 2647 151 42 album
1082 2648 53 41 de
1178 2659 46 29 12
1261 2647 349 52 photographies
1649 2647 243 52 originales
1935 2648 161 52 18X24
2134 2663 101 28 sous
2275 2651 39 41 le
2352 2650 101 41 titre

158 2723 27 23 «
216 2706 88 44 Les
339 2706 198 51 Champs
571 2706 222 42 délicieux
830 2722 21 24 »
892 2720 110 29 avec
1035 2721 84 27 une
1153 2706 186 51 préface
1372 2708 52 41 de
1458 2706 184 43 Tristan
1679 2707 162 43 Tzara.
1878 2706 81 44 Cet
1993 2710 149 40 album
2180 2724 96 27 sera
2311 2709 84 42 tiré
2430 2709 24 41 à

150 2778 52 38 40
241 2765 312 51 exemplaires,
594 2765 39 42 le
671 2777 47 38 41
726 2770 12 13 e
778 2765 273 50 exemplaire
1091 2765 259 42 contiendra
1393 2766 60 41 les
1496 2766 214 51 épreuves
1750 2767 76 40 des
1867 2765 163 43 clichés
2072 2767 141 50 rayés.
2255 2766 118 43 C'est
2413 2767 40 41 la

150 2824 222 51 première
407 2823 96 42 fois'
527 2838 84 35 que
641 2823 39 42 la
713 2823 327 53 photographie
1070 2832 66 33 est
1164 2824 113 42 mise
1308 2838 74 27 sur
1416 2826 37 40 le
1486 2825 145 41 même
1663 2826 102 50 plan
1798 2839 82 35 que
1914 2826 60 40 les
2009 2839 173 28 œuvres
2214 2825 239 52 picturales

148 2883 257 50 originales.
442 2883 63 45 Le
541 2883 191 51 procédé
769 2882 388 52 photographique
1193 2890 64 34 est
1296 2882 148 43 utilisé
1483 2884 53 40 ici
1574 2898 112 36 pour
1724 2898 210 35 marquer
1971 2899 57 27 un
2067 2884 89 42 état
2193 2884 182 51 d'esprit
2411 2893 40 34 et

150 2943 221 41 constitue
409 2957 52 26 en
502 2942 162 42 dehors
705 2943 74 40 des
821 2941 263 43 recherches
1126 2942 74 41 des
1242 2942 191 51 peintres
1475 2943 52 41 de
1566 2944 40 41 la
1647 2942 203 43 dernière
1891 2942 169 52 époque
2099 2957 55 27 un
2198 2944 74 41 des
2314 2943 137 42 essais

149 3002 75 41 des
264 3002 96 49 plus
403 3000 303 42 intéressants.

208 3060 61 44 Le
296 3060 101 50 prix
424 3060 52 41 de
503 3066 66 35 cet
594 3058 152 43 album
772 3066 65 35 est
863 3060 52 41 de
944 3060 118 41 200
1092 3059 56 42 fr.
1177 3073 110 37 pour
1317 3060 61 41 les
1404 3059 341 51 souscripteurs.

207 3118 67 45 En
308 3119 147 41 raison
490 3119 56 41 du
578 3119 145 49 tirage
755 3118 222 50 restreint,
1011 3119 30 40 il
1072 3133 54 27 ne
1159 3133 97 27 sera
1289 3119 144 41 donné
1467 3119 111 41 suite
1610 3119 163 48 qu'aux
1807 3119 286 41 commandes
2128 3119 75 41 des
2237 3119 213 50 premiers

150 3183 215 45 quarante
409 3177 341 51 souscripteurs.

208 3237 157 42 Prière
393 3237 238 49 d'envoyer
664 3237 61 40 les
755 3235 322 51 souscriptions
1110 3235 24 42 à
1166 3236 109 41 Man
1311 3236 111 50 Ray,
1458 3246 57 40 15,
1547 3250 77 27 rue
1656 3235 255 51 Delambre,
1945 3235 129 42 Paris
2110 3236 68 50 (15
2183 3239 14 15 e
2198 3236 30 50 )-

775 3424 592 81 DERNIÈRE
1436 3441 402 62 HEURE

146 3568 87 45 Les
267 3567 223 42 membres
520 3568 59 41 du
618 3566 203 54 Congrès
855 3567 59 42 du
949 3567 330 51 Modernisme,
1315 3567 23 42 à
1359 3568 50 41 la
1444 3568 114 43 suite
1593 3567 77 43 des
1702 3581 209 29 menaces
1946 3568 52 41 de
2032 3566 215 52 quelques
2284 3566 135 50 impos-

144 3636 122 33 teurs
300 3625 210 52 perfides,
546 3634 78 35 ont
661 3625 157 43 décidé
854 3627 27 41 il
916 3642 27 35 y
978 3641 22 27 a
1037 3627 216 50 quelques
1288 3627 129 50 jours
1453 3627 341 42 d'abandonner
1832 3634 113 35 cette
1977 3627 249 41 excellente
2261 3625 95 42 idée
2393 3625 54 42 de

149 3686 191 41 circuler
382 3700 176 27 comme
599 3687 60 40 les
703 3684 156 43 chiens
901 3700 53 27 en
996 3685 131 44 laisse
1167 3693 126 34 entre
1335 3686 62 41 les
1438 3685 226 51 principes
1705 3687 74 42 des
1821 3684 198 43 célèbres
2061 3683 286 44 théoriciens.
2395 3684 54 43 Le

148 3743 205 52 Congrès
388 3752 149 34 meurt
572 3745 52 41 de
656 3743 320 45 nationalisme
1009 3758 56 28 au
1098 3744 221 46 chocolat,
1353 3745 54 42 de
1439 3745 151 41 vanité
1623 3744 193 43 vanillée
1849 3752 40 35 et
1924 3745 54 41 de
2011 3745 40 42 la
2086 3743 139 42 bêtise
2256 3757 191 37 presque

144 3804 144 40 suisse
320 3804 54 40 de
402 3803 327 50 quelques-uns
767 3804 52 40 de
853 3818 81 26 nos
968 3803 100 51 plus
1103 3802 144 52 précis
1279 3802 305 52 concitoyens.

147 3919 246 43 Secession
435 3934 24 27 a
501 3934 122 36 paru.
671 3921 84 43 Les
798 3920 246 42 excellents
1089 3921 157 41 efforts
1291 3922 54 40 de
1388 3921 203 41 Munson
1635 3928 40 34 et
1719 3921 52 43 de
1809 3920 258 51 Josephson
2112 3927 215 35 mettront
2369 3920 77 41 des

151 3977 144 43 fesses
329 3978 112 42 dans
475 3978 150 42 l'huile
658 3977 215 52 coagulée
905 3986 41 34 et
977 3978 197 52 parasite
1204 3980 57 41 de
1292 3979 183 51 Broom,
1512 3979 131 45 Little
1677 3978 198 52 Review,
1909 3980 100 41 Dial
2046 3986 41 34 et
2115 3980 119 41 leurs
2265 3992 181 27 morues

146 4036 241 42 d'aisance.

1313 4253 241 43 Gérant:
1590 4251 201 52 Georges
1824 4249 560 51 Ribemont-Dessaignes.
