2204 3233
1048 292 74 29 397

236 1227 102 52 J'ai
418 1247 72 35 vu
552 1230 83 52 les
697 1230 256 54 maisons
1037 1236 217 51 nouées
1310 1253 228 38 comme
1597 1236 84 55 les
1748 1255 263 39 anneaux

157 1319 179 54 d'une
374 1321 204 53 chaîne
609 1320 156 56 l'une
806 1327 32 49 à
873 1326 129 51 côté
1042 1324 71 54 de
1143 1324 226 67 l'autre,
1416 1345 247 37 cousues
1701 1327 73 56 de
1821 1330 150 55 flanc
1987 1366 24 5 -

162 1413 49 53 la
259 1411 297 74 grandeur
593 1413 73 55 de
702 1415 55 53 la
776 1420 208 50 nature
1004 1416 318 56 confirmée
1342 1437 104 54 par
1483 1419 212 56 l'effort
1740 1421 236 56 humain
1995 1442 10 33 :

161 1505 46 52 la
260 1509 133 50 cent
448 1505 274 55 millième
759 1508 187 72 partie
985 1507 71 55 de
1097 1509 52 53 la
1190 1509 153 67 ville,
1400 1510 50 55 la
1487 1529 104 39 rue

242 1598 263 55 Elément
524 1599 395 56 insaisissable
959 1601 144 54 dont
1145 1621 74 35 ne
1256 1621 62 35 se
1338 1603 244 56 doutera
1594 1604 208 73 jamais
1831 1604 150 58 l'ahu-

157 1691 319 54 rissement
519 1692 235 72 général

157 1802 243 36 essence
421 1783 140 55 d'un
584 1802 275 56 paysage,
884 1786 157 53 force
1058 1787 257 71 majeure
1333 1795 74 47 où
1423 1790 235 54 domine
1680 1790 52 53 le
1754 1795 254 68 mystère

157 1877 261 74 surprise
466 1876 71 56 de
612 1876 53 55 la
727 1877 268 55 dernière
1042 1879 148 54 cime
1232 1913 22 5 -
1295 1881 346 73 expiration,
1693 1882 52 54 là
1801 1889 77 48 où
1926 1882 83 55 les

157 1970 142 55 toits
346 1970 439 55 s'entremêlent
829 1988 227 37 comme
1102 1971 83 54 les
1228 1990 219 55 vagues
1487 1973 74 54 de
1595 1974 54 55 la
1689 1993 143 37 mer.

232 2063 114 67 Qui
391 2068 278 49 trouvera
707 2063 55 53 le
810 2081 220 54 moyen
1074 2064 71 55 de
1206 2065 285 73 naviguer
1531 2084 101 37 sur
1684 2086 95 35 ces
1811 2068 198 72 angles

157 2158 189 55 hissés
381 2173 72 37 en
498 2156 201 73 pointe
730 2158 10 50 !
779 2157 55 53 la
876 2156 264 55 violence
1181 2162 265 51 cassante
1503 2158 103 55 des
1656 2159 349 68 cheminées,

158 2253 193 52 lances
383 2253 310 60 menaçant
722 2248 55 55 la
823 2248 250 56 sécurité
1111 2248 79 57 du
1239 2251 202 54 navire

230 2343 149 55 Ville
415 2345 9 49 !
498 2341 245 57 attribut
796 2342 74 55 de
914 2342 282 55 l'univers
1252 2350 241 67 marqué
1539 2363 102 36 sur
1690 2346 52 53 la
1773 2346 132 55 liste
1938 2347 72 54 de

158 2441 196 52 toutes
435 2436 87 54 les
609 2435 436 55 énumérations
1121 2437 313 54 accrochée
1497 2455 72 37 au
1629 2443 250 49 sommet
1936 2437 74 55 de

157 2529 325 59 l'Eternité.
