2446 3529
113 2309 280 55 REVUE
447 2314 65 51 et
573 2310 385 55 EDITIONS
1082 2313 124 53 SIC

1056 2421 480 53 Dépositaire
1597 2435 199 42 pour»
1838 2423 70 42 la.
1961 2425 257 43 Suisse

522 2554 765 115 LIBRAIRIE
1411 2557 92 112 K
1515 2557 432 114 UNO!G

113 2770 115 130 4,
278 2773 211 111 Rue
530 2770 132 112 du
720 2768 366 127 Rhône,
1711 2747 457 135 GENÈVE

102 3227 204 61 TOUTE
339 3222 310 64 DEMANDE
690 3222 79 59 DE
812 3220 312 61 SPECIMEN
1162 3220 145 58 DOIT
1333 3207 160 71 ÊTRE
1536 3204 465 74 ACCOMPAGNÉE
2054 3220 79 58 DE
2178 3222 140 66 3,30.

277 314 584 178 Galerie
935 332 361 168 Paul
1380 337 815 178 Guillaume

275 531 94 56 rOK,
404 534 267 67 Faubourg
703 540 388 61 Saint-Honoré,
1150 549 213 48 PAIUS.
1501 555 304 63 Téléphone:
1849 562 178 60 Elysée
2049 564 152 49 46.24

549 670 544 117 ACHAT
1189 690 132 104 et
1428 685 526 119 VENTE

1032 844 439 58 D'OEUVRES

132 921 110 97 de
275 926 89 94 la
389 926 282 99 Jeune
704 934 414 96 Peinture
1141 964 18 66 :
1758 947 206 48 o
1971 985 8 20 '
2063 949 267 51 Vlaminck
2335 990 12 20 -

130 1084 165 94 des
343 1086 41 153 slaîtr5
384 1086 277 97 laître
668 1114 49 69 ®
747 1091 734 132 Contemporains
1512 1127 15 66 :

348 1215 163 40 Pissai
524 1227 46 41 o,
606 1215 182 55 Sisle\,
832 1216 85 45 Lei
933 1216 79 46 the
1048 1218 224 57 Morisot,
1324 1221 184 48 Claude
1539 1225 180 58 Monet,
1754 1229 179 61 Degas,
1968 1232 239 61 Marquet.
2240 1240 97 43 etc.

247 1314 47 47 cl
341 1309 71 52 (le
461 1309 576 63 SCULPTURES
1090 1318 337 59 NEGRES
1479 1324 68 52 de
1589 1330 127 49 tout
1752 1331 251 69 premier
2043 1332 194 55 ordre.

219 1449 44 44 M
332 1451 131 48 Paul
506 1454 309 49 Guillaume
840 1472 53 30 se
922 1457 183 64 charge
1151 1460 60 44 de
1275 1460 286 49 l'exécution
1625 1466 59 46 de
1734 1472 110 42 tous
1898 1470 171 46 ordres
2133 1472 211 49 d'Achat

119 1526 93 30 aux
242 1512 188 47 Ventes
467 1514 265 64 publiques
774 1533 63 30 ou
877 1522 24 42 à
938 1519 263 60 l'amiable,
1257 1524 134 44 aussi
1427 1524 109 47 bien
1580 1543 94 45 que
1721 1529 57 45 de
1820 1530 43 45 la
1911 1531 154 47 Vente
2102 1533 87 45 des
2234 1534 120 46 Col-

125 1572 211 48 lections
365 1577 361 60 particulières.

215 1636 69 45 La
310 1653 148 30 revue
539 1639 97 47 Les
658 1641 117 46 Arts
823 1659 24 28 a
870 1643 140 46 Paris
1096 1646 261 60 renseigne
1386 1664 84 28 sur
1518 1648 69 45 les
1621 1651 257 47 actualités
1919 1654 64 44 du
2027 1661 314 42 mouvement

121 1696 90 48 des
231 1698 119 47 Arts
380 1704 50 41 et
463 1700 62 47 de
564 1701 42 46 la
641 1702 267 47 Curiosité.

823 1874 22 21 /
