2204 3233
1062 240 75 29 399

224 1087 440 97 L'homme
738 1143 63 15 -
875 1092 124 94 La
1050 1092 206 97 ville
1322 1148 63 15 -
1439 1095 114 96 Le
1604 1120 370 99 voyage.

249 1526 219 55 A-t-on
523 1527 211 72 jamais
797 1529 184 54 sondé
1047 1530 146 55 dans
1262 1549 105 37 son
1425 1550 238 38 essence
1740 1535 290 55 l'élément

266 1619 135 53 ville
513 1663 10 23 ,
561 1624 90 49 cet
702 1620 418 74 impénétrable
1157 1623 296 68 isolateur,
1502 1643 75 36 ne
1607 1625 242 56 laissant
1897 1646 99 55 par-

176 1712 165 53 venir
391 1729 113 37 aux
543 1712 269 54 hommes
865 1732 187 38 aucun
1112 1714 170 55 fluide
1324 1715 184 56 direct
1562 1723 218 50 venant
1822 1719 72 55 de
1930 1720 102 55 l'é~

176 1821 169 37 corce
395 1808 301 64 terrestre,
765 1806 70 53 de
881 1807 53 53 la
978 1813 190 48 même
1230 1809 98 73 qui
1376 1811 65 53 fit
1483 1812 274 71 parvenir
1799 1818 33 49 à
1873 1813 160 55 l'état

176 1898 186 54 actuel
412 1897 56 55 la
518 1898 286 73 première
848 1898 202 55 cellule
1110 1902 320 72 organique
1483 1908 107 50 née
1632 1905 71 54 de
1741 1922 106 37 son
1892 1922 106 37 con-

179 1994 355 49 sentement,

260 2082 80 54 Le
369 2081 240 74 produit
655 2090 237 47 servant
938 2091 31 46 à
1030 2090 161 51 créer
1253 2093 151 49 cette
1450 2089 226 54 surface
1737 2090 296 55 tellement

180 2174 321 54 artificielle
538 2175 100 73 qui
698 2178 291 54 constitue
1031 2178 53 53 la
1144 2179 152 67 ville,
1341 2183 141 52 c'est
1522 2187 232 50 surtout
1787 2183 53 53 la
1882 2183 123 73 pier-

180 2286 83 48 re,
302 2267 258 54 d'autres
599 2286 172 56 corps
807 2270 192 54 moins
1027 2272 232 68 denses,
1292 2273 130 72 plus
1464 2273 267 74 capables
1765 2275 71 54 de
1864 2275 140 55 deve-

184 2359 92 55 nir
331 2359 315 75 n'importe
699 2362 190 72 quelle
933 2363 227 71 liqueur
1223 2366 383 72 vaporisable,
1653 2371 137 51 c'est
1836 2372 199 51 autant

186 2452 581 74 d'incompatibilités
816 2453 261 74 obligées
1131 2456 70 53 de
1256 2458 184 54 s'unir
1483 2476 138 37 sous
1660 2460 50 53 la
1770 2461 267 71 pression

188 2550 309 67 étrangère
544 2551 32 47 à
616 2543 125 58 leur
784 2562 261 41 essence.

264 2637 48 54 Il
360 2641 90 50 est
499 2636 280 75 probable
837 2656 111 55 que
995 2645 154 50 cette
1197 2642 148 55 lutte
1371 2676 28 6 -
1426 2648 371 68 répugnance
1823 2678 27 6 -
1873 2650 135 51 natu-

189 2730 161 67 relle,
406 2748 217 56 pousse
684 2731 85 55 les
814 2731 280 74 parcelles
1139 2733 341 57 d'éléments
1540 2738 319 54 contraires
1905 2745 33 47 à
1977 2757 65 37 se

191 2841 193 36 serrer
420 2823 53 53 le
527 2822 132 73 plus
698 2822 277 74 possible,
1030 2832 438 67 apparemment
1508 2846 150 56 pour
1710 2847 63 37 se
1820 2830 191 56 détrui-

191 2933 83 49 re,
334 2932 73 36 en
435 2914 201 55 réalité
663 2932 149 56 pour
849 2914 247 56 devenir
1122 2918 235 55 suivant
1388 2919 52 55 la
1469 2921 238 54 volonté
1740 2922 71 55 de
1839 2923 171 55 l'hom-

193 3025 115 51 me,
336 3025 114 37 une
473 3007 162 73 pièce
656 3008 74 55 de
750 3008 177 55 haute
957 3007 230 58 densité
1204 3012 317 55 insensible
1544 3031 72 37 au
1633 3013 96 56 feu
1757 3021 59 48 et
1844 3022 33 48 à
1896 3016 149 56 l'eau
