2702 3924
910 305 534 58 foreign
1503 304 376 48 NOTES

208 323 96 54 356

212 432 129 41 here
374 431 60 41 to
467 428 95 42 the
598 423 165 45 effect
795 422 125 42 that
953 418 145 43 after
1122 428 31 31 a
1177 416 158 43 short

214 520 211 53 holiday
462 519 95 43 she
590 515 179 45 would
793 516 196 41 return
1031 510 107 42 and
1162 505 171 45 found

212 624 30 30 a
278 623 118 30 new
431 607 263 54 Religion.

212 708 63 37 &
308 696 305 46 Theatrical
677 693 191 55 people
923 703 147 31 seem
1127 689 205 53 always

208 792 67 40 to
303 790 135 41 have
459 789 135 41 been
612 785 237 42 without
881 795 31 31 a
942 781 196 51 fitting
1171 789 161 33 sense

208 878 57 43 of
298 878 135 43 time
467 878 103 41 and
607 874 169 53 place.
820 873 146 52 They
1014 869 97 43 fail
1147 872 57 39 to
1239 878 93 32 see

208 968 128 41 that
369 964 226 45 Artifice
630 964 105 43 and
772 963 244 52 Religion
1042 971 93 33 are
1160 968 172 33 never

207 1058 58 41 to
291 1061 64 39 be
379 1056 160 43 allied
564 1067 12 38 ;
609 1057 132 51 they
763 1065 146 30 seem
936 1054 58 40 to
1017 1048 166 45 think
1206 1048 127 42 that

208 1159 192 42 rouge,
435 1146 164 51 curls,
636 1143 273 52 limelight
941 1142 106 42 and
1086 1137 246 53 Divinity

212 1250 92 31 are
338 1239 275 43 somehow
637 1237 123 50 part
783 1235 104 42 and
914 1231 182 53 parcel
1122 1230 55 43 of
1199 1228 132 45 each

213 1329 315 43 other.....
564 1328 49 40 It
646 1325 177 42 would
861 1326 63 40 be
959 1320 229 55 profane
1223 1317 42 45 if
1287 1321 47 41 it

209 1429 146 32 were
390 1420 97 40 not
536 1428 58 32 so
637 1414 196 54 funrty.

304 1509 117 42 And
456 1509 96 52 yet
598 1507 96 43 the
741 1505 98 43 fun
876 1505 44 43 is
955 1505 115 52 just
1105 1515 30 31 a
1183 1500 150 45 little

207 1598 274 43 tasteless.

208 1702 63 34 uS7
304 1691 162 42 What
513 1701 29 29 a
578 1687 241 52 blessing
867 1687 46 42 it
966 1687 45 42 is
1060 1686 126 42 that
1234 1683 98 43 the

214 1781 205 43 Censor
449 1778 273 55 prohibits
754 1780 97 40 the
884 1776 447 53 representation

217 1869 56 44 of
294 1870 151 52 royal
470 1880 368 42 personnages
862 1880 145 39 upon
1031 1870 96 40 the
1154 1869 178 49 stage.

211 1961 106 42 But
350 1961 46 41 it
429 1959 190 43 should
677 1960 111 42 also
838 1961 65 41 be
946 1970 131 31 seen
1111 1959 60 42 to
1206 1957 127 42 that

209 2050 188 42 sacred
433 2059 368 42 personnages
852 2059 93 31 are
993 2046 338 54 prohibited.

209 2139 140 43 John
385 2140 93 41 the
505 2140 231 52 Baptist,
757 2138 86 43 for
867 2139 273 51 instance,
1157 2139 175 52 ought

214 2239 168 32 never
414 2232 57 40 to
508 2229 136 42 have
692 2229 136 42 been
879 2228 228 44 allowed
1141 2230 61 41 to
1238 2241 95 39 ap=

207 2330 147 40 pear.
377 2319 171 44 There
588 2321 44 42 is
673 2332 68 31 no
779 2319 149 44 limit
950 2323 58 40 to
1032 2321 153 42 what
1210 2331 123 42 may

217 2411 98 40 not
345 2411 64 42 be
442 2421 129 32 seen
604 2412 106 41 and
745 2412 140 41 done
919 2411 160 43 when
1115 2411 96 42 the
1246 2410 58 43 in-

208 2502 319 42 troduction
552 2500 55 44 of
627 2504 158 41 these
802 2504 192 41 sacred
1013 2502 319 42 characters

208 2590 48 43 Is
289 2591 316 52 permitted.
1265 2599 67 37 s£7

301 2681 109 45 The
442 2683 243 43 freedom
721 2683 229 43 allowed
974 2685 58 41 to
1058 2684 114 42 this
1196 2683 133 43 kind

209 2773 56 44 of
296 2774 162 53 thing
490 2774 242 43 reminds
767 2785 63 32 us
863 2777 126 40 that
1022 2787 135 31 once
1183 2787 145 40 upon

207 2878 30 31 a
289 2868 134 41 time
477 2867 245 40 Madame
776 2867 171 42 Sarah
1016 2869 315 42 Bernhardt

211 2956 257 53 Indulged
496 2959 54 40 in
574 2958 113 42 this
711 2958 296 43 theatrical
1028 2958 303 56 profanity,

209 3059 59 30 as
317 3060 121 40 may
487 3050 65 40 be
602 3051 128 41 read
786 3051 54 42 in
896 3052 96 41 the
1040 3050 292 53 following

205 3141 215 41 extract
451 3139 141 44 from
628 3153 28 30 a
691 3141 172 45 letter
893 3142 142 44 from
1070 3146 98 42 the
1202 3146 132 43 first

218 3229 120 43 Ear!
393 3230 52 43 of
481 3233 199 53 Lytton
713 3233 190 54 (Owen
939 3236 304 56 Meredith)
1275 3241 57 40 to

214 3320 85 41 Mr
350 3321 211 44 Justice
613 3324 262 53 Stephen,
941 3326 172 53 Paris,
1181 3328 151 54 April

212 3410 374 52 nthiß9o:^

564 3503 54 43 of
630 3502 195 53 farces,
837 3508 167 42 Sarah
1021 3511 139 40 Bern
1172 3513 163 42 hardt

1381 416 35 20 44
1456 442 55 16 ...
1535 414 348 44 intoxicated
1919 416 136 44 with
2109 421 95 43 the
2255 435 118 33 new
2397 426 117 48 Idea

1455 503 56 45 of
1543 505 280 54 virginity
1856 517 131 33 ever
2020 510 151 44 since
2213 513 96 42 she
2361 520 152 43 acted

1381 596 35 22 44
1459 596 212 43 Jeanne
1707 593 323 47 d'Arc...has
2051 599 137 44 been
2215 604 237 54 reciting
2488 621 29 31 a

1381 687 35 26 44
1456 686 214 45 French
1698 687 227 44 Passion
1950 686 127 56 play
2099 689 57 43 In
2179 691 97 43 the
2310 694 207 54 biggest

1380 779 32 25 44
1463 778 190 43 Circus
1709 775 57 45 of
1822 776 174 52 Paris,
2069 780 134 42 with
2253 793 29 30 a
2336 783 181 48 Christ

1380 870 34 22 44
1450 872 55 40 in
1557 869 172 42 white
1780 869 79 42 tie
1910 869 106 42 and
2070 869 98 43 tail
2220 874 139 41 coat.
2408 873 105 47 The

1379 960 35 26 44
1450 960 271 42 audience
1755 960 96 51 got
1870 959 190 54 bored,
2082 971 126 31 rose
2232 960 55 44 in
2324 964 192 55 revolt,

1378 1056 34 21 44
1453 1052 315 52 screaming
1792 1051 118 49 out,
2093 1062 141 32 nous
2258 1054 225 45 ennuies
2502 1067 20 33 r

1379 1147 35 24 44
1451 1154 157 34 assez
1642 1143 70 42 du
1750 1142 205 43 Christ.
1977 1142 75 41 De
2088 1140 50 44 la
2161 1142 269 55 Musique,
2452 1147 61 43 de

1380 1237 34 22 44
1456 1237 54 42 ia
1544 1234 253 53 Musique
1891 1232 70 42 So
1996 1231 141 56 that,
2171 1232 154 54 quite
2361 1236 153 43 unin=

1379 1331 35 24 44
1455 1324 337 56 tentionally
1826 1325 105 42 and
1959 1324 440 54 unconsciously,
2422 1326 92 45 the

1379 1424 34 23 44
1458 1416 136 46 Chef
1647 1416 353 44 d'Orchestre
2055 1413 194 55 played
2305 1416 53 42 in
2406 1418 107 44 this

1381 1512 35 21 44
1455 1508 390 53 performance
1879 1507 96 41 the
2009 1507 127 50 part
2169 1503 56 45 of
2250 1507 263 45 Barabbas

1381 1603 33 20 44
1637 1599 19 54 (
1660 1601 33 24 44
1746 1599 105 42 Not
1903 1598 113 42 this
2069 1607 144 41 man,
2263 1598 100 42 but
2424 1599 89 43 the

1383 1695 165 40 other

1478 1785 34 24 44
1550 1782 151 43 Then
1745 1782 96 42 the
1875 1781 219 43 Author
2147 1780 56 44 of
2255 1781 94 42 the
2376 1780 138 56 Play,

1380 1877 36 22 44
1450 1875 171 41 white
1677 1872 136 42 with
1850 1883 152 44 rage,
2052 1871 108 43 and
2215 1869 114 45 tr6s
2378 1869 135 53 £mu,

1379 1968 34 21 44
1451 1968 177 49 began
1651 1963 260 54 skipping
1930 1974 132 32 over
2080 1963 98 43 the
2198 1964 234 43 benches
2451 1975 61 32 on

1449 2060 59 40 to
1533 2058 96 42 the
1649 2058 178 51 stage,
1850 2054 239 55 shaking
2108 2055 86 43 his
2216 2053 98 45 fist
2336 2056 56 42 at
2423 2055 89 43 the

1378 2152 34 21 44
1451 2150 295 50 audience,
1782 2148 127 51 and,
1943 2147 138 43 with
2109 2147 224 52 copious
2356 2148 157 49 tears,

1454 2237 217 54 kissing
1689 2236 132 44 first
1837 2238 173 42 Sarah
2038 2237 332 49 Bernhardt,
2390 2237 120 42 then

1379 2332 34 24 44
1454 2331 85 42 his
1581 2331 240 49 Mother,
1870 2331 136 40 then
2061 2330 85 41 his
2187 2328 195 51 Sister,
2417 2328 96 43 and

1381 2424 33 20 44
1450 2422 145 42 then
1652 2421 85 43 his
1788 2421 272 43 Mistress.
2114 2422 130 42 This
2290 2420 223 44 touched

1383 2512 33 25 44
1455 2514 106 40 and
1614 2512 184 54 partly
1849 2511 269 45 mollified
2171 2511 97 43 the
2311 2509 203 54 public!

1383 2603 34 22 44
1454 2604 165 43 What
1653 2614 29 31 a
1715 2601 180 56 funny
1920 2603 196 43 nation
2141 2614 82 33 we
2258 2613 92 33 are
2375 2603 138 48 here,

1381 2697 35 22 44
1456 2697 105 40 and
1596 2697 98 52 yet
1742 2705 83 32 we
1877 2707 94 30 are
2018 2693 226 53 capable
2279 2691 56 45 of
2368 2690 145 55 great

1379 2787 33 21 44
1449 2787 199 51 things
1705 2797 125 32 now
1881 2788 106 41 and
2041 2788 137 41 then
2234 2785 105 44 and
2390 2792 123 42 very

2378 2876 59 41 H.
2464 2872 48 44 L.

1455 2877 186 42 clever
1675 2877 193 53 things
1905 2879 59 41 at
1997 2877 73 44 all
2116 2881 165 40 times

1633 2964 650 49 LONDON

1380 3055 45 45 A
1656 3055 143 48 Word
1800 3057 159 47 about
2022 3059 132 48 the
2220 3051 294 55 Futurists

1380 3158 65 34 &
1479 3150 75 41 As
1590 3150 202 52 Signor
1826 3153 293 43 Marinetti
2155 3165 135 41 very
2317 3145 199 58 rightly

1378 3250 146 43 says,
1549 3243 12 19 '
1581 3241 132 42 'The
1735 3241 289 46 Futurists
2044 3245 160 51 paint
2223 3244 152 43 what
2394 3241 122 49 they

1567 3333 119 43 And
1724 3346 58 31 as
1817 3337 85 42 Mr
1936 3338 275 44 Whistler
2243 3349 58 32 as
2320 3329 196 58 rightly

1381 3424 139 47 said,
1555 3426 33 22 44
1615 3426 97 41 the
1751 3427 178 43 shock
1962 3428 113 43 will
2113 3431 65 42 be
2213 3429 158 41 when
2395 3424 121 50 they

2394 3519 54 46 R.
2467 3514 46 42 S.

1383 3526 92 33 see
1512 3517 153 42 what
1700 3518 134 55 they
1868 3521 179 52 paint.
2204 3531 65 39 4St
