2702 3924
1006 304 153 47 THE
1180 304 277 55 DRAMA
1496 304 92 47 IN
1616 303 270 61 JAPAN

230 310 94 54 316

220 421 58 41 at
311 417 97 44 the
441 428 149 33 same
623 417 157 56 time,
814 429 82 30 we
930 417 208 41 cannot
1175 416 128 50 help
1338 414 283 54 admiring
1653 414 97 43 the
1783 413 245 45 sublime
2063 415 251 47 attitude
2349 420 54 46 of
2448 428 90 48 the

219 511 124 50 past
376 510 217 54 players
628 509 105 43 and
769 509 332 52 spectators.
2244 514 66 36 &

318 600 197 45 Before
551 602 17 42 I
601 602 136 40 turn
771 602 60 40 to
865 600 95 44 the
997 600 132 42 next
1164 600 240 52 subject,
1439 599 79 43 let
1553 612 86 30 me
1674 602 104 42 add
1818 612 29 32 a
1901 599 110 45 few
2065 602 258 44 remarks
2376 608 163 49 about

216 693 99 41 the
348 692 217 43 dresses
598 692 106 42 and
741 691 164 43 other
936 688 160 44 small
1131 689 317 45 furnitures
1484 692 134 42 used
1672 692 55 42 in
1785 692 115 44 this
1955 693 213 42 drama.
2206 692 332 65 Everything

215 783 128 42 that
375 793 84 33 we
492 793 92 33 see
618 782 57 43 in
710 783 113 42 this
856 783 193 42 drama
1082 781 47 44 is
1164 783 242 42 touched
1434 782 141 43 with
1612 783 312 43 masculine
1950 783 241 55 dignity,
2216 786 180 45 which
2422 801 116 47 may

216 873 66 42 be
317 872 171 45 called
525 873 96 44 the
654 875 289 50 pervasive
978 873 215 54 quality
1227 872 59 45 of
1551 876 231 42 Women
1820 886 97 33 are
1954 877 101 42 not
2087 876 71 43 fit
2178 877 61 42 to
2265 877 129 47 take
2418 889 118 44 part

215 965 58 42 In
308 965 66 43 It.
408 965 221 43 Female
663 966 322 42 characters
1020 964 57 45 of
1108 966 96 43 the
1239 966 128 55 play
1400 979 171 43 were,
1606 970 108 41 and
1750 980 141 33 even
1931 981 125 32 now
2100 981 116 40 are,
2249 970 192 57 played
2473 976 62 57 by

216 1066 145 32 men.
394 1056 122 42 Men
551 1054 225 56 playing
809 1058 97 41 the
940 1059 128 51 part
1103 1056 54 43 of
1190 1069 219 33 women
1446 1072 149 30 wear
1630 1059 186 44 masks
1852 1059 57 44 of
1941 1073 220 32 women
2188 1064 108 41 and
2322 1064 211 48 imitate

210 1145 202 45 female
446 1149 264 50 attitude,
746 1149 294 53 especially
1075 1152 56 40 in
1165 1152 96 41 the
1297 1163 121 43 way
1451 1150 56 45 of
1540 1150 266 56 walking.
1842 1153 110 43 But
1984 1154 136 53 they
2157 1157 70 40 do
2263 1158 101 41 not
2417 1159 118 45 imi=

211 1238 119 42 tate
365 1237 204 45 female
602 1242 172 43 voice.
812 1240 114 44 You
962 1252 92 32 see
1089 1243 127 42 that
1249 1243 114 43 this
1397 1244 110 52 art,
1541 1244 216 54 though
1794 1246 359 52 pessimistic,
2205 1258 60 32 as
2319 1261 92 31 are
2464 1252 65 43 all

211 1331 118 40 arts
362 1328 318 46 influenced
717 1332 68 53 by
818 1332 325 53 Buddhism,
1178 1336 44 40 is
1256 1347 70 31 an
1362 1338 91 41 art
1486 1336 304 56 especially
1824 1338 263 54 designed
2125 1338 89 43 for
2257 1342 273 56 warriors,

209 1422 106 41 and
351 1419 72 44 its
460 1421 304 44 masculine
799 1423 291 45 character
1124 1427 102 42 not
1260 1426 131 56 only
1423 1427 268 45 excluded
1726 1441 219 32 women
1980 1430 142 43 from
2161 1431 198 56 taking
2412 1440 119 48 part

207 1512 56 41 in
301 1512 63 52 it,
398 1513 100 42 but
531 1512 116 43 also
680 1513 250 45 suffused
969 1516 217 44 dresses
1222 1520 107 40 and
1354 1520 164 42 other
1542 1520 161 43 small
1724 1519 317 47 furnitures
2067 1524 137 42 with
2233 1527 296 45 masculine

206 1602 212 42 colour.
452 1601 112 43 The
600 1602 191 44 colour
826 1604 56 44 of
916 1607 220 42 dresses
1170 1609 46 42 is
1249 1610 325 43 sometimes
1607 1613 127 50 gold
1772 1623 63 31 or
1868 1624 140 32 even
2044 1615 95 42 red
2163 1625 13 40 ;
2214 1616 100 41 but
2340 1616 71 44 its
2436 1621 92 41 red

207 1693 107 41 and
346 1693 125 53 gold
508 1705 93 32 are
638 1698 101 40 not
771 1695 288 48 feminine.
1094 1699 166 44 Their
1294 1701 296 56 brilliancy
1625 1704 45 43 is
1707 1705 253 43 subdued
1998 1707 70 54 by
2119 1709 97 42 the
2267 1709 259 45 so-called

428 1787 154 52 tone,
615 1788 105 42 and
758 1787 134 53 kept
924 1789 198 45 within
1160 1792 303 44 masculine
1500 1794 238 55 dignity.
1772 1795 114 44 The
1922 1808 152 33 same
2110 1800 254 42 subdued
2401 1802 124 44 tone

202 1874 127 43 that
361 1887 230 42 appears
626 1879 56 41 in
718 1879 95 43 the
851 1881 192 43 colour
1075 1894 232 41 appears
1340 1884 116 45 also
1491 1886 57 43 in
1587 1887 320 46 characters
1931 1889 57 44 of
2008 1891 174 54 plays,
2209 1892 126 44 who
2360 1892 165 56 laugh

206 1966 192 44 before
435 1968 186 51 death,
657 1971 107 40 and
799 1972 69 42 do
906 1973 99 42 not
1037 1974 155 42 show
1223 1977 155 42 tears
1409 1977 162 43 when
1607 1980 137 54 they
1776 1992 175 41 weep.
1987 1981 129 44 This
2150 1983 47 44 is
2249 1983 98 45 the
2404 1986 90 43 cha-

202 2058 318 42 racteristic
553 2062 133 41 tone
722 2061 56 43 of
812 2063 94 42 the
941 2065 304 44 mediaeval
1299 2067 199 54 Japan.
1547 2068 254 46 Another
1856 2074 311 44 masculine
2219 2076 215 56 quality
2482 2080 42 42 is

201 2147 319 55 simplicity.
554 2150 130 44 This
718 2152 214 55 quality
965 2165 232 42 appears
1232 2159 299 56 especially
1562 2161 56 42 in
1655 2161 98 45 the
1786 2162 319 49 furnitures
2140 2165 56 46 of
2228 2169 100 53 the
2351 2171 172 52 stage,

197 2241 104 41 and
338 2241 155 42 aided
534 2242 67 53 by
633 2244 96 42 the
766 2245 222 43 natural
1038 2248 405 52 pre=direction
1495 2251 56 44 of
1583 2254 96 43 the
1727 2255 279 53 Japanese
2041 2260 282 45 aesthetic
2376 2262 143 43 mind

196 2331 244 44 towards
473 2333 341 53 symbolism,
847 2336 153 54 gives
1034 2349 29 32 a
1098 2339 248 52 peculiar
1380 2343 187 43 charm
1617 2347 61 42 to
1727 2347 180 47 them.
1957 2349 41 43 A
2053 2353 132 42 boat
2233 2354 51 45 is
2340 2366 153 42 repre-

196 2423 197 42 sented
430 2424 68 53 by
531 2424 231 45 bamboo
798 2429 272 52 arranged
1105 2432 59 42 to
1199 2433 153 43 show
1382 2434 74 43 its
1491 2447 154 33 mere
1680 2438 239 47 outline.
1974 2439 43 45 A
2069 2443 131 55 high
2253 2447 179 42 tower
2481 2447 40 42 is

202 2516 360 49 represented
597 2514 116 45 also
748 2518 70 53 by
851 2519 441 55 bamboo-work,
1325 2526 98 43 the
1457 2527 198 55 height
1688 2529 57 44 of
1777 2532 180 44 which
1993 2536 251 57 scarcely
2299 2540 221 43 reaches

202 2606 60 39 to
294 2603 96 43 the
421 2607 162 42 waist
615 2606 56 44 of
703 2611 99 40 the
835 2611 209 56 player.
1082 2613 113 45 The
1231 2618 223 54 cottage
1489 2618 56 45 of
1576 2622 98 42 the
1708 2622 309 47 fisherman
2054 2626 48 46 is
2138 2630 242 54 nothing
2430 2632 94 44 but

197 2692 128 44 four
356 2696 230 44 bamboo
621 2700 193 52 pillars
846 2701 229 53 planted
1113 2717 70 32 on
1221 2719 30 30 a
1282 2719 207 43 square
1526 2712 148 52 base,
1710 2716 108 42 and
1852 2728 30 31 a
1917 2717 157 54 piece
2100 2717 57 46 of
2180 2720 153 46 cloth
2357 2725 140 43 stret-

196 2786 134 43 ched
365 2790 179 42 round
581 2791 175 46 them.
790 2792 174 46 These
1019 2795 316 49 furnitures
1390 2814 94 32 are
1542 2808 215 43 carried
1813 2809 61 42 to
1918 2811 99 44 the
2068 2815 160 52 stage
2286 2816 235 53 through

254 2877 366 55 Hashigakari
715 2884 69 54 by
816 2886 111 42 two
964 2899 148 41 men,
1147 2890 149 45 after
1327 2894 99 43 the
1461 2897 294 45 orchestra
1811 2903 107 42 and
1981 2904 101 45 the
2133 2907 207 44 chorus
2397 2908 126 43 have

191 2965 171 45 taken
397 2970 152 43 their
581 2975 171 43 seats.
784 2977 113 43 You
935 2990 124 42 may
1100 2980 168 55 laugh
1302 2985 60 42 at
1395 2987 99 43 the
1529 2988 308 58 simplicity
1889 2996 108 41 and
2050 2996 377 48 childishness
2476 2998 48 43 of

197 3057 73 43 ail
300 3059 179 55 these,
515 3063 100 43 but
648 3065 136 55 they
818 3079 95 32 are
950 3072 189 54 surely
1174 3086 153 33 more
1364 3078 225 45 artistic
1622 3082 139 43 than
1795 3083 99 43 the
1928 3087 160 53 stage
2122 3088 58 45 of
2220 3091 99 44 the
2354 3091 139 46 Eliza-

192 3149 208 43 bethan
433 3164 121 42 age,
586 3156 186 44 where
808 3171 30 32 a
875 3161 315 47 battlefield
1226 3180 113 31 was
1373 3168 286 46 indicated
1697 3175 71 53 by
1801 3187 32 31 a
1865 3176 227 53 placard
2119 3192 71 33 on
2216 3184 180 43 which
2423 3192 96 35 one

192 3243 165 42 read:
606 3248 45 43 is
687 3250 97 43 the
821 3253 312 46 battlefield
1172 3256 56 44 of
1263 3271 61 32 so
1358 3264 108 41 and
1714 3265 74 46 To
1844 3279 99 44 say
1997 3272 101 46 the
2150 3274 163 54 least,
2369 3276 151 42 these

188 3333 244 52 symbols
466 3335 56 44 of
612 3340 77 44 No
781 3342 192 47 drama
1006 3359 95 32 are
1141 3354 345 54 suggestive,
1519 3356 137 56 they
1691 3358 155 47 leave
1880 3373 157 34 room
2073 3364 90 46 for
2196 3368 98 44 the
2319 3366 123 55 play
2464 3363 51 45 of

184 3426 388 52 imagination.
605 3431 51 43 It
687 3434 46 42 is
769 3438 100 41 not
902 3438 320 53 impossible
1258 3445 59 42 to
1340 3445 167 57 enjoy
1528 3450 161 45 these
1712 3453 247 54 symbols
1984 3468 142 34 even
2150 3457 150 47 after
2324 3459 186 51 seeing

183 3518 329 54 gorgeously
544 3519 291 49 furnished
870 3529 229 44 modern
1133 3533 206 57 stages,
1371 3537 190 47 where
1597 3553 103 33 our
1733 3543 373 57 imagination
2133 3551 47 44 is
2204 3549 209 47 choked
2442 3551 61 50 by
