2702 3924
936 342 47 49 A
1020 335 289 53 LETTER
1340 326 226 58 FROM
1594 322 246 56 PARIS.

187 377 96 45 3584

190 480 266 38 morrow:
508 459 273 61 governed
834 459 68 52 by
950 454 97 41 the
1089 449 132 43 laws
1256 441 55 45 of

186 565 148 43 Time
369 560 104 44 and
509 560 67 50 by
609 551 238 45 Number
870 547 46 41 it
940 546 45 41 is
1007 543 95 53 yet
1127 538 154 43 Indes-

186 649 275 49 tructable
494 647 87 42 for
615 656 69 31 no
721 650 104 33 one
851 647 99 33 can
974 630 169 46 touch
1182 630 45 40 it
1253 636 57 32 as

188 747 43 40 it
263 751 203 44 passes.

285 833 162 42 Come
483 838 90 39 on,
608 824 158 49 then,
788 821 190 40 Semar
999 816 12 40 I
1047 815 94 50 get
1173 819 141 44 your

185 922 223 43 fleetest
442 917 150 44 steed
644 913 105 42 and
799 909 112 51 join
964 917 84 30 me
1103 902 56 42 In
1216 901 96 42 the

186 1011 261 56 grandest
479 1006 154 53 sport
682 1003 128 41 that
864 1008 131 33 ever
1048 1005 67 32 an
1173 991 106 51 Eng-

938 1068 12 15 *

189 1103 231 43 lishman
454 1098 150 42 went
639 1096 53 40 in
726 1089 106 45 for.
1001 1093 66 36 &
1249 1088 65 36 &

285 1192 105 42 gut
424 1187 187 43 before
644 1182 245 49 starting
912 1176 77 45 off
1022 1178 19 41 1
1079 1171 239 45 mustn't

185 1282 184 51 forget
401 1286 150 36 some
585 1272 56 46 of
675 1284 89 41 my
799 1271 90 42 old
934 1266 234 44 friends.
1206 1262 112 43 The

192 1370 313 46 committee
537 1366 122 42 who
694 1360 210 44 invited
941 1369 85 31 me
1078 1365 130 33 over
1258 1353 61 41 to

192 1463 219 44 London
510 1458 106 41 last
707 1461 263 40 summer,
1042 1447 107 42 and
1223 1444 98 41 the

189 1552 316 44 committee
559 1546 123 44 who
731 1544 136 42 have
933 1541 224 41 become
1221 1535 100 42 the

189 1642 312 53 protectors
524 1635 55 45 of
602 1648 89 41 my
713 1630 206 47 school.
945 1629 118 43 And
1087 1629 18 41 I
1128 1628 137 42 have
1291 1638 31 29 a

189 1732 149 43 word
363 1732 57 41 to
447 1741 92 42 say
562 1727 169 42 about
754 1733 150 33 some
929 1732 120 32 new
1088 1718 213 44 friends

289 1819 145 44 First
482 1818 196 42 Brown
729 1813 106 45 and
891 1811 209 52 Philips
1134 1808 54 43 of
1220 1809 97 41 the

189 1912 276 45 Leicester
518 1905 300 45 Galleries:
875 1903 133 41 then
1073 1900 244 44 William

189 2002 361 42 Heinemann.
575 1996 172 43 These
785 1993 133 42 have
965 1993 137 41 been
1138 1992 58 41 to
1233 2001 85 31 me

188 2094 95 42 the
317 2090 122 42 best
472 2086 56 45 of
574 2085 232 43 friends.
843 2084 111 43 The
997 2081 129 43 first
1162 2081 159 42 made

188 2183 44 40 it
265 2176 235 56 possible
533 2175 87 43 for
656 2187 84 30 me
776 2176 58 41 to
877 2173 154 43 show
1067 2184 88 42 my
1181 2173 106 43 Lon-

185 2270 104 42 don
326 2267 184 53 public
545 2277 148 31 some
729 2263 56 43 of
823 2275 90 41 my
947 2261 229 54 designs
1214 2263 107 42 and

186 2357 225 45 models.
459 2357 164 44 What
675 2368 31 31 a
755 2352 298 54 delightful
1111 2354 137 41 time
1303 2353 18 42 I

188 2448 100 43 had
326 2448 53 42 in
416 2447 123 42 that
576 2446 278 43 Leicester
899 2443 254 56 Gallery!
1192 2444 131 42 How

188 2540 302 43 courteous
526 2536 104 42 and
679 2533 240 56 friendly
962 2537 60 39 to
1058 2546 85 32 me
1177 2546 147 33 were

189 2628 75 44 its
307 2630 300 49 directors;
666 2627 121 42 how
837 2627 350 42 considerate
1235 2627 61 42 to-

188 2720 178 42 wards
402 2731 88 42 my
539 2716 173 46 work.
748 2716 176 56 Every
947 2719 104 52 day
1077 2719 165 50 spent
1267 2729 60 32 as

189 2810 170 53 guest
392 2809 56 42 In
484 2808 149 43 their
658 2809 169 42 house
861 2819 112 30 was
1013 2806 316 54 enjoyable.

189 2907 65 36 &
284 2898 117 44 And
452 2898 237 44 William
741 2898 345 43 Heinemann
1117 2898 14 43 !
1168 2898 19 42 1
1223 2898 105 43 had

190 2988 200 53 always
425 2989 167 41 heard
626 2988 136 42 such
786 2989 173 54 bogey
984 2987 146 44 tales
1157 2989 175 47 about

189 3079 329 54 publishers.
538 3078 112 45 The
670 3081 188 50 bogies
882 3092 127 42 may
1032 3081 164 49 exist,
1232 3081 104 42 but

192 3168 340 42 Heinemann
584 3168 46 43 is
687 3170 236 53 nothing
974 3172 107 41 but
1126 3183 31 31 a
1190 3172 143 52 good

189 3255 141 55 fairy
392 3256 102 44 full
560 3257 54 45 of
680 3260 205 42 human
956 3260 292 53 kindness,
1305 3274 31 30 a

190 3346 249 53 splendid
490 3349 423 45 administrator
947 3354 106 40 and
1108 3365 31 29 a
1190 3354 146 42 hard

193 3445 233 43 worker.
477 3446 75 44 He
616 3449 223 43 attends
890 3453 57 40 to
981 3453 355 53 everything,

193 3535 104 42 and
354 3535 136 42 with
538 3548 69 32 an
659 3540 344 45 enthusiasm
1055 3544 107 41 and
1197 3556 130 30 care

1359 438 177 44 which
1572 438 61 39 to
1672 444 84 32 me
1790 444 113 31 was
1938 444 30 29 a
2004 431 329 46 revelation.

1460 529 131 41 How
1614 525 27 42 ?
1671 536 109 41 you
1818 523 116 44 ask.
1972 523 156 53 Why,
2165 524 46 41 it
2243 527 252 44 revealed

1360 618 258 52 amongst
1652 616 164 41 other
1848 613 191 52 things
2074 614 125 42 that
2225 613 15 43 1
2265 626 110 33 was
2401 621 97 42 not

1361 711 134 44 such
1553 720 69 30 an
1675 703 319 55 impossible
2044 715 201 40 person
2282 706 60 43 to
2378 708 117 45 deal

1360 802 138 43 with
1534 811 58 32 as
1627 807 151 33 some
1815 795 275 43 wretches
2127 793 182 45 would
2340 797 155 45 make

1364 895 117 41 out.
1503 891 42 55 (1
1575 899 160 33 mean
1760 889 33 24 44
1820 886 274 43 wretches
2178 887 54 42 in
2262 887 92 42 the
2380 887 88 46 kin-

1364 985 124 43 dest
1520 993 162 33 sense
1718 979 55 44 of
1806 980 96 42 the
1938 980 148 41 word
2112 988 14 39 ;
2160 989 103 30 one
2297 977 196 53 speaks

1365 1075 55 43 of
1448 1074 128 53 silly
1636 1071 87 44 old
1775 1071 174 42 ladies
2000 1080 58 32 as
2109 1069 273 43 wretches

1464 1164 131 42 Now
1615 1162 153 42 what
1785 1159 224 45 amazed
2032 1171 84 29 me
2136 1169 110 32 was
2271 1158 110 43 this
2400 1168 97 37 :....

1515 1254 195 42 Brown
1747 1252 106 43 and
1902 1249 210 52 Philips
2137 1252 106 40 and
2267 1249 233 45 William

1370 1348 368 50 Heinemann,
1773 1345 133 41 both
1943 1343 99 42 the
2077 1343 169 43 heads
2272 1343 54 43 of
2358 1343 146 45 their

1369 1437 306 54 particular
1755 1437 310 50 vocations,
2131 1433 159 44 could
2354 1436 151 43 work

1370 1530 136 43 with
1544 1540 85 31 me
1665 1540 59 31 so
1760 1526 282 55 agreably,
2079 1526 105 42 and
2220 1524 43 44 if
2296 1526 18 41 I
2352 1527 152 41 could

1368 1623 119 43 find
1525 1634 69 32 no
1629 1620 250 45 smallest
1912 1619 163 52 thing
2095 1621 59 40 to
2188 1616 166 45 differ
2375 1618 130 43 with

1371 1715 154 42 them
1580 1724 169 42 upon,
1799 1713 122 40 how
1957 1722 114 30 was
2117 1712 44 40 it
2194 1709 127 43 that
2353 1712 152 41 when

1366 1808 46 41 it
1445 1817 152 32 came
1632 1807 59 40 to
1729 1814 294 42 managers
2058 1800 58 45 of
2140 1803 250 42 theatres
2413 1803 92 42 the

1368 1897 161 52 thing
1566 1898 226 41 became
1829 1894 321 54 impossible
2178 1905 67 31 on
2272 1896 235 42 account

1368 1988 55 44 of
1455 1990 95 42 the
1589 1987 482 55 disagreableness
2108 1986 56 44 of
2202 1987 98 43 the
2334 1985 173 44 whole

1369 2080 197 43 work?
1600 2081 212 51 Semar,
1831 2080 163 43 there
2030 2081 153 42 must
2218 2080 138 43 have
2380 2080 129 43 been

1370 2173 320 49 something
1723 2171 196 42 rather
1972 2181 175 42 queer
2182 2171 138 42 with
2358 2171 151 41 those

1370 2264 278 42 theatres.

1371 2362 65 35 &
1472 2354 106 55 Bye
1614 2355 95 42 the
1745 2367 139 42 way,
1921 2357 69 40 do
2042 2366 109 44 you
2210 2354 303 43 remember

1370 2446 130 43 that
1536 2446 144 44 book
1714 2447 19 42 1
1773 2446 114 44 told
1943 2460 110 41 you
2091 2449 18 41 I
2146 2447 185 44 would
2367 2457 144 33 some

1375 2537 106 55 day
1514 2547 334 43 prepare,....
1897 2541 34 21 44
1959 2538 223 45 Hamlet
2331 2541 18 40 I
2384 2538 129 43 have

1376 2628 182 54 begun
1592 2627 49 43 it
1674 2631 108 41 and
1808 2630 50 42 It
1881 2630 115 43 will
2032 2632 66 41 be
2133 2630 291 54 published
2460 2631 52 41 in

1376 2719 228 53 English
1661 2721 107 42 and
1826 2721 58 43 in
1943 2722 277 51 German;
2284 2722 232 44 another

1378 2809 180 43 friend
1610 2811 98 44 has
1755 2814 157 42 made
1963 2815 130 41 that
2127 2814 240 53 possible
2392 2825 14 33 :
2458 2823 56 33 so

1378 2913 106 41 you
1566 2913 114 42 see,
1761 2916 61 31 as
1902 2905 85 44 Mr
2060 2905 240 55 Asquith
2381 2903 133 52 said,

1380 2993 35 24 44
1432 2992 181 45 We're
1647 2996 221 54 getting
1901 3009 70 31 on
2208 3007 68 36 &
2456 3001 60 38 0

1482 3086 174 44 When
1693 3089 134 42 next
1864 3091 17 40 1
1916 3092 165 42 write
2133 3092 46 42 it
2215 3089 113 46 will
2364 3091 64 42 be
2462 3088 52 41 to

1382 3176 100 44 tell
1515 3190 107 42 you
1660 3180 95 42 the
1806 3185 160 40 exact
2015 3185 109 42 site
2177 3185 204 42 chosen
2436 3177 81 46 for

1385 3283 89 41 my
1506 3272 187 44 school
1740 3275 106 41 and
1874 3286 89 41 my
1999 3276 245 52 theatre,
2279 3275 107 43 and
2418 3281 101 46 you

1384 3361 161 45 know
1596 3365 19 41 I
1669 3377 170 30 never
1886 3369 148 41 start
2084 3368 199 53 telling
2333 3377 104 44 you
2472 3360 50 46 of

1385 3455 277 55 anything
1695 3459 181 43 which
1914 3462 17 40 I
1967 3462 67 42 do
2072 3463 101 42 not
2217 3472 159 43 carry
2410 3457 112 44 out.

1627 3547 423 49 Arivederci....!
2091 3553 221 44 Gordon
2348 3549 157 51 Craig
