2702 3924
1015 330 152 51 THE
1168 325 278 58 DRAMA
1483 321 93 50 IN
1604 317 269 65 JAPAN

210 359 101 40 320

214 456 172 45 called
856 447 143 54 play.
1032 444 112 45 The
1180 439 151 55 day's
1365 442 353 48 programme
1755 439 126 45 may
1900 425 106 46 end
2034 425 154 51 here,
2213 435 64 33 or
2315 437 30 31 a
2368 428 167 56 short,

216 551 169 43 dance
420 557 122 42 may
576 546 66 42 be
677 542 195 43 added.
907 538 110 45 The
1051 536 218 53 players
1304 529 55 45 of
1392 531 162 40 those
1589 525 134 53 days
1746 519 198 56 played
1973 528 165 42 many
2163 519 156 50 parts
2343 519 193 57 during

217 655 32 32 a
282 644 120 52 day.
437 641 113 42 One
585 647 126 32 man
747 630 320 57 frequently
1098 626 196 54 played
1329 625 97 40 the
1462 621 157 52 parts
1653 617 57 44 of
1744 628 30 31 a
1811 616 157 50 hero,
2001 623 31 32 a
2067 612 251 52 heroine,
2352 613 103 42 and
2508 628 28 32 a

218 734 183 53 ghost,
435 731 106 42 and
576 740 138 32 even
750 724 232 52 danced,
1013 721 203 51 during
1251 727 104 33 one
1392 715 123 53 day.
1552 712 96 43 We
1685 708 230 45 wonder
1949 706 60 42 at
2045 705 133 41 both
2215 702 97 43 the
2338 715 199 45 energy

218 824 56 46 of
306 825 156 42 these
496 821 218 52 players
748 818 105 43 and
891 816 96 43 the
1021 811 259 55 patience
1317 807 54 45 of
1404 809 163 40 tnese
1604 802 338 54 spectators.

317 913 176 44 There
527 923 96 30 are
659 920 164 42 many
857 903 342 50 interesting
1233 900 198 52 things
1467 900 58 41 to
1547 908 96 43 say
1661 895 174 42 about
1858 892 98 41 the
1975 887 179 46 ballet
2173 886 57 45 of

221 1009 99 42 but
352 1008 45 41 it
430 1003 253 55 requires
719 1000 240 45 another
993 994 193 47 article
1223 997 58 40 to
1317 994 152 41 treat
1502 990 47 42 it
1582 984 360 57 adequately.
1975 981 231 52 Though
2259 980 113 42 this
2424 983 41 42 is
2512 995 27 32 a

217 1098 217 52 subject
467 1096 56 43 In
559 1094 179 44 which
773 1093 18 42 I
830 1092 136 43 have
1001 1102 31 29 a
1065 1084 205 56 special
1307 1083 245 44 interest
1591 1083 19 41 I
1639 1080 153 42 must
1825 1079 103 51 put
1952 1077 47 42 it
2022 1073 78 46 off
2123 1075 61 42 to
2208 1084 153 33 some
2386 1075 154 44 other

218 1190 272 44 occasion.
710 1192 66 36 jg?
1213 1187 63 37 j0

316 1279 111 43 The
463 1277 153 54 plays
650 1275 55 43 of
738 1275 96 43 the
870 1272 230 43 modern
1200 1266 212 46 Kabuki
1509 1275 95 33 are
1639 1265 101 41 not
1774 1258 273 46 different
2080 1257 142 43 from
2278 1258 159 42 tiiose
2492 1257 50 43 of

218 1371 95 45 the
349 1381 100 41 age
484 1367 54 46 of
571 1367 371 49 Chicamatsu,
980 1365 102 42 but
1114 1362 99 44 the
1249 1361 161 42 mode
1445 1355 56 45 of
1534 1355 229 56 playing
1797 1352 107 45 and
1940 1351 97 44 the
2072 1351 398 51 arrangement
2493 1350 49 44 of

218 1465 95 43 the
348 1465 155 50 stage
538 1459 55 44 of
625 1459 96 43 the
757 1459 231 42 modern
1079 1453 216 44 Kabuki
1390 1463 97 31 are
1520 1460 136 43 very
1690 1446 274 45 different
1996 1442 145 45 from
2179 1444 161 40 those
2376 1440 53 44 of
2450 1442 90 44 the

221 1555 143 55 past.
396 1555 98 44 We
528 1553 137 43 have
700 1552 58 42 at
791 1549 230 53 present
1053 1548 113 42 two
1201 1558 64 30 or
1299 1545 161 43 three
1826 1539 257 42 theatres
2108 1547 60 31 as
2193 1534 155 53 large
2372 1545 57 32 as
2452 1535 90 42 the

223 1647 129 43 New
385 1644 237 43 Theatre
658 1641 53 44 of
745 1643 129 42 New
905 1638 165 55 York,
1103 1639 108 43 and
1251 1635 145 46 built
1430 1635 57 42 in
1521 1634 98 42 the
1656 1633 295 51 European
1985 1627 165 57 style.
2238 1634 66 36 &
2484 1634 58 36 &

223 1747 65 36 &
322 1738 31 22 «
383 1734 228 55 Bugaku
781 1733 77 43 No
951 1732 107 42 and
1156 1727 214 46 Kabuki
1467 1737 96 32 are
1597 1724 166 44 three
1798 1722 89 44 old
1923 1723 278 52 Japanese
2253 1718 289 47 theatrical

225 1832 135 42 arts.
394 1828 295 45 Whatever
722 1835 105 34 our
857 1822 193 45 future
1089 1821 192 43 drama
1316 1820 45 41 is
1397 1817 170 53 going
1603 1818 58 41 to
1719 1816 91 52 be,
1862 1814 162 42 these
2081 1822 97 33 are
2236 1811 98 43 the
2386 1808 156 46 funds

225 1934 146 43 upon
402 1921 179 43 which
614 1930 82 32 we
733 1917 176 54 ought
940 1917 59 41 to
1039 1912 150 45 build
1199 1921 85 37 .«£?■
2239 1914 66 36 &
2486 1911 59 37 &

220 2224 67 69 A
417 2221 335 82 WORD
866 2221 364 69 ABOUT
1329 2219 226 81 ART

1661 2219 120 89 by
1887 2216 293 69 Victor
2284 2214 259 86 Hugo.

427 2385 170 44 taken
634 2396 58 32 as
725 2385 123 49 Art,
881 2385 107 42 and
1026 2385 56 42 in
1117 2381 176 55 itself,
1328 2394 131 42 goes
1496 2383 228 45 neither
1757 2381 279 46 forwards
2074 2392 103 32 nor
2213 2375 333 48 backwards.

320 2480 112 43 The
465 2476 494 46 transformations
982 2476 54 43 of
1060 2479 198 52 poetry
1293 2486 94 33 are
1415 2477 101 42 but
1538 2475 100 44 the
1665 2475 368 46 undulations
2058 2472 56 46 of
2133 2474 98 43 the
2258 2467 292 52 Beautiful,

231 2570 180 46 useful
444 2573 60 42 to
538 2571 206 42 human
780 2570 335 43 movement.
1149 2568 106 44 Art
1288 2569 47 43 is
1369 2570 101 41 not
1502 2566 343 54 susceptible
1888 2566 56 45 of
1982 2565 266 46 intrinsic
2282 2574 267 46 progress.

232 2664 159 43 From
427 2663 219 43 Phidias
681 2665 57 41 to
773 2663 343 48 Rembrandt
1147 2663 161 42 there
1333 2660 47 45 is
1413 2662 226 43 onward
1667 2663 339 48 movement,
2034 2663 102 42 but
2161 2663 99 42 not
2283 2668 266 47 progress.

438 2811 223 45 neither
711 2811 236 54 decline,
1001 2823 104 33 nor
1161 2811 232 53 revival,
1445 2823 104 32 nor
1603 2811 271 55 plagiary,
1914 2823 104 33 nor
2066 2813 334 53 repetition,
2457 2819 93 34 nor

338 2904 304 45 imitation.
667 2905 243 52 Identity
936 2903 56 44 of
1015 2904 182 55 heart,
1234 2903 306 46 difference
1576 2904 56 45 of
1656 2908 151 41 mind
1830 2917 14 33 :
1881 2908 125 42 that
2032 2908 46 42 is
2113 2905 95 45 all.
2232 2905 144 46 Each
2404 2902 147 55 great

232 2997 167 43 artist
428 2996 106 55 (we
570 2997 138 43 have
740 2996 120 44 said
894 3007 60 33 so
989 2996 252 55 already)
1276 2996 180 54 takes,
1491 2999 213 51 stamps
1741 3001 90 40 art
1882 3010 160 33 anew
2093 2998 148 45 after
2297 3001 85 42 his
2437 3004 112 37 own

231 3088 198 54 image,
465 3088 218 43 Hamlet
717 3090 45 41 is
797 3090 224 43 Orestes
1049 3090 148 43 after
1229 3091 99 43 the
1352 3088 173 57 effigy
1549 3090 57 44 of
1624 3091 408 54 Shakespeare.
2061 3093 198 55 Figaro
2279 3096 45 41 is
2343 3091 208 53 Scapin,

228 3178 139 44 with
401 3178 97 44 the
533 3178 172 56 effigy
741 3177 56 47 of
832 3181 451 44 Beaumarchais.
1319 3184 381 52 Grangousier
1735 3185 47 43 is
1816 3185 244 52 Silenus,
2095 3185 150 46 after
2267 3187 99 44 the
2391 3184 160 52 effigy

231 3270 55 44 of
320 3270 274 49 Rabelais.

232 3370 65 37 &
331 3361 342 55 Everything
705 3365 292 55 re-begins
1030 3368 138 43 with
1204 3368 98 43 the
1340 3378 122 34 new
1497 3370 154 51 poet,
1685 3370 109 43 and
1831 3372 61 43 at
1926 3372 99 44 the
2075 3384 155 35 same
2274 3374 138 43 time
2464 3379 60 34 no-

235 3453 160 53 thing
427 3454 45 43 is
507 3453 378 56 interrupted.
919 3458 143 46 Each
1097 3471 125 33 new
1256 3460 200 54 genius
1491 3460 46 44 is
1572 3463 183 52 abyss,
1808 3465 99 53 yet
1958 3465 165 45 there
2174 3468 47 43 is
2269 3464 284 46 tradition.

237 3542 286 47 Tradition
559 3544 141 46 from
735 3551 163 52 abyss
932 3552 60 42 to
1026 3552 183 54 abyss,
1242 3553 138 43 such
1416 3553 70 55 is,
1519 3554 57 44 in
1611 3556 93 42 art
1738 3567 60 33 as
1834 3557 57 43 in
1925 3558 100 45 the
2064 3557 346 55 firmament,
2462 3553 89 45 the
