<?xml version="1.0" encoding="UTF-8"?>
<alto xmlns:xsi="http://www.w3.org/2001/XMLSchema-instance" xmlns="http://www.loc.gov/standards/alto/ns-v2#" xsi:schemaLocation="http://www.loc.gov/standards/alto/ns-v2# http://www.loc.gov/standards/alto/alto-v2.0.xsd" xmlns:xlink="http://www.w3.org/1999/xlink">
	<Description>
		<MeasurementUnit>mm10</MeasurementUnit>
		<sourceImageInformation>
			<fileName>//fileserver7/IN2-2/Princeton/bmtnaau/1912/04_01/00000348.tif</fileName>
		</sourceImageInformation>
		<OCRProcessing ID="OCRPROCESSING_1">
			<preProcessingStep>
				<processingSoftware>
					<softwareCreator>CCS Content Conversion Specialists GmbH, Germany</softwareCreator>
					<softwareName>CCS docWorks</softwareName>
					<softwareVersion>6.7-1.24</softwareVersion>
				</processingSoftware>
			</preProcessingStep>
			<ocrProcessingStep>
				<processingSoftware>
					<softwareCreator>ABBYY (BIT Software), Russia</softwareCreator>
					<softwareName>FineReader</softwareName>
					<softwareVersion>10.0</softwareVersion>
				</processingSoftware>
			</ocrProcessingStep>
		</OCRProcessing>
	</Description>
	<Styles>
		<TextStyle ID="TXT_0" FONTSIZE="19" FONTFAMILY="Times New Roman" FONTSTYLE="bold italics"/>
		<TextStyle ID="TXT_1" FONTSIZE="7" FONTFAMILY="Unknown"/>
		<TextStyle ID="TXT_2" FONTSIZE="18" FONTFAMILY="Times New Roman" FONTSTYLE="bold"/>
		<ParagraphStyle ID="PAR_RIGHT" ALIGN="Right"/>
		<ParagraphStyle ID="PAR_LEFT" ALIGN="Left"/>
	</Styles>
	<Layout>
		<Page ID="P46" PHYSICAL_IMG_NR="46" HEIGHT="3923" WIDTH="2655" PRINTED_IMG_NR="306" PC="0.912">
			<TopMargin ID="P46_TM00001" HPOS="0" VPOS="0" WIDTH="2655" HEIGHT="401">
				<TextBlock ID="P46_TB00001" HPOS="847" VPOS="322" WIDTH="1169" HEIGHT="63" STYLEREFS="TXT_0 PAR_RIGHT">
					<TextLine ID="P46_TL00001" HPOS="847" VPOS="322" WIDTH="1165" HEIGHT="62">
						<String ID="P46_ST00001" HPOS="847" VPOS="334" WIDTH="244" HEIGHT="50" CONTENT="NOTES" WC="0.99" CC="21050"/>
						<SP ID="P46_SP00001" HPOS="1091" VPOS="384" WIDTH="36"/>
						<String ID="P46_ST00002" HPOS="1127" VPOS="332" WIDTH="114" HEIGHT="49" CONTENT="ON" WC="1.00" CC="00"/>
						<SP ID="P46_SP00002" HPOS="1241" VPOS="384" WIDTH="28"/>
						<String ID="P46_ST00003" HPOS="1269" VPOS="327" WIDTH="359" HEIGHT="52" CONTENT="ANCIENT" WC="1.00" CC="0003202"/>
						<SP ID="P46_SP00003" HPOS="1628" VPOS="384" WIDTH="28"/>
						<String ID="P46_ST00004" HPOS="1656" VPOS="322" WIDTH="356" HEIGHT="51" CONTENT="PUPPETS" WC="0.99" CC="1440000"/>
					</TextLine>
				</TextBlock>
				<TextBlock ID="P46_TB00002" HPOS="216" VPOS="344" WIDTH="102" HEIGHT="54" STYLEREFS="TXT_1 PAR_LEFT">
					<TextLine ID="P46_TL00002" HPOS="216" VPOS="344" WIDTH="102" HEIGHT="54">
						<String ID="P46_ST00005" HPOS="216" VPOS="344" WIDTH="102" HEIGHT="54" CONTENT="306" WC="1.00" CC="000"/>
					</TextLine>
				</TextBlock>
			</TopMargin>
			<LeftMargin ID="P46_LM00001" HPOS="0" VPOS="401" WIDTH="215" HEIGHT="3178"/>
			<RightMargin ID="P46_RM00001" HPOS="2551" VPOS="401" WIDTH="104" HEIGHT="3178"/>
			<BottomMargin ID="P46_BM00001" HPOS="0" VPOS="3579" WIDTH="2655" HEIGHT="344"/>
			<PrintSpace ID="P46_PS00001" HPOS="215" VPOS="401" WIDTH="2336" HEIGHT="3178">
				<TextBlock ID="P46_TB00003" HPOS="215" VPOS="429" WIDTH="2336" HEIGHT="3150" STYLEREFS="TXT_2 PAR_LEFT">
					<TextLine ID="P46_TL00003" HPOS="216" VPOS="429" WIDTH="2312" HEIGHT="76">
						<String ID="P46_ST00006" HPOS="216" VPOS="462" WIDTH="71" HEIGHT="33" CONTENT="oa" WC="0.57" CC="17"/>
						<SP ID="P46_SP00004" HPOS="287" VPOS="495" WIDTH="27"/>
						<String ID="P46_ST00007" HPOS="314" VPOS="462" WIDTH="90" HEIGHT="42" CONTENT="my" WC="0.60" CC="52"/>
						<SP ID="P46_SP00005" HPOS="404" VPOS="504" WIDTH="32"/>
						<String ID="P46_ST00008" HPOS="436" VPOS="452" WIDTH="145" HEIGHT="53" CONTENT="part," WC="0.98" CC="10604"/>
						<SP ID="P46_SP00006" HPOS="581" VPOS="505" WIDTH="34"/>
						<String ID="P46_ST00009" HPOS="615" VPOS="450" WIDTH="46" HEIGHT="44" CONTENT="Is" WC="0.60" CC="70"/>
						<SP ID="P46_SP00007" HPOS="661" VPOS="505" WIDTH="35"/>
						<String ID="P46_ST00010" HPOS="696" VPOS="450" WIDTH="98" HEIGHT="42" CONTENT="not" WC="0.97" CC="610"/>
						<SP ID="P46_SP00008" HPOS="794" VPOS="505" WIDTH="34"/>
						<String ID="P46_ST00011" HPOS="828" VPOS="448" WIDTH="59" HEIGHT="43" CONTENT="in" WC="0.56" CC="26"/>
						<SP ID="P46_SP00009" HPOS="887" VPOS="505" WIDTH="33"/>
						<String ID="P46_ST00012" HPOS="920" VPOS="457" WIDTH="108" HEIGHT="43" CONTENT="any" WC="0.96" CC="074"/>
						<SP ID="P46_SP00010" HPOS="1028" VPOS="505" WIDTH="31"/>
						<String ID="P46_ST00013" HPOS="1059" VPOS="454" WIDTH="162" HEIGHT="35" CONTENT="sense" WC="0.99" CC="00700"/>
						<SP ID="P46_SP00011" HPOS="1221" VPOS="505" WIDTH="37"/>
						<String ID="P46_ST00014" HPOS="1258" VPOS="454" WIDTH="88" HEIGHT="42" CONTENT="my" WC="0.78" CC="40"/>
						<SP ID="P46_SP00012" HPOS="1346" VPOS="505" WIDTH="33"/>
						<String ID="P46_ST00015" HPOS="1379" VPOS="438" WIDTH="181" HEIGHT="54" CONTENT="work," WC="0.99" CC="06301"/>
						<SP ID="P46_SP00013" HPOS="1560" VPOS="505" WIDTH="32"/>
						<String ID="P46_ST00016" HPOS="1592" VPOS="438" WIDTH="106" HEIGHT="43" CONTENT="and" WC="0.95" CC="460"/>
						<SP ID="P46_SP00014" HPOS="1698" VPOS="505" WIDTH="24"/>
						<String ID="P46_ST00017" HPOS="1722" VPOS="445" WIDTH="110" HEIGHT="45" CONTENT="you" WC="0.97" CC="006"/>
						<SP ID="P46_SP00015" HPOS="1832" VPOS="505" WIDTH="54"/>
						<String ID="P46_ST00018" HPOS="1886" VPOS="431" WIDTH="113" HEIGHT="46" CONTENT="will" WC="0.97" CC="0447"/>
						<SP ID="P46_SP00016" HPOS="1999" VPOS="505" WIDTH="57"/>
						<String ID="P46_ST00019" HPOS="2056" VPOS="429" WIDTH="228" HEIGHT="57" CONTENT="quickly" WC="0.99" CC="6064040"/>
						<SP ID="P46_SP00017" HPOS="2284" VPOS="505" WIDTH="53"/>
						<String ID="P46_ST00020" HPOS="2337" VPOS="433" WIDTH="191" HEIGHT="48" CONTENT="realise" WC="0.99" CC="0073005"/>
					</TextLine>
					<TextLine ID="P46_TL00004" HPOS="216" VPOS="522" WIDTH="2318" HEIGHT="71">
						<String ID="P46_ST00021" HPOS="216" VPOS="542" WIDTH="131" HEIGHT="43" CONTENT="that" WC="1.00" CC="0100"/>
						<SP ID="P46_SP00018" HPOS="347" VPOS="585" WIDTH="30"/>
						<String ID="P46_ST00022" HPOS="377" VPOS="542" WIDTH="113" HEIGHT="43" CONTENT="this" WC="0.98" CC="0070"/>
						<SP ID="P46_SP00019" HPOS="490" VPOS="585" WIDTH="44"/>
						<String ID="P46_ST00023" HPOS="534" VPOS="551" WIDTH="244" HEIGHT="34" CONTENT="answers" WC="0.99" CC="0700570"/>
						<SP ID="P46_SP00020" HPOS="778" VPOS="585" WIDTH="33"/>
						<String ID="P46_ST00024" HPOS="811" VPOS="534" WIDTH="273" HEIGHT="59" CONTENT="perfectly" WC="0.98" CC="567770070"/>
						<SP ID="P46_SP00021" HPOS="1084" VPOS="593" WIDTH="31"/>
						<String ID="P46_ST00025" HPOS="1115" VPOS="536" WIDTH="61" HEIGHT="41" CONTENT="to" WC="0.75" CC="04"/>
						<SP ID="P46_SP00022" HPOS="1176" VPOS="593" WIDTH="35"/>
						<String ID="P46_ST00026" HPOS="1211" VPOS="529" WIDTH="289" HEIGHT="47" CONTENT="historical" WC="0.99" CC="5703066007"/>
						<SP ID="P46_SP00023" HPOS="1500" VPOS="593" WIDTH="36"/>
						<String ID="P46_ST00027" HPOS="1536" VPOS="528" WIDTH="162" HEIGHT="44" CONTENT="truth" WC="0.98" CC="44600"/>
						<SP ID="P46_SP00024" HPOS="1698" VPOS="593" WIDTH="36"/>
						<String ID="P46_ST00028" HPOS="1734" VPOS="525" WIDTH="110" HEIGHT="44" CONTENT="and" WC="0.96" CC="270"/>
						<SP ID="P46_SP00025" HPOS="1844" VPOS="593" WIDTH="37"/>
						<String ID="P46_ST00029" HPOS="1881" VPOS="527" WIDTH="59" HEIGHT="39" CONTENT="to" WC="0.82" CC="30"/>
						<SP ID="P46_SP00026" HPOS="1940" VPOS="593" WIDTH="35"/>
						<String ID="P46_ST00030" HPOS="1975" VPOS="523" WIDTH="97" HEIGHT="43" CONTENT="the" WC="0.96" CC="055"/>
						<SP ID="P46_SP00027" HPOS="2072" VPOS="593" WIDTH="53"/>
						<String ID="P46_ST00031" HPOS="2125" VPOS="522" WIDTH="143" HEIGHT="53" CONTENT="logic" WC="0.98" CC="70602"/>
						<SP ID="P46_SP00028" HPOS="2268" VPOS="593" WIDTH="63"/>
						<String ID="P46_ST00032" HPOS="2331" VPOS="522" WIDTH="54" HEIGHT="43" CONTENT="of" WC="0.69" CC="06"/>
						<SP ID="P46_SP00029" HPOS="2385" VPOS="593" WIDTH="46"/>
						<String ID="P46_ST00033" HPOS="2431" VPOS="523" WIDTH="103" HEIGHT="48" CONTENT="fact" WC="0.99" CC="7000"/>
					</TextLine>
					<TextLine ID="P46_TL00005" HPOS="216" VPOS="632" WIDTH="316" HEIGHT="43">
						<String ID="P46_ST00034" HPOS="216" VPOS="633" WIDTH="108" HEIGHT="42" CONTENT="and" WC="0.96" CC="450"/>
						<SP ID="P46_SP00030" HPOS="324" VPOS="675" WIDTH="37"/>
						<String ID="P46_ST00035" HPOS="361" VPOS="632" WIDTH="171" HEIGHT="43" CONTENT="Ideas." WC="0.99" CC="303004"/>
					</TextLine>
					<TextLine ID="P46_TL00006" HPOS="219" VPOS="704" WIDTH="2314" HEIGHT="68">
						<String ID="P46_ST00036" HPOS="219" VPOS="730" WIDTH="67" HEIGHT="35" CONTENT="&amp;" WC="0.13" CC="8"/>
						<SP ID="P46_SP00031" HPOS="286" VPOS="765" WIDTH="36"/>
						<String ID="P46_ST00037" HPOS="322" VPOS="722" WIDTH="111" HEIGHT="43" CONTENT="The" WC="0.98" CC="600"/>
						<SP ID="P46_SP00032" HPOS="433" VPOS="765" WIDTH="33"/>
						<String ID="P46_ST00038" HPOS="466" VPOS="722" WIDTH="223" HEIGHT="42" CONTENT="ancient" WC="0.98" CC="6605472"/>
						<SP ID="P46_SP00033" HPOS="689" VPOS="765" WIDTH="31"/>
						<String ID="P46_ST00039" HPOS="720" VPOS="717" WIDTH="163" HEIGHT="55" CONTENT="idols," WC="0.98" CC="702703"/>
						<SP ID="P46_SP00034" HPOS="883" VPOS="772" WIDTH="30"/>
						<String ID="P46_ST00040" HPOS="913" VPOS="717" WIDTH="98" HEIGHT="43" CONTENT="the" WC="1.00" CC="000"/>
						<SP ID="P46_SP00035" HPOS="1011" VPOS="772" WIDTH="33"/>
						<String ID="P46_ST00041" HPOS="1044" VPOS="713" WIDTH="197" HEIGHT="47" CONTENT="visible" WC="0.99" CC="3701700"/>
						<SP ID="P46_SP00036" HPOS="1241" VPOS="772" WIDTH="34"/>
						<String ID="P46_ST00042" HPOS="1275" VPOS="715" WIDTH="214" HEIGHT="50" CONTENT="images" WC="0.98" CC="700930"/>
						<SP ID="P46_SP00037" HPOS="1489" VPOS="772" WIDTH="34"/>
						<String ID="P46_ST00043" HPOS="1523" VPOS="710" WIDTH="57" HEIGHT="44" CONTENT="of" WC="0.60" CC="07"/>
						<SP ID="P46_SP00038" HPOS="1580" VPOS="772" WIDTH="32"/>
						<String ID="P46_ST00044" HPOS="1612" VPOS="710" WIDTH="98" HEIGHT="43" CONTENT="the" WC="1.00" CC="000"/>
						<SP ID="P46_SP00039" HPOS="1710" VPOS="772" WIDTH="38"/>
						<String ID="P46_ST00045" HPOS="1748" VPOS="706" WIDTH="364" HEIGHT="56" CONTENT="mysterious," WC="0.99" CC="00002065171"/>
						<SP ID="P46_SP00040" HPOS="2112" VPOS="772" WIDTH="52"/>
						<String ID="P46_ST00046" HPOS="2164" VPOS="704" WIDTH="369" HEIGHT="53" CONTENT="superhuman" WC="1.00" CC="0004000000"/>
					</TextLine>
					<TextLine ID="P46_TL00007" HPOS="221" VPOS="795" WIDTH="2312" HEIGHT="69">
						<String ID="P46_ST00047" HPOS="221" VPOS="815" WIDTH="184" HEIGHT="44" CONTENT="forces" WC="0.98" CC="759000"/>
						<SP ID="P46_SP00041" HPOS="405" VPOS="859" WIDTH="33"/>
						<String ID="P46_ST00048" HPOS="438" VPOS="814" WIDTH="106" HEIGHT="42" CONTENT="and" WC="0.98" CC="050"/>
						<SP ID="P46_SP00042" HPOS="544" VPOS="859" WIDTH="33"/>
						<String ID="P46_ST00049" HPOS="577" VPOS="821" WIDTH="234" HEIGHT="43" CONTENT="powers," WC="0.99" CC="0007503"/>
						<SP ID="P46_SP00043" HPOS="811" VPOS="864" WIDTH="35"/>
						<String ID="P46_ST00050" HPOS="846" VPOS="806" WIDTH="330" HEIGHT="47" CONTENT="controllers" WC="0.99" CC="00734377050"/>
						<SP ID="P46_SP00044" HPOS="1176" VPOS="864" WIDTH="28"/>
						<String ID="P46_ST00051" HPOS="1204" VPOS="805" WIDTH="56" HEIGHT="45" CONTENT="of" WC="0.61" CC="07"/>
						<SP ID="P46_SP00045" HPOS="1260" VPOS="864" WIDTH="24"/>
						<String ID="P46_ST00052" HPOS="1284" VPOS="802" WIDTH="235" HEIGHT="56" CONTENT="worldly" WC="0.98" CC="0467070"/>
						<SP ID="P46_SP00046" HPOS="1519" VPOS="864" WIDTH="33"/>
						<String ID="P46_ST00053" HPOS="1552" VPOS="803" WIDTH="372" HEIGHT="53" CONTENT="phenomena," WC="0.99" CC="0004400604"/>
						<SP ID="P46_SP00047" HPOS="1924" VPOS="864" WIDTH="37"/>
						<String ID="P46_ST00054" HPOS="1961" VPOS="798" WIDTH="106" HEIGHT="42" CONTENT="had" WC="1.00" CC="000"/>
						<SP ID="P46_SP00048" HPOS="2067" VPOS="864" WIDTH="39"/>
						<String ID="P46_ST00055" HPOS="2106" VPOS="798" WIDTH="102" HEIGHT="41" CONTENT="not" WC="0.99" CC="200"/>
						<SP ID="P46_SP00049" HPOS="2208" VPOS="864" WIDTH="34"/>
						<String ID="P46_ST00056" HPOS="2242" VPOS="795" WIDTH="220" HEIGHT="57" CONTENT="always," WC="0.99" CC="0805003"/>
						<SP ID="P46_SP00050" HPOS="2462" VPOS="864" WIDTH="21"/>
						<String ID="P46_ST00057" HPOS="2483" VPOS="801" WIDTH="50" HEIGHT="43" CONTENT="in" WC="0.56" CC="25"/>
					</TextLine>
					<TextLine ID="P46_TL00008" HPOS="223" VPOS="889" WIDTH="2312" HEIGHT="64">
						<String ID="P46_ST00058" HPOS="223" VPOS="905" WIDTH="116" HEIGHT="45" CONTENT="fact" WC="0.96" CC="8550"/>
						<SP ID="P46_SP00051" HPOS="339" VPOS="950" WIDTH="23"/>
						<String ID="P46_ST00059" HPOS="362" VPOS="904" WIDTH="106" HEIGHT="43" CONTENT="had" WC="0.98" CC="400"/>
						<SP ID="P46_SP00052" HPOS="468" VPOS="950" WIDTH="25"/>
						<String ID="P46_ST00060" HPOS="493" VPOS="904" WIDTH="99" HEIGHT="40" CONTENT="not" WC="0.97" CC="520"/>
						<SP ID="P46_SP00053" HPOS="592" VPOS="950" WIDTH="22"/>
						<String ID="P46_ST00061" HPOS="614" VPOS="900" WIDTH="87" HEIGHT="44" CONTENT="for" WC="0.95" CC="750"/>
						<SP ID="P46_SP00054" HPOS="701" VPOS="950" WIDTH="32"/>
						<String ID="P46_ST00062" HPOS="733" VPOS="913" WIDTH="31" HEIGHT="31" CONTENT="a" WC="1.00" CC="0"/>
						<SP ID="P46_SP00055" HPOS="764" VPOS="950" WIDTH="19"/>
						<String ID="P46_ST00063" HPOS="783" VPOS="900" WIDTH="130" HEIGHT="53" CONTENT="long" WC="0.96" CC="6560"/>
						<SP ID="P46_SP00056" HPOS="913" VPOS="953" WIDTH="23"/>
						<String ID="P46_ST00064" HPOS="936" VPOS="900" WIDTH="156" HEIGHT="53" CONTENT="time," WC="0.98" CC="06004"/>
						<SP ID="P46_SP00057" HPOS="1092" VPOS="953" WIDTH="20"/>
						<String ID="P46_ST00065" HPOS="1112" VPOS="895" WIDTH="337" HEIGHT="53" CONTENT="immobility" WC="0.99" CC="7060663500"/>
						<SP ID="P46_SP00058" HPOS="1449" VPOS="953" WIDTH="21"/>
						<String ID="P46_ST00066" HPOS="1470" VPOS="894" WIDTH="106" HEIGHT="44" CONTENT="and" WC="0.97" CC="070"/>
						<SP ID="P46_SP00059" HPOS="1576" VPOS="953" WIDTH="19"/>
						<String ID="P46_ST00067" HPOS="1595" VPOS="891" WIDTH="257" HEIGHT="53" CONTENT="stability" WC="0.99" CC="010077200"/>
						<SP ID="P46_SP00060" HPOS="1852" VPOS="953" WIDTH="20"/>
						<String ID="P46_ST00068" HPOS="1872" VPOS="901" WIDTH="60" HEIGHT="32" CONTENT="as" WC="1.00" CC="00"/>
						<SP ID="P46_SP00061" HPOS="1932" VPOS="953" WIDTH="18"/>
						<String ID="P46_ST00069" HPOS="1950" VPOS="889" WIDTH="155" HEIGHT="44" CONTENT="their" WC="0.98" CC="00076"/>
						<SP ID="P46_SP00062" HPOS="2105" VPOS="953" WIDTH="21"/>
						<String ID="P46_ST00070" HPOS="2126" VPOS="889" WIDTH="409" HEIGHT="47" CONTENT="characteristic" WC="1.00" CC="30000410540020"/>
					</TextLine>
					<TextLine ID="P46_TL00009" HPOS="225" VPOS="977" WIDTH="2311" HEIGHT="70">
						<String ID="P46_ST00071" HPOS="225" VPOS="997" WIDTH="163" HEIGHT="50" CONTENT="sign;" WC="0.97" CC="83055"/>
						<SP ID="P46_SP00063" HPOS="388" VPOS="1047" WIDTH="33"/>
						<String ID="P46_ST00072" HPOS="421" VPOS="994" WIDTH="171" HEIGHT="42" CONTENT="above" WC="0.98" CC="56031"/>
						<SP ID="P46_SP00064" HPOS="592" VPOS="1047" WIDTH="33"/>
						<String ID="P46_ST00073" HPOS="625" VPOS="990" WIDTH="72" HEIGHT="45" CONTENT="all" WC="0.95" CC="076"/>
						<SP ID="P46_SP00065" HPOS="697" VPOS="1047" WIDTH="34"/>
						<String ID="P46_ST00074" HPOS="731" VPOS="1002" WIDTH="201" HEIGHT="42" CONTENT="among" WC="1.00" CC="00020"/>
						<SP ID="P46_SP00066" HPOS="932" VPOS="1047" WIDTH="35"/>
						<String ID="P46_ST00075" HPOS="967" VPOS="989" WIDTH="266" HEIGHT="53" CONTENT="ignorant" WC="0.98" CC="70636070"/>
						<SP ID="P46_SP00067" HPOS="1233" VPOS="1047" WIDTH="32"/>
						<String ID="P46_ST00076" HPOS="1265" VPOS="985" WIDTH="245" HEIGHT="55" CONTENT="peoples," WC="0.98" CC="03007952"/>
						<SP ID="P46_SP00068" HPOS="1510" VPOS="1047" WIDTH="35"/>
						<String ID="P46_ST00077" HPOS="1545" VPOS="994" WIDTH="204" HEIGHT="42" CONTENT="among" WC="0.99" CC="00070"/>
						<SP ID="P46_SP00069" HPOS="1749" VPOS="1047" WIDTH="36"/>
						<String ID="P46_ST00078" HPOS="1785" VPOS="981" WIDTH="181" HEIGHT="45" CONTENT="whom" WC="0.98" CC="0017"/>
						<SP ID="P46_SP00070" HPOS="1966" VPOS="1047" WIDTH="36"/>
						<String ID="P46_ST00079" HPOS="2002" VPOS="980" WIDTH="99" HEIGHT="43" CONTENT="the" WC="0.98" CC="004"/>
						<SP ID="P46_SP00071" HPOS="2101" VPOS="1047" WIDTH="38"/>
						<String ID="P46_ST00080" HPOS="2139" VPOS="977" WIDTH="324" HEIGHT="55" CONTENT="knowledge" WC="1.00" CC="050070000"/>
						<SP ID="P46_SP00072" HPOS="2463" VPOS="1047" WIDTH="24"/>
						<String ID="P46_ST00081" HPOS="2487" VPOS="981" WIDTH="49" HEIGHT="46" CONTENT="of" WC="0.55" CC="17"/>
					</TextLine>
					<TextLine ID="P46_TL00010" HPOS="229" VPOS="1070" WIDTH="2309" HEIGHT="69">
						<String ID="P46_ST00082" HPOS="229" VPOS="1083" WIDTH="244" HEIGHT="56" CONTENT="physical" WC="0.98" CC="05006495"/>
						<SP ID="P46_SP00073" HPOS="473" VPOS="1139" WIDTH="35"/>
						<String ID="P46_ST00083" HPOS="508" VPOS="1082" WIDTH="135" HEIGHT="44" CONTENT="laws" WC="0.97" CC="7700"/>
						<SP ID="P46_SP00074" HPOS="643" VPOS="1139" WIDTH="33"/>
						<String ID="P46_ST00084" HPOS="676" VPOS="1083" WIDTH="105" HEIGHT="43" CONTENT="and" WC="0.96" CC="370"/>
						<SP ID="P46_SP00075" HPOS="781" VPOS="1139" WIDTH="36"/>
						<String ID="P46_ST00085" HPOS="817" VPOS="1083" WIDTH="96" HEIGHT="42" CONTENT="the" WC="0.96" CC="405"/>
						<SP ID="P46_SP00076" HPOS="913" VPOS="1139" WIDTH="35"/>
						<String ID="P46_ST00086" HPOS="948" VPOS="1080" WIDTH="242" HEIGHT="54" CONTENT="practise" WC="0.99" CC="05000203"/>
						<SP ID="P46_SP00077" HPOS="1190" VPOS="1139" WIDTH="51"/>
						<String ID="P46_ST00087" HPOS="1241" VPOS="1077" WIDTH="56" HEIGHT="45" CONTENT="®f" WC="0.25" CC="77"/>
						<SP ID="P46_SP00078" HPOS="1297" VPOS="1139" WIDTH="49"/>
						<String ID="P46_ST00088" HPOS="1346" VPOS="1073" WIDTH="342" HEIGHT="48" CONTENT="mechanical" WC="0.99" CC="0416074006"/>
						<SP ID="P46_SP00079" HPOS="1688" VPOS="1139" WIDTH="52"/>
						<String ID="P46_ST00089" HPOS="1740" VPOS="1070" WIDTH="254" HEIGHT="46" CONTENT="artifices" WC="0.99" CC="000760060"/>
						<SP ID="P46_SP00080" HPOS="1994" VPOS="1139" WIDTH="56"/>
						<String ID="P46_ST00090" HPOS="2050" VPOS="1071" WIDTH="367" HEIGHT="51" CONTENT="constituted," WC="0.99" CC="004064764403"/>
						<SP ID="P46_SP00081" HPOS="2417" VPOS="1139" WIDTH="42"/>
						<String ID="P46_ST00091" HPOS="2459" VPOS="1071" WIDTH="79" HEIGHT="47" CONTENT="for" WC="0.94" CC="645"/>
					</TextLine>
					<TextLine ID="P46_TL00011" HPOS="223" VPOS="1162" WIDTH="2315" HEIGHT="64">
						<String ID="P46_ST00092" HPOS="223" VPOS="1174" WIDTH="99" HEIGHT="45" CONTENT="the" WC="0.96" CC="035"/>
						<SP ID="P46_SP00082" HPOS="322" VPOS="1219" WIDTH="34"/>
						<String ID="P46_ST00093" HPOS="356" VPOS="1173" WIDTH="310" HEIGHT="45" CONTENT="sacerdotal" WC="1.00" CC="0031000005"/>
						<SP ID="P46_SP00083" HPOS="666" VPOS="1219" WIDTH="35"/>
						<String ID="P46_ST00094" HPOS="701" VPOS="1174" WIDTH="170" HEIGHT="52" CONTENT="caste," WC="1.00" CC="000012"/>
						<SP ID="P46_SP00084" HPOS="871" VPOS="1226" WIDTH="34"/>
						<String ID="P46_ST00095" HPOS="905" VPOS="1183" WIDTH="105" HEIGHT="32" CONTENT="one" WC="0.96" CC="360"/>
						<SP ID="P46_SP00085" HPOS="1010" VPOS="1226" WIDTH="35"/>
						<String ID="P46_ST00096" HPOS="1045" VPOS="1171" WIDTH="56" HEIGHT="44" CONTENT="of" WC="0.34" CC="57"/>
						<SP ID="P46_SP00086" HPOS="1101" VPOS="1226" WIDTH="32"/>
						<String ID="P46_ST00097" HPOS="1133" VPOS="1171" WIDTH="97" HEIGHT="43" CONTENT="the" WC="0.99" CC="020"/>
						<SP ID="P46_SP00087" HPOS="1230" VPOS="1226" WIDTH="38"/>
						<String ID="P46_ST00098" HPOS="1268" VPOS="1171" WIDTH="123" HEIGHT="43" CONTENT="best" WC="0.99" CC="6000"/>
						<SP ID="P46_SP00088" HPOS="1391" VPOS="1226" WIDTH="32"/>
						<String ID="P46_ST00099" HPOS="1423" VPOS="1168" WIDTH="299" HEIGHT="53" CONTENT="preserved" WC="1.00" CC="040004030"/>
						<SP ID="P46_SP00089" HPOS="1722" VPOS="1226" WIDTH="36"/>
						<String ID="P46_ST00100" HPOS="1758" VPOS="1165" WIDTH="237" HEIGHT="53" CONTENT="secrets," WC="1.00" CC="00043002"/>
						<SP ID="P46_SP00090" HPOS="1995" VPOS="1226" WIDTH="35"/>
						<String ID="P46_ST00101" HPOS="2030" VPOS="1174" WIDTH="108" HEIGHT="33" CONTENT="one" WC="0.96" CC="541"/>
						<SP ID="P46_SP00091" HPOS="2138" VPOS="1226" WIDTH="35"/>
						<String ID="P46_ST00102" HPOS="2173" VPOS="1162" WIDTH="56" HEIGHT="44" CONTENT="of" WC="0.41" CC="47"/>
						<SP ID="P46_SP00092" HPOS="2229" VPOS="1226" WIDTH="36"/>
						<String ID="P46_ST00103" HPOS="2265" VPOS="1163" WIDTH="96" HEIGHT="43" CONTENT="the" WC="0.97" CC="070"/>
						<SP ID="P46_SP00093" HPOS="2361" VPOS="1226" WIDTH="41"/>
						<String ID="P46_ST00104" HPOS="2402" VPOS="1168" WIDTH="136" HEIGHT="42" CONTENT="most" WC="0.99" CC="0105"/>
					</TextLine>
					<TextLine ID="P46_TL00012" HPOS="225" VPOS="1258" WIDTH="1561" HEIGHT="50">
						<String ID="P46_ST00105" HPOS="225" VPOS="1262" WIDTH="321" HEIGHT="46" CONTENT="efficacious" WC="0.99" CC="87700000000"/>
						<SP ID="P46_SP00094" HPOS="546" VPOS="1308" WIDTH="35"/>
						<String ID="P46_ST00106" HPOS="581" VPOS="1265" WIDTH="105" HEIGHT="41" CONTENT="and" WC="0.95" CC="570"/>
						<SP ID="P46_SP00095" HPOS="686" VPOS="1308" WIDTH="37"/>
						<String ID="P46_ST00107" HPOS="723" VPOS="1265" WIDTH="146" HEIGHT="41" CONTENT="most" WC="0.98" CC="0602"/>
						<SP ID="P46_SP00096" HPOS="869" VPOS="1308" WIDTH="34"/>
						<String ID="P46_ST00108" HPOS="903" VPOS="1263" WIDTH="215" HEIGHT="42" CONTENT="certain" WC="0.99" CC="0158005"/>
						<SP ID="P46_SP00097" HPOS="1118" VPOS="1308" WIDTH="38"/>
						<String ID="P46_ST00109" HPOS="1156" VPOS="1271" WIDTH="189" HEIGHT="33" CONTENT="means" WC="0.99" CC="01040"/>
						<SP ID="P46_SP00098" HPOS="1345" VPOS="1308" WIDTH="36"/>
						<String ID="P46_ST00110" HPOS="1381" VPOS="1258" WIDTH="56" HEIGHT="45" CONTENT="of" WC="0.64" CC="07"/>
						<SP ID="P46_SP00099" HPOS="1437" VPOS="1308" WIDTH="42"/>
						<String ID="P46_ST00111" HPOS="1479" VPOS="1258" WIDTH="307" HEIGHT="43" CONTENT="dominion." WC="0.99" CC="023750043"/>
					</TextLine>
					<TextLine ID="P46_TL00013" HPOS="332" VPOS="1345" WIDTH="2204" HEIGHT="59">
						<String ID="P46_ST00112" HPOS="332" VPOS="1353" WIDTH="110" HEIGHT="44" CONTENT="The" WC="0.98" CC="301"/>
						<SP ID="P46_SP00100" HPOS="442" VPOS="1397" WIDTH="33"/>
						<String ID="P46_ST00113" HPOS="475" VPOS="1352" WIDTH="201" HEIGHT="45" CONTENT="fearful" WC="0.97" CC="8064656"/>
						<SP ID="P46_SP00101" HPOS="676" VPOS="1397" WIDTH="34"/>
						<String ID="P46_ST00114" HPOS="710" VPOS="1355" WIDTH="106" HEIGHT="40" CONTENT="and" WC="0.96" CC="360"/>
						<SP ID="P46_SP00102" HPOS="816" VPOS="1397" WIDTH="35"/>
						<String ID="P46_ST00115" HPOS="851" VPOS="1351" WIDTH="231" HEIGHT="44" CONTENT="colossal" WC="1.00" CC="00000001"/>
						<SP ID="P46_SP00103" HPOS="1082" VPOS="1397" WIDTH="33"/>
						<String ID="P46_ST00116" HPOS="1115" VPOS="1350" WIDTH="212" HEIGHT="54" CONTENT="figures" WC="0.99" CC="8000040"/>
						<SP ID="P46_SP00104" HPOS="1327" VPOS="1404" WIDTH="36"/>
						<String ID="P46_ST00117" HPOS="1363" VPOS="1348" WIDTH="56" HEIGHT="45" CONTENT="of" WC="0.58" CC="08"/>
						<SP ID="P46_SP00105" HPOS="1419" VPOS="1404" WIDTH="30"/>
						<String ID="P46_ST00118" HPOS="1449" VPOS="1350" WIDTH="99" HEIGHT="42" CONTENT="the" WC="0.96" CC="065"/>
						<SP ID="P46_SP00106" HPOS="1548" VPOS="1404" WIDTH="35"/>
						<String ID="P46_ST00119" HPOS="1583" VPOS="1350" WIDTH="137" HEIGHT="52" CONTENT="gods" WC="1.00" CC="0000"/>
						<SP ID="P46_SP00107" HPOS="1720" VPOS="1404" WIDTH="34"/>
						<String ID="P46_ST00120" HPOS="1754" VPOS="1346" WIDTH="137" HEIGHT="44" CONTENT="with" WC="0.98" CC="0340"/>
						<SP ID="P46_SP00108" HPOS="1891" VPOS="1404" WIDTH="26"/>
						<String ID="P46_ST00121" HPOS="1917" VPOS="1345" WIDTH="259" HEIGHT="44" CONTENT="animal's" WC="0.99" CC="50300510"/>
						<SP ID="P46_SP00109" HPOS="2176" VPOS="1404" WIDTH="20"/>
						<String ID="P46_ST00122" HPOS="2196" VPOS="1345" WIDTH="193" HEIGHT="52" CONTENT="heads," WC="0.99" CC="620004"/>
						<SP ID="P46_SP00110" HPOS="2389" VPOS="1404" WIDTH="23"/>
						<String ID="P46_ST00123" HPOS="2412" VPOS="1347" WIDTH="124" HEIGHT="46" CONTENT="with" WC="0.99" CC="0003"/>
					</TextLine>
					<TextLine ID="P46_TL00014" HPOS="226" VPOS="1435" WIDTH="2316" HEIGHT="62">
						<String ID="P46_ST00124" HPOS="226" VPOS="1444" WIDTH="144" HEIGHT="53" CONTENT="huge" WC="0.98" CC="5103"/>
						<SP ID="P46_SP00111" HPOS="370" VPOS="1497" WIDTH="65"/>
						<String ID="P46_ST00125" HPOS="435" VPOS="1442" WIDTH="199" HEIGHT="51" CONTENT="limbs;" WC="0.98" CC="550705"/>
						<SP ID="P46_SP00112" HPOS="634" VPOS="1497" WIDTH="52"/>
						<String ID="P46_ST00126" HPOS="686" VPOS="1442" WIDTH="137" HEIGHT="43" CONTENT="with" WC="0.96" CC="0765"/>
						<SP ID="P46_SP00113" HPOS="823" VPOS="1497" WIDTH="56"/>
						<String ID="P46_ST00127" HPOS="879" VPOS="1454" WIDTH="32" HEIGHT="31" CONTENT="a" WC="1.00" CC="0"/>
						<SP ID="P46_SP00114" HPOS="911" VPOS="1497" WIDTH="49"/>
						<String ID="P46_ST00128" HPOS="960" VPOS="1441" WIDTH="256" HEIGHT="43" CONTENT="hundred" WC="1.00" CC="5000000"/>
						<SP ID="P46_SP00115" HPOS="1216" VPOS="1497" WIDTH="59"/>
						<String ID="P46_ST00129" HPOS="1275" VPOS="1441" WIDTH="323" HEIGHT="42" CONTENT="monstrous" WC="1.00" CC="400000000"/>
						<SP ID="P46_SP00116" HPOS="1598" VPOS="1497" WIDTH="69"/>
						<String ID="P46_ST00130" HPOS="1667" VPOS="1450" WIDTH="148" HEIGHT="32" CONTENT="arms" WC="0.98" CC="0440"/>
						<SP ID="P46_SP00117" HPOS="1815" VPOS="1497" WIDTH="67"/>
						<String ID="P46_ST00131" HPOS="1882" VPOS="1437" WIDTH="191" HEIGHT="43" CONTENT="armed" WC="0.99" CC="06000"/>
						<SP ID="P46_SP00118" HPOS="2073" VPOS="1497" WIDTH="55"/>
						<String ID="P46_ST00132" HPOS="2128" VPOS="1435" WIDTH="138" HEIGHT="44" CONTENT="with" WC="0.98" CC="0700"/>
						<SP ID="P46_SP00119" HPOS="2266" VPOS="1497" WIDTH="74"/>
						<String ID="P46_ST00133" HPOS="2340" VPOS="1436" WIDTH="202" HEIGHT="43" CONTENT="instru°" WC="0.76" CC="0300606"/>
					</TextLine>
					<TextLine ID="P46_TL00015" HPOS="231" VPOS="1529" WIDTH="2308" HEIGHT="54">
						<String ID="P46_ST00134" HPOS="231" VPOS="1536" WIDTH="185" HEIGHT="42" CONTENT="ments" WC="0.71" CC="94000"/>
						<SP ID="P46_SP00120" HPOS="416" VPOS="1578" WIDTH="50"/>
						<String ID="P46_ST00135" HPOS="466" VPOS="1534" WIDTH="56" HEIGHT="43" CONTENT="of" WC="1.00" CC="00"/>
						<SP ID="P46_SP00121" HPOS="522" VPOS="1578" WIDTH="54"/>
						<String ID="P46_ST00136" HPOS="576" VPOS="1534" WIDTH="367" HEIGHT="49" CONTENT="destruction," WC="0.99" CC="080300367064"/>
						<SP ID="P46_SP00122" HPOS="943" VPOS="1583" WIDTH="33"/>
						<String ID="P46_ST00137" HPOS="976" VPOS="1531" WIDTH="181" HEIGHT="45" CONTENT="would" WC="0.98" CC="00480"/>
						<SP ID="P46_SP00123" HPOS="1157" VPOS="1583" WIDTH="36"/>
						<String ID="P46_ST00138" HPOS="1193" VPOS="1532" WIDTH="99" HEIGHT="42" CONTENT="not" WC="1.00" CC="000"/>
						<SP ID="P46_SP00124" HPOS="1292" VPOS="1583" WIDTH="33"/>
						<String ID="P46_ST00139" HPOS="1325" VPOS="1531" WIDTH="137" HEIGHT="43" CONTENT="have" WC="0.99" CC="0005"/>
						<SP ID="P46_SP00125" HPOS="1462" VPOS="1583" WIDTH="36"/>
						<String ID="P46_ST00140" HPOS="1498" VPOS="1530" WIDTH="315" HEIGHT="43" CONTENT="inculcated" WC="1.00" CC="0600300010"/>
						<SP ID="P46_SP00126" HPOS="1813" VPOS="1583" WIDTH="36"/>
						<String ID="P46_ST00141" HPOS="1849" VPOS="1529" WIDTH="138" HEIGHT="43" CONTENT="such" WC="0.98" CC="0052"/>
						<SP ID="P46_SP00127" HPOS="1987" VPOS="1583" WIDTH="36"/>
						<String ID="P46_ST00142" HPOS="2023" VPOS="1529" WIDTH="164" HEIGHT="53" CONTENT="great" WC="0.97" CC="00199"/>
						<SP ID="P46_SP00128" HPOS="2187" VPOS="1583" WIDTH="32"/>
						<String ID="P46_ST00143" HPOS="2219" VPOS="1529" WIDTH="189" HEIGHT="42" CONTENT="terror" WC="0.99" CC="035000"/>
						<SP ID="P46_SP00129" HPOS="2408" VPOS="1583" WIDTH="23"/>
						<String ID="P46_ST00144" HPOS="2431" VPOS="1529" WIDTH="108" HEIGHT="43" CONTENT="into" WC="0.97" CC="0560"/>
					</TextLine>
					<TextLine ID="P46_TL00016" HPOS="228" VPOS="1615" WIDTH="2312" HEIGHT="57">
						<String ID="P46_ST00145" HPOS="228" VPOS="1623" WIDTH="100" HEIGHT="43" CONTENT="the" WC="1.00" CC="000"/>
						<SP ID="P46_SP00130" HPOS="328" VPOS="1666" WIDTH="35"/>
						<String ID="P46_ST00146" HPOS="363" VPOS="1623" WIDTH="178" HEIGHT="43" CONTENT="minds" WC="0.99" CC="04000"/>
						<SP ID="P46_SP00131" HPOS="541" VPOS="1666" WIDTH="35"/>
						<String ID="P46_ST00147" HPOS="576" VPOS="1623" WIDTH="55" HEIGHT="43" CONTENT="of" WC="0.36" CC="48"/>
						<SP ID="P46_SP00132" HPOS="631" VPOS="1666" WIDTH="31"/>
						<String ID="P46_ST00148" HPOS="662" VPOS="1623" WIDTH="96" HEIGHT="44" CONTENT="the" WC="0.99" CC="003"/>
						<SP ID="P46_SP00133" HPOS="758" VPOS="1667" WIDTH="35"/>
						<String ID="P46_ST00149" HPOS="793" VPOS="1621" WIDTH="129" HEIGHT="45" CONTENT="first" WC="0.98" CC="74100"/>
						<SP ID="P46_SP00134" HPOS="922" VPOS="1667" WIDTH="36"/>
						<String ID="P46_ST00150" HPOS="958" VPOS="1621" WIDTH="272" HEIGHT="45" CONTENT="believers" WC="0.99" CC="637740020"/>
						<SP ID="P46_SP00135" HPOS="1230" VPOS="1667" WIDTH="24"/>
						<String ID="P46_ST00151" HPOS="1254" VPOS="1632" WIDTH="105" HEIGHT="33" CONTENT="nor" WC="0.95" CC="706"/>
						<SP ID="P46_SP00136" HPOS="1359" VPOS="1667" WIDTH="19"/>
						<String ID="P46_ST00152" HPOS="1378" VPOS="1620" WIDTH="247" HEIGHT="52" CONTENT="inspired" WC="0.99" CC="05057130"/>
						<SP ID="P46_SP00137" HPOS="1625" VPOS="1672" WIDTH="20"/>
						<String ID="P46_ST00153" HPOS="1645" VPOS="1620" WIDTH="137" HEIGHT="43" CONTENT="such" WC="0.97" CC="0444"/>
						<SP ID="P46_SP00138" HPOS="1782" VPOS="1672" WIDTH="27"/>
						<String ID="P46_ST00154" HPOS="1809" VPOS="1618" WIDTH="341" HEIGHT="44" CONTENT="admiration" WC="1.00" CC="0006600000"/>
						<SP ID="P46_SP00139" HPOS="2150" VPOS="1672" WIDTH="27"/>
						<String ID="P46_ST00155" HPOS="2177" VPOS="1619" WIDTH="57" HEIGHT="42" CONTENT="in" WC="0.74" CC="05"/>
						<SP ID="P46_SP00140" HPOS="2234" VPOS="1672" WIDTH="24"/>
						<String ID="P46_ST00156" HPOS="2258" VPOS="1618" WIDTH="98" HEIGHT="43" CONTENT="the" WC="1.00" CC="000"/>
						<SP ID="P46_SP00141" HPOS="2356" VPOS="1672" WIDTH="24"/>
						<String ID="P46_ST00157" HPOS="2380" VPOS="1615" WIDTH="160" HEIGHT="48" CONTENT="fierce" WC="0.99" CC="570000"/>
					</TextLine>
					<TextLine ID="P46_TL00017" HPOS="230" VPOS="1706" WIDTH="2310" HEIGHT="58">
						<String ID="P46_ST00158" HPOS="230" VPOS="1715" WIDTH="107" HEIGHT="42" CONTENT="and" WC="0.95" CC="480"/>
						<SP ID="P46_SP00142" HPOS="337" VPOS="1757" WIDTH="35"/>
						<String ID="P46_ST00159" HPOS="372" VPOS="1713" WIDTH="228" HEIGHT="44" CONTENT="restless" WC="0.99" CC="26008000"/>
						<SP ID="P46_SP00143" HPOS="600" VPOS="1757" WIDTH="35"/>
						<String ID="P46_ST00160" HPOS="635" VPOS="1714" WIDTH="330" HEIGHT="42" CONTENT="multitudes" WC="0.98" CC="9350804097"/>
						<SP ID="P46_SP00144" HPOS="965" VPOS="1757" WIDTH="35"/>
						<String ID="P46_ST00161" HPOS="1000" VPOS="1712" WIDTH="56" HEIGHT="44" CONTENT="of" WC="0.39" CC="47"/>
						<SP ID="P46_SP00145" HPOS="1056" VPOS="1757" WIDTH="31"/>
						<String ID="P46_ST00162" HPOS="1087" VPOS="1714" WIDTH="97" HEIGHT="41" CONTENT="the" WC="0.97" CC="600"/>
						<SP ID="P46_SP00146" HPOS="1184" VPOS="1757" WIDTH="33"/>
						<String ID="P46_ST00163" HPOS="1217" VPOS="1710" WIDTH="132" HEIGHT="46" CONTENT="first" WC="0.98" CC="73400"/>
						<SP ID="P46_SP00147" HPOS="1349" VPOS="1757" WIDTH="50"/>
						<String ID="P46_ST00164" HPOS="1399" VPOS="1714" WIDTH="223" HEIGHT="41" CONTENT="centres" WC="0.98" CC="0078350"/>
						<SP ID="P46_SP00148" HPOS="1622" VPOS="1757" WIDTH="57"/>
						<String ID="P46_ST00165" HPOS="1679" VPOS="1710" WIDTH="56" HEIGHT="43" CONTENT="of" WC="0.63" CC="07"/>
						<SP ID="P46_SP00149" HPOS="1735" VPOS="1757" WIDTH="53"/>
						<String ID="P46_ST00166" HPOS="1788" VPOS="1709" WIDTH="320" HEIGHT="44" CONTENT="habitation" WC="0.99" CC="0053603300"/>
						<SP ID="P46_SP00150" HPOS="2108" VPOS="1757" WIDTH="53"/>
						<String ID="P46_ST00167" HPOS="2161" VPOS="1706" WIDTH="44" HEIGHT="46" CONTENT="if" WC="0.28" CC="67"/>
						<SP ID="P46_SP00151" HPOS="2205" VPOS="1757" WIDTH="53"/>
						<String ID="P46_ST00168" HPOS="2258" VPOS="1709" WIDTH="134" HEIGHT="55" CONTENT="they" WC="0.99" CC="2010"/>
						<SP ID="P46_SP00152" HPOS="2392" VPOS="1764" WIDTH="54"/>
						<String ID="P46_ST00169" HPOS="2446" VPOS="1710" WIDTH="94" HEIGHT="43" CONTENT="had" WC="0.97" CC="053"/>
					</TextLine>
					<TextLine ID="P46_TL00018" HPOS="231" VPOS="1802" WIDTH="2309" HEIGHT="53">
						<String ID="P46_ST00170" HPOS="231" VPOS="1804" WIDTH="300" HEIGHT="43" CONTENT="continued" WC="0.99" CC="040435000"/>
						<SP ID="P46_SP00153" HPOS="531" VPOS="1847" WIDTH="36"/>
						<String ID="P46_ST00171" HPOS="567" VPOS="1806" WIDTH="57" HEIGHT="41" CONTENT="to" WC="1.00" CC="00"/>
						<SP ID="P46_SP00154" HPOS="624" VPOS="1847" WIDTH="34"/>
						<String ID="P46_ST00172" HPOS="658" VPOS="1806" WIDTH="211" HEIGHT="41" CONTENT="remain" WC="1.00" CC="020011"/>
						<SP ID="P46_SP00155" HPOS="869" VPOS="1847" WIDTH="38"/>
						<String ID="P46_ST00173" HPOS="907" VPOS="1803" WIDTH="328" HEIGHT="44" CONTENT="motionless" WC="0.99" CC="5010066002"/>
						<SP ID="P46_SP00156" HPOS="1235" VPOS="1847" WIDTH="34"/>
						<String ID="P46_ST00174" HPOS="1269" VPOS="1814" WIDTH="69" HEIGHT="31" CONTENT="on" WC="0.83" CC="03"/>
						<SP ID="P46_SP00157" HPOS="1338" VPOS="1847" WIDTH="36"/>
						<String ID="P46_ST00175" HPOS="1374" VPOS="1803" WIDTH="152" HEIGHT="42" CONTENT="their" WC="1.00" CC="00200"/>
						<SP ID="P46_SP00158" HPOS="1526" VPOS="1847" WIDTH="33"/>
						<String ID="P46_ST00176" HPOS="1559" VPOS="1802" WIDTH="273" HEIGHT="53" CONTENT="pedestal," WC="0.99" CC="630404670"/>
						<SP ID="P46_SP00159" HPOS="1832" VPOS="1855" WIDTH="34"/>
						<String ID="P46_ST00177" HPOS="1866" VPOS="1802" WIDTH="157" HEIGHT="43" CONTENT="inert" WC="0.99" CC="70000"/>
						<SP ID="P46_SP00160" HPOS="2023" VPOS="1855" WIDTH="19"/>
						<String ID="P46_ST00178" HPOS="2042" VPOS="1802" WIDTH="107" HEIGHT="43" CONTENT="and" WC="0.97" CC="060"/>
						<SP ID="P46_SP00161" HPOS="2149" VPOS="1855" WIDTH="23"/>
						<String ID="P46_ST00179" HPOS="2172" VPOS="1802" WIDTH="368" HEIGHT="44" CONTENT="cumbersome" WC="0.99" CC="1105060054"/>
					</TextLine>
					<TextLine ID="P46_TL00019" HPOS="233" VPOS="1891" WIDTH="2309" HEIGHT="55">
						<String ID="P46_ST00180" HPOS="233" VPOS="1905" WIDTH="207" HEIGHT="33" CONTENT="masses" WC="1.00" CC="000000"/>
						<SP ID="P46_SP00162" HPOS="440" VPOS="1938" WIDTH="34"/>
						<String ID="P46_ST00181" HPOS="474" VPOS="1894" WIDTH="222" HEIGHT="52" CONTENT="against" WC="0.99" CC="3064500"/>
						<SP ID="P46_SP00163" HPOS="696" VPOS="1946" WIDTH="32"/>
						<String ID="P46_ST00182" HPOS="728" VPOS="1894" WIDTH="179" HEIGHT="44" CONTENT="which" WC="0.96" CC="96706"/>
						<SP ID="P46_SP00164" HPOS="907" VPOS="1946" WIDTH="37"/>
						<String ID="P46_ST00183" HPOS="944" VPOS="1906" WIDTH="166" HEIGHT="40" CONTENT="every" WC="0.99" CC="00300"/>
						<SP ID="P46_SP00165" HPOS="1110" VPOS="1946" WIDTH="33"/>
						<String ID="P46_ST00184" HPOS="1143" VPOS="1892" WIDTH="123" HEIGHT="44" CONTENT="lack" WC="0.95" CC="8607"/>
						<SP ID="P46_SP00166" HPOS="1266" VPOS="1946" WIDTH="35"/>
						<String ID="P46_ST00185" HPOS="1301" VPOS="1891" WIDTH="56" HEIGHT="45" CONTENT="of" WC="0.55" CC="17"/>
						<SP ID="P46_SP00167" HPOS="1357" VPOS="1946" WIDTH="34"/>
						<String ID="P46_ST00186" HPOS="1391" VPOS="1893" WIDTH="240" HEIGHT="52" CONTENT="respect," WC="0.99" CC="03600104"/>
						<SP ID="P46_SP00168" HPOS="1631" VPOS="1946" WIDTH="34"/>
						<String ID="P46_ST00187" HPOS="1665" VPOS="1903" WIDTH="170" HEIGHT="43" CONTENT="every" WC="1.00" CC="10000"/>
						<SP ID="P46_SP00169" HPOS="1835" VPOS="1946" WIDTH="32"/>
						<String ID="P46_ST00188" HPOS="1867" VPOS="1892" WIDTH="276" HEIGHT="53" CONTENT="violence," WC="0.99" CC="082617004"/>
						<SP ID="P46_SP00170" HPOS="2143" VPOS="1946" WIDTH="34"/>
						<String ID="P46_ST00189" HPOS="2177" VPOS="1902" WIDTH="170" HEIGHT="42" CONTENT="every" WC="0.99" CC="50030"/>
						<SP ID="P46_SP00171" HPOS="2347" VPOS="1946" WIDTH="50"/>
						<String ID="P46_ST00190" HPOS="2397" VPOS="1903" WIDTH="116" HEIGHT="33" CONTENT="over" SUBS_TYPE="HypPart1" SUBS_CONTENT="overbearing" WC="0.98" CC="5330"/>
						<HYP HPOS="2513" VPOS="1903" WIDTH="29" CONTENT="-"/>
					</TextLine>
					<TextLine ID="P46_TL00020" HPOS="233" VPOS="1982" WIDTH="2309" HEIGHT="56">
						<String ID="P46_ST00191" HPOS="233" VPOS="1986" WIDTH="231" HEIGHT="52" CONTENT="bearing" SUBS_TYPE="HypPart2" SUBS_CONTENT="overbearing" WC="0.98" CC="7060760"/>
						<SP ID="P46_SP00172" HPOS="464" VPOS="2038" WIDTH="33"/>
						<String ID="P46_ST00192" HPOS="497" VPOS="1987" WIDTH="89" HEIGHT="41" CONTENT="act" WC="0.99" CC="010"/>
						<SP ID="P46_SP00173" HPOS="586" VPOS="2038" WIDTH="34"/>
						<String ID="P46_ST00193" HPOS="620" VPOS="1985" WIDTH="159" HEIGHT="44" CONTENT="could" WC="0.99" CC="00250"/>
						<SP ID="P46_SP00174" HPOS="779" VPOS="2038" WIDTH="35"/>
						<String ID="P46_ST00194" HPOS="814" VPOS="1985" WIDTH="195" HEIGHT="43" CONTENT="flatter" WC="0.98" CC="8730625"/>
						<SP ID="P46_SP00175" HPOS="1009" VPOS="2038" WIDTH="34"/>
						<String ID="P46_ST00195" HPOS="1043" VPOS="1983" WIDTH="154" HEIGHT="45" CONTENT="itself" WC="0.99" CC="000058"/>
						<SP ID="P46_SP00176" HPOS="1197" VPOS="2038" WIDTH="31"/>
						<String ID="P46_ST00196" HPOS="1228" VPOS="1986" WIDTH="126" HEIGHT="42" CONTENT="that" WC="0.96" CC="3760"/>
						<SP ID="P46_SP00177" HPOS="1354" VPOS="2038" WIDTH="32"/>
						<String ID="P46_ST00197" HPOS="1386" VPOS="1986" WIDTH="46" HEIGHT="42" CONTENT="it" WC="0.67" CC="51"/>
						<SP ID="P46_SP00178" HPOS="1432" VPOS="2038" WIDTH="31"/>
						<String ID="P46_ST00198" HPOS="1463" VPOS="1995" WIDTH="116" HEIGHT="33" CONTENT="was" WC="0.97" CC="080"/>
						<SP ID="P46_SP00179" HPOS="1579" VPOS="2038" WIDTH="35"/>
						<String ID="P46_ST00199" HPOS="1614" VPOS="1983" WIDTH="251" HEIGHT="42" CONTENT="directed" WC="0.99" CC="04401100"/>
						<SP ID="P46_SP00180" HPOS="1865" VPOS="2038" WIDTH="35"/>
						<String ID="P46_ST00200" HPOS="1900" VPOS="1982" WIDTH="140" HEIGHT="43" CONTENT="with" WC="0.98" CC="0700"/>
						<SP ID="P46_SP00181" HPOS="2040" VPOS="2038" WIDTH="38"/>
						<String ID="P46_ST00201" HPOS="2078" VPOS="1985" WIDTH="301" HEIGHT="53" CONTENT="impunity." WC="0.99" CC="530372403"/>
						<SP ID="P46_SP00182" HPOS="2379" VPOS="2038" WIDTH="107"/>
						<String ID="P46_ST00202" HPOS="2486" VPOS="1992" WIDTH="56" HEIGHT="36" CONTENT="&amp;" WC="0.15" CC="8"/>
					</TextLine>
					<TextLine ID="P46_TL00021" HPOS="330" VPOS="2073" WIDTH="2213" HEIGHT="56">
						<String ID="P46_ST00203" HPOS="330" VPOS="2073" WIDTH="112" HEIGHT="45" CONTENT="The" WC="0.97" CC="060"/>
						<SP ID="P46_SP00183" HPOS="442" VPOS="2118" WIDTH="35"/>
						<String ID="P46_ST00204" HPOS="477" VPOS="2075" WIDTH="123" HEIGHT="43" CONTENT="idea" WC="0.97" CC="7600"/>
						<SP ID="P46_SP00184" HPOS="600" VPOS="2118" WIDTH="33"/>
						<String ID="P46_ST00205" HPOS="633" VPOS="2075" WIDTH="54" HEIGHT="44" CONTENT="of" WC="0.55" CC="17"/>
						<SP ID="P46_SP00185" HPOS="687" VPOS="2119" WIDTH="33"/>
						<String ID="P46_ST00206" HPOS="720" VPOS="2075" WIDTH="392" HEIGHT="53" CONTENT="supernatural" WC="0.99" CC="026062100006"/>
						<SP ID="P46_SP00186" HPOS="1112" VPOS="2128" WIDTH="35"/>
						<String ID="P46_ST00207" HPOS="1147" VPOS="2086" WIDTH="189" HEIGHT="42" CONTENT="power" WC="0.98" CC="00714"/>
						<SP ID="P46_SP00187" HPOS="1336" VPOS="2128" WIDTH="33"/>
						<String ID="P46_ST00208" HPOS="1369" VPOS="2077" WIDTH="153" HEIGHT="41" CONTENT="must" WC="0.97" CC="9200"/>
						<SP ID="P46_SP00188" HPOS="1522" VPOS="2128" WIDTH="33"/>
						<String ID="P46_ST00209" HPOS="1555" VPOS="2076" WIDTH="100" HEIGHT="41" CONTENT="not" WC="0.96" CC="740"/>
						<SP ID="P46_SP00189" HPOS="1655" VPOS="2128" WIDTH="34"/>
						<String ID="P46_ST00210" HPOS="1689" VPOS="2075" WIDTH="56" HEIGHT="42" CONTENT="in" WC="0.65" CC="24"/>
						<SP ID="P46_SP00190" HPOS="1745" VPOS="2128" WIDTH="36"/>
						<String ID="P46_ST00211" HPOS="1781" VPOS="2075" WIDTH="132" HEIGHT="42" CONTENT="that" WC="1.00" CC="0200"/>
						<SP ID="P46_SP00191" HPOS="1913" VPOS="2128" WIDTH="34"/>
						<String ID="P46_ST00212" HPOS="1947" VPOS="2073" WIDTH="175" HEIGHT="54" CONTENT="epoch" WC="1.00" CC="00400"/>
						<SP ID="P46_SP00192" HPOS="2122" VPOS="2128" WIDTH="39"/>
						<String ID="P46_ST00213" HPOS="2161" VPOS="2073" WIDTH="139" HEIGHT="45" CONTENT="have" WC="0.99" CC="0500"/>
						<SP ID="P46_SP00193" HPOS="2300" VPOS="2128" WIDTH="51"/>
						<String ID="P46_ST00214" HPOS="2351" VPOS="2073" WIDTH="192" HEIGHT="56" CONTENT="always" WC="0.98" CC="089050"/>
					</TextLine>
					<TextLine ID="P46_TL00022" HPOS="229" VPOS="2162" WIDTH="2315" HEIGHT="55">
						<String ID="P46_ST00215" HPOS="229" VPOS="2166" WIDTH="287" HEIGHT="42" CONTENT="remained" WC="0.99" CC="01003740"/>
						<SP ID="P46_SP00194" HPOS="516" VPOS="2208" WIDTH="35"/>
						<String ID="P46_ST00216" HPOS="551" VPOS="2165" WIDTH="390" HEIGHT="44" CONTENT="disassociated" WC="1.00" CC="0000000100010"/>
						<SP ID="P46_SP00195" HPOS="941" VPOS="2209" WIDTH="35"/>
						<String ID="P46_ST00217" HPOS="976" VPOS="2164" WIDTH="143" HEIGHT="45" CONTENT="from" WC="0.98" CC="7001"/>
						<SP ID="P46_SP00196" HPOS="1119" VPOS="2209" WIDTH="36"/>
						<String ID="P46_ST00218" HPOS="1155" VPOS="2166" WIDTH="95" HEIGHT="42" CONTENT="the" WC="0.96" CC="108"/>
						<SP ID="P46_SP00197" HPOS="1250" VPOS="2209" WIDTH="36"/>
						<String ID="P46_ST00219" HPOS="1286" VPOS="2165" WIDTH="123" HEIGHT="43" CONTENT="idea" WC="0.98" CC="7000"/>
						<SP ID="P46_SP00198" HPOS="1409" VPOS="2209" WIDTH="34"/>
						<String ID="P46_ST00220" HPOS="1443" VPOS="2165" WIDTH="56" HEIGHT="43" CONTENT="of" WC="0.70" CC="05"/>
						<SP ID="P46_SP00199" HPOS="1499" VPOS="2209" WIDTH="34"/>
						<String ID="P46_ST00221" HPOS="1533" VPOS="2166" WIDTH="208" HEIGHT="51" CONTENT="action," WC="0.99" CC="0170182"/>
						<SP ID="P46_SP00200" HPOS="1741" VPOS="2217" WIDTH="50"/>
						<String ID="P46_ST00222" HPOS="1791" VPOS="2162" WIDTH="57" HEIGHT="45" CONTENT="of" WC="0.57" CC="08"/>
						<SP ID="P46_SP00201" HPOS="1848" VPOS="2217" WIDTH="56"/>
						<String ID="P46_ST00223" HPOS="1904" VPOS="2167" WIDTH="342" HEIGHT="49" CONTENT="movement," WC="1.00" CC="000403301"/>
						<SP ID="P46_SP00202" HPOS="2246" VPOS="2217" WIDTH="57"/>
						<String ID="P46_ST00224" HPOS="2303" VPOS="2162" WIDTH="57" HEIGHT="47" CONTENT="of" WC="0.75" CC="04"/>
						<SP ID="P46_SP00203" HPOS="2360" VPOS="2217" WIDTH="51"/>
						<String ID="P46_ST00225" HPOS="2411" VPOS="2165" WIDTH="107" HEIGHT="44" CONTENT="loco" SUBS_TYPE="HypPart1" SUBS_CONTENT="locomotion," WC="0.98" CC="5025"/>
						<HYP HPOS="2518" VPOS="2165" WIDTH="26" CONTENT="-"/>
					</TextLine>
					<TextLine ID="P46_TL00023" HPOS="230" VPOS="2254" WIDTH="2308" HEIGHT="56">
						<String ID="P46_ST00226" HPOS="230" VPOS="2256" WIDTH="236" HEIGHT="52" CONTENT="motion," SUBS_TYPE="HypPart2" SUBS_CONTENT="locomotion," WC="0.99" CC="0050301"/>
						<SP ID="P46_SP00204" HPOS="466" VPOS="2308" WIDTH="33"/>
						<String ID="P46_ST00227" HPOS="499" VPOS="2254" WIDTH="56" HEIGHT="46" CONTENT="of" WC="0.64" CC="07"/>
						<SP ID="P46_SP00205" HPOS="555" VPOS="2308" WIDTH="33"/>
						<String ID="P46_ST00228" HPOS="588" VPOS="2256" WIDTH="253" HEIGHT="44" CONTENT="material" WC="0.99" CC="07190304"/>
						<SP ID="P46_SP00206" HPOS="841" VPOS="2308" WIDTH="33"/>
						<String ID="P46_ST00229" HPOS="874" VPOS="2255" WIDTH="170" HEIGHT="52" CONTENT="force," WC="0.98" CC="604454"/>
						<SP ID="P46_SP00207" HPOS="1044" VPOS="2308" WIDTH="33"/>
						<String ID="P46_ST00230" HPOS="1077" VPOS="2258" WIDTH="108" HEIGHT="40" CONTENT="and" WC="1.00" CC="000"/>
						<SP ID="P46_SP00208" HPOS="1185" VPOS="2308" WIDTH="36"/>
						<String ID="P46_ST00231" HPOS="1221" VPOS="2256" WIDTH="96" HEIGHT="44" CONTENT="the" WC="0.96" CC="731"/>
						<SP ID="P46_SP00209" HPOS="1317" VPOS="2308" WIDTH="36"/>
						<String ID="P46_ST00232" HPOS="1353" VPOS="2254" WIDTH="254" HEIGHT="56" CONTENT="pontiffs," WC="0.99" CC="040010503"/>
						<SP ID="P46_SP00210" HPOS="1607" VPOS="2310" WIDTH="35"/>
						<String ID="P46_ST00233" HPOS="1642" VPOS="2256" WIDTH="99" HEIGHT="42" CONTENT="the" WC="0.99" CC="002"/>
						<SP ID="P46_SP00211" HPOS="1741" VPOS="2310" WIDTH="36"/>
						<String ID="P46_ST00234" HPOS="1777" VPOS="2256" WIDTH="225" HEIGHT="52" CONTENT="priests," WC="0.99" CC="00210053"/>
						<SP ID="P46_SP00212" HPOS="2002" VPOS="2310" WIDTH="34"/>
						<String ID="P46_ST00235" HPOS="2036" VPOS="2256" WIDTH="100" HEIGHT="44" CONTENT="the" WC="1.00" CC="000"/>
						<SP ID="P46_SP00213" HPOS="2136" VPOS="2310" WIDTH="35"/>
						<String ID="P46_ST00236" HPOS="2171" VPOS="2254" WIDTH="271" HEIGHT="47" CONTENT="founders" WC="0.99" CC="80600102"/>
						<SP ID="P46_SP00214" HPOS="2442" VPOS="2310" WIDTH="47"/>
						<String ID="P46_ST00237" HPOS="2489" VPOS="2255" WIDTH="49" HEIGHT="45" CONTENT="of" WC="0.49" CC="36"/>
					</TextLine>
					<TextLine ID="P46_TL00024" HPOS="229" VPOS="2345" WIDTH="2316" HEIGHT="54">
						<String ID="P46_ST00238" HPOS="229" VPOS="2345" WIDTH="96" HEIGHT="43" CONTENT="the" WC="1.00" CC="000"/>
						<SP ID="P46_SP00215" HPOS="325" VPOS="2388" WIDTH="36"/>
						<String ID="P46_ST00239" HPOS="361" VPOS="2349" WIDTH="146" HEIGHT="39" CONTENT="most" WC="1.00" CC="0000"/>
						<SP ID="P46_SP00216" HPOS="507" VPOS="2388" WIDTH="32"/>
						<String ID="P46_ST00240" HPOS="539" VPOS="2348" WIDTH="222" HEIGHT="42" CONTENT="ancient" WC="0.99" CC="6020650"/>
						<SP ID="P46_SP00217" HPOS="761" VPOS="2390" WIDTH="52"/>
						<String ID="P46_ST00241" HPOS="813" VPOS="2347" WIDTH="362" HEIGHT="52" CONTENT="theocracies," WC="1.00" CC="000623007002"/>
						<SP ID="P46_SP00218" HPOS="1175" VPOS="2399" WIDTH="65"/>
						<String ID="P46_ST00242" HPOS="1240" VPOS="2357" WIDTH="147" HEIGHT="33" CONTENT="were" WC="0.98" CC="0045"/>
						<SP ID="P46_SP00219" HPOS="1387" VPOS="2399" WIDTH="55"/>
						<String ID="P46_ST00243" HPOS="1442" VPOS="2349" WIDTH="95" HEIGHT="41" CONTENT="too" WC="0.95" CC="345"/>
						<SP ID="P46_SP00220" HPOS="1537" VPOS="2399" WIDTH="53"/>
						<String ID="P46_ST00244" HPOS="1590" VPOS="2347" WIDTH="135" HEIGHT="44" CONTENT="wise" WC="0.98" CC="0502"/>
						<SP ID="P46_SP00221" HPOS="1725" VPOS="2399" WIDTH="55"/>
						<String ID="P46_ST00245" HPOS="1780" VPOS="2348" WIDTH="100" HEIGHT="42" CONTENT="not" WC="0.99" CC="200"/>
						<SP ID="P46_SP00222" HPOS="1880" VPOS="2399" WIDTH="53"/>
						<String ID="P46_ST00246" HPOS="1933" VPOS="2349" WIDTH="59" HEIGHT="41" CONTENT="to" WC="0.79" CC="04"/>
						<SP ID="P46_SP00223" HPOS="1992" VPOS="2399" WIDTH="58"/>
						<String ID="P46_ST00247" HPOS="2050" VPOS="2348" WIDTH="347" HEIGHT="43" CONTENT="understand" WC="0.99" CC="4004000900"/>
						<SP ID="P46_SP00224" HPOS="2397" VPOS="2399" WIDTH="53"/>
						<String ID="P46_ST00248" HPOS="2450" VPOS="2348" WIDTH="95" HEIGHT="43" CONTENT="and" WC="0.93" CC="909"/>
					</TextLine>
					<TextLine ID="P46_TL00025" HPOS="230" VPOS="2437" WIDTH="2315" HEIGHT="56">
						<String ID="P46_ST00249" HPOS="230" VPOS="2437" WIDTH="95" HEIGHT="42" CONTENT="too" WC="1.00" CC="010"/>
						<SP ID="P46_SP00225" HPOS="325" VPOS="2479" WIDTH="35"/>
						<String ID="P46_ST00250" HPOS="360" VPOS="2438" WIDTH="246" HEIGHT="52" CONTENT="cunning" WC="0.98" CC="3423009"/>
						<SP ID="P46_SP00226" HPOS="606" VPOS="2490" WIDTH="34"/>
						<String ID="P46_ST00251" HPOS="640" VPOS="2438" WIDTH="99" HEIGHT="42" CONTENT="not" WC="0.99" CC="200"/>
						<SP ID="P46_SP00227" HPOS="739" VPOS="2490" WIDTH="32"/>
						<String ID="P46_ST00252" HPOS="771" VPOS="2439" WIDTH="59" HEIGHT="41" CONTENT="to" WC="1.00" CC="00"/>
						<SP ID="P46_SP00228" HPOS="830" VPOS="2490" WIDTH="33"/>
						<String ID="P46_ST00253" HPOS="863" VPOS="2438" WIDTH="135" HEIGHT="42" CONTENT="turn" WC="0.98" CC="0406"/>
						<SP ID="P46_SP00229" HPOS="998" VPOS="2490" WIDTH="39"/>
						<String ID="P46_ST00254" HPOS="1037" VPOS="2439" WIDTH="57" HEIGHT="42" CONTENT="to" WC="1.00" CC="00"/>
						<SP ID="P46_SP00230" HPOS="1094" VPOS="2490" WIDTH="49"/>
						<String ID="P46_ST00255" HPOS="1143" VPOS="2438" WIDTH="313" HEIGHT="53" CONTENT="advantage" WC="1.00" CC="000000003"/>
						<SP ID="P46_SP00231" HPOS="1456" VPOS="2491" WIDTH="47"/>
						<String ID="P46_ST00256" HPOS="1503" VPOS="2438" WIDTH="100" HEIGHT="43" CONTENT="the" WC="1.00" CC="000"/>
						<SP ID="P46_SP00232" HPOS="1603" VPOS="2491" WIDTH="51"/>
						<String ID="P46_ST00257" HPOS="1654" VPOS="2438" WIDTH="283" HEIGHT="55" CONTENT="tendency" WC="1.00" CC="00600000"/>
						<SP ID="P46_SP00233" HPOS="1937" VPOS="2493" WIDTH="50"/>
						<String ID="P46_ST00258" HPOS="1987" VPOS="2437" WIDTH="55" HEIGHT="44" CONTENT="of" WC="1.00" CC="00"/>
						<SP ID="P46_SP00234" HPOS="2042" VPOS="2493" WIDTH="33"/>
						<String ID="P46_ST00259" HPOS="2075" VPOS="2439" WIDTH="98" HEIGHT="42" CONTENT="the" WC="0.96" CC="630"/>
						<SP ID="P46_SP00235" HPOS="2173" VPOS="2493" WIDTH="54"/>
						<String ID="P46_ST00260" HPOS="2227" VPOS="2438" WIDTH="318" HEIGHT="44" CONTENT="multitudes" WC="0.99" CC="0073406004"/>
					</TextLine>
					<TextLine ID="P46_TL00026" HPOS="226" VPOS="2527" WIDTH="2321" HEIGHT="54">
						<String ID="P46_ST00261" HPOS="226" VPOS="2527" WIDTH="242" HEIGHT="43" CONTENT="towards" WC="1.00" CC="0000000"/>
						<SP ID="P46_SP00236" HPOS="468" VPOS="2570" WIDTH="31"/>
						<String ID="P46_ST00262" HPOS="499" VPOS="2528" WIDTH="97" HEIGHT="42" CONTENT="the" WC="0.98" CC="005"/>
						<SP ID="P46_SP00237" HPOS="596" VPOS="2570" WIDTH="35"/>
						<String ID="P46_ST00263" HPOS="631" VPOS="2527" WIDTH="354" HEIGHT="54" CONTENT="marvellous," WC="0.99" CC="90005750292"/>
						<SP ID="P46_SP00238" HPOS="985" VPOS="2581" WIDTH="30"/>
						<String ID="P46_ST00264" HPOS="1015" VPOS="2528" WIDTH="97" HEIGHT="43" CONTENT="the" WC="0.98" CC="004"/>
						<SP ID="P46_SP00239" HPOS="1112" VPOS="2581" WIDTH="34"/>
						<String ID="P46_ST00265" HPOS="1146" VPOS="2528" WIDTH="249" HEIGHT="53" CONTENT="strange," WC="1.00" CC="00005013"/>
						<SP ID="P46_SP00240" HPOS="1395" VPOS="2581" WIDTH="34"/>
						<String ID="P46_ST00266" HPOS="1429" VPOS="2529" WIDTH="107" HEIGHT="42" CONTENT="and" WC="1.00" CC="000"/>
						<SP ID="P46_SP00241" HPOS="1536" VPOS="2581" WIDTH="35"/>
						<String ID="P46_ST00267" HPOS="1571" VPOS="2528" WIDTH="98" HEIGHT="43" CONTENT="the" WC="1.00" CC="000"/>
						<SP ID="P46_SP00242" HPOS="1669" VPOS="2581" WIDTH="34"/>
						<String ID="P46_ST00268" HPOS="1703" VPOS="2528" WIDTH="389" HEIGHT="52" CONTENT="inexplicable." WC="0.99" CC="0752060504703"/>
						<SP ID="P46_SP00243" HPOS="2092" VPOS="2581" WIDTH="150"/>
						<String ID="P46_ST00269" HPOS="2242" VPOS="2537" WIDTH="66" HEIGHT="37" CONTENT="&amp;" WC="0.15" CC="8"/>
						<SP ID="P46_SP00244" HPOS="2308" VPOS="2581" WIDTH="183"/>
						<String ID="P46_ST00270" HPOS="2491" VPOS="2536" WIDTH="56" HEIGHT="37" CONTENT="£&gt;" WC="0.50" CC="36"/>
					</TextLine>
					<TextLine ID="P46_TL00027" HPOS="231" VPOS="2617" WIDTH="2314" HEIGHT="57">
						<String ID="P46_ST00271" HPOS="231" VPOS="2625" WIDTH="68" HEIGHT="37" CONTENT="&amp;" WC="0.15" CC="8"/>
						<SP ID="P46_SP00245" HPOS="299" VPOS="2662" WIDTH="34"/>
						<String ID="P46_ST00272" HPOS="333" VPOS="2618" WIDTH="119" HEIGHT="42" CONTENT="And" WC="1.00" CC="000"/>
						<SP ID="P46_SP00246" HPOS="452" VPOS="2662" WIDTH="45"/>
						<String ID="P46_ST00273" HPOS="497" VPOS="2617" WIDTH="133" HEIGHT="43" CONTENT="thus" WC="1.00" CC="0020"/>
						<SP ID="P46_SP00247" HPOS="630" VPOS="2662" WIDTH="33"/>
						<String ID="P46_ST00274" HPOS="663" VPOS="2618" WIDTH="46" HEIGHT="41" CONTENT="it" WC="0.29" CC="76"/>
						<SP ID="P46_SP00248" HPOS="709" VPOS="2662" WIDTH="35"/>
						<String ID="P46_ST00275" HPOS="744" VPOS="2630" WIDTH="150" HEIGHT="32" CONTENT="came" WC="0.99" CC="0004"/>
						<SP ID="P46_SP00249" HPOS="894" VPOS="2662" WIDTH="35"/>
						<String ID="P46_ST00276" HPOS="929" VPOS="2620" WIDTH="171" HEIGHT="43" CONTENT="about" WC="0.98" CC="66000"/>
						<SP ID="P46_SP00250" HPOS="1100" VPOS="2663" WIDTH="31"/>
						<String ID="P46_ST00277" HPOS="1131" VPOS="2620" WIDTH="146" HEIGHT="49" CONTENT="that," WC="0.99" CC="07003"/>
						<SP ID="P46_SP00251" HPOS="1277" VPOS="2669" WIDTH="35"/>
						<String ID="P46_ST00278" HPOS="1312" VPOS="2620" WIDTH="56" HEIGHT="42" CONTENT="in" WC="0.24" CC="77"/>
						<SP ID="P46_SP00252" HPOS="1368" VPOS="2669" WIDTH="38"/>
						<String ID="P46_ST00279" HPOS="1406" VPOS="2620" WIDTH="194" HEIGHT="54" CONTENT="Egypt," WC="0.99" CC="700003"/>
						<SP ID="P46_SP00253" HPOS="1600" VPOS="2674" WIDTH="53"/>
						<String ID="P46_ST00280" HPOS="1653" VPOS="2620" WIDTH="144" HEIGHT="44" CONTENT="from" WC="0.95" CC="6609"/>
						<SP ID="P46_SP00254" HPOS="1797" VPOS="2674" WIDTH="56"/>
						<String ID="P46_ST00281" HPOS="1853" VPOS="2621" WIDTH="101" HEIGHT="43" CONTENT="the" WC="1.00" CC="000"/>
						<SP ID="P46_SP00255" HPOS="1954" VPOS="2674" WIDTH="35"/>
						<String ID="P46_ST00282" HPOS="1989" VPOS="2622" WIDTH="168" HEIGHT="43" CONTENT="times" WC="0.99" CC="02020"/>
						<SP ID="P46_SP00256" HPOS="2157" VPOS="2674" WIDTH="52"/>
						<String ID="P46_ST00283" HPOS="2209" VPOS="2625" WIDTH="251" HEIGHT="42" CONTENT="anterior" WC="0.99" CC="00004506"/>
						<SP ID="P46_SP00257" HPOS="2460" VPOS="2674" WIDTH="32"/>
						<String ID="P46_ST00284" HPOS="2492" VPOS="2623" WIDTH="53" HEIGHT="41" CONTENT="to" WC="0.55" CC="26"/>
					</TextLine>
					<TextLine ID="P46_TL00028" HPOS="233" VPOS="2706" WIDTH="2315" HEIGHT="62">
						<String ID="P46_ST00285" HPOS="233" VPOS="2707" WIDTH="97" HEIGHT="45" CONTENT="the" WC="1.00" CC="000"/>
						<SP ID="P46_SP00258" HPOS="330" VPOS="2752" WIDTH="35"/>
						<String ID="P46_ST00286" HPOS="365" VPOS="2706" WIDTH="129" HEIGHT="46" CONTENT="first" WC="0.97" CC="65600"/>
						<SP ID="P46_SP00259" HPOS="494" VPOS="2752" WIDTH="23"/>
						<String ID="P46_ST00287" HPOS="517" VPOS="2710" WIDTH="236" HEIGHT="53" CONTENT="dynasty" WC="0.99" CC="0019000"/>
						<SP ID="P46_SP00260" HPOS="753" VPOS="2763" WIDTH="35"/>
						<String ID="P46_ST00288" HPOS="788" VPOS="2708" WIDTH="54" HEIGHT="44" CONTENT="of" WC="0.38" CC="57"/>
						<SP ID="P46_SP00261" HPOS="842" VPOS="2763" WIDTH="31"/>
						<String ID="P46_ST00289" HPOS="873" VPOS="2711" WIDTH="99" HEIGHT="42" CONTENT="the" WC="0.98" CC="005"/>
						<SP ID="P46_SP00262" HPOS="972" VPOS="2763" WIDTH="35"/>
						<String ID="P46_ST00290" HPOS="1007" VPOS="2710" WIDTH="300" HEIGHT="54" CONTENT="Pharoahs," WC="0.63" CC="260828003"/>
						<SP ID="P46_SP00263" HPOS="1307" VPOS="2764" WIDTH="34"/>
						<String ID="P46_ST00291" HPOS="1341" VPOS="2710" WIDTH="72" HEIGHT="44" CONTENT="all" WC="0.92" CC="586"/>
						<SP ID="P46_SP00264" HPOS="1413" VPOS="2764" WIDTH="35"/>
						<String ID="P46_ST00292" HPOS="1448" VPOS="2711" WIDTH="128" HEIGHT="43" CONTENT="that" WC="0.99" CC="3000"/>
						<SP ID="P46_SP00265" HPOS="1576" VPOS="2764" WIDTH="26"/>
						<String ID="P46_ST00293" HPOS="1602" VPOS="2712" WIDTH="101" HEIGHT="42" CONTENT="had" WC="0.98" CC="600"/>
						<SP ID="P46_SP00266" HPOS="1703" VPOS="2764" WIDTH="23"/>
						<String ID="P46_ST00294" HPOS="1726" VPOS="2724" WIDTH="108" HEIGHT="42" CONTENT="any" WC="0.95" CC="680"/>
						<SP ID="P46_SP00267" HPOS="1834" VPOS="2766" WIDTH="27"/>
						<String ID="P46_ST00295" HPOS="1861" VPOS="2712" WIDTH="265" HEIGHT="56" CONTENT="relation," WC="0.99" CC="024003014"/>
						<SP ID="P46_SP00268" HPOS="2126" VPOS="2768" WIDTH="27"/>
						<String ID="P46_ST00296" HPOS="2153" VPOS="2715" WIDTH="184" HEIGHT="43" CONTENT="either" WC="0.99" CC="000704"/>
						<SP ID="P46_SP00269" HPOS="2337" VPOS="2768" WIDTH="20"/>
						<String ID="P46_ST00297" HPOS="2357" VPOS="2714" WIDTH="191" HEIGHT="53" CONTENT="closely" WC="0.98" CC="0830069"/>
					</TextLine>
					<TextLine ID="P46_TL00029" HPOS="234" VPOS="2799" WIDTH="2313" HEIGHT="64">
						<String ID="P46_ST00298" HPOS="234" VPOS="2810" WIDTH="65" HEIGHT="32" CONTENT="or" WC="0.38" CC="56"/>
						<SP ID="P46_SP00270" HPOS="299" VPOS="2842" WIDTH="33"/>
						<String ID="P46_ST00299" HPOS="332" VPOS="2799" WIDTH="288" HEIGHT="53" CONTENT="distantly," WC="0.99" CC="0400740802"/>
						<SP ID="P46_SP00271" HPOS="620" VPOS="2852" WIDTH="33"/>
						<String ID="P46_ST00300" HPOS="653" VPOS="2800" WIDTH="137" HEIGHT="43" CONTENT="with" WC="1.00" CC="0000"/>
						<SP ID="P46_SP00272" HPOS="790" VPOS="2852" WIDTH="36"/>
						<String ID="P46_ST00301" HPOS="826" VPOS="2801" WIDTH="96" HEIGHT="42" CONTENT="the" WC="1.00" CC="000"/>
						<SP ID="P46_SP00273" HPOS="922" VPOS="2852" WIDTH="33"/>
						<String ID="P46_ST00302" HPOS="955" VPOS="2802" WIDTH="159" HEIGHT="42" CONTENT="State" WC="0.98" CC="02063"/>
						<SP ID="P46_SP00274" HPOS="1114" VPOS="2852" WIDTH="36"/>
						<String ID="P46_ST00303" HPOS="1150" VPOS="2800" WIDTH="259" HEIGHT="55" CONTENT="religion," WC="0.99" CC="337000174"/>
						<SP ID="P46_SP00275" HPOS="1409" VPOS="2855" WIDTH="33"/>
						<String ID="P46_ST00304" HPOS="1442" VPOS="2813" WIDTH="151" HEIGHT="42" CONTENT="grew" WC="0.99" CC="0300"/>
						<SP ID="P46_SP00276" HPOS="1593" VPOS="2855" WIDTH="34"/>
						<String ID="P46_ST00305" HPOS="1627" VPOS="2804" WIDTH="235" HEIGHT="54" CONTENT="rapidly," WC="0.99" CC="20060704"/>
						<SP ID="P46_SP00277" HPOS="1862" VPOS="2858" WIDTH="36"/>
						<String ID="P46_ST00306" HPOS="1898" VPOS="2806" WIDTH="109" HEIGHT="42" CONTENT="and" WC="0.98" CC="060"/>
						<SP ID="P46_SP00278" HPOS="2007" VPOS="2858" WIDTH="35"/>
						<String ID="P46_ST00307" HPOS="2042" VPOS="2806" WIDTH="257" HEIGHT="43" CONTENT="attained" WC="0.99" CC="00005730"/>
						<SP ID="P46_SP00279" HPOS="2299" VPOS="2858" WIDTH="56"/>
						<String ID="P46_ST00308" HPOS="2355" VPOS="2808" WIDTH="58" HEIGHT="41" CONTENT="to" WC="1.00" CC="00"/>
						<SP ID="P46_SP00280" HPOS="2413" VPOS="2858" WIDTH="32"/>
						<String ID="P46_ST00309" HPOS="2445" VPOS="2804" WIDTH="102" HEIGHT="59" CONTENT="ithe" WC="0.51" CC="8064"/>
					</TextLine>
					<TextLine ID="P46_TL00030" HPOS="233" VPOS="2889" WIDTH="2315" HEIGHT="62">
						<String ID="P46_ST00310" HPOS="233" VPOS="2890" WIDTH="147" HEIGHT="42" CONTENT="most" WC="1.00" CC="0200"/>
						<SP ID="P46_SP00281" HPOS="380" VPOS="2932" WIDTH="34"/>
						<String ID="P46_ST00311" HPOS="414" VPOS="2889" WIDTH="294" HEIGHT="46" CONTENT="unlimited" WC="0.99" CC="377005020"/>
						<SP ID="P46_SP00282" HPOS="708" VPOS="2935" WIDTH="54"/>
						<String ID="P46_ST00312" HPOS="762" VPOS="2894" WIDTH="390" HEIGHT="52" CONTENT="proportions;" WC="0.99" CC="904006063005"/>
						<SP ID="P46_SP00283" HPOS="1152" VPOS="2946" WIDTH="57"/>
						<String ID="P46_ST00313" HPOS="1209" VPOS="2891" WIDTH="71" HEIGHT="44" CONTENT="all" WC="0.96" CC="027"/>
						<SP ID="P46_SP00284" HPOS="1280" VPOS="2946" WIDTH="56"/>
						<String ID="P46_ST00314" HPOS="1336" VPOS="2891" WIDTH="137" HEIGHT="45" CONTENT="took" WC="0.98" CC="5600"/>
						<SP ID="P46_SP00285" HPOS="1473" VPOS="2946" WIDTH="50"/>
						<String ID="P46_ST00315" HPOS="1523" VPOS="2905" WIDTH="30" HEIGHT="31" CONTENT="a" WC="1.00" CC="0"/>
						<SP ID="P46_SP00286" HPOS="1553" VPOS="2946" WIDTH="51"/>
						<String ID="P46_ST00316" HPOS="1604" VPOS="2904" WIDTH="188" HEIGHT="42" CONTENT="grave," WC="1.00" CC="000002"/>
						<SP ID="P46_SP00287" HPOS="1792" VPOS="2946" WIDTH="57"/>
						<String ID="P46_ST00317" HPOS="1849" VPOS="2896" WIDTH="328" HEIGHT="54" CONTENT="enigmatic," WC="0.99" CC="0040800051"/>
						<SP ID="P46_SP00288" HPOS="2177" VPOS="2950" WIDTH="50"/>
						<String ID="P46_ST00318" HPOS="2227" VPOS="2896" WIDTH="321" HEIGHT="55" CONTENT="mysterious" WC="0.99" CC="0000073340"/>
					</TextLine>
					<TextLine ID="P46_TL00031" HPOS="234" VPOS="2980" WIDTH="2315" HEIGHT="60">
						<String ID="P46_ST00319" HPOS="234" VPOS="2980" WIDTH="309" HEIGHT="56" CONTENT="character," WC="0.99" CC="0500064604"/>
						<SP ID="P46_SP00289" HPOS="543" VPOS="3036" WIDTH="34"/>
						<String ID="P46_ST00320" HPOS="577" VPOS="2984" WIDTH="105" HEIGHT="41" CONTENT="and" WC="0.99" CC="010"/>
						<SP ID="P46_SP00290" HPOS="682" VPOS="3036" WIDTH="37"/>
						<String ID="P46_ST00321" HPOS="719" VPOS="2994" WIDTH="201" HEIGHT="42" CONTENT="among" WC="1.00" CC="00000"/>
						<SP ID="P46_SP00291" HPOS="920" VPOS="3036" WIDTH="31"/>
						<String ID="P46_ST00322" HPOS="951" VPOS="2984" WIDTH="97" HEIGHT="42" CONTENT="the" WC="1.00" CC="000"/>
						<SP ID="P46_SP00292" HPOS="1048" VPOS="3036" WIDTH="34"/>
						<String ID="P46_ST00323" HPOS="1082" VPOS="2982" WIDTH="172" HEIGHT="45" CONTENT="silent" WC="0.99" CC="045210"/>
						<SP ID="P46_SP00293" HPOS="1254" VPOS="3036" WIDTH="32"/>
						<String ID="P46_ST00324" HPOS="1286" VPOS="2984" WIDTH="256" HEIGHT="43" CONTENT="shadows" WC="1.00" CC="0000000"/>
						<SP ID="P46_SP00294" HPOS="1542" VPOS="3036" WIDTH="36"/>
						<String ID="P46_ST00325" HPOS="1578" VPOS="2983" WIDTH="55" HEIGHT="44" CONTENT="of" WC="0.36" CC="57"/>
						<SP ID="P46_SP00295" HPOS="1633" VPOS="3036" WIDTH="34"/>
						<String ID="P46_ST00326" HPOS="1667" VPOS="2985" WIDTH="99" HEIGHT="44" CONTENT="the" WC="0.98" CC="004"/>
						<SP ID="P46_SP00296" HPOS="1766" VPOS="3036" WIDTH="41"/>
						<String ID="P46_ST00327" HPOS="1807" VPOS="2985" WIDTH="265" HEIGHT="55" CONTENT="temples," WC="1.00" CC="00005202"/>
						<SP ID="P46_SP00297" HPOS="2072" VPOS="3040" WIDTH="36"/>
						<String ID="P46_ST00328" HPOS="2108" VPOS="2990" WIDTH="182" HEIGHT="42" CONTENT="under" WC="0.99" CC="01024"/>
						<SP ID="P46_SP00298" HPOS="2290" VPOS="3040" WIDTH="32"/>
						<String ID="P46_ST00329" HPOS="2322" VPOS="2989" WIDTH="98" HEIGHT="42" CONTENT="the" WC="1.00" CC="000"/>
						<SP ID="P46_SP00299" HPOS="2420" VPOS="3040" WIDTH="53"/>
						<String ID="P46_ST00330" HPOS="2473" VPOS="2996" WIDTH="51" HEIGHT="33" CONTENT="re" SUBS_TYPE="HypPart1" SUBS_CONTENT="resounding" WC="0.95" CC="50"/>
						<HYP HPOS="2524" VPOS="2996" WIDTH="25" CONTENT="-"/>
					</TextLine>
					<TextLine ID="P46_TL00032" HPOS="234" VPOS="3070" WIDTH="2314" HEIGHT="63">
						<String ID="P46_ST00331" HPOS="234" VPOS="3073" WIDTH="279" HEIGHT="52" CONTENT="sounding" SUBS_TYPE="HypPart2" SUBS_CONTENT="resounding" WC="1.00" CC="00030310"/>
						<SP ID="P46_SP00300" HPOS="513" VPOS="3125" WIDTH="32"/>
						<String ID="P46_ST00332" HPOS="545" VPOS="3072" WIDTH="186" HEIGHT="44" CONTENT="vaults" WC="0.99" CC="004401"/>
						<SP ID="P46_SP00301" HPOS="731" VPOS="3125" WIDTH="34"/>
						<String ID="P46_ST00333" HPOS="765" VPOS="3070" WIDTH="54" HEIGHT="45" CONTENT="of" WC="0.45" CC="37"/>
						<SP ID="P46_SP00302" HPOS="819" VPOS="3125" WIDTH="33"/>
						<String ID="P46_ST00334" HPOS="852" VPOS="3074" WIDTH="97" HEIGHT="42" CONTENT="the" WC="0.98" CC="004"/>
						<SP ID="P46_SP00303" HPOS="949" VPOS="3125" WIDTH="33"/>
						<String ID="P46_ST00335" HPOS="982" VPOS="3074" WIDTH="220" HEIGHT="52" CONTENT="granite" WC="0.97" CC="9597702"/>
						<SP ID="P46_SP00304" HPOS="1202" VPOS="3126" WIDTH="35"/>
						<String ID="P46_ST00336" HPOS="1237" VPOS="3076" WIDTH="339" HEIGHT="52" CONTENT="catacombs," WC="1.00" CC="0000400602"/>
						<SP ID="P46_SP00305" HPOS="1576" VPOS="3128" WIDTH="33"/>
						<String ID="P46_ST00337" HPOS="1609" VPOS="3076" WIDTH="59" HEIGHT="43" CONTENT="in" WC="0.40" CC="56"/>
						<SP ID="P46_SP00306" HPOS="1668" VPOS="3128" WIDTH="35"/>
						<String ID="P46_ST00338" HPOS="1703" VPOS="3077" WIDTH="101" HEIGHT="42" CONTENT="the" WC="0.99" CC="200"/>
						<SP ID="P46_SP00307" HPOS="1804" VPOS="3128" WIDTH="34"/>
						<String ID="P46_ST00339" HPOS="1838" VPOS="3078" WIDTH="413" HEIGHT="45" CONTENT="subterranean" WC="1.00" CC="001000060203"/>
						<SP ID="P46_SP00308" HPOS="2251" VPOS="3128" WIDTH="52"/>
						<String ID="P46_ST00340" HPOS="2303" VPOS="3077" WIDTH="245" HEIGHT="56" CONTENT="galleries" WC="0.99" CC="007806550"/>
					</TextLine>
					<TextLine ID="P46_TL00033" HPOS="234" VPOS="3162" WIDTH="2313" HEIGHT="60">
						<String ID="P46_ST00341" HPOS="234" VPOS="3162" WIDTH="56" HEIGHT="44" CONTENT="of" WC="0.65" CC="07"/>
						<SP ID="P46_SP00309" HPOS="290" VPOS="3206" WIDTH="37"/>
						<String ID="P46_ST00342" HPOS="327" VPOS="3164" WIDTH="96" HEIGHT="42" CONTENT="the" WC="0.97" CC="331"/>
						<SP ID="P46_SP00310" HPOS="423" VPOS="3206" WIDTH="34"/>
						<String ID="P46_ST00343" HPOS="457" VPOS="3164" WIDTH="296" HEIGHT="54" CONTENT="pyramids," WC="1.00" CC="006002003"/>
						<SP ID="P46_SP00311" HPOS="753" VPOS="3218" WIDTH="35"/>
						<String ID="P46_ST00344" HPOS="788" VPOS="3164" WIDTH="56" HEIGHT="42" CONTENT="in" WC="0.48" CC="37"/>
						<SP ID="P46_SP00312" HPOS="844" VPOS="3218" WIDTH="35"/>
						<String ID="P46_ST00345" HPOS="879" VPOS="3164" WIDTH="97" HEIGHT="42" CONTENT="the" WC="0.97" CC="071"/>
						<SP ID="P46_SP00313" HPOS="976" VPOS="3218" WIDTH="35"/>
						<String ID="P46_ST00346" HPOS="1011" VPOS="3166" WIDTH="299" HEIGHT="42" CONTENT="uncertain" WC="0.99" CC="300640050"/>
						<SP ID="P46_SP00314" HPOS="1310" VPOS="3218" WIDTH="36"/>
						<String ID="P46_ST00347" HPOS="1346" VPOS="3166" WIDTH="107" HEIGHT="42" CONTENT="and" WC="0.97" CC="430"/>
						<SP ID="P46_SP00315" HPOS="1453" VPOS="3218" WIDTH="34"/>
						<String ID="P46_ST00348" HPOS="1487" VPOS="3166" WIDTH="197" HEIGHT="54" CONTENT="smoky" WC="1.00" CC="00100"/>
						<SP ID="P46_SP00316" HPOS="1684" VPOS="3220" WIDTH="45"/>
						<String ID="P46_ST00349" HPOS="1729" VPOS="3166" WIDTH="147" HEIGHT="54" CONTENT="light" WC="1.00" CC="20000"/>
						<SP ID="P46_SP00317" HPOS="1876" VPOS="3220" WIDTH="50"/>
						<String ID="P46_ST00350" HPOS="1926" VPOS="3167" WIDTH="57" HEIGHT="46" CONTENT="of" WC="0.45" CC="37"/>
						<SP ID="P46_SP00318" HPOS="1983" VPOS="3220" WIDTH="51"/>
						<String ID="P46_ST00351" HPOS="2034" VPOS="3171" WIDTH="99" HEIGHT="43" CONTENT="the" WC="0.98" CC="201"/>
						<SP ID="P46_SP00319" HPOS="2133" VPOS="3220" WIDTH="34"/>
						<String ID="P46_ST00352" HPOS="2167" VPOS="3172" WIDTH="246" HEIGHT="50" CONTENT="torches," WC="1.00" CC="00000004"/>
						<SP ID="P46_SP00320" HPOS="2413" VPOS="3222" WIDTH="52"/>
						<String ID="P46_ST00353" HPOS="2465" VPOS="3168" WIDTH="82" HEIGHT="43" CONTENT="the" WC="0.96" CC="460"/>
					</TextLine>
					<TextLine ID="P46_TL00034" HPOS="234" VPOS="3251" WIDTH="2315" HEIGHT="58">
						<String ID="P46_ST00354" HPOS="234" VPOS="3253" WIDTH="221" HEIGHT="42" CONTENT="statues" WC="1.00" CC="0000030"/>
						<SP ID="P46_SP00321" HPOS="455" VPOS="3295" WIDTH="35"/>
						<String ID="P46_ST00355" HPOS="490" VPOS="3251" WIDTH="55" HEIGHT="44" CONTENT="of" WC="0.59" CC="07"/>
						<SP ID="P46_SP00322" HPOS="545" VPOS="3295" WIDTH="33"/>
						<String ID="P46_ST00356" HPOS="578" VPOS="3253" WIDTH="97" HEIGHT="42" CONTENT="the" WC="1.00" CC="100"/>
						<SP ID="P46_SP00323" HPOS="675" VPOS="3295" WIDTH="34"/>
						<String ID="P46_ST00357" HPOS="709" VPOS="3253" WIDTH="162" HEIGHT="55" CONTENT="Gods," WC="0.97" CC="77403"/>
						<SP ID="P46_SP00324" HPOS="871" VPOS="3308" WIDTH="36"/>
						<String ID="P46_ST00358" HPOS="907" VPOS="3255" WIDTH="194" HEIGHT="43" CONTENT="moved" WC="0.98" CC="95000"/>
						<SP ID="P46_SP00325" HPOS="1101" VPOS="3308" WIDTH="54"/>
						<String ID="P46_ST00359" HPOS="1155" VPOS="3256" WIDTH="70" HEIGHT="53" CONTENT="by" WC="0.69" CC="60"/>
						<SP ID="P46_SP00326" HPOS="1225" VPOS="3309" WIDTH="52"/>
						<String ID="P46_ST00360" HPOS="1277" VPOS="3256" WIDTH="337" HEIGHT="52" CONTENT="mysterious" WC="1.00" CC="0000141010"/>
						<SP ID="P46_SP00327" HPOS="1614" VPOS="3309" WIDTH="53"/>
						<String ID="P46_ST00361" HPOS="1667" VPOS="3258" WIDTH="388" HEIGHT="46" CONTENT="contrivances" WC="0.99" CC="006044047000"/>
						<SP ID="P46_SP00328" HPOS="2055" VPOS="3309" WIDTH="52"/>
						<String ID="P46_ST00362" HPOS="2107" VPOS="3260" WIDTH="57" HEIGHT="45" CONTENT="of" WC="0.54" CC="08"/>
						<SP ID="P46_SP00329" HPOS="2164" VPOS="3309" WIDTH="52"/>
						<String ID="P46_ST00363" HPOS="2216" VPOS="3262" WIDTH="183" HEIGHT="43" CONTENT="levers" WC="0.99" CC="610040"/>
						<SP ID="P46_SP00330" HPOS="2399" VPOS="3309" WIDTH="54"/>
						<String ID="P46_ST00364" HPOS="2453" VPOS="3253" WIDTH="96" HEIGHT="50" CONTENT="and" WC="0.94" CC="950"/>
					</TextLine>
					<TextLine ID="P46_TL00035" HPOS="235" VPOS="3343" WIDTH="2316" HEIGHT="60">
						<String ID="P46_ST00365" HPOS="235" VPOS="3343" WIDTH="210" HEIGHT="51" CONTENT="chains," WC="0.99" CC="1301803"/>
						<SP ID="P46_SP00331" HPOS="445" VPOS="3394" WIDTH="28"/>
						<String ID="P46_ST00366" HPOS="473" VPOS="3345" WIDTH="70" HEIGHT="53" CONTENT="by" WC="0.69" CC="60"/>
						<SP ID="P46_SP00332" HPOS="543" VPOS="3398" WIDTH="24"/>
						<String ID="P46_ST00367" HPOS="567" VPOS="3343" WIDTH="202" HEIGHT="44" CONTENT="hidden" WC="0.98" CC="400767"/>
						<SP ID="P46_SP00333" HPOS="769" VPOS="3398" WIDTH="35"/>
						<String ID="P46_ST00368" HPOS="804" VPOS="3346" WIDTH="407" HEIGHT="43" CONTENT="combinations" WC="0.99" CC="009520934010"/>
						<SP ID="P46_SP00334" HPOS="1211" VPOS="3398" WIDTH="34"/>
						<String ID="P46_ST00369" HPOS="1245" VPOS="3345" WIDTH="56" HEIGHT="44" CONTENT="of" WC="0.66" CC="06"/>
						<SP ID="P46_SP00335" HPOS="1301" VPOS="3398" WIDTH="34"/>
						<String ID="P46_ST00370" HPOS="1335" VPOS="3347" WIDTH="207" HEIGHT="43" CONTENT="wheels" WC="0.99" CC="013080"/>
						<SP ID="P46_SP00336" HPOS="1542" VPOS="3398" WIDTH="36"/>
						<String ID="P46_ST00371" HPOS="1578" VPOS="3349" WIDTH="109" HEIGHT="41" CONTENT="and" WC="0.98" CC="040"/>
						<SP ID="P46_SP00337" HPOS="1687" VPOS="3398" WIDTH="25"/>
						<String ID="P46_ST00372" HPOS="1712" VPOS="3349" WIDTH="238" HEIGHT="54" CONTENT="pulleys," WC="0.99" CC="00380003"/>
						<SP ID="P46_SP00338" HPOS="1950" VPOS="3403" WIDTH="26"/>
						<String ID="P46_ST00373" HPOS="1976" VPOS="3354" WIDTH="199" HEIGHT="43" CONTENT="moved" WC="1.00" CC="00000"/>
						<SP ID="P46_SP00339" HPOS="2175" VPOS="3403" WIDTH="19"/>
						<String ID="P46_ST00374" HPOS="2194" VPOS="3354" WIDTH="154" HEIGHT="43" CONTENT="their" WC="1.00" CC="00040"/>
						<SP ID="P46_SP00340" HPOS="2348" VPOS="3403" WIDTH="25"/>
						<String ID="P46_ST00375" HPOS="2373" VPOS="3350" WIDTH="178" HEIGHT="49" CONTENT="heads," WC="1.00" CC="000004"/>
					</TextLine>
					<TextLine ID="P46_TL00036" HPOS="234" VPOS="3434" WIDTH="2308" HEIGHT="63">
						<String ID="P46_ST00376" HPOS="234" VPOS="3435" WIDTH="217" HEIGHT="49" CONTENT="opened" WC="0.99" CC="070020"/>
						<SP ID="P46_SP00341" HPOS="451" VPOS="3484" WIDTH="33"/>
						<String ID="P46_ST00377" HPOS="484" VPOS="3434" WIDTH="149" HEIGHT="43" CONTENT="their" WC="0.98" CC="00556"/>
						<SP ID="P46_SP00342" HPOS="633" VPOS="3484" WIDTH="34"/>
						<String ID="P46_ST00378" HPOS="667" VPOS="3446" WIDTH="145" HEIGHT="44" CONTENT="eyes," WC="0.99" CC="00013"/>
						<SP ID="P46_SP00343" HPOS="812" VPOS="3490" WIDTH="35"/>
						<String ID="P46_ST00379" HPOS="847" VPOS="3437" WIDTH="212" HEIGHT="53" CONTENT="opened" WC="1.00" CC="004000"/>
						<SP ID="P46_SP00344" HPOS="1059" VPOS="3490" WIDTH="35"/>
						<String ID="P46_ST00380" HPOS="1094" VPOS="3437" WIDTH="152" HEIGHT="44" CONTENT="their" WC="0.99" CC="00025"/>
						<SP ID="P46_SP00345" HPOS="1246" VPOS="3490" WIDTH="37"/>
						<String ID="P46_ST00381" HPOS="1283" VPOS="3439" WIDTH="245" HEIGHT="53" CONTENT="mouths," WC="1.00" CC="0000000"/>
						<SP ID="P46_SP00346" HPOS="1528" VPOS="3492" WIDTH="33"/>
						<String ID="P46_ST00382" HPOS="1561" VPOS="3440" WIDTH="184" HEIGHT="43" CONTENT="raised" WC="1.00" CC="000000"/>
						<SP ID="P46_SP00347" HPOS="1745" VPOS="3492" WIDTH="37"/>
						<String ID="P46_ST00383" HPOS="1782" VPOS="3441" WIDTH="152" HEIGHT="45" CONTENT="their" WC="0.99" CC="00104"/>
						<SP ID="P46_SP00348" HPOS="1934" VPOS="3492" WIDTH="56"/>
						<String ID="P46_ST00384" HPOS="1990" VPOS="3455" WIDTH="149" HEIGHT="32" CONTENT="arms" WC="1.00" CC="0000"/>
						<SP ID="P46_SP00349" HPOS="2139" VPOS="3492" WIDTH="56"/>
						<String ID="P46_ST00385" HPOS="2195" VPOS="3445" WIDTH="108" HEIGHT="43" CONTENT="and" WC="0.99" CC="300"/>
						<SP ID="P46_SP00350" HPOS="2303" VPOS="3492" WIDTH="54"/>
						<String ID="P46_ST00386" HPOS="2357" VPOS="3437" WIDTH="185" HEIGHT="60" CONTENT="spread" WC="0.98" CC="086040"/>
					</TextLine>
					<TextLine ID="P46_TL00037" HPOS="234" VPOS="3524" WIDTH="2309" HEIGHT="55">
						<String ID="P46_ST00387" HPOS="234" VPOS="3524" WIDTH="99" HEIGHT="42" CONTENT="out" WC="0.96" CC="550"/>
						<SP ID="P46_SP00351" HPOS="333" VPOS="3566" WIDTH="41"/>
						<String ID="P46_ST00388" HPOS="374" VPOS="3526" WIDTH="288" HEIGHT="52" CONTENT="menacing" WC="0.99" CC="03602040"/>
						<SP ID="P46_SP00352" HPOS="662" VPOS="3578" WIDTH="34"/>
						<String ID="P46_ST00389" HPOS="696" VPOS="3525" WIDTH="177" HEIGHT="43" CONTENT="hands" WC="0.97" CC="59060"/>
						<SP ID="P46_SP00353" HPOS="873" VPOS="3578" WIDTH="30"/>
						<String ID="P46_ST00390" HPOS="903" VPOS="3528" WIDTH="172" HEIGHT="44" CONTENT="above" WC="0.99" CC="36000"/>
						<SP ID="P46_SP00354" HPOS="1075" VPOS="3578" WIDTH="34"/>
						<String ID="P46_ST00391" HPOS="1109" VPOS="3529" WIDTH="98" HEIGHT="43" CONTENT="the" WC="1.00" CC="000"/>
						<SP ID="P46_SP00355" HPOS="1207" VPOS="3578" WIDTH="35"/>
						<String ID="P46_ST00392" HPOS="1242" VPOS="3529" WIDTH="169" HEIGHT="43" CONTENT="heads" WC="1.00" CC="30000"/>
						<SP ID="P46_SP00356" HPOS="1411" VPOS="3578" WIDTH="36"/>
						<String ID="P46_ST00393" HPOS="1447" VPOS="3528" WIDTH="54" HEIGHT="44" CONTENT="of" WC="0.36" CC="47"/>
						<SP ID="P46_SP00357" HPOS="1501" VPOS="3578" WIDTH="32"/>
						<String ID="P46_ST00394" HPOS="1533" VPOS="3530" WIDTH="98" HEIGHT="42" CONTENT="the" WC="1.00" CC="000"/>
						<SP ID="P46_SP00358" HPOS="1631" VPOS="3578" WIDTH="36"/>
						<String ID="P46_ST00395" HPOS="1667" VPOS="3531" WIDTH="320" HEIGHT="46" CONTENT="awestruck" WC="1.00" CC="000002500"/>
						<SP ID="P46_SP00359" HPOS="1987" VPOS="3578" WIDTH="35"/>
						<String ID="P46_ST00396" HPOS="2022" VPOS="3534" WIDTH="295" HEIGHT="45" CONTENT="believers." WC="0.99" CC="0053303003"/>
						<SP ID="P46_SP00360" HPOS="2317" VPOS="3579" WIDTH="171"/>
						<String ID="P46_ST00397" HPOS="2488" VPOS="3535" WIDTH="55" HEIGHT="40" CONTENT="&amp;" WC="0.13" CC="8"/>
					</TextLine>
				</TextBlock>
			</PrintSpace>
		</Page>
	</Layout>
</alto>
