2702 3924
887 381 46 43 A
983 381 226 53 WORD
1244 382 261 46 ABOUT
1532 382 151 53 ART

2372 399 91 44 321

197 487 277 52 mystery;
508 486 107 42 and
653 498 123 31 men
813 486 54 43 of
920 490 195 49 genius
1168 491 397 42 communicate
1617 492 67 53 by
1731 491 152 42 their
1931 491 244 52 effluvia,
2219 492 105 44 like
2366 495 96 42 the

196 578 164 41 stars.
395 578 163 40 What
592 578 137 41 have
764 578 133 52 they
930 579 55 42 in
1021 580 295 42 common?
1349 581 259 51 Nothing.
1644 580 352 53 Everything.

295 664 155 43 From
486 666 125 41 that
648 665 81 52 pit
762 666 129 42 that
922 666 45 44 is
1002 666 171 42 called
1211 668 214 44 Ezekiel
1460 672 58 39 to
1554 672 124 39 that
1710 669 269 52 precipice
2030 670 123 41 that
2203 672 44 40 is
2298 669 167 43 called

195 757 252 50 Juvenal,
484 758 158 41 there
677 758 47 42 Is
760 769 67 30 no
863 757 244 43 solution
1143 758 55 42 of
1232 760 311 53 continuity
1590 758 87 44 for
1724 760 95 42 the
1853 759 244 43 thinker.
2151 762 138 42 Lean
2338 772 130 30 over

195 847 111 40 this
341 847 312 49 anathema,
689 857 62 32 or
783 858 133 32 over
948 848 123 42 that
1118 849 188 49 satire,
1357 849 104 41 and
1516 849 91 42 the
1658 861 145 30 same
1851 851 213 49 vertigo
2115 849 44 41 is
2211 848 256 52 whirling

197 940 210 40 around
447 938 148 42 both.
630 938 110 42 The
773 934 384 61 Apocalypse
1193 940 378 41 reverberates
1606 951 67 30 on
1707 941 94 40 the
1839 940 150 50 polar
2022 952 92 29 sea
2148 938 55 45 of
2234 941 97 51 ice,
2354 940 105 43 and

193 1037 107 42 you
337 1027 136 43 have
506 1028 124 41 that
663 1039 198 30 aurora
897 1027 254 52 borealis,
1181 1028 96 41 the
2435 1025 35 45 N
1809 1028 108 42 The
1968 1028 143 45 Edda
2159 1028 199 51 replies
2406 1031 57 39 to

193 1117 96 41 the
326 1117 187 42 Vedas.
682 1125 65 34 &

295 1206 179 42 Hence
508 1205 132 49 this,
675 1216 101 32 our
809 1205 450 53 starting-point,
1289 1206 60 42 to
1382 1206 175 42 which
1592 1219 80 29 we
1707 1218 90 31 are
1833 1209 321 51 returning:
2190 1207 88 42 art
2300 1207 45 42 is
2369 1207 98 41 not

196 1294 340 52 perfectible.
679 1303 64 35 «Z/
1173 1304 63 33 JZ?
1420 1304 64 36 ZZ?
1909 1305 62 35 z?
2154 1303 64 35 &
2402 1303 63 34 &

195 1397 64 35 Z7
295 1388 75 42 No
404 1385 238 54 possible
676 1387 211 41 decline
920 1387 88 41 for
1039 1388 217 51 poetry,
1291 1397 67 31 no
1392 1387 237 50 possible
1663 1388 416 49 improvement.
2112 1388 93 42 We
2231 1385 111 43 lose
2366 1397 101 30 our

193 1479 135 40 time
364 1477 160 42 when
558 1487 81 32 we
673 1488 115 40 say,
1512 1473 211 47 nescio
1121 1473 152 58 quid
1301 1475 204 58 majus
1540 1473 276 46 nascitur
2137 1474 99 42 Art
2260 1474 43 42 is
2337 1475 96 41 sub-

196 1569 110 51 ject
362 1567 223 42 neither
649 1568 58 40 to
775 1567 334 41 diminution
1161 1577 103 31 nor
1315 1566 307 50 enlarging.
1672 1564 100 44 Art
1822 1564 96 42 has
1971 1566 73 40 its
2097 1575 244 38 seasons,
2393 1563 74 43 its

196 1658 210 50 clouds,
440 1656 73 43 its
548 1656 251 52 eclipses,
832 1667 135 31 even
1004 1657 71 39 its
1108 1656 195 49 stains,
1352 1655 175 41 which
1578 1666 91 30 are
1719 1653 343 52 splendours,
2112 1653 232 51 perhaps
2396 1653 72 41 its

196 1747 422 50 interpositions
652 1745 55 42 of
738 1746 211 42 sudden
986 1746 217 51 opacity
1236 1743 85 42 for
1354 1743 175 42 which
1566 1745 45 39 it
1644 1745 43 39 is
1724 1745 96 40 not
1853 1741 337 53 responsible
2211 1752 13 38 ;
2260 1742 117 51 but,
2411 1743 57 40 at

197 1836 94 42 the
327 1837 124 50 end,
486 1836 44 41 it
562 1835 45 42 is
642 1832 202 55 always
878 1835 133 40 with
1046 1835 95 40 the
1176 1844 148 31 same
1361 1834 271 52 intensity
1664 1832 125 42 that
1820 1831 64 55 ,it
1935 1832 185 51 brings
2175 1830 142 51 light
2349 1830 116 40 into

197 1926 95 42 the
328 1926 202 41 human
566 1924 137 43 soul.
740 1926 48 40 It
821 1926 239 40 remains
1091 1925 97 41 the
1222 1934 147 30 same
1405 1922 226 42 furnace
1667 1921 184 54 giving
1875 1922 93 41 the
1992 1931 146 31 same
2162 1919 305 52 brilliancy.

201 2018 199 39 Homer
433 2015 129 42 does
599 2016 97 40 not
728 2024 150 42 grow
915 2013 141 44 cold.

196 2116 66 35 jg?
296 2108 98 42 Let
428 2118 63 31 us
525 2107 180 50 insist,
741 2116 300 40 moreover,
1076 2114 70 32 on
1178 2104 113 41 this
1325 2103 282 42 inasmuch
1643 2113 57 30 as
1733 2103 94 40 the
1862 2100 299 42 emulation
2196 2099 55 42 of
2289 2099 178 42 minds

197 2197 49 42 is
276 2197 98 40 the
411 2194 90 43 life
538 2193 55 43 of
625 2197 95 39 the
756 2192 291 51 beautiful,
1081 2193 40 41 O
1157 2194 172 49 poets,
1362 2192 96 40 the
1489 2190 128 42 first
1650 2188 139 43 rank
1822 2190 44 41 is
1900 2199 127 31 ever
2073 2188 133 42 free.
2257 2188 98 42 Let
2403 2198 64 31 us

197 2296 219 32 remove
450 2284 326 53 everything
811 2283 175 41 which
1021 2293 121 41 may
1175 2282 309 41 disconcert
1517 2279 193 50 daring
1743 2278 175 41 minds
1952 2277 103 40 and
2107 2276 168 41 break
2321 2277 147 40 their

197 2376 209 51 wings:
441 2375 89 39 art
564 2373 45 41 is
652 2383 30 30 a
715 2372 206 51 species
957 2370 54 43 of
1043 2370 208 43 valour.
1286 2370 71 40 To
1392 2368 140 51 deny
1579 2368 122 40 that
1754 2377 121 31 men
1927 2364 52 44 of
2027 2364 192 53 genius
2265 2366 93 51 yet
2408 2366 59 40 to

200 2475 150 32 come
385 2475 122 39 may
543 2464 64 40 be
643 2472 159 40 peers
836 2461 133 41 with
1002 2470 122 32 men
1162 2457 55 43 of
1251 2457 195 52 genius
1481 2456 54 42 of
1566 2457 94 40 the
1692 2457 123 50 past
1838 2453 177 44 would
2043 2456 61 39 be
2126 2456 58 38 to
2208 2455 139 50 deny
2370 2453 95 42 the

200 2552 409 52 ever-working
644 2563 182 40 power
860 2550 54 42 of
947 2551 130 41 God.
1183 2556 62 35 z?
1428 2555 63 34 z?
1673 2554 63 34 Z?
1918 2552 62 33 z?
2162 2550 62 34 Z?
2406 2550 63 34 Z?

201 2654 65 34 &
298 2645 119 50 Yes,
451 2644 106 42 and
592 2641 150 43 often
779 2641 66 41 do
878 2651 79 30 we
994 2639 215 49 return,
1244 2637 103 40 and
1383 2634 138 43 shall
1545 2635 194 41 return
1767 2632 179 52 again,
1968 2634 56 39 to
2048 2630 110 43 this
2182 2640 287 42 necessary

201 2733 484 52 encouragement.
722 2728 310 45 Emulation
1082 2726 46 44 is
1162 2725 197 43 almost
1394 2724 262 42 creation.
1689 2723 116 50 Yes,
1827 2723 170 52 ,those
2032 2730 121 32 men
2189 2730 53 32 or
2275 2719 194 52 genius

199 2823 124 42 that
357 2823 203 42 cannot
595 2823 63 41 be
693 2818 297 54 suppassed
1027 2828 121 42 may
1184 2817 62 40 be
1282 2813 270 53 equalled.

202 2922 64 33 Z?
303 2914 133 41 How
461 2913 135 52 ?By
629 2912 163 51 being
826 2908 282 43 different.
1179 2914 65 36 Z?
1425 2913 63 33 Z?
1672 2912 63 33 Z*
1917 2911 62 33 Z?
2161 2907 62 33 Z?
