2657 3920
1028 329 152 50 THE
1216 318 357 57 THEATRE
1811 346 17 15 .

217 349 104 59 296

216 461 108 44 and
362 454 371 53 descriptions
772 449 125 43 Nos.
934 446 66 51 11,
1035 444 41 42 II
1131 450 99 46 ip,
1265 448 56 33 12
1371 434 106 43 and
1514 440 79 42 13,
1626 431 58 39 to
1750 422 204 53 which,
2001 432 54 31 in
2107 420 73 41 all
2230 423 256 50 respects,
2519 427 15 42 1

220 550 182 47 would
436 545 150 47 refer
619 543 71 44 all
725 541 162 44 those
921 536 123 44 who
1081 543 94 33 are
1211 522 313 50 interested
1560 522 57 41 in
1654 517 136 45 such
1825 516 212 51 things.
2073 514 66 52 (1)
2233 520 65 35 £/
2478 528 60 34 &

224 653 65 36 &
324 642 109 43 The
466 638 225 44 theatre
727 632 113 44 hall
877 628 165 52 being
1077 635 125 32 now
1258 616 275 54 arranged
1589 613 90 44 for
1744 610 99 42 the
1899 604 334 54 production
2271 601 53 45 of
2378 604 161 57 plays,

224 733 110 45 and
370 732 95 42 the
503 735 294 41 necessary
832 723 147 42 seats
1015 715 207 53 having
1256 714 140 41 been
1432 705 193 55 placed
1663 704 54 41 in
1753 700 265 54 position,
2055 705 163 42 many
2270 694 272 48 hundreds

228 836 123 41 may
381 821 120 44 find
536 813 417 49 accomodation
990 811 55 42 in
1081 808 98 43 the
1203 813 161 43 space
1401 802 257 42 between
1694 804 37 33 r
1759 792 108 43 and
1903 801 21 31 /
1961 788 107 43 and
2096 788 251 41 between
2383 787 35 42 V
2445 792 95 39 and

229 917 43 42 X
304 912 242 45 without
581 905 437 47 inconvenience
1053 901 107 43 and
1195 898 167 52 enjoy
1395 892 138 44 with
1569 891 96 40 the
1702 883 236 46 keenest
1971 881 257 52 pleasure
2267 878 97 41 not
2397 877 147 45 alone

228 1006 102 45 the
366 1004 211 51 acting,
611 1001 102 42 but
747 997 114 45 also
912 997 97 41 tho
1043 991 176 45 music
1269 985 338 56 proceeding
1641 978 145 45 from
1838 977 96 41 the
1970 971 263 56 galleries
2284 981 128 30 over
2460 971 87 44 the

233 1095 209 47 buffets
477 1105 63 32 or
574 1089 383 46 refreshment
992 1081 377 55 department.
1406 1077 79 42 On
1520 1075 101 42 the
1656 1069 257 45 occasion
1950 1062 56 46 of
2040 1074 151 33 some
2227 1058 243 55 princely
2493 1072 56 32 or

234 1185 262 58 specially
530 1178 411 56 distinguished
978 1173 269 54 banquet,
1289 1171 61 42 at
1382 1165 182 47 which
1602 1163 115 44 also
1755 1161 94 42 the
1885 1155 389 57 performance
2312 1149 52 44 of
2411 1163 139 33 some

235 1281 126 54 play
397 1279 45 42 is
475 1281 59 40 to
569 1274 131 43 take
736 1272 175 52 place,
944 1267 131 44 four
1109 1264 257 45 theatres
1401 1272 123 42 may
1560 1258 66 42 be
1663 1250 299 53 arranged,
2013 1248 97 43 the
2144 1245 132 42 first
2326 1244 227 44 towards

236 1376 96 42 the
366 1372 122 43 east
515 1363 393 56 representing
951 1361 96 43 the
1084 1359 83 42 air
1186 1353 69 47 A,
1292 1354 112 43 The
1440 1350 201 45 second
1678 1345 246 45 towards
1957 1343 98 42 the
2092 1338 187 49 south,
2312 1335 104 43 fire
2450 1334 60 46 B.
2530 1349 26 32 a

236 1464 152 45 third
422 1460 245 45 towards
714 1457 97 42 the
846 1453 159 50 west,
1053 1452 178 41 water
1269 1443 63 47 C.
1353 1444 108 45 and
1496 1455 30 30 a
1560 1441 197 44 fourth
1807 1436 247 44 towards
2103 1432 98 42 the
2257 1429 166 42 north
2472 1428 85 43 the

239 1555 160 46 earth
436 1551 70 46 Z>.
543 1550 71 44 all
649 1550 167 49 being
850 1549 88 40 set
971 1545 100 43 out
1105 1544 54 40 in
1197 1550 167 43 every
1397 1535 221 54 respect
1653 1531 111 44 like
1819 1530 98 41 the
1952 1526 151 43 first.
2260 1530 64 36 £/

242 1657 66 36 jg?
341 1648 175 43 These
548 1643 129 44 four
711 1641 257 43 theatres
992 1638 151 40 must
1178 1635 59 42 at
1259 1631 132 43 first
1424 1631 66 41 be
1517 1626 207 50 closed,
1757 1624 128 41 that
1919 1622 46 42 is
1992 1622 57 40 to
2075 1629 98 42 say
2211 1618 93 40 the
2335 1615 226 52 Hanging

244 1739 252 45 curtains
546 1737 58 40 in
653 1733 156 43 front
858 1728 55 45 of
960 1730 176 46 them,
1193 1723 221 54 namely
1448 1733 37 32 r
1514 1723 59 40 to
1609 1719 61 54 V,
1706 1715 32 44 8
1786 1718 60 40 to
1881 1715 61 50 X,
1976 1723 30 33 s
2042 1714 58 39 to
2155 1707 22 45 t
2211 1709 107 42 and
2356 1704 24 45 /'
2425 1707 56 41 to
2509 1716 55 46 /?,

254 1831 150 41 must
440 1829 64 41 be
540 1827 191 40 drawn
756 1822 264 53 together
1054 1829 60 32 so
1150 1817 128 43 that
1301 1815 157 54 prior
1493 1814 58 41 to
1576 1811 98 42 the
1711 1803 490 47 commencement
2227 1799 54 43 of
2317 1800 91 41 the
2434 1810 133 41 p«ay,

250 1933 70 31 no
357 1931 104 32 one
498 1928 122 44 may
656 1914 163 44 know
854 1913 153 42 what
1044 1912 43 40 is
1125 1909 206 42 hidden
1386 1905 204 42 behind
1647 1903 177 41 them.

352 2013 130 41 Now
516 2011 127 41 that
694 2008 96 42 the
826 2005 127 43 four
991 2002 255 43 theatres
1297 2010 95 31 are
1443 1993 320 51 furnished,
1814 2002 30 30 a
1893 1989 182 43 round
2128 1984 154 45 table
2337 1983 145 42 must
2511 1982 57 42 be

250 2104 188 54 placed
475 2104 54 39 in
564 2101 99 41 the
700 2096 202 44 middle
940 2093 55 45 of
1026 2095 98 42 the
1162 2091 131 51 hall,
1330 2091 56 42 in
1418 2088 120 44 size
1576 2097 59 32 so
1673 2086 128 42 that
1837 2081 207 43 twelve
2088 2087 236 45 persons
2361 2086 97 32 can
2506 2072 65 44 sit

257 2195 58 42 at
351 2195 63 42 it.
499 2200 65 36 -S?

256 2294 66 37 &
355 2284 129 42 This
518 2281 181 44 round
734 2279 174 52 table,
943 2278 261 50 together
1237 2273 139 43 with
1404 2271 94 43 the
1532 2271 171 47 seats,
1730 2267 154 41 must
1907 2266 123 42 rest
2055 2273 149 41 upon
2239 2273 32 31 a
2305 2257 270 52 revolving

259 2374 239 46 circular
532 2369 287 56 platform,
846 2379 56 42 13
938 2368 115 44 feet
1077 2368 56 40 in
1171 2365 295 50 diameter,
1489 2360 207 51 which,
1727 2360 72 53 by
1821 2358 97 42 the
1945 2356 188 42 action
2162 2351 56 45 of
2255 2347 320 49 mechanical

257 2466 317 53 appliances
600 2463 198 51 below,
823 2472 101 32 can
953 2460 66 42 be
1045 2457 192 54 gently
1261 2455 209 44 turned
1498 2453 245 42 without
1782 2450 99 42 the
1909 2446 215 45 motion
2149 2444 169 53 being
2356 2440 222 46 noticed.

313 2558 120 45 &At
468 2557 116 42 this
619 2553 153 45 table
828 2552 202 43 twelve
1067 2560 252 41 persons,
1373 2558 60 32 as
1467 2546 226 52 already
1748 2543 138 51 said,
1945 2552 103 32 can
2105 2540 66 41 be
2229 2530 352 56 comfortably

263 2650 211 52 seated,
531 2648 102 42 but
666 2643 42 45 If
741 2645 45 43 it
842 2655 154 33 were
1048 2641 218 44 desired
1301 2641 61 42 to
1399 2638 287 43 entertain
1744 2645 235 43 persons
2037 2631 56 44 of
2147 2628 269 56 specially
2467 2624 114 54 high

266 2741 144 45 rank
446 2751 69 32 on
550 2739 98 42 the
705 2736 257 43 occasion
1000 2732 53 45 of
1087 2744 155 33 some
1297 2732 161 52 great
1490 2728 147 45 feast
1672 2739 64 31 or
1790 2725 249 53 festival,
2074 2725 98 43 the
2216 2721 115 44 half
2385 2718 124 52 only
2540 2712 45 46 of

268 2835 97 42 the
399 2830 151 43 table
588 2841 122 42 may
746 2830 65 41 be
851 2827 153 51 used,
1038 2826 134 42 thus
1207 2822 330 54 presenting
1570 2821 97 42 the
1703 2827 348 45 appearance
2089 2815 55 43 of
2180 2827 30 31 a
2256 2812 249 46 crescent
2535 2817 52 33 or

272 2923 113 44 half
421 2933 181 33 moon,
670 2921 104 41 and
831 2920 56 41 in
944 2919 127 41 that
1127 2928 122 32 case
1315 2916 84 42 six
1452 2913 131 55 only
1639 2911 55 45 of
1750 2911 137 43 such
1943 2909 417 54 distinguished
2416 2902 171 58 guests

271 3013 195 46 should
522 3013 66 42 be
642 3012 189 43 seated
888 3010 183 51 there,
1125 3018 125 33 care
1308 3008 167 51 being
1528 3003 174 44 taken
1753 3014 61 32 so
1868 3004 60 41 to
1985 3001 154 53 place
2176 3001 155 42 them
2370 2999 128 52 they
2530 2990 60 46 all

275 3103 176 52 faced,
487 3103 106 42 and
651 3102 104 42 had
791 3113 31 29 a
879 3099 147 43 clear
1059 3099 144 42 view
1260 3097 75 53 of,
1369 3098 98 42 the
1517 3097 230 42 theatre
1782 3094 245 42 without
2084 3103 112 45 any
2252 3087 342 49 intervening

278 3195 375 44 obstruction.

380 3286 175 43 These
590 3295 231 43 persons
856 3282 184 45 would
1076 3283 133 42 thus
1245 3282 138 42 have
1418 3281 152 42 their
1602 3278 148 45 faces
1777 3280 249 42 directed
2061 3277 252 45 towards
2336 3276 96 43 the
2468 3268 127 47 main

292 3380 270 42 entrance
597 3388 27 41 4
661 3377 105 42 and
804 3377 65 42 be
906 3376 203 51 sitting
1142 3374 138 43 with
1317 3386 31 31 a
1382 3370 183 46 buffet
1599 3372 134 44 both
1771 3374 59 40 to
1854 3372 152 42 their
2040 3372 156 52 right
2220 3371 108 42 and
2368 3365 118 53 left,
2509 3357 88 48 and

287 3470 202 51 having
548 3470 172 42 above
755 3468 156 41 them
969 3466 57 42 in
1062 3466 98 42 the
1195 3465 211 53 clouds,
1463 3475 64 32 or
1559 3462 284 56 galleries,
1898 3465 372 51 trumpeters,
2326 3457 272 47 trombone

280 3574 52 50 (1)
360 3576 106 34 These
491 3575 74 35 will
592 3575 40 35 be
657 3575 102 42 given
787 3575 35 33 in
848 3583 19 25 a
894 3575 120 33 future
1041 3573 161 34 number.
