2660 3921
1063 325 145 49 THE
1209 320 352 53 THEATRE
1592 317 218 47 HALL.
1845 346 7 14 .

199 342 103 56 298

200 451 166 41 them
423 445 283 46 countries
740 453 93 32 are
871 438 163 53 being
1082 431 237 55 actively
1370 429 216 44 carried
1638 438 92 38 on,
1765 425 164 42 when
1985 423 98 41 the
2123 421 250 43 curtains
2422 423 89 44 fall

202 541 183 52 again,
438 537 190 51 hiding
684 531 331 53 everything
1069 525 142 44 from
1246 523 153 53 sight
1434 520 106 42 and
1577 517 287 50 restoring
1898 515 97 41 the
2033 511 107 44 hall
2174 513 60 42 to
2269 511 73 44 its
2389 511 127 46 first

204 631 305 48 condition,
546 627 240 43 without
839 622 184 43 either
1056 627 237 42 scenery
1327 625 63 31 or
1426 614 203 41 actors.
1696 617 67 35 &
1950 614 68 36 &
2202 611 66 35 &
2452 613 60 36 &

283 721 110 43 The
413 715 443 48 entertainment
876 712 164 51 being
1074 718 125 32 now
1234 703 324 49 concluded,
1594 712 30 32 a
1647 697 390 51 tournament,
2057 694 230 52 fencing
2311 694 205 56 display

202 824 62 32 or
298 823 29 30 a
362 810 170 42 dance
569 816 120 41 may
724 805 66 40 be
825 802 162 54 given
1023 797 296 50 according
1341 795 60 40 to
1436 792 95 42 the
1589 788 205 45 wishes
1846 787 106 42 and
2008 783 259 55 pleasure
2318 782 55 43 of
2420 786 93 43 the

206 899 307 46 assembled
550 896 209 53 guests,
792 894 70 54 (i)
948 900 67 37 •£?

218 1353 158 68 ON
449 1347 437 77 COLOUR
960 1347 124 69 IN
1156 1347 340 72 STAGE
1542 1340 533 79 SCENERY.

2186 1336 338 69 Goethe.

214 1526 138 94 w
354 1536 31 33 e
416 1527 168 54 spoke
620 1525 55 46 of
707 1538 231 43 scenery
971 1526 107 43 and
1130 1526 279 42 costumes
1444 1521 87 45 for
1564 1521 98 42 the
1719 1520 248 42 theatre.
2019 1516 177 43 These
2244 1522 147 33 were
2437 1511 89 43 the

358 1619 352 43 conclusions
744 1615 56 45 of
833 1628 103 32 our
971 1616 390 44 conversation
1387 1624 14 33 :
2470 1610 60 36 &

319 1712 29 22 «
377 1710 57 42 In
472 1707 225 54 general
733 1718 232 43 scenery
998 1707 177 53 ought
1205 1707 61 41 to
1300 1707 66 41 be
1401 1704 54 43 of
1489 1717 31 29 a
1553 1704 118 42 tint
1702 1698 327 47 favourable
2055 1698 61 42 to
2141 1695 95 43 the
2263 1695 267 42 costumes

218 1799 179 43 which
434 1809 156 33 move
623 1797 188 44 before
860 1798 48 42 it
960 1809 60 31 as
1072 1798 97 42 the
1202 1806 234 43 scenery
1472 1792 56 47 of
1582 1793 269 48 Beutlier,
1887 1789 180 42 which
2119 1788 210 52 always
2376 1784 155 43 tends

221 1902 152 33 more
407 1902 64 33 or
504 1891 108 44 less
645 1893 58 41 to
738 1892 111 41 dun
885 1889 189 44 colour
1107 1889 107 42 and
1251 1887 110 43 lets
1394 1888 98 42 the
1528 1884 167 45 stuffs
1731 1882 56 46 of
1820 1883 97 43 the
1954 1883 220 42 dresses
2230 1878 162 43 stand
2442 1878 89 41 out

222 1985 55 40 in
333 1982 71 43 all
452 1983 150 42 their
632 1981 302 43 freshness.
971 1988 63 36 £?
1218 1987 66 37 ■£?
1470 1976 1062 47 &&&&■&

222 2081 65 37 £?
320 2072 44 43 if
402 2074 97 41 the
533 2082 161 35 scene
729 2072 223 51 painter
985 2070 47 43 is
1067 2070 218 53 obliged
1318 2070 61 42 to
1413 2066 225 46 forsake
1674 2066 116 43 this
1827 2063 303 45 indefinite
2165 2063 109 42 and
2307 2060 225 55 veryfa=

223 2165 266 47 vourable
522 2166 152 50 tone,
707 2162 41 44 if
782 2165 46 42 it
862 2162 47 44 is
945 2174 293 43 necessary
1272 2161 88 43 for
1397 2162 112 41 him
1545 2162 59 40 to
1639 2159 160 52 paint
1850 2170 31 31 a
1931 2156 113 43 hall
2095 2156 98 42 red
2230 2166 63 32 or
2325 2155 208 54 yellow,

225 2268 62 33 or
321 2269 31 31 a
385 2258 125 42 tent
542 2256 169 42 white
747 2265 63 33 or
843 2267 31 30 a
907 2254 207 53 garden
1150 2264 192 42 green,
1375 2253 99 42 the
1509 2253 185 40 actors
1728 2249 179 52 ought
1940 2249 56 40 in
2033 2248 114 43 this
2184 2256 125 33 case
2333 2248 59 40 to
2417 2242 116 46 take

225 2347 96 43 the
355 2347 324 50 precaution
715 2347 59 40 to
810 2345 156 42 avoid
992 2344 160 43 these
1188 2343 221 43 colours
1445 2342 55 40 in
1535 2340 151 43 their
1722 2340 300 43 costumes.
2057 2336 46 45 If
2135 2349 69 32 an
2231 2338 159 42 actor
2412 2334 121 44 with

228 2451 30 32 a
291 2439 96 44 red
424 2441 124 40 coat
581 2438 106 42 and
722 2447 172 43 green
929 2438 254 41 trousers
1215 2432 175 45 walks
1425 2444 186 32 across
1644 2443 32 32 a
1710 2433 97 41 red
1845 2442 178 41 room,
2056 2430 98 44 the
2206 2441 174 42 upper
2427 2427 112 53 part

230 2528 54 46 of
306 2531 82 42 his
411 2531 140 52 body
570 2528 339 54 disappears,
943 2528 106 42 and
1087 2537 103 32 one
1224 2524 131 56 only
1389 2536 122 32 sees
1547 2524 85 42 his
1667 2523 117 53 legs
1804 2533 14 40 ;
1844 2521 40 44 if
1911 2524 65 41 he
2000 2522 175 43 walks
2201 2522 56 42 in
2282 2522 96 42 the
2404 2530 133 34 same

231 2621 249 44 costume
515 2620 56 42 in
607 2631 30 31 a
673 2630 168 40 green
877 2620 231 50 garden,
1144 2617 47 43 it
1225 2618 45 42 is
1307 2616 83 43 his
1418 2615 113 53 legs
1556 2615 182 43 which
1766 2615 315 50 disappear,
2103 2612 132 53 only
2257 2612 97 43 the
2380 2618 159 45 upper

231 2714 124 50 part
391 2710 55 46 of
480 2712 82 42 his
599 2712 140 52 body
772 2710 260 43 remains.
1068 2710 19 40 I
1124 2710 138 42 have
1298 2720 132 32 seen
1463 2719 68 31 an
1572 2709 159 40 actor
1765 2707 56 41 in
1858 2719 30 29 a
1923 2705 172 43 white
2130 2709 127 39 coat
2291 2705 105 42 and
2420 2714 120 40 very

235 2801 134 45 dark
402 2804 251 40 trousers
687 2801 120 43 who
841 2801 134 42 thus
1009 2799 360 54 disappeared
1407 2797 114 44 half
1553 2808 121 42 way
1699 2799 55 40 in
1779 2796 269 52 standing
2075 2796 225 52 against
2331 2806 31 31 a
2386 2794 154 43 white

233 2897 126 40 tent
391 2904 63 32 or
486 2904 32 32 a
552 2891 137 44 dark
725 2891 376 54 background.
1139 2891 118 42 And
1294 2902 140 31 even
1469 2890 163 42 when
1669 2889 95 42 the
1790 2899 166 32 scene
1981 2888 226 52 painter
2231 2884 310 56 represents

233 2994 30 31 a
296 2983 95 42 red
428 2992 63 33 or
522 2982 194 54 yellow
750 2993 174 41 room,
961 2992 64 32 or
1058 2992 177 42 grass,
1272 2980 66 44 he
1375 2979 175 53 ought
1583 2982 206 50 always
1823 2979 60 41 to
1920 2977 140 54 keep
2086 2977 88 44 his
2198 2979 142 42 tints
2365 2974 177 46 rather

237 3072 104 44 low
377 3074 103 42 and
518 3072 188 56 aerial,
741 3083 61 32 so
835 3073 129 43 that
995 3073 97 42 the
1126 3073 280 42 costumes
1442 3082 100 32 can
1581 3069 319 43 harmonise
1935 3071 139 41 v/ith
2109 3071 155 43 them
2301 3071 105 43 and
2431 3077 114 44 pro*

239 3166 135 40 duce
409 3165 150 41 their
593 3162 187 44 effect.
2504 3167 48 36 *&

1662 3268 161 44 From
1883 3269 97 47 the

1643 3361 139 44 with
2270 3357 282 50 1822=1832.

245 3543 42 42 (1)
313 3542 42 34 On
382 3544 56 33 the
463 3543 176 42 following
669 3553 82 32 page
778 3544 29 33 is
832 3544 102 41 given
961 3545 56 32 the
1044 3544 79 41 plan
1151 3545 38 32 of
1214 3544 60 34 the
1300 3543 156 36 Theatre
1482 3546 81 33 Hall
1589 3546 81 34 here
1695 3546 194 34 described.
