3032 4404
1184 185 242 37 BRUNO'S
1502 187 252 36 WEEKLY

2807 189 72 36 867

1124 280 139 61 The
1295 282 216 62 Lion's
1543 282 236 62 Mouth

121 363 67 33 IVe
212 361 114 34 thank
350 374 69 30 you
445 361 61 44 for
532 363 61 34 the
619 363 233 43 compliment
877 365 75 34 and
975 378 57 22 njue
1059 366 85 43 only
1167 366 95 36 wish
1289 366 26 36 it
1338 380 101 22 were

70 428 91 33 true,
188 418 198 45 especially
411 421 80 34 that
512 420 150 43 private
687 434 63 22 car
776 421 40 45 of
840 434 96 24 ours.

1007 482 87 42 July
1124 482 92 42 11th,
1248 485 97 32 1916.

780 538 249 44 Washington
1060 541 139 42 Square
1229 541 163 34 Benches

804 597 172 35 Between
1002 601 40 31 12
1066 610 33 30 p.
1124 599 142 33 m.and
1292 601 17 32 6
1336 611 31 22 a.
1391 611 46 22 m.

11 655 5 54 |
68 652 68 42 My
162 649 102 36 Dear
291 652 142 33 Bruno:

113 710 100 41 Why
235 710 16 33 I
274 709 131 34 should
428 711 42 33 be
494 722 38 22 so
555 710 180 43 familiar,
758 712 145 35 heaven
926 713 86 42 only
1034 714 136 35 knows,

113 769 82 33 You
227 776 148 35 suggest
405 780 21 22 a
456 769 108 34 novel
597 770 158 33 solution
785 778 36 26 to
851 772 59 33 the
940 772 189 33 Busmen's
1161 772 121 44 strike,
1315 774 72 33 and
1419 774 16 33 I

67 827 95 34 have
193 838 45 21 no
268 827 113 33 doubt
408 839 92 30 your
530 828 258 42 supercillious
818 829 209 43 following,
1056 830 81 35 will
1170 831 165 42 applaud
1365 831 72 34 this

66 896 91 31 your
188 883 108 35 latest
325 892 107 26 stunt.
484 885 82 34 The
595 886 122 35 world
747 888 130 41 to-day
906 887 30 34 is
966 887 36 34 in
1034 900 20 22 a
1083 888 218 42 deplorable
1333 897 102 35 state,

11 941 3 48 *
68 942 106 34 artist
205 943 72 33 and
308 943 203 33 Bohemian
542 943 144 35 friends
717 944 40 34 of
785 944 97 35 mine
914 946 107 33 stand
1053 946 128 43 facing
1213 948 88 33 each
1333 948 104 33 other

66 1000 91 35 with
182 999 77 34 rifle
287 1002 72 32 and
385 1002 157 41 bayonet
567 1014 40 21 as
632 1002 90 34 foes.
771 1004 102 34 Over
900 1007 143 39 100,000
1069 1003 93 44 girls
1189 1004 36 34 in
1251 1005 184 43 England,

66 1057 80 35 will
180 1057 85 44 give
298 1058 99 34 birth
430 1067 36 25 to
499 1059 178 35 children.
734 1061 118 33 Their
1108 1063 96 34 have
1239 1063 69 34 left
1340 1063 96 34 their

66 1117 160 33 mothers
264 1116 36 34 in
338 1117 59 34 the
437 1117 115 34 lurch.
614 1119 202 34 Hundreds
855 1119 39 34 of
930 1132 124 31 young
1090 1132 83 22 men
1211 1122 96 34 have
1344 1122 91 34 been

11 1157 1 74 |
66 1175 180 33 rendered
278 1174 208 44 physically
516 1176 91 34 unfit
636 1176 60 34 for
727 1176 79 35 life.
860 1179 42 32 In
934 1179 93 33 New
1058 1179 101 33 York
1188 1191 93 30 your
1312 1180 122 34 school

11 1221 3 59 1
65 1231 167 35 children
257 1244 62 22 are
341 1232 113 44 going
474 1241 36 26 to
531 1235 43 33 be
597 1235 131 42 taught
748 1242 37 26 to
807 1235 79 34 kill.
933 1237 15 33 I
972 1237 96 33 have
1091 1237 135 34 visited
1251 1238 184 42 Scotland,

65 1291 184 42 England,
280 1291 141 43 Wales,
454 1292 163 43 Ireland,
651 1293 167 43 Canada,
852 1294 139 34 France
1025 1295 71 33 and
1128 1294 194 43 America;
1359 1296 75 33 still

63 1349 60 34 the
148 1348 169 43 passions
343 1349 39 34 of
406 1362 82 21 war
515 1362 63 22 are
604 1359 212 35 uppermost
841 1351 37 33 in
905 1353 59 33 the
991 1352 161 44 people's
1178 1353 131 43 minds,
1338 1353 97 35 after

63 1414 137 35 twenty
233 1408 144 33 months
410 1407 41 34 of
481 1409 60 33 the
575 1408 135 44 bloody
743 1417 137 27 contest
913 1411 165 34 between
1110 1411 61 34 the
1204 1411 122 34 Allies
1361 1413 72 32 and

66 1465 199 42 Germany.

108 1524 94 41 You,
227 1524 135 41 Bruno,
388 1524 119 41 object
530 1532 36 26 to
590 1525 60 33 the
675 1526 115 33 Buses
816 1525 161 44 running
1000 1527 161 43 through
1184 1527 250 44 Washington

65 1581 149 43 Square,
241 1580 36 34 in
303 1581 60 35 the
390 1582 106 34 usual
524 1583 124 33 selfish
674 1591 131 27 nature
832 1584 40 34 of
898 1597 68 21 our
1296 1586 138 35 freaks.

63 1640 33 33 It
116 1638 30 34 is
167 1639 155 34 because
343 1651 82 22 men
448 1640 71 35 like
539 1641 178 43 yourself,
740 1643 191 41 possessed
954 1642 90 35 with
1068 1655 21 22 a
1111 1643 174 43 mightier
1307 1656 128 31 power

63 1698 87 33 than
179 1698 60 34 the
269 1699 135 42 sword,
433 1699 60 33 the
524 1711 126 30 power
679 1699 41 34 of
748 1700 60 34 the
837 1712 82 31 pen,
948 1701 98 35 have
1075 1701 219 43 prostituted
1324 1714 88 31 your-

63 1755 130 35 selves.
243 1757 82 33 You
354 1755 79 35 ride
462 1757 111 34 about
599 1757 36 33 in
665 1769 21 23 a
713 1765 212 28 motor-car.
975 1760 83 33 The
1086 1772 91 30 poor
1205 1759 122 36 devils
1354 1761 80 34 that

61 1825 99 22 come
186 1812 144 45 nightly
354 1821 36 27 to
414 1814 249 44 Washington
689 1817 151 42 Square,
866 1825 133 26 cannot
1026 1818 120 33 afford
1174 1830 21 21 a
1221 1825 212 36 motor-car,

63 1883 39 22 so
129 1872 83 42 they
240 1884 73 31 pay
339 1880 60 26 ten
426 1881 99 26 cents
554 1874 72 33 and
656 1874 109 43 enjoy
793 1886 21 22 a
843 1874 79 34 ride
950 1887 45 22 on
1025 1887 21 22 a
1073 1877 78 41 bus,
1179 1875 37 34 in
1243 1877 60 33 the
1332 1888 100 23 same

61 1942 85 31 way
172 1931 80 33 that
275 1943 71 30 you
375 1931 109 43 enjoy
511 1943 20 22 a
559 1931 80 35 ride
666 1932 37 34 in
732 1944 21 22 a
781 1940 212 27 motor-car.
1042 1934 124 34 These
1192 1946 92 32 poor
1311 1934 123 35 devils

61 1988 96 35 have
181 1988 209 35 committed
417 2001 20 21 a
463 1989 151 35 terrible
640 1990 123 43 crime,
790 1992 84 42 they
899 1992 96 34 have
1023 1992 162 35 allowed
1209 1993 224 35 themselves

61 2054 36 26 to
127 2047 44 33 be
202 2047 92 33 born
325 2046 98 34 from
456 2059 21 22 a
508 2059 91 32 poor
630 2048 144 43 family.

105 2105 136 42 Bruno,
264 2105 76 41 just
360 2105 111 43 begin
494 2113 37 27 to
553 2106 44 34 be
623 2118 46 22 an
694 2106 107 35 artist
826 2108 72 33 and
925 2119 20 22 a
970 2108 79 34 real
1074 2108 139 35 writer.
1260 2108 88 35 Tell
1372 2109 61 34 the

60 2162 131 44 people
213 2171 37 26 to
272 2171 62 36 get
355 2173 63 25 out
441 2164 40 34 of
503 2164 59 35 the
586 2164 125 43 slums,
734 2165 75 42 just
833 2166 102 34 show
959 2167 98 33 them
1080 2167 60 33 the
1164 2180 85 29 way
1273 2175 72 34 out,
1369 2168 64 34 but

60 2220 60 38 for
150 2221 174 35 heaven's
354 2223 86 33 sake
470 2223 48 33 do
546 2230 63 27 not
636 2223 66 34 tell
732 2224 98 34 them
860 2231 37 27 to
926 2236 47 31 go
1001 2225 92 34 back
1122 2233 37 26 to
1187 2225 111 35 them.
1349 2226 83 34 The

61 2280 78 34 real
171 2279 117 44 artist,
319 2280 72 35 like
419 2280 175 36 William
623 2281 151 44 Morris,
804 2290 120 27 wants
955 2295 21 22 a
1006 2283 184 35 beautiful
1220 2284 121 35 world
1371 2284 61 34 for

61 2338 64 43 all,
151 2339 64 34 but
240 2339 85 43 they
351 2340 107 35 know
484 2340 80 34 that
588 2340 114 35 while
728 2352 69 23 one
823 2348 85 36 part
934 2340 31 35 is
992 2341 154 35 hideous
1173 2343 59 33 the
1260 2342 107 35 effect
1392 2342 40 34 of

59 2396 60 35 the
151 2396 184 35 beautiful
369 2405 86 35 part
487 2397 31 35 is
552 2397 148 36 hidden.
756 2398 117 44 Bring
905 2400 123 34 Frank
1061 2400 137 34 Harris
1232 2400 76 35 into
1338 2413 94 31 your

59 2454 209 36 confidence
290 2456 72 34 and
385 2455 50 35 let
456 2456 123 34 Frank
600 2456 86 44 give
708 2469 42 22 us
771 2457 207 44 something
998 2469 101 24 more
1122 2458 73 35 like
1216 2459 45 34 he
1284 2460 88 33 used
1395 2467 37 26 to

60 2513 57 35 do.
169 2514 151 34 London
350 2513 31 35 is
411 2514 70 34 lost
508 2513 157 36 without
694 2515 133 35 Frank.
880 2515 102 36 Fleet
1011 2517 49 34 St.
1089 2515 95 36 feels
1213 2516 57 35 his
1300 2517 85 43 loss,
1414 2517 17 35 I

58 2582 107 24 mean
194 2573 62 34 the
284 2573 79 34 real
393 2573 103 35 Fleet
524 2574 49 34 St.
601 2573 215 44 Bohemian,
846 2582 63 27 not
936 2575 60 34 the
1025 2574 214 44 prostitutes
1268 2574 40 36 of
1338 2575 71 35 Car-

58 2629 125 36 melite
209 2631 137 35 House.

104 2689 136 44 Bruno,
268 2690 162 44 perhaps
457 2691 16 33 I
502 2689 118 46 might
647 2691 47 34 do
720 2691 117 35 better
865 2691 92 36 with
982 2703 93 32 your
1103 2704 128 32 paper.
1282 2693 65 35 Let
1373 2704 57 24 me

58 2747 148 44 publish
232 2747 27 36 it
283 2748 61 35 for
369 2761 68 22 one
461 2749 115 36 week.

578 2808 123 34 Yours
725 2807 61 35 for
812 2819 21 23 a
858 2808 80 36 free
963 2808 79 43 life,

889 2867 92 35 Jack
1008 2868 147 43 Carney

55 2967 191 44 Marjorie
270 2969 133 35 Lucile
427 2969 135 43 Clark,
587 2970 43 35 of
652 2971 194 41 Yonkers,
871 2971 187 36 Admires
1081 2971 55 36 Us

183 3027 78 42 r\
282 3027 59 50 H,
366 3026 145 43 Guido
536 3028 157 50 Bruno,
719 3028 73 52 thy
814 3029 180 52 Weekly
1020 3030 115 41 Book

338 3086 120 42 Doth
486 3086 93 42 feed
606 3086 69 42 the
701 3088 137 42 minds
863 3088 45 41 of
934 3103 108 27 men.

195 3143 118 43 Doth
343 3145 120 42 make
493 3145 113 42 them
638 3145 133 51 think,

194 3202 119 42 Doth
346 3203 122 52 bring
499 3203 70 43 the
601 3213 102 41 tear,

192 3259 71 43 To
294 3276 122 36 some,
450 3262 92 52 give
573 3262 132 43 cheer.

195 3319 97 50 But,
324 3320 76 50 oh;
430 3330 43 32 to
504 3320 115 43 those
647 3321 96 42 who
773 3322 233 51 sorrowing

195 3377 104 43 Scan
330 3379 164 52 eagerly
521 3395 105 36 your
654 3394 122 37 pages

194 3437 84 41 For
311 3452 110 27 some
454 3437 112 43 balm
599 3438 45 42 of
678 3438 224 52 healing

191 3495 82 49 Ah,
302 3495 145 43 Guido
473 3496 157 50 Bruno,
658 3496 187 43 knowest
870 3497 102 42 thou
997 3507 73 32 not
1096 3514 101 35 pure
1222 3498 99 51 joy?

54 3587 68 35 An
143 3587 159 36 Ardent
325 3588 188 36 Admirer
538 3590 43 34 of
604 3590 99 35 Poet
726 3590 190 35 Tarleton
941 3587 250 38 Winchester

485 3649 233 34 Somewhere
741 3648 36 35 in
802 3650 93 35 New
920 3650 111 43 York,
1056 3650 87 44 July
1169 3651 92 42 13th,
1287 3654 98 32 1916.

56 3705 103 34 Dear
185 3705 126 35 Guido
334 3707 144 34 Bruno:

104 3765 396 42 Congratulations!!!
537 3765 139 43 Rarely
698 3766 88 34 does
809 3766 27 34 it
857 3766 72 35 fall
953 3774 36 27 to
1012 3767 59 34 the
1095 3767 52 35 lot
1169 3768 39 33 of
1232 3780 46 22 an
1301 3768 130 35 Editor

56 3828 37 28 to
123 3823 44 34 be
198 3824 61 33 the
291 3822 213 37 discoverer
536 3824 40 33 of
609 3836 20 22 a
662 3824 79 35 real
775 3833 94 35 poet.
925 3826 117 34 What
1073 3825 118 44 pride,
1224 3827 103 35 what
1358 3827 72 43 joy,

55 3888 97 27 must
172 3881 43 34 be
235 3894 111 30 yours
358 3883 9 33 I

1550 372 16 32 I
1592 371 95 34 have
1713 371 132 33 known
1869 369 76 34 him
1970 370 59 33 for
2054 381 100 22 more
2178 369 89 33 than
2295 380 21 22 a
2338 379 112 32 year;
2479 368 71 32 and
2575 368 154 32 because
2756 367 16 33 I
2799 366 74 34 like

1503 428 76 34 him
1602 440 100 23 more
1724 429 89 33 than
1835 428 87 35 well
1947 429 16 32 I
1986 429 97 33 have
2107 426 143 35 studied
2276 426 74 34 him
2373 425 157 43 closely;
2554 433 60 35 yet
2638 437 113 23 never
2775 425 99 34 have

1504 488 16 32 I
1545 498 92 23 even
1662 487 189 42 suspected
1875 487 79 33 that
1977 486 60 33 the
2062 486 118 41 object
2204 484 39 34 of
2267 496 59 31 my
2352 482 223 35 admiration
2602 484 72 33 and
2701 482 173 35 affection

1504 545 29 33 is
1562 544 36 34 in
1625 545 101 33 truth
1754 557 21 21 a
1802 543 269 43 geniusborn
2100 543 38 33 of
2166 544 157 33 Heaven
2324 553 70 22 a
2422 541 183 35 veritable
2634 541 243 33 Prometheus

1504 602 194 43 snatching
1725 614 20 21 a
1771 602 52 33 bit
1849 602 40 33 of
1914 602 60 33 the
2001 600 137 36 Divine
2166 601 65 33 fire
2261 600 71 33 and
2359 599 177 43 bringing
2563 599 26 34 it
2615 606 36 27 to
2679 598 105 35 earth
2811 597 61 35 for

1503 661 59 33 the
1594 661 217 33 betterment
1841 660 40 33 of
1912 658 188 35 mankind.

1550 720 130 41 Judge,
1709 719 95 41 then,
1833 729 60 31 my
1922 724 228 27 amazement
2177 717 108 34 when
2314 717 16 32 I
2361 716 89 33 read
2481 715 71 33 last
2579 713 114 44 night,
2724 713 35 34 in
2790 713 82 35 Vol.

1504 778 79 41 111.,
1608 778 67 32 No.
1698 780 31 38 4,
1755 776 101 34 those
1881 774 177 44 exquisite
2084 774 110 34 lines:
2324 773 221 34 Fourteenth
2756 771 121 35 What

1504 835 111 42 depth
1642 834 40 34 of
1709 833 159 43 feeling:
1895 834 102 33 what
2025 832 164 42 delicacy
2217 832 38 33 of
2284 830 229 44 expression:
2540 831 103 34 what
2670 830 135 42 beauty
2832 827 42 36 of

1503 893 171 42 thought:
1704 893 102 33 what
1836 891 146 42 melody
2013 891 39 33 of
2084 891 145 42 rhythm
2261 901 62 22 are
2356 888 35 34 in
2422 889 102 34 those
2556 888 71 34 five
2660 887 134 34 lines!!
2854 888 18 32 I

1503 951 107 35 know
1641 962 83 23 now
1754 950 83 35 how
1868 950 124 33 Adam
2022 948 69 34 felt
2120 948 108 35 when
2258 948 45 33 he
2333 948 103 33 woke
2466 954 36 26 to
2532 947 75 33 find
2639 947 76 33 Eve
2745 944 127 36 beside

1502 1009 87 33 him.
1648 1010 16 32 I
1700 1020 68 22 can
1804 1007 161 42 imagine
2001 1006 76 34 him
2112 1006 131 43 saying
2276 1013 36 26 to
2348 1004 168 35 himself:
2770 1003 106 34 That

1502 1067 165 43 glorious
1697 1074 168 27 creature
1895 1067 79 31 MY
2003 1066 107 32 RIB?
2164 1065 82 41 Just
2273 1072 36 25 to
2338 1063 120 34 think:
2488 1064 76 33 I've
2594 1063 91 33 been
2716 1060 158 44 lugging

1501 1126 80 33 that
1606 1126 141 33 around
1775 1124 50 33 all
1849 1136 60 30 my
1933 1123 67 34 life
2026 1124 72 32 and
2123 1134 114 23 never
2262 1133 92 23 even
2379 1121 105 34 knew
2629 1121 86 32 And
2742 1131 38 22 so
2807 1118 66 35 did

1502 1185 15 32 I
1547 1195 65 30 say
1638 1191 36 25 to
1702 1182 151 43 myself:
2067 1181 103 33 That
2197 1180 93 42 chap
2320 1191 20 22 a
2368 1180 157 32 POET?
2578 1179 82 41 Just
2687 1185 36 26 to
2751 1176 126 35 thinkr

1502 1243 76 33 I've
1605 1242 132 34 known
1763 1240 76 34 him
1868 1253 20 21 a
1912 1251 90 31 year
2030 1239 72 33 and
2129 1250 113 23 never
2269 1237 189 43 suspected

1546 1300 124 33 There
1696 1299 30 33 is
1751 1300 64 32 but
1838 1310 67 22 one
1931 1304 132 36 regret.
2110 1296 122 35 When
2259 1308 38 21 so
2321 1296 107 33 much
2451 1307 68 22 can
2544 1295 43 33 be
2613 1293 112 43 given
2750 1301 35 26 to
2810 1293 61 35 the

1501 1357 121 36 world
1652 1357 36 33 in
1716 1357 72 34 five
1818 1355 103 43 lines,
1951 1355 57 33 it's
2038 1366 20 22 a
2088 1354 76 43 pity
2192 1354 44 34 he
2266 1353 64 34 did
2359 1361 63 26 not
2448 1352 108 36 write
2584 1359 72 27 ten.

1547 1415 125 43 Again
1696 1416 16 33 I
1738 1413 256 44 congratulate
2018 1413 206 42 youand
2251 1412 64 33 ask
2339 1411 79 34 that
2441 1423 71 31 you
2538 1422 140 31 convey
2702 1421 60 31 my
2786 1420 67 23 con-

1501 1473 249 44 gratulations
1782 1481 36 25 to
1849 1472 87 33 him.
1993 1472 54 32 I'd
2080 1471 47 33 do
2160 1470 27 34 it
2219 1469 144 43 myself,
2396 1470 64 33 but
2491 1480 114 23 never
2637 1479 100 22 more
2770 1467 99 34 shall

1502 1534 15 32 I
1548 1531 187 44 approach
1762 1530 75 34 him
1865 1531 104 33 other
1996 1529 88 34 than
2115 1528 35 33 in
2180 1540 21 21 a
2229 1527 107 44 spirit
2363 1527 39 34 of
2429 1526 172 43 humility
2627 1533 59 27 too
2714 1526 91 42 deep
2832 1531 42 28 to

1500 1589 134 45 permit
1659 1601 57 22 me
1742 1596 36 27 to
1804 1588 92 34 offer
1924 1587 134 43 praise.

2189 1642 196 43 Sincerely,

1546 1766 38 32 p,
1616 1763 198 35 s.What
1843 1762 37 33 in
1911 1761 116 34 God's
2056 1771 107 23 name
2194 1760 87 34 does
2310 1760 60 33 the
2401 1770 106 31 poem
2537 1759 132 34 mean?

1495 3017 187 43 Drawing
1709 3017 45 44 by
1780 3018 116 35 Clara
1924 3017 89 36 Tice
2041 3019 97 34 That
2161 3017 175 45 Inspired
2361 3018 155 35 Colonel
2540 3017 77 36 Bill

1669 3099 138 34 Pillars
1831 3100 39 33 of
1896 3113 20 20 a
1939 3100 158 42 Temple
2122 3099 202 43 Beautiful,

1670 3158 75 34 Hid
1775 3158 36 34 in
1839 3159 59 34 the
1927 3159 92 33 dusk
2046 3158 40 34 of
2114 3159 188 42 darkness,

1667 3217 72 34 But
1759 3218 172 34 crowned
1952 3217 91 35 with
2065 3229 21 21 a
2109 3216 94 44 light
2222 3216 291 44 never-failing!

1667 3274 140 35 Pillars
1832 3274 219 44 supporting
2074 3276 60 33 the
2159 3283 160 35 mystery

1668 3333 131 34 Veiled
1826 3332 37 35 in
1888 3334 60 34 the
1975 3333 173 36 shadow!

1667 3391 139 35 Pillars
1830 3391 121 36 which
1975 3392 75 34 reel

1668 3451 42 32 In
1730 3450 60 34 the
1811 3450 63 43 joy
1893 3450 40 34 of
1952 3450 96 34 their
2069 3449 243 44 upholdings!

1667 3509 98 42 And,
1789 3509 177 35 Heavens
1988 3516 36 26 to
2046 3509 119 42 Betsy,

1667 3567 166 42 They've
1859 3575 62 34 got
1946 3579 45 22 on
2017 3567 225 34 bloomers!!

2327 3626 63 33 W.J.
2412 3626 179 41 Lampton

1555 3706 227 41 Bruno:
1813 3707 122 40 Poets
1967 3722 69 25 are
2066 3716 73 31 not
2170 3705 126 52 polite
2327 3707 285 50 propositions,
2646 3722 70 26 are
2747 3705 126 52 they?

1498 3763 238 44 Otherwise
1772 3765 33 48 I,
1843 3781 22 25 a
1900 3764 197 51 practical
2131 3775 107 40 poet,
2274 3764 143 43 would
2453 3775 74 31 not
2561 3764 104 42 have
2698 3766 174 41 written

1495 3823 115 42 what
1635 3824 32 41 is
1691 3823 201 42 herewith
1919 3823 200 42 enclosed.
2173 3823 98 42 You
2297 3823 121 51 being
2444 3839 51 26 an
2523 3824 134 41 editor
2680 3823 92 43 will
2798 3834 75 31 not

1497 3883 97 41 dare
1623 3883 114 50 print
1766 3882 126 50 them,
1923 3898 43 26 so
1996 3882 97 51 only
2121 3898 81 35 you
2233 3883 81 41 and
2347 3882 19 41 I
2397 3882 45 41 of
2474 3882 56 42 all
2561 3882 69 42 the
2658 3881 137 43 world
2825 3882 47 42 of

2424 1701 170 34 P.C.C.
