2781 3982
1110 246 130 69 LE
1314 246 274 69 MOIS

2427 268 94 68 39
2542 266 29 47 1

112 393 202 80 esprit,
348 412 82 36 un
463 392 291 56 musicien
788 390 254 78 original
1074 404 58 43 et
1164 388 171 59 hardi
1368 404 163 44 entre
1565 402 150 59 tous,
1743 411 80 37 un
1856 388 248 60 homme
2200 387 114 60 très
2345 387 119 60 fort
2556 390 20 58 ?

291 480 52 57 Il
375 480 136 56 n'en
545 491 148 45 reste
724 498 101 58 pas
859 477 193 57 moins
1077 498 116 58 que
1225 477 54 57 la
1311 477 131 79 plus
1474 477 219 79 grande
1720 477 178 59 chose
1919 499 116 58 que
2067 479 53 57 la
2152 476 170 58 scène
2346 477 235 79 lyrique

113 569 83 58 ait
229 566 278 80 produite
540 565 210 79 depuis
781 565 290 77 Wagner,
1104 565 141 57 c'est
1278 585 212 37 encore
1522 566 222 57 Salomé.
1775 565 52 57 Il
1858 579 83 43 est
1974 562 337 82 inquiétant
2341 585 155 59 pour
2526 565 56 57 la

116 656 296 78 musique,
461 666 58 44 et
564 650 524 81 particulèrement
1145 672 152 59 pour
1344 653 53 57 la
1447 654 276 77 musique
1776 653 345 69 allemande,
2178 673 117 58 que
2350 673 67 37 ce
2465 653 116 57 soit

113 755 157 45 cette
304 739 279 60 chose-là.
639 740 101 57 On
794 740 156 56 aime
992 738 333 80 beaucoup,
1372 753 170 43 outre
1576 739 188 70 Rhin,
1799 739 31 57 à
1860 739 362 80 rapprocher
2312 739 80 57 les
2425 739 157 57 deux

517 828 52 56 Il
623 840 84 44 est
762 827 223 57 certain
1042 847 115 57 que
1203 827 53 55 le
1303 825 216 59 second
1552 839 83 45 est
1682 825 32 59 à
1761 825 136 59 bien
1930 827 97 57 des
2059 825 205 80 égards
2295 827 52 57 le
2379 823 89 61 fils
2500 825 81 57 du

113 918 277 79 premier.
430 915 52 58 Il
513 929 84 44 est
629 934 252 59 presque
914 927 204 44 autant
1150 914 53 57 le
1235 912 89 59 fils
1358 913 70 58 de
1460 928 170 43 notre
1677 915 254 69 Berlioz,
1966 914 145 59 dont
2144 915 243 56 l'action
2434 928 148 45 reste

115 1006 310 77 beaucoup
458 1004 129 78 plus
619 999 154 60 forte
806 999 377 80 aujourd'hui
1232 1021 97 37 sur
1376 1002 81 57 les
1507 1002 348 58 Allemands
1909 1022 116 59 que
2074 1022 97 38 sur
2218 1022 164 37 nous.
2418 1003 163 57 C'est

116 1112 118 37 eux
289 1092 125 77 qui,
470 1110 141 37 avec
666 1110 67 37 ce
788 1087 213 58 dédain
1034 1088 80 57 du
1157 1102 214 65 temps,
1422 1087 71 58 de
1545 1089 56 56 la
1653 1110 230 37 mesure
1930 1102 57 43 et
2034 1087 81 58 du
2162 1087 168 80 goût,
2364 1089 47 56 si
2443 1088 138 57 bien

116 1178 342 80 congénital
492 1178 188 79 qu'un
714 1177 179 79 esprit
928 1173 480 81 blasphémateur
1438 1197 72 36 en
1543 1174 308 60 relèverait
1899 1174 126 80 déjà
2073 1176 98 58 des
2218 1190 184 44 traces
2434 1176 150 58 chez

117 1267 164 59 Bach
327 1268 54 56 le
430 1263 165 72 Père,
646 1265 331 57 travaillent
1032 1262 31 59 à
1113 1261 232 60 réaliser
1396 1263 55 58 la
1505 1265 358 77 conception
1894 1262 397 59 berliozienne
2325 1262 138 59 d'un
2495 1276 89 46 art

119 1357 410 77 gigantesque,
563 1352 284 69 anormal,
897 1365 133 44 tout
1077 1348 317 73 extérieur,
1442 1351 105 79 qui
1578 1348 171 60 ferait
1792 1348 215 60 éclater
2036 1351 81 57 les
2149 1351 343 70 orchestres,
2526 1364 59 44 et

115 1444 84 56 les
232 1441 229 69 heures,
496 1454 58 43 et
585 1441 81 56 les
699 1437 173 59 nerfs.

298 1530 163 57 Mais
494 1526 31 59 à
558 1540 284 66 quarante
863 1545 120 51 ans,
1016 1526 55 57 le
1101 1525 260 80 premier
1383 1522 286 73 Richard,
1692 1522 151 60 exilé
1877 1524 72 58 de
1977 1545 57 38 sa
2053 1525 209 79 patrie,
2290 1521 198 61 chassé
2515 1524 70 58 de

121 1618 164 57 Paris
318 1637 103 58 par
451 1616 55 58 la
539 1614 232 71 misère,
806 1634 73 37 ne
911 1611 316 60 subsistant
1260 1610 31 60 à
1322 1611 228 59 Zurich
1584 1633 116 58 que
1733 1611 340 59 d'aumônes
2105 1613 292 69 amicales,
2432 1613 153 56 avait

119 1703 220 59 achevé
380 1703 374 68 Tannhduser,
789 1700 309 78 Lohengrin
1103 1747 14 23 ,
1150 1702 53 55 le
1250 1698 216 81 poème
1514 1698 71 58 de
1616 1700 54 56 la
1707 1698 343 80 Tétralogie
2097 1713 59 43 et
2201 1700 55 56 la
2302 1699 283 80 partition

117 1792 84 57 du
362 1790 217 78 Rheingold
580 1811 44 37 :
625 1789 189 59 c'était
847 1802 133 44 tout
1014 1788 71 57 de
1118 1787 197 58 même
1348 1801 165 44 autre
1546 1785 178 60 chose
1757 1807 117 58 que

298 2141 163 57 Dans
502 2140 245 78 l'espace
780 2136 73 60 de
897 2137 296 79 vingt-six
1231 2137 185 78 jours,
1471 2132 583 83 l'Opéra-Comique
2107 2156 33 36 a
2194 2132 194 60 donné
2434 2133 156 59 deux

121 2249 286 58 ouvrages
440 2246 334 50 nouveaux,
809 2226 105 79 qui
948 2245 72 37 ne
1052 2245 58 37 se
1142 2237 260 67 peuvent
1434 2245 70 37 en
1540 2244 231 38 aucune
1803 2221 175 80 façon
2011 2243 327 58 comparer,
2388 2236 57 43 et
2485 2222 105 79 qui

121 2329 316 66 marquent
472 2312 329 80 cependant
832 2314 122 56 l'un
987 2325 57 43 et
1076 2311 211 59 l'autre
1320 2331 80 37 un
1433 2324 201 44 retour
1667 2330 73 38 au
1773 2323 103 44 ton
1910 2323 58 43 et
2001 2309 197 57 même
2232 2330 117 36 aux
2371 2307 220 59 formes

119 2401 283 61 autrefois
435 2423 71 35 en
536 2400 207 58 faveur
776 2400 140 57 dans
945 2399 55 57 la
1032 2400 245 57 maison.
1330 2400 86 57 Ce
1463 2397 146 59 n'est
1656 2399 171 77 point
1876 2396 79 57 du
2002 2409 133 44 tout
2178 2395 55 60 là
2266 2417 114 36 une
2415 2396 177 57 chose

120 2491 148 59 dont
301 2491 44 56 il
376 2488 159 58 faille
568 2509 57 37 se
657 2486 287 80 plaindre.

299 2579 86 56 Le
421 2578 263 77 premier
715 2575 72 57 de
820 2594 92 38 ces
947 2594 307 57 ouvrages,
1288 2574 106 79 qui
1425 2594 32 37 a
1489 2570 209 60 trouvé
1731 2592 74 37 en
1841 2573 75 56 M
1922 2573 52 21 me
2007 2571 377 78 Marguerite
2411 2568 179 61 Carré

125 2687 117 38 une
289 2663 326 80 interprète
663 2663 176 57 d'une
886 2663 174 76 grâce
1105 2676 59 43 et
1209 2660 180 58 d'une
1433 2658 204 60 finesse
1669 2679 170 50 rares,
1874 2678 146 37 nous
2051 2659 252 57 arrêtera
2333 2679 135 58 peu.
2506 2659 86 56 Ce

129 2756 148 56 n'est
310 2773 102 59 pas
445 2753 185 78 qu'on
665 2751 175 57 doive
873 2748 324 79 s'indigner
1230 2749 137 56 bien
1399 2747 119 58 fort
1551 2767 116 58 que
1697 2744 579 80 l'Opéra-Comique
2300 2747 82 56 ait
2406 2744 187 59 admis

126 2862 98 38 sur
258 2861 84 37 ses
375 2852 273 65 augustes
674 2836 279 81 planches
986 2857 117 36 une
1136 2833 282 81 opérette.
1456 2836 162 57 Mais
1651 2847 154 43 cette
1839 2831 265 81 opérette
2149 2833 149 56 n'est
2344 2852 100 59 pas
2477 2853 115 36 une

124 2930 196 57 bonne
355 2926 282 80 opérette.
677 2926 51 56 Il
760 2923 218 59 semble
1013 2923 309 70 d'ailleurs,
1358 2919 227 82 d'après
1622 2922 54 56 le
1709 2921 135 57 titre
1879 2921 71 56 de
2477 2941 114 57 que

122 3019 80 57 les
237 3029 233 44 auteurs
497 3027 102 44 ont
625 3010 238 81 adopté,
892 3025 57 43 et
971 3008 223 80 d'après
1218 3011 80 56 les
1331 3010 337 57 interviews
1695 3007 174 80 qu'ils
1894 3027 56 37 se
1975 3021 130 43 sont
2125 3006 164 58 laissé
2323 3006 269 58 arracher

122 3102 33 59 à
187 3102 197 69 l'envi,
420 3101 172 79 qu'ils
625 3100 158 57 aient
808 3120 73 36 eu
914 3097 99 57 des
1046 3095 365 80 prétentions
1443 3096 130 77 plus
1606 3095 222 57 hautes.
1855 3092 176 59 Voilà
2064 3091 79 60 où
2175 3095 43 56 il
2250 3107 83 44 est
2366 3095 189 77 impos-

124 3191 144 60 sible
303 3190 70 57 de
404 3190 82 56 les
517 3189 210 57 suivre.
759 3187 138 56 Sans
928 3186 55 56 la
1016 3186 295 78 musique,
1344 3185 55 56 le
1429 3182 268 78 Mariage
1726 3182 65 56 de
1829 3182 316 79 Télémaque
2176 3182 268 78 pourrait
2469 3181 122 57 être

126 3299 116 37 une
290 3274 270 59 comédie
607 3274 346 58 charmante
988 3293 11 35 :
1052 3286 57 42 et
1148 3273 60 76 je
1255 3292 73 35 ne
1376 3270 86 57 dis
1500 3290 99 57 pas
1634 3290 114 57 que
1778 3270 55 56 le
1865 3269 166 77 sujet,
2065 3269 225 77 l'esprit
2323 3269 47 57 si
2402 3265 102 74 fin,
2537 3270 54 55 le

125 3367 321 58 sentiment
480 3384 79 36 un
595 3384 115 57 peu
743 3361 286 69 sournois,
1062 3360 53 57 le
1148 3360 248 78 langage
1432 3359 194 56 même
1660 3356 70 57 de
1764 3370 154 43 cette
1951 3354 271 59 comédie
2267 3356 324 57 n'auraient

126 3476 84 58 pu
242 3453 179 57 servir
454 3472 72 37 au
560 3450 221 57 dessein
817 3449 70 56 de
920 3448 344 57 renouveler
1296 3467 71 35 en
1418 3459 169 42 notre
1620 3445 106 76 âge
1778 3445 54 55 le
1877 3464 180 57 genre
2104 3444 97 57 des
2236 3445 243 56 Mozart
2514 3464 78 36 ou

127 3542 97 57 des
259 3538 243 78 Grétry,
538 3538 97 57 des
671 3534 310 81 Pergolèse
1014 3556 76 35 ou
1124 3534 97 57 des
1256 3534 254 56 Rossini.
1542 3533 161 56 Mais
1730 3552 79 37 un
1837 3532 79 55 tel
1942 3532 220 57 dessein
2196 3532 226 78 appelle
2445 3532 147 55 aussi

2563 3636 33 44 4
