2781 3982
1281 326 76 69 S.
1428 326 66 70 I.
1567 326 117 69 M.

244 329 155 87 448

380 1187 360 52 TRADUCTION.
861 1194 75 47 En
973 1194 125 48 m'en
1125 1209 221 34 revenant
1380 1197 140 49 d'une
1545 1201 92 45 aire
1664 1216 163 42 neuve,
1942 1197 157 64 j'avais
2133 1197 82 45 fait
2240 1211 92 30 une
2357 1207 225 46 promesse
2608 1210 13 37 ;

242 1256 111 47 Une
378 1256 162 49 fillette
564 1261 190 61 gentille
775 1262 154 65 j'avais
954 1265 261 61 rencontré,
1336 1279 46 34 et
1406 1270 76 58 qui
1510 1267 185 48 m'avait
1721 1268 78 61 plu
1818 1268 25 47 à
1862 1268 179 46 souhait
2070 1265 234 62 (Eadem).

419 1425 85 57 Le
546 1427 197 59 locrien
776 1428 70 59 de
895 1430 318 80 Westphal
1269 1432 262 80 (gamme
1580 1436 71 57 de
1698 1437 58 58 la
1794 1456 126 39 sans
1968 1431 290 67 accident,
2307 1422 131 62 basé
2473 1445 94 37 sur
2600 1444 114 37 une

241 1508 370 84 dominante)
653 1515 214 60 n'avait
891 1517 234 79 jamais,
1159 1517 31 59 à
1223 1541 96 37 ma
1352 1525 436 70 connaissance,
1824 1521 92 60 été
1952 1520 317 60 découvert
2296 1535 71 37 en
2403 1514 306 76 Bretagne.

244 1599 179 58 Voici
457 1622 80 36 un
581 1604 248 78 superbe
880 1608 174 78 appel
1110 1608 71 57 de
1236 1610 210 79 pâtres,
1506 1610 213 60 chanté
1771 1633 72 37 en
1900 1606 426 69 Cornouailles,
2376 1615 57 43 et
2480 1601 102 79 qui
2630 1613 83 43 est

244 1688 279 78 composé
557 1710 99 39 sur
689 1713 65 37 ce
787 1693 178 58 mode
999 1714 12 38 :

425 3366 68 58 L'
499 3366 391 83 hypophrygien
921 3369 262 81 (gamme
1210 3373 71 58 de
1313 3374 84 57 sol
1415 3394 141 39 avec
1567 3373 84 79 fa
1679 3377 278 76 naturel),
1985 3374 185 80 paraît
2205 3374 30 59 à
2260 3373 293 81 première
2584 3396 131 48 vue,

249 3476 156 37 assez
435 3453 295 81 fréquent.
766 3459 58 56 A
872 3459 55 57 la
957 3458 210 74 vérité,
1216 3462 140 58 dans
1389 3463 52 57 la
1481 3464 237 79 plupart
1751 3463 98 57 des
1896 3463 283 58 mélodies
2227 3476 375 67 comportant
2638 3483 77 36 un

227 3539 85 79 fa
345 3543 229 56 naturel
606 3557 57 44 et
696 3542 261 62 finissant
984 3568 97 36 sur
1112 3570 80 35 un
1218 3549 85 58 sol
1328 3571 116 58 que
1476 3551 120 57 l'on
1632 3551 217 57 entend
1873 3571 72 37 en
1973 3552 312 77 Bretagne,
2311 3552 54 56 la
2396 3548 317 81 répétition

251 3643 304 45 constante
588 3631 70 57 de
1157 3631 119 72 Yut,
844 3636 103 77 qui
982 3633 193 60 révèle
1208 3659 115 36 une
1370 3637 255 60 division
1660 3636 445 82 arithmétique,
2154 3638 246 79 indique
2448 3659 116 58 que
2596 3637 119 57 l'on
