2781 3982
2516 277 12 12 m
2541 276 13 13 •
2565 277 14 13 9

2511 303 72 44 111

591 288 204 73 LES
1097 286 287 74 AMIS
1774 285 156 74 DE

411 432 107 52 A%
550 432 48 52 h.
844 445 47 38 et
980 432 151 51 demie
1333 432 68 51 du
1517 432 97 52 soir
1632 452 16 32 :
976 446 30 36 2
1011 435 17 21 e
2006 428 353 56 CONCERT

264 545 278 67 Rhapsodie
569 545 354 69 Norwégienne
1006 581 853 15 ......
2011 537 65 53 E.
2105 536 140 54 halo.

416 633 116 52 Sous
559 633 49 51 la
636 634 225 51 direction
888 633 58 52 de
971 633 85 52 M.
1087 631 173 51 Rhenè
1282 631 173 51 Bâton.

269 746 217 67 Sinfonia
517 746 166 51 Sacra.
841 780 1022 17 .......
2023 737 188 52 Widor.

725 833 114 51 Sous
1007 832 47 51 la
1159 832 224 51 direction
1661 831 58 51 de
1830 831 40 49 V
1874 842 187 40 auteur.

421 945 232 70 Requiem
1220 978 1190 18 ........
2573 936 40 52 G

727 1032 115 50 Sous
1011 1030 49 51 la
1163 1030 226 51 direction
1667 1029 59 51 de
1834 1029 39 50 V
1876 1040 186 40 auteur.

423 1145 259 52 Nocturnes
683 1178 1182 19 ........

420 1232 116 51 Sous
562 1231 49 51 la
639 1231 224 51 direction
891 1230 57 50 de
976 1230 83 49 M.
1089 1228 174 51 Rhenè
1286 1227 172 51 Bâton.

270 1341 309 69 L'Apprenti
607 1343 184 50 Sorcier
843 1376 1020 17 .......
2017 1335 55 51 P.
2102 1334 194 52 Dukas.

421 1432 116 49 Sous
564 1429 48 51 la
640 1429 223 51 direction
891 1428 59 51 de
975 1426 235 54 Vauteur.

126 1616 349 58 Mercredi
661 1616 192 64 Matin,
1117 1616 143 49 Visite
1455 1614 59 50 de
1623 1613 35 51 V
1671 1613 295 67 Exposition.

430 1706 74 49 Le
628 1705 97 50 soir
863 1725 17 30 :
950 1703 393 68 Représentation
1792 1702 57 50 de
1973 1701 131 51 Gala
2291 1719 63 31 au
2474 1701 139 49 Prinz

731 1805 277 51 Benvenuto
1012 1802 853 54 Ce11ini......

123 1990 223 60 Jeudi
372 1989 121 59 22.
523 1990 263 51 Excursion
814 2007 63 33 au
899 1989 74 51 lac
998 1988 58 51 de
1084 1985 277 70 Starnberg.

274 2079 74 51 Le
374 2079 97 51 soir
489 2100 16 30 :
534 2077 390 68 Représentation
954 2075 124 51 d'un
1111 2074 164 67 Opéra
1303 2073 58 51 de
1393 2074 231 67 Wigner.

457 2440 187 71 Çomme
886 2455 56 34 on
1054 2439 42 49 le
653 2437 116 65 voit,
1483 2455 47 33 ce
1544 2451 311 54 programme
2282 2454 30 33 n
2335 2448 69 38 est
2414 2449 98 53 pas

126 2547 35 48 y
251 2543 203 53 manque
686 2525 111 67 fort
809 2539 99 52 peu
1185 2524 58 49 de
1356 2524 163 52 choses.
1745 2524 80 51 La
1962 2522 102 51 liste
2220 2522 78 51 des
2433 2521 123 52 deux

145 2632 106 33 sera
392 2611 197 70 publiée
838 2611 391 51 ultérieurement.

280 2700 133 51 Pour
437 2712 99 38 tout
559 2717 45 32 ce
632 2699 82 69 qui
741 2714 215 33 concerne
983 2696 65 51 les
1063 2696 166 68 places
1256 2695 80 51 des
1362 2695 168 65 billets,
1559 2710 79 35 nos
1665 2693 155 50 Amis
1836 2703 235 56 pourront
2094 2709 22 32 s
2136 2690 220 50 adresser
2377 2710 17 31 :

280 2788 54 49 A
355 2787 145 50 Paris
522 2806 16 30 :
565 2804 30 31 a
623 2784 49 51 la
703 2784 176 52 Société
903 2783 260 66 Musicale,
1192 2783 60 51 G.
1279 2783 172 51 Astruc
1479 2794 46 37 et
1548 2778 52 54 C
1601 2785 17 19 e
1646 2796 89 52 32,
1764 2797 84 32 rue
1869 2775 440 54 Louis-le-Grand.
2340 2775 262 69 (Pavillon

150 2876 59 50 de
320 2874 241 51 Hanovre
810 2874 48 65 ).

452 2962 55 51 A
528 2959 212 52 Munich
762 2980 16 30 :
1202 2959 101 51 Soit
1478 2976 65 32 au
1690 2958 196 51 Bureau
2170 2958 79 50 des
2406 2958 133 50 Fêtes
1907 2956 88 63 38,
2036 2950 443 65 Theatinerstrasse,

133 3050 31 52 à
192 3048 195 69 l'Office
414 3048 79 50 des
524 3050 203 66 Voyages
757 3046 236 51 Schenker
1017 3057 47 37 et
1091 3041 52 56 oe,0
1145 3048 17 21 e
1164 3086 14 23 ,
1215 3044 81 65 16,
1324 3042 453 67 Promenadeplatz.

400 3136 137 53 LaC
443 3132 29 27 ie
893 3133 139 66 Cook,
1209 3133 143 68 place
1547 3132 57 50 de
1716 3131 39 51 1'
1821 3132 183 66 Opéra,
2245 3150 31 32 a
2367 3130 107 50 bien

155 3225 132 51 l'art
460 3222 236 64 Français
987 3221 29 51 à
1103 3221 286 67 l'étranger,
1722 3220 245 68 organiser
1980 3216 426 68 personnellement

137 3314 81 66 qui
245 3310 262 52 coïncidera
536 3326 118 33 avec
682 3325 67 33 ces
762 3307 124 68 fêtes
914 3318 46 38 et
981 3304 289 68 s'effectuera
1300 3304 29 50 à
1347 3305 121 66 prix
1495 3302 91 51 très
1614 3301 193 52 réduits.

293 3396 121 52 Tous
443 3413 111 33 ceux
579 3395 57 50 de
663 3411 78 34 nos
767 3392 154 51 Amis
950 3392 81 70 qui
1053 3410 54 32 en
1120 3392 170 68 feront
1305 3391 50 50 la
1376 3390 249 65 demande,
1647 3400 155 38 seront
1817 3400 130 37 tenus
1967 3404 65 33 au
2053 3399 200 38 courant
2265 3399 47 37 et
2329 3385 274 70 renseignés.

161 3486 137 52 Nous
520 3485 106 50 leur
809 3484 207 49 donnons
1314 3481 324 52 rendez-vous
2052 3499 31 31 a
2208 3478 229 66 Munich^

139 3573 191 53 nombre
357 3589 87 53 que
462 3569 219 70 possible.
