2781 3982
632 282 128 66 LA
835 277 523 79 MUSIQUE
1433 272 629 69 BRETONNE

2406 296 154 66 449

117 451 54 36 se
196 442 207 44 trouve
435 446 71 36 en
539 423 277 82 présence
848 422 171 57 d'une
1059 440 238 59 gamme
1329 417 257 79 majeure
1620 413 324 60 retournée.
1973 417 70 76 Je
2091 416 150 57 crois
2288 428 275 65 pourtant

116 517 160 56 avoir
309 511 205 60 trouvé
548 510 503 81 l'hypophrygien
1085 507 137 59 dans
1254 503 311 79 l'exemple
1598 503 319 57 ci-dessous
1953 525 11 34 :

256 1686 357 47 TRADUCTION.
732 1684 132 47 Dans
882 1700 92 30 une
1000 1683 140 59 petite
1179 1681 190 57 maison,
1396 1696 58 29 au
1490 1676 107 48 faîte
1630 1677 56 46 de
1725 1676 41 46 la
1791 1684 266 51 montagne,
2084 1697 67 9 —
2190 1669 42 48 0
2251 1670 77 61 gai
2329 1666 34 67 |/
2492 1669 80 47 Est

121 1775 74 29 ma
515 1771 109 30 mon
651 1770 175 31 amour.
858 1751 199 62 (Chanté
1075 1759 88 52 par
1188 1748 82 48 M.
1299 1747 159 64 Alfred
1480 1746 152 61 Lajat,
1661 1744 226 62 Skrignak,
1915 1738 512 61 Haute-Cornouailles).

298 1907 95 57 M.
448 1900 726 83 Bourgault-Ducoudray
1225 1900 94 56 n'a
1368 1894 309 62 rencontré
1720 1890 333 84 Yhypolidien
2102 1889 261 79 (gamme
2410 1888 71 58 de
2491 1887 83 77 fa

121 2016 139 37 avec
398 1993 107 57 si
506 1992 172 77 naturel),
726 2004 125 45 tant
902 2011 73 37 en
1027 1987 193 59 Grèce
1271 1987 175 80 qu'en
1473 1987 309 75 Bretagne,
1834 2001 116 59 que
1988 1978 139 57 dans
2160 1975 96 59 des
2294 1973 282 59 mélodies

123 2081 294 81 hybrides.
448 2081 69 76 Je
549 2081 117 54 n'ai
702 2100 99 58 pas
850 2076 93 59 été
976 2077 131 79 plus
1163 2074 266 57 heureux
1484 2092 132 38 sous
1677 2092 65 37 ce
1796 2078 262 69 rapport,
2114 2077 57 43 et
2226 2063 45 57 si
2326 2063 77 57 les
2438 2064 139 56 trois

126 2167 314 83 premières
488 2186 254 38 mesures
791 2166 76 57 du
906 2163 202 59 thème
1156 2161 319 59 ci-dessous
1530 2157 136 80 (très
1714 2156 307 81 populaire
2053 2172 71 36 en
2156 2149 251 79 Tregor)
2449 2163 128 43 sont

126 2270 325 44 nettement
484 2253 472 80 hypolidiennes,
990 2253 80 56 les
1103 2251 155 57 deux
1291 2251 291 56 suivantes
1607 2260 130 44 sont
1771 2243 304 79 majeures,
2101 2252 56 45 et
2190 2239 79 56 les
2290 2237 287 58 dernieres

128 2342 491 82 hypodoriennes.

278 3433 354 45 TRADUCTION.
746 3429 223 58 Ecoutez,
992 3430 158 61 jeunes
1174 3444 124 45 gens,
1325 3439 46 34 et
1397 3443 109 29 vous
1531 3426 250 45 entendrez
1806 3425 203 57 chanter,
2132 3435 46 34 et
2202 3439 110 29 vous
2344 3420 247 46 entendrez

142 3504 186 45 chanter
467 3518 90 28 une
584 3501 200 45 chanson
823 3499 323 56 divertissante,
1186 3495 239 60 composée
1463 3505 119 36 cette
1619 3492 227 47 année-ci.
1888 3492 198 59 (Chanté
2114 3501 87 51 par
2235 3490 171 45 Maria
2434 3486 157 58 Raoul,

143 3570 314 58 Port-Blanc).
