2781 3982
1242 324 76 65 S.
1381 321 66 68 I.
1519 321 116 68 M.

320 416 39 0 432

235 719 77 36 •&*.
321 719 50 36 16

381 1651 174 56 Cette
609 1648 170 59 scène
833 1649 47 56 si
925 1646 310 79 frappante
1298 1664 102 59 par
1455 1663 57 35 sa
1567 1639 418 81 physionomie
2035 1636 360 79 d'allégresse
2457 1637 218 56 cruelle

205 1738 220 58 semble
458 1738 138 56 bien
631 1758 114 36 une
778 1735 311 57 invention
1124 1733 285 77 originale
1459 1729 70 57 de
1581 1726 292 59 Haendel.
2029 1726 107 69 Or,
2171 1726 107 55 elle
2312 1739 83 43 est
2428 1723 143 58 faite
2603 1724 74 57 de

205 1825 159 58 deux
396 1839 278 64 tronçons
707 1822 211 59 soudés
951 1822 71 57 de
1055 1820 155 57 deux
1243 1838 231 37 œuvres
1507 1814 339 58 différentes
1878 1836 10 34 :
1940 1814 53 56 le
2048 1814 70 56 Te
2157 1814 182 56 Deum
2372 1813 37 56 d
2433 1813 152 56 Urio
2620 1825 57 44 et

204 1914 56 56 le
392 1912 312 77 Magnificat
705 1909 194 59 d'Erba.
937 1910 85 56 Le
1065 1905 245 82 prélude
1357 1918 84 43 est
1488 1903 199 57 fourni
1734 1922 105 58 par
1888 1902 170 55 Urio.
2096 1895 14 27 1
2160 1899 121 58 Dès
2327 1900 54 56 la
2428 1898 250 59 sixième

205 2020 252 48 mesure,
491 2012 84 43 est
608 2018 183 37 cousu
824 1996 30 57 à
885 1998 56 55 la
972 1994 209 79 phrase
1214 1992 213 57 d'Urio
1475 2011 79 37 un
1604 1987 188 59 motif
1816 1988 78 56 du
1926 1985 344 79 Magnificat
2298 1987 239 68 d'Erba,
2571 1988 104 76 qui

205 2086 188 80 paraît
426 2086 245 57 aussitôt
703 2086 164 56 avoir
899 2081 90 58 été
1024 2079 131 60 créé
1190 2077 435 81 expressément
1659 2097 152 57 pour
1844 2088 153 43 cette
2032 2076 186 77 place,
2272 2072 77 59 où
2397 2076 41 54 il
2482 2074 193 56 donne

205 2173 32 59 à
278 2176 54 55 la
364 2173 210 79 phrase
607 2173 217 56 d'Urio
857 2192 103 37 son
995 2167 290 60 caractère
1318 2167 286 56 exultant.
1656 2166 86 54 Le
1789 2163 119 56 duo
1957 2176 384 65 proprement
2388 2162 108 70 dit,
2532 2161 145 57 dont

208 2261 277 58 Haendel
530 2258 315 80 reprendra
891 2278 250 58 presque
1188 2255 449 57 textuellement
1685 2252 53 55 le
1786 2248 187 59 motif
2013 2250 138 55 dans
2193 2251 52 54 le
2279 2248 291 78 Dettinger
2609 2250 71 55 Te

204 2350 183 57 Deum
391 2396 15 21 ,
440 2369 31 36 a
503 2369 153 57 pour
687 2356 572 68 accompagnement
1291 2344 52 53 le
1376 2340 203 57 thème
1612 2338 237 69 d'Urio,
1915 2336 349 58 entre-mêlé
2300 2337 97 56 des
2442 2336 235 79 phrases

195 2436 324 78 jubilantes
552 2434 238 57 d'Erba.
829 2434 101 54 Un
958 2453 116 57 peu
1107 2431 131 78 plus
1268 2429 145 67 loin,
1447 2429 52 53 le
1532 2425 188 57 motif
1745 2426 196 55 même
1988 2424 82 57 du
2118 2424 179 55 chant
2336 2438 83 43 est
2453 2425 118 77 pris
2606 2445 71 34 au

203 2521 345 79 Magnificat
548 2570 14 21 ,
622 2521 104 79 qui
782 2519 98 58 dès
928 2520 116 56 lors
1093 2533 84 40 est
1233 2516 152 57 suivi
1435 2511 358 59 fidèlement.
1850 2512 154 56 Urio
2066 2512 85 55 lui
2212 2510 267 70 succède,
2529 2532 151 58 pour

205 2612 285 78 quelques
522 2628 275 38 mesures.
838 2609 156 67 Puis,
1028 2606 54 56 le
1115 2603 337 77 Magnificat
1482 2600 269 79 reprend,
1775 2601 146 55 mais
1954 2598 487 80 singulièrement
2474 2598 205 80 élargi,

205 2697 264 80 agrandi,
503 2693 270 81 emporté
809 2694 139 57 d'un
983 2690 205 60 souffle
1223 2692 128 77 plus
1385 2686 325 80 passionné.

383 2797 100 57 On
515 2797 128 56 voit
668 2797 52 55 le
753 2794 255 79 pouvoir
1051 2792 283 76 singulier
1383 2788 261 79 qu'avait
1695 2786 274 58 Haendel
2018 2786 71 57 de
2137 2786 331 57 s'assimiler
2515 2786 165 57 l'être

207 2885 97 58 des
337 2897 191 45 autres
560 2881 241 81 pensées
834 2895 57 43 et
925 2879 129 58 d'en
1088 2879 143 55 taire
1266 2897 57 36 sa
1356 2874 165 58 chair
1554 2888 56 42 et
1644 2895 102 35 son
1781 2893 157 56 sang.
1973 2871 17 26 2

318 3346 14 25 *
363 3348 108 38 Pour
492 3358 49 26 ne
560 3358 67 40 pas
647 3342 176 49 allonger
844 3339 277 40 indéfiniment
1143 3352 59 25 ces
1224 3337 192 45 citations,
1435 3337 38 47 je
1493 3334 158 38 renvoie
1666 3347 51 24 au
1733 3332 94 39 livre
1844 3333 47 38 de
1912 3333 65 37 M.
2002 3330 139 52 Sedley
2160 3330 164 52 Taylor,
2347 3344 36 40 p.
2414 3344 192 36 117-137,
2630 3333 52 37 où

205 3420 55 26 011
278 3403 54 40 les
353 3413 181 28 trouvera
556 3401 39 38 in
617 3409 151 29 extenso.

438 3473 14 21 2
364 3474 66 37 On
452 3479 54 29 est
528 3470 100 38 aussi
649 3468 135 53 frappé
805 3466 47 38 de
867 3464 37 39 la
924 3466 160 52 parenté
1106 3464 67 49 qui
1195 3462 116 39 existe
1332 3469 108 29 entre
1460 3459 53 38 les
1527 3471 174 41 passages
1722 3459 54 35 du
2001 3456 141 38 d'Urio
2159 3465 35 28 et
2212 3456 53 37 du
2535 3455 148 38 d'Erba

205 3530 140 40 soudés
376 3525 207 42 ensemble.
618 3525 100 39 Rien
741 3537 50 23 ne
811 3536 61 23 me
894 3520 219 39 semblerait
1131 3517 87 55 plus
1238 3531 141 39 propre
1399 3518 22 36 à
1441 3514 94 39 faire
1557 3516 123 35 naître
1694 3514 95 36 dans
1806 3511 146 53 l'esprit
1963 3512 66 37 des
2057 3512 137 37 doutes
2222 3511 213 49 analogues
2460 3512 21 37 à
2509 3525 98 24 ceux
2635 3512 48 37 de

208 3588 67 40 M.
298 3584 220 45 Robinson,
538 3592 39 28 et
596 3583 23 37 à
638 3583 185 46 suggérer
844 3587 100 29 cette
966 3574 229 42 conclusion
1216 3592 9 20 :
1253 3574 97 37 Urio
1381 3581 38 29 et
1456 3570 104 40 Erba
1595 3584 48 24 ne
1677 3567 242 48 seraient-ils,
1941 3582 69 38 par
2046 3568 149 47 hasard,
2221 3570 123 47 qu'un
2380 3565 81 41 seul
2494 3568 162 38 homme
2670 3570 13 35 ?

208 3645 53 38 Et
282 3640 91 54 quel
393 3641 162 39 homme
572 3653 44 25 ce
636 3633 225 58 pourrait-il
876 3635 90 47 être,
1065 3633 113 38 sinon
1201 3628 179 41 Haendel
1403 3634 14 33 ?
