2781 3982
1279 248 74 68 S.
1421 249 66 69 I.
1554 248 115 68 M.

398 340 10 0 374

240 394 216 80 siques)
519 393 324 57 n'auraient
891 404 184 45 certes
1125 412 82 58 pu
1253 391 292 58 admettre
1591 405 156 44 cette
1802 390 310 60 confusion
2165 393 138 58 dans
2353 394 212 58 l'ordre
2615 395 99 59 des

242 482 236 80 parties,
514 493 155 44 cette
696 475 419 83 impossibilité
1149 478 71 57 de
1256 478 331 79 distinguer
1619 480 80 56 les
1731 475 216 82 figures
1973 482 313 76 originales
2312 482 140 57 d'un
2484 503 228 59 groupe

242 569 73 59 de
346 590 152 36 sons.
538 569 159 55 Pour
731 567 278 70 Claudin,
1044 567 123 56 cela
1214 587 71 36 va
1318 564 71 59 de
1437 567 85 57 soi
1559 587 12 36 :
1613 567 138 57 c'est
1784 587 212 37 encore
2030 588 79 36 un
2142 569 423 79 polyphoniste
2598 569 31 57 à
2660 570 55 59 la

241 656 177 58 mode
451 657 303 56 ancienne.
792 654 104 56 Du
931 654 268 78 Caurroy
1233 667 57 43 et
1327 654 424 56 Bournonville
1798 656 232 55 suivent
2065 676 114 35 une
2213 671 163 43 autre
2406 657 303 58 tradition.

244 746 127 58 S'ils
404 742 129 58 font
567 742 140 57 dans
740 743 154 56 leurs
947 742 302 77 musiques
1282 762 116 36 une
1450 742 166 79 place
1667 762 155 37 assez
1856 742 251 57 discrète
2157 765 74 35 au
2274 744 102 77 jeu
2427 744 180 59 subtil
2657 760 57 43 et

241 846 201 45 savant
477 831 97 56 des
599 830 330 57 imitations
978 830 236 68 suivies,
1260 831 40 54 il
1357 827 303 60 attachent
1717 851 71 36 en
1841 830 291 57 revanche
2182 852 114 36 une
2343 833 372 78 importance

240 920 265 58 extrême
527 917 30 57 à
583 916 436 58 l'architecture
1046 916 71 57 de
1138 917 153 56 leurs
1317 917 257 57 accords.
1591 918 85 55 Ce
1701 918 150 56 n'est
1886 938 99 58 pas
2019 918 171 78 qu'ils
2223 918 387 60 enrichissent
2644 920 70 57 de

240 1006 438 60 combinaisons
710 1002 428 80 impratiquées
1171 1005 52 56 le
1256 1004 269 58 matériel
1558 1004 419 80 harmonique.
2030 1006 163 56 Mais
2240 1006 43 57 il
2314 1009 400 77 s'appliquent

242 1114 141 37 avec
416 1091 126 59 zèle
576 1091 31 57 à
638 1090 219 58 l'étude
885 1091 98 57 des
1016 1090 287 58 sonorités
1328 1091 253 57 diverses
1606 1090 283 58 résultant
1916 1091 98 57 des
2046 1094 287 76 positions
2358 1092 353 60 différentes.

245 1183 95 57 De
373 1195 155 43 cette
561 1178 244 72 variété,
849 1180 69 56 ils
945 1180 321 57 entendent
1299 1180 142 56 tirer
1473 1180 152 57 leurs
1658 1181 131 78 plus
1822 1180 191 56 beaux
2044 1180 185 58 effets.
2267 1181 204 63 Qu'un
2504 1183 212 57 accord

242 1268 217 82 parfait
492 1270 112 56 soit
638 1265 281 81 composé
953 1268 73 56 de
1059 1269 208 77 quinte
1294 1282 57 42 et
1378 1269 180 56 tierce
1592 1265 290 81 disposées
1907 1288 73 36 au
2005 1266 207 59 hasard
2246 1288 96 37 sur
2366 1270 53 55 la
2443 1272 269 76 tonique,

242 1358 142 57 c'est
428 1357 53 57 là
515 1377 116 35 une
664 1377 117 35 vue
812 1355 276 57 abstraite
1121 1357 105 77 qui
1258 1357 80 55 les
1371 1357 163 55 laisse
1582 1354 389 58 indifférents.
2020 1357 84 54 Ce
2138 1357 104 77 qui
2276 1357 127 55 leur
2433 1358 279 77 importe,

240 1447 137 57 c'est
428 1446 78 55 tel
564 1443 212 57 accord
830 1442 214 80 parfait
1094 1444 172 78 qu'ils
1317 1457 103 43 ont
1470 1440 223 72 réalisé,
1746 1442 29 58 à
1809 1444 135 56 telle
1987 1444 186 78 place,
2208 1442 31 57 à
2286 1457 127 43 tant
2447 1443 70 58 de
2549 1446 162 68 voix,

237 1531 274 71 écartées,
578 1529 412 80 rapprochées,
1055 1529 342 59 redoublées
1454 1532 70 56 de
1587 1532 135 56 telle
1783 1529 175 79 façon
2023 1545 56 43 et
2129 1552 115 36 non
2305 1531 174 57 d'une
2527 1546 182 43 autre.

242 1622 282 76 Disposer
556 1621 81 54 les
669 1619 335 56 intervalles
1051 1633 336 42 autrement
1421 1619 174 78 qu'ils
1647 1639 72 36 ne
1762 1619 149 56 l'ont
1944 1617 107 58 fait
2086 1640 65 35 ce
2201 1619 168 56 serait
2405 1618 185 57 trahir
2639 1641 76 36 ou

240 1710 246 56 mutiler
520 1710 126 54 leur
696 1705 214 80 pensée
961 1720 56 42 et
1074 1707 80 56 les
1204 1706 393 79 perpétuelles
1653 1707 328 56 mutations
2033 1706 96 57 des
2184 1705 352 59 théorbistes
2590 1708 126 55 leur

241 1810 230 44 eussent
505 1793 93 58 été
632 1792 362 60 assurément
1021 1793 282 58 odieuses.

418 1884 204 62 Quant
656 1903 115 35 aux
821 1881 431 78 compositeurs
1304 1881 170 56 d'airs
1507 1881 70 56 de
1625 1900 164 50 cour,
1826 1881 41 55 il
1906 1895 82 42 est
2039 1880 136 57 bien
2221 1881 122 55 vrai
2380 1881 172 78 qu'ils
2585 1895 130 42 sont

242 1973 130 77 plus
405 1971 284 57 soucieux
724 1969 77 56 du
837 1967 260 70 charme,
1133 1967 71 58 de
1251 1965 317 81 l'élégance
1604 1989 77 36 ou
1729 1969 72 56 de
1832 1969 377 77 l'expression
2245 1967 70 58 de
2347 1969 152 56 leurs
2532 1966 148 60 mélo-

244 2059 120 57 dies
398 2078 116 58 que
550 2056 69 58 de
652 2070 168 42 toute
854 2070 164 44 autre
1053 2055 194 57 chose.
1286 2056 163 56 Mais
1480 2056 54 56 le
1567 2054 179 58 détail
1795 2055 70 56 de
1898 2056 130 55 leur
2075 2069 162 42 texte
2269 2056 80 56 les
2380 2054 336 80 préoccupe

240 2145 119 59 fort
393 2167 134 57 peu.
569 2147 156 53 Pour
759 2164 114 59 peu
909 2144 173 77 qu'ils
1115 2164 71 35 en
1220 2143 244 56 rendent
1514 2144 52 55 le
1614 2144 320 56 sentiment
1983 2141 254 79 général,
2273 2144 69 55 ils
2390 2159 128 41 sont
2554 2144 135 56 satis-

245 2233 136 58 faits
414 2247 56 43 et
505 2234 67 56 ils
605 2233 164 56 n'ont
804 2253 100 57 pas
937 2233 53 56 la
1023 2230 272 56 moindre
1329 2229 129 59 idée
1492 2230 69 56 de
1587 2232 54 56 la
1663 2232 157 76 juste
1853 2229 393 59 déclamation
2281 2232 59 54 ni
2368 2230 70 56 de
2470 2232 244 56 l'accent

246 2321 285 58 véritable
564 2321 69 55 de
679 2321 55 54 la
781 2322 232 75 langue.
1054 2319 303 78 Pourquoi
1408 2319 351 56 seraient-ils
1790 2317 256 80 disposés
2077 2317 31 58 à
2141 2315 251 60 sacrifier
2425 2319 143 78 quoi
2603 2340 114 57 que

246 2431 66 36 ce
346 2411 112 56 soit
492 2408 70 57 de
595 2408 127 56 leur
771 2408 275 78 musique
1080 2404 116 58 afin
1233 2427 115 57 que
1381 2407 187 56 soient
1604 2407 207 55 mieux
1858 2404 285 59 entendus
2190 2426 92 37 ces
2336 2408 178 76 petits
2569 2426 145 49 vers,

241 2493 394 82 insignifiants
669 2496 46 56 si
749 2508 248 44 souvent
1031 2497 18 55 ?
1103 2495 78 55 Et
1215 2515 239 34 comme
1511 2493 314 56 Guesdron
1877 2507 56 42 et
1985 2514 84 35 ses
2115 2495 481 76 contemporains
2636 2493 78 76 (et

241 2586 150 56 aussi
426 2586 257 66 Boesset,
720 2583 142 78 quoi
898 2581 134 80 qu'à
1065 2602 81 36 un
1180 2581 271 57 moindre
1486 2580 198 78 degré)
1726 2595 130 43 sont
1892 2601 211 36 encore
2137 2581 97 56 des
2268 2580 447 78 polyphonistes

241 2674 104 77 qui
379 2671 331 57 n'oublient
755 2691 101 58 pas
889 2684 132 43 tout
1058 2670 30 57 à
1120 2667 106 59 fait
1262 2669 173 78 qu'ils
1484 2667 266 57 écrivent
1802 2670 150 54 aussi
2002 2670 153 54 leurs
2189 2669 109 55 airs
2333 2666 30 57 à
2397 2682 206 64 quatre
2637 2690 77 34 ou

238 2761 143 76 cinq
412 2760 162 67 voix,
632 2759 66 56 ils
732 2759 272 54 tiennent
1056 2756 31 57 à
1143 2778 66 35 ce
1260 2776 115 58 que
1407 2756 154 56 leurs
1594 2769 600 65 accompagnements
2227 2754 313 57 subsistent
2573 2775 141 37 avec

238 2849 153 56 leurs
454 2845 205 57 détails
713 2860 56 42 et
820 2846 155 55 leurs
1032 2858 435 54 mouvements,
1524 2840 306 81 simplifiés
1881 2863 127 37 sans
2055 2841 180 57 doute
2282 2843 147 55 mais
2461 2863 119 35 non
2616 2863 99 57 pas

238 2931 229 60 effacés.
515 2933 78 57 Ils
626 2931 338 59 résisteront
997 2933 172 57 donc.
1209 2931 161 56 Mais
1402 2931 54 56 la
1489 2929 343 79 génération
1869 2931 103 77 qui
2025 2931 79 55 les
2159 2931 115 55 suit
2330 2930 200 56 n'aura
2583 2931 132 77 plus

237 3023 155 56 leurs
425 3023 310 76 exigences
768 3022 64 55 ni
862 3020 154 57 leurs
1049 3019 317 79 scrupules.
1385 3019 94 56 De
1502 3019 196 78 Nyert
1726 3019 104 78 qui
1864 3018 274 77 pratiqua
2161 3038 73 36 en
2262 3016 168 56 Italie
2455 3018 52 54 le
2533 3015 179 59 chant

238 3123 58 43 et
350 3109 616 78 l'accompagnement
1016 3107 30 57 à
1078 3108 53 56 la
1164 3105 263 58 manière
1459 3105 292 69 nouvelle,
1789 3103 304 72 Lambert,
2128 3124 103 37 son
2264 3104 361 56 admirateur
2655 3118 57 43 et

240 3217 99 37 son
392 3194 163 59 élève
588 3196 405 57 introduiront
1027 3192 474 61 définitivement
1534 3193 221 79 l'usage
1789 3193 79 56 du
1902 3188 248 61 théorbe
2183 3212 72 36 en
2292 3193 241 56 France.

419 3284 172 55 Cette
625 3284 350 56 innovation
1026 3283 194 56 devait
1253 3283 164 55 avoir
1451 3282 299 77 peut-être
1798 3282 130 76 plus
1962 3279 428 78 d'importance
2436 3279 171 78 qu'ils
2641 3301 71 34 ne

240 3394 56 37 se
327 3372 447 78 l'imaginaient.
828 3372 134 62 Que
995 3373 54 55 le
1082 3368 246 60 théorbe
1361 3371 81 56 ait
1475 3391 74 36 eu
1582 3390 152 57 pour
1764 3370 82 55 lui
1891 3370 56 55 la
1981 3364 209 61 beauté
2225 3382 57 42 et
2314 3368 55 56 la
2401 3368 309 78 puissance

238 3460 80 57 du
351 3458 239 69 timbre,
627 3480 116 57 que
796 3460 315 77 l'ampleur
1144 3471 57 43 et
1254 3456 299 58 l'étendue
1587 3456 70 57 de
1713 3476 104 37 son
1854 3456 241 77 registre
2152 3475 176 58 grave
2359 3455 201 57 l'aient
2603 3453 107 59 fait

237 3546 165 60 riche
457 3546 71 57 de
562 3547 249 56 certains
844 3546 167 57 effets
1065 3560 57 43 et
1155 3546 131 79 plus
1337 3544 319 58 commode
1704 3542 30 59 à
1780 3544 195 77 jouer,
2032 3544 177 77 qu'en
2245 3564 80 35 un
2378 3556 127 43 mot
2540 3542 40 57 il
2632 3544 80 55 ait
