2781 3982
1048 282 186 69 LES
1305 280 406 68 I.IVRKS

2443 305 155 71 475

144 423 268 62 méthodes).
442 425 83 46 Un
550 436 128 36 autre
703 425 184 46 volume
913 426 204 46 donnera
1141 425 62 47 les
1228 425 284 45 manuscrits.
1541 424 84 45 Un
1651 421 230 47 troisième
1914 440 95 28 sera
2048 423 172 47 réservé
2262 442 88 28 aux
2394 443 215 46 ouvrages

144 492 274 61 théoriques.
447 494 174 53 Quand
647 511 306 30 aurons-nous
978 494 195 47 traversé
1198 505 72 35 cet
1295 494 83 61 âge
1403 493 55 45 de
1485 492 341 61 bibliographie,
1853 503 45 35 et
1923 510 375 43 pourrons-nous,
2326 494 205 60 posséder
2568 496 41 47 le

142 562 143 60 grand
312 562 252 47 inventaire
590 564 182 62 général
799 565 76 45 des
901 564 131 46 livres
1057 565 55 45 de
1138 565 210 59 musique
1373 562 62 46 du
1460 561 171 46 monde
1658 562 145 45 entier
1819 560 15 46 ?

278 717 648 52 INTERNATIONALE
963 717 763 52 MUSIKGESELLSCHAFT
1743 738 13 36 ;
1783 716 72 47 111
1883 717 248 63 Kongress.
2157 719 200 62 (Artaria
2375 719 24 48 à
2425 721 184 48 Vienne

141 797 45 34 et
213 785 246 64 Breitkopf
475 790 26 47 à
527 790 208 62 Leipzig,
763 792 46 44 in
839 790 48 47 8°
913 791 54 44 de
997 804 95 48 700
1119 790 94 61 pp.)

278 921 137 46 Voici
442 940 89 43 que
556 925 243 57 paraissent
825 922 125 47 enfin
976 923 63 46 les
1063 924 143 44 Actes
1239 922 55 44 de
1331 931 130 34 notre
1501 918 190 62 congrès
1731 919 56 45 de
1829 919 201 46 Vienne.
2072 917 91 48 Cet
2201 936 197 45 ouvrage
2435 932 65 34 est
2542 938 65 28 un

140 988 215 49 véritable
381 1004 278 33 monument
685 992 126 47 élevé
836 992 25 46 à
886 992 41 45 la
950 994 179 43 science
1173 1003 45 33 et
1260 990 24 45 à
1326 988 220 46 l'histoire
1580 988 55 45 de
1675 987 42 47 la
1755 989 225 59 musique,
2022 999 45 33 et
2109 988 113 46 dont
2263 999 131 35 notre
2433 988 174 48 Société

139 1057 361 49 Internationale
525 1072 110 48 peut
660 1061 95 46 être
780 1060 122 47 fîère.
933 1061 98 53 Qui
1057 1060 112 46 l'eut
1195 1060 80 58 dit,
1303 1058 30 45 il
1359 1075 29 46 y
1413 1075 26 28 a
1488 1072 52 30 11
1572 1074 94 41 ans,
1708 1057 154 60 quand
1901 1068 131 33 notre
2077 1056 176 47 Société
2293 1057 104 46 s'est
2436 1058 170 46 formée

138 1127 309 61 timidement,
489 1146 57 28 au
586 1129 160 47 milieu
785 1131 77 45 des
900 1129 196 46 rivalités
1138 1129 55 45 de
1236 1143 246 44 personnes
1521 1137 45 34 et
1606 1125 344 60 d'institutions,
1995 1143 89 44 que
2126 1143 117 29 nous
2283 1127 266 46 arriverions
2583 1126 26 47 à

138 1212 195 45 grouper
359 1214 57 29 en
442 1214 92 28 une
572 1197 282 63 magnifique
893 1199 340 45 manifestation
1277 1207 102 35 tout
1417 1212 51 29 ce
1512 1213 90 43 que
1644 1194 43 46 le
1726 1195 170 46 monde
1936 1195 55 45 de
2029 1194 259 47 l'érudition
2332 1207 183 48 compte
2554 1196 54 45 de

137 1277 178 33 savants
339 1278 46 34 et
410 1267 56 45 de
491 1267 278 47 travailleurs
794 1267 243 47 éminents*
1065 1267 136 47 Ceux
1225 1267 78 60 qui
1331 1265 133 45 n'ont
1490 1281 76 43 pas
1592 1265 197 57 compris
1813 1281 52 28 ce
1890 1275 302 35 mouvement
2217 1265 54 44 de
2307 1263 43 47 la
2384 1263 225 47 solidarité

138 1350 60 28 ou
224 1336 77 59 qui
328 1337 207 44 auraient
560 1336 141 46 voulu
727 1336 42 47 le
795 1335 258 62 confisquer
1076 1336 25 45 à
1127 1335 97 46 leur
1249 1333 152 61 profit,
1428 1350 45 29 se
1500 1334 156 46 voient
1698 1332 292 63 aujourd'hui
2034 1333 163 59 perdus
2235 1345 46 33 et
2323 1334 286 59 impuissants

138 1402 110 47 dans
273 1402 41 46 le
340 1404 213 46 domaine
579 1405 56 46 de
659 1405 44 46 la
727 1405 296 62 musicologie
1051 1403 248 64 organisée.

274 1472 57 61 Je
358 1489 74 29 me
459 1474 223 62 garderais
708 1475 55 44 de
789 1475 163 44 rendre
976 1486 184 47 compte
1187 1473 74 46 dès
1287 1473 290 45 maintenant
1602 1471 56 46 de
1684 1488 52 29 ce
1773 1470 198 47 volume.
2016 1472 58 60 Je
2112 1470 43 47 le
2194 1470 174 46 réserve
2411 1488 113 43 pour
2567 1470 42 46 la

137 1538 182 61 période
346 1541 120 47 d'été
492 1543 60 45 où
578 1542 61 46 les
665 1543 272 62 obligations
962 1543 55 45 de
1042 1543 42 45 la
1109 1544 71 44 vie
1205 1542 254 60 parisienne
1485 1557 116 29 nous
1625 1540 181 46 laissent
1830 1540 199 61 quelque
2055 1538 128 61 répit.
2211 1540 56 61 Je
2293 1540 117 45 tiens
2443 1556 138 43 cepen-

136 1608 26 45 à
188 1608 193 48 féliciter
407 1610 243 48 l'éminent
675 1611 258 47 Professeur
961 1611 161 49 Guido
1148 1611 145 45 Adler
1319 1611 78 61 qui
1423 1627 25 28 a
1474 1609 71 47 été
1571 1608 138 47 l'âme
1735 1609 61 46 du
1822 1608 224 62 Congrès,
2072 1620 45 35 et
2143 1608 140 47 MM.
2323 1608 205 46 Koczirz
2564 1620 44 34 et

139 1677 122 47 Haas
285 1681 79 59 qui
391 1697 58 29 en
475 1681 155 46 furent
656 1680 62 47 les
744 1682 99 46 bsas
866 1682 130 46 actifs
1020 1693 46 34 et
1092 1681 187 60 rapides.
2397 1677 44 62 J.
2481 1677 56 47 E.

275 1836 200 48 HUET
506 1837 203 63 (Emile).
828 1837 160 46 Jeanne
1012 1837 143 47 <TArc
1191 1848 39 35 et
1267 1837 43 46 la
1348 1836 195 62 musique.
1576 1835 233 62 (Orléans,
1855 1849 53 32 11
1951 1851 80 30 rue
2067 1834 178 62 Jeanne
2272 1832 144 47 d'Arc
2461 1848 142 47 I9°9>

137 1905 46 44 in
212 1903 50 49 8°
287 1906 55 45 de
369 1921 99 48 230
494 1908 63 61 p.)

274 2026 69 48 Ce
381 2027 112 47 livre
530 2039 65 35 est
632 2028 43 46 la
709 2028 196 46 seconde
943 2026 173 46 édition
1154 2025 112 47 d'un
1303 2025 185 46 volume
1525 2025 76 61 qui
1641 2036 131 49 parut
1809 2041 58 29 en
1911 2022 144 62 1894,
2093 2034 46 35 et
2175 2040 89 44 que
2289 2039 82 29 son
2396 2033 161 35 auteur
2581 2039 27 28 a

136 2096 443 47 considérablement
612 2096 263 63 augmenté.
919 2095 40 47 Il
997 2095 132 63 s'agit
1168 2095 55 46 de
1266 2112 115 28 nous
1417 2094 231 60 présenter
1686 2095 55 44 ici
1779 2110 92 29 une
1909 2092 323 62 bibliographie
2270 2091 55 46 de
2361 2102 149 35 toutes
2545 2091 63 45 les

134 2183 179 29 œuvres
338 2183 90 44 que
454 2166 42 46 la
520 2166 186 47 Pucelle
731 2183 25 29 a
781 2183 61 43 pu
868 2167 188 60 inspirer
1082 2182 59 29 au
1166 2165 249 45 sentiment
1452 2163 189 46 musical
1668 2163 54 45 de
1747 2179 67 29 ses
1837 2162 310 46 admirateurs.
2189 2160 91 47 Car
2305 2177 61 28 on
2391 2178 26 28 a
2441 2159 166 46 chanté

134 2236 179 61 Jeanne
340 2234 145 47 d'Arc
527 2248 46 33 et
615 2253 64 29 un
719 2253 89 42 peu
846 2253 59 28 en
945 2244 150 37 toutes
1134 2233 63 46 les
1233 2233 188 61 langues
1447 2233 54 45 de
1527 2232 234 60 l'Europe.
1792 2231 77 46 De
1898 2230 353 47 Tschaikowski
2279 2229 24 46 à
2330 2229 194 59 Dubois,
2552 2229 53 45 de

136 2302 208 50 Gounod
381 2304 24 46 à
442 2304 145 60 Liszt,
615 2305 55 46 de
695 2305 170 45 Widor
901 2304 25 46 à
961 2305 161 58 Verdi,
1149 2319 64 28 un
1239 2303 142 61 grand
1420 2302 191 45 nombre
1637 2302 55 45 de
1719 2301 327 60 compositeurs
2071 2310 81 35 ont
2178 2298 71 46 été
2273 2297 167 47 séduits
2465 2314 76 43 par
2566 2297 43 47 la

135 2375 230 61 mystique
390 2373 191 62 légende
609 2375 54 45 de
688 2374 193 61 Jeanne.
922 2372 91 47 Les
1047 2389 87 29 uns
1160 2371 61 47 lui
1249 2384 82 33 ont
1374 2370 213 47 consacré
1611 2387 64 29 un
1703 2370 104 60 lied,
1835 2368 195 48 d'autres
2054 2385 65 28 un
2145 2368 161 60 poème
2331 2365 276 48 d'orchestre

134 2453 45 34 et
205 2443 196 59 chœurs,
430 2442 198 47 d'autres
652 2460 64 28 un
742 2442 136 61 opéra
902 2453 102 35 tout
1030 2443 160 46 entier.

274 2511 152 47 Chose
451 2511 260 62 singulière,
738 2511 42 47 la
805 2514 201 43 chanson
1035 2510 230 61 populaire
1303 2527 58 28 ne
1397 2509 104 46 s'est
1537 2507 184 61 emparé
1758 2507 54 47 de
1838 2524 52 29 ce
1925 2507 118 62 sujet
2067 2504 203 62 qu'assez
2296 2504 111 46 tard.
2437 2503 84 47 On
2547 2520 59 29 ne

135 2591 160 35 trouve
331 2598 76 43 pas
444 2581 76 46 dès
555 2580 42 47 le
634 2580 264 61 quinzième
935 2580 133 46 siècle
1095 2597 64 28 un
1186 2589 302 35 mouvement
1517 2577 190 46 musical
1732 2594 58 28 en
1816 2577 155 45 faveur
1997 2576 54 44 de
2077 2575 42 44 la
2143 2573 200 46 Pucelle.
2373 2572 73 46 M.
2477 2573 129 44 Huet

136 2650 89 44 cite
251 2667 64 28 un
342 2660 162 49 motet,
531 2650 142 60 perdu
699 2649 225 46 d'ailleurs
950 2648 159 63 d'Elsy
1136 2646 268 47 d'Amerval
1430 2646 169 63 (1483)
1625 2657 45 34 et
1695 2662 64 28 un
1797 2645 197 62 mystère
2032 2644 55 44 de
2124 2643 42 45 la
2202 2644 114 58 prise
2344 2640 260 59 d'Orléans,

134 2719 77 59 qui
249 2735 59 29 ne
345 2717 231 63 signifient
614 2735 75 43 pas
726 2718 144 62 grand
906 2719 150 45 chose.
1131 2717 111 46 Sous
1279 2716 142 46 Louis
1463 2715 125 46 XIII
1638 2716 42 43 la
1729 2713 185 47 Pucelle
1962 2711 199 61 apparaît
2210 2712 109 44 dans
2367 2710 41 46 le
2457 2709 147 46 Ballet

135 2786 76 46 des
237 2787 170 46 Modes
454 2786 186 62 (1633),
689 2803 183 29 comme
921 2787 41 45 le
1009 2785 313 61 représentant
1359 2785 111 45 d'un
1502 2800 280 45 personnage
1829 2784 203 59 antique,
2083 2791 44 35 et
2174 2797 123 28 assez
2344 2778 222 61 imprécis.
2589 2776 14 25 1

134 2854 40 46 Il
211 2855 97 45 faut
344 2857 209 45 attendre
590 2855 43 47 la
668 2854 65 47 fin
760 2856 61 45 du
847 2855 174 47 XVIII
1023 2858 16 20 e
1063 2854 133 48 siècle
1228 2871 112 43 pour
1366 2855 96 45 voir
1488 2871 91 28 une
1605 2852 274 47 orientation
1908 2851 55 46 de
1998 2850 43 45 la
2076 2850 154 45 favuer
2256 2847 216 47 musicale
2507 2864 97 28 vers

131 2925 196 60 Jeanne,

273 2993 75 47 M.
379 2993 130 45 Huet
534 2992 193 47 attribue
755 3004 120 34 cette
909 2993 194 45 attitude
1129 2992 55 46 de
1210 2992 41 46 la
1277 2992 226 61 musique,
1530 2991 25 45 à
1580 2990 42 46 la
1647 2989 179 46 lenteur
1856 2987 153 47 même
2036 2987 75 45 des
2136 2985 181 61 progrès
2342 2985 55 46 de
2422 2996 73 33 cet
2519 2995 82 35 art.

134 3062 57 60 Je
215 3078 59 29 ne
301 3079 137 43 pense
463 3078 76 43 pas
564 3074 102 33 tout
701 3062 26 45 à
763 3062 81 45 fait
869 3079 182 28 comme
1078 3062 79 46 lui.
1196 3061 91 46 Les
1311 3078 183 28 romans
1520 3060 54 46 de
1599 3058 252 47 chevalerie
1889 3057 61 45 du
1987 3072 169 46 moyen
2182 3055 81 61 âge
2301 3053 171 47 étaient
2506 3052 97 63 déjà

134 3130 152 47 entrés
311 3132 110 45 dans
447 3130 41 45 le
515 3130 204 47 matériel
746 3131 55 45 de
826 3142 132 34 notre
983 3130 150 61 opéra,
1159 3147 90 44 que
1275 3146 222 44 personne
1524 3146 58 28 ne
1606 3128 205 61 songeait
1840 3142 166 30 encore
2030 3125 25 45 à
2080 3134 165 35 mettre
2269 3123 43 45 la
2337 3122 182 46 Pucelle
2545 3138 58 28 en

135 3201 225 59 musique.
389 3198 197 48 D'autre
612 3210 114 49 part,
752 3210 46 34 et
822 3216 101 29 sans
948 3200 108 45 faire
1083 3210 92 35 tort
1199 3217 89 27 aux
1315 3198 184 47 maîtres
1523 3199 78 59 qui
1628 3208 82 35 ont
1747 3194 172 47 illustré
1956 3211 52 28 ce
2043 3194 115 61 sujet
2196 3196 53 42 de
2288 3191 96 46 leur
2420 3202 83 48 art,
2541 3206 60 30 on

136 3279 109 47 peut
271 3268 94 46 dire
390 3267 260 62 qu'aucune
689 3269 179 60 Jeanne
895 3267 145 47 d'Arc
1083 3267 281 47 musicalisée
1408 3267 74 47 n'a
1521 3267 167 46 atteint
1729 3282 64 28 un
1829 3262 156 48 succès
2021 3261 209 46 définitif.
2276 3260 245 46 L'histoire
2547 3259 54 45 de

134 3337 179 59 Jeanne
331 3337 144 45 d'Arc
501 3353 59 29 ne
585 3337 141 59 paraît
752 3353 74 43 pas
851 3354 45 28 se
921 3337 150 60 prêter
1096 3337 25 46 à
1145 3354 91 30 une
1264 3338 112 44 mise
1401 3353 58 29 en
1484 3352 157 30 œuvre
1656 3334 249 60 artistique,
1928 3332 60 45 du
2013 3332 150 44 moins
2188 3330 109 45 dans
2322 3329 41 44 le
2389 3328 212 45 domaine

136 3405 61 45 du
230 3406 198 62 lyrisme.
467 3405 185 62 Malgré
687 3404 168 48 l'effort
897 3406 76 46 des
1014 3407 327 60 romantiques,
1385 3404 174 64 malgré
1600 3403 42 47 la
1683 3404 153 59 pieuse
1877 3400 266 47 vénération
2187 3399 76 45 des
2304 3398 294 59 catholiques,

250 3549 11 23 1
282 3553 42 34 A
355 3563 41 26 ce
426 3551 98 49 sujet
550 3551 38 49 je
619 3563 48 24 ne
696 3550 144 38 saurais
870 3560 88 42 trop
988 3560 188 43 protester
1207 3559 134 29 contre
1372 3548 36 40 la
1440 3548 195 39 mauvaise
1665 3547 164 53 opinion
1861 3560 75 37 que
1968 3546 64 37 M.
2056 3546 121 44 Huet,
2210 3546 21 36 à
2262 3541 36 40 la
2328 3542 97 38 suite
2455 3542 47 37 de
2533 3543 64 37 M.

138 3607 191 40 Germain
352 3608 128 50 Bapst,
505 3605 126 53 paraît
651 3607 108 38 avoir
779 3606 47 39 de
846 3604 36 41 la
903 3607 179 50 musique
1103 3607 64 39 des
1188 3605 134 40 ballets
1342 3607 48 39 de
1411 3606 119 38 Louis
1552 3607 118 35 XIII.

2563 3672 32 50 s
