2781 3982
1221 286 74 69 S.
1371 287 65 68 I.
1512 287 117 68 M.

198 311 154 67 412

334 429 352 50 KONZERT
724 428 559 47 TASCHEN-BUCH.
1315 428 218 61 (Munich
1568 444 126 47 1910
1722 429 44 46 in
1793 444 57 33 12
1855 433 17 20 0
1874 430 29 61 ).

333 524 121 47 Petit
478 524 189 62 agenda,
695 524 75 59 qui
798 524 208 44 contient
1030 522 216 61 quelques
1270 522 178 46 articles
1473 534 230 35 amusants
1721 540 10 29 :
1771 541 92 28 une
1900 523 195 61 enquête
2131 541 75 29 sur
2243 524 324 61 l'opportunité
2605 526 54 45 de

194 594 42 45 la
261 592 211 60 réclame,
499 610 91 28 une
617 593 246 44 discussion
888 608 74 29 sur
988 592 63 45 les
1076 602 141 35 cartes
1243 592 55 44 de
1324 609 159 42 presse,
1512 602 45 35 et
1582 592 214 60 quelques
1821 593 255 46 anecdotes.
2106 592 67 47 Le
2199 605 100 34 tout
2330 595 118 46 édité
2485 612 76 43 par
2598 594 62 47 les

196 664 118 44 soins
341 661 172 47 d'Emil
542 661 264 60 Gutmann,
834 660 41 46 le
901 660 89 45 très
1014 661 318 62 sympathique
1360 661 280 60 impressario
1667 662 55 45 de
1748 661 219 47 Munich.

332 806 375 61 JAHRBUCH
744 806 76 44 der
855 804 381 46 Musikbibliothek
1273 804 161 46 Peters.
1477 804 126 60 (XV
1606 806 16 21 Q
1648 804 128 45 annèe
1779 842 12 23 y
1836 820 143 47 1910,
2018 805 66 45 in-
2090 820 28 45 4
2121 807 18 20 0
2176 804 140 61 Lpz.)

334 901 56 60 Je
416 902 143 44 revois
585 901 207 61 toujours
816 916 108 29 avec
950 899 149 60 plaisir
1126 898 40 45 le
1206 899 236 60 Jahrbuch
1470 898 54 45 de
1564 898 42 45 la
1646 898 306 61 bibliothèque
1994 898 167 61 Peters,
2206 901 33 44 si
2283 900 377 46 admirablement

195 968 153 62 rédigé
374 987 78 42 par
478 980 130 34 notre
636 968 206 61 collègue
868 968 40 45 le
934 968 249 59 professeur
1211 967 181 46 Rudolf
1413 967 249 46 Schwartz.
1693 968 136 45 Cette
1855 968 145 45 année
2027 968 29 45 il
2101 969 249 59 comprend
2385 969 62 46 les
2485 969 175 46 articles

194 1039 201 45 suivants
414 1055 9 29 :
459 1036 52 48 T.
540 1037 115 62 Kroy
660 1055 59 41 er,
738 1037 213 60 Dialogue
976 1038 90 43 und
1088 1036 113 45 Echo
1227 1036 43 45 in
1296 1037 77 44 der
1397 1036 113 45 alten
1535 1036 266 46 Chormusik.
1825 1037 71 45 H,
1921 1037 233 59 Riemann,
2177 1037 207 61 Spontané
2403 1037 232 46 Phantasie-

196 1107 206 59 tœtigkeit
428 1109 89 42 und
539 1106 434 59 verstandesmaessige
997 1105 155 45 Arbeit
1176 1105 44 45 in
1246 1107 75 43 der
1347 1105 409 45 tonkuenstlerischen
1783 1105 277 47 Produktion.
2081 1105 129 46 Max
2231 1106 304 45 Friedlaender
2538 1144 12 24 ,
2570 1124 89 28 van

196 1176 200 46 Swieten.
425 1176 70 46 H.
526 1175 290 45 Kretzshmar
840 1176 75 44 das
941 1174 244 45 Notenbuch
1213 1176 76 43 der
1316 1174 240 60 Zeumerin,
1583 1176 91 43 und
1698 1175 252 47 Volksmusik
1975 1176 89 43 und
2086 1175 168 45 hoehere
2279 1175 152 46 Kunst.

335 1244 199 47 Comme
562 1244 261 45 d'habitude
850 1261 92 28 une
969 1243 325 62 bibliographie
1321 1244 74 44 des
1435 1243 131 46 livres
1602 1260 73 29 sur
1710 1243 42 45 la
1790 1245 206 58 musique
2037 1244 80 44 fait
2156 1244 40 45 le
2236 1243 215 60 principal
2493 1244 53 44 de
2589 1255 71 34 cet

193 1315 233 58 annuaire,
456 1313 323 62 bibliographie
806 1314 75 59 qui
908 1324 65 34 est
999 1312 330 60 indispensable
1354 1312 24 45 à
1404 1323 101 34 tous
1531 1329 115 28 ceux
1684 1313 75 59 qui
1804 1312 185 46 veulent
2028 1312 234 46 connaître
2304 1312 41 45 le
2384 1312 184 46 résultat
2606 1312 54 45 de

195 1381 167 46 l'effort
388 1382 357 62 musicologique
771 1399 58 28 au
854 1399 131 28 cours
1011 1382 54 45 de
1091 1381 182 46 l'année
1300 1380 199 47 écoulée.
2451 1382 43 62 J.
2534 1380 56 47 E.

1103 1723 380 49 OUVRAGES
1534 1724 220 67 REÇUS

423 1867 277 50 ANGLAS
727 1868 94 63 (J.).
962 1868 151 47 Précis
1152 1867 309 62 d'acoustique
1501 1868 235 63 physique,
1781 1868 215 46 musicale
2039 1879 45 35 et
2123 1868 356 64 physiologique.
2524 1867 139 61 (Paris

198 1940 62 45 H.
292 1938 179 59 Paulin,
499 1940 45 43 in
575 1938 48 45 8°
650 1939 54 44 de
732 1938 96 61 382
857 1955 72 43 pp.
957 1959 12 36 ;
1005 1952 56 32 12
1084 1937 99 62 fcs.)

390 2048 8 6 -
424 2019 333 48 BOSCHOT
784 2020 97 61 (A.)
999 2018 69 47 Le
1095 2019 140 46 Faust
1261 2018 54 45 de
1342 2017 197 47 Berlioz.
1571 2017 243 62 (Costallat
1840 2029 45 34 et
1912 2017 101 60 Cie,
2041 2019 47 44 in
2121 2020 78 45 12°
2225 2018 54 45 de
2310 2030 60 50 70
2398 2018 91 61 pp.)

424 2100 185 47 BECK
635 2100 164 61 (Jean).
931 2100 70 45 La
1026 2101 207 59 musique
1273 2100 75 45 des
1379 2099 346 46 Troubadours.
1750 2099 280 62 (Collection
2056 2100 75 45 des
2168 2100 243 45 musiciens
2448 2097 210 48 célèbres.

195 2170 62 46 H.
287 2169 207 46 Laurens
520 2171 47 43 in
600 2184 56 32 12
661 2173 17 18 0
684 2169 28 61 .)

428 2250 242 47 LALOY
698 2249 191 62 (Louis).
1009 2249 70 46 La
1103 2250 210 60 musique
1340 2249 215 47 chinoise.
1585 2248 162 63 (Idem,
1775 2249 46 44 in
1854 2263 27 33 2
1886 2251 18 21 0
1909 2249 29 62 .)

424 2331 200 46 HUET
651 2331 201 61 (Emile).
971 2331 177 61 Jeanne
1175 2329 145 47 d'Arc
1346 2341 45 35 et
1416 2329 43 46 la
1483 2331 222 59 musique.
1747 2329 262 48 Deuxième
2036 2329 186 48 édition.
2250 2329 216 64 (Orléans
2496 2345 53 30 11
2580 2347 80 28 rue

191 2402 178 60 Jeanne
397 2399 158 47 d'Arc.
590 2415 125 46 1909
745 2401 45 43 in
819 2415 28 43 4
852 2402 17 20 0
896 2400 54 44 de
978 2413 95 47 229
1104 2400 166 60 pages.)

423 2481 330 45 RIEMANN
798 2481 193 60 (Hugo).
1125 2480 56 46 L.
1226 2496 88 30 van
1341 2479 289 46 Beethovens
1668 2479 176 61 Leben,
1889 2498 89 28 von
2017 2481 60 47 A.
2117 2481 82 46 W.
2239 2481 208 62 Thayer,
2486 2479 72 47 vol
2596 2479 61 60 11,

190 2551 194 45 seconde
412 2550 68 46 éd.
510 2550 261 61 (Breitkopf
790 2550 42 46 &
862 2549 187 45 Haertel
1083 2563 126 47 1910
1235 2550 46 44 in
1311 2549 49 45 8°
1386 2549 54 45 de
1468 2547 93 61 645
1591 2566 73 43 pp.
1699 2569 11 37 ;
1740 2550 106 45 Mk.
1881 2550 93 60 12.)

421 2630 412 47 Musik-Lexicon.
867 2644 22 49 7
896 2636 16 19 e
938 2630 69 47 éd.
1035 2630 134 61 (Lpz.
1199 2630 119 46 Max
1347 2632 156 57 Hesse,
1533 2632 45 44 in
1607 2630 49 46 8°
1683 2630 54 46 de
1770 2629 126 48 1600
1924 2648 72 43 pp.
2025 2631 106 47 Mk.
2168 2630 92 62 14.)

421 2711 303 47 BERENZI
743 2711 233 62 (Angelo).
1078 2711 70 46 La
1163 2713 142 58 patria
1322 2712 70 45 del
1410 2712 141 45 lutaio
1573 2710 63 50 G.
1656 2711 50 48 P.
1727 2713 225 61 Maggini.
1981 2712 252 62 (Cremona
2258 2712 46 45 in
2333 2710 49 48 8°
2403 2712 53 46 de
2490 2726 50 31 11
2568 2710 92 63 pp»)

423 2793 66 46 Di
517 2793 63 48 G.
609 2793 50 47 P.
688 2794 231 61 Maggini.
948 2793 84 61 (Id.
1060 2793 126 60 ibid.)

423 2874 64 46 Di
515 2875 150 45 alcuni
691 2876 243 44 strumenti
962 2875 204 46 fabricati
1194 2874 55 45 da
1275 2872 205 62 Gasparo
1507 2875 43 44 di
1570 2874 105 47 Salo
1703 2875 226 60 posseduti
1950 2875 56 46 da
2032 2874 94 49 Ole
2152 2874 120 60 Bull,
2302 2875 55 46 da
2383 2874 275 62 Dragonetti

190 2961 24 28 e
242 2943 116 46 dalle
383 2944 158 45 sorelle
567 2944 263 45 Milanollo.
858 2944 199 61 (Brescia
1082 2945 46 43 in
1158 2943 48 46 8°
1232 2943 53 45 de
1315 2954 61 47 50
1403 2943 93 61 pp.)
