2781 3982
214 305 35 65 3
267 282 43 66 6
320 310 49 60 +

1236 274 78 67 S.
1385 274 67 67 I.
1518 274 117 66 M.

206 444 226 41 sonore,
467 443 55 36 se
555 421 261 58 trouvait
848 420 147 56 mise
1028 438 154 37 assez
1215 437 71 37 en
1319 415 232 70 dehors,
1585 413 234 58 fut-elle
1851 411 181 59 écrite
2065 411 79 57 du
2177 425 148 43 reste
2355 432 75 36 au
2460 410 209 57 milieu

206 510 139 58 d'un
379 508 227 58 accord.

385 595 305 59 Peut-être
740 590 156 60 enfin
949 613 70 36 ne
1070 590 357 58 convient-il
1477 609 101 59 pas
1627 587 71 57 de
1745 585 249 80 prendre
2041 599 134 65 trop
2222 584 31 57 à
2284 587 53 54 la
2369 585 170 56 lettre
2572 583 98 57 des

207 684 299 78 exemples
539 684 124 78 qui,
698 702 68 37 en
802 701 249 47 somme,
1086 698 73 36 ne
1192 691 129 43 sont
1356 697 115 57 que
1504 675 98 56 des
1627 673 287 58 manières
1961 673 351 57 d'exercices
2358 669 248 60 destinés
2638 668 32 58 à

207 771 224 58 former
461 772 55 55 la
549 771 161 54 main
746 782 56 42 et
836 767 145 57 dont
1013 764 181 59 l'effet
1229 762 116 58 réel
1378 763 310 78 importait
1723 782 153 36 assez
1908 781 135 58 peu.
2072 761 94 78 J'y
2210 780 259 36 consens.
2509 758 161 56 Mais

207 861 44 56 il
281 858 128 58 faut
441 871 283 66 pourtant
759 856 137 57 bien
929 875 57 37 se
1019 851 312 81 persuader
1364 872 116 57 que
1536 871 93 36 ces
1679 861 463 46 renversements
2191 847 372 77 disgracieux
2613 860 58 42 et

209 947 339 68 incorrects,
576 943 113 58 s'ils
715 942 322 79 pouvaient
1062 952 248 45 souvent
1335 959 57 35 se
1425 937 331 57 dissimuler
1787 936 173 77 grâce
1992 933 30 57 à
2057 935 281 78 quelques
2363 932 310 79 judicieux

207 1030 268 72 artifices,
529 1053 72 35 ne
654 1032 53 55 le
762 1030 322 79 pouvaient
1138 1026 328 80 cependant
1518 1046 99 57 pas
1672 1023 279 78 toujours.
2007 1022 77 57 Ils
2134 1036 130 43 sont
2312 1021 30 56 à
2389 1041 66 36 ce
2502 1021 171 77 point

207 1119 303 59 inhérents
558 1139 75 37 au
684 1117 175 58 mode
910 1115 270 57 d'accord
1227 1114 73 57 de
1348 1114 400 56 l'instrument
1796 1110 134 79 qu'à
1963 1111 191 56 moins
2187 1110 70 56 de
2290 1129 56 37 se
2379 1106 231 61 réduire
2642 1105 32 58 à

207 1228 117 37 une
357 1208 224 77 unique
615 1224 409 38 consonnance
1056 1223 96 37 sur
1183 1203 56 55 la
1273 1201 178 68 basse,
1488 1201 40 55 il
1560 1199 143 57 était
1737 1200 105 56 tels
1867 1218 93 37 cas
1987 1195 76 58 où
2088 1197 80 56 les
2192 1194 186 58 éviter
2405 1194 269 57 devenait

209 1308 133 43 tout
375 1294 32 56 à
428 1293 110 57 fait
568 1291 357 80 impossible.

384 1382 57 57 A
475 1382 196 54 moins
704 1379 70 57 de
801 1399 57 37 se
891 1377 233 58 réduire
1156 1397 163 37 aune
1354 1375 158 57 seule
1533 1393 411 38 consonnance
1983 1393 96 36 sur
2110 1371 53 56 la
2186 1371 177 66 basse,
2398 1366 273 79 disais-je.

213 1469 50 57 Il
314 1491 73 35 ne
432 1469 170 57 serait
658 1488 101 59 pas
814 1465 342 79 impossible
1190 1484 116 59 que
1342 1464 48 56 le
1423 1460 247 59 théorbe
1703 1462 116 57 s'en
1853 1462 113 55 tint
2001 1459 53 57 là
2203 1479 77 36 ou
2313 1457 32 57 à
2384 1478 115 57 peu
2546 1453 129 81 près

329 1556 200 78 quand
563 1557 39 54 il
625 1556 195 77 jouait
854 1553 30 57 à
915 1552 338 58 l'orchestre
1287 1572 77 36 ou
1399 1571 71 37 en
1504 1562 239 44 concert
1790 1568 141 37 avec
1975 1547 249 57 d'autres
2272 1545 399 56 instruments.

286 1643 101 57 On
421 1643 115 57 s'en
585 1657 113 42 sert
737 1661 141 37 avec
915 1642 54 55 la
1019 1639 157 58 basse
1223 1660 78 34 ou
1356 1636 31 58 à
1437 1638 52 55 la
1538 1638 165 76 place
1748 1636 70 55 de
1869 1648 155 43 cette
2072 1633 198 56 même
2323 1632 158 56 basse
2589 1629 85 57 dit

216 1731 329 57 Praetorius.
574 1730 159 55 C'est
766 1750 73 34 en
873 1728 183 79 pareil
1089 1747 112 49 cas,
1227 1725 329 77 j'imagine,
1580 1744 115 58 que
1731 1725 79 54 les
1842 1723 246 76 longues
2114 1719 203 58 cordes
2349 1717 80 57 du
2462 1716 212 58 second

214 1817 255 59 manche
516 1818 335 56 trouvaient
884 1817 127 55 leur
1044 1813 224 79 emploi
1300 1813 53 55 le
1386 1813 130 78 plus
1547 1810 296 80 fréquent.
1891 1811 155 56 Elles
2079 1806 411 58 descendaient
2546 1820 130 63 pins

215 1906 98 57 bas
361 1905 296 79 qu'aucun
696 1918 165 41 autre
906 1904 354 55 instrument
1306 1896 491 60 communément
1852 1918 71 35 en
1975 1916 193 57 usage.
2225 1893 324 79 Puisqu'on
2599 1892 79 56 les

216 1994 155 57 avait
406 2012 132 36 sous
571 1992 53 55 la
657 1992 180 67 main,
873 1987 194 59 c'était
1102 1987 134 58 bien
1263 1987 53 56 le
1349 2006 93 37 cas
1475 1985 70 57 de
1579 1986 116 56 s'en
1729 1985 197 56 servir.
1975 1981 299 58 Exécuter
2305 1981 55 56 la
2392 1980 178 67 basse,
2604 1998 72 36 en

218 2094 235 43 octaves
507 2099 126 36 sans
680 2078 201 68 doute,
925 2098 71 34 en
1039 2097 36 58 y
1110 2076 273 76 joignant
1428 2075 52 55 le
1527 2074 131 77 plus
1700 2084 247 44 souvent
1980 2069 251 80 possible
2265 2088 115 37 une
2413 2088 78 35 ou
2524 2065 155 57 deux

215 2187 455 48 consonnances,
726 2166 233 56 suivant
983 2165 55 55 la
1063 2160 366 60 commodité
1465 2160 70 57 de
1566 2161 55 56 la
1653 2160 180 67 main,
1886 2156 198 59 c'était
2139 2154 358 59 assurément
2548 2166 131 44 tout

218 2274 67 39 ce
332 2274 115 58 que
498 2253 118 57 l'on
679 2252 283 57 attendait
1025 2249 98 57 des
1184 2248 368 68 théorbistes,
1602 2267 72 35 au
1726 2246 193 56 moins
1966 2244 140 57 dans
2138 2244 80 56 les
2264 2253 127 47 tutti
2444 2262 79 35 un
2563 2260 116 59 peu

219 2338 467 61 mouvementés.

397 2424 412 80 Quelquefois,
836 2438 230 43 surtout
1098 2424 45 56 si
1176 2424 54 55 le
1251 2423 403 77 compositeur
1686 2420 155 56 avait
1862 2417 172 80 exigé
2060 2438 151 59 pour
2234 2418 54 55 le

226 2514 162 78 (c'est
421 2513 30 59 à
486 2514 124 56 dire
642 2514 52 56 la
727 2512 330 57 réalisation
1093 2511 69 56 de
1194 2508 375 78 l'harmonie)
1604 2508 251 56 d'autres
1886 2508 384 55 instruments
2309 2502 76 78 (le
2417 2502 262 57 clavecin

221 2622 105 60 par
379 2602 292 78 exemple,
707 2621 76 36 ou
831 2598 273 79 l'orgue),
1154 2598 53 56 le
1253 2594 247 60 théorbe
1532 2616 72 36 ne
1637 2616 56 36 se
1725 2593 192 59 faisait
1950 2593 279 57 entendre
2274 2611 115 58 que
2432 2589 139 56 dans
2603 2588 80 56 les

220 2688 212 79 grands
464 2688 342 58 ensembles.
846 2688 94 55 M.
981 2687 76 56 D.
1095 2686 285 56 Alaleona
1411 2705 32 36 a
1475 2680 296 72 retrouvé,
1815 2681 32 57 à
1884 2681 54 56 la
1970 2677 391 80 biblothèque
2403 2676 248 57 Vallicel-

219 2777 174 68 liana,
428 2795 79 37 un
541 2776 360 78 exemplaire
934 2774 71 55 de
1037 2774 53 55 la
2045 2775 458 76 Rappresentahone
2504 2763 177 58 d'Emilio

221 2862 94 59 del
366 2864 346 67 Cavalliere,
765 2862 358 78 exemplaire
1175 2861 125 76 qui,
1357 2859 138 57 dans
1549 2857 77 56 les
1679 2855 348 59 exécutions
2082 2854 71 57 de
2201 2852 301 76 l'ouvrage
2552 2848 30 59 à
2629 2850 54 56 la

224 2951 325 68 Vallicella,
585 2951 153 56 avait
773 2951 147 55 servi
955 2970 74 35 au
1055 2945 346 60 théorbiste:
1441 2958 236 66 partout
1710 2945 231 56 ailleurs
1961 2963 117 58 que
2098 2941 140 57 dans
2262 2941 78 56 les
2363 2958 320 37 morceaux

221 3036 32 59 à
286 3039 287 77 plusieurs
606 3039 162 67 voix,
804 3057 79 35 un
1008 3036 138 55 Tace
1274 3033 146 57 écrit
1447 3031 30 57 à
1519 3033 54 55 la
1598 3031 182 69 main,
1833 3050 245 58 marque
2126 3048 117 58 que
2284 3026 397 57 l'instrument

224 3125 196 57 devait
454 3124 207 79 garder
693 3125 52 55 le
779 3125 232 55 silence.
1049 3120 12 27 1

400 3213 100 56 Au
534 3212 311 67 contraire,
882 3209 198 79 quand
1117 3210 52 55 le
1194 3207 248 58 théorbe
1462 3205 142 57 était
1637 3203 275 80 employé
1945 3204 123 57 seul
2217 3223 78 34 ou
2317 3219 249 60 presque

224 3299 32 57 à
287 3301 263 55 soutenir
582 3299 52 56 la
667 3301 141 54 voix
851 3298 139 56 d'un
1034 3318 78 36 ou
1166 3295 158 58 deux
1373 3293 333 69 chanteurs,
1759 3313 115 36 une
1923 3292 131 78 plus
2107 3288 219 80 grande
2382 3284 301 81 plénitude

335 3477 12 24 1
369 3478 125 49 (Studi
513 3479 100 37 sulla
633 3478 112 37 storia
764 3478 90 37 delV
875 3477 172 38 Oratorio
1067 3476 175 38 musicale
1263 3476 39 37 in
1322 3475 124 37 îtalia
1448 3504 9 16 ,
1486 3478 117 45 1908,
1627 3487 36 38 p.
1686 3471 108 52 330).
1898 3473 65 36 On
1985 3480 180 29 trouvera
2185 3470 95 37 dans
2301 3466 34 40 le
2358 3467 130 38 même
2512 3478 171 36 ouvrage

221 3549 77 25 une
334 3536 173 38 curieuse
581 3534 243 52 Symphonia
900 3534 54 36 du
986 3531 183 50 dialogue
1204 3533 47 36 de
1279 3530 179 39 l'Enfant
1489 3530 192 52 prodigue
1712 3529 92 37 tirée
1827 3530 54 35 du
1904 3529 134 36 Teatro
2067 3525 183 39 armonico
2269 3523 196 52 spirituale
2491 3523 25 37 d
2532 3522 151 39 Anerio

221 3591 159 53 (1619).
404 3589 84 41 Elle
508 3599 55 30 est
583 3591 117 38 écrite
720 3603 101 39 pour
842 3588 145 47 violon,
1009 3590 103 38 deux
1133 3588 178 46 cornetti,
1335 3586 100 46 luth,
1460 3585 161 39 théorbe
1642 3595 37 28 et
1702 3598 136 35 orgue.
