2781 3982
258 281 154 87 4+B

1287 290 73 67 S.
1431 290 66 70 I.
1571 291 114 69 M.

383 1132 356 96 TRADUCTION.
859 1143 75 49 En
969 1146 125 47 m'en
1120 1164 219 34 revenant
1373 1153 139 49 d'une
1537 1157 90 46 aire
1654 1175 162 43 neuve,
1843 1159 243 62 —j'avais
2120 1160 80 46 fait
2225 1175 91 31 une
2341 1175 222 43 promesse
2590 1194 13 20 ,

299 1217 56 29 ne
398 1204 142 47 îilette
564 1211 188 57 gentille
772 1213 17 62 j
808 1216 118 44 avais
950 1218 258 61 rencontré,
1329 1233 44 35 et
1397 1226 75 58 qui
1501 1225 183 48 m'avait
1710 1228 77 60 plu
1806 1228 24 47 à
1849 1230 178 45 souhait
2056 1228 232 61 (Eadem).

421 1368 82 56 Le
854 1371 195 59 locrien
774 1374 70 59 de
893 1378 313 82 Westphal
1261 1385 260 78 (gamme
1569 1391 71 57 de
1782 1414 125 37 sans
1954 1392 288 68 accident,
2291 1386 130 60 basé
2455 1409 93 37 sur
2581 1410 111 36 une

244 1451 365 85 dominante)
651 1461 212 60 n'avait
886 1465 232 77 jamais,
1152 1468 29 59 à
1214 1493 97 38 ma
1344 1480 431 72 connaissance,
1810 1480 93 58 été
1937 1479 315 59 découvert
2279 1498 70 36 en
2384 1477 304 78 Bretagne.

245 1538 177 60 Voici
458 1564 77 37 un
579 1548 246 78 superbe
874 1555 173 77 appel
1103 1557 70 56 de
1227 1561 208 78 pâtres,
1494 1564 212 59 chanté
1758 1589 70 36 en
1885 1566 423 69 Cornouailles,
2356 1578 57 43 et
2460 1565 102 77 qui
2609 1578 82 43 est

244 1628 277 78 composé
555 1651 97 40 sur
685 1655 65 38 ce
781 1639 177 57 mode
992 1661 12 37 :

407 3289 50 54 L
478 3289 388 82 hypophrygien
896 3294 259 80 (gamme
1182 3300 70 57 de
1284 3304 83 56 sol
1384 3324 138 39 avec
1534 3305 84 78 fa
1645 3313 276 77 naturel),
1949 3314 184 77 paraît
2166 3315 31 59 à
2222 3318 290 78 première
2543 3342 128 49 vue,

231 3394 153 37 assez
416 3372 290 82 fréquent.
743 3381 55 56 A
848 3383 53 55 la
932 3386 207 70 vérité,
1188 3388 137 58 dans
1357 3391 52 56 la
1449 3394 233 77 plupart
1715 3395 98 59 des
1859 3399 281 61 mélodies
2188 3421 373 63 comportant
2595 3429 76 36 un

214 3459 85 76 ja
325 3475 226 43 naturel
583 3478 55 43 et
671 3463 259 63 finissant
957 3490 94 37 sur
1084 3494 79 36 un
2174 3476 84 55 sol
1298 3498 113 57 que
1444 3479 118 57 l'on
1597 3484 214 57 entend
1836 3506 71 37 en
1935 3488 309 79 Bretagne,
2270 3493 54 56 la
2355 3492 314 80 répétition

231 3563 299 43 constante
563 3551 70 58 de
664 3555 18 54 1
817 3558 469 76 ut^qui
955 3562 189 55 revele
1177 3583 113 37 une
1338 3564 252 61 division
1623 3570 442 83 arithmétique,
2114 3578 244 79 indique
2406 3602 115 56 que
2552 3582 118 57 l'on
