2781 3982
1088 1326 402 49 BELLAIGUE
1530 1325 57 47 C.
1711 1324 178 46 Gounod
1891 1360 9 9 .
1929 1323 284 61 (Collection
2239 1322 76 45 des
2340 1321 194 46 Maîtres
2560 1319 53 45 de
2638 1318 43 46 la

949 1399 226 61 musique.
1203 1397 153 47 Alcan
1391 1410 128 47 1910
1547 1396 136 45 in-12
1689 1398 17 18 0
1709 1395 32 60 ).

1089 1541 303 47 Remercions
1443 1539 74 45 M.
1570 1536 236 62 Bellaigue
1859 1534 171 47 d'avoir
2081 1533 90 46 fixé
2222 1549 65 29 ses
2340 1532 230 46 souvenirs
2607 1545 73 29 sur

951 1611 208 49 Gounod
1176 1621 45 35 et
1239 1609 170 46 d'avoir
1431 1606 213 48 consacré
1665 1606 25 45 à
1709 1605 196 46 l'auteur
1926 1605 54 45 de
2002 1604 139 45 Faust
2166 1616 96 48 300
2283 1617 134 45 pages
2438 1596 241 64 élégantes,

951 1681 172 61 pleines
1166 1680 54 45 de
1264 1696 109 28 vues
1422 1676 275 61 esthétiques
1745 1673 248 47 nouvelles.
2048 1673 76 45 M.
2176 1670 235 61 Bellaigue
2460 1679 65 34 est
2574 1684 107 28 avec

954 1752 74 45 M.
1062 1750 127 47 Saint
1226 1748 152 58 Saëns,
1417 1746 41 46 le
1496 1745 210 45 meilleur
1742 1745 109 61 juge
1889 1744 54 44 de
1980 1741 193 46 l'œuvre
2212 1741 52 44 de
2302 1737 221 58 Gounod,
2551 1753 131 44 parce

952 1819 112 62 qu'il
1103 1837 26 28 a
1171 1818 115 46 vécu
1324 1817 110 45 dans
1469 1832 46 29 sa
1554 1813 274 59 familiarité,
1857 1828 132 44 parce
2029 1810 113 62 qu'il
2182 1809 42 45 la
2260 1808 186 45 connaît
2481 1818 44 33 et
2551 1822 132 43 parce

954 1887 112 64 qu'il
1094 1887 170 47 l'aime.

1094 1956 208 48 Gounod
1344 1953 273 61 représente,
1662 1952 111 45 dans
1816 1950 41 45 la
1900 1950 210 59 musique
2149 1946 231 58 française,
2423 1962 63 27 un
2529 1942 70 46 bel
2638 1954 45 33 et

956 2026 137 47 noble
1132 2025 134 46 effort
1306 2023 323 60 d'adaptation.
1659 2019 128 47 C'est
1822 2019 78 59 lui,
1938 2018 99 60 plus
2071 2033 165 29 encore
2265 2032 89 43 que
2382 2012 196 58 Berlioz,
2606 2012 75 60 qui

956 2115 25 28 a
1008 2094 245 47 réconcilié
1277 2092 103 46 l'art
1406 2091 208 46 d'Auber
1640 2102 46 33 et
1712 2089 53 45 de
1794 2088 237 45 Boïeldieu
2056 2103 108 28 avec
2191 2084 116 46 celui
2336 2083 53 45 de
2417 2082 263 45 Beethoven

958 2176 46 36 et
1024 2166 54 45 de
1100 2162 350 48 Mendelssohn.
1475 2160 37 46 Il
1533 2178 40 41 a,
1596 2176 182 29 comme
1799 2158 41 45 le
1862 2157 64 44 dit
1944 2155 357 46 excellemment
2330 2152 72 45 M.
2432 2150 249 61 Bellaigue,

960 2234 169 46 ramené
1155 2233 42 45 la
1224 2232 182 61 musique
1418 2229 223 65 française
1663 2230 56 43 du
1745 2226 145 46 dehors
1914 2244 55 26 au
1995 2226 154 44 dedans
2165 2245 15 34 ;
2218 2223 28 44 il
2284 2239 25 27 a
2347 2221 84 44 mis
2468 2218 62 45 fin
2569 2236 24 27 a
2617 2235 66 28 ses

961 2304 287 62 égarements
1284 2313 45 33 et
1366 2300 62 45 lui
1466 2317 25 27 a
1528 2315 113 44 pour
1678 2298 111 45 ainsi
1834 2296 93 44 dire
1967 2293 145 46 rendu
2152 2309 90 28 une
2284 2291 154 59 patrie,
2479 2287 110 46 celle
2629 2287 53 47 de

960 2373 138 46 l'âme
1135 2384 45 33 et
1206 2372 61 44 du
1293 2370 266 46 sentiment.
1589 2367 135 44 Aussi
1751 2365 41 45 le
1819 2364 226 45 caractère
2072 2362 240 44 dominant
2339 2359 54 45 de
2418 2374 81 28 son
2525 2373 158 28 œuvre

961 2441 121 46 est-il
1110 2440 118 46 celui
1256 2440 54 45 de
1338 2439 41 45 la
1404 2436 293 47 conciliation
1722 2450 9 30 :
1761 2432 295 48 conciliation
2084 2432 60 43 du
2170 2429 278 62 mysticisme
2476 2437 44 33 et
2554 2425 54 44 de
2643 2423 40 46 la

961 2510 247 47 sensibilité
1251 2508 203 61 profane,
1500 2505 293 46 conciliation
1834 2503 61 44 du
1935 2501 288 58 romantique
2267 2510 44 31 et
2355 2497 53 44 de
2449 2494 232 60 l'antique,

961 2580 296 46 conciliation
1284 2578 54 44 de
1364 2576 171 59 l'esprit
1572 2573 192 58 français
1804 2573 91 59 (car
1932 2570 30 45 il
2004 2569 108 45 était
2158 2567 265 45 infiniment
2464 2561 219 62 spirituel)

961 2666 109 29 avec
1113 2648 42 46 la
1198 2647 170 46 rêverie
1411 2644 311 63 germanique.
1764 2641 136 45 Tout
1944 2638 97 46 cela
2081 2654 109 29 avec
2233 2635 204 58 onction,
2482 2631 199 58 chaleur,

207 2726 194 47 naïveté.
431 2724 62 47 Et
531 2722 194 47 n'est-ce
761 2737 76 43 pas
869 2719 110 45 dans
1015 2718 41 46 le
1095 2718 89 44 duo
1221 2733 89 45 que
1354 2715 43 45 la
1426 2715 210 58 musique
1676 2711 54 44 de
1757 2709 206 48 Gounod
2003 2726 25 27 a
2053 2709 202 60 toujours
2294 2709 243 52 triomphe,
2574 2717 24 28 c
2619 2710 64 34 est

206 2795 26 47 à
257 2795 94 46 dire
378 2794 110 46 dans
512 2792 62 45 les
600 2801 231 35 moments
856 2788 60 46 où
950 2787 30 45 il
1018 2785 132 63 s'agit
1189 2784 55 46 de
1269 2783 160 47 fondre
1471 2781 109 46 dans
1604 2797 64 29 un
1696 2779 152 46 même
1886 2778 252 44 sentiment
2163 2774 120 46 deux
2309 2770 220 47 éléments
2556 2766 106 47 diffé-

208 2877 138 47 rents,
375 2863 55 45 de
456 2879 146 44 passer
629 2861 53 44 de
709 2860 43 44 la
777 2857 170 46 dualité
972 2857 25 45 à
1022 2854 178 47 l'unité.

348 2933 74 45 En
449 2943 131 33 notre
608 2947 109 45 pays
741 2928 260 60 séparatiste
1027 2936 45 34 et
1098 2926 262 55 chicaneur,
1399 2931 45 35 et
1469 2936 98 29 vers
1599 2915 143 61 1860,
1783 2928 73 34 cet
1893 2926 67 35 art
1997 2914 55 45 de
2088 2911 256 64 sympathie
2372 2920 43 34 et
2443 2908 53 44 de
2523 2907 158 59 paifait

209 3019 162 30 amour
398 3002 109 44 était
533 2999 234 61 héroïque.
797 2994 331 64 Aujourd'hui,
1170 3009 115 29 nous
1327 2992 43 44 le
1414 3002 218 33 trouvons
1670 3004 65 28 un
1775 3002 90 43 peu
1907 2983 207 45 demode.
2145 2980 228 61 Pourquoi
2397 2976 14 46 ?
2438 2976 137 46 Parce
2595 2991 86 43 que

211 3070 224 59 Gounod,
475 3087 54 27 en
570 3077 241 37 ramenant
847 3065 42 46 la
926 3065 212 60 musique
1175 3062 217 57 française
1429 3075 98 30 vers
1563 3054 287 48 l'intériorité
1878 3054 76 44 des
1983 3052 226 45 émotions
2245 3044 338 50 sentimentales
2609 3060 29 27 n
2659 3060 24 27 a

210 3142 81 44 fait
317 3156 113 45 pour
455 3139 112 45 ainsi
597 3138 94 44 dire
716 3153 89 44 que
831 3151 80 29 son
940 3133 154 46 devoir
1121 3133 54 43 de
1201 3131 224 45 musicien
1453 3129 53 44 de
1533 3126 148 61 génie.
1710 3124 63 46 Et
1800 3140 63 28 on
1890 3139 58 28 ne
1973 3122 83 45 sait
2077 3120 160 62 jamais
2369 3132 88 28 aux
2495 3128 108 46 gens
2629 3111 54 45 de

210 3211 110 44 faire
345 3209 98 44 leur
470 3207 169 46 devoir.
668 3205 77 46 De
770 3221 81 29 son
877 3204 158 44 vivant
1060 3201 153 46 même
1241 3197 207 49 Gounod
1474 3215 24 27 a
1524 3195 72 46 été
1622 3192 180 62 dépassé
1841 3192 110 45 dans
1975 3190 43 45 la
2043 3190 99 44 voie
2182 3205 60 27 ou
2268 3186 29 44 il
2322 3202 19 28 s
2361 3185 108 45 était
2494 3197 187 45 engage,

211 3277 181 61 dépassé
418 3294 76 42 par
520 3292 66 29 ses
612 3274 160 58 élèves,
813 3271 181 61 dépassé
1023 3288 80 43 par
1128 3270 62 46 les
1216 3266 286 59 Allemands,
1541 3266 34 44 si
1614 3265 103 44 bien
1755 3261 113 61 qu'il
1904 3260 105 45 s'est
2046 3270 160 33 trouve
2244 3255 109 45 dans
2467 3251 214 45 situation

211 3346 181 62 pénible
419 3345 112 45 d'un
558 3344 290 60 progressiste
874 3342 76 59 qui
979 3340 184 45 devient
1189 3336 347 47 réactionnaire.
1575 3333 40 45 Il
1653 3333 118 45 avait
1809 3331 85 44 mis
1920 3346 58 28 en
2004 3328 186 45 marche
2216 3341 91 28 une
2333 3321 280 63 génération,
2652 3319 11 43 i

210 3418 119 45 avait
355 3413 232 62 provoqué
612 3430 65 28 un
703 3420 316 48 mouvement,
1049 3421 46 34 et
1132 3408 110 45 dans
1279 3406 40 45 le
1351 3416 149 48 temps
1538 3403 154 44 même
1726 3399 112 62 qu'il
1872 3397 234 46 cherchait
2142 3394 43 46 la
2221 3390 195 47 formule
2451 3389 230 59 aitistique

212 3486 56 45 de
303 3502 82 29 son
423 3483 353 56 enthousiasme,
805 3479 41 45 le
872 3478 135 46 siècle
1034 3477 277 47 l'entraînait
1336 3492 58 27 au
1420 3474 92 44 lieu
1539 3471 55 45 de
1618 3488 45 28 se
1690 3469 151 46 laisser
1867 3466 158 62 guider
2053 3481 77 44 par
2156 3463 78 46 lui.
2265 3462 39 45 L
2326 3461 275 44 admiiateur
2629 3455 53 45 de

214 3552 335 50 Mendelssohn
574 3568 46 28 se
644 3550 199 45 trouvait
881 3557 101 36 tout
1018 3547 24 46 à
1079 3563 118 43 coup
1235 3562 57 27 en
1332 3544 97 44 face
1462 3542 54 45 de
1542 3538 203 65 Parsifal
1777 3548 45 35 et
1848 3536 54 45 de
1928 3535 43 46 la
1996 3532 243 47 Demoiselle
2265 3530 108 46 Elue
2377 3565 8 10 .
2415 3528 160 45 Toute
2601 3541 80 29 son

211 3640 158 30 œuvre
395 3639 45 30 se
466 3620 208 47 ressentit
700 3619 54 44 de
781 3628 121 35 cette
927 3615 281 62 perpétuelle
1234 3627 327 33 concurrence.
