2781 3982
195 304 160 65 400

1230 285 76 68 S.
1382 283 66 69 I.
1523 282 120 70 M.

193 427 192 61 écoles
441 428 72 59 de
564 427 295 80 musique.
916 426 51 58 Il
1013 447 39 59 y
1085 446 71 37 en
1192 447 31 36 a
1255 446 116 37 une
1404 425 233 59 dizaine
1670 425 32 58 à
1735 426 299 80 Budapest
2057 450 13 47 ;
2106 428 42 57 il
2180 449 38 58 y
2251 449 68 36 en
2355 450 32 37 a
2418 428 249 59 d'autres

195 537 71 37 en
300 517 307 79 province,
635 529 233 44 surtout
901 513 142 59 dans
1074 515 81 57 les
1185 515 168 57 villes
1385 527 317 66 purement
1735 534 325 59 magyares,
2087 516 163 57 telles
2283 537 114 58 que
2424 515 241 80 Szeged,

196 603 385 72 Kecskémet,
618 601 323 72 Szabadka,
977 603 345 70 Kolozsvar,
1358 601 372 71 Debreczen,
1764 601 182 71 Arad,
1996 603 323 59 Temesvar
2369 620 56 42 et
2477 605 187 78 Gyôr.

195 694 114 56 Ces
360 691 212 71 écoles,
630 691 104 79 qui
792 704 104 43 ont
950 710 150 60 pour
1155 690 322 58 directeurs
1532 703 58 43 et
1636 689 380 80 processeurs
2049 689 293 61 d'anciens
2375 689 187 59 élèves
2596 691 71 59 de

192 777 395 70 l'Académie,
634 793 104 43 ont
781 775 134 61 créé
950 777 97 58 des
1081 775 262 61 Sociétés
1391 775 578 81 philharmoniques,
2018 791 59 44 et
2115 776 309 60 contribué
2458 780 145 56 ainsi
2637 777 30 59 à

192 865 288 81 répandre
512 866 141 59 dans
685 879 197 45 toutes
930 868 80 56 les
1061 866 312 79 provinces
1423 865 53 57 la
1532 865 415 61 connaissance
1998 879 57 45 et
2105 865 53 59 le
2214 866 146 79 goût
2411 865 71 59 de
2534 866 133 58 l'art

193 955 305 79 classique.

371 1043 174 57 Nous
599 1063 73 36 ne
727 1042 251 57 voulons
1033 1062 102 58 pas
1187 1040 195 59 laisser
1432 1039 72 59 de
1559 1038 134 61 côté
1726 1040 54 58 le
1813 1039 270 80 chapitre
2116 1040 98 59 des
2246 1054 265 45 concerts
2544 1061 125 38 sans

195 1132 147 57 citer
375 1151 215 37 encore
623 1151 115 37 une
771 1127 115 61 très
919 1128 151 60 belle
1103 1144 57 44 et
1187 1129 147 57 utile
1359 1129 341 57 institution
1734 1129 305 69 musicale,
2063 1131 146 57 celle
2234 1128 71 58 de
2330 1129 36 57 l'
2380 1129 290 59 Orchestre

192 1217 374 82 symphonique
596 1217 282 60 National
907 1214 321 83 fOrszagos
1278 1214 297 83 Symfoniai
1621 1219 143 54 Zene
1820 1216 177 78 Kar).
2008 1217 85 57 Le
2149 1237 195 59 noyau
2393 1214 71 60 de
2514 1230 153 44 cette

193 1305 219 59 société
465 1320 84 44 est
604 1303 345 60 l'orchestre
1004 1303 80 59 du
1138 1302 606 72 Théâtre-National,
1895 1301 78 61 où
2006 1305 118 57 l'on
2147 1305 142 78 joue
2322 1302 30 58 à
2385 1305 155 57 ravir
2572 1303 98 59 des

193 1392 196 81 pièces
423 1395 163 57 telles
620 1414 117 59 que
766 1393 55 58 le
1526 1392 302 79 Bourgeois
2175 1392 390 78 gentilhomme^
1597 1411 139 38 avec
1770 1392 54 57 la
1856 1392 277 80 musique
2166 1392 68 57 de
2269 1392 180 70 Lulli,
2490 1412 76 37 on
2615 1393 54 56 le

192 1485 165 75 Songe
386 1482 171 56 d'une
587 1480 121 59 nuit
938 1501 139 37 avec
1112 1481 146 57 celle
1291 1480 71 58 de
1420 1479 452 59 Mendelssohn.
1932 1480 56 58 A
2044 1494 94 44 cet
2190 1479 297 58 orchestre
2538 1492 132 45 sont

193 1569 263 59 attachés
491 1590 213 37 encore
738 1569 253 58 d'autres
1024 1570 320 57 musiciens
1369 1590 11 36 :
1418 1569 68 57 ils
1518 1566 263 60 forment
1829 1589 116 37 une
1989 1581 212 66 troupe
2234 1567 71 59 de
2338 1585 82 61 70
2454 1566 180 60 exécu-

192 1672 173 55 tants,
400 1656 116 59 très
539 1658 208 78 jeunes
781 1678 153 58 pour
964 1658 54 57 la
1051 1658 257 78 plupart,
1342 1675 133 40 sous
1508 1658 53 55 la
1593 1655 297 58 direction
1923 1655 73 58 de
2032 1656 97 59 M.
2166 1655 301 58 Landislas
2501 1656 166 70 Kun,

192 1744 329 81 professeur
553 1744 32 58 à
616 1743 389 59 l'i\cadémie.

373 1834 85 57 La
493 1830 254 71 Société,
784 1833 104 80 qui
921 1847 84 43 est
1039 1829 470 61 subventionnée
1541 1852 107 58 par
1692 1832 205 69 l'Etat,
1947 1844 85 45 est
2087 1844 178 45 tenue
2319 1832 72 57 de
2446 1832 225 57 donner

196 1922 290 78 plusieurs
519 1934 270 44 concerts
822 1919 32 59 à
887 1919 118 59 bon
1039 1918 263 71 marché,
1336 1919 143 57 dans
1531 1919 54 57 la
1640 1919 251 80 capitale
1924 1933 56 43 et
2015 1919 141 57 dans
2190 1919 284 80 quelques
2509 1919 162 57 villes

196 2007 71 58 de
323 2008 302 79 province.
686 2008 59 57 A
802 2007 294 80 Budapest
1146 2006 232 58 chacun
1413 2006 176 57 d'eux
1622 2020 83 44 est
1739 2004 194 60 donné
1968 2006 158 58 deux
2157 2004 114 60 fois
2294 2027 13 37 :
2344 2006 242 58 d'abord
2617 2007 54 57 le

195 2094 320 59 dimanche
549 2094 142 58 dans
720 2093 393 80 l'après-midi
1138 2116 12 36 :
1187 2094 81 58 les
1300 2094 194 79 places
1524 2093 83 60 les
1637 2094 134 79 plus
1822 2092 203 60 chères
2074 2107 131 45 sont
2238 2093 73 59 de
2349 2115 29 57 3
2416 2115 219 37 couron-

196 2204 119 48 nes,
350 2183 78 58 les
461 2183 196 58 moins
690 2180 203 59 chères
926 2181 73 60 de
1034 2201 78 40 20
1126 2182 171 78 Jîlleé
1330 2180 55 80 (à
1415 2202 118 59 peu
1582 2180 130 81 près
1764 2200 78 39 20
1891 2181 337 79 centimes).
2279 2182 87 57 La
2421 2181 250 58 seconde

197 2270 220 58 Séance
453 2291 31 36 a
515 2271 120 56 lieu
667 2270 55 57 le
755 2268 321 59 dimanche
1109 2270 255 70 suivant,
1397 2268 55 58 le
1484 2270 211 57 matin.
1731 2270 258 57 Aucune
2021 2270 170 78 place
2223 2270 146 58 n'est
2398 2268 233 59 vendue
2653 2294 16 46 ;

196 2371 194 45 toutes
425 2371 129 45 sont
588 2355 350 59 distribuées
971 2378 115 36 aux
1118 2356 189 58 élèves
1339 2356 99 57 des
1470 2354 190 60 écoles
1693 2356 366 60 secondaires
2112 2356 73 58 de
2232 2378 246 58 garçons
2510 2371 56 43 et
2600 2357 71 57 de

195 2441 165 75 filles,
386 2459 366 65 moyennant
788 2464 80 57 40
903 2446 289 56 centimes
1223 2465 106 59 par
1362 2445 183 79 place.
1578 2445 100 57 On
1710 2465 72 37 ne
1815 2459 145 65 peut
1992 2446 131 57 voir
2156 2445 351 57 d'auditoire
2540 2446 131 78 plus

196 2534 328 57 silencieux
554 2547 59 43 et
646 2534 130 77 plus
809 2534 265 56 recueilli
1098 2557 12 45 ;
1150 2533 112 57 Les
1307 2552 410 58 programmes
1772 2531 71 59 de
1899 2553 94 38 ces
2048 2547 268 44 concerts
2369 2545 132 46 sont
2557 2530 114 61 très

195 2619 378 81 éclectiques,
607 2622 320 78 puisqu'on
963 2634 144 66 peut
1140 2618 282 59 entendre
1451 2619 56 58 le
1537 2619 201 58 même
1759 2619 141 79 jour
1932 2620 72 59 de
2031 2620 161 59 Bach
2220 2634 58 45 et
2304 2620 78 57 du
2411 2622 260 57 Vincent

196 2708 234 79 d'lndy,
454 2708 77 57 du
562 2709 245 56 Mozart
841 2722 56 43 et
933 2708 77 57 du
1039 2707 268 58 Richard
1335 2707 222 58 Strauss
1580 2731 14 47 ;
1621 2708 81 58 les
1735 2728 231 37 œuvres
1999 2708 71 57 de
2105 2709 164 57 Liszt
2303 2729 38 59 y
2374 2722 297 66 occupent

196 2797 455 57 naturellement
685 2816 117 37 une
836 2797 165 77 place
1034 2798 382 76 importante.

374 2884 51 58 Il
458 2905 96 35 me
587 2898 147 44 reste
769 2882 29 58 à
831 2886 192 76 parler
1056 2883 71 57 de
1157 2882 245 80 l'Opéra
1435 2883 73 57 de
1541 2883 316 80 Budapest.

374 2967 283 61 L'édifice
708 2973 195 56 actuel
953 2971 135 57 date
1138 2971 73 57 de
1272 2971 180 75 1884,
1510 2985 58 43 et
1618 2971 121 57 l'on
1790 2992 37 59 y
1877 2992 32 37 a
1960 2968 194 60 donné
2204 2968 366 60 récemment
2617 2971 54 57 la

202 3076 164 60 5000
371 3063 17 20 e
418 3057 487 80 représentation.
943 3061 57 56 Si
1034 3058 121 58 l'on
1189 3057 307 59 considère
1545 3079 114 58 que
1709 3058 54 58 la
1809 3060 189 57 saison
2050 3058 144 58 dure
2246 3057 71 59 de
2365 3058 53 56 la
2468 3055 81 61 fin
2600 3057 71 59 de

199 3146 346 79 Septembre
592 3145 31 58 à
671 3147 52 57 la
771 3143 80 60 fin
897 3146 71 58 de
995 3147 166 76 Juin,
1195 3147 82 57 les
1308 3145 244 59 chiffres
1583 3146 272 57 suffiront
1886 3145 31 58 à
1951 3160 268 43 montrer
2251 3146 277 57 combien
2563 3146 108 57 elle

199 3248 83 43 est
315 3235 210 57 active.
563 3235 93 57 En
691 3234 162 71 effet,
887 3255 77 37 on
990 3235 143 77 joue
1165 3248 133 44 tous
1345 3235 83 57 les
1475 3234 164 69 soirs,
1672 3232 147 71 sauf,
1853 3232 242 82 parfois,
2128 3235 54 57 le
2213 3234 189 71 lundi,
2436 3235 235 77 lorsque

199 3342 66 36 ce
291 3320 224 79 jour-là
546 3320 345 60 l'orchestre
924 3337 82 43 est
1042 3320 227 80 occupé
1303 3320 32 58 à
1367 3323 53 57 la
1452 3320 217 60 société
1714 3321 567 80 philharmonique;
2332 3334 57 44 et
2436 3342 234 52 encore,

197 3408 141 58 dans
371 3429 66 37 ce
470 3429 113 50 cas,
609 3429 37 59 y
680 3410 183 70 a-t-il,
891 3408 30 58 à
955 3429 40 56 4
1028 3409 228 70 heures,
1286 3430 115 37 une
1433 3406 465 82 représentation
1932 3430 152 59 pour
2115 3410 81 56 les
2228 3406 246 71 enfants,
2501 3406 32 59 à
2566 3410 104 78 qui

196 3495 123 59 l'on
352 3494 107 60 fait
492 3495 302 71 entendre,
828 3517 106 60 par
966 3498 293 79 exemple,
1293 3498 226 58 Hdnsel
1542 3508 54 46 et
1630 3498 192 57 Gretel
1822 3544 12 12 .
1871 3497 86 59 Le
1989 3494 323 81 répertoire
2345 3495 326 80 comprend

196 3583 81 58 les
310 3603 231 38 œuvres
576 3604 117 59 que
724 3584 121 57 l'on
869 3584 145 79 joue
1048 3583 32 58 à
1112 3599 169 44 notre
1315 3583 202 81 Opéra
1562 3598 58 43 et
1676 3583 31 58 à
1756 3583 598 81 l'Opéra-Comique.
2391 3584 174 57 Celui
2599 3583 72 58 de
