2781 3982
1023 268 191 68 LES
1285 265 409 69 LIVRES

2430 289 154 69 473

263 413 208 48 Gounod
497 430 57 27 ne
580 413 180 60 parvint
797 429 75 43 pas
908 410 25 46 à
969 410 169 46 arrêter
1175 409 25 46 à
1235 425 82 29 son
1355 406 136 61 profit
1527 406 42 46 la
1606 408 184 44 marche
1829 407 153 59 rapide
2008 407 54 45 de
2088 406 266 47 l'évolution
2383 409 54 45 de
2463 423 129 33 notre

125 483 209 60 musique
372 482 235 58 moderne,
635 481 31 44 il
692 498 60 29 ne
778 480 161 46 voulut
966 496 75 44 pas
1067 496 93 28 non
1188 478 100 61 plus
1315 476 40 46 la
1380 477 162 45 suivre.
1573 475 95 45 Tel
1696 475 110 45 était
1830 492 46 29 sa
1901 477 173 43 crainte
2102 476 73 46 des
2201 477 146 59 excès,
2374 495 80 28 son
2481 481 110 59 goût

125 553 54 45 de
204 551 396 61 l'opportunisme.
628 549 62 47 Et
715 550 228 60 peut-être
970 548 182 45 doit-on
1180 548 94 44 voir
1301 546 110 45 dans
1441 561 72 29 ces
1539 544 265 46 hésitations
1841 544 264 46 l'influence
2132 545 53 45 de
2213 546 167 59 Rome,
2419 549 76 59 qui
2523 549 70 44 fut

124 621 204 45 extrême
356 621 116 44 chez
498 618 221 48 Gounod.
766 617 79 48 S'il
886 628 66 35 est
995 635 58 27 au
1096 616 171 45 monde
1311 631 92 29 une
1443 613 105 46 ville
1588 612 333 60 antimusicale,
1964 612 110 46 c'est
2116 615 102 44 bien
2262 614 42 45 la
2342 616 149 45 Rome
2519 617 74 45 des

125 689 162 47 Césars
312 699 46 34 et
383 689 76 45 des
486 687 155 60 Papes,
671 687 91 45 lieu
788 687 55 45 de
870 685 264 61 diplomatie
1161 696 45 34 et
1232 683 429 58 d'administration,
1701 694 156 33 centre
1894 683 253 44 ambitieux
2185 682 240 47 d'éternité
2462 697 44 33 et
2540 687 54 43 de

125 757 232 61 perpétuel
384 768 122 34 statu
531 774 108 43 quo,
676 756 113 46 dont
831 755 42 45 la
912 755 100 60 plus
1051 753 169 63 grande
1265 752 139 63 gloire
1447 769 46 28 se
1533 751 178 46 résume
1755 751 110 45 dans
1901 750 41 45 le
1976 751 202 63 Pontifex
2182 788 11 22 ,
2221 751 273 63 l'ingénieur
2521 754 75 45 des

125 839 133 49 ponts
284 837 46 34 et
357 825 234 46 chaussées
609 823 9 47 !
647 824 132 47 Dans
809 824 42 46 le
877 824 222 45 musicien
1126 821 208 49 Gounod
1360 821 240 59 s'aperçoit
1636 819 269 46 clairement
1931 819 42 45 la
1997 819 116 46 lutte
2140 821 73 45 des
2251 821 118 45 deux
2406 823 191 61 grandes

125 896 205 61 énergies
378 896 78 60 qui
505 894 241 45 stimulent
795 892 218 47 l'activité
1063 892 233 58 humaine,
1348 889 116 47 celle
1515 889 54 45 de
1619 888 42 46 la
1708 890 72 44 vie
1829 889 245 45 intérieure
2114 889 158 61 (Bach,
2312 891 282 59 Beethoven,

126 963 354 61 Mendelssohn)
517 974 47 34 et
600 962 114 46 celle
752 963 55 44 de
843 961 43 46 la
922 962 71 44 vie
1031 960 252 45 extérieure
1311 958 203 62 (Rome).
1554 957 64 47 Et
1655 957 290 62 l'originalité
1973 958 52 46 de
2052 957 196 47 l'auteur
2275 959 53 45 de
2356 959 137 46 Faust
2532 973 65 33 est

125 1033 305 61 précisément
456 1031 172 47 d'avoir
644 1031 198 46 cherché
868 1047 65 29 un
960 1031 279 58 compromis
1260 1040 127 34 entre
1408 1044 73 29 ces
1502 1027 117 46 deux
1640 1028 270 59 puissances,
1933 1028 278 59 compromis
2227 1028 370 47 délicieusement

125 1101 207 48 instable.

268 1172 74 46 M.
371 1169 234 62 Bellaigue
633 1168 171 47 semble
831 1167 126 46 tenté
996 1167 54 45 de
1089 1167 108 45 faire
1234 1183 66 29 un
1338 1166 162 45 mérite
1538 1164 24 47 à
1600 1164 208 48 Gounod
1835 1165 53 45 de
1916 1176 120 34 cette
2070 1165 174 46 réserve
2270 1166 237 60 prudente.
2536 1166 63 47 Et

127 1240 110 47 c'est
264 1242 103 43 bien
395 1256 81 29 son
503 1239 132 45 droit.
678 1238 38 45 Il
758 1256 28 44 y
827 1254 26 28 a
891 1237 42 45 là
973 1253 55 28 en
1071 1235 107 46 effet
1215 1252 92 28 une
1345 1236 200 44 certaine
1575 1234 286 46 modération
1900 1233 25 47 à
1962 1234 192 61 laquelle
2180 1235 62 45 les
2268 1235 212 58 Français
2517 1247 81 34 ont

127 1310 204 61 toujours
369 1307 71 47 été
477 1307 214 46 sensibles
727 1324 57 27 en
823 1306 223 60 musique.
1094 1305 263 58 Toutefois,
1398 1303 27 45 il
1463 1304 196 45 faudrait
1684 1321 45 28 se
1755 1303 159 62 garder
1940 1303 235 61 d'opposer
2201 1315 118 35 cette
2356 1317 242 47 apparente

126 1377 244 62 simplicité
414 1377 23 46 à
477 1376 43 47 la
558 1374 278 61 complexité
877 1373 111 46 d'un
1027 1374 226 60 Wagner,
1282 1390 182 28 comme
1508 1372 40 45 le
1593 1385 125 33 tente
1757 1373 219 60 plusieurs
2018 1374 83 44 fois
2144 1374 109 45 dans
2296 1391 50 27 ce
2387 1373 108 45 livre
2524 1374 73 45 M.

128 1447 250 61 Bellaigue.
425 1444 80 48 S'il
548 1456 67 35 est
656 1445 103 44 bien
802 1443 206 46 entendu
1052 1460 88 43 que
1181 1441 206 48 Gounod
1432 1459 24 28 a
1496 1442 110 45 cédé
1647 1442 24 45 à
1714 1441 375 46 l'entraînement
2129 1442 75 45 des
2230 1442 162 63 grands
2417 1443 183 45 maîtres

128 1515 288 59 Allemands,
444 1526 46 34 et
513 1514 103 46 s'est
641 1512 173 63 engagé
841 1513 25 45 à
891 1512 98 45 leur
1014 1513 117 44 suite
1157 1511 111 46 dans
1293 1511 42 46 la
1360 1512 100 44 voie
1487 1513 77 59 qui
1591 1511 137 46 mène
1766 1512 25 45 à
1830 1511 41 46 la
1911 1511 276 60 complexité
2224 1512 75 45 des
2333 1513 268 44 sentiments

129 1587 198 57 intimes,
353 1583 70 47 s'il
451 1583 94 47 l'on
571 1584 158 44 tombe
757 1582 212 44 d'accord
995 1598 113 42 pour
1134 1580 289 46 reconnaître
1460 1598 89 44 que
1587 1592 120 34 cette
1745 1582 274 44 orientation
2058 1593 65 33 est
2162 1580 40 45 la
2239 1581 361 59 caractéristique

129 1655 55 45 de
209 1672 82 27 son
318 1654 148 61 génie,
508 1664 47 34 et
597 1651 257 60 représente
896 1650 42 46 la
978 1650 259 45 nouveauté
1263 1649 212 61 apportée
1516 1666 78 43 par
1636 1649 63 46 lui
1742 1651 109 44 dans
1891 1649 42 46 la
1975 1651 207 59 musique
2221 1650 233 58 française,
2487 1649 114 45 alors

129 1723 208 49 Gounod
363 1721 117 46 n'est
504 1720 145 61 qu'un
675 1720 315 60 prédécesseur
1017 1719 53 45 de
1098 1719 267 47 Schumann
1393 1730 46 34 et
1465 1718 54 46 de
1545 1719 226 61 Wagner,
1799 1731 45 33 et
1871 1719 29 45 il
1927 1719 80 62 n'y
2032 1736 25 27 a
2083 1718 170 61 qu'une
2275 1717 244 47 différence
2547 1719 54 45 de

129 1810 180 29 mesure
346 1803 129 34 entre
514 1790 149 60 Sapho
699 1801 47 34 et
784 1788 306 59 Brunnhilde,
1129 1800 129 33 entre
1298 1788 182 45 Roméo
1519 1799 44 34 et
1601 1788 207 47 Tristan.
1849 1788 74 45 M.
1953 1788 251 61 Bellaigue,
2240 1799 243 48 reprenant
2509 1804 92 29 une

128 1861 373 63 argumentation
527 1859 136 46 chère
689 1858 24 46 à
739 1858 287 60 l'esthétique
1054 1858 233 58 française,
1316 1858 208 45 voudrait
1551 1874 189 44 opposer
1815 1858 34 44 le
1873 1858 140 63 conflit
2037 1859 67 42 des
2122 1857 156 60 pensées
2303 1857 299 44 innombrables

129 1942 40 34 et
193 1931 257 45 véhémentes
523 1929 55 45 de
602 1929 211 60 Wagner
839 1927 25 46 à
892 1930 28 23 u
939 1927 154 45 Tunité
1117 1928 49 43 de
1194 1927 41 44 la
1261 1927 153 44 sereine
1439 1938 39 33 et
1496 1929 202 61 profonde
1727 1927 141 60 pensée
1945 1928 115 44 chez
2081 1925 220 48 Gounod.
2330 1926 36 44 Il
2396 1926 205 45 voudrait

130 2017 115 29 nous
270 2000 109 45 faire
405 1999 224 45 admettre
655 1996 111 62 qu'il
809 2014 29 45 y
882 2014 25 28 a
950 1997 110 45 dans
1087 1995 207 48 Gounod
1338 2013 64 28 un
1447 1995 133 46 effort
1623 1997 55 45 de
1723 1997 349 45 concentration
2116 2006 45 34 et
2206 1995 52 44 de
2302 1995 238 45 réduction
2577 1995 24 45 à

129 2069 163 46 l'unité
317 2080 101 34 tout
444 2067 114 47 aussi
585 2067 200 60 puissant
811 2083 87 44 que
926 2064 423 48 l'amoncellement
1386 2064 132 47 édifié
1555 2082 78 43 par
1669 2066 226 60 Wagner.
1936 2065 75 45 Hé
2038 2066 104 43 bien
2169 2082 109 28 non.
2316 2064 108 46 Sans
2450 2065 151 43 même

129 2150 155 35 entrer
320 2138 109 45 dans
466 2136 41 46 le
545 2136 110 45 fond
694 2136 61 45 du
793 2135 154 59 début,
987 2136 79 59 qui
1093 2146 66 34 est
1185 2134 117 46 celui
1330 2134 62 46 du
1418 2134 268 46 classicisme
1714 2145 45 35 et
1785 2135 59 45 du
1870 2135 298 45 romantisme
2173 2178 9 17 4
2222 2151 61 28 on
2317 2134 94 44 doit
2436 2150 165 28 avouer

130 2226 89 43 que
247 2207 207 47 Gounod
479 2223 59 28 ne
564 2204 193 61 procède
795 2221 75 43 pas
906 2220 77 44 par
1021 2204 348 45 concentration
1398 2206 111 43 mais
1536 2221 76 43 par
1640 2203 301 46 élimination.
1982 2203 200 46 Comme
2227 2202 40 45 le
2311 2203 64 43 dit
2417 2203 33 44 si
2497 2203 102 45 bien

131 2277 76 47 M.
244 2275 234 61 Bellaigue
574 2274 38 45 il
631 2292 36 27 se
692 2274 199 45 restreint
916 2293 25 26 a
968 2291 38 28 ce
1030 2291 53 43 qu
1103 2273 37 45 'il
1160 2285 87 34 sent
1272 2274 36 43 le
1333 2274 139 44 mieux
1505 2274 197 45 convenir
1729 2292 26 25 a
1783 2272 42 45 la
1851 2272 215 46 discrétion
2093 2283 38 34 et
2157 2291 26 25 a
2212 2271 227 45 Vintimité
2463 2272 49 43 de
2535 2289 66 26 son

125 2347 120 59 génie
350 2345 90 46 Son
481 2343 127 62 goût,
649 2361 81 27 son
774 2342 338 60 tempérament
1150 2342 41 45 le
1230 2353 183 48 portent
1447 2359 96 29 vers
1582 2342 64 46 les
1679 2359 213 45 paysages
1929 2341 171 46 d'âmes
2142 2341 78 60 qui
2255 2352 102 34 sont
2392 2357 116 28 ceux
2547 2340 54 44 de

131 2416 317 58 Shakespeare,
489 2413 55 45 de
571 2411 177 49 Goethe
774 2423 45 34 et
846 2412 53 46 de
926 2412 225 61 Wagner,
1180 2412 111 44 mais
1315 2411 143 45 arrivé
1484 2411 57 59 là,
1568 2428 81 28 son
1675 2413 171 43 audace
1872 2412 169 44 tombe.
2070 2409 38 46 Il
2134 2410 162 45 choisit
2330 2409 108 45 dans
2465 2409 137 49 Faust

131 2484 216 61 l'épisode
392 2483 54 45 de
489 2482 289 61 Marguerite
804 2502 12 36 ;
862 2481 29 45 il
936 2498 122 43 passe
1101 2480 25 46 à
1165 2480 103 46 côté
1312 2481 54 45 de
1406 2481 355 60 Schopenhauer
1801 2491 45 34 et
1888 2479 95 47 s'en
2029 2481 114 43 tient
2183 2479 25 45 à
2248 2478 256 45 l'antithèse
2542 2478 60 44 du

131 2552 220 63 rossignol
389 2562 44 35 et
472 2552 54 44 de
564 2549 249 47 l'alouette.
842 2549 190 47 Devant
1069 2567 51 28 ce
1157 2550 80 45 flot
1275 2551 75 58 qui
1388 2561 160 34 monte
1592 2550 53 45 de
1672 2549 42 46 la
1740 2550 207 59 musique
1980 2548 234 58 moderne,
2244 2547 205 47 Gounod
2476 2564 57 27 ne
2557 2563 45 29 se

131 2634 102 35 sent
259 2639 75 43 pas
360 2638 56 28 en
442 2618 150 48 sûreté
614 2640 12 35 ;
654 2636 45 29 sa
724 2618 192 62 religion
936 2618 208 46 s'alarme
1167 2640 11 35 ;
1206 2618 29 46 il
1264 2620 196 44 cherche
1486 2636 80 28 son
1592 2618 116 46 salut
1735 2620 60 43 du
1821 2618 102 45 côté
1950 2618 54 45 de
2029 2616 243 46 l'oratorio.
2293 2615 309 47 L'exaltation

132 2691 114 62 qu'il
283 2709 26 27 a
345 2706 183 29 connue
550 2689 113 61 jadis
699 2688 25 45 à
761 2688 42 45 la
841 2688 125 46 Villa
991 2688 204 46 Médicis
1231 2705 58 28 en
1335 2687 144 60 1840,
1505 2688 179 61 lorsque
1712 2688 165 62 Fanny
1903 2686 334 46 Mendelssohn
2277 2686 62 44 lui
2373 2686 143 61 jouait
2542 2684 60 45 les

131 2776 180 30 œuvres
336 2758 292 58 allemandes,
656 2756 30 45 il
712 2757 209 45 voudrait
946 2756 43 46 la
1014 2768 153 49 capter
1203 2775 58 27 au
1299 2756 135 61 profit
1472 2757 54 45 de
1560 2773 66 29 ses
1663 2757 286 45 convictions
1975 2755 269 61 religieuses,
2278 2755 54 44 de
2369 2771 79 28 son
2490 2752 112 46 idéal

132 2829 169 47 second
340 2828 187 59 empire,
556 2826 55 46 de
652 2842 82 29 son
774 2826 252 60 esthétique
1068 2827 221 45 romaine.
1318 2826 126 46 Mais
1485 2825 30 45 Y
1520 2826 128 60 esprit
1685 2827 48 43 de
1773 2827 43 43 la
1856 2825 179 61 musique
2037 2861 12 22 ,
2078 2823 107 45 était
2218 2823 179 45 ailleurs
2434 2822 111 63 déjà,
2573 2821 29 45 il

133 2897 252 60 composait
411 2896 42 45 le
478 2905 196 51 quatuor
695 2895 55 45 de
776 2895 197 59 Franck,
996 2895 30 45 il
1054 2895 221 61 préparait
1296 2895 203 59 Fervaal,
1518 2895 42 45 la
1580 2895 164 45 Bonne
1766 2895 236 57 Chanson,
2020 2893 111 45 Tod
2152 2893 94 44 und
2268 2891 333 60 Verklaerung.

134 2966 224 59 Gounod,
386 2982 183 28 comme
597 2975 127 33 toute
750 2963 160 46 l'école
936 2964 217 58 française
1192 2966 76 59 qui
1303 2964 194 60 procède
1538 2964 397 45 immédiatement
1975 2963 54 45 de
2068 2961 79 59 lui,
2175 2961 74 45 n'a
2288 2979 60 42 pu
2387 2977 43 29 se
2470 2959 132 45 livrer

133 3053 101 30 sans
270 3035 196 46 réserves
498 3050 57 28 au
592 3034 251 44 sentiment
879 3032 205 47 musical.
1129 3032 40 46 Il
1206 3034 71 44 fut
1316 3050 78 43 par
1431 3043 159 36 contre
1731 3032 183 45 laissons
1953 3030 63 46 lui
2055 3048 50 28 ce
2150 3032 115 43 beau
2307 3029 92 45 rôle
2436 3056 68 6 -
2539 3045 63 28 un

135 3103 297 47 merveilleux
459 3103 246 45 initiateur.
734 3102 45 45 A
806 3114 131 33 notre
964 3103 211 60 musique
1200 3103 234 58 française,
1456 3103 188 45 asservie
1670 3118 77 44 par
1772 3100 184 61 l'opéra,
1978 3112 45 33 et
2049 3098 238 47 brutalisée
2308 3115 77 44 par
2405 3097 197 59 Berlioz,

136 3174 29 45 il
193 3191 25 28 a
244 3173 144 45 rendu
414 3171 42 47 la
481 3169 255 61 confiance,
764 3170 42 46 le
830 3172 169 44 sourire
1026 3183 45 34 et
1096 3171 42 46 la
1164 3171 176 47 beauté.
1369 3172 77 46 Ne
1471 3171 63 47 lui
1563 3171 282 46 demandons
1870 3187 75 43 pas
1972 3170 264 59 davantage.

2392 3312 43 61 J.
2475 3310 56 47 E.

274 3509 599 49 LEICHTENTRITT
900 3509 208 61 (HUGO).
1242 3509 237 46 Geschichte
1517 3511 76 44 der
1630 3509 160 45 Musik
1833 3526 81 27 von
1957 3509 84 44 W.
2087 3507 223 45 AMBROS.
2357 3505 131 47 Band
2514 3505 87 47 IV.

136 3583 136 61 (Lpz.
301 3580 247 58 Leuckart,
583 3592 125 49 1909
737 3577 125 47 in-8°
888 3579 55 45 de
971 3577 96 64 906
1095 3595 74 44 pp.
1199 3578 106 48 Mk.
1340 3579 94 62 15.)
