3581 4427
1755 113 106 50 386

240 263 108 55 tritt,
377 261 145 47 seiner
552 259 286 64 königlichen
862 259 437 62 Schwiegermutter
1328 257 70 47 die
1422 259 164 60 Augen
1616 254 143 48 öffnet

241 339 89 47 und
352 338 61 47 sie
435 354 78 31 zur
532 337 392 62 Unterzeichnung
942 337 119 45 eines
1083 335 478 46 Friedens-Tractates
1577 334 178 60 zwingt.

241 414 235 48 Nebenbei
506 414 213 47 versöhnt
754 429 47 30 er
839 413 90 46 sich
964 413 76 46 mit
1068 412 147 47 seiner
1246 410 170 55 Gattin,
1456 409 58 47 da
1544 410 90 45 ihm
1667 412 57 43 Ar-

240 492 164 48 mande
426 490 287 50 entschieden
739 489 84 47 den
849 490 127 46 Korb
998 489 223 62 gegeben,
1248 488 87 47 und
1356 488 234 46 Armande
1616 487 140 47 reicht

239 569 95 47 ihre
364 568 132 47 Hand
531 568 99 46 dem
664 574 157 40 treuen
853 567 146 47 Ritter
1030 567 165 62 Hosny.

352 645 107 49 Sind
489 645 73 46 Sie
598 661 93 31 nun
727 644 58 46 im
829 644 185 53 Klaren,
1058 643 111 47 oder
1213 642 175 47 meinen
1429 640 90 56 Sie,
1564 639 69 48 die
1666 640 58 46 Ge-

236 723 196 47 schichte
459 723 60 46 sei
550 722 142 47 Ihnen
724 722 113 45 noch
880 720 121 47 nicht
1037 737 112 45 ganz
1192 719 201 48 dunkel?
1453 718 195 47 Warten
1681 716 74 47 Sie

236 817 102 40 nur,
385 799 64 48 bis
489 799 73 47 Sie
604 799 115 47 auch
764 798 113 47 noch
918 798 69 47 die
1028 798 229 63 Intriguen
1302 798 162 44 zweier
1495 794 259 47 Hofdamen

237 876 80 49 der
341 876 197 64 Königin
569 876 81 47 auf
674 874 80 48 der
778 876 159 46 Buhne
966 875 216 55 schauen,
1205 874 137 47 deren
1368 874 97 46 eine
1489 871 143 47 durch
1658 888 75 30 ver-

235 954 143 47 stellte
409 953 211 47 Buhlerei
653 953 85 47 den
771 951 157 49 Neffen
961 953 76 45 des
1069 953 320 45 Gouverneurs
1421 967 82 29 von
1529 949 67 47 La
1616 949 139 47 Reole

236 1030 136 50 dahin
404 1030 167 64 bringt,
599 1030 167 47 seinem
800 1029 165 47 braven
997 1029 148 47 Onkel
1178 1030 130 46 einen
1338 1026 292 50 Schlaftrunk
1662 1026 71 47 ein-

233 1109 205 63 zugeben
481 1108 85 47 und
611 1108 89 45 ihm
744 1106 85 47 den
861 1108 225 45 Schlüssel
1119 1106 78 47 der
1233 1108 199 62 Festung
1469 1122 52 30 zu
1566 1105 191 55 stehlen,

239 1186 63 47 bis
344 1186 62 47 sie
448 1185 174 47 endlich
667 1184 152 47 diesen
858 1184 160 47 Neffen
1063 1184 63 47 als
1164 1184 181 47 Gecken
1392 1184 89 47 und
1528 1181 229 49 komische

240 1264 137 62 Figur
407 1261 46 65 (!)
481 1279 52 29 zu
564 1261 137 47 sehen
734 1261 270 47 bekommen
1110 1261 119 47 dann
1261 1261 150 47 wird's
1441 1261 140 46 Ihnen
1613 1259 144 47 sicher

236 1357 76 30 vor
341 1339 87 47 den
457 1340 164 62 Augen
653 1339 242 53 flimmern,
926 1339 88 47 und
1049 1340 72 46 Sie
1153 1339 183 47 werden
1369 1339 120 47 nicht
1519 1337 164 47 einmal
1714 1337 42 46 in

235 1417 84 47 den
348 1416 454 48 charakteristischen
825 1417 99 61 Zug
955 1416 80 47 der
1059 1416 244 48 Catharina
1336 1433 82 30 von
1450 1415 184 47 Medieis
1665 1415 69 47 ein-

235 1495 207 47 stimmen
476 1494 196 53 können,
703 1492 71 49 die
805 1494 56 45 da
891 1494 159 47 zuletzt
1078 1495 142 61 singt:

490 1575 123 44 „Dass
641 1574 234 35 Frankreich
905 1576 105 33 nicht
1039 1587 74 22 von
1145 1576 110 46 Spott
1284 1574 197 47 erschalle,

488 1644 106 34 Muss
622 1642 135 35 lachen
788 1645 61 33 ich
879 1656 86 22 zum
994 1645 116 34 bösen
1311 1645 42 46 (!)

353 1715 115 48 Was
496 1716 127 47 sollte
655 1732 92 31 nun
786 1717 70 47 ein
886 1718 243 47 deutscher
1159 1718 266 64 Componist
1467 1720 78 45 mit
1589 1717 167 48 diesem

235 1792 141 48 durch
401 1792 92 48 und
517 1792 142 48 durch
686 1793 270 50 französisch
981 1796 272 63 gedachten,
1276 1796 112 48 aber
1418 1796 122 48 nicht
1572 1797 76 46 mit
1680 1796 79 47 der

236 1870 326 48 französischen
607 1871 209 48 Feinheit
861 1873 87 46 und
994 1873 211 49 Klarheit
1247 1873 80 47 der
1378 1875 169 45 älteren
1591 1873 168 47 Schule

235 1948 332 65 ausgeführten
598 1950 143 47 Texte
773 1952 221 47 machen?
1030 1952 115 48 Was
1177 1953 75 46 für
1281 1952 128 47 einen
1440 1952 80 47 Stil
1552 1952 127 47 sollte
1709 1969 48 30 er

233 2027 73 47 aul
338 2025 85 48 den
454 2026 417 49 vorherrschenden
907 2030 426 48 Conversationston
1366 2030 79 48 mit
1473 2030 85 48 den
1599 2030 130 64 pikan-

235 2111 73 39 ten
340 2102 90 47 und
463 2102 183 48 frivolen
677 2105 189 48 Pointen
898 2106 284 48 anwenden?
1234 2107 95 48 Wo
1361 2106 103 49 fand
1496 2124 47 30 er
1573 2106 152 49 drama-

235 2181 137 47 tische
402 2181 301 58 Situationen,
735 2186 170 47 welche
933 2204 51 28 zu
1018 2186 336 47 musicalischer
1387 2186 252 63 Wirkung,
1683 2202 72 31 wo

236 2258 100 48 iand
381 2275 49 30 er
467 2258 325 66 Ruhepunkte,
840 2263 172 47 welche
1054 2280 99 30 zum
1186 2263 240 51 Ausdruck
1458 2263 178 64 inniger
1666 2265 59 47 Ge-

236 2337 126 46 fühle
399 2334 332 68 Veranlassung
773 2340 172 48 boten?
1004 2341 256 48 Höchstens
1303 2343 128 46 einen
1475 2341 111 48 oder
1628 2342 127 56 zwei,

233 2413 70 47 die
345 2412 123 48 einer
498 2413 235 48 Romanze
778 2417 79 47 mit
886 2418 121 47 Noth
1040 2420 123 45 Platz
1194 2418 166 64 gaben,
1399 2418 214 66 nirgends
1643 2418 112 49 aber

232 2491 168 56 solche,
449 2491 70 47 die
561 2510 52 29 zu
660 2493 173 50 breiten
877 2497 220 63 lyrischen
1144 2498 230 62 Ergüssen
1417 2497 339 50 willkommene

235 2567 294 65 Gelegenheit
551 2571 197 62 geboten
772 2572 168 49 hätten.
971 2574 84 47 Ein
1086 2574 243 64 gesunder,
1361 2574 168 49 derber
1558 2576 197 58 Humor,

236 2646 81 47 wie
349 2646 81 45 wir
457 2646 76 48 ihn
566 2648 118 46 wohl
716 2651 113 45 noch
860 2652 217 47 zuweilen
1110 2652 68 47 bei
1213 2653 210 64 Lortzing
1463 2653 170 59 finden,
1675 2654 80 49 der

236 2724 79 46 mit
336 2723 85 47 den
452 2726 328 62 vorgelührten
806 2728 311 50 Charakteren
1150 2731 42 47 in
1219 2732 397 48 Verwandtschaft
1637 2733 118 48 steht

236 2801 89 47 und
357 2816 80 32 aus
466 2801 241 49 deutscher
738 2807 85 46 Art
851 2807 89 46 und
976 2808 158 47 Weise
1164 2811 253 63 entspringt
1446 2809 89 49 und
1567 2827 51 31 zu
1651 2811 100 48 dem

233 2878 82 47 wir
357 2877 42 48 in
442 2877 85 49 den
574 2881 214 49 früheren
829 2884 158 64 Opern
1018 2886 240 47 Schmidt's
1304 2887 119 47 wohl
1459 2889 177 63 Anlage
1676 2906 51 46 ge-

235 2955 164 49 funden
430 2957 167 58 haben,
630 2969 166 40 musste
828 2962 95 48 hier
959 2964 224 61 geradezu
1220 2969 191 60 verpönt
1440 2966 198 49 werden.
1694 2968 60 47 So

235 3033 117 48 blieb
382 3033 100 49 dem
515 3035 245 51 lonsetzer
790 3039 143 49 nichts
965 3042 150 63 übrig,
1154 3043 64 47 als
1247 3043 91 48 sich
1371 3044 40 47 in
1442 3043 86 48 den
1561 3061 166 32 conven-

232 3110 210 49 tionellen
493 3113 339 51 musicaliscben
886 3118 224 48 Phrasen-
1163 3121 88 47 und
1298 3121 456 49 Conversations-Stil

235 3189 77 47 der
344 3189 328 51 französischen
705 3195 233 65 Spieloper
966 3215 50 29 zu
1050 3198 191 56 werfen;
1271 3198 93 48 dies
1393 3199 99 49 that
1520 3217 65 38 er,
1615 3202 137 47 nahm

233 3265 110 49 aber
386 3267 140 47 leider
566 3269 123 48 nicht
726 3272 71 47 die
839 3274 263 48 classischen
1135 3278 206 46 Autoren
1373 3277 147 48 dieser
1550 3278 205 65 Gattung

235 3361 51 29 zu
332 3345 220 59 Mustern,
602 3349 122 47 nicht
766 3350 162 49 einmal
974 3353 84 47 den
1106 3354 162 47 immer
1312 3356 114 46 noch
1472 3356 144 48 feinen
1662 3356 90 48 und

236 3420 315 65 geistreichen,
579 3425 187 50 niemals
805 3430 168 63 platten
1006 3432 175 53 Auber,
1224 3433 197 47 sondern
1453 3433 71 48 die
1554 3451 200 32 neueren

239 3498 87 47 und
358 3508 215 41 neuesten
595 3503 306 58 Lieferanten,
931 3507 137 48 deren
1100 3510 142 47 Reihe
1274 3512 77 45 mit
1376 3510 145 50 Adam
1548 3512 90 48 und
1666 3513 58 48 Ge-

236 3590 157 32 nossen
428 3576 200 64 beginnt.

349 3654 192 48 Freilich
572 3658 142 47 strebt
737 3659 202 50 Schmidt
971 3663 41 46 in
1043 3663 86 48 den
1163 3664 204 65 wenigen
1398 3674 180 41 ernsten
1603 3667 125 48 Situa-

234 3730 148 48 tionen
415 3733 208 48 Besseres
656 3735 89 48 und
778 3738 185 48 Edleres
994 3757 80 39 an;
1107 3742 110 48 aber
1250 3759 73 31 um
1353 3761 51 30 zu
1436 3744 319 66 vollständiger

237 3808 232 67 Wirkung
499 3828 50 30 zu
581 3813 241 64 gelangen,
854 3815 106 48 fehlt
989 3818 119 48 dann
1141 3819 69 48 bei
1243 3820 109 49 aller
1383 3823 342 48 anzuerkennen-

236 3884 101 57 den,
380 3886 366 52 lobenswerthen
779 3891 348 69 Beherrschung
1165 3896 80 49 der
1275 3898 142 47 Mittel
1461 3899 79 47 der
1582 3900 149 63 eigent-

240 3963 81 50 lich
353 3966 313 50 erwärmende
699 3970 177 56 Funke,
901 3970 69 48 die
1002 3973 171 49 höhere
1205 3977 228 63 poetische
1464 3978 292 66 Eingebung,

240 4039 71 52 die
340 4041 171 50 sichere
539 4044 266 66 Zeichnung
847 4048 80 47 der
957 4049 282 51 Charaktere
1282 4053 90 47 und
1410 4053 127 64 jenes
1577 4073 149 47 sympa-

1855 255 172 45 thische
2060 255 188 51 Colorit,
2296 255 79 47 das
2417 257 41 45 in
2493 255 302 64 Verbindung
2841 257 78 47 mit
2961 257 69 45 ihr
3069 255 79 49 das
3181 257 198 47 Gemüth

1855 332 186 62 ergreift
2072 332 89 47 und
2191 349 99 30 zum
2324 334 244 64 Mitgefühl
2603 333 196 63 mächtig
2831 343 175 53 anregt.
3060 334 323 47 Gewandtheit

1854 409 42 46 in
1923 408 302 65 Behandlung
2248 409 81 47 der
2356 412 194 45 Formen
2584 409 88 47 und
2701 410 310 47 musicalische
3036 410 202 47 Einsicht
3264 412 116 45 kann

1854 484 122 47 diese
2000 485 179 61 Mängel
2204 485 122 47 nicht
2349 495 215 40 ersetzen.
2618 487 157 47 Wenn
2800 487 149 62 einige
2972 495 182 55 strenge
3181 488 202 46 Kritiker

1854 562 102 46 dem
1983 563 322 63 Componisten
2337 565 114 46 auch
2483 564 137 47 selbst
2649 564 122 47 diese
2795 564 352 64 Eigenschaften
3181 565 202 63 weniger

1855 639 62 46 als
1948 639 178 55 Talent,
2161 640 196 47 sondern
2389 658 87 29 nur
2507 642 62 45 als
2602 640 197 49 Routine
2829 640 259 47 anrechnen
3121 642 182 52 wollen,
3334 657 48 30 so

1854 716 146 60 gehen
2030 718 63 45 sie
2123 734 52 31 zu
2208 719 117 46 weit.
2382 718 206 48 Schmidt
2626 718 78 47 hat
2733 718 119 47 ohne
2881 718 183 47 Zweifel
3097 719 163 47 Talent
3292 719 88 46 und

1853 793 78 48 hat
1962 794 114 47 auch
2110 810 92 32 was
2231 795 192 64 gelernt,
2469 796 83 47 wie
2584 812 104 30 man
2730 812 52 30 zu
2820 812 139 47 sagen
3003 795 157 64 pflegt,
3204 794 90 48 und
3337 812 47 30 es

1854 871 53 46 ist
1938 870 259 55 erfreulich,
2246 871 101 49 dass
2387 888 49 30 er
2475 873 123 47 nicht
2627 871 145 47 davon
2805 871 244 49 Gebrauch
3093 871 167 55 macht,
3307 888 75 30 um

1854 965 51 30 zu
1935 948 252 48 verblüffen
2220 949 89 47 und
2340 949 149 47 Effect
2517 967 52 29 zu
2603 949 205 47 machen.
2867 949 107 48 Wir
3006 949 245 47 wünschen
3289 949 93 47 ihm

1854 1026 70 47 ein
1956 1026 259 54 Textbuch,
2258 1026 194 47 welches
2481 1026 77 47 ihn
2589 1026 154 47 besser
2773 1030 308 43 unterstützen
3123 1029 151 61 möge,
3322 1026 64 47 als

1855 1103 79 47 das
1966 1103 390 48 unverständliche
2386 1104 179 48 Gewirr
2598 1103 386 49 uninteressanter
3013 1104 254 62 Intriguen,
3307 1103 79 47 das

1855 1181 90 46 ihm
1980 1181 122 47 Frau
2136 1181 344 49 Birch-Pfeiffer
2526 1181 301 47 unterbreitet
2869 1180 90 48 hat.
3017 1180 74 47 Bis
3123 1180 108 65 jetzt
3271 1181 116 61 zeigt

1854 1260 93 46 sich
1987 1259 69 47 bei
2095 1260 90 46 ihm
2218 1259 79 47 das
2329 1260 162 47 Talent
2531 1259 168 49 freilich
2745 1259 338 65 hauptsächlich
3118 1277 85 27 nur
3232 1259 42 47 in
3307 1257 80 49 der

1858 1336 292 64 Abrundung
2180 1336 79 47 der
2292 1337 155 56 Form,
2489 1337 43 47 in
2564 1337 80 47 der
2674 1336 366 48 lobenswertheri
3076 1336 311 64 Vermeidung

1856 1414 107 47 alles
1991 1414 413 54 Uebertriebenen,
2447 1415 58 47 im
2550 1412 221 66 richtigen
2804 1412 199 49 Gefühle
3045 1414 74 45 für
3151 1412 83 47 den
3270 1415 87 44 Aus-

1858 1490 160 54 druck,
2058 1490 80 48 der
2175 1508 52 30 zu
2268 1490 79 48 der
2380 1491 311 48 betreffenden
2724 1491 223 48 Situation
2975 1491 60 46 im
3068 1491 316 62 Allgemeinen

1858 1578 136 55 passt,
2032 1585 131 31 wenn
2196 1570 115 47 auch
2342 1570 71 47 die
2443 1570 309 63 Ausführung
2787 1571 58 46 im
2876 1569 242 47 Einzelnen
3148 1567 123 49 nicht
3300 1569 56 47 im-

1859 1664 95 30 mer
1983 1646 82 47 der
2094 1654 137 57 guten
2264 1649 178 62 Anlage
2480 1647 78 49 des
2588 1649 183 47 Ganzen
2815 1646 265 65 entspricht,
3123 1646 58 47 im
3213 1646 143 47 Maass-

1859 1725 150 47 halten
2056 1724 88 48 und
2189 1725 42 47 in
2276 1724 81 48 der
2389 1725 302 65 Behandlung
2721 1741 84 32 von
2842 1727 239 60 grösseren
3116 1724 237 47 Ensemble-

1855 1802 202 49 stücken.
2116 1804 115 47 Dass
2263 1802 91 47 ihm
2400 1802 113 49 aber
2554 1804 71 48 ein
2668 1802 293 65 geistreicher
3005 1801 111 47 oder
3148 1801 114 47 auch
3297 1818 85 30 nur

1855 1881 235 64 eleganter
2119 1881 210 47 Salonstil
2361 1881 197 64 gelinge,
2588 1881 113 48 dazu
2733 1880 109 48 fehlt
2871 1896 46 31 es
2945 1880 152 47 seinen
3132 1878 254 47 Melodieen

1855 1975 56 30 an
1942 1959 304 63 Leichtigkeit
2282 1959 90 46 und
2406 1960 144 56 Fluss,
2598 1959 90 48 und
2734 1959 42 46 in
2820 1957 148 48 dieser
2998 1956 261 65 Beziehung
3289 1972 72 31 ver-

1856 2036 139 50 flacht
2022 2037 91 47 sich
2144 2037 92 47 sein
2267 2037 165 47 Talent
2467 2037 245 65 allerdings
2751 2036 63 48 oft
2848 2054 51 30 zu
2935 2036 197 48 Routine
3163 2036 89 47 und
3288 2052 64 30 mu-

1854 2113 258 49 sicalischer
2141 2115 189 52 Phrase,
2361 2115 165 54 zumal,
2551 2113 56 50 da
2639 2131 104 32 man
2773 2113 116 50 auch
2922 2113 64 49 oft
3013 2113 169 47 schöne
3213 2113 149 46 Instru-

1855 2193 262 64 mentirung
2147 2192 216 50 vermisst.
2420 2193 117 49 Dass
2577 2210 45 32 es
2667 2193 68 49 bei
2780 2192 183 48 solchen
2996 2191 219 48 Arbeiten
3257 2190 104 48 heut-

1853 2279 162 55 zutage
2047 2271 122 48 nicht
2197 2270 119 48 ohne
2348 2271 130 47 mehr
2507 2271 110 48 oder
2648 2271 204 63 weniger
2894 2268 306 49 bemerkbare
3236 2268 120 46 Remi-

1854 2350 234 47 niscenzen
2121 2348 186 65 abgeht,
2339 2348 234 50 brauchen
2605 2350 82 47 wir
2716 2348 123 49 nicht
2869 2355 90 40 erst
2987 2364 52 31 zu
3069 2346 262 47 erwähnen.

1973 2427 85 47 Die
2088 2427 263 48 Ouvertüre
2380 2427 200 47 erweckt
2617 2426 102 48 kein
2751 2425 232 66 günstiges
3015 2423 261 49 Vorurtheil
3313 2423 75 46 für

1854 2503 85 49 den
1967 2503 349 66 Componisten;
2347 2505 62 47 sie
2432 2505 54 47 ist
2508 2505 42 48 in
2575 2505 82 47 der
2678 2502 435 66 Potpourri-Weise
3137 2501 80 47 der
3245 2502 113 46 Fran-

1852 2600 130 30 zosen
2014 2600 81 32 aus
2127 2583 239 47 mehreren
2399 2583 198 49 Motiven
2635 2582 83 50 der
2745 2583 130 64 Oper
2911 2582 92 47 lose
3041 2596 314 47 zusammenge-

1855 2661 115 63 fügt.
2029 2662 62 46 Im
2131 2668 150 41 ersten
2314 2662 111 46 Acte
2465 2661 54 47 ist
2560 2661 43 48 in
2646 2661 82 48 der
2759 2658 310 50 Introduction
3115 2656 271 65 (Catharina

1854 2740 90 47 und
1976 2738 71 49 die
2076 2741 181 47 Damen
2287 2737 79 50 des
2398 2738 157 66 Hofes)
2585 2738 73 50 die
2688 2741 234 47 Romanze
2951 2737 80 47 der
3062 2734 324 65 Margaretha:

1864 2817 114 56 „Die
2009 2817 256 64 Nachtigall
2558 2816 374 53 auszuzeichnen,
2975 2814 139 47 deren
3160 2813 226 47 Kehrvers

1853 2896 81 47 der
1963 2896 301 47 Frauenchor
2296 2893 291 56 wiederholt;
2629 2894 151 49 ferner
2822 2893 78 48 das
2932 2891 379 49 Ensemblestück
3342 2891 44 47 in

1852 2972 180 61 E-dur,
2064 2973 195 47 welches
2283 2971 167 66 jedoch
2483 2988 54 32 an
2563 2972 210 48 Nicolai's
2808 2971 216 63 „Lustige
3316 2985 47 30 er-

1852 3051 162 48 innert.
2028 3079 61 6 —
2100 3052 96 46 Der
2217 3051 159 47 zweite
2399 3052 86 46 Act
2507 3049 151 50 dürfte
2687 3049 239 65 unstreitig
2949 3048 81 48 der
3060 3047 143 56 beste,
3226 3046 134 64 jeden-

1855 3129 95 47 falls
1980 3128 82 48 der
2091 3129 285 49 wirksamste
2405 3129 107 49 sein.
2572 3129 85 49 Die
2693 3128 317 50 sentimentale
3041 3127 233 47 Romanze
3311 3124 77 47 des

1854 3207 169 47 Ritters
2051 3207 156 63 Rosny
2236 3204 243 66 (Bariton),
2508 3206 44 47 in
2585 3207 199 48 welcher
2813 3223 49 31 er
2892 3207 121 47 seine
3045 3203 140 48 Liebe
3215 3220 51 30 zu
3300 3204 58 46 Ar-

1855 3284 165 49 mande
2050 3286 43 47 in
2124 3286 296 63 Erinnerung
2451 3301 54 32 an
2536 3284 99 49 ihre
2676 3284 318 64 beiderseitige
3025 3281 220 48 Kindheit
3284 3296 75 32 aus-

1854 3362 185 65 spricht,
2070 3363 70 57 ist,
2171 3380 94 31 was
2296 3380 104 30 man
2425 3362 211 48 dankbar
2667 3369 155 49 nennt,
2855 3361 90 48 und
2972 3359 113 50 wird
3111 3358 176 48 überall
3312 3357 77 48 des

1854 3439 211 61 Erfolges
2107 3441 68 47 bei
2208 3439 103 50 dem
2343 3456 187 48 grossen
2560 3439 241 49 Publicum
2832 3439 148 49 sicher
3008 3438 108 48 sein.
3171 3437 93 46 Vor
3294 3434 69 49 die-

1853 3535 94 30 sem
1989 3517 251 49 Tribunale
2283 3517 112 48 wird
2441 3517 114 48 auch
2602 3517 79 49 das
2724 3518 213 65 folgende
2982 3518 142 46 Duett
3165 3513 223 48 zwischen

1853 3596 240 49 Armande
2123 3596 216 66 (Sopran)
2370 3596 91 48 und
2491 3597 219 47 Heinrich
2743 3594 189 66 (Tenor)
2964 3593 142 48 durch
3139 3592 250 49 effectvolle

1853 3674 235 47 Momente
2118 3682 81 56 gut
2230 3673 236 56 bestehen,
2511 3673 185 50 obwohl
2728 3691 45 32 es
2804 3673 86 48 den
2931 3672 129 48 tiefer
3096 3669 292 50 schauenden

1855 3752 123 48 Blick
2010 3752 78 48 des
2117 3753 211 47 Kenners
2356 3752 124 48 nicht
2508 3753 193 48 aushält
2732 3753 94 47 Das
2851 3750 159 49 Finale
3031 3750 71 55 ist,
3128 3748 261 62 abgesehen

1854 3846 83 30 von
1970 3829 180 65 einigen
2180 3829 298 57 Recitativen,
2516 3829 71 48 die
2616 3830 124 49 nicht
2770 3828 114 49 eben
2916 3827 232 66 geschickt
3176 3825 217 65 gemacht

1854 3907 116 54 sind,
2013 3905 81 50 der
2138 3907 312 49 musicalische
2479 3907 289 66 Höhepunkt
2810 3905 82 49 der
2919 3907 152 64 Oper;
3115 3922 45 30 es
3189 3904 203 48 schliesst

1855 3985 113 49 nach
2004 3985 255 49 Heinrich's
2290 3987 284 48 heroischem
2602 3985 344 64 Aufschwünge
2978 3985 79 47 mit
3087 3984 146 48 einem
3269 3982 96 48 kräf-

1854 4063 122 63 tigen
2010 4062 150 50 Chor:
2202 4064 208 64 „Heil'ge
2451 4064 217 56 Freiheit,
2712 4062 135 49 freier
3160 4060 80 49 der
3269 4060 122 47 seine
