2352 4071
234 248 90 54 468

762 262 55 27 LE
852 259 235 30 MERCURE
1123 257 211 30 MUSICAL
1469 244 192 51 15-V-06

236 474 228 52 fragment
488 468 340 56 symphonique
853 467 113 40 dans
992 467 42 39 la
1063 463 278 42 Cathédrale
1345 494 9 17 ,
1384 462 55 41 de
1456 463 60 39 M.
1540 464 102 39 Max
1665 461 254 49 d'Qllonne,
1946 458 43 41 \&
2004 458 160 41 Lamen-

235 536 142 39 tation
399 532 52 40 de
473 531 85 40 Job
564 562 9 20 ,
600 530 56 40 de
682 530 58 39 M.
769 527 201 49 Rabaud,
1000 533 43 33 et
1066 525 40 40 le
1128 525 117 42 Jour
1264 523 114 41 d'été
1396 524 25 40 à
1442 523 43 39 la
1506 524 253 54 Montagne
1765 555 9 20 ,
1797 522 54 41 de
1870 521 59 41 M.
1945 520 50 42 V.
2022 519 169 54 d'lndy.

239 596 37 39 Il
294 594 95 41 faut
414 591 234 42 d'ailleurs
671 598 164 33 mettre
862 602 56 28 en
937 587 169 41 dehors
1133 586 55 40 de
1224 598 138 28 cause
1389 598 51 27 ce
1468 583 184 42 dernier
1679 595 218 42 ouvrage,
1931 595 75 26 car
2044 580 130 41 l'obli-

237 655 158 55 gation
419 652 108 42 faite
567 653 24 39 à
640 652 62 40 M.
746 650 216 41 Colonne
1005 662 24 27 a
1052 660 120 43 pour
1194 648 82 40 but
1303 647 55 40 de
1385 653 163 34 mettre
1571 658 57 27 en
1653 644 140 41 relief
1824 644 80 40 des
1929 643 179 54 jeunes,
2150 652 44 31 et

237 718 64 40 M.
336 715 165 54 d'lndy
518 715 125 39 n'eut
668 726 106 28 sans
798 713 139 40 doute
964 710 80 41 nul
1067 709 166 42 besoin
1264 709 274 51 d'invoquer
1559 706 193 54 pareille
1778 718 138 29 cause
1948 716 120 41 pour
2086 702 109 42 faire

235 779 132 53 jouer
414 789 85 27 son
543 787 173 29 œuvre.
769 774 64 40 La
869 773 135 53 jeune
1030 771 214 55 musique
1283 769 229 53 française
1538 767 68 42 fut
1630 768 122 41 donc
1800 764 295 57 représentée
2117 778 80 40 par

236 838 252 54 cinquante
514 836 201 41 minutes
743 835 230 41 d'œuvres
997 833 233 42 d'auteurs
1256 832 101 55 déjà
1383 830 157 56 jouées
1565 837 43 33 et
1633 829 54 40 de
1711 828 105 54 plus
1866 827 89 40 fort
1988 825 206 41 banales.

238 899 36 41 Il
299 899 116 40 n'est
437 912 82 40 pas
536 898 113 40 dans
666 910 110 27 mon
791 896 96 40 rôle
910 894 283 42 d'examiner
1214 895 113 41 dans
1352 892 178 56 quelles
1557 889 268 42 conditions
1846 889 62 41 M.
1934 886 265 42 Chevillard

236 974 25 27 a
285 959 165 54 rempli
472 959 43 40 la
539 959 150 40 même
715 957 277 54 obligation,
1019 955 115 42 mais
1161 956 55 41 de
1234 953 323 56 prime-abord
1579 952 32 40 il
1636 965 72 27 me
1729 950 176 42 semble
1926 948 109 55 qu'il
2064 962 29 40 y
2117 948 81 40 mit

234 1021 106 54 plus
364 1021 55 40 de
445 1018 393 56 compréhension
862 1026 44 34 et
930 1019 55 40 de
1010 1018 157 41 bonne
1193 1016 82 42 foi.
1304 1016 264 48 D'ailleurs,
1602 1013 150 41 même
1779 1025 58 29 en
1859 1009 216 43 estimant
2106 1022 87 41 que

236 1083 63 41 M.
329 1084 172 40 Enesco
524 1081 114 41 écrit
663 1082 55 40 de
741 1081 42 40 la
804 1079 214 54 musique
1044 1078 245 53 française,
1309 1091 119 26 nous
1455 1075 179 42 serions
1661 1075 25 40 à
1712 1073 137 56 peine
1884 1072 24 41 à
1950 1072 43 40 la
2030 1070 158 42 moitié

235 1143 62 41 du
326 1152 145 31 terme
489 1143 159 53 prévu.
664 1143 70 40 En
756 1142 157 39 bonne
936 1140 180 53 justice,
1132 1148 103 32 tout
1256 1145 334 47 manquement
1604 1137 24 39 à
1650 1148 92 28 une
1766 1131 413 45 conventionlibre

235 1213 126 31 ment
386 1204 215 53 acceptée
645 1202 224 54 implique
910 1214 91 27 une
1029 1200 230 42 sanction.
1285 1200 101 51 Que
1430 1199 64 40 M.
1536 1197 215 40 Colonne
1795 1195 91 42 soit
1928 1193 267 55 tranquille,

237 1265 253 42 Messieurs
516 1264 67 41 les
607 1265 295 52 Inspecteurs
929 1263 79 41 des
1037 1263 283 40 Beaux-Arts
1356 1273 58 28 ne
1439 1259 249 41 viendront
1711 1271 82 41 pas
1835 1256 280 54 l'empêcher
2140 1256 55 40 de

234 1326 195 43 toucher
450 1325 293 54 l'intégralité
769 1326 137 40 d'une
927 1322 281 44 subvention
1234 1321 112 55 qu'il
1368 1322 72 39 n'a
1463 1334 82 40 pas
1571 1319 207 41 méritée.

292 1387 121 41 Sous
438 1400 63 28 un
527 1394 127 33 autre
678 1385 135 56 point
837 1386 54 41 de
915 1399 104 36 vue,
1045 1393 116 32 cette
1188 1384 158 41 saison
1378 1382 69 40 fut
1475 1381 259 54 également
1757 1393 90 40 peu
1872 1378 322 42 intéressante.

240 1450 76 41 Un
341 1447 327 42 interminable
693 1447 182 41 festival
920 1446 270 41 Beethoven
1218 1458 120 27 nous
1364 1443 127 42 valut
1515 1442 101 41 huit
1639 1441 207 49 séances,
1879 1440 61 41 où
1965 1441 80 40 des
2090 1453 82 40 pro-

236 1522 230 44 grammes
508 1508 236 55 hybrides,
797 1522 104 27 sans
953 1507 128 41 unité
1124 1505 257 54 artistique,
1414 1503 258 55 permirent
1712 1503 24 40 à
1778 1502 62 41 M.
1886 1500 213 41 Colonne
2141 1500 54 41 de

237 1585 119 28 nous
382 1583 212 42 repasser
621 1583 85 28 son
732 1570 131 41 stock
889 1570 316 40 d'ouvertures
1232 1568 12 53 (
1249 1567 90 41 Roi
1362 1566 124 52 d'Ys,
1520 1564 134 42 Flûte
1675 1562 257 51 enchantée,
1963 1562 236 42 Carnaval

235 1632 197 51 romain,
457 1632 258 42 Benvenuto
751 1631 186 51 Cellini)
962 1639 42 32 et
1030 1630 54 40 de
1107 1637 245 33 concertos
1378 1627 288 41 fomenteurs
1708 1625 56 40 de
1790 1623 176 43 sifflets.
1994 1624 64 40 Ce
2084 1624 116 40 n'est

235 1693 134 54 point
393 1693 118 40 ainsi
536 1695 141 52 qu'on
700 1692 90 41 fête
816 1706 63 27 un
899 1691 159 41 maître
1079 1703 181 28 comme
1294 1688 121 42 celui
1438 1689 55 40 de
1531 1689 151 40 Bonn.
1708 1686 37 40 Il
1767 1686 75 40 eût
1867 1686 70 40 été
1960 1684 108 41 bien
2091 1686 80 53 pré-

236 1754 192 51 férable,
457 1755 110 40 c'est
591 1754 232 41 d'ailleurs
867 1767 51 27 ce
962 1766 87 40 que
1091 1751 51 41 fit
1174 1752 63 40 M.
1266 1749 282 52 Chevillard,
1576 1748 56 40 de
1679 1746 211 42 distraire
1931 1754 160 46 quatre
2137 1759 60 27 ou

239 1816 109 54 cinq
369 1823 214 32 concerts
609 1815 61 40 où
698 1828 60 27 on
781 1815 76 40 eût
883 1814 188 41 exécuté
1094 1825 109 29 avec
1228 1810 351 43 recueillement
1607 1822 92 27 une
1723 1808 225 41 sélection
1966 1808 229 41 d'œuvres

236 1876 248 55 préparées
511 1889 110 28 avec
644 1875 102 42 soin
795 1884 42 32 et
878 1874 232 41 destinées
1134 1875 23 39 à
1202 1887 62 27 un
1292 1881 129 32 autre
1452 1884 141 41 usage
1618 1884 88 41 que
1746 1869 122 42 celui
1911 1868 202 42 d'attirer
2154 1869 43 41 la

238 1938 125 40 foule
390 1950 88 41 que
505 1936 175 42 fascine
702 1937 41 40 le
767 1950 109 27 nom
903 1937 55 40 de
977 1936 282 41 Beethoven.
1270 1933 109 42 Puis
1402 1933 96 41 vint
1520 1947 56 27 en
1592 1933 121 40 deux
1734 1931 190 41 séances
1936 1944 63 27 un
2014 1930 181 41 festival

241 1999 181 40 Mozart
461 1997 80 42 fait
583 1999 55 40 de
664 1997 155 42 bribes
867 1997 226 41 d'œuvres
1119 1995 284 54 composites
1428 1994 61 41 où
1530 1995 41 39 le
1598 1993 226 55 quintette
1863 1992 55 40 de
1967 1992 105 40 Cosi
2114 1992 80 52 fan

246 2060 127 40 Tutti
401 2058 220 42 voisinait
645 2072 110 29 avec
777 2060 40 39 le
844 2067 218 32 concerto
1096 2070 119 42 pour
1259 2058 120 40 deux
1399 2056 166 54 pianos
1590 2059 201 47 (comme
1832 2052 38 41 si
1894 2066 63 27 un
1997 2053 99 40 seul
2138 2067 56 27 ne

239 2120 197 41 suffisait
458 2134 83 40 pas
564 2120 318 53 amplement),
910 2133 60 26 ou
998 2119 41 41 le
1079 2126 219 33 concerto
1324 2131 119 40 pour
1466 2116 110 41 flûte
1621 2124 42 33 et
1687 2116 142 53 harpe
1871 2127 111 29 avec
2018 2127 66 29 un
2131 2114 63 40 air

239 2180 287 56 insignifiant
553 2182 61 40 du
642 2182 84 41 Roi
755 2182 198 40 Pasteur
958 2213 8 8 .
995 2180 151 41 Triste
1179 2180 245 53 hommage
1452 2183 8 37 !

297 2243 300 40 L'exécution
624 2243 54 41 de
711 2243 42 40 la
772 2242 278 54 symphonie
1076 2242 54 41 de
1157 2242 59 43 M.
1242 2243 172 40 Enesco
1438 2239 99 42 vint
1554 2246 217 47 apporter
1786 2249 64 28 un
1873 2249 93 42 peu
1988 2236 55 41 de
2064 2236 130 41 relief

240 2305 24 38 à
283 2317 92 27 une
403 2305 157 40 saison
586 2304 79 54 qui
690 2303 289 53 s'annonçait
998 2316 180 28 comme
1201 2301 286 56 déplorable.
1515 2302 87 39 Par
1627 2300 43 40 la
1694 2298 194 54 vigueur
1915 2306 42 32 et
1979 2298 42 41 la
2044 2298 148 41 solide

238 2364 117 42 mise
381 2378 56 28 en
483 2379 159 28 œuvre
683 2365 171 41 d'idées
885 2373 247 46 purement
1157 2364 264 50 musicales,
1450 2362 125 41 aussi
1608 2361 107 41 bien
1739 2373 88 42 que
1873 2372 82 40 par
1988 2373 49 27 sa
2072 2359 120 42 belle

236 2426 270 53 technique,
533 2434 117 33 cette
693 2439 156 29 œuvre
892 2426 212 41 s'affirme
1131 2438 179 28 comme
1349 2424 41 40 le
1414 2423 195 54 prélude
1636 2423 228 40 d'œuvres
1899 2420 177 42 futures
2116 2420 78 55 qui

238 2487 153 41 feront
414 2488 215 40 honneur
653 2488 25 39 à
708 2487 42 41 la
772 2486 214 54 musique
1009 2486 222 41 moderne
1257 2495 44 31 et
1325 2485 115 41 dont
1464 2484 42 41 la
1531 2485 133 40 nôtre
1689 2495 172 42 pourra
1886 2483 309 53 revendiquer

237 2561 93 28 une
350 2549 165 54 partie,
539 2549 200 54 puisque
765 2549 112 40 c'est
896 2548 112 41 chez
1033 2561 120 27 nous
1179 2560 87 41 que
1291 2548 62 41 M.
1388 2547 185 40 Enesco
1597 2546 98 41 vint
1717 2543 160 56 puiser
1912 2557 92 27 une
2049 2543 145 55 partie

239 2610 56 41 de
345 2624 50 26 sa
437 2610 201 43 science.
668 2611 62 39 Le
772 2608 167 56 poème
979 2610 54 40 de
1066 2608 292 51 Baudelaire,
1397 2608 87 40 mis
1518 2621 56 27 en
1614 2607 216 55 musique
1864 2618 82 42 par
1985 2606 68 41 M.
2094 2606 102 53 Guy

240 2672 218 52 Ropartz,
483 2684 138 41 passa
654 2683 198 41 presque
874 2670 237 54 inaperçu,
1140 2678 44 32 et
1223 2683 120 27 nous
1376 2669 313 42 retombâmes
1715 2670 115 41 dans
1873 2681 93 30 une
1993 2666 116 42 série
2140 2667 54 40 de

238 2741 214 32 concerts
498 2733 128 40 fades
661 2740 43 33 et
750 2745 105 27 sans
897 2730 180 50 intérêt,
1105 2731 113 40 dont
1258 2731 41 54 je
1331 2745 115 27 vous
1473 2730 40 41 ai
1539 2731 156 40 donné
1741 2731 42 41 le
1821 2738 185 46 compte
2030 2729 164 41 rendu.

238 2794 139 41 Seule
405 2794 24 40 à
474 2793 43 41 la
544 2793 65 41 fin
652 2794 54 40 de
748 2793 43 41 la
834 2792 173 49 saison,
1033 2792 43 40 la
1116 2793 215 57 Sinfonia
1357 2792 263 41 Domestica
1628 2825 11 19 ,
1662 2792 55 41 de
1746 2793 65 42 M.
1859 2795 204 46 Strauss,
2100 2789 98 42 vint

238 2864 216 46 apporter
476 2855 25 40 à
522 2864 131 32 notre
676 2854 202 55 légitime
902 2853 220 42 curiosité
1140 2867 64 27 un
1229 2853 192 41 aliment
1443 2853 54 40 de
1524 2853 153 42 choix.
1701 2854 179 51 Certes,
1908 2867 106 28 sans
2039 2867 28 40 y
2096 2850 101 41 voir

237 2916 41 42 le
304 2915 330 43 chef-d'œuvre
661 2930 87 40 que
774 2916 223 40 d'aucuns
1037 2930 29 40 y
1109 2915 230 41 semblent
1362 2922 203 44 trouver,
1593 2914 73 55 j'ai
1696 2916 163 54 plaisir
1899 2916 25 40 à
1962 2920 234 35 constater

240 2992 88 41 que
348 2986 117 34 cette
483 2991 158 29 œuvre
675 2978 23 40 à
722 2978 43 40 la
788 2977 250 53 technique
1060 2975 298 56 prodigieuse
1381 2989 119 27 nous
1523 2975 69 41 fut
1616 2977 183 41 donnée
1823 2990 82 41 par
1943 2977 122 40 deux
2088 2973 106 41 fois.

241 3040 103 41 Une
365 3040 104 40 telle
495 3039 211 41 audition
733 3039 324 53 s'imposait,et
1078 3039 59 39 M.
1163 3037 211 41 Colonne
1391 3045 164 33 trouve
1578 3037 163 55 gloire,
1756 3039 217 40 honneur
1997 3045 43 33 et
2058 3034 139 56 profit

240 3102 26 40 à
290 3102 127 42 avoir
437 3102 133 40 mené
596 3102 24 40 à
667 3100 108 42 bien
814 3108 118 33 cette
957 3099 134 41 tâche
1125 3099 113 41 dont
1263 3098 43 40 la
1339 3097 221 41 difficulté
1603 3099 111 40 était
1752 3112 57 28 en
1856 3111 178 29 somme
2067 3109 128 29 assez

241 3163 190 53 grande.

293 3224 147 53 Après
466 3224 130 41 avoir
620 3224 212 41 examiné
860 3237 50 28 ce
938 3236 88 42 que
1057 3220 70 43 fut
1146 3229 117 33 cette
1287 3220 172 52 saison,
1487 3219 31 41 il
1541 3220 139 40 serait
1703 3221 282 41 intéressant
2006 3221 55 40 de
2098 3219 101 42 voir

241 3297 51 29 ce
315 3285 167 54 qu'elle
505 3286 76 40 eût
601 3299 63 40 pu
701 3285 111 41 être.
839 3286 125 39 Tout
985 3284 208 49 d'abord,
1222 3282 69 42 s'il
1313 3281 109 42 était
1465 3281 104 54 jugé
1595 3282 264 41 nécessaire
1883 3284 55 40 de
1983 3282 113 41 faire
2133 3294 64 27 un

240 3345 181 42 festival
468 3347 284 49 Beethoven,
799 3346 238 55 employer
1064 3346 43 40 la
1148 3344 216 42 méthode
1406 3342 633 55 Weingartner-Chevillard.
2081 3342 117 41 Mais

241 3405 132 55 après
400 3420 49 28 ce
471 3407 198 52 festival,
696 3407 162 41 laisser
883 3410 24 38 à
935 3408 62 41 M.
1024 3408 52 40 R.
1104 3406 155 50 Hahn,
1287 3405 164 41 assisté
1473 3404 250 42 d'illustres
1750 3406 176 53 dames,
1948 3406 42 40 le
2018 3405 105 41 soin
2142 3406 55 39 de

238 3467 204 55 glorifier
466 3469 196 41 Mozart.
692 3470 63 39 Le
783 3483 20 26 «
830 3469 124 42 divin
980 3470 137 52 jeune
1134 3469 188 40 homme
1344 3480 40 38 »,
1411 3467 109 41 cher
1545 3466 24 40 à
1585 3467 64 41 M.
1674 3467 316 55 Bellaigue,se
2014 3467 68 40 fût
2107 3465 91 41 fort

239 3529 110 41 bien
372 3530 134 52 passé
529 3531 55 40 de
609 3530 278 56 l'hommage
913 3530 139 55 qu'on
1073 3529 65 42 lui
1164 3544 24 26 a
1212 3529 149 41 rendu
1383 3537 43 33 et
1448 3527 77 56 qui
1546 3527 57 41 l'a
1623 3527 105 55 plus
1750 3527 205 44 desservi
1992 3528 108 55 qu'il
2126 3528 71 40 n'a

240 3590 243 42 contribué
506 3591 24 40 à
555 3591 173 42 exalter
753 3606 49 27 sa
828 3592 165 54 gloire.

297 3651 141 42 Passé
462 3665 75 28 ces
570 3653 326 42 exhumations
922 3667 61 27 ou
1007 3652 355 55 glorifications,
1381 3652 31 40 il
1440 3659 69 34 est
1546 3664 232 37 convenu,
1812 3652 31 40 il
1875 3650 325 43 conviendrait

240 3713 232 41 d'ailleurs
492 3727 117 41 pour
631 3714 44 40 la
699 3714 157 42 saison
884 3715 273 55 prochaine,
1181 3714 55 42 de
1262 3723 150 32 tracer
1433 3727 65 27 un
1534 3713 110 55 plan
1680 3713 56 41 de
1764 3721 214 34 concerts
2010 3713 189 55 logique

240 3784 44 33 et
308 3783 296 46 comportant
636 3788 64 27 un
735 3775 95 44 but.
861 3777 64 40 La
960 3775 277 55 symphonie
1271 3776 100 40 doit
1395 3774 256 42 constituer
1677 3773 45 42 la
1750 3775 111 42 base
1895 3776 55 41 de
1985 3782 213 35 concerts
