2352 4071
903 169 220 39 JACQUES
1157 169 200 34 AUBERT

2043 169 86 46 453

127 368 75 52 du
234 369 338 69 regrettable
616 372 272 54 désordre
940 392 131 36 avec
1118 374 187 71 lequel
1352 387 130 41 sont
1514 374 221 73 rédigés
1783 376 79 52 les
1912 374 223 54 articles

130 443 96 70 qui
261 461 343 38 concernent
638 467 90 34 ces
755 450 146 53 deux
941 449 331 56 musiciens.
1319 452 77 53 M.
1449 450 204 55 Eitner
1691 453 188 52 donne
1912 468 222 36 comme

129 538 221 37 œuvres
384 525 67 51 de
479 525 177 54 Louis
690 528 221 52 Aubert
946 543 12 38 :

206 609 48 42 i°
281 602 97 52 Un
704 602 263 53 Premier
1291 604 171 53 Livre
1682 605 65 54 de
1833 607 72 53 Sonates
1906 607 95 68 C.,
2002 605 131 68 Paris,

129 675 134 54 chez
291 677 267 68 l'auteur;

200 753 71 68 2°)
298 754 96 53 Un
423 754 167 53 Livre
616 757 66 50 de
1317 757 233 53 Sonates
1829 759 33 51 à
1946 759 180 52 violon
1570 762 89 63 C.,
1682 759 140 55 livre
1847 762 74 61 Y;

201 830 71 66 3°)
300 830 113 52 Des
449 833 298 52 Concertos
766 852 151 51 pour
948 834 45 52 le
1028 834 180 53 violon
1217 875 13 25 ,
1275 835 182 52 Paris.

200 905 103 62 Or,
327 925 90 35 ces
454 910 28 51 3
517 927 222 34 œuvres
770 927 69 35 ne
874 923 130 38 sont
1046 928 101 52 pas
1179 913 68 51 de
1305 913 177 52 Louis
1513 913 239 67 Aubert,
1790 914 96 70 qui
1913 932 29 34 a
1982 931 116 38 com-

129 986 135 65 posé
298 984 318 52 seulement
640 999 12 37 :

209 1060 72 67 i°)
524 1060 39 52 6
645 1061 233 51 Sonates
1173 1063 33 48 à
1316 1059 180 53 violon
1740 1061 120 51 seul
2069 1069 52 44 et
1514 1064 226 54 dédiées
1790 1068 29 50 à
1843 1066 60 52 M
1908 1075 56 24 me
1985 1068 114 52 Adé-

132 1136 144 52 laïde
304 1138 67 50 de
400 1138 234 60 France,
671 1153 154 35 œuv.
863 1138 44 66 I,
946 1136 180 69 Paris,
1159 1138 143 64 in-f°,
1340 1158 43 34 s.
1424 1140 55 53 d.
1510 1140 99 71 (i).

201 1212 71 60 2°)
493 1212 39 51 6
648 1211 368 69 Symphonies
1463 1215 35 50 à
1575 1228 45 50 4
1705 1214 224 70 parties
1159 1214 228 54 dédiées
1420 1218 29 50 à
1494 1218 60 52 M
1559 1224 54 24 me
1655 1219 52 52 la
1738 1220 288 70 marquise
2069 1221 66 52 de

129 1286 271 71 Villeroy,
436 1304 147 38 œuv.
612 1289 77 66 11,
723 1289 180 62 Paris,
929 1289 152 68 in-f°,
1108 1309 43 33 s.
1184 1291 53 52 d.
1267 1292 95 68 (2).

201 1364 189 52 Telles
418 1379 150 49 sont,
605 1366 75 51 du
698 1366 210 65 moins,
931 1367 80 51 les
1040 1367 411 72 compositions
1477 1386 110 53 que
1609 1371 80 52 les
1711 1371 425 73 bibliothèques

135 1441 65 52 de
257 1440 161 52 Paris
451 1455 341 39 conservent
840 1444 67 52 de
954 1461 60 35 ce
1067 1444 300 55 musicien.
1421 1446 79 51 Le
1542 1446 259 53 Premier
1848 1449 174 53 Livre
2073 1450 64 53 de

151 1517 230 52 Sonates
658 1519 34 49 à
762 1517 182 52 violon
1204 1519 118 52 seul
1498 1526 50 46 et
1645 1520 156 52 basse
1066 1538 110 52 que
1211 1520 214 71 signale
1449 1522 204 52 Eitner
1673 1541 223 37 comme
1932 1543 168 53 appar-

130 1605 194 41 tenant
356 1597 29 49 à
413 1592 177 54 Louis
621 1595 223 52 Aubert
868 1597 143 51 n'est
1033 1609 159 39 autre
1226 1615 109 51 que
1368 1597 145 52 celui
1547 1600 67 51 de
1640 1616 105 35 son
1777 1601 154 69 père,
1961 1619 92 35 car
2078 1602 47 52 le

129 1671 134 52 livre
310 1671 66 53 de
717 1671 148 52 Sonates
866 1677 120 65 composé
1040 1690 102 53 par
1190 1673 178 54 Louis
1407 1675 221 53 Aubert
1668 1676 48 52 le
1763 1677 88 52 fils
1899 1696 133 35 sous
2084 1680 50 52 le

129 1752 238 48 numéro
402 1748 247 52 d'œuvre
679 1748 21 51 I
734 1762 162 56 porte
924 1748 368 72 simplement
1319 1751 48 52 le
1392 1751 131 53 titre
1546 1753 67 51 de

145 1823 119 52 seul
427 1830 51 45 et
574 1823 101 52 basse.
676 1823 95 69 Quant
813 1844 70 35 au
929 1826 50 49 V
981 1833 19 22 e
1032 1826 137 52 livre
1203 1827 67 52 de
1580 1827 38 52 il
1656 1830 323 70 appartient
2006 1836 96 65 éga-

132 1901 210 52 lement
367 1903 30 50 à
416 1901 266 71 Jacques,
710 1902 144 52 dont
879 1902 50 52 le
960 1903 51 50 V
1013 1913 19 22 e
1049 1902 136 53 livre
1218 1907 262 66 présente
1505 1905 51 52 la
1576 1911 186 47 même
1788 1906 337 68 indication,

127 1990 55 39 et
206 1976 84 53 fut
315 1982 167 65 gravé
516 1995 103 53 par
657 1978 49 52 le
733 1983 186 47 même
943 1996 260 53 graveur,
1240 1981 67 52 de
1336 1978 207 56 Gland.

192 2054 106 50 Les
541 2053 40 52 6
679 2054 165 69 Symphonies
845 2056 87 52 de
933 2056 128 53 Louis
1086 2056 220 53 Aubert
1338 2070 129 39 sont
1486 2058 384 69 postérieures
1904 2065 27 47 à
1966 2062 162 69 1750,

126 2128 367 71 puisqu'elles
516 2131 250 53 forment
792 2132 229 53 l'œuvre
1049 2133 54 52 II
1132 2133 75 52 du
1233 2133 298 65 musicien,
1557 2146 52 39 et
1648 2152 107 54 que
1781 2136 49 52 le
1861 2136 272 72 privilège

127 2204 97 71 qui
262 2223 380 55 accompagne
668 2226 106 34 son
816 2226 190 37 œuvre
1042 2211 43 63 I,
1122 2209 217 54 valable
1372 2228 149 53 pour
1581 2230 60 34 12
1688 2228 123 53 ans,
1857 2227 163 57 porte
2082 2216 51 51 la

126 2283 125 51 date
273 2284 75 52 du
380 2300 37 50 4
441 2284 140 54 avril
624 2287 168 67 1750;
828 2286 51 52 la
911 2302 236 53 gravure
1173 2303 69 36 en
1274 2287 85 53 fut
1381 2291 261 50 exécutée
1674 2306 103 53 par
1799 2291 80 50 La
1904 2292 226 65 Bassée,

124 2359 189 52 tandis
336 2378 108 51 que
468 2361 235 54 l'œuvre
732 2362 21 52 I
780 2362 136 52 était
940 2366 198 67 gravée
1166 2381 102 52 par
1300 2364 60 51 M
1364 2369 55 23 raa
1447 2364 236 68 Leclair,
1728 2366 52 52 la
1804 2364 207 55 femme
2054 2368 77 52 du

124 2435 322 54 violoniste.

193 2513 403 70 Remarquons
637 2514 152 52 enfin
822 2532 109 52 que
969 2514 79 54 les
1106 2514 385 71 Symphonies
1543 2517 68 52 de
1668 2517 174 54 Louis
1885 2518 237 69 Aubert,

117 2587 235 53 établies
386 2606 116 35 non
527 2608 99 51 pas
661 2608 99 36 sur
799 2592 48 52 le
888 2593 165 51 cadre
1082 2592 247 53 ternaire
1363 2593 99 52 des
1486 2592 337 64 Concertos,
1857 2594 144 52 mais
2035 2612 96 36 sur

124 2663 47 52 le
204 2665 224 51 modèle
461 2665 97 52 des
1049 2667 182 52 Suites
1470 2667 66 53 de
1661 2668 336 70 Symphonie
1255 2668 46 53 si
1333 2670 377 54 nombreuses
1738 2670 58 72 (il
1822 2688 130 52 yen
1975 2689 29 33 a
2046 2674 84 68 12)

120 2740 200 52 écrites
348 2758 103 53 par
477 2758 102 34 son
606 2747 153 64 père,
784 2743 203 52 offrent
1019 2762 110 35 une
1157 2745 290 54 imitation
1484 2748 67 51 de
1585 2747 548 54 l'instrumentation

125 2834 106 51 que
254 2816 449 72 celui-ciadopta
728 2837 146 51 pour
894 2837 87 34 ses
1002 2819 334 70 Concertos,
1364 2822 370 71 puisqu'elles
1759 2824 374 70 n'emploient

124 2912 97 51 pas
254 2894 192 66 d'alto,
482 2894 143 52 mais
661 2895 317 54 seulement
1011 2896 28 51 3
1076 2896 224 54 violons
1339 2899 216 69 obligés
1580 2912 54 39 et
1659 2899 51 52 la
1734 2900 181 52 basse.

195 2970 106 51 Les
341 2970 147 52 deux
517 2969 222 54 Aubert
771 2970 221 53 avaient
1029 2973 75 52 du
1137 2985 145 40 reste
1317 2976 84 49 été
1437 2971 123 68 déjà
1585 2975 319 52 confondus
1946 2992 70 34 en
2053 2992 78 35 un

120 3048 118 52 seul
264 3064 355 53 personnage
652 3064 101 52 par
792 3046 218 54 Gerber
1038 3048 96 69 (3),
1170 3060 53 41 et
1251 3049 151 52 Fétis
1446 3067 48 45 a,
1532 3067 69 34 en
1630 3053 195 67 partie,
1858 3054 272 67 perpétué

121 3123 378 71 l'équivoque.
541 3125 82 52 M.
659 3124 228 68 Eitner,
920 3142 71 35 en
1024 3126 293 70 rédigeant
1344 3125 79 52 les
1449 3125 221 53 articles
1712 3126 214 55 relatifs
1971 3133 30 48 à
2032 3145 93 36 ces

124 3199 142 54 deux
296 3200 332 67 musiciens,
657 3201 90 54 n'a
781 3203 146 52 donc
949 3201 102 55 fait
1077 3220 111 52 que
1216 3201 188 55 suivre
1427 3201 52 52 la
1501 3203 296 54 tradition.

1069 3292 203 53 Lionel
1306 3292 67 53 De
1407 3292 67 53 La
1508 3292 338 53 Laurencie.

178 3433 61 53 (1)
267 3433 104 45 Bib.
398 3443 96 37 nat.
528 3434 85 49 V£.
638 3438 101 53 794.

178 3495 60 56 (2)
264 3497 125 44 Bibl.
412 3498 63 42 du
494 3498 385 43 Conservatoire.
903 3498 69 42 La
1002 3498 225 43 dédicace
1251 3498 221 43 adressée
1518 3498 25 42 à
1580 3498 46 43 la
1657 3498 243 57 marquise
1942 3499 56 42 de
2027 3497 77 44 Vil-

119 3555 133 58 leroy
276 3568 71 34 est
371 3573 58 29 en
448 3573 122 33 vers.
594 3561 177 42 L'abbé
796 3561 184 42 Aubert
1005 3573 58 30 en
1088 3569 73 34 est
1184 3560 365 56 probablement
1572 3560 217 43 l'auteur.

177 3620 59 56 (3)
450 3622 745 60 Historisch-bibliographisches
2042 3624 88 43 Lex
1831 3638 85 43 par
1957 3624 173 43 Ernest

125 3679 195 61 Ludwig
340 3686 195 52 Gerber,
578 3686 209 58 Leipzig,
827 3701 137 43 1790.
989 3686 117 44 Voir
1132 3687 25 47 à
1181 3700 53 32 ce
1260 3686 123 58 sujet
1403 3701 12 31 :
1462 3686 197 44 Choron
1702 3696 46 34 et
1779 3687 211 57 Fayolle,

126 3745 96 53 cit.,
250 3747 35 52 I,
309 3761 47 42 p.
385 3749 72 45 32.
