2352 4071
795 189 58 30 LE
887 182 236 36 MERCURE
1157 179 216 33 MUSICAL
1504 162 192 55 xç-v-oô

277 185 88 52 488

334 400 36 39 Il
394 411 56 28 ne
475 407 101 30 sera
605 391 95 56 pris
750 387 340 45 connaissance
1134 385 82 42 des
1241 395 137 29 noms
1404 381 81 42 des
1521 387 186 33 auteurs
1756 382 140 50 ayant
1935 373 175 43 obtenu
2153 376 76 43 des

279 457 232 43 mentions
534 453 194 56 qu'avec
745 449 101 41 leur
868 446 320 43 assentiment.

331 550 163 42 Schola
529 546 258 41 Cantorum.
903 538 65 42 M.
1014 536 192 43 Charles
1232 536 179 42 Bordes
1438 534 210 42 donnera
1670 531 42 42 le
1750 531 50 40 18
1836 528 109 51 mai,
1970 528 24 42 à
2018 542 26 42 9
2069 527 162 44 heures

277 611 62 40 du
365 607 109 48 soir,
497 617 94 28 une
613 600 213 44 audition
846 599 57 42 de
1588 598 220 49 Rébecca,
1171 597 56 42 de
1254 597 142 42 César
1422 592 182 45 Franck
1634 606 8 29 :
1674 593 47 41 M
1726 593 42 25 ,le
1803 589 254 55 Pironnay,
2082 589 65 41 M.
2178 590 54 42 de

280 668 213 47 Gabriac,
516 667 67 39 les
614 664 260 42 Chanteurs
896 661 56 42 de
973 659 365 43 Saint-Gervais
1359 665 43 36 et
1424 656 271 42 l'orchestre
1720 654 56 42 de
1801 653 42 40 la
1865 651 188 45 Schola.

329 767 59 41 Le
411 762 212 44 sottisier
646 759 213 43 musical.
996 769 24 28 «
1046 755 75 42 Un
1156 753 175 43 certain
1357 752 197 42 nombre
1579 750 57 42 de
1660 759 308 45 promeneurs
1996 744 235 44 s'arrêtent

272 839 122 43 pour
432 825 192 41 écouter
661 821 66 42 les
766 821 125 41 deux
914 818 168 56 petites
1121 816 219 56 joueuses
1382 815 57 41 de
1481 811 125 54 flûte,
1650 809 179 44 Rhodis
1871 816 46 35 et
1947 808 170 54 Myrto,
2156 820 76 41 qui

272 889 224 40 chantent
519 898 58 29 en
602 884 412 52 s'accompagnant
1037 891 77 30 sur
1134 879 101 40 leur
1255 877 296 42 instrument.
1575 890 19 23 »
1697 872 144 42 Louis
1866 884 58 28 DE
1952 870 280 49 GRAMMONT,

272 947 253 59 Aphrodite
530 978 11 20 ,
566 957 115 42 page
710 945 40 42 5.

328 1022 24 28 «
376 1007 101 43 Elle
501 1008 66 51 (M
572 1007 44 30 lle
643 1003 202 52 Garden)
880 1002 174 43 adhéra
1079 1015 58 29 au
1160 1011 295 45 personnage
1480 1004 46 36 et
1551 1009 48 30 se
1625 994 138 43 coula
1801 1006 59 29 en
1884 990 81 52 lui,
1992 1003 180 29 comme
2196 992 36 42 si

275 1070 87 44 elle
394 1068 109 42 était
545 1065 263 43 Mélisande
851 1063 287 43 elle-même.
1184 1060 103 43 Elle
1326 1069 93 43 eut,
1469 1058 81 43 dès
1592 1058 42 42 le
1665 1054 204 58 premier
1909 1053 123 55 jour,
2058 1064 49 29 sa
2130 1050 102 45 voix

273 1131 210 42 d'oiseau
499 1128 171 44 blessé.
695 1142 95 27 »
817 1128 52 41 A.
896 1126 250 51 MANGEOT,
2076 1122 156 44 Monde
1594 1131 118 45 page
1744 1117 95 45 118.

397 1392 538 53 PUBLICATIONS
966 1377 390 63 RÉCENTES

329 1526 40 42 I.
402 1524 189 43 Albeniz
609 1538 9 26 :
1018 1521 174 43 lberia.
844 1520 21 42 3
891 1517 156 58 pièces
1068 1529 121 43 pour
1209 1514 162 57 piano.
1395 1511 148 51 Paris,
1566 1509 193 44 Edition
1783 1506 246 43 mutuelle.

331 1587 151 42 Baude
506 1586 54 42 de
590 1585 48 42 la
661 1580 216 54 Quarière
900 1595 8 29 :
1635 1581 71 42 La
1842 1578 197 42 chanson
1689 1570 152 43 Etude
1884 1566 231 57 métrique
2156 1578 80 42 par

279 1651 53 40 R.
350 1648 176 55 Meyer.
550 1644 136 44 Essai
703 1641 406 58 d'interprétation
1126 1652 83 43 par
1230 1636 237 45 J.Bédier.
1481 1624 151 52 Étude
1646 1630 225 45 musicale
1884 1643 85 43 par
1990 1630 53 42 P.
2060 1627 172 57 Aubry.

279 1709 148 50 Paris,
450 1710 55 40 A.
534 1705 169 44 Picard
727 1714 46 33 et
794 1704 95 43 fils.

331 1770 155 42 Pierre
517 1769 55 42 de
605 1766 216 44 Bréville.
930 1761 191 45 Prières
1146 1760 220 53 d'enfant.
1404 1757 146 44 Piano
1583 1765 44 34 et
1660 1755 155 42 chant.
1856 1751 147 51 Paris,
2043 1750 190 42 Edition

277 1830 244 42 mutuelle.

331 1895 204 50 Auguste
557 1891 196 52 Chapuis
780 1900 12 31 :
1405 1886 309 58 Impressions
2065 1883 172 59 sylvest
1467 1879 123 55 Cinq
1611 1876 157 58 pièces
1813 1890 120 43 pour
1957 1872 277 47 violoncelle

277 1963 45 33 et
343 1956 159 53 piano,
529 1951 144 52 Paris,
701 1949 195 42 Durand
920 1957 44 33 et
983 1947 93 42 fils.

327 2017 44 41 C.
394 2018 50 39 A.
470 2015 143 42 Collin
639 2025 8 31 :
1117 2011 72 42 Ad
1308 2011 154 41 altare
1662 2009 106 42 Dei.
1099 2008 122 42 Cent
1253 2005 157 57 pièces
1435 2015 122 43 pour
1583 2014 161 43 orgue.
1775 1997 148 56 Paris,
1943 1999 56 42 E.
2022 1999 207 42 Demets.

331 2078 165 41 Claude
534 2075 204 52 Debussy
771 2089 10 25 :
1382 2072 156 55 Douqe
1778 2070 160 42 chants
2182 2081 54 28 en
1552 2076 111 31 avec
1693 2067 450 50 accompagnement
2182 2058 55 42 de

272 2138 159 55 piano.
450 2137 143 41 Texte
615 2133 202 55 français
850 2140 46 34 et
914 2131 196 56 anglais.
1138 2128 149 54 Paris,
1314 2126 195 44 Durand
1528 2133 46 35 et
1596 2123 91 46 fils.

389 2198 184 42 Pelléas
803 2205 44 33 et
907 2193 129 45 Mélisande.
1037 2191 152 49 Extraits,
1190 2188 223 44 transcrits
1435 2199 124 44 pour
1580 2185 144 56 piano
1763 2185 27 41 à
1824 2184 123 43 deux
1966 2182 154 44 mains
2144 2189 43 35 et
2211 2180 25 42 à

275 2269 161 47 quatre
460 2258 166 49 mains,
649 2269 83 43 par
760 2255 131 42 Léon
919 2255 203 54 Roques.
1154 2253 148 53 Paris,
1329 2250 194 42 Durand
1549 2257 44 34 et
1616 2246 94 44 fils.

331 2321 135 42 César
489 2320 179 42 Franck
693 2333 10 26 :
1187 2314 241 44 Première
1442 2314 234 58 fantaisie
2232 2326 5 44 p
1578 2307 246 44 transcrite
1865 2320 122 42 pour
2029 2304 141 58 piano
2211 2304 23 40 à

276 2392 160 46 quatre
464 2381 149 42 mains
637 2392 83 42 par
746 2378 54 42 G.
828 2376 240 43 Choisnel.
1095 2375 150 54 Paris,
1270 2372 195 43 Durand
1489 2380 44 34 et
1554 2370 88 43 fils.

329 2450 51 39 A.
407 2446 218 43 Mariotte
648 2456 10 29 :
698 2443 170 42 Sonate
888 2453 121 42 pour
1028 2439 157 55 piano,
1212 2438 146 55 Lyon,
1381 2434 138 44 Janin
1542 2433 161 43 frères.

329 2508 202 42 Maurice
557 2503 138 43 Ravel
720 2516 11 28 :
1268 2502 117 56 Cinq
1556 2500 215 42 mélodies
2022 2498 117 57 populair
2140 2490 97 45 Version

275 2568 230 54 française
536 2566 55 41 de
618 2566 66 42 M.
710 2564 56 41 D.
794 2560 343 51 Calvocoressi,
1165 2558 147 52 Paris,
1340 2558 195 41 Durand
1559 2565 44 34 et
1625 2555 92 43 fils.

327 2629 345 52 Jean-Philippe
707 2627 201 41 Rameau
949 2636 10 30 :
1739 2624 90 42 Les
1989 2621 137 42 Indes
1585 2617 230 43 Partition
1855 2630 123 43 pour
2015 2616 141 42 chant
2196 2622 41 35 et

273 2691 159 56 piano,
453 2687 245 46 transcrite
722 2700 84 42 par
827 2686 118 40 Paul
969 2685 177 41 Dukas.
1175 2681 149 53 Paris,
1347 2679 193 44 Durand
1564 2687 45 36 et
1627 2678 90 45 fils.

389 2752 90 42 Les
620 2751 132 42 Indes
864 2748 90 57 galantes.
955 2746 92 43 Airs
1048 2746 63 41 de
1112 2742 144 51 ballet,
1278 2739 243 45 transcrits
1543 2753 122 43 pour
1687 2739 143 57 piano
1879 2739 26 42 à
1946 2740 123 41 deux
2091 2737 146 43 mains

272 2827 83 42 par
380 2812 116 43 Paul
520 2810 175 42 Dukas.
723 2806 150 53 Paris,
901 2806 194 42 Durand
1118 2813 46 34 et
1187 2803 91 43 fils.

326 2874 264 56 Hippolyte
615 2879 45 34 et
690 2870 177 43 Aricie.
893 2869 104 42 Airs
1023 2869 57 40 de
1117 2865 158 53 ballet,
1314 2864 242 43 transcrits
1580 2876 121 44 pour
1724 2862 145 56 piano
1894 2862 27 42 à
1945 2861 122 43 deux
2092 2860 145 43 mains

273 2949 83 43 par
374 2936 203 41 Vincent
596 2932 182 55 d'lndy.
800 2930 147 52 Paris,
972 2928 197 44 Durand
1192 2935 44 34 et
1259 2925 88 43 fils.

331 2998 185 42 Camille
540 2994 294 44 SaintSaëns
861 3005 12 28 :
1519 2992 73 42 La
1719 2991 214 56 jeunesse
2190 2987 47 43 d'H
1526 2984 146 45 Petite
1692 2984 226 57 partition
1940 2983 297 43 d'orchestre.

280 3057 147 53 Paris,
451 3055 195 44 Durand
670 3062 44 34 et
734 3053 91 43 fils.

1058 3591 66 46 Le
1162 3586 457 50 Directeur-Gérant
1642 3602 9 27 :
1701 3583 162 47 Louis
1900 3584 192 45 LALOY.

858 3701 114 32 Poitiers.
988 3711 20 11 -
1020 3698 95 34 Société
1131 3700 118 37 française
1261 3699 167 35 d'imprimerie
1444 3697 28 31 et
1488 3698 31 29 de
1539 3695 124 31 Librairie*
