2352 4071
244 251 93 49 464

781 260 57 28 LE
875 257 235 29 MERCURE
1146 254 215 30 MUSICAL

251 471 142 41 pense
421 455 212 52 suprême
660 453 22 38 à
708 459 117 32 cette
857 449 235 40 médiocre
1119 444 325 42 élucubration
1461 444 196 57 lyrique,
1682 445 309 41 ressemblant
2015 445 20 41 à
2057 445 148 44 Gluck

253 530 180 30 comme
458 513 212 42 Ponsard
696 512 25 40 à
757 508 252 52 Corneille,
1049 507 156 54 pleine
1232 506 173 41 d'élans
1431 505 390 44 conventionnels
1844 515 43 32 et
1907 505 174 43 d'effets
2109 521 63 28 am-

251 578 330 42 bitieusement
594 571 200 55 poncifs,
823 583 109 28 avec
959 569 117 40 râles
1100 570 55 40 de
1176 568 340 50 contrebasses,
1539 568 283 41 roulements
1846 569 56 40 de
1925 567 212 42 timbales
2163 580 41 33 et

250 639 140 54 petite
410 636 111 40 flûte
548 634 202 54 figurant
773 630 176 54 l'aspic.

305 700 94 39 Mile
422 694 161 42 Bréval
611 691 207 56 exprima
860 704 109 29 avec
994 703 91 28 une
1125 690 120 41 belle
1290 689 191 55 passion
1521 690 67 41 les
1634 689 240 56 angoisses
1904 691 55 40 de
1995 690 44 41 la
2058 703 144 30 veuve

250 757 246 44 d'Antoine
515 764 44 32 et
581 755 215 53 présenta
820 766 86 28 son
931 752 101 41 sein
1054 751 181 55 résigné
1262 753 23 39 à
1310 752 44 40 la
1375 751 137 42 brève
1537 765 181 41 gamme
1741 751 216 55 suraiguë
1984 752 79 54 qui
2086 766 87 40 sym-

250 819 149 42 bolise
439 815 395 42 indifféremment
872 813 115 42 dans
1034 813 67 42 les
1143 813 341 54 compositions
1531 813 320 54 romantiques
1890 813 67 41 les
1980 826 145 41 coups
2152 815 53 41 de

249 878 247 57 poignard,
519 877 66 41 les
611 876 163 41 éclairs
800 876 269 53 aveuglants
1097 888 61 28 ou
1183 874 66 42 les
1274 888 238 28 morsures
1536 874 327 55 ophidiennes.

308 941 76 40 Un
408 939 232 55 régisseur
655 938 99 42 vint
778 950 119 28 nous
922 936 239 46 informer,
1182 936 127 41 salué
1330 950 83 40 par
1432 936 80 42 des
1531 949 260 28 murmures
1814 936 55 41 de
1890 935 315 55 réprobation,

253 1015 103 42 que,
382 1015 22 28 <(
656 1000 186 55 n'ayant
863 1011 61 42 pu
948 998 180 55 répéter
1148 1011 40 39 »,
1215 997 98 42 l'air
1339 998 55 41 de
1416 998 261 41 Gassandre
1699 1011 57 27 ne
1784 997 139 41 serait
1946 1010 82 41 pas
2044 997 162 42 chanté

247 1076 83 43 par
362 1063 98 40 Mlle
499 1061 179 43 Bréval.
724 1061 129 41 Cette
900 1059 307 41 information
1253 1072 56 28 ne
1344 1067 136 47 parut
1512 1073 84 41 pas
1637 1060 138 40 d'une
1817 1058 188 55 logique
2048 1058 143 42 inatta-

251 1124 184 56 quable.

303 1185 280 56 Exposition
630 1182 372 42 beethovenienne
1009 1213 9 9 .
1162 1182 103 40 Une
1310 1181 308 55 prestigieuse
1664 1180 356 56 interprétation
2066 1182 54 40 de
2167 1181 41 41 la

253 1246 287 56 Symphonie
566 1258 56 28 en
654 1244 46 41 la
704 1277 8 20 }
754 1244 106 54 plus
885 1243 300 55 dynamique,
1217 1243 105 54 plus
1365 1243 310 54 dionysiaque
1717 1256 169 28 encore
1913 1243 137 54 qu'en
2082 1244 126 52 igos,

252 1307 201 42 enfièvre
475 1307 66 41 les
567 1305 240 42 auditeurs
832 1305 61 40 du
916 1304 229 41 Châtelet.
1187 1304 215 41 Colonne
1435 1304 169 50 exulte,
1650 1304 267 41 Chevillard
1956 1303 254 54 resplendit

252 1370 217 50 d'extase,
495 1378 106 31 tous
627 1367 65 41 les
719 1380 153 28 cœurs
891 1366 162 42 volent
1075 1379 102 28 vers
1210 1366 345 54 Weingartner,
1599 1365 79 53 qui
1712 1378 56 28 en
1799 1364 168 56 profite
2002 1378 120 40 pour
2153 1378 54 28 ne

250 1444 82 41 pas
364 1429 113 43 faire
522 1429 44 42 la
613 1427 174 56 reprise
830 1428 61 41 du
921 1427 202 54 premier
1175 1436 168 45 temps,
1381 1427 24 40 à
1442 1427 44 40 la
1523 1426 278 42 conclusion
1847 1425 366 56 mirifiquement

252 1492 187 54 élargie.

307 1554 74 40 On
402 1552 92 41 fête
520 1552 115 40 dans
661 1551 41 41 le
730 1551 236 41 Concerto
993 1563 58 28 en
1073 1549 70 41 sol
1165 1550 208 55 Auguste
1401 1549 193 53 Pierret,
1620 1549 92 42 tête
1737 1547 92 42 fine
1859 1557 44 33 et
1928 1547 151 55 doigts
2105 1547 108 53 fins,,

253 1615 114 40 dont
390 1613 245 55 j'aimerais
661 1611 246 56 applaudir
947 1611 106 54 plus
1086 1620 198 33 souvent
1317 1611 44 40 la
1399 1624 226 29 nerveuse
1650 1611 217 54 élégance
1894 1610 132 54 (mais
2053 1610 56 40 de
2135 1610 76 54 qui

253 1685 118 32 cette
405 1676 218 48 cadence,
645 1674 119 40 bons
792 1671 210 55 dieux?).
1029 1672 327 54 Weingartner
1381 1673 143 40 soude
1556 1672 245 41 l'Andante
1835 1686 58 26 au
1938 1671 187 41 Rondo.
2159 1672 55 40 Et

251 1736 106 55 puis
383 1737 113 40 c'est
518 1735 79 42 Yut
612 1735 198 50 mineur,
830 1733 139 41 finale
989 1733 321 54 d'apothéose,
1336 1747 125 38 avec,
1480 1735 114 40 dans
1616 1733 44 41 la
1680 1734 133 52 coda,
1841 1734 78 40 des
1938 1740 271 49 trompettes

254 1799 56 40 de
343 1797 198 55 gloire...

307 1859 206 41 Léonore
533 1872 24 27 a
578 1856 114 43 trois
719 1864 273 33 ouvertures
1016 1869 179 28 comme
1220 1856 42 40 la
1288 1856 181 41 maison
1496 1857 54 40 de
1594 1856 378 41 Cadet-Roussel
1998 1872 10 33 ;
2036 1855 114 41 mais
2172 1855 39 54 je

254 1933 56 28 ne
331 1920 221 54 prétends
580 1932 81 41 pas
688 1932 88 40 que
803 1925 118 33 cette
945 1917 136 54 triple
1104 1918 250 41 exécution
1380 1917 325 42 m'emballe...
1734 1918 185 40 Notons
1953 1918 260 53 cependant

256 1994 89 42 que
372 1982 41 40 le
437 1981 156 41 thème
620 1981 56 40 de
698 1979 44 40 la
757 1987 264 45 trompette,
1064 1979 114 41 dans
1215 1979 43 41 la
1283 1979 219 49 coulisse,
1529 1992 25 28 a
1580 1979 119 50 subi,
1727 1992 56 27 en
1813 1987 194 45 passant
2029 1979 61 40 du
2114 1986 49 31 n°
2190 1992 20 26 2

254 2056 58 27 au
333 2054 52 29 no
404 2043 40 49 3,
470 2055 94 28 une
597 2039 322 42 modification
945 2039 214 42 curieuse
1185 2039 78 55 qui
1282 2048 246 46 augmente
1562 2053 86 28 son
1666 2040 200 55 énergie.

312 2104 191 40 Louons
546 2104 183 39 Enesco
758 2102 79 39 des
860 2100 134 53 jolies
1019 2101 231 41 sonorités
1278 2101 110 55 qu'il
1411 2115 23 27 a
1455 2102 139 40 mises
1621 2115 58 27 au
1702 2101 175 42 service
1900 2102 61 40 du
1989 2101 222 41 Concerto

258 2173 42 33 et
320 2165 238 40 admirons
583 2161 387 56 l'interprétation
1008 2161 266 42 infiniment
1298 2163 256 54 spirituelle
1580 2172 45 33 et
1656 2163 261 54 distinguée
1943 2163 56 41 de
2025 2163 42 40 la
2090 2163 93 40 Hui-

254 2224 133 43 tième
411 2226 287 54 Symphonie
703 2257 11 16 ,
740 2224 294 40 commentée
1062 2237 109 28 avec
1195 2238 64 26 un
1281 2224 189 54 lyrisme
1503 2224 269 55 infatigable
1796 2238 82 40 par
1903 2224 123 41 l'ami
2054 2224 157 40 Pierre

257 2287 113 41 Lalo
392 2286 47 54 (il
462 2301 24 27 a
509 2286 174 53 raison)
710 2292 327 45 contempteur
1070 2285 56 41 de
1155 2285 216 42 Litvinne
1399 2286 47 54 (il
1472 2300 24 27 a
1519 2286 127 54 tort).

319 2349 339 55 Ysaye-Pugno
667 2379 8 8 .
740 2372 10 3 -
775 2347 104 42 Une
906 2359 112 27 cour
1044 2347 55 39 de
1125 2346 133 54 jolies
1284 2347 193 41 femmes
1497 2348 153 50 adule,
1671 2347 111 41 salle
1803 2347 177 54 Pleyel,
2008 2347 64 41 les
2097 2347 120 41 deux

254 2410 340 54 ventripotents
614 2422 281 41 monarques
921 2408 54 40 de
994 2407 191 41 l'archet
1208 2417 43 31 et
1276 2409 61 39 du
1362 2408 185 43 clavier.
1575 2410 126 39 Dans
1726 2408 45 41 la
1794 2408 191 54 griserie
2009 2409 55 41 de
2097 2417 116 33 cette

257 2469 293 55 atmosphère
578 2470 193 53 chargée
804 2470 55 40 de
901 2469 222 54 parfums,
1147 2469 40 53 je
1213 2483 56 27 ne
1291 2483 72 27 me
1389 2483 106 27 sens
1516 2483 81 40 pas
1622 2470 43 40 la
1688 2469 129 41 force
1836 2469 55 41 de
1919 2471 250 53 reprocher
2194 2471 23 39 à

256 2532 151 53 Ysaye
433 2544 86 27 son
544 2530 354 54 interprétation
922 2539 105 44 trop
1051 2529 150 41 câline
1229 2530 53 40 de
1314 2530 179 42 Bach...
1519 2532 251 52 Beaucoup
1794 2530 297 55 d'énergique
2112 2532 81 53 pré-

258 2592 148 42 cision
428 2592 114 40 dans
568 2591 212 41 l'austère
809 2591 174 40 Sonate
1011 2591 54 40 de
1108 2591 202 40 Vincent
1341 2591 165 54 d'lndy
1529 2607 9 37 ;
1576 2593 291 52 majestueux
1896 2601 44 32 et
1961 2593 195 54 poupin,
2174 2593 41 40 le

259 2652 225 56 Paganini
506 2652 255 41 bruxellois
780 2652 189 41 arrache
989 2652 355 55 héroïquement
1361 2653 64 41 les
1452 2652 248 42 farouches
1722 2653 216 55 pizzicati
1961 2655 61 40 du
2041 2654 174 41 second

254 2725 151 43 temps
431 2715 115 40 dont
584 2714 65 40 les
696 2715 131 53 âpres
861 2713 268 41 harmonies
1171 2723 106 31 sont
1306 2714 171 54 pétries
1523 2723 43 32 et
1590 2714 239 42 modelées
1855 2729 109 28 avec
1988 2730 64 26 un
2078 2715 116 42 athlé-

255 2775 137 42 tisme
422 2775 250 54 tranquille
689 2789 83 41 par
801 2777 180 52 Pugno,
1009 2789 51 26 ce
1088 2775 153 41 Rodin
1267 2776 61 41 du
1352 2775 172 56 Pleyel.

312 2837 282 41 Damnation
618 2836 52 41 de
697 2838 158 40 Faust.
962 2838 61 40 M.
1052 2836 55 41 de
1132 2837 201 41 Morsier
1354 2846 268 45 annonçant
1639 2838 43 40 la
1705 2838 161 54 grippe
1890 2839 54 41 de
1964 2839 101 40 Van
2088 2838 131 56 Dyck

256 2911 242 42 provoque
529 2898 66 41 les
625 2897 356 56 glapissements
1016 2897 129 55 aigus
1184 2898 62 41 du
1285 2899 162 54 public
1474 2899 54 41 de
1556 2899 203 54 l'Opéra,
1797 2899 160 55 public
1984 2900 233 41 d'ailleurs

258 2960 215 54 ignorant
494 2960 80 40 des
616 2959 261 50 traditions,
905 2973 76 27 car
1005 2959 30 40 il
1061 2973 56 27 ne
1143 2960 123 41 bisse
1292 2959 46 41 ni
1361 2960 43 41 la
1429 2962 157 40 Danse
1615 2962 75 40 des
1717 2962 200 54 Sylphes
1923 2995 10 16 ,
1956 2962 46 40 ni
2028 2962 43 40 la
2097 2962 120 40 Puce

258 3021 205 54 (Delmas
487 3035 56 27 en
585 3020 109 42 était
736 3021 153 53 baba),
927 3021 113 41 mais
1074 3021 260 41 seulement
1364 3022 44 40 la
1428 3022 194 40 Marche
1647 3030 44 33 et
1716 3022 42 40 la
1783 3022 231 42 Sérénade
2020 3056 9 9 .
2059 3023 124 41 Néan-

259 3082 168 51 moins,
456 3095 104 42 gros
588 3091 44 32 et
651 3081 92 42 très
767 3095 105 42 gros
901 3082 179 42 succès.

313 3144 73 40 On
420 3157 47 29 se
493 3153 182 32 montre
699 3157 108 29 avec
834 3143 281 41 admiration
1140 3144 66 40 les
1230 3158 89 38 400
1346 3144 229 42 choristes
1602 3144 340 42 d'Amsterdam
1975 3146 80 54 qui
2078 3158 110 29 occu-

258 3214 113 45 pent
390 3205 40 41 le
456 3205 115 42 fond
603 3206 55 41 de
684 3205 42 41 la
752 3203 136 44 scène
915 3214 44 33 et
983 3205 261 42 débordent
1265 3219 78 28 sur
1378 3207 121 40 deux
1540 3206 165 41 hautes
1738 3215 225 34 terrasses
2005 3208 212 41 latérales

261 3268 166 40 ornées
449 3267 55 41 de
527 3266 141 42 fleurs
695 3267 236 41 barbares.
954 3268 87 40 Ces
1064 3267 249 41 messieurs
1343 3276 43 32 et
1409 3268 159 40 dames
1589 3276 189 45 portent
1796 3269 23 40 à
1840 3269 43 40 la
1907 3268 310 42 boutonnière

259 3341 65 27 un
348 3329 148 40 ruban
527 3342 143 41 rouge
694 3343 10 37 ;
737 3329 168 41 Astruc
933 3343 24 26 a
988 3329 62 40 dû
1068 3329 66 40 les
1170 3328 112 42 faire
1328 3337 106 33 tous
1475 3329 194 41 décorer
1707 3330 55 40 de
1787 3330 43 40 la
1858 3330 178 55 Légion
2061 3331 133 41 d'hon-

261 3402 117 27 neur
403 3403 119 40 pour
545 3389 66 42 les
637 3391 336 54 récompenser
999 3390 55 41 de
1079 3390 100 41 leur
1199 3389 247 56 discipline
1472 3390 240 54 artistique
1739 3400 44 32 et
1806 3392 56 41 de
1895 3392 123 41 leurs
2050 3393 148 55 pianis-

262 3450 116 40 simo
402 3449 438 55 impressionnants.
860 3452 164 41 Bréval
1048 3450 251 56 triomphe,
1327 3453 131 54 après
1486 3466 85 28 son
1596 3466 276 28 amoureuse
1897 3453 321 53 lamentation,

263 3519 45 32 et
331 3511 325 55 Weingartner
675 3512 150 56 [après
866 3513 42 41 le
955 3513 337 56 steeple-chase
1317 3513 112 42 final
1467 3515 56 40 de
1547 3515 172 40 Vortex
1749 3523 45 32 et
1814 3515 56 41 de
1897 3515 191 52 Giaour,
2112 3515 84 42 arri-

261 3579 110 35 vant
399 3572 256 44 dead-heat.

317 3634 180 41 Encore
522 3636 251 42 Beethoven
781 3670 9 10 .
826 3637 144 41 —Au
995 3637 184 41 dernier
1202 3638 338 55 Weingartner,
1564 3638 280 43 l'ouverture
1870 3639 258 57 d'Egmont
2152 3638 67 42 fut

263 3696 125 40 aussi
413 3696 108 40 bien
547 3697 240 41 accueillie
814 3712 89 39 que
938 3698 114 41 celle
1079 3699 135 42 d'une
1241 3700 146 41 caisse
1430 3700 54 41 de
1522 3700 231 54 jambons,
1789 3701 40 41 le
1879 3715 11 28 l
1902 3713 34 21 er
1960 3701 106 54 mai,
2108 3701 109 42 chez

264 3757 154 42 Potin.
