2352 4071
793 226 58 31 LE
885 224 235 33 MERCURE
1153 219 216 34 MUSICAL
1503 202 188 56 15-V-OÔ

271 220 89 55 456

351 738 414 74 Évidemment,
790 746 47 51 le
864 743 255 54 candidat
1142 743 81 52 fut
1270 739 272 55 blâmable
1576 738 65 50 de
1668 751 67 34 ne
1796 730 182 53 savoir
2009 730 223 50 chanter

281 844 109 36 une
423 823 236 52 mélodie
678 819 148 54 aussi
851 819 155 52 facile
1029 835 105 53 que
1167 817 130 52 celle
1317 816 169 67 qu'on
1518 810 77 53 lui
1619 804 317 74 proposait;
1964 803 138 51 mais
2135 803 71 51 fai-

281 918 133 35 sons
432 917 77 36 un
562 911 188 39 retour
785 912 94 36 sur
906 899 352 47 nous-même
1308 903 52 38 et
1396 887 521 53 demandons-nous
1980 877 253 53 combien

283 974 171 55 Odon
487 972 238 70 Rigaud,
752 971 83 50 s'il
868 968 243 53 revenait
1134 968 65 51 de
1230 983 100 35 nos
1363 964 169 67 jours,
1555 957 321 58 trouverait,
1912 971 68 34 en
2007 954 225 64 France,

282 1052 69 51 de
382 1052 157 48 curés
570 1048 65 50 de
658 1061 301 52 campagne
984 1042 185 52 mieux
1200 1040 261 69 préparés
1487 1040 28 46 à
1537 1034 77 52 lui
1642 1031 292 69 répondre,
1951 1045 69 35 au
2051 1026 154 51 lende-

285 1124 153 51 main
496 1124 180 48 même
709 1120 74 51 du
813 1115 406 70 Motuproprio
1245 1120 10 47 1
1298 1113 187 62 Enfin,
1519 1108 141 53 voici
1702 1109 77 49 les
1813 1104 259 52 résultats
2105 1101 128 51 dun

287 1197 224 53 dernier
535 1211 248 35 examen.

532 1353 253 57 Mercredi,
821 1350 57 46 16
899 1367 125 29 mars
1051 1348 140 47 1261.

352 1457 411 48 Pernoctauimus
789 1453 128 60 apud
943 1452 218 46 Insulam
1183 1451 88 44 Dei
1297 1445 63 63 (2)
1393 1463 112 29 cum
1525 1445 227 59 expensis
1777 1442 220 45 abbacie.
2035 1439 109 59 Ipsa
2167 1439 74 45 die

290 1527 395 47 examinauimus
708 1522 297 48 Nicholaum
1021 1520 183 45 dictum
1241 1515 218 59 Quesnel
1494 1514 228 46 clericum
1741 1518 337 52 presentatum
2100 1506 141 47 nobis

294 1595 58 46 ad
375 1595 254 45 ecclesiam
647 1592 151 45 Beate
831 1589 157 46 Marie
1033 1588 59 45 de
1136 1584 392 61 Wynemeruilla
1579 1580 134 60 (3)...
1763 1578 171 47 Noluit
1970 1585 197 37 cantare
2200 1585 43 36 et

295 1663 118 47 dixit
452 1677 51 30 se
540 1659 150 47 nichil
711 1660 124 43 scire
879 1656 60 46 de
981 1664 210 37 cantu...

365 1807 225 55 Nicolas
630 1806 247 67 Quesnel
922 1805 83 51 fut
1044 1802 121 69 jugé
1212 1800 335 63 insuffisant,
1576 1810 51 38 et
1687 1797 47 51 le
1762 1796 174 69 prélat
1971 1796 181 50 refusa
2183 1795 60 51 de

295 1885 310 51 l'admettre
636 1881 101 51 àla
758 1896 125 35 cure
912 1880 66 49 de
1002 1875 418 53 Vinemerville.
1449 1875 165 49 Alors
1647 1872 49 51 le
1741 1870 258 52 candidat
2039 1868 202 65 évincé,

297 1959 140 50 mais
469 1955 364 65 récalcitrant,
868 1970 68 36 au
958 1952 108 51 lieu
1090 1953 66 50 de
1203 1951 195 67 perdre
1432 1950 73 50 du
1546 1961 179 55 temps
1779 1951 28 46 à
1860 1945 252 52 maudire
2150 1960 96 34 son

300 2034 145 67 juge,
464 2031 98 52 fait
587 2030 157 68 appel
777 2030 65 50 de
874 2040 138 39 cette
1042 2026 249 52 décision
1320 2065 10 10 .

363 2177 23 28 «
423 2195 51 12 ...
521 2161 108 57 Ego
650 2162 101 44 iam
791 2159 158 46 dictus
998 2154 272 48 Nicholaus
1322 2157 50 43 in
1414 2154 91 46 hoc
1534 2154 216 45 sentiens
1778 2167 79 30 me
1904 2152 262 55 grauari...
2191 2149 56 45 ad

299 2232 167 45 sedem
489 2228 323 61 apostolicam
838 2227 157 58 apello
1021 2228 50 43 in
1109 2225 250 57 scriptis...
1385 2238 21 28 »

365 2369 141 52 Mais
530 2368 169 53 Odon
725 2366 221 68 Rigaud
978 2381 67 34 ne
1073 2381 55 34 se
1151 2361 217 52 mettait
1392 2361 167 67 guère
1586 2376 69 33 en
1673 2357 160 69 peine
1860 2356 64 51 de
1947 2373 89 33 ces
2061 2354 183 68 appels

299 2463 68 34 au
393 2461 160 51 pape,
587 2459 88 34 car
706 2441 35 51 il
767 2440 253 66 jouissait
1047 2441 73 50 du
1160 2437 125 68 plus
1312 2436 135 51 haut
1468 2434 173 52 crédit
1672 2449 69 34 en
1772 2448 136 35 cour
1945 2431 66 50 de
2054 2430 192 49 Rome.

370 2517 400 66 L'archevêque
795 2514 295 52 maintient
1106 2529 59 34 sa
1188 2510 246 52 décision
1457 2526 10 37 :

363 2674 51 12 ...
441 2642 95 46 Cui
574 2641 320 58 appellationi
924 2647 260 49 propterea
1241 2635 132 59 quod
1393 2637 167 56 ipsum
1584 2634 51 43 in
1670 2632 363 45 examinatione
2072 2628 155 46 inueni-

301 2726 109 31 mus
432 2710 271 45 littérature
738 2709 197 57 penitus
959 2703 366 56 insufficientis,
1344 2712 52 37 ut
1419 2712 132 48 puta,
1575 2715 88 31 nec
1702 2699 163 56 legere
1908 2705 343 51 competenter,

302 2793 88 32 nec
413 2787 281 36 construere
715 2776 156 54 nouit,
906 2788 87 32 nec
1043 2783 197 35 cantare
1271 2771 174 55 uoluit,
1490 2784 99 31 non
1625 2769 229 46 duximus
1919 2765 333 47 deferendum.

301 2845 70 60 [p-
402 2842 104 61 396]

371 2977 76 50 Le
493 2975 112 50 zélé
653 2973 177 69 prélat
869 2971 216 53 avait-il
1127 2971 321 51 d'aventure
1489 2969 94 51 des
1616 2969 260 53 illusions
1910 2985 97 35 sur
2037 2966 217 52 l'avenir

305 3051 74 52 du
419 3050 165 50 chant
616 3047 301 69 liturgique
939 3048 19 48 ?

375 3160 52 51 3°
649 3157 335 53 Exécutions
1004 3154 358 72 défectueuses
1376 3171 16 35 :
1405 3154 278 68 plusieurs

306 3234 215 71 l'office.
668 3234 76 50 Le
1293 3230 241 53 Journal
1063 3229 225 54 d'Odon
1327 3227 218 70 Rigaud
1580 3246 65 33 va
1683 3245 142 36 nous
1870 3230 209 49 révéler
2114 3225 142 70 quel-

361 3400 58 53 (1)
438 3397 232 44 Antienne
695 3399 63 40 du
783 3396 247 43 dimanche
1056 3396 55 42 de
1156 3395 43 42 la
1225 3391 368 57 Septuagésime,
1619 3391 58 42 ad
1701 3405 255 29 nonam.—
1979 3391 143 42 Liber
2141 3389 93 43 anti-

309 3458 255 56 phonarius
897 3472 84 41 pro
1004 3458 210 41 laudibus
1600 3465 44 34 et
1661 3457 127 41 horis
1811 3453 268 51 minoribus,
2103 3466 46 42 p.
1529 3452 98 55 139.
1655 3452 244 53 Solesmis,
1951 3452 126 56 1891.
2120 3452 35 41 Il
2178 3451 60 40 s'a-

306 3519 65 56 git
394 3521 56 40 de
474 3519 356 55 l'antiphonaire
856 3518 313 55 monastique.

362 3582 62 53 (2)
451 3579 296 43 L'lsle-Dieu
763 3579 111 43 était
896 3593 92 29 une
1012 3580 178 55 abbaye
1205 3579 56 42 de
1289 3575 296 45 Prémontrés
1609 3575 115 43 dans
1748 3589 92 31 une
1858 3577 62 41 île
1942 3573 314 45 del'Andelle.

306 3639 115 43 Voir
601 3640 164 43 Gallia
978 3640 194 53 Christ.,
852 3648 33 35 t.
911 3640 80 51 XI,
1012 3654 46 41 p.
1086 3640 105 52 340.

360 3702 57 55 (3)
442 3701 348 52 Vinemerville,
817 3701 326 53 Seine-Infér.,
1170 3714 88 30 arr.
1284 3701 230 52 d'Yvetot,
1547 3706 174 36 canton
1745 3700 56 43 de
1828 3700 240 44 Valmont.
