2349 3840
965 413 76 40 LE
1073 412 247 41 SONNET

1925 424 78 41 271

266 560 40 39 le
345 566 166 48 martyr
540 569 97 32 sont
669 561 151 53 dignes
851 560 94 41 l'un
981 561 51 39 de
1061 559 155 41 l'autre
1232 574 9 34 ;
1284 559 105 40 dans
1428 560 180 40 l'œuvre
1632 560 110 39 ainsi
1776 573 84 40 que
1897 559 109 40 dans

270 631 226 56 l'homme,
519 633 38 41 le
579 647 119 28 cœur
718 647 161 42 occupe
902 646 85 27 une
1008 632 113 53 large
1141 632 131 53 place.
1317 631 54 41 Et
1394 640 205 45 pourtant
1618 646 57 26 on
1696 632 192 51 t'oublie,
1909 645 101 27 mon

267 719 163 41 pauvre
452 705 233 42 Goudimel
704 711 7 37 !
745 720 56 27 on
825 706 144 41 oublie
992 715 40 30 ta
1054 704 126 40 noble
1202 711 40 32 et
1266 704 106 39 belle
1407 703 134 54 figure
1560 709 8 36 !
1615 705 52 40 Et
1701 718 124 38 vous,
1850 719 62 26 ses
1946 704 63 41 six

270 778 130 42 frères
421 793 51 27 en
497 780 243 54 harmonie,
764 793 57 28 on
844 792 108 28 vous
973 777 147 41 oublie
1141 775 115 42 aussi
1275 779 7 37 !

324 853 100 50 Que
442 853 194 56 l'évêque
656 854 52 40 de
727 852 301 54 Comminges,
1051 851 230 40 Bertrand
1289 884 7 18 ,
1322 849 58 42 ait
1415 850 64 42 été
1500 861 59 28 un
1580 849 136 54 grand
1738 850 188 49 homme,
1954 850 57 55 j'y

268 940 197 40 consens,
504 936 41 33 et
575 927 38 53 je
646 928 90 39 suis
772 927 173 39 charmé
978 924 282 56 d'apprendre
1289 924 134 55 qu'on
1446 924 193 41 l'honore
1668 924 37 40 le
1743 924 22 56 i
1787 924 22 56 5
1831 924 177 56 octobre;

273 1001 142 53 qu'un
439 1001 229 41 Bertrand
690 999 51 40 de
762 1000 96 40 date
879 998 143 41 moins
1042 999 180 52 récente,
1261 999 87 40 issu
1383 998 51 41 de
1463 997 39 42 la
1536 997 171 42 maison
1745 996 73 41 des
1857 1006 158 31 comtes

270 1073 303 54 d'Aquitaine,
594 1073 60 41 ait
675 1074 105 40 vécu
802 1086 99 28 sous
920 1072 192 42 Clotaire
1133 1082 39 32 et
1195 1072 78 41 soit
1298 1074 130 53 passé,
1454 1075 120 51 après
1594 1085 43 27 sa
1653 1077 127 47 mort,
1797 1074 23 36 à
1834 1070 113 41 l'état
1965 1069 51 41 de

270 1146 129 50 saint,
423 1147 83 52 j'en
527 1147 91 40 suis
644 1147 114 50 ravi;
783 1148 134 53 qu'on
937 1161 67 27 me
1025 1147 224 54 renseigne
1267 1161 72 26 sur
1360 1154 97 33 tous
1479 1146 58 40 les
1557 1145 174 42 Nicolas
1753 1145 58 40 du
1834 1143 176 54 monde,

273 1234 28 40 y
322 1220 188 55 compris
531 1220 39 41 le
591 1228 150 47 patron
771 1220 50 41 de
853 1221 41 41 la
931 1221 155 41 Russie
1115 1230 40 31 et
1195 1220 110 41 celui
1341 1220 71 40 des
1442 1219 148 55 jeunes
1623 1232 193 43 garçons,
1849 1218 92 42 rien
1962 1218 51 40 de

269 1293 170 55 mieux;
464 1297 135 52 qu'on
625 1308 69 28 me
712 1294 89 41 dise
818 1294 117 42 enfin
952 1308 84 40 que
1060 1294 144 41 Pierre
1228 1295 173 47 Lassus,
1419 1292 246 54 chirurgien
1686 1292 50 40 de
1756 1291 254 52 Mesdames,

275 1367 108 42 filles
417 1368 51 41 de
503 1368 136 41 Louis
672 1369 96 52 XV,
793 1369 64 40 fut
898 1368 250 54 chirurgien
1186 1368 248 40 consultant
1468 1367 51 40 de
1559 1366 227 54 Napoléon
1829 1365 14 39 ler,I
1850 1371 28 17 er
1883 1396 10 21 ,
1933 1364 82 54 j'en

271 1442 189 54 éprouve
480 1455 86 27 une
588 1441 263 42 satisfaction
873 1441 227 54 profonde;
1135 1440 203 41 toutefois
1359 1439 37 55 je
1420 1453 53 27 ne
1495 1439 128 40 serais
1645 1452 74 41 pas
1741 1437 120 41 fâché
1883 1437 132 54 qu'on

271 1514 181 54 daignât
477 1514 210 41 modifier
706 1528 74 26 sur
800 1514 39 40 la
866 1514 66 40 vie
955 1522 41 32 et
1023 1514 58 40 les
1108 1526 211 40 ouvrages
1337 1514 71 39 des
1434 1512 245 52 Bertrand,
1699 1512 72 40 des
1792 1510 116 41 Boni
1914 1544 8 18 ,
1946 1511 70 40 des

272 1588 191 43 Nicolas
483 1588 52 41 de
556 1588 40 41 la
619 1588 166 54 Grotte,
808 1589 71 39 des
912 1588 175 51 Lassus,
1115 1586 326 42 individualités
1462 1587 183 40 célèbres
1667 1585 77 54 qui
1766 1584 225 41 contribuè-

270 1670 98 33 rent
383 1665 24 37 à
428 1662 40 41 la
484 1661 134 55 gloire
639 1662 51 40 de
710 1661 40 41 la
774 1661 303 41 Renaissance.

332 1735 122 41 Fatal
488 1738 23 38 à
544 1735 41 41 la
618 1735 162 54 grande
809 1735 158 55 poésie,
1002 1735 38 40 le
1077 1743 154 32 sonnet
1268 1747 53 28 ne
1353 1733 92 41 l'est
1470 1745 74 42 pas
1568 1731 143 42 moins
1741 1736 23 36 à
1789 1729 40 42 la
1856 1731 162 54 grande

280 1809 221 54 musique.
539 1808 34 41 Il
597 1822 42 27 se
661 1810 115 53 prête
799 1808 87 41 mal
911 1820 85 28 aux
1025 1808 116 41 élans
1172 1808 49 40 de
1248 1806 335 54 l'imagination,
1611 1819 85 27 aux
1718 1813 300 32 mouvements

275 1883 121 41 virils
416 1883 50 40 de
487 1883 40 40 la
547 1882 193 55 passion,
767 1896 86 27 aux
874 1881 360 55 contemplations
1256 1881 207 40 sublimes
1480 1896 8 36 ;
1521 1879 37 40 le
1580 1878 228 55 grandiose
1827 1877 188 51 l'effraie,

277 1957 38 41 le
338 1956 259 42 surhumain
620 1956 156 41 l'effare
793 1971 9 37 ;
836 1956 31 41 il
889 1970 42 27 se
951 1955 136 41 refuse
1109 1968 84 28 aux
1214 1954 373 54 développements
1608 1952 223 55 poétiques
1853 1961 38 30 et
1921 1964 71 26 sur-

280 2038 98 34 tout
398 2044 87 28 aux
505 2029 377 55 développements
903 2029 226 42 musicaux
1149 2043 8 35 ;
1190 2028 66 41 s'il
1282 2036 171 33 entrave
1474 2027 37 40 le
1533 2029 139 51 poète,
1697 2025 30 39 il
1749 2024 211 40 enchaîne
1982 2023 38 40 le

275 2103 232 42 musicien.
541 2103 167 41 Tandis
736 2117 84 40 que
847 2103 110 40 l'ode
983 2102 143 53 ajoute
1155 2102 58 40 les
1246 2100 193 55 strophes
1470 2113 82 26 aux
1589 2098 212 54 strophes,
1822 2110 41 27 se
1898 2105 122 32 meut

277 2178 367 53 magistralement
664 2177 107 40 dans
794 2190 86 27 une
902 2177 133 40 forme
1056 2175 173 53 ductile,
1249 2176 110 39 croît
1380 2173 357 51 démesurément,
1755 2170 152 41 bondit
1926 2183 94 26 vers

273 2250 178 54 l'infini,
474 2251 125 41 étend
622 2264 62 26 ses
705 2249 102 41 ailes
828 2253 23 36 à
873 2249 267 54 l'envergure
1163 2248 222 50 immense,
1411 2254 41 33 et
1473 2253 184 33 traverse
1677 2244 40 40 la
1739 2257 102 40 nue,
1862 2244 150 52 l'azur,

277 2325 60 42 les
371 2324 122 41 cieux
527 2337 52 27 en
607 2325 152 39 rêvant
784 2328 23 35 à
836 2322 220 53 l'illimité,
1089 2322 38 41 le
1157 2330 171 40 sonnet,
1356 2320 79 54 lui,
1460 2333 131 40 songe
1617 2323 24 36 à
1670 2320 42 39 la
1740 2326 110 33 terre
1886 2326 41 33 et
1962 2318 60 54 s'y

276 2399 183 41 attache.
497 2398 34 40 Il
553 2397 162 41 semble
733 2397 106 40 crier
859 2400 22 37 à
902 2397 201 51 l'auteur,
1127 2410 56 26 au
1208 2394 294 54 compositeur
1521 2408 8 26 :
1552 2409 17 22 «
1595 2392 136 54 Soyez
1754 2392 132 49 brefs;
1911 2390 109 42 dites

275 2472 89 41 vite
386 2485 46 27 ce
452 2484 85 41 que
559 2484 107 27 vous
689 2484 101 27 avez
811 2474 23 36 à
856 2470 103 47 dire,
986 2477 245 32 autrement
1246 2468 36 40 le
1301 2476 140 45 temps
1456 2480 108 27 vous
1580 2477 236 41 manquera
1836 2477 9 40 ;
1871 2464 151 40 n'allez

278 2545 47 41 ni
345 2552 96 47 trop
467 2544 108 41 haut
607 2543 46 41 ni
686 2551 95 47 trop
805 2542 89 41 loin
914 2558 10 32 ;
958 2555 53 27 ne
1031 2554 107 28 vous
1161 2542 145 54 égarez
1333 2553 74 41 pas
1428 2538 105 40 dans
1551 2538 58 40 les
1632 2550 188 41 espaces;
1851 2536 33 40 si
1907 2549 109 26 vous

277 2630 110 27 vous
421 2616 175 41 mettiez
626 2619 23 38 à
675 2616 40 40 la
748 2615 155 42 fenêtre
933 2615 50 41 de
1004 2615 155 53 l'idéal,
1181 2628 108 27 vous
1310 2627 107 28 vous
1439 2610 238 43 heurteriez
1696 2624 86 26 aux
1803 2609 209 40 barreaux

278 2691 109 40 dont
407 2690 37 55 je
465 2690 71 41 l'ai
561 2690 170 54 garnie!
766 2689 431 54 Restreignez-vous,
1222 2702 52 26 ne
1295 2686 167 56 quittez
1485 2699 72 39 pas
1587 2698 45 27 ce
1665 2683 123 55 globe
1809 2682 151 41 infime
1981 2690 40 34 et

279 2777 184 28 morose.
496 2763 124 42 Atlas
645 2776 248 40 nouveaux,
928 2776 53 27 ne
1011 2761 202 42 cherchez
1239 2775 74 40 pas
1342 2765 23 35 à
1395 2759 96 41 voir
1518 2758 105 40 dans
1645 2758 39 39 le
1704 2756 94 50 ciel,
1819 2769 70 28 car
1910 2756 111 40 alors

279 2852 109 27 vous
409 2851 108 27 vous
539 2838 199 40 sentiriez
759 2845 172 33 retenus
954 2836 106 41 dans
1081 2849 88 27 mes
1191 2834 110 41 liens
1322 2832 223 42 invisibles
1561 2843 167 29 comme
1739 2830 37 40 le
1794 2843 223 40 passereau

278 2912 108 40 dans
419 2911 60 41 les
506 2924 133 28 serres
669 2910 59 41 du
757 2918 205 41 vautour,
996 2922 170 28 comme
1199 2921 60 27 un
1289 2906 157 55 peuple
1475 2919 100 26 sous
1606 2904 38 40 le
1677 2910 160 47 sceptre
1869 2904 50 38 de
1945 2915 77 27 son

278 2985 201 53 gracieux
502 2984 242 50 souverain,
771 2996 168 29 comme
960 2982 39 41 le
1021 2982 223 40 hanneton
1264 2980 169 41 attaché
1456 2992 76 40 par
1554 2979 38 39 la
1614 2984 115 47 patte
1749 2980 22 35 à
1796 2988 59 27 un
1877 2974 65 42 fil.
1982 2973 39 42 O

278 3057 300 42 sonnettistes!
601 3057 38 54 je
656 3071 110 27 vous
783 3057 124 50 tiens,
930 3069 108 28 vous
1057 3057 83 39 êtes
1156 3067 90 28 mes
1264 3053 141 53 féaux,
1424 3065 88 27 mes
1528 3050 165 54 captifs,
1714 3061 87 27 mes
1816 3047 202 42 esclaves:

279 3137 358 35 contentez-vous
667 3130 59 40 du
755 3129 203 41 domaine
981 3127 185 41 humain
1181 3140 10 40 ;
1225 3126 247 54 fréquentez
1501 3123 59 40 les
1582 3121 191 53 sentiers,
1801 3121 57 39 les
1885 3119 108 42 chau-

280 3219 108 41 mes,
412 3205 199 54 pénétrez
632 3203 107 40 dans
768 3204 59 39 les
849 3203 150 55 palais,
1021 3203 154 50 aimez,
1194 3201 156 50 flattez,
1371 3210 183 29 caressez
1568 3196 40 40 la
1626 3194 169 53 beauté,
1814 3207 179 41 moquez-

284 3291 109 27 vous
426 3277 72 40 des
531 3275 224 41 méchants
789 3283 39 33 et
853 3275 177 55 profitez
1058 3274 52 40 de
1131 3274 40 40 la
1201 3273 170 40 minute
1404 3284 85 41 que
1518 3269 37 54 je
1586 3281 107 27 vous
1728 3267 188 41 accorde.
1949 3269 72 37 Au

284 3351 193 54 surplus,
501 3363 110 28 vous
633 3348 146 41 auriez
803 3356 86 34 tort
909 3349 50 40 de
980 3362 107 27 vous
1108 3346 209 56 plaindre.
1353 3342 198 44 L'amitié
1569 3354 108 28 vous
1698 3340 101 42 tend
1824 3340 39 41 la
1883 3340 136 54 main,

284 3426 40 41 la
357 3424 163 42 rêverie
555 3436 108 28 vous
688 3422 151 53 invite,
873 3422 40 41 la
941 3422 136 53 gaieté
1107 3434 109 27 vous
1234 3419 122 43 attire
1378 3431 100 29 sous
1498 3417 39 42 le
1555 3427 180 44 pampre
1757 3413 122 56 jauni
1901 3419 56 37 où
1980 3415 38 40 la
