2349 3840
812 424 79 42 LA
923 422 394 52 CHRONIQUE
1351 421 323 43 MUSICALE

351 425 84 42 266

405 575 127 42 Nous
548 588 136 28 avons
703 587 54 28 eu
780 581 187 34 souvent
982 575 201 41 occasion
1200 574 272 50 d'entendre,
1488 573 103 42 chez
1610 573 62 42 M.
1694 576 39 39 le
1752 573 186 43 docteur
1959 573 141 42 Trous-

348 665 118 39 seau,
491 653 40 40 la
555 665 117 27 sœur
691 651 50 40 de
762 659 109 33 cette
894 649 250 43 infortunée
1165 651 34 41 si
1223 651 377 56 prématurément
1621 649 204 41 arrachée
1853 654 24 36 à
1899 651 98 40 l'art
2021 649 108 42 dans

345 728 143 53 lequel
515 740 78 27 son
617 730 100 52 père
736 741 22 26 a
786 726 127 41 laissé
935 734 97 32 tant
1053 726 51 41 de
1126 726 201 41 brillants
1357 724 249 50 souvenirs,
1633 724 202 41 madame
1861 724 54 41 de
1937 724 88 43 C...
2047 739 85 41 que

346 803 39 40 le
408 802 161 42 monde
589 816 21 27 a
630 802 174 41 enlevée
828 806 23 36 à
872 804 41 38 la
936 805 142 49 scène,
1101 806 59 36 où
1181 815 80 27 son
1284 800 278 56 magnifique
1598 801 140 39 talent
1760 799 66 41 lui
1849 802 73 39 eût
1954 800 104 41 valu
2081 799 52 42 de

347 877 147 42 briller
527 892 55 27 au
605 877 188 56 premier
818 889 133 39 rang;
975 875 153 55 jamais
1160 889 112 27 nous
1307 877 182 40 n'avons
1520 876 235 42 rencontré
1781 875 351 54 d'organisation

348 952 217 55 physique
588 951 99 54 plus
705 950 121 51 forte,
854 948 52 41 de
929 948 193 56 poitrine
1145 949 148 41 mieux
1317 950 262 42 conformée.

402 1027 62 40 M.
489 1025 39 41 le
550 1024 243 55 professeur
821 1023 145 40 Pierre
991 1021 191 53 Marini,
1204 1023 155 41 ancien
1383 1024 219 42 directeur
1625 1026 60 40 du
1710 1024 339 43 Conservatoire
2072 1025 52 40 de

348 1099 189 52 Madrid,
564 1106 173 48 partage
769 1112 53 26 en
842 1105 96 33 tout
961 1096 126 57 point
1117 1097 123 41 l'avis
1259 1098 73 40 des
1355 1101 179 39 maîtres
1557 1099 186 58 français
1767 1114 75 26 sur
1873 1098 259 43 l'influence

343 1173 309 55 préservatrice
673 1185 85 42 que
793 1171 178 56 possède
993 1171 37 40 le
1051 1171 134 41 chnnt
1226 1179 152 33 contre
1401 1171 40 41 la
1473 1172 207 55 phthisie.
1710 1174 35 39 Il
1767 1188 24 27 a
1820 1188 59 27 vu
1905 1174 222 55 plusieurs

343 1248 80 41 fois
444 1247 73 41 des
532 1247 138 41 élèves
685 1246 132 40 d'une
837 1246 123 42 santé
976 1245 83 41 fort
1079 1244 195 42 affaiblie
1296 1246 234 55 reprendre
1552 1246 73 40 des
1646 1246 138 41 forces
1807 1256 41 32 et
1870 1248 50 40 de
1943 1248 185 41 fraîches

343 1322 207 42 couleurs
567 1336 76 41 par
664 1321 39 41 le
722 1322 88 40 bon
844 1320 99 41 effet
963 1319 74 42 des
1061 1319 146 58 leçons
1230 1321 51 39 de
1309 1320 135 41 chant
1466 1319 112 56 qu'il
1600 1320 96 41 leur
1718 1320 211 54 donnait;
1967 1321 110 41 mais
2101 1322 32 40 il

343 1411 54 28 ne
418 1397 94 41 faut
534 1411 73 42 pas
628 1395 173 42 oublier
819 1395 51 41 de
894 1395 284 41 mentionner
1200 1408 86 42 que
1309 1395 63 43 M.
1399 1394 182 55 Marini,
1600 1409 171 27 comme
1793 1404 100 32 tous
1916 1409 108 27 ceux
2047 1396 82 55 qui

344 1481 78 34 ont
442 1472 146 42 étudié
610 1471 314 41 sérieusement
946 1477 110 34 cette
1090 1470 226 54 question,
1352 1469 79 41 fait
1458 1470 117 41 aussi
1600 1484 64 26 ses
1693 1470 272 42 restrictions
2002 1479 42 33 et
2067 1472 43 39 in-

346 1547 101 43 siste
464 1548 228 54 beaucoup
717 1561 76 27 sur
816 1547 40 40 la
880 1545 210 42 nécessité
1113 1545 178 42 absolue
1323 1545 135 41 d'une
1479 1543 217 43 direction
1733 1544 290 57 scrupuleuse
2055 1545 74 42 des

345 1622 225 42 exercices.

401 1701 63 38 M.
494 1697 174 53 Duprez
687 1710 53 26 ne
760 1696 77 41 fait
858 1709 149 27 aucun
1030 1695 134 40 doute
1180 1709 86 41 que
1290 1695 58 40 les
1373 1708 220 41 poumons
1616 1709 53 27 ne
1689 1703 195 46 gagnent
1900 1699 22 37 à
1946 1696 41 41 la
2011 1709 93 42 gym-

344 1771 203 56 nastique
569 1785 45 27 ce
637 1770 107 55 qu'y
766 1776 192 49 gagnent
988 1777 101 34 tous
1111 1769 59 41 les
1193 1783 197 40 organes,
1416 1769 273 42 c'est-à-dire
1722 1783 87 27 une
1834 1770 99 55 plus
1969 1770 165 54 grande

344 1847 205 54 vigueur,
569 1847 38 40 le
630 1855 149 32 retour
798 1846 51 40 de
870 1845 39 41 la
934 1846 122 40 santé
1080 1844 178 56 perdue,
1283 1859 57 27 ou
1364 1852 98 34 tout
1484 1859 56 27 au
1565 1844 147 42 moins
1728 1844 38 41 le
1785 1847 345 53 prolongement

342 1921 52 41 de
417 1921 39 41 la
478 1921 233 41 résistance
740 1928 150 35 contre
912 1919 38 42 le
975 1920 88 41 mal
1080 1933 10 40 ;
1115 1919 110 41 mais
1249 1919 30 41 il
1294 1933 23 26 a
1341 1918 186 55 négligé,
1552 1920 108 40 dans
1683 1922 39 39 le
1739 1933 129 27 cours
1889 1920 52 40 de
1971 1934 46 27 sa
2039 1933 68 28 car-

344 1996 123 53 rière,
497 1995 95 55 déjà
621 1996 34 40 si
677 1996 184 53 longue,
889 1996 52 40 de
968 1994 105 42 faire
1105 1995 52 40 de
1185 2008 69 27 ces
1286 1994 304 42 observations
1623 1994 305 56 particulières
1961 1995 78 55 qui
2068 2008 44 28 se-

348 2070 141 42 raient
511 2071 107 39 dans
643 2084 44 26 sa
707 2069 170 41 bouche
899 2070 133 40 d'une
1055 2069 34 41 si
1112 2069 164 54 grande
1299 2069 168 41 valeur.

402 2146 62 42 M.
490 2145 203 52 Vautrot,
720 2144 217 41 directeur
972 2144 59 41 du
1066 2144 135 40 chant
1235 2158 55 26 au
1325 2144 139 53 grand
1499 2144 161 55 Opéra,
1684 2159 23 26 a
1742 2145 215 54 toujours,
1978 2145 156 56 depuis

348 2220 171 40 bientôt
547 2220 162 53 quinze
745 2234 77 26 ans
854 2219 110 54 qu'il
996 2219 249 55 appartient
1272 2224 23 35 à
1326 2227 123 34 notre
1470 2219 216 55 première
1708 2224 127 37 scène
1859 2220 187 56 lyrique,
2073 2234 60 27 vu

348 2295 60 40 les
446 2294 212 55 poitrines
687 2294 63 55 s'y
782 2293 180 42 fortifier
994 2307 101 27 sous
1126 2293 253 41 l'influence
1414 2293 73 40 des
1518 2294 214 41 exercices
1766 2308 188 39 vocaux,
1980 2305 41 32 et
2048 2299 86 38 très

346 2377 189 33 souvent
566 2368 74 42 des
669 2383 236 41 personnes
927 2368 151 42 faibles
1099 2368 53 41 de
1184 2369 291 41 constitution
1498 2383 28 40 y
1548 2370 203 54 acquérir
1778 2370 51 41 de
1858 2370 40 41 la
1921 2370 129 54 force,
2075 2385 58 28 ou

344 2451 99 34 tout
482 2457 55 26 au
576 2443 147 40 moins
763 2443 72 40 des
878 2457 266 41 apparences
1178 2443 53 40 de
1265 2445 123 39 santé
1428 2443 181 55 qu'elles
1639 2444 224 42 n'avaient
1891 2446 125 54 point
2042 2445 69 56 jus-

343 2519 168 54 que-là.
542 2517 63 42 M.
629 2518 189 41 Vautrot
842 2532 52 26 ne
927 2532 43 26 se
998 2517 188 56 rappelle
1220 2531 217 42 personne
1463 2519 96 54 qui,
1590 2519 107 40 dans
1728 2520 60 40 les
1816 2519 176 42 chœurs
2018 2522 115 55 qu'il

345 2592 159 54 dirige,
528 2592 62 42 ait
609 2594 236 39 succombé
868 2598 23 35 à
913 2592 40 41 la
976 2592 209 55 phthisie,
1204 2606 57 28 ou
1286 2593 242 42 seulement
1550 2594 62 41 ait
1634 2595 66 40 été
1723 2595 147 54 obligé
1894 2596 51 40 de
1967 2596 167 55 quitter

344 2666 38 41 le
403 2667 164 41 théâtre
591 2681 112 41 pour
730 2667 188 41 maladie
941 2667 59 41 du
1025 2681 197 41 poumon
1322 2683 113 26 nous
1458 2683 54 27 ne
1534 2669 150 42 disons
1715 2684 74 41 pas
1811 2671 61 40 du
1902 2672 159 54 larynx

344 2743 154 41 causée
536 2756 77 41 par
651 2756 43 26 sa
732 2741 258 54 profession.
1026 2741 37 41 Il
1099 2743 146 40 admet
1278 2742 255 42 l'influence
1564 2744 135 42 d'une
1731 2746 147 40 bonne
1910 2759 59 28 ou
2001 2746 133 42 d'une

344 2817 228 41 mauvaise
608 2815 278 55 respiration,
910 2816 110 41 mais
1052 2816 244 42 seulement
1331 2826 142 45 quant
1503 2823 23 36 à
1551 2819 42 41 la
1614 2819 134 41 durée
1771 2827 42 34 et
1834 2834 87 26 aux
1945 2820 189 56 qualités

343 2892 51 40 de
424 2891 40 41 la
486 2890 118 41 voix.
634 2890 253 53 Là-dessus,
914 2891 64 40 M.
1005 2890 192 43 Vautrot
1218 2906 23 27 a
1268 2906 53 27 eu
1355 2893 284 55 l'obligeance
1664 2894 190 44 d'entrer
1881 2909 104 28 avec
2021 2910 113 28 nous

343 2965 108 40 dans
475 2965 71 40 des
576 2964 153 41 détails
751 2965 79 54 qui
864 2978 54 27 ne
947 2965 225 42 sauraient
1201 2974 180 34 trouver
1409 2967 56 41 ici
1489 2968 97 41 leur
1616 2970 136 53 place.

400 3040 64 40 M.
487 3038 201 42 Delsarte
703 3039 113 42 tient
840 3038 132 55 école,
995 3040 154 55 depuis
1169 3049 143 33 trente
1334 3043 174 42 années.
1529 3045 40 38 A
1586 3043 107 54 l'âge
1708 3044 51 41 de
1776 3044 191 56 dix-sept
1989 3060 94 40 ans,
2104 3045 30 43 il

342 3114 118 40 avait
481 3113 93 55 déjà
594 3127 62 27 un
675 3123 309 45 engagement,
1010 3114 128 47 mais,
1157 3114 75 42 dès
1254 3116 102 49 lors,
1383 3130 44 27 sa
1450 3117 102 41 voix
1576 3120 296 57 commençait
1893 3123 22 38 à
1935 3133 42 28 se
1998 3121 136 42 briser

343 3188 109 40 dans
475 3187 59 41 les
558 3195 123 34 notes
705 3187 178 43 élevées.
903 3189 163 54 Obligé
1087 3189 50 42 de
1160 3204 211 27 renoncer
1392 3205 55 26 au
1471 3191 184 57 théâtre,
1676 3193 29 41 il
1724 3208 43 26 se
1788 3194 47 42 fit
1860 3194 271 46 Professeur.

346 3262 63 42 M.
436 3262 194 41 Delsarte
655 3263 69 40 n'a
746 3262 159 56 jamais
927 3278 150 28 connu
1112 3278 150 28 aucun
1286 3265 257 56 phthisique
1566 3269 142 53 parmi
1729 3269 59 41 les
1811 3269 252 43 chanteurs.
2100 3271 34 41 Il

347 3344 62 32 est
432 3340 86 37 très
541 3337 213 54 persuadé
776 3352 87 41 que
882 3339 39 40 le
943 3340 134 42 chant
1110 3347 61 33 est
1202 3354 61 26 un
1288 3342 213 40 excellent
1529 3356 161 42 moyen
1722 3358 113 41 pour
1860 3344 182 42 fortifier
2074 3346 60 41 les

345 3409 210 54 poitrines
577 3411 166 42 faibles.
770 3414 242 55 Autrefois,
1035 3414 31 41 il
1099 3416 214 41 mesurait
1332 3415 60 42 les
1414 3417 212 55 poitrines
1655 3419 74 40 des
1750 3419 252 52 débutants,
2028 3430 55 44 et,
2110 3426 23 36 à

344 3482 128 55 peine
513 3483 59 40 les
605 3483 147 58 leçons
784 3487 298 43 avaient-elles
1110 3490 108 41 duré
1253 3504 62 28 un
1346 3491 114 42 mois
1490 3506 58 28 ou
1586 3494 129 52 deux,
1747 3507 88 42 que
1870 3494 112 55 déjà,
2021 3509 113 41 pour
