2349 3840
736 413 78 40 LA
845 411 391 52 CHRONIQUE
1267 409 326 44 MUSICALE

268 415 86 53 248

264 561 100 41 ches
392 574 88 28 une
508 561 189 41 blafarde
724 570 41 33 et
796 560 183 44 funèbre
1012 562 209 42 lumière.
1252 560 73 44 On
1354 560 224 56 l'aperçoit
1600 563 24 37 à
1644 566 169 34 travers
1836 571 63 28 un
1921 558 126 40 arbre

264 635 216 41 immense
496 635 78 55 qui
595 649 166 44 occupe
776 637 37 41 le
830 637 189 55 premier
1034 637 117 55 plan.
1171 636 116 42 C'est
1304 635 102 42 bien
1428 635 40 41 là
1490 634 39 41 le
1550 633 203 42 sommeil
1768 633 51 40 de
1833 632 42 41 la
1893 640 155 33 nature

262 710 213 41 conviant
496 724 58 27 au
574 710 203 43 sommeil
798 712 51 40 de
870 712 40 41 la
933 720 130 34 mort.

322 784 61 41 Le
404 785 189 53 premier
610 795 91 33 acte
721 786 53 42 de
794 786 264 42 Guillaume
1085 788 99 40 Tell
1199 786 123 42 vient
1332 790 23 37 à
1371 798 161 42 propos
1552 784 173 41 chasser
1741 783 61 41 les
1817 782 231 42 réflexions

261 858 206 55 glaciales
502 874 79 41 par
614 860 229 56 lesquelles
864 874 59 27 on
945 861 123 40 vient
1098 861 53 40 de
1178 874 161 41 passer.
1366 860 116 41 Rien
1510 859 53 42 de
1591 858 102 57 plus
1722 857 122 54 frais,
1867 857 53 42 de
1949 857 100 55 plus

261 932 135 53 riant,
417 933 53 41 de
499 934 101 54 plus
630 934 273 54 pittoresque
930 947 87 41 que
1047 947 47 27 ce
1129 934 126 41 décor
1285 934 344 56 complètement
1661 946 227 28 nouveau.

318 1005 127 42 Nous
473 1006 113 40 voici
615 1019 55 27 en
698 1005 146 55 pleine
871 1006 165 41 Suisse.
1065 1007 64 40 De
1151 1006 157 42 hautes
1329 1017 264 46 montagnes
1616 1007 170 43 élèvent
1807 1006 242 57 jusqu'aux

260 1091 167 41 nuages
451 1077 123 42 bleus
595 1078 119 42 leurs
728 1087 211 33 sommets
961 1079 150 41 blancs
1130 1080 53 41 de
1204 1081 143 53 neige.
1370 1081 208 52 Adroite,
1599 1082 74 42 des
1693 1082 184 52 châlets,
1901 1085 24 37 à
1947 1089 101 33 tous

258 1151 61 41 les
354 1150 142 55 plans,
513 1150 104 55 jetés
652 1157 49 53 çà
738 1159 42 34 et
811 1152 56 52 là,
905 1157 25 38 à
964 1153 198 51 mi-côte,
1195 1154 101 55 plus
1329 1155 127 54 haut,
1491 1156 99 55 plus
1626 1158 89 51 bas,
1754 1156 178 56 perchés
1974 1169 75 28 sur

259 1237 63 29 un
343 1224 142 55 ravin,
512 1225 175 41 enfouis
709 1239 103 28 sous
835 1240 64 28 un
920 1240 89 28 roc.
1036 1226 75 43 On
1128 1227 60 42 les
1209 1228 195 60 aperçoit
1423 1229 165 42 colorés
1612 1244 78 40 par
1710 1230 39 41 le
1771 1230 123 41 soleil
1912 1234 24 37 à
1959 1237 66 35 tra-

257 1311 94 28 vers
385 1298 39 41 le
457 1307 110 46 pont
611 1315 20 24 «
650 1300 237 55 praticable
911 1317 18 23 »
967 1310 42 35 et
1033 1303 203 54 rustique
1266 1303 82 55 jeté
1381 1317 77 28 sur
1492 1304 39 41 le
1564 1312 169 34 torrent
1762 1305 80 55 qui
1870 1305 127 41 roule
2024 1308 25 38 à

257 1371 168 55 gauche
445 1385 65 28 ses
530 1373 135 41 ondes
688 1375 345 42 tumultueuses.
1052 1376 124 41 Tout
1195 1380 23 37 à
1236 1376 182 54 l'heure,
1453 1378 40 41 le
1513 1378 111 55 petit
1645 1379 190 54 pêcheur
1859 1378 188 41 invitera

257 1446 40 40 la
318 1445 273 56 jouvencelle
612 1447 156 42 timide
788 1454 25 37 à
833 1449 39 42 le
887 1450 126 41 venir
1035 1450 220 55 rejoindre
1276 1466 76 27 sur
1373 1453 60 40 les
1458 1451 116 43 flots.

316 1520 61 41 Le
403 1522 191 54 premier
628 1522 176 43 tableau
833 1524 62 42 du
925 1524 254 56 cinquième
1200 1534 94 33 acte
1315 1526 75 41 des
1411 1527 282 56 Huguenots
1726 1545 19 21 «
1769 1528 38 41 le
1828 1528 171 54 cloître,
2024 1544 22 24 »

257 1594 170 43 n'étant
457 1596 143 55 qu'un
633 1597 153 42 rideau
818 1598 368 44 admirablement
1216 1600 137 55 peint,
1377 1601 230 42 faisons-le
1640 1603 260 55 disparaître
1934 1618 115 41 pour

256 1670 165 42 arriver
454 1684 57 28 au
547 1671 232 42 deuxième
812 1672 178 42 tableau
1029 1673 79 54 qui
1135 1674 267 56 représente,
1421 1675 167 55 d'après
1625 1691 88 27 une
1748 1685 210 48 estampe,
1984 1691 62 28 un

254 1745 101 42 coin
376 1745 61 42 du
460 1745 131 42 vieux
615 1746 138 41 Paris.
781 1746 120 42 Dans
923 1760 48 28 ce
988 1748 221 44 carrefour
1239 1750 253 42 tomberont
1519 1765 101 28 sous
1638 1752 61 41 les
1721 1752 133 42 balles
1872 1754 74 40 des
1966 1753 63 41 cal-

255 1819 199 52 vinistes,
479 1818 252 56 Valentine,
758 1821 146 42 Raoul
934 1831 42 33 et
1004 1822 179 43 Marcel.
1207 1823 124 44 Cette
1353 1825 181 43 terrible
1555 1827 171 54 époque
1747 1828 192 40 renaîtra
1960 1841 86 27 aux

253 1907 117 43 yeux
398 1894 61 41 du
492 1901 246 49 spectateur
765 1908 104 29 avec
891 1910 88 28 une
1000 1896 240 56 effrayante
1259 1898 152 43 vérité.
1439 1900 61 41 Le
1521 1900 130 42 décor
1673 1915 43 27 se
1736 1901 311 42 transformera

252 1968 54 41 de
343 1981 221 31 nouveau.
588 1971 38 40 A
651 1969 41 42 la
725 1969 129 42 lueur
887 1971 74 42 des
997 1972 190 53 torches,
1212 1977 23 37 à
1266 1974 42 40 la
1340 1973 134 42 clarté
1514 1974 54 42 de
1603 1974 41 42 la
1673 1975 123 52 lune,
1822 1976 61 42 les
1924 1984 123 34 tours

252 2042 53 43 de
341 2042 336 58 Notre-Dame,
719 2045 43 42 la
795 2046 150 43 Sainte
965 2070 19 10 -
1006 2046 226 57 Chapelle,
1273 2049 88 42 l'île
1390 2049 127 43 Saint
1536 2072 21 10 -
1581 2050 155 53 Louis,
1776 2052 39 41 le
1846 2051 202 43 Châtelet

252 2117 284 44 détacheront
569 2119 118 42 leurs
727 2133 163 29 masses
925 2121 287 56 imposantes.
1245 2124 41 40 A
1321 2123 159 55 droite,
1517 2124 42 41 la
1591 2125 373 44 Tour-de-Nesle.
2004 2129 42 39 A

254 2192 187 54 gauche,
462 2193 40 41 le
528 2193 172 41 Louvre
723 2202 41 35 et
785 2195 39 41 la
846 2195 165 42 fenêtre
1029 2197 53 40 de
1102 2197 188 54 laquelle
1310 2199 183 41 Charles
1518 2199 62 42 IX
1598 2201 188 55 essayait
1806 2201 41 41 la
1865 2201 181 55 justesse

253 2264 53 41 de
341 2278 80 28 son
456 2267 261 53 arquebuse.
760 2267 186 43 Partout
979 2268 136 53 enfin,
1146 2270 277 43 l'exactitude
1459 2273 247 55 historique
1727 2290 11 33 ;
1775 2284 193 45 partout,
2004 2277 41 40 le

252 2340 167 52 drame,
457 2342 144 40 même
631 2342 162 55 jusque
828 2342 111 43 dans
984 2357 47 28 ce
1071 2345 147 50 décor,
1249 2348 180 42 exécuté
1463 2362 105 28 avec
1607 2363 91 27 une
1738 2350 306 43 merveilleuse

252 2414 206 42 habileté.

310 2488 119 43 MM.
454 2489 132 42 Rubé
614 2498 42 34 et
687 2491 233 57 Chaperon
948 2493 230 56 signeront
1206 2497 117 41 aussi
1359 2497 39 42 le
1419 2497 151 43 rideau
1602 2498 52 42 de
1684 2500 178 42 velours
1889 2514 154 43 rouge,

252 2562 153 57 frangé
422 2564 106 54 d'or,
545 2566 133 56 drapé
699 2567 419 55 majestueusement
1130 2580 41 33 et
1193 2573 143 42 relevé
1356 2587 78 41 par
1457 2588 89 27 une
1571 2575 216 42 immense
1810 2576 236 43 cordelière

250 2637 28 40 d
296 2651 65 28 or.
390 2638 59 42 Ils
470 2648 100 33 sont
592 2641 116 41 aussi
730 2643 179 54 chargés
931 2644 53 42 de
1002 2646 42 40 la
1071 2646 207 54 peinture
1298 2647 61 41 du
1382 2647 154 43 rideau
1559 2650 52 40 de
1639 2663 275 41 manœuvre,
1934 2651 112 44 dont

249 2710 41 43 le
311 2712 101 43 fond
435 2714 208 43 simulera
664 2729 89 29 une
773 2717 127 43 étoffe
919 2718 54 43 de
993 2719 152 42 damas
1164 2720 134 56 jaune
1311 2731 254 34 recouverte
1579 2724 136 42 d'une
1734 2724 88 43 fine
1837 2726 203 46 dentelle.

308 2935 82 42 J'ai
426 2949 60 28 vu
521 2936 105 42 chez
656 2937 66 43 M.
757 2938 205 44 Cambon
983 2941 40 42 le
1054 2942 128 42 décor
1204 2943 62 42 du
1295 2944 232 43 deuxième
1556 2954 94 35 acte
1677 2947 53 41 de
1766 2947 273 56 Guillaume,

250 3009 131 42 refait
402 3024 53 27 en
488 3011 155 42 entier.
672 3011 36 42 Il
742 3015 247 52 représente
1009 3015 39 42 le
1090 3032 19 24 «
1138 3017 89 41 Lac
1258 3018 73 42 des
1358 3018 409 51 Quatre-Cantons.
1797 3037 19 23 »
1840 3024 73 40 Au
1938 3036 76 42 pre-

250 3083 113 43 mier
396 3084 105 56 plan
540 3093 101 35 sont
677 3086 61 42 les
772 3088 203 42 chemins
1005 3090 78 55 qui
1099 3098 247 37 traversent
1379 3093 41 42 la
1456 3094 112 43 forêt
1608 3102 43 36 et
1673 3095 80 55 qui
1781 3095 261 45 donneront

249 3171 180 42 passage
452 3173 87 28 aux
562 3160 217 56 conjurés.
805 3163 195 42 Ceux-ci
1023 3166 247 42 arriveront
1293 3180 55 28 en
1377 3168 169 55 barque
1568 3177 41 34 et
1629 3169 273 56 justifieront
1920 3173 119 42 ainsi

249 3232 60 41 les
332 3232 167 56 paroles
532 3234 59 42 du
626 3234 144 44 livret.
824 3236 124 44 Cette
985 3238 252 43 décoration
1261 3249 64 34 est
1360 3244 86 39 très
1486 3243 124 42 belle.
1640 3244 86 42 Des
1750 3246 192 55 rochers,
1966 3248 73 41 des

250 3305 148 42 arbres
419 3321 88 28 aux
541 3316 146 35 troncs
720 3324 180 30 noueux
929 3312 66 42 lui
1031 3314 202 44 donnent
1254 3330 89 27 une
1371 3317 315 56 physionomie
1715 3334 190 41 sauvage
1929 3321 110 42 d'un

251 3378 100 44 effet
372 3381 238 48 saisissant.

311 3453 60 41 Le
392 3456 219 44 troisième
643 3468 94 34 acte
771 3462 74 42 des
875 3464 277 55 Huguenots
1175 3480 102 29 avec
1313 3481 79 28 son
1414 3467 102 43 effet
1552 3469 52 42 de
1639 3470 119 55 nuit,
1783 3485 45 27 sa
1861 3485 86 29 vue
1976 3473 61 41 du
