2349 3840
827 411 78 42 LA
937 409 390 51 CHRONIQUE
1360 406 323 44 MUSICALE

440 455 0 0 250

350 564 159 55 grands
531 576 171 29 comme
724 571 174 36 nature.
929 563 112 41 Sous
1067 564 116 40 leurs
1205 561 104 43 frais
1331 561 232 52 ombrages
1584 566 43 33 et
1648 568 103 31 sous
1784 557 62 42 les
1877 569 117 42 yeux
2025 555 52 41 de
2097 555 40 42 la

350 639 136 54 reine,
509 639 60 41 les
590 638 149 42 dames
766 639 52 42 de
846 638 41 42 la
910 652 108 29 cour
1052 653 43 28 se
1130 637 263 56 baigneront
1414 634 109 41 dans
1546 647 63 28 un
1643 632 102 42 coin
1775 631 60 41 du
1860 630 117 42 Cher
2001 630 134 42 bordé

350 713 52 42 de
421 727 163 42 gazons
605 714 281 56 verdoyants.

404 789 50 41 Je
478 802 121 43 passe
625 789 276 55 rapidement
934 802 74 28 sur
1039 788 40 41 le
1093 787 222 42 troisième
1334 792 93 35 acte
1447 783 241 42 d'Hamlet
1692 813 10 19 ,
1729 796 23 24 «
1773 780 41 41 la
1838 780 223 42 Chambre
2086 780 52 40 de

350 864 40 42 la
413 865 135 53 reine,
574 881 20 21 »
635 864 102 42 bien
767 877 86 42 que
886 877 47 27 ce
967 863 110 54 petit
1098 863 129 40 décor
1260 862 83 41 soit
1364 861 108 41 d'un
1507 857 140 56 grand
1682 858 231 47 caractère,
1938 868 104 28 avec
2074 868 64 27 ses

351 948 145 46 portes
518 939 234 41 armoriées
787 948 41 30 et
851 937 233 55 sculptées,
1109 950 64 27 ses
1194 936 250 55 tapisseries
1465 936 51 40 de
1547 935 134 40 haute
1705 932 94 41 lice.
1824 931 50 42 Je
1897 929 242 56 signalerai

350 1025 99 33 tout
478 1013 410 57 particulièrement
924 1011 38 41 le
1001 1011 128 41 décor
1165 1011 60 40 du
1251 1010 246 55 quatrième
1526 1017 92 34 acte
1655 1009 248 40 à'Hamlet.
1945 1006 121 42 C'est
2100 1006 38 42 le

350 1089 155 41 matin.
757 1088 124 53 après
902 1086 121 40 avoir
1042 1084 101 56 joué
1165 1098 104 28 avec
1290 1084 60 41 les
1372 1098 191 41 paysans
1585 1093 41 32 et
1647 1084 60 40 les
1724 1095 267 43 paysannes,
2013 1084 127 54 après

349 1163 124 42 avoir
486 1171 106 33 tour
612 1165 23 37 à
650 1170 102 33 tour
773 1160 190 41 effeuillé
978 1169 41 32 et
1042 1159 128 42 réuni
1187 1159 73 40 des
1283 1158 147 50 fleurs,
1447 1158 258 55 disparaîtra
1721 1159 109 40 dans
1848 1157 61 41 les
1935 1171 203 38 roseaux,

349 1251 57 28 au
447 1236 157 42 milieu
638 1236 74 41 des
746 1236 155 55 jaunes
937 1235 271 54 nénuphars,
1236 1244 41 30 et
1303 1233 160 41 rendra
1495 1246 80 27 son
1615 1235 97 38 âme
1744 1246 56 27 au
1834 1232 160 40 monde
2026 1232 114 41 idéal

348 1312 164 55 auquel
534 1311 82 42 elle
651 1310 266 56 appartient.
957 1310 62 40 Le
1046 1309 153 41 tendre
1229 1307 158 42 coloris
1420 1307 52 42 de
1508 1321 46 27 ce
1582 1308 128 40 décor
1746 1305 193 56 rappelle
1977 1319 46 28 ce
2053 1320 86 41 que

348 1385 137 44 Corot
505 1401 24 26 a
552 1385 78 42 fait
649 1385 52 42 de
723 1385 102 56 plus
848 1383 77 42 fin.
950 1383 119 44 C'est
1091 1398 63 27 un
1175 1382 214 42 véritable
1413 1382 327 41 chef-d'œuvre.

404 1464 74 39 Au
500 1460 225 43 troisième
746 1467 92 35 acte
853 1460 52 41 de
932 1460 279 50 Guillaume,
1227 1472 113 28 nous
1363 1470 191 29 sommes
1574 1460 24 38 à
1618 1456 165 55 Altorf,
1808 1470 90 28 non
1925 1470 78 42 pas
2030 1459 108 38 àun

353 1537 150 41 Altorf
524 1537 52 40 de
603 1536 285 51 convention,,
910 1535 112 41 mais
1045 1549 54 26 au
1131 1533 211 42 véritable
1375 1532 163 54 Altorf,
1561 1532 169 56 d'après
1765 1546 90 28 une
1896 1531 216 56 photogra-

355 1611 117 56 phie.
515 1611 120 41 Dans
669 1611 40 41 le
745 1611 122 53 fond,
909 1610 38 41 le
979 1610 65 40 lac
1079 1610 73 40 des
1190 1607 402 51 Quatre-Cantons
1637 1615 42 33 et
1716 1621 65 27 ses
1822 1620 111 28 eaux
1972 1606 166 42 irisées.

357 1686 174 42 Devant
552 1686 37 40 le
613 1686 80 53 lac,
715 1686 39 40 le
775 1684 109 56 petit
905 1684 158 55 village
1084 1683 54 41 de
1161 1683 202 54 Flûelen,
1388 1683 149 55 séparé
1561 1682 200 41 d'Altorf
1780 1695 77 43 par
1880 1695 88 28 une
1992 1681 149 56 plaine

366 1760 191 42 inclinée
578 1773 96 28 vers
696 1759 39 42 le
767 1759 79 42 lac.
874 1761 40 39 A
936 1757 157 55 droite,
1119 1763 23 36 à
1172 1757 178 41 mi-côte
1383 1757 135 40 d'une
1548 1756 176 54 colline,
1749 1755 160 49 Altorf,
1940 1768 101 29 avec
2076 1768 65 26 ses

357 1835 163 42 chalets
548 1836 209 41 entourés
776 1834 52 41 de
856 1833 180 56 jardins.
1067 1833 90 41 Son
1185 1832 173 42 clocher
1380 1832 171 54 émerge
1572 1832 52 40 de
1649 1844 68 28 ces
1751 1831 103 41 toits
1878 1830 197 56 pointus.
2100 1831 41 38 A

355 1910 182 56 gauche,
571 1924 57 27 au
657 1909 189 56 premier
868 1909 121 55 plan,
1013 1921 156 28 encore
1197 1907 74 42 des
1309 1907 179 50 chalets,
1512 1906 74 41 des
1609 1906 146 41 arbres
1783 1905 143 56 parmi
1948 1904 190 56 lesquels

354 1995 100 34 sont
474 1986 115 41 deux
611 1999 157 42 noyers
790 1985 326 55 gigantesques.

408 2060 140 42 Leurs
573 2072 210 28 rameaux
805 2072 43 28 se
869 2059 167 41 mêlent
1060 2063 23 37 à
1112 2058 40 42 la
1173 2065 118 34 tente
1310 2058 205 56 préparée
1539 2071 112 42 pour
1671 2057 41 41 la
1732 2057 98 41 fête.
1858 2055 60 42 Le
1941 2057 127 40 trône
2085 2056 52 41 de

352 2136 174 42 Gessler
554 2134 145 42 s'étale
721 2133 315 42 insolemment
1070 2133 109 42 dans
1211 2146 45 28 ce
1296 2132 144 57 séjour
1470 2132 177 57 joyeux,
1680 2132 79 56 qui
1791 2139 217 34 contraste
2036 2144 103 28 avec

352 2212 42 40 la
432 2210 279 54 dramatique
750 2212 127 38 scène
911 2215 59 36 où
1011 2209 193 55 Jemmy,
1247 2222 87 28 une
1362 2222 180 42 pomme
1569 2222 77 28 sur
1677 2208 39 41 la
1755 2208 102 53 tête,
1899 2206 163 41 servira
2088 2206 52 40 de

356 2287 78 39 but
463 2288 24 38 à
520 2285 39 40 la
595 2283 136 43 flèche
753 2283 51 42 de
839 2297 78 28 son
945 2286 113 53 père.
1089 2283 265 42 Décoration
1379 2292 295 47 surprenante
1695 2290 42 34 et
1759 2281 381 56 magistralement

352 2360 217 41 exécutée.

408 2436 139 41 Notre
567 2435 199 41 dernière
786 2434 129 42 visite
936 2448 93 27 sera
1051 2448 113 42 pour
1185 2434 63 42 M.
1275 2434 175 42 Chéret.

409 2511 326 57 Commençons
761 2523 75 42 par
858 2510 45 41 la
924 2509 218 42 Favorite
1165 2509 206 56 (premier
1394 2509 193 52 tableau,
1610 2508 190 56 premier
1822 2508 126 55 acte).

409 2587 60 40 Le
490 2585 168 43 Cloître
680 2593 42 33 et
750 2598 63 28 ses
841 2584 194 42 couloirs
1065 2584 110 42 d'un
1203 2592 148 48 aspect
1373 2585 143 40 sévère
1538 2584 145 41 feront
1705 2584 152 41 mieux
1880 2585 200 41 ressortir
2102 2586 39 41 le

348 2659 232 43 deuxième
598 2659 177 42 tableau
798 2659 77 55 qui
897 2673 41 27 se
959 2673 124 42 passe
1100 2659 107 41 dans
1225 2659 86 41 l'île
1326 2659 51 41 de
1396 2659 139 41 Léon.
1557 2659 80 41 Les
1653 2659 164 54 jardins
1834 2659 51 41 de
1901 2659 39 41 la
1957 2659 184 42 favorite

351 2734 339 60 resplendissent
712 2747 100 28 sous
828 2733 39 42 la
889 2733 170 42 chaude
1082 2734 188 41 lumière
1293 2734 108 41 d'un
1424 2733 123 42 soleil
1568 2733 292 43 éblouissant.
1883 2733 103 42 Une
2006 2735 107 54 végé-

350 2810 141 42 tation
513 2809 256 41 luxuriante
792 2808 217 56 prodigue
1033 2822 63 28 ses
1117 2808 272 56 splendeurs.
1419 2808 119 43 L'air
1560 2808 164 42 semble
1747 2810 252 40 embaumé.
2041 2809 100 50 Que

349 2886 52 41 de
423 2886 120 40 rêves
566 2884 124 40 dorés
707 2895 45 28 ce
773 2883 133 41 décor
931 2897 54 27 ne
1006 2883 184 42 fera-t-il
1215 2898 76 41 pas
1310 2883 134 42 faire?
1483 2883 95 41 J'en
1596 2884 109 41 dirai
1730 2891 158 35 autant
1911 2885 73 40 des
2007 2883 106 42 déco-

349 2959 167 41 rations
545 2956 186 42 inédites
752 2956 52 41 de
827 2957 46 40 la
902 2957 173 41 Source
1081 2991 8 9 .
1121 2956 77 55 Ici,
1221 2956 327 56 l'imagination
1585 2957 52 41 de
1669 2957 181 41 l'artiste
1874 2959 99 39 s'est
2006 2957 135 41 livrée

350 3047 87 28 aux
464 3031 254 42 inventions
748 3031 60 42 les
841 3031 100 56 plus
972 3031 175 42 inouïes
1166 3031 54 41 de
1241 3039 101 35 tons
1370 3029 367 44 indéfinissables.
1761 3030 117 43 C'est
1898 3031 121 56 frais,
2038 3033 103 42 c'est

351 3109 189 54 élégant,
564 3106 252 55 chatoyant,
839 3106 206 55 féerique.

408 3182 65 42 M.
508 3180 161 44 Chéret
689 3195 24 27 a
736 3182 66 40 été
825 3181 156 55 chargé
1002 3181 51 41 de
1085 3181 118 42 créer
1234 3195 63 27 un
1324 3182 127 40 décor
1477 3194 113 42 pour
1613 3181 39 41 le
1679 3181 257 55 cinquième
1969 3190 93 34 acte
2089 3182 51 41 de

357 3257 278 42 Guillaume.
672 3255 238 56 Jusqu'ici,
945 3269 59 28 on
1044 3256 118 41 avait
1203 3257 147 40 reculé
1390 3256 162 41 devant
1585 3256 74 41 des
1700 3256 103 42 frais
1836 3257 197 42 inutiles.
2078 3257 62 41 La

355 3332 129 41 chose
505 3346 54 26 en
581 3339 108 34 vaut
703 3331 40 41 la
760 3332 126 55 peine
902 3332 261 56 cependant,
1179 3340 41 33 et
1234 3331 116 42 voici
1371 3331 39 42 le
1429 3331 113 56 parti
1565 3346 87 41 que
1669 3332 64 42 M.
1749 3332 160 42 Chéret
1923 3346 54 28 en
1999 3348 23 26 a
2039 3332 99 42 tiré.

356 3405 157 43 C'était
537 3421 86 26 une
648 3407 108 41 rude
779 3408 139 42 tâche.
947 3408 35 41 Il
1002 3422 23 27 a
1049 3422 51 27 su
1123 3407 285 56 l'accomplir.

411 3482 39 38 A
474 3480 141 41 droite
635 3488 42 34 et
703 3485 23 37 à
747 3482 182 54 gauche,
955 3483 74 41 des
1048 3482 174 42 rochers
1243 3483 193 55 dirigent
1458 3484 39 41 le
1519 3485 155 54 regard
1696 3484 59 41 du
1779 3491 248 48 spectateur
2046 3497 93 28 vers
