2349 3840
572 414 105 43 LES
708 418 383 52 MAQUETTES
1124 423 85 42 DU
1243 425 259 43 NOUVEL
1534 420 209 49 OPÉRA

1944 442 24 28 2
1973 444 56 42 47

278 571 55 29 en
362 562 140 51 scène,
534 571 41 32 et
608 568 23 36 à
656 564 169 43 donner
858 581 61 27 un
948 568 124 41 relief
1094 569 97 54 plus
1225 571 292 42 considérable
1551 587 84 28 aux
1670 574 148 42 décors
1850 578 95 53 qui,
1975 591 55 27 au

282 632 123 56 point
419 634 49 41 de
485 649 83 28 vue
588 639 60 40 du
670 639 146 42 dessin
839 642 189 53 général,
1047 642 302 42 demeureront
1367 657 46 27 ce
1425 645 129 54 qu'ils
1573 648 160 41 étaient
1752 662 54 27 en
1822 650 206 54 principe.

335 707 145 50 Ainsi,
504 724 77 40 par
600 714 209 53 exemple,
832 714 38 40 la
892 721 222 47 maquette
1133 714 51 40 de
1206 714 121 41 l'acte
1346 716 74 39 des
1441 715 182 58 Soldats,
1639 721 50 39 de
1710 722 155 51 Faust,
1891 723 143 40 donne

280 781 125 41 l'idée
426 782 108 42 d'un
560 783 244 58 important
824 786 288 54 changement
1133 787 107 41 dans
1261 788 40 41 la
1322 789 107 40 mise
1451 803 52 27 en
1526 794 124 38 scène
1670 793 51 40 de
1745 802 66 32 cet
1830 802 105 33 acte.
1961 798 73 38 Au

278 855 90 40 lieu
395 856 188 43 d'entrer
614 860 367 51 misérablement,
1014 874 169 28 comme
1218 861 52 41 ils
1302 862 39 41 le
1375 862 198 43 faisaient
1606 865 216 52 autrefois,
1849 879 77 42 par
1964 868 71 41 des

279 937 144 45 portes
451 931 78 53 qui
558 933 325 41 ressemblaient
912 937 22 36 à
956 932 72 42 des
1059 933 196 55 fenêtres,
1279 935 59 41 les
1366 936 158 42 soldats
1546 944 225 34 entreront
1800 938 235 42 désormais

278 1016 79 41 par
377 1003 40 41 le
438 1004 103 41 fond
565 1009 23 36 à
608 1006 184 53 gauche,
813 1020 55 27 au
896 1007 170 41 dernier
1086 1009 118 54 plan,
1229 1021 220 43 passeront
1479 1025 100 28 sous
1607 1025 87 28 une
1720 1020 121 47 porte
1870 1026 131 29 monu-

279 1077 191 40 mentale
492 1086 42 33 et
554 1078 288 43 descendront
875 1095 62 27 un
969 1082 177 41 escalier
1177 1083 269 55 magnifique
1472 1086 77 53 qui
1576 1085 59 41 les
1666 1086 210 40 conduira
1903 1100 73 26 sur
1997 1086 38 42 le

278 1150 159 42 devant
463 1152 58 40 du
545 1152 180 51 théâtre,
748 1167 53 28 en
824 1154 88 42 face
932 1156 51 40 de
999 1156 39 41 la
1057 1156 168 41 maison
1247 1157 50 40 de
1317 1158 279 54 Marguerite.
1620 1159 60 41 Ce
1701 1159 138 54 décor,
1860 1161 174 40 exécuté

278 1236 77 41 par
381 1223 62 42 M.
463 1224 221 56 Cambon,
700 1235 64 33 est
785 1227 50 41 de
856 1235 120 34 toute
997 1230 169 51 beauté,
1184 1238 41 34 et
1249 1239 108 33 cette
1379 1231 199 42 nouvelle
1602 1232 104 41 mise
1726 1246 53 27 en
1802 1236 123 38 scène
1947 1232 87 42 fera

279 1299 139 52 grand
440 1298 111 54 effet,
574 1300 83 54 j'en
681 1301 90 41 suis
792 1302 260 41 convaincu.

340 1371 102 42 Une
475 1373 185 41 sérieuse
682 1375 297 42 modification
1000 1390 24 27 a
1054 1377 65 40 été
1148 1377 242 53 également
1420 1380 200 52 apportée
1650 1392 55 27 au
1733 1379 186 54 premier
1940 1387 90 33 acte

279 1445 73 40 des
373 1446 289 54 Huguenots.
705 1448 62 40 La
789 1449 107 39 mise
929 1462 54 27 en
1020 1451 125 39 scène
1174 1462 54 28 en
1265 1450 191 54 vigueur
1477 1464 55 27 ne
1565 1459 164 46 permet
1759 1465 75 40 pas
1864 1451 52 41 de
1936 1452 96 40 voir

278 1517 322 43 suffisamment
628 1520 251 55 Valentine,
903 1522 151 54 quand
1075 1522 80 41 elle
1176 1523 120 41 vient
1331 1523 101 41 chez
1455 1524 165 40 Nevers
1642 1537 113 40 pour
1772 1537 172 41 rompre
1966 1538 61 26 un

283 1608 17 23 «
324 1592 165 55 hymen
510 1593 172 42 odieux.
701 1610 23 24 »
824 1594 103 42 Cela
947 1595 105 41 était
1071 1609 86 27 une
1178 1596 131 55 faute,
1328 1596 118 41 aussi
1468 1597 179 40 l'a-t-on
1663 1597 189 53 corrigée
1873 1610 54 27 en
1947 1598 66 39 éta-

280 1665 184 44 blissant
486 1680 62 27 un
575 1667 192 56 pavillon
792 1672 57 37 où
872 1669 38 41 le
931 1669 149 54 public
1098 1683 123 28 verra
1244 1673 83 38 très
1349 1669 248 42 facilement
1618 1677 141 34 entrer
1780 1669 242 50 Valentine,

278 1740 53 40 de
351 1742 141 40 même
512 1741 107 55 qu'il
639 1742 40 41 la
700 1756 121 27 verra
843 1756 53 28 en
913 1744 126 40 sortir
1058 1752 53 42 et,
1130 1757 77 41 par
1228 1744 88 41 cela
1331 1744 109 53 seul,
1458 1744 283 54 comprendra
1763 1743 100 41 bien
1881 1743 146 41 mieux

279 1814 176 42 l'action
480 1815 79 55 qui
590 1815 104 42 était
712 1816 259 54 légèrement
988 1817 238 43 obscurcie.

1134 2018 66 41 IV

338 2187 193 42 Entrons
559 2189 180 40 d'abord
766 2187 102 42 chez
901 2187 115 42 MM.
1043 2187 128 41 Rubé
1192 2194 41 34 et
1254 2185 231 56 Chaperon
1517 2198 109 43 pour
1655 2185 187 42 admirer
1870 2185 39 42 le
1935 2187 72 40 cin-

278 2262 178 56 quième
478 2269 91 34 acte
588 2262 52 40 de
663 2263 43 40 la
724 2261 145 42 Juive.

336 2336 122 41 Dans
483 2335 39 42 le
558 2335 119 54 fond,
708 2335 244 42 Constance
985 2333 108 41 étale
1115 2347 65 27 ses
1213 2333 207 41 richesses
1453 2332 365 42 architecturales.
1843 2332 122 42 Tout
1997 2333 37 40 le

278 2410 165 41 théâtre
458 2417 62 33 est
539 2410 87 54 pris
649 2423 77 41 par
746 2422 45 27 ce
812 2408 140 40 décor.
975 2407 60 41 La
1050 2407 103 40 ville
1166 2406 116 40 seule
1297 2406 110 40 tient
1421 2406 40 40 la
1476 2406 119 54 place
1611 2406 51 40 de
1679 2405 105 41 trois
1804 2422 17 21 «
1834 2406 167 40 fermes.
2012 2422 18 21 »

278 2486 73 39 Au
367 2485 157 40 second
546 2483 119 55 plan,
688 2482 38 41 le
748 2483 163 40 bûcher
932 2480 173 41 sinistre
1117 2484 57 36 où
1190 2480 40 40 la
1244 2479 144 53 haine,
1406 2479 201 52 l'amour,
1628 2478 296 53 l'ingratitude
1938 2479 73 54 pré-

277 2558 236 54 cipiteront
533 2558 40 40 la
595 2556 303 41 malheureuse
924 2553 180 42 Rachel.
1122 2553 82 40 Sur
1223 2552 38 41 le
1282 2552 174 52 devant,
1469 2556 24 36 à
1508 2551 179 53 gauche,
1703 2565 61 26 un
1784 2564 155 41 perron
1961 2565 75 26 sur

278 2634 148 53 lequel
463 2632 38 41 le
541 2631 158 56 peuple
733 2630 196 42 assistera
960 2635 24 34 à
1016 2635 110 34 cette
1159 2629 123 38 scène
1322 2624 214 56 tragique.
1569 2626 38 38 A
1641 2623 154 48 droite,
1836 2624 39 40 le
1914 2625 122 39 trône

280 2707 52 40 de
356 2706 183 55 Brogni,
561 2713 180 34 couvert
762 2718 77 42 par
867 2704 60 41 les
958 2702 213 55 draperies
1204 2700 130 42 d'une
1364 2707 279 47 somptueuse
1674 2706 128 33 tente.
1827 2697 59 43 Ce
1912 2697 126 41 décor

280 2781 158 41 atteint
457 2781 60 41 les
541 2780 97 54 plus
665 2779 253 55 grandioses
940 2776 292 56 proportions.

339 2855 186 40 Passons
544 2857 24 37 à
590 2854 123 40 l'acte
734 2853 59 40 du
818 2851 136 54 palais
974 2850 27 40 d
1228 2848 105 40 dont
1353 2846 58 42 les
1429 2845 280 56 dispositions
1729 2851 79 34 ont
1828 2843 65 42 été
1914 2843 98 41 abso-

279 2929 171 41 lument
478 2928 227 53 changées.
735 2926 37 41 Il
798 2934 63 32 est
893 2925 132 40 d'une
1054 2923 185 41 richesse
1260 2929 41 33 et
1329 2921 131 40 d'une
1489 2919 181 41 couleur
1694 2916 340 55 remarquables,

280 3003 110 41 mais
413 3015 54 28 ne
491 3001 170 41 séduira
682 2998 313 43 certainement
1016 3011 75 41 pas
1113 3003 157 35 autant
1300 3007 84 42 que
1404 2993 38 41 le
1463 2991 226 42 deuxième
1709 2991 126 40 décor
1856 2990 57 41 du
1937 3003 73 41 pre-

280 3076 112 41 mier
414 3083 107 45 acte,
542 3074 203 40 demeuré
766 3087 46 26 ce
833 3071 110 56 qu'il
964 3070 104 43 était
1089 3073 23 38 à
1134 3069 41 41 la
1196 3068 208 41 création.
1431 3065 182 42 Chacun
1636 3077 43 27 se
1699 3062 185 55 rappelle
1913 3062 96 40 l'im-

284 3149 198 56 pression
508 3147 257 41 irrésistible
787 3145 199 56 produite
1006 3157 73 42 par
1099 3142 128 42 l'effet
1247 3141 51 41 de
1320 3141 40 40 la
1387 3138 122 54 neige
1536 3137 77 55 qui
1646 3137 99 54 jette
1780 3149 61 28 un
1874 3135 96 55 jour
1997 3135 35 41 si

278 3222 266 57 mystérieux
563 3234 76 28 sur
658 3220 41 41 la
721 3219 265 55 plate-forme
1012 3217 59 40 du
1093 3217 178 40 château
1294 3214 270 40 d'Elseneur.

339 3297 61 40 Le
430 3297 125 40 décor
587 3295 60 40 du
675 3294 170 40 dernier
872 3301 92 33 acte
992 3290 231 42 d'Hamlet
1246 3302 8 26 :
1283 3304 18 21 «
1326 3287 38 40 le
1395 3284 233 53 cimetière,
1654 3300 18 21 »
1710 3289 61 34 est
1804 3294 85 28 une
1916 3282 93 40 véri-

281 3371 115 41 table
417 3368 248 44 trouvaille.
694 3367 60 41 Le
776 3366 120 41 soleil
915 3379 53 26 va
985 3379 43 26 se
1049 3363 186 42 coucher
1248 3364 24 38 à
1292 3360 124 41 l'abri
1439 3359 50 40 de
1512 3370 160 42 nuages
1694 3368 288 41 rouge-sang;
2005 3355 31 41 il

284 3444 144 42 reflète
451 3457 76 27 sur
547 3443 59 40 les
625 3441 141 41 tristes
788 3440 167 53 cyprès,
977 3451 72 27 sur
1068 3436 58 41 les
1149 3435 191 41 sombres
1365 3432 159 55 sapins,
1550 3445 74 26 sur
1644 3431 58 41 les
1724 3429 166 42 tombes
1912 3429 99 40 blan-
