2349 3840
1478 1013 1 51 '
1503 1013 49 51 (0

869 1026 103 74 LE
1048 1023 429 77 SONNET

1186 1493 51 42 II

774 1641 108 43 'IDÉE
904 1641 51 42 de
990 1650 155 33 mettre
1171 1641 73 41 des
1272 1648 178 34 sonnets
1479 1653 53 28 en
1566 1638 207 56 musique
1814 1653 51 28 ne
1897 1639 99 42 date
2030 1653 74 41 pas

776 1715 134 42 d'hier
943 1729 8 29 :
984 1716 39 40 le
1059 1716 93 40 seul
1188 1715 204 54 dialogue
1426 1723 119 32 entre
1577 1714 171 41 Olivier
1782 1714 51 40 de
1861 1714 169 54 Magny
2065 1723 40 31 et

775 1790 145 41 Caron
952 1789 166 56 inspira
1152 1798 93 47 sept
1282 1788 242 42 musiciens
1559 1802 8 27 :
1604 1787 196 42 Orlande
1839 1788 52 41 de
1927 1789 176 49 Lassus,

774 1866 108 40 Jean
900 1864 187 51 Maletti,
1109 1866 49 40 P.
1178 1865 180 53 Certon,
1374 1863 51 43 C.
1447 1863 254 55 Goudimel,
1722 1863 229 52 Bertrand,
1978 1861 127 50 Boni,

776 1939 179 41 Nicolas
971 1939 51 41 de
1040 1939 38 41 la
1089 1938 169 55 Grotte,
1276 1939 116 41 valet
1409 1938 52 41 de
1477 1939 205 40 chambre
1696 1937 59 41 du
1776 1937 64 42 roi
1856 1937 141 40 Henri
2017 1937 88 42 111.

774 2014 123 41 Cette
924 2017 148 51 espèce
1103 2014 50 40 de
1177 2013 194 55 pléiade,
1410 2012 193 42 fameuse
1637 2026 54 28 en
1720 2026 79 28 son
1828 2021 156 45 temps,
2011 2012 62 40 mé-

329 2087 80 41 rite
445 2088 132 41 d'être
609 2088 106 41 mise
750 2102 54 26 en
834 2088 201 55 parallèle
1079 2100 102 29 avec
1215 2088 41 40 la
1294 2088 168 55 pléiade
1492 2087 164 41 formée
1683 2098 76 44 par
1790 2086 217 54 Ronsard,
2044 2086 59 40 du

332 2162 164 56 Bellay,
529 2162 128 42 Remi
684 2162 202 53 Belleau,
912 2162 180 54 Jodelle,
1121 2163 187 53 Daurat,
1340 2162 103 41 Baïf
1465 2171 41 32 et
1539 2162 170 41 Pontus
1741 2161 53 40 de
1824 2160 163 55 Tyard.
2014 2159 94 41 Elle

330 2250 195 43 rayonne
558 2251 155 27 encore
747 2236 289 55 aujourd'hui
1068 2236 108 40 dans
1209 2236 38 41 le
1287 2236 80 41 ciel
1396 2237 51 40 de
1483 2236 98 41 l'art
1614 2241 56 35 où
1710 2236 60 40 les
1807 2236 204 53 curieux,
2049 2234 58 41 les

331 2309 168 43 érudits
538 2318 41 34 et
620 2309 59 43 les
714 2308 263 57 spécialistes
1016 2309 42 41 la
1091 2310 269 40 découvrent
1396 2322 117 28 assez
1534 2308 266 53 facilement,
1825 2307 102 41 bien
1948 2305 158 56 qu'elle

332 2383 62 42 ait
424 2385 190 55 échappé
642 2390 22 36 à
699 2385 40 40 la
765 2398 85 27 vue
880 2383 52 41 de
966 2383 63 41 M*
1070 2383 191 42 Bouillet
1296 2383 102 55 qui,
1433 2383 106 40 dans
1572 2396 78 27 son
1684 2396 97 40 gros
1806 2381 301 42 Dictionnaire

331 2460 224 41 d'histoire
594 2467 41 33 et
675 2459 52 41 de
766 2458 278 56 géographie,
1091 2457 65 41 dit
1199 2457 241 54 universel,
1479 2470 54 28 ne
1582 2457 41 41 la
1666 2456 258 41 mentionne
1966 2457 142 39 même

334 2549 89 42 pas.
467 2534 255 56 Cependant
760 2533 179 42 Nicolas
986 2533 51 40 de
1083 2533 40 40 la
1161 2531 151 43 Grotte
1347 2540 107 33 vaut
1494 2531 171 42 Pontus
1703 2531 52 40 de
1788 2530 177 56 Tyard;
2007 2530 77 41 Cer-

333 2618 77 33 ton
433 2609 109 41 n'est
564 2623 74 41 pas
674 2608 206 41 inférieur
907 2612 23 36 à
964 2606 125 52 Baïf;
1133 2606 189 53 Maletti,
1360 2605 225 54 Bertrand,
1616 2604 111 42 Boni
1760 2613 98 33 sont
1898 2604 187 41 certaine-

335 2689 121 34 ment
490 2684 23 39 à
537 2681 39 41 la
607 2681 188 41 hauteur
826 2681 52 40 de
901 2679 130 42 Remi
1063 2679 195 52 Belleau,
1284 2687 40 34 et
1356 2686 175 35 surtout
1557 2678 51 41 de
1633 2678 180 54 Jodelle,
1837 2677 52 41 de
1919 2677 189 51 Daurat;

338 2754 161 44 Lassus
544 2756 112 54 jouit
689 2755 131 41 d'une
856 2754 250 42 renommée
1147 2754 118 55 égale
1305 2757 23 37 à
1371 2754 104 41 celle
1518 2754 51 40 de
1606 2752 223 55 Ronsard,
1871 2759 41 35 et
1945 2751 167 43 Claude

336 2828 234 46 Goudimel
590 2829 245 57 appartient
855 2843 56 28 au
931 2842 161 43 groupe
1113 2827 73 42 des
1211 2828 171 42 artistes
1404 2829 61 40 les
1502 2829 98 54 plus
1635 2827 205 42 illustres.
1866 2824 245 44 Goudimel

335 2916 74 33 eut
444 2906 237 43 l'honneur
711 2905 51 42 de
798 2905 171 41 mourir
1004 2918 111 41 pour
1154 2918 44 27 sa
1226 2904 80 53 foi;
1328 2904 28 40 il
1379 2904 148 41 tomba
1560 2918 102 26 sous
1693 2904 59 40 les
1788 2917 134 41 coups
1943 2902 60 41 du
2036 2915 50 27 ca-

337 2981 249 44 tholicisme
621 2984 23 38 à
685 2980 202 56 l'époque
922 2984 57 37 où
1016 2979 42 41 la
1098 2978 466 56 Saint-Barthélémy,
1606 2980 203 54 préparée
1853 2978 52 40 de
1945 2977 167 55 longue

344 3057 121 42 main
501 3071 75 42 par
597 3058 40 41 la
661 3057 206 55 papauté,
892 3055 48 42 fit
965 3069 60 27 un
1052 3063 117 33 vaste
1188 3054 201 42 charnier
1411 3054 50 41 de
1484 3054 39 41 la
1548 3053 183 41 France.
1768 3053 68 41 En
1870 3068 44 26 sa
1946 3052 167 56 qualité

349 3132 53 42 de
422 3133 194 51 victime,
640 3132 238 41 Goudimel
901 3130 269 42 m'intéresse
1191 3137 156 35 autant
1369 3142 84 41 que
1475 3129 59 41 les
1553 3128 206 56 Coligny,
1779 3128 59 41 les
1861 3129 61 40 La
1950 3128 139 41 Roche-

359 3208 208 52 oucauld,
591 3206 301 42 lesCaumont
913 3206 51 41 de
987 3207 41 41 la
1054 3206 150 49 Force,
1229 3206 58 40 les
1310 3204 153 54 Renel,
1489 3204 60 41 les
1582 3203 264 47 Pardaillan,
1878 3203 60 40 les
1972 3202 112 41 Piles
2103 3216 11 37 ;

341 3295 169 30 comme
533 3282 310 56 compositeur,
870 3281 31 42 il
920 3281 225 56 m'inspire
1167 3293 87 29 une
1274 3277 209 44 véritable
1505 3278 288 53 admiration;
1821 3278 40 41 le
1882 3278 177 41 chantre
2077 3283 39 35 et

384 3436 52 42 (i)
463 3431 88 38 Voir
572 3435 33 35 le
626 3435 155 36 numéro
802 3435 48 35 du
878 3433 38 37 iB
937 3435 100 36 août»
