2349 3840
743 462 79 42 LA
854 461 391 50 CHRONIQUE
1279 458 322 45 MUSICALE

283 464 85 42 282

282 628 97 37 ans,
403 614 184 42 nombre
615 613 183 41 d'élèves
831 613 263 55 distingués,
1124 620 42 34 et
1203 610 37 56 je
1274 609 184 43 n'hésite
1485 623 79 42 pas
1592 611 24 40 à
1652 607 107 54 dire,
1785 609 123 54 après
1936 606 120 43 avoir

282 687 418 56 scrupuleusement
714 686 152 42 fouillé
885 700 72 28 ma
979 686 225 55 mémoire,
1226 698 86 42 que
1335 684 53 42 de
1406 691 100 33 tous
1528 681 194 53 ceux-là,
1739 682 101 41 c'est
1862 681 64 41 M.
1952 680 71 42 Ma-

285 776 144 42 noury
451 776 85 42 que
555 761 40 57 je
625 761 177 57 préfère.
830 761 57 42 Et
918 761 107 50 cela,
1053 774 128 42 parce
1202 759 111 55 qu'il
1335 766 63 34 est
1424 770 55 29 en
1513 755 247 57 possession
1796 769 90 28 non
1918 755 119 42 seule-

283 845 126 34 ment
431 837 53 42 de
504 851 116 28 rares
642 837 186 55 qualités
850 835 250 49 naturelles,
1127 835 111 40 mais
1259 832 118 43 aussi
1398 832 53 41 de
1472 845 186 42 moyens
1674 830 225 56 pratiques
1920 830 116 40 extrê-

282 920 197 33 mement
531 924 179 42 propres
748 912 24 37 à
812 908 96 41 leur
948 907 377 55 développement.
1371 905 54 42 Sa
1463 903 209 44 méthode
1712 916 54 28 ne
1800 903 39 41 le
1894 902 165 42 trahira

282 982 172 57 jamais.
479 983 133 42 Voilà
633 983 39 41 le
694 981 124 57 point
841 995 85 42 que
946 980 38 55 je
1005 980 222 40 considère
1255 980 103 40 chez
1385 987 96 34 tout
1501 978 171 41 lauréat
1692 978 52 41 de
1777 985 129 34 notre
1928 976 133 42 Ecole

285 1057 52 41 de
361 1056 211 54 musique
597 1068 9 28 :
629 1054 38 56 je
700 1068 55 27 ne
776 1053 216 42 demande
1015 1066 76 42 pas
1111 1052 111 56 qu'il
1245 1065 70 28 me
1344 1065 110 42 paye
1487 1058 232 49 comptant
1748 1060 42 33 et
1821 1062 78 29 sur
1919 1049 140 55 table;

281 1131 146 53 j'aime
457 1129 150 42 mieux
639 1137 99 34 cent
772 1128 80 42 fois
877 1128 64 41 lui
963 1127 105 42 faire
1099 1126 148 53 crédit,
1282 1126 36 40 si
1346 1124 39 56 je
1416 1124 41 42 le
1489 1126 85 40 sais
1602 1124 190 44 solvable
1813 1128 24 38 à
1866 1138 63 28 un
1951 1137 67 29 mo-

283 1213 125 33 ment
427 1206 163 42 donné.
628 1203 118 43 C'est
780 1207 25 38 à
838 1202 92 42 moi
950 1202 52 42 de
1024 1203 115 39 m'en
1161 1213 187 28 assurer.

338 1279 83 42 J'ai
442 1279 193 42 entendu
658 1278 65 42 M.
750 1278 221 53 Manoury
990 1275 111 42 dans
1122 1275 73 41 des
1216 1287 237 28 morceaux
1480 1273 109 42 d'un
1616 1272 109 56 style
1746 1275 88 40 très
1854 1272 202 42 différent

283 1361 44 35 et
353 1354 135 42 d'une
507 1353 182 43 couleur
709 1352 145 43 tonale
887 1364 117 28 assez
1033 1349 158 55 variée,
1214 1348 96 42 l'air
1343 1348 61 42 du
1600 1347 115 41 celui
1745 1347 54 41 de
2018 1347 42 40 la

283 1442 206 29 romance
508 1427 164 43 d'Hoël
691 1428 109 40 dans
1368 1428 41 40 le
1490 1424 192 43 Pardon
1915 1424 56 42 de
1447 1422 189 41 diverses
1656 1422 149 41 scènes

285 1512 42 34 et
344 1503 54 42 de
565 1503 47 42 la
706 1502 143 43 Reine
1028 1502 57 41 de
1189 1500 202 56 Chypre.

341 1576 116 45 C'est
490 1590 64 28 un
606 1578 189 54 baryton
827 1575 109 42 dont
968 1573 39 43 le
1040 1573 162 42 timbre
1235 1585 71 28 me
1350 1570 195 56 rappelle
1590 1570 230 53 beaucoup
1862 1566 114 43 celui
2008 1565 55 43 de

285 1651 193 51 Maurel,
499 1664 87 43 que
619 1650 176 56 l'Opéra
822 1649 52 42 de
911 1648 126 43 Paris
1058 1648 70 40 n'a
1146 1660 76 43 pas
1244 1660 52 28 su
1316 1645 156 56 garder
1492 1653 42 33 et
1557 1645 79 55 qui
1669 1651 64 33 est
1763 1642 173 42 devenu
1961 1641 100 42 l'un

282 1728 75 41 des
377 1725 224 43 meilleurs
633 1724 238 42 chanteurs
901 1721 52 42 de
978 1720 175 44 l'ltalie.
1183 1720 36 41 Il
1252 1726 207 50 parcourt
1479 1728 104 31 avec
1603 1716 174 42 aisance
1800 1729 79 28 son
1899 1714 161 43 échelle

286 1800 216 43 normale.
537 1799 63 42 La
636 1797 105 42 voix
772 1809 136 30 sonne
940 1808 103 29 avec
1076 1792 157 57 égalité
1254 1792 110 42 dans
1385 1800 100 36 tout
1512 1791 38 42 le
1580 1790 197 56 registre,
1800 1797 43 35 et
1872 1795 104 35 àvec
1999 1803 61 27 un

283 1877 113 41 éclat
417 1875 122 58 plein
560 1874 52 42 de
634 1872 218 44 franchise
870 1871 108 41 dans
997 1870 60 42 les
1077 1876 123 34 notes
1218 1867 164 42 élevées
1401 1866 124 43 telles
1539 1879 88 42 que
1647 1865 125 54 le/a,
1788 1863 41 42 le
1837 1863 63 56 fa
1923 1862 137 57 diè\e,

282 1950 123 42 voire
440 1950 143 42 même
609 1947 39 42 le
1081 1947 70 41 sol
775 1945 239 42 au-dessus
1048 1942 53 42 de
1131 1942 41 42 la
1197 1942 160 55 portée.
1386 1938 263 44 L'émission
1688 1938 61 42 du
1787 1951 80 28 son
1904 1945 65 33 est
1989 1937 74 41 des

285 2023 100 58 plus
407 2035 152 43 pures;
583 2021 103 41 c'est
708 2020 40 40 le
781 2017 112 42 fruit
913 2016 132 42 d'une
1075 2013 263 57 respiration
1368 2021 189 34 correcte
1590 2020 41 33 et
1652 2011 78 56 qui
1762 2011 78 42 fait
1868 2023 63 28 un
1951 2010 82 41 heu-

286 2112 104 30 reux
424 2103 215 37 contraste
671 2107 104 30 avec
804 2106 67 29 ces
911 2091 217 42 horribles
1161 2088 286 56 respirations
1473 2087 304 42 claviculaires
1818 2086 109 40 dont
1962 2092 101 34 sont

285 2172 172 43 affectés
476 2171 41 42 la
539 2171 179 54 plupart
737 2168 73 41 des
831 2168 140 41 élèves
992 2166 59 40 du
1073 2162 351 46 Conservatoire.
1454 2163 63 41 La
1541 2159 341 59 prononciation
1904 2168 41 32 et
1965 2157 80 43 l'ar-

285 2244 233 45 ticulation
539 2251 110 34 vont
667 2243 53 41 de
737 2242 110 56 pair,
871 2239 202 56 toujours
1096 2247 158 44 nettes,
1271 2237 200 54 toujours
1486 2246 217 42 ouvertes,
1729 2247 100 29 sans
1851 2233 208 55 emphase

287 2332 173 28 comme
478 2331 98 28 sans
597 2316 216 43 faiblesse.

346 2392 68 42 En
449 2401 143 43 outre,
624 2391 63 40 M.
714 2389 226 54 Manoury
960 2385 159 42 chante
1139 2384 113 56 juste
1284 2389 43 36 et
1363 2382 84 42 sait
1466 2396 47 28 ce
1548 2380 112 58 qu'il
1680 2380 172 42 chante.
1887 2378 36 43 Il
1960 2392 24 28 a
2012 2377 52 43 de

286 2467 284 56 l'expression
592 2474 41 33 et
653 2464 61 42 du
736 2463 193 49 charme,
951 2460 115 42 voile
1089 2460 39 41 le
1150 2472 80 29 son
1251 2472 102 28 avec
1376 2458 230 54 beaucoup
1635 2457 214 40 d'adresse
1871 2454 108 42 dans
1999 2453 62 42 les

290 2554 204 44 passages
516 2539 112 56 qu'il
647 2545 106 35 veut
769 2549 208 40 nuancer,
996 2544 41 32 et
1054 2534 85 42 sait
1157 2542 179 33 trouver
1355 2531 112 42 dans
1487 2544 49 28 ce
1553 2529 73 57 jeu
1645 2529 179 42 difficile
1844 2542 68 28 ces
1931 2540 108 44 oppo-

290 2615 160 42 sitions
482 2614 52 42 de
554 2614 163 42 timbre
738 2611 36 41 si
795 2610 220 43 flatteuses
1035 2623 55 28 en
1110 2608 206 42 honneur
1335 2605 109 42 dans
1465 2605 41 42 la
1527 2604 203 42 méthode
1752 2603 223 42 italienne.
2000 2600 65 42 De

290 2693 117 54 plus,
432 2690 31 42 il
483 2689 187 42 vocalise
690 2686 291 54 habilement,
1005 2698 47 28 ce
1071 2684 77 56 qui
1172 2683 66 42 lui
1255 2679 287 58 permettrait,
1566 2693 56 28 au
1646 2678 169 52 besoin,
1832 2676 233 43 d'aborder

287 2765 61 42 les
370 2764 112 42 rôles
502 2763 131 42 écrits
654 2775 55 28 en
732 2760 109 56 style
861 2758 126 43 fleuri
1010 2772 79 41 par
1113 2755 194 50 Rossini,
1332 2752 284 44 Mercadante
1644 2759 42 34 et
1706 2759 162 46 autres,
1891 2760 42 32 et
1953 2749 111 56 qu'il

291 2855 24 27 a
334 2839 106 43 fallu
463 2838 289 43 abandonner
771 2835 164 42 devant
954 2834 41 42 la
1017 2832 185 56 pénurie
1222 2831 74 41 des
1316 2830 236 41 virtuoses.

347 2914 188 43 Comme
570 2910 244 53 comédien,
840 2909 63 40 M.
941 2907 228 54 Manoury
1204 2911 64 35 est
1303 2916 62 28 un
1401 2915 85 43 peu
1522 2900 171 51 novice,
1725 2909 41 33 et
1804 2900 40 40 la
1881 2897 178 56 majesté

289 2987 147 56 royale
470 2985 165 43 semble
667 2982 67 44 lui
772 2995 120 43 peser
913 2980 131 43 lourd
1073 2992 77 28 sur
1181 2977 60 42 les
1270 2976 192 56 épaules.
1491 2973 264 44 L'habitude
1788 2972 54 42 de
1876 2973 42 41 la
1941 2975 125 38 scène

287 3064 184 40 viendra
504 3060 193 54 corriger
718 3071 66 28 ses
805 3056 190 50 défauts,
1019 3055 79 56 qui
1128 3053 206 42 tiennent
1354 3057 179 35 surtout
1565 3062 56 27 au
1649 3061 195 43 manque
1865 3047 198 55 d'usage,

287 3150 74 29 car
393 3137 39 41 le
466 3135 132 57 jeune
617 3132 152 43 artiste
791 3139 64 34 est
888 3128 263 56 intelligent,
1178 3126 101 43 bien
1301 3125 152 54 campé
1473 3131 44 34 et
1548 3122 116 42 doué
1698 3121 111 42 d'un
1843 3121 220 56 physique

287 3217 292 47 avantageux.
625 3207 39 42 Il
703 3205 123 53 était,
868 3207 24 38 à
927 3203 101 42 n'en
1066 3216 77 42 pas
1178 3201 172 51 douter,
1392 3211 100 28 sous
1533 3196 200 56 l'empire
1766 3194 134 42 d'une
1940 3193 126 42 réelle

290 3285 214 48 émotion,
527 3282 79 56 qui
629 3295 43 28 se
694 3280 232 44 traduisait
945 3291 78 43 par
1043 3277 74 42 des
1151 3273 278 43 intonations
1457 3271 230 43 entachées
1724 3269 53 42 de
1797 3268 205 53 fausseté,
2025 3274 40 35 et

289 3358 73 41 des
382 3356 279 43 défaillances
683 3356 172 42 vocales
879 3353 79 56 qui
991 3366 54 28 ne
1073 3349 254 44 survivront
1349 3361 77 42 pas
1448 3351 24 36 à
1492 3354 110 33 cette
1621 3344 138 42 soirée
1781 3343 51 41 de
1852 3343 152 42 début.
2030 3340 35 41 Il

291 3445 24 26 a
337 3429 311 56 parfaitement
671 3429 101 55 posé
794 3428 41 41 la
855 3426 193 41 fameuse
1071 3423 154 57 phrase
1249 3434 10 31 :
1814 3424 79 42 ,et
1914 3414 151 42 enlevé

294 3517 102 28 avec
417 3503 190 54 vigueur
626 3503 27 41 Y
659 3502 183 54 allegro
863 3500 53 42 de
936 3513 80 28 son
1039 3498 137 53 grand
1207 3497 80 42 air.
1315 3495 120 42 Dans
1459 3508 78 28 son
1561 3494 90 41 duo
1668 3504 101 30 avec
1797 3492 214 49 Léonore,
2036 3488 29 40 il
