2349 3840
982 516 71 40 LE
1083 517 246 40 SONNET

1930 531 84 42 277

568 661 81 36 Sur
684 673 21 25 e
719 661 146 49 peuple
884 661 150 37 asservi
1055 660 35 36 le
1110 660 235 48 despotisme
1365 664 123 48 règne
1500 678 14 30 ;

571 726 58 36 Le
641 729 177 47 progrès
839 738 136 25 creuse
994 738 46 24 en
1062 726 87 37 vain
1169 736 67 25 son
1253 726 148 36 éternel
1420 727 113 36 sillon
1545 743 12 31 ;

574 794 34 35 A
633 799 104 30 toute
755 792 127 37 vérité
897 793 73 35 Von
993 803 143 37 essaye
1157 803 49 24 un
1232 791 145 37 bâillon
1390 807 13 27 ;

572 860 62 36 La
642 860 121 48 force
782 859 56 35 dit
858 870 51 25 au
929 858 104 36 droit
1055 872 10 21 :
1090 875 16 14 «
1132 858 180 37 Crois-tu
1333 870 73 37 que
1417 860 46 47 je
1486 866 35 28 te
1542 860 193 50 craigne?
1757 876 17 15 »

573 978 277 52 L'hypocrisie
868 978 114 38 étend
1002 990 152 26 comme
1172 980 38 36 la
1227 980 264 49 musaraigne

573 1049 73 35 Ses
667 1046 101 36 ailes
789 1046 97 36 dans
910 1046 39 36 la
970 1046 104 43 nuit;
1098 1046 38 37 la
1150 1058 190 38 pourpre,
1366 1059 43 25 ce
1429 1046 163 46 haillon,

573 1112 212 37 Demande
805 1112 99 37 Veau
925 1112 126 37 bénite
1072 1116 23 33 à
1118 1112 180 38 l'humble
1317 1113 218 51 goupillon,

573 1180 57 37 Et
649 1186 84 30 tous
753 1180 56 36 les
827 1180 119 43 deux,
971 1180 196 47 d'accord,
1191 1180 212 37 éternisent
1424 1180 85 37 leur
1527 1183 139 49 règne.

572 1304 77 38 Les
663 1304 165 50 peuples
848 1303 179 37 accablés
1043 1315 79 37 par
1143 1303 35 36 le
1193 1303 117 49 poids
1328 1303 67 37 des
1417 1302 142 52 impôts

581 1371 249 37 Travaillent
848 1382 92 25 sans
961 1369 176 45 relâche;
1159 1369 47 37 ils
1228 1376 179 32 trouvent
1427 1370 35 37 le
1480 1382 115 38 repos

578 1437 144 46 Quand
743 1437 39 37 la
801 1444 104 30 mort
924 1449 46 24 en
989 1443 165 42 passant
1173 1436 120 37 raidit
1314 1436 83 37 leur
1408 1438 98 48 face
1527 1437 109 37 hâve.

571 1548 265 62 L'Évangile,
858 1558 191 49 expliqué
1060 1569 80 39 par
1157 1557 66 37 des
1243 1558 174 36 hommes
1437 1569 91 25 sans
1536 1558 80 49 foi,

577 1627 111 36 Nest
703 1625 91 51 plus
814 1637 72 37 que
907 1625 261 49 l'oppresseur
1189 1624 47 37 de
1257 1625 37 35 la
1316 1624 132 37 raison
1470 1624 201 38 esclave...

645 1692 107 38 Fille
773 1692 50 36 du
842 1692 104 37 Dieu
967 1691 144 45 vivant,
1133 1690 168 46 Liberté,
1327 1689 204 39 Lève-toi!

1318 1834 207 43 LOUIS
1570 1834 342 44 LACOMBE.
