3366 4572
2505 351 102 61 197

1072 365 244 56 Theodor
1341 360 242 57 Däuhler
1614 382 22 24 *
1670 360 235 55 Matisse

354 583 385 78 fleischrosa,
792 570 502 77 trunkenviolett
1361 565 617 90 hervorsprenkelnd
2044 579 287 62 zersetzt,
2399 585 179 59 zerge-

353 684 256 73 wittert.
655 673 112 72 Sie
806 669 217 80 selbst,
1074 666 113 72 das
1220 663 210 82 Weib,
1470 665 120 70 wie
1634 692 65 42 es
1746 664 66 68 in
1846 660 106 71 die
1987 656 455 88 Komposition
2475 656 104 68 ein-

355 790 247 75 gesetzt
633 772 103 77 ist,
772 765 241 72 könnte
1050 760 272 74 beinahe
1354 757 355 73 übersehen
1742 754 280 75 werden.

448 863 301 78 Amerika
781 859 105 73 bei
920 856 279 87 Tiepolo
1232 856 67 69 in
1329 852 392 85 Würzburg:
1768 851 185 71 keine
1985 847 233 72 wilden
2251 843 224 72 Tänze
2509 871 106 41 am

357 966 323 74 Potomac,
727 957 187 70 keine
943 951 475 82 Affenumzüge
1460 951 120 68 mit
1615 942 714 89 Papageifederfächern
2377 943 65 68 in
2489 937 126 70 den

357 1055 308 79 Antillen,
715 1049 279 73 sondern
1045 1045 349 85 Europäer,
1445 1058 231 54 rostrot
1723 1042 89 68 im
1860 1035 482 80 Halbschatten,
2394 1052 223 64 tragen

360 1157 347 71 braunrote
755 1143 219 73 Ballen
1022 1140 211 80 Ware,
1295 1136 398 74 Karawanen
1742 1164 126 41 von
1919 1130 368 74 Rottunken
2342 1126 276 74 herüber

363 1254 96 69 ins
508 1244 270 83 einstige
809 1235 188 75 Land
1042 1235 115 73 der
1191 1232 342 73 Rothäute.
1586 1229 109 72 Sie
1740 1226 252 73 zünden
2042 1225 135 73 sich
2226 1221 197 74 selbst
2457 1220 158 81 hier,

363 1343 227 74 überm
626 1336 242 89 großen
901 1332 275 80 Wasser,
1218 1332 106 68 ein
1369 1346 167 53 rotes
1571 1322 362 73 Herdfeuer
1975 1351 104 42 an.
2128 1319 172 71 Dem
2335 1315 242 73 Farben-

363 1430 368 81 aufmarsch
768 1433 67 69 in
871 1427 128 71 Rot
1045 1444 160 54 setzt
1238 1422 138 74 sich
1408 1425 104 68 ein
1547 1417 729 86 vorwegkomponiertes
2310 1412 267 71 Formen-

365 1531 149 75 land
550 1547 337 66 entgegen.
938 1521 84 72 Es
1058 1520 162 73 wird
1251 1519 153 71 aber
1436 1547 150 41 vom
1616 1513 129 72 Rot
1780 1510 273 73 erobert.

457 1621 223 77 Afrika
731 1616 206 75 bleibt
984 1615 166 74 noch
1202 1613 183 86 lange
1432 1611 108 71 die
1569 1607 169 73 Welt
1771 1607 115 72 der
1920 1604 304 72 Schatten
2267 1600 138 71 und
2453 1597 168 74 ihrer

364 1717 468 78 wunderbaren
898 1710 104 73 lila
1059 1708 401 73 Blauheiten.
1533 1705 133 71 Das
1718 1696 457 78 Schattenland
2248 1694 104 73 bei
2422 1691 200 74 voller

368 1812 461 76 Prachtsonne!

462 1908 192 73 Ernst
673 1902 265 74 Barlach
966 1900 252 73 machte
1242 1896 174 75 mich
1441 1892 224 75 darauf
1685 1888 450 80 aufmerksam,
2173 1886 127 71 daß
2330 1886 253 71 Schmet-

368 2005 271 83 terlinge
666 2001 107 71 die
802 1999 266 83 Bringer
1098 1996 176 70 einer
1293 1988 400 86 Farbenfuge
1718 1986 168 72 sind.
1928 1983 128 72 Die
2084 1981 204 71 bunte
2312 1978 274 85 Bespren-

371 2098 233 84 kelung
622 2095 208 73 dieser
846 2090 194 74 Tiere
1064 2099 387 61 unterstützt
1475 2084 385 81 keineswegs
1887 2080 227 70 immer
2132 2075 104 71 die
2253 2071 376 84 Zeichnung

373 2195 166 72 ihrer
575 2187 245 88 Flügel.
871 2187 110 72 Sie
1018 2182 333 73 bebunten
1397 2178 134 72 sich
1577 2175 95 73 oft
1709 2204 112 41 aus
1853 2170 224 74 bloßer
2113 2165 514 74 Farbentollheit.

373 2284 314 77 Dadurch
734 2282 260 73 werden
1042 2277 153 72 aber
1241 2277 106 71 die
1390 2267 535 86 Schmetterlinge
1966 2262 477 80 unsichtbarer;
2494 2259 137 71 ihre

374 2382 379 81 Zeichnung
801 2375 137 73 fällt
985 2377 90 70 im
1124 2368 420 75 Kunterbunt
1595 2366 114 71 der
1751 2363 210 71 Natur
1991 2362 277 81 weniger
2310 2354 133 73 auf.
2505 2354 126 71 Die

378 2476 203 73 Farbe
621 2475 252 71 schützt
923 2470 183 71 ihren
1140 2461 582 77 Hervorzauberer.
1774 2458 109 71 Sie
1916 2455 161 73 wird
2123 2451 252 73 absolut
2419 2452 67 69 in
2521 2447 110 71 der

377 2571 244 80 Natur;
647 2565 320 76 vielleicht
990 2563 165 73 auch
1181 2561 104 73 bei
1310 2557 267 88 Vögeln,
1606 2552 207 75 zumal
1837 2551 103 72 bei
1964 2550 125 71 den
2117 2543 514 75 brasilianischen

377 2670 118 69 mit
509 2656 766 82 Sonnenfleckenkehlen.
1307 2655 135 71 Das
1458 2650 166 74 Volk
1641 2648 215 75 wußte
1874 2645 131 81 das,
2027 2645 171 70 denn
2222 2672 64 40 es
2315 2640 107 71 hat
2446 2641 185 69 einen

378 2757 499 85 Schmetterling
937 2753 406 84 Pfauenauge
1401 2744 264 90 getauft.
1726 2742 156 73 Also
1944 2736 202 74 Farbe
2207 2734 220 72 wurde
2484 2761 150 42 zum

377 2857 204 85 Auge.
1336 2894 7 10 •

475 2951 270 70 Matisse
771 2944 162 73 muß
957 2938 532 86 Schmetterlinge
1521 2932 233 75 lieben.
1787 2930 86 72 Er
1906 2928 155 73 liebt
2089 2955 72 42 so
2185 2928 146 68 sehr
2362 2928 272 64 Kinder.

381 3043 86 72 Er
499 3043 115 72 soll
660 3068 184 60 sogar
885 3069 107 42 ein
1021 3034 448 75 Töchterchen
1505 3027 228 80 haben,
1771 3024 159 72 über
1964 3021 195 72 deren
2196 3012 438 88 Äußerungen

382 3167 67 43 er
491 3139 98 71 oft
619 3166 115 44 vor
780 3166 220 42 seinen
1030 3129 275 77 Werken
1343 3142 282 57 erstaunt
1661 3140 104 52 ist.
1821 3119 190 71 Seme
2046 3114 218 71 Kunst
2307 3129 80 55 ist
2429 3140 59 55 ja
2523 3138 112 40 aus

382 3231 514 87 Aufrichtigkeit,
933 3258 114 42 aus
1073 3227 387 71 Bekenntnis
1493 3244 113 47 zur
1630 3214 202 74 Farbe
1870 3211 301 87 geboren.
2215 3206 208 73 Dabei
2456 3222 81 53 ist
2571 3231 67 43 er

383 3328 113 71 der
523 3323 583 90 gewissenhafteste
1124 3316 449 76 Theoretiker:
1611 3311 271 71 Matisse
1901 3305 283 84 verlangt
2215 3300 151 73 aber
2395 3297 205 88 grund-

385 3421 262 72 sätzlich
677 3420 157 73 bloß
870 3418 238 79 Kunst,
1148 3415 112 71 das
1299 3410 206 72 heißt:
1538 3432 127 46 wer
1704 3402 133 72 sich
1874 3399 188 72 allein
2097 3394 111 75 auf
2239 3394 113 73 das
2392 3392 207 71 Künst-

386 3514 267 75 lerische
684 3548 69 39 in
792 3512 137 75 sich
956 3509 265 81 verläßt,
1260 3505 161 74 wird
1458 3526 228 49 immer
1719 3496 126 74 voll
1882 3525 127 41 von
2037 3491 289 72 Naivität
2358 3486 283 72 bleiben.

482 3610 73 71 In
609 3609 338 72 München
993 3605 170 74 lebte
1216 3603 97 71 bis
1359 3627 114 44 vor
1514 3596 260 71 kurzem
1817 3620 103 42 ein
1971 3582 500 77 Künstlerkind.
2531 3581 111 70 der

391 3703 230 75 Knabe
665 3706 268 83 Andrej.
988 3700 86 73 Er
1112 3725 129 47 war
1289 3721 230 47 immer
1567 3692 112 71 der
1728 3681 498 85 Schmetterling
2278 3697 189 53 unter
2516 3676 124 70 den

391 3796 380 91 Gespielen;
823 3797 111 71 das
980 3794 280 74 echteste
1298 3787 180 73 Kind
1520 3784 136 71 und
1707 3778 287 89 zugleich
2043 3773 329 73 Künstler.
2427 3769 214 74 Schon

392 3913 116 52 mit
547 3923 132 43 vier
713 3893 234 85 Jahren
997 3887 186 75 schuf
1215 3914 66 44 er
1323 3914 111 42 aus
1481 3881 111 71 der
1635 3876 224 80 Farbe,
1902 3873 168 71 ohne
2117 3867 343 90 irgendwie
2502 3863 140 72 illu-
