3351 4572
2523 346 102 61 185

971 356 272 56 Heinrich
1267 359 190 50 Mann
1486 378 22 21 ♦
1538 355 265 54 Madame
1828 355 199 67 Legros

469 568 161 71 Der
669 564 311 71 zweite:
1023 561 166 85 Jetzt
1230 562 80 70 ist
1359 590 65 40 es
1471 591 80 41 an
1597 590 147 40 uns.
1810 558 210 72 Wenn
2074 555 110 73 Sie
2229 553 187 72 dabei
2466 554 165 81 sind,

369 662 305 79 Madame
710 660 262 85 Legros,
1009 656 258 72 werden
1300 657 115 69 wir
1448 657 238 84 siegen.

467 755 367 75 Madame
873 752 337 85 Legros:
1263 747 181 73 über
1476 756 186 65 wen?
1720 748 135 72 Der
1890 746 449 85 Unschuldige
2382 746 81 70 ist
2492 743 137 72 frei.

468 853 161 71 Der
675 867 245 53 erste:
975 844 335 86 Begreifen
1347 842 109 73 Sie
1488 844 189 81 doch,
1726 842 129 73 daß
1889 873 65 42 es
1991 841 182 73 mehr
2206 870 82 41 zu
2322 858 118 53 tun
2476 837 157 87 gibt.

374 949 137 73 Wir
543 944 119 72 alle
695 942 235 72 leiden.

472 1038 365 74 Madame
873 1036 331 86 Legros:
1244 1032 108 72 Ich
1385 1032 164 73 habe
1575 1062 65 41 es
1676 1052 209 66 getan.
1921 1030 137 73 Der
2086 1029 444 85 Unschuldige
2557 1028 79 70 ist

370 1140 140 72 frei.

470 1231 163 71 Der
667 1246 247 52 erste:
956 1223 107 73 Sie
1097 1222 128 74 will
1264 1222 207 71 nicht!

467 1325 162 72 Der
662 1323 313 71 zweite:
1010 1319 108 72 Sie
1152 1331 207 58 verrät
1382 1324 155 65 uns!

477 1417 237 73 Rufe:
750 1414 133 72 Zur
909 1413 289 72 Bastille!
1234 1410 313 88 Schleppt
1592 1414 91 69 sie
1729 1411 147 70 mit!

474 1513 376 72 Madame
917 1509 299 85 Legros
1274 1522 157 69 (wird
1480 1522 238 69 umringt
1763 1521 115 59 und
1923 1518 275 79 angefaßt)
2208 1544 14 35 :
2280 1502 358 73 Verschont

375 1608 194 80 mich,
606 1606 165 72 liebe
806 1604 280 72 Herren!

475 1701 464 74 Chevalier:
977 1697 153 73 Fort
1165 1698 112 72 da!
1311 1711 182 70 (Zieht
1518 1711 106 59 den
1653 1710 233 79 Degen.)

474 1796 238 74 Rufe:
747 1795 121 71 Ein
900 1794 331 86 Adeliger!
1268 1791 107 73 An
1399 1794 105 71 die
1528 1791 275 73 Laterne
1829 1791 118 71 mit
1972 1790 168 72 ihm!
2185 1787 303 73 Hündin!
2525 1785 115 72 Du

378 1905 268 61 verrätst
679 1922 123 39 uns
843 1891 116 69 mit
996 1889 126 71 den
1150 1886 344 87 Adeligen!

479 1984 465 74 Chevalier:
980 1982 193 72 Packt
1207 1980 194 73 euch!

477 2081 146 72 Ein
657 2079 278 73 Mann:
971 2077 166 74 Pack
1160 2077 150 71 dich
1334 2076 227 71 selbst!
1584 2088 202 71 (Sticht
1814 2087 136 61 nach
1974 2087 158 79 ihm.)

477 2175 320 72 Andere
829 2187 242 70 (stechen
1105 2186 136 59 nach
1263 2185 165 77 ihm);
1461 2168 229 73 Macht
1734 2168 113 71 ihn
1879 2173 126 65 tot!

479 2270 115 72 Ch
609 2269 302 72 evalier
943 2281 165 72 (sinkt
1135 2280 92 59 auf
1254 2281 95 58 der
1380 2278 259 61 Schwelle
1665 2284 350 71 zusammen).

481 2364 372 74 Madame
886 2363 302 87 Legros
1222 2375 269 78 (schreit);
1538 2359 301 72 Mörder!
1876 2358 108 71 Ihr
2020 2355 138 74 seid
2182 2354 300 72 Mörder!

478 2459 238 73 Rufe:
755 2458 109 72 Sie
896 2458 197 71 auch!
1128 2455 197 73 Tötet
1364 2457 92 69 sie
1485 2454 197 71 auch!

482 2554 372 72 Madame
888 2552 301 86 Legros
1216 2565 218 69 (breitet
1461 2565 89 57 die
1577 2563 163 59 Arme
1763 2568 146 72 aus):
1949 2544 188 88 Wagt
2171 2549 99 68 es!

486 2647 496 75 Gemurmel:
1010 2646 109 72 Sie
1145 2646 109 71 hat
1277 2645 126 71 den
1420 2642 492 86 Unschuldigen
1927 2638 253 74 befreit.
2214 2638 147 73 Was
2378 2636 267 72 machen

384 2773 116 44 Wir
533 2746 102 71 da.
672 2759 158 71 (Man
862 2756 190 60 weicht
1080 2755 240 70 zurück.)

479 2840 370 71 Madame
883 2838 335 85 Legros:
1253 2835 148 71 Was
1447 2834 100 71 ihr
1587 2833 81 71 da
1712 2831 262 71 macht?
2024 2826 122 74 Ein
2184 2825 463 74 menschliches

388 2932 171 72 Herz
583 2933 155 72 habt
761 2932 102 72 ihr
883 2929 400 76 durchbohrt
1309 2930 67 69 in
1403 2928 149 72 dem
1568 2924 421 88 Augenblick,
2016 2924 83 71 da
2123 2953 64 41 es
2213 2952 107 41 am
2337 2919 310 74 höchsten

387 3028 246 87 schlug,
670 3028 202 73 höher
905 3027 90 71 als
1030 3054 204 53 eures,
1257 3024 199 71 höher
1488 3022 90 71 als
1613 3022 204 70 meins
1845 3078 101 15 ...
1979 3018 141 72 Ach
2149 3023 14 66 !
2205 3046 184 43 wozu
2425 3014 224 87 schlug

388 3153 87 52 es,
512 3154 187 42 wozu
736 3122 269 73 befreite
1038 3120 104 72 ich
1175 3120 127 71 den
1338 3115 519 86 Unschuldigen!
1895 3127 115 73 (Sie
2038 3126 144 60 kniet
2208 3125 86 59 bei
2330 3125 95 59 der
2454 3123 195 59 Leiche

393 3215 136 72 hin.)

483 3296 152 73 Die
670 3296 298 86 Menge
1013 3308 306 73 (ziehtab):
1366 3290 133 72 Zur
1530 3287 287 75 Bastille!

1326 3431 92 73 (Es
1443 3428 263 74 dunkelt.)
