3314 4572
1008 426 261 54 Heinrich
1293 428 180 53 Mann
1503 443 23 27 *
1560 426 263 55 Madame
1847 429 195 67 Legros

2544 425 107 60 179

473 631 332 82 Legros:
854 626 171 71 Dein
1068 626 474 86 Tugendpreis.

473 720 642 85 MadameLegros
1129 735 223 70 (schlägt
1361 738 87 57 die
1455 736 189 69 Augen
1655 738 207 77 nieder)
1872 763 14 34 :
1901 722 223 73 Nimm
2137 722 169 73 doch
2321 722 115 74 das
2446 721 201 74 Geld!

472 815 329 85 Legros:
844 812 134 72 Das
1006 810 171 74 Geld
1206 814 115 71 der
1351 816 244 70 andern
1624 815 125 74 hab
1776 819 105 70 ich
1909 818 167 71 noch
2103 819 104 70 nie
2229 847 416 56 genommen.

471 908 364 72 Madame
871 906 330 86 Legros:
1251 906 148 73 Was
1435 912 171 69 mein
1648 912 104 80 ist,
1785 912 84 71 ist
1901 912 168 71 auch
2108 912 175 71 dein.

468 1002 327 82 Legros:
840 998 197 74 Sonst
1067 999 187 83 wohl,
1301 1000 154 73 aber
1488 1002 178 71 nicht
1698 1003 288 72 diesmal.

467 1093 360 71 Madame
861 1092 329 85 Legros:
1243 1093 112 71 Du
1388 1096 127 71 bist
1548 1100 174 68 mein
1756 1096 168 72 Herr
1957 1100 137 71 und
2128 1097 334 74 Gebieter.

467 1187 326 84 Legros:
860 1183 261 75 Hierbei
1157 1215 128 43 war
1331 1188 177 72 nicht
1553 1191 104 72 ich
1694 1221 88 50 es,
1839 1193 282 72 sondern
2155 1195 115 71 der
2307 1193 292 74 Unschul-

385 1280 163 84 dige.
616 1277 128 74 Mit
782 1279 135 69 ihm
950 1279 147 72 teile
1126 1280 112 72 das
1275 1280 195 75 Geld.

463 1371 365 71 Madame
862 1371 334 87 L,egros:
1257 1374 108 72 Ich
1401 1375 210 72 wollte
1642 1376 136 73 ihm
1809 1378 152 71 alles
1995 1380 231 85 geben,
2273 1380 155 73 aber
2461 1384 178 71 seine

383 1464 422 71 Verwandten
839 1464 208 74 haben
1078 1497 66 39 es
1178 1468 361 86 abgelehnt.

463 1555 203 87 Legr
680 1586 39 39 o
734 1587 59 41 s:
849 1557 138 71 Auf
1017 1561 232 72 einmal
1286 1562 108 71 hat
1425 1591 68 43 er
1525 1562 382 76 Verwandte
1923 1571 31 66 ?

461 1649 368 72 Madame
865 1649 330 88 Legros:
1248 1654 137 72 Seit
1437 1657 259 72 kurzem
1746 1658 208 74 haben
2001 1662 136 73 sich
2173 1663 212 70 reiche
2425 1662 210 74 Leute

381 1741 341 86 gefunden,
759 1743 269 88 Adelige
1063 1775 204 56 sogar,
1301 1748 105 72 die
1439 1780 212 56 sagen,
1688 1779 69 44 er
1788 1756 91 69 sei
1921 1755 99 70 ihr
2057 1755 443 73 Verwandter.

458 1834 300 85 Legros
814 1850 326 80 (lachtauf);
1200 1841 160 71 Man
1407 1842 115 72 soll
1559 1845 179 71 nicht
1780 1845 393 88 behaupten,
2222 1850 130 72 daß
2386 1882 69 42 es
2493 1853 139 71 ihm

376 1926 280 73 schlecht
689 1929 169 85 geht.

456 2019 364 71 Madame
853 2022 332 86 Legros:
1239 2025 85 73 Es
1357 2032 153 84 ging
1543 2030 137 70 ihm
1714 2030 261 89 solange
2008 2033 318 75 schlecht!

456 2110 156 88 Leg
627 2140 156 43 ros:
827 2113 210 74 Dafür
1063 2119 161 70 wird
1258 2149 68 41 er
1359 2123 149 83 jetzt
1533 2124 257 72 ernährt
1815 2127 138 70 und
1973 2128 418 85 gehätschelt.
2436 2132 194 85 Jeder

373 2202 164 72 kann
571 2206 111 71 das
716 2236 124 41 von
875 2209 136 70 sich
1044 2211 176 71 nicht
1252 2244 215 54 sagen.

465 2296 362 75 Madame
861 2300 329 87 Legros:
1242 2305 109 72 Ich
1397 2307 162 73 habe
1602 2310 112 71 ihn
1759 2314 172 71 reich
1976 2316 296 84 gemacht
2304 2319 139 71 und
2475 2321 150 71 dich

368 2415 155 45 arm.
588 2390 112 71 Du
730 2392 201 71 wirfst
964 2425 64 41 es
1063 2425 122 44 mir
1216 2427 115 43 vor
1361 2403 136 69 und
1530 2403 142 71 hast
1704 2405 198 72 recht.
1954 2408 268 73 Verzeih
2257 2414 154 70 mir!

463 2483 325 86 Legros:
839 2486 192 74 Einer
1063 2490 292 87 Heiligen
1390 2495 165 73 habe
1586 2499 102 70 ich
1723 2500 208 71 nichts
1966 2532 81 41 zu
2080 2507 356 72 verzeihen.

461 2574 358 75 Madame
853 2580 327 87 Legros:
1233 2585 108 73 Ich
1376 2588 163 72 habe
1569 2611 209 65 getan,
1806 2624 127 41 was
1966 2599 124 68 mir
2121 2598 308 89 auferlegt
2461 2610 163 66 war!

459 2667 331 86 Legros:
835 2672 145 71 Alle
1012 2676 270 72 rühmen
1315 2679 149 73 dich
1497 2683 207 71 dafür.
1759 2686 109 71 Ich
1902 2717 128 42 war
2063 2692 88 69 im
2179 2691 312 84 Unrecht,
2526 2696 94 72 als

365 2758 101 70 ich
500 2761 147 70 dich
679 2766 410 72 zurückhielt.

457 2852 366 75 Madame
857 2857 326 87 Legros:
1267 2864 175 72 Aber
1474 2898 135 40 nun
1642 2872 81 69 ist
1757 2903 65 41 es
1855 2893 214 66 getan.
2118 2876 109 73 Ich
2262 2880 160 72 muß
2456 2883 121 72 den-

362 2946 139 76 ken,
537 2946 124 69 daß
694 2978 65 39 es
792 2968 183 64 getan
1009 2954 136 70 und
1177 2984 158 55 ganz
1369 2961 273 71 vorüber
1675 2965 101 70 ist.

456 3035 327 86 Degros:
863 3041 108 73 Ich
1004 3045 228 84 glaube
1263 3050 199 73 nicht.
1531 3053 144 72 Von
1710 3058 172 82 dem,
1939 3091 127 42 was
2102 3063 88 71 du
2224 3086 189 65 getan
2448 3069 164 83 hast,

363 3134 193 64 bleibt
603 3134 163 67 doch
799 3135 166 70 wohl
1009 3157 190 53 etwas
1243 3143 207 86 übrig.
1530 3147 109 72 Sie
1671 3152 255 71 werden
1959 3156 169 72 wohl
2163 3159 170 73 noch
2366 3162 250 75 Rechte

359 3223 203 67 haben
597 3252 80 41 an
711 3224 168 81 dich,
914 3228 142 72 dort
1089 3232 306 75 draußen.

452 3312 357 75 Madame
843 3317 324 89 Legros:
1220 3327 108 70 Ich
1362 3328 111 73 bin
1506 3363 81 39 zu
1620 3335 101 70 dir
1752 3340 524 87 zurückgekehrt.

451 3406 327 85 Legros:
828 3410 110 72 Du
971 3435 186 52 warst
1190 3449 78 41 zu
1301 3425 145 68 weit
1479 3424 148 73 fort.
1677 3426 149 75 Was
1860 3432 90 72 du
1983 3455 188 66 getan
2206 3439 162 84 hast,
2414 3445 81 71 ist
2528 3476 83 43 zu

353 3525 80 41 au
481 3501 439 75 erordenthch.
992 3506 182 75 Nach
1208 3514 245 73 solcher
1484 3516 127 74 Tat
1643 3524 161 71 wird
1836 3556 150 44 man
2019 3532 179 72 nicht
2232 3538 239 72 wieder
2504 3540 107 73 die

355 3586 163 74 Frau
551 3591 110 73 des
696 3594 545 89 Strumpfwirkers
1276 3605 260 88 Legros.

447 3683 360 76 Madame
842 3689 326 89 Legros:
1220 3698 109 72 Ich
1362 3700 111 73 bin
1506 3736 67 41 es
1606 3707 201 75 doch!

447 3773 155 89 Leg
617 3807 157 45 ros:
827 3783 107 72 Ich
967 3788 158 71 muß
1157 3789 148 74 dich
1338 3798 325 84 verehren,
1702 3834 189 57 sagen
1925 3808 107 75 die
2065 3812 226 87 Leute,
2325 3821 142 73 und
2503 3824 103 72 ich

353 3877 255 62 verehre
639 3877 147 67 dich
819 3878 184 71 auch.
