3488 4572
1560 396 268 54 Heinrich
1857 396 181 54 Mann
2076 410 21 28 ♦
2138 393 259 54 Madame
2421 391 194 68 Legros

966 398 106 59 142

1059 604 334 85 Legros:
1426 598 214 75 Wenn
1674 600 107 71 die
1816 595 463 75 Herrschaften
2315 593 139 74 sich
2486 592 332 74 bemühen
2851 587 252 76 wollen.

1061 698 420 71 Comtesse
1517 698 16 68 1
1599 746 23 35 ,
1632 745 74 36 AL
1797 747 12 12 .
1866 745 20 36 T
1931 723 5 8 '

1080 789 124 30 »ii
1261 797 18 20 f
1523 764 19 40 >
1600 756 108 60 (Ab
1739 762 96 44 mit
1866 756 239 60 Legros.)

1057 804 226 59 Abbe
1518 804 16 71 J

1059 886 374 72 Madame
1471 882 300 86 Legros
1804 894 155 72 (folgt
1988 893 282 71 langsam).

1062 978 437 73 Chevalier
1531 990 246 70 (schließt
1799 1013 92 36 vor
1910 988 84 60 ihr
2021 990 87 58 die
2130 988 155 77 Tür).

2079 1122 35 37 *

1790 1270 315 61 NEUNTE
2145 1268 252 62 SZENE.

1597 1400 310 72 Madame
1942 1397 263 87 Legros.
2265 1394 363 74 Chevalier.

1071 1542 471 76 Chevalier:
1578 1541 332 80 Madame,
1938 1538 103 74 ich
2068 1537 381 88 verspreche
2482 1534 241 74 diskret
2749 1564 82 40 zu
2856 1534 159 78 sein,
3051 1560 186 43 wenn

974 1637 112 74 Sie
1120 1639 126 71 mir
1291 1636 203 72 schon
1539 1637 153 84 jetzt
1725 1651 295 56 verraten
2053 1631 252 81 wollen,
2356 1659 189 43 wann
2580 1627 109 73 Sie
2735 1628 88 70 im
2859 1626 220 72 Hause
3123 1625 117 71 der

976 1731 169 74 Frau
1180 1729 231 75 Gräfin
1446 1728 317 74 d’Orchat
1796 1758 80 42 zu
1909 1726 226 74 finden
2167 1728 138 69 sein
2337 1725 282 72 werden.

1070 1825 370 74 Madame
1477 1824 336 86 Legros:
1849 1822 112 74 Ich
1987 1819 166 74 habe
2174 1819 181 72 nicht
2380 1835 238 70 gesagt,
2646 1814 129 75 daß
2794 1815 104 73 ich
2917 1811 326 88 hingehen

976 1922 240 80 werde,
1252 1922 177 70 mein
1465 1918 191 72 Herr.

1073 2013 474 75 Chevalier:
1585 2012 111 72 Ich
1715 2009 198 75 weiß:
1941 2009 108 73 Sie
2077 2008 147 74 sind
2251 2040 81 39 zu
2357 2007 174 86 klug,
2559 2004 280 88 sogleich
2856 2031 388 56 zuzusagen,

979 2107 155 75 aber
1169 2109 110 72 Sie
1313 2109 153 71 sind
1500 2125 128 55 erst
1664 2106 180 74 recht
1879 2135 81 42 zu
1992 2102 172 87 klug,
2201 2102 179 73 nicht
2413 2100 431 86 hinzugehen.

1076 2203 320 73 Madam
1411 2201 408 85 eLegros:
1852 2199 270 72 Warum
2138 2195 292 76 zweifeln
2448 2195 109 72 Sie
2572 2227 81 42 an
2674 2190 263 76 meinen
2937 2190 308 76 Worten?

1077 2296 470 73 Chevalier:
1584 2295 110 73 Ich
1720 2294 153 74 sehe
1901 2293 146 72 Ihre
2074 2290 470 88 Handlungen:
2578 2290 92 71 sie
2695 2289 146 72 sind
2868 2286 179 73 nicht
3071 2285 133 71 wäh-

981 2390 235 74 lerisch
1365 2390 139 73 und
1537 2389 260 73 werden
1833 2418 67 41 es
1934 2384 376 75 schwerlich
2345 2387 158 70 sein.

1078 2486 375 72 Madame
1503 2483 336 87 Legros:
1905 2481 85 71 Es
2040 2482 84 71 ist
2171 2479 207 73 wahr:
2427 2509 73 41 so
2534 2474 427 89 Ungeheures
3009 2476 82 68 ist
3140 2501 71 57 ge-

982 2580 306 80 schehen,
1324 2577 129 73 daß
1487 2608 152 42 man
1673 2576 167 72 wohl
1877 2575 178 72 nicht
2088 2573 248 74 wählen
2370 2571 165 73 darf.

1078 2672 468 75 Chevalier:
1581 2671 218 73 Sehen
1833 2670 156 71 Sie?

1077 2768 324 72 Madam
1416 2765 405 86 eLegros:
1870 2763 263 72 Andere
2167 2774 348 72 vermögen
2566 2759 185 71 mehr
2794 2756 94 74 als
2921 2756 129 74 ich.
3117 2754 131 81 Sie,

981 2865 175 70 mein
1190 2862 192 80 Herr,
1419 2874 352 73 vermögen
1805 2890 72 41 so
1910 2857 125 73 viel
2069 2858 206 71 mehr.

1078 2956 467 73 Chevalier:
1581 2954 110 73 Sie
1710 2953 214 76 haben
1951 2951 211 73 nichts
2190 2949 332 74 überhört.
2559 2948 111 72 Ich
2694 2945 119 73 soll
2840 2947 104 72 die
2966 2944 287 87 Königin

987 3053 456 72 interessieren
1480 3048 105 73 für
1619 3048 153 73 Sie?

1080 3144 373 73 Madame
1490 3142 337 87 Legros:
1871 3140 136 72 Für
2040 3142 190 70 einen
2265 3135 527 86 Unschuldigen!
2839 3133 189 74 Mein
3062 3132 191 79 Herr,

986 3239 106 72 ich
1125 3238 169 73 flehe
1327 3238 112 73 Sie
1472 3268 104 41 an.
1645 3236 110 73 Sie
1801 3235 151 74 sind
1995 3236 179 84 jung,
2225 3236 122 70 wie
2397 3231 231 74 sollten
2679 3230 110 72 Sie
2834 3229 179 73 nicht
3062 3224 153 88 groß-

990 3335 218 84 herzig
1240 3337 162 68 sein.

1085 3427 465 72 Chevalier:
1602 3424 307 74 Madame
1940 3424 264 85 Legros,
2238 3422 109 72 Sie
2380 3420 148 73 sind
2562 3419 176 71 nicht
2773 3417 339 87 glücklich.

1086 3522 372 71 Madame
1495 3521 335 86 Legros:
1900 3518 111 75 Ich
2044 3547 129 42 war
2224 3547 66 40 es
2342 3518 253 69 immer.
2661 3514 168 84 Jetzt
2877 3512 114 71 bin
3039 3511 104 73 ich
3190 3539 65 40 es

988 3616 183 71 nicht
1207 3616 207 71 mehr.

1087 3709 472 73 Chevalier:
1597 3707 109 72 Ich
1730 3705 309 88 begreife,
2077 3704 129 73 daß
2233 3707 65 69 in
2326 3705 115 71 der
2468 3701 179 86 Enge
2682 3700 138 72 hier
2846 3701 116 71 der
2987 3697 271 87 Ehrgeiz

988 3807 181 69 einer
1203 3801 264 74 solchen
1495 3801 169 74 Frau
1692 3803 179 72 nicht
1895 3800 187 85 lange
2108 3803 181 68 seine
2315 3796 323 87 Nahrung
2661 3795 226 72 findet.
2924 3793 159 72 Und
3109 3820 149 42 man

988 3897 181 81 haßt,
1207 3926 127 43 was
1369 3894 458 75 unerreichbar
2677 3958 19 24 i
