3345 4572
2485 350 101 58 175

946 365 267 58 Heinrich
1233 365 183 53 Mann
1447 378 20 25 *
1498 362 256 56 Madame
1782 362 196 68 Legros

1178 596 284 59 ZWEITE
1495 594 249 61 SZENE.

776 744 127 71 Die
936 742 302 83 Vorigen.
1303 735 186 74 Volk.
1557 735 303 73 Madame
1897 734 262 85 Legros.

550 907 153 68 (Eine
731 899 352 69 Volksmenge
1112 917 93 37 vor
1233 895 122 57 dem
1385 894 235 57 Fenster.
1676 891 103 59 Die
1808 890 113 59 Tür
1949 889 133 60 wird
2108 886 275 77 geöffnet.)

435 1049 363 75 Madame
833 1041 297 87 Legros
1164 1053 137 67 (tritt
1327 1050 237 70 langsam
1592 1050 104 66 ein,
1723 1050 55 56 in
1798 1050 175 56 einem
1994 1045 204 61 weißen
2220 1043 255 67 Schleier,
2505 1043 93 58 das

344 1144 217 62 Gesicht
588 1138 134 59 nach
745 1135 137 59 oben
910 1130 275 73 gerichtet,
1214 1131 99 58 mit
1339 1128 309 59 verklärtem
1680 1126 272 77 Lächeln).

435 1222 418 71 Stimmen:
889 1211 110 73 Sie
1012 1211 279 70 kommt!
1326 1209 110 71 Sie
1450 1211 83 69 ist
1549 1206 111 71 da!
1698 1205 82 71 Es
1799 1204 142 73 lebe
1953 1204 305 71 Madame
2277 1200 321 86 Legros!..

343 1318 109 72 Sie
477 1317 106 68 hat
608 1312 127 71 den
765 1304 491 88 Unschuldigen
1282 1302 252 72 befreit.
1568 1300 111 71 Sie
1700 1300 107 71 hat
1835 1330 123 40 uns
1985 1297 116 73 alle
2124 1314 289 69 gerettet.
2448 1295 153 71 Wer

345 1413 170 70 hätte
565 1435 65 41 es
680 1404 103 70 für
835 1398 278 88 möglich
1164 1394 318 89 gehalten.
1549 1394 128 73 Die
1713 1393 249 72 Herren
1996 1392 137 73 und
2174 1390 105 72 die
2315 1389 284 73 Reichen

344 1502 247 75 lachten
624 1497 177 73 nicht
835 1496 186 71 mehr
1054 1493 190 71 heute
1277 1491 174 72 früh.
1498 1490 109 72 Sie
1643 1488 211 73 haben
1887 1488 187 70 einen
2103 1484 317 73 befreiten
2456 1482 97 72 Un-

344 1594 369 84 schuldigen
749 1589 274 87 gesehen
1056 1644 112 16 ...
1224 1586 138 72 Wir
1394 1584 259 73 werden
1687 1584 196 71 ihnen
1917 1580 169 72 noch
2131 1580 185 71 mehr
2349 1580 250 82 zeigen!

345 1689 159 72 Man
537 1685 159 73 wird
740 1680 386 89 glücklicher
1172 1678 217 73 leben!
1453 1676 173 73 Alles
1660 1676 160 71 wird
1865 1674 252 86 billiger
2146 1670 291 74 werden!
2476 1726 69 16 ..
2587 1727 15 14 .

345 1782 302 73 Madame
668 1778 240 84 Legros
928 1779 81 67 ist
1027 1777 144 69 eine
1193 1773 275 86 Heilige.
1503 1771 160 73 Seht
1680 1771 103 72 ihr
1806 1768 292 81 Gesicht,
2128 1770 122 70 wie
2274 1797 66 41 es
2361 1764 240 88 glänzt!

354 1874 70 71 In
443 1898 260 46 unserer
721 1868 206 75 Gasse
945 1869 250 71 scheint
1214 1865 185 73 keine
1413 1864 216 73 solche
1648 1863 220 72 Sonne
1898 1919 98 16 ...
2033 1860 309 72 Madame
2359 1859 244 84 Legros

346 1973 80 69 ist
459 1972 141 67 eine
633 1995 112 42 aus
778 1991 266 45 unserer
1068 1959 228 83 Gasse,
1329 1961 140 71 und
1501 1962 91 70 sie
1620 1963 81 69 ist
1734 1962 144 69 eine
1905 1954 273 87 Heilige.
2212 1953 85 72 Es
2324 1953 141 71 lebe
2499 1952 105 71 die

348 2060 279 86 Heilige!
666 2072 173 69 (Viele
864 2070 159 60 knien
1052 2070 138 77 hin.)
1225 2060 4 87 ;

437 2154 347 86 Vignon:
833 2149 307 73 Madame
1173 2149 266 85 Legros,
1473 2150 115 70 wir
1623 2146 207 71 haben
1864 2175 122 41 uns
2020 2141 426 81 versammelt,
2495 2172 113 40 um

355 2246 197 73 Ihnen
586 2272 229 44 unsere
848 2243 494 83 Bewunderung
1372 2240 512 85 auszusprechen
1920 2296 13 13 .
1967 2293 61 16 ..

440 2340 140 72 Ein
616 2339 275 71 Mann:
936 2338 148 71 Was
1118 2337 127 72 will
1279 2335 157 71 der?
1487 2334 362 71 Hinknien!

447 2433 139 71 Ein
614 2432 371 72 anderer:
1035 2431 246 72 Früher
1313 2429 208 71 haben
1557 2428 109 71 Sie
1696 2429 93 70 sie
1822 2427 178 71 nicht
2033 2424 397 82 bewundert,
2458 2452 113 42 son-

350 2527 155 70 dern
543 2527 210 70 hinter
786 2526 99 71 ihr
918 2523 524 88 hergeschimpft.
1489 2521 361 72 Hinknien!

440 2619 341 86 Vignon:
826 2619 139 71 Wir
995 2617 121 71 alle
1148 2644 209 44 waren
1392 2616 315 72 schwach.

443 2713 359 71 Madame
831 2710 318 74 Touche
1193 2725 168 70 (kniet
1385 2725 123 70 eilig
1540 2725 141 78 hin):
1732 2709 109 71 Ich
1874 2737 130 43 war
2037 2707 105 72 die
2175 2725 186 62 erste,
2397 2706 212 70 meine

353 2803 265 85 Herren,
654 2808 104 70 die
791 2805 310 73 Bescheid
1136 2804 239 72 wußte.

445 2898 99 71 Le
557 2930 41 56 g
610 2927 31 42 r
655 2930 39 40 O
706 2930 29 40 S
751 2913 160 70 (sieht
927 2913 113 59 sich
1049 2912 250 60 verblüfft
1313 2936 110 42 um,
1440 2911 272 59 bekommt
1726 2912 116 57 eine
1856 2909 228 60 fromme
2095 2907 203 67 Miene,
2315 2907 143 58 kniet
2474 2907 137 77 hin).

444 3006 80 71 M
534 3008 271 72 adame
839 3007 291 87 Legros
1164 3021 128 70 (will
1322 3033 250 47 vorwärts
1600 3021 170 70 gehen
1812 3020 112 58 und
1966 3019 221 58 berührt
2228 3019 105 58 den
2375 3016 234 61 Scheitel

353 3115 91 56 der
473 3115 267 69 Fanchon,
768 3118 86 57 die
886 3139 94 36 vor
1005 3116 84 58 ihr
1118 3115 192 78 kniet):
1351 3100 151 71 Wer
1541 3101 82 70 ist
1654 3099 159 71 das?
1865 3097 338 73 Fanchon!
2253 3097 160 71 Steh
2439 3096 172 71 doch

353 3193 128 81 auf,
530 3194 195 72 liebes
759 3194 211 72 Kind!
1045 3208 251 70 (Wendet
1323 3208 165 77 sich:)
1566 3191 158 73 Und
1756 3193 102 71 ihr
1887 3191 166 71 alle?
2132 3190 268 72 Warum
2437 3189 176 73 kniet

355 3284 142 72 ihr?
571 3287 161 72 Weil
777 3318 136 41 nun
946 3287 115 71 der
1092 3285 444 87 Unschuldige
1564 3285 117 71 frei
1718 3287 80 69 ist
1812 3292 32 66 ?
1919 3284 135 72 Das
2091 3284 157 72 habt
2281 3284 101 71 ihr
2414 3284 199 72 selbst

355 3397 205 65 getan.
637 3379 175 74 Gebt
858 3381 177 71 nicht
1079 3381 122 69 mir
1245 3378 106 72 die
1380 3379 191 82 Ehre,
1628 3378 105 72 die
1766 3378 104 72 ich
1897 3406 126 44 nur
2049 3407 153 43 eure
2234 3378 382 86 unwürdige

356 3468 380 88 Sprecherin
772 3501 148 55 war,
967 3472 278 72 sondern
1276 3472 163 72 euch
1470 3472 223 72 selbst.
1762 3472 108 72 Ihr
1898 3472 121 72 alle
2047 3472 156 72 habt
2236 3503 67 43 es
2338 3472 277 88 gewollt.

359 3561 105 72 Ihr
491 3566 173 72 wollt
697 3567 112 71 das
845 3566 196 74 Gute.
1120 3566 105 71 Ihr
1266 3566 138 71 seid
1436 3569 151 83 jetzt
1619 3566 194 72 erlöst
1846 3598 127 40 von
2007 3567 154 73 dem
2190 3567 244 88 großen
2471 3566 97 72 Un-

358 3657 194 74 recht.

437 3749 361 86 Jemand,
829 3754 136 71 der
999 3753 394 72 aufsteht:
1439 3753 135 72 Mir
1601 3755 103 80 ist,
1734 3754 91 71 als
1860 3757 90 69 sei
1987 3754 103 74 ich
2124 3754 198 72 selbst
2354 3784 115 42 aus
2503 3754 114 72 der

360 3838 254 77 Bastille
646 3866 375 52 entronnen.
