3366 4572
2530 370 103 57 173

972 379 266 56 Heinrich
1264 379 186 52 Mann
1490 395 22 27 *
1554 379 254 53 Madame
1832 379 194 66 Legros

1185 1287 407 75 DRITTER
1632 1287 195 72 AKT

372 1490 258 70 (Zimmer
652 1485 176 57 hinter
853 1484 126 57 dem
997 1481 183 59 Laden
1204 1480 92 58 der
1313 1480 220 67 Legros,
1563 1479 97 55 mit
1680 1476 221 58 Fenster
1922 1475 112 58 und
2056 1473 114 59 Tür
2192 1472 91 60 auf
2298 1475 118 57 eine
2434 1472 181 59 Seiten-

795 1587 169 47 gasse.
993 1561 269 59 Seitwärts
1291 1560 87 57 die
1408 1557 114 59 Tür
1550 1559 55 55 in
1635 1557 93 59 das
1755 1555 462 76 Nebenzimmer.)

1240 1731 238 60 ERSTE
1519 1729 255 62 SZENE.

376 1866 260 86 Legros.
689 1862 127 72 Die
839 1860 404 73 Verwandte.
1293 1858 280 88 Vignon,
1630 1857 305 71 Madame
1968 1853 296 73 Touche.
2316 1851 332 73 Fanchon.

468 2006 367 71 Madame
868 2001 365 73 Touche:
1270 2001 307 71 Madame
1597 1999 243 85 Legros
1854 2004 33 65 ?
1929 1995 110 73 Ich
2053 1995 130 73 will
2208 1994 203 73 Ihnen
2432 2023 217 58 sagen,

374 2100 168 71 Herr
586 2100 263 85 Legros,
892 2128 129 41 was
1064 2098 91 70 sie
1197 2097 106 71 ist.
1378 2093 298 88 Sogleich
1721 2091 161 73 wird
1925 2093 94 71 sie
2060 2089 241 73 zurück
2344 2091 137 70 sein
2523 2119 128 42 von

376 2196 203 71 ihrem
604 2192 349 87 Triumph,
989 2192 175 71 dann
1192 2220 146 57 sage
1364 2190 104 72 ich
1492 2220 66 41 es
1587 2190 103 70 ihr
1718 2187 222 73 selbst.
1975 2185 162 73 Eine
2156 2185 254 86 Heilige
2428 2186 82 70 ist
2528 2186 121 71 sie!

471 2289 160 85 Leg
646 2317 159 43 ros:
847 2286 109 71 Ich
990 2285 163 74 muß
1185 2315 67 42 es
1286 2284 173 72 wohl
1492 2282 300 88 glauben.

470 2382 365 72 Madame
867 2380 363 73 Touche:
1265 2380 209 71 Wenn
1501 2408 151 42 man
1679 2379 92 70 sie
1797 2376 275 88 gesehen
2099 2375 131 90 hat,
2256 2375 121 71 wie
2408 2375 91 71 sie
2524 2373 127 72 den

379 2476 389 87 Kuppelsaal
804 2476 228 81 betrat,
1075 2506 99 42 wo
1206 2474 122 73 alle
1361 2474 177 71 diese
1571 2472 251 72 Herren
1858 2501 127 42 von
2028 2469 115 73 der
2174 2465 353 75 Akademie
2563 2469 90 70 sie

374 2589 371 54 erwarteten
857 2576 15 66 I
903 2569 110 73 Ich
1028 2569 174 74 hatte
1215 2568 262 74 Zutritt.
1503 2566 131 82 Sie,
1652 2567 210 71 meine
1873 2564 273 82 Herren,
2164 2564 218 70 hatten
2397 2561 253 75 keinen.

374 2663 174 74 Aber
589 2665 104 71 Ihr
726 2663 221 74 Vetter
981 2666 82 71 ist
1094 2663 167 73 auch
1295 2663 178 72 nicht
1510 2661 395 88 königlicher
1939 2660 221 71 Lakai.

470 2760 351 85 Vignon:
868 2759 275 72 Freilich
1172 2759 201 71 nicht.
1406 2755 177 72 Aber
1615 2756 83 71 da
1729 2754 107 72 ein
1870 2754 171 72 Herr
2074 2784 127 41 von
2234 2751 129 72 den
2396 2751 219 72 franzö-

378 2854 250 70 sischen
655 2853 263 72 Garden
951 2851 173 73 mich
1158 2853 119 71 mit
1320 2851 207 72 seiner
1555 2846 474 75 Freundschaft
2062 2845 247 83 beehrt,
2347 2845 166 72 habe
2547 2845 106 72 ich

379 2944 304 75 Madame
717 2947 240 87 Legros
1008 2945 296 87 gesehen,
1356 2947 121 70 wie
1520 2945 91 70 sie
1644 2971 115 44 vor
1804 2943 116 71 der
1950 2940 356 73 Akademie
2338 2972 114 41 aus
2499 2940 154 71 dem

378 3038 239 88 Wagen
651 3043 184 85 stieg.
899 3041 84 72 Es
1019 3069 149 53 war,
1202 3039 91 73 als
1327 3039 86 73 ob
1446 3038 106 71 ich
1586 3039 90 72 sie
1712 3037 177 72 nicht
1922 3037 280 86 gekannt
2235 3036 198 72 hätte.
2491 3033 163 75 Eine

378 3136 348 71 vornehme
758 3136 231 71 Dame.

473 3229 364 73 Madame
870 3229 358 72 Touche:
1276 3229 109 71 Ich
1418 3226 168 75 weiß
1619 3258 65 40 es
1715 3227 251 70 besser:
1999 3226 143 71 eine
2176 3224 280 88 Heilige.
2494 3224 161 72 Und

379 3319 115 72 der
525 3321 451 89 Tugendpreis
1012 3323 117 72 soll
1163 3320 276 74 tausend
1472 3320 216 72 Pfund
1719 3320 328 86 betragen.

472 3417 347 86 Vignon:
884 3418 188 71 Auch
1116 3418 116 70 der
1267 3415 446 87 Unschuldige
1762 3442 130 44 war
1938 3414 288 72 feierlich
2259 3413 396 75 anzusehen.

379 3507 87 72 Er
499 3511 171 72 hatte
705 3513 185 71 einen
915 3511 348 87 gestickten
1291 3509 200 82 Rock,
1524 3511 189 69 einen
1738 3508 176 81 Bart,
1950 3508 148 88 lang
2132 3508 138 74 und
2293 3507 190 84 weiß,
2517 3508 140 72 und

381 3630 67 43 er
480 3632 127 42 war
638 3605 326 72 bekränzt.

475 3697 510 75 Verwandte:
1049 3699 161 73 Man
1261 3718 197 67 sagte,
1525 3697 128 73 daß
1704 3725 67 45 er
1820 3697 321 74 trotzdem
2184 3726 126 44 nur
2349 3700 109 70 ein
2499 3699 158 72 alter

382 3786 400 93 Tunichtgut
816 3796 115 70 sei.

478 3884 333 88 Legros:
847 3886 176 73 Hüte
1058 3886 189 73 deine
1279 3885 255 87 Zunge!
