3306 4572
1040 322 247 54 Theodor
1313 320 245 56 Däuhler
1591 339 23 27 ♦
1645 320 239 55 Matisse

2501 318 101 59 193

407 536 74 72 In
506 533 225 74 seinen
761 529 549 88 Kompositionen
1336 527 294 77 schweift
1655 529 276 74 Matisse
1956 560 115 42 aus
2098 529 116 73 der
2232 527 332 75 Nüchtern-

309 635 132 73 heit
477 628 114 74 des
623 625 364 90 Gegebnen
1020 623 344 89 allerdings
1413 626 68 72 in
1524 627 108 71 ein
1667 622 792 76 Mitarabeskenbehaften
2501 623 105 74 ab.

310 725 230 77 Durch
585 752 199 44 unsre
817 720 399 75 Generation
1263 720 154 90 geht
1462 722 106 73 ein
1602 724 338 85 eigenster,
1973 720 473 73 allerinnerster
2486 719 80 73 Be-

309 823 132 78 fehl
459 854 15 42 :
510 819 131 74 fort
667 851 154 40 vom
845 818 241 89 Alltag,
1113 848 141 57 weg
1281 848 151 43 vom
1458 816 510 75 Naturalismus!
2036 816 169 74 Zum
2241 815 364 75 mindesten

308 938 139 70 sagt
492 943 199 47 unsre
738 915 311 74 Stimme:
1096 913 139 74 sieh
1282 913 114 74 das
1442 913 293 74 Wunder
1777 913 114 74 auf
1935 914 245 73 Schritt
2225 913 141 72 und
2406 910 199 77 Tritt.

310 1018 179 74 Höre
525 1013 110 73 die
667 1011 234 73 Sterne
952 1012 68 70 in
1053 1008 223 75 deines
1312 1009 331 74 Nächsten
1676 1009 256 83 Wesen,
1980 1008 625 75 verabenteuerliche

310 1114 174 88 jedes
514 1106 373 85 Geschenk,
921 1107 115 73 das
1067 1107 102 73 dir
1202 1108 146 72 eine
1378 1107 220 87 gütige
1625 1105 198 75 Hand
1856 1106 222 74 reicht.
2139 1105 207 73 Farbe
2374 1107 83 71 ist
2488 1135 116 43 aus

309 1211 151 73 dem
494 1202 540 75 Unterirdischen
1069 1233 153 42 zum
1255 1201 228 89 Tagen
1517 1200 272 75 berufen
1824 1200 286 76 worden.

407 1304 136 72 Das
573 1300 402 83 hebräische,
1002 1298 116 73 das
1143 1296 682 75 mohammedanische
1851 1295 244 85 Gebot,
2132 1296 186 74 keine
2336 1295 230 74 Gleich-

312 1404 170 70 nisse
514 1395 453 84 auszubilden,
994 1394 147 75 kein
1169 1393 593 75 Menschenantlitz
1792 1393 447 82 aufzustellen,
2269 1393 193 88 gebar
2487 1392 78 73 ab-

310 1495 239 74 strakte
600 1492 390 74 Geistesart:
1049 1492 232 71 darum
1335 1489 277 89 geschah
1659 1521 100 42 es:
1827 1488 322 74 abstrakte
2196 1487 365 74 Arabesken-

310 1594 195 71 kunst
529 1587 307 76 wurzelte
865 1589 137 72 sich
1037 1589 68 72 in
1132 1589 128 71 den
1287 1586 283 74 Völkern
1596 1585 232 73 Asiens
1864 1583 146 84 fest,
2044 1583 297 74 liebliche
2366 1583 196 74 Trieb-

310 1686 423 89 haftigkeiten
783 1684 308 89 seeligten
1154 1685 67 71 in
1273 1682 108 74 die
1429 1682 173 74 Welt
1649 1681 480 74 unerforschter
2181 1679 422 75 Geometrien

310 1812 252 60 empor.
657 1782 292 87 Europas
1013 1779 560 74 Bilderstürmerei
1634 1778 293 87 vertilgte
1993 1778 113 73 das
2165 1775 303 74 Gebären
2535 1778 68 70 in

312 1878 256 83 Plastik,
628 1877 141 73 und
827 1878 115 72 das
997 1878 323 86 ereignete
1377 1876 137 72 sich
1573 1893 360 69 zugunsten
1988 1874 116 73 der
2151 1872 247 73 Musik.
2464 1872 140 73 Wir

310 1977 289 88 Jüngern
624 1973 234 75 wollen
888 1972 148 74 kein
1056 1970 411 74 Nachbilden
1494 1971 204 81 mehr,
1738 2001 114 41 aus
1891 1997 229 45 unsrer
2149 1967 418 88 Nachthaftig-

313 2074 128 72 keit
487 2070 206 74 sollen
732 2072 118 72 wir
891 2067 317 74 abermals
1244 2065 711 90 Phantasiegeschöpfe,
2005 2062 398 85 zauberhaft,
2450 2062 155 74 oder

310 2169 409 86 wenigstens,
766 2166 209 74 durch
1011 2163 477 74 Geschautsein
1521 2161 120 74 frei
1672 2161 139 75 und
1842 2160 196 75 leicht
2069 2160 365 88 geworden,
2469 2190 90 41 em-

313 2263 399 74 oortauchen
748 2262 233 82 lassen,
1024 2260 206 74 damit
1272 2262 113 80 sie,
1423 2290 129 43 von
1587 2257 115 74 der
1734 2257 315 88 Ewigkeit
2077 2255 358 74 umhaucht
2468 2253 139 73 und

329 2389 97 44 Der
430 2391 80 41 au
515 2358 270 84 sehend,
836 2377 193 55 unter
1080 2356 371 75 Menschen
1519 2357 68 71 in
1641 2356 173 72 ihrer
1865 2344 741 97 Naturgezwungenheit

313 2475 206 53 treten
578 2455 286 72 können.
931 2453 275 74 Matisse
1264 2453 85 72 ist
1399 2452 176 73 einer
1629 2450 116 72 der
1798 2446 375 91 Sieghaften
2231 2466 190 53 unter
2478 2446 127 72 den

314 2550 683 90 Geistiggewiesenen,
1069 2547 156 75 aber
1295 2577 69 44 er
1427 2545 204 75 bleibt
1690 2546 174 72 beim
1926 2544 444 73 übererbten:
2429 2573 177 42 seine

315 2648 364 72 Menschen
724 2648 153 72 sind
928 2646 188 74 keine
1160 2641 610 91 Tapetendryaden,
1818 2641 280 73 sondern
2148 2640 158 74 freie
2351 2636 253 84 Seelen,

313 2744 107 73 die
468 2743 298 89 Tapeten
826 2740 356 75 entwerfen
1243 2739 140 74 und
1430 2739 169 74 ihrer
1646 2738 378 74 Gemütsart
2069 2766 342 58 anpassen.
2477 2733 127 72 Die

315 2838 281 75 Früchte
639 2842 212 71 seiner
886 2838 315 74 Stilleben
1248 2837 148 72 sind
1444 2836 186 73 keine
1668 2834 270 82 Manna,
1983 2832 184 74 keine
2200 2831 403 87 Schnuppen

313 2966 112 42 aus
465 2937 116 71 der
611 2936 390 81 Astralwelt,
1049 2933 147 75 kein
1232 2930 571 90 unvergängliches
1839 2928 171 74 Obst
2041 2930 177 71 einer
2252 2926 308 73 Märchen-

313 3030 183 84 insel,
524 3030 285 75 sondern
836 3031 107 73 die
966 3029 500 87 Veranlassung,
1502 3025 127 74 daß
1655 3027 104 72 ein
1789 3022 477 88 Künstlerauge
2290 3053 115 42 aus
2433 3020 171 75 ihrer

315 3125 229 74 Pracht
578 3130 146 70 eine
755 3129 198 86 junge
989 3124 433 75 Farbenlehre
1456 3120 481 83 hervorbluten,
1991 3118 610 82 zurückdämmern,

313 3220 105 74 bei
451 3255 125 42 uns
616 3243 221 55 atmen
872 3224 194 74 sieht.
1123 3218 296 77 Matisse*
1443 3219 276 74 Blumen
1745 3217 192 73 fallen
1965 3215 182 73 nicht
2172 3246 114 42 aus
2312 3213 255 74 unsicht-

314 3317 198 75 baren
548 3317 664 90 Gespensterhänden
1251 3316 585 87 herbeigegeistert,
1870 3311 157 73 oder
2058 3312 122 72 wie
2214 3309 107 73 bei
2360 3308 244 75 Odilon

315 3410 254 89 Redon,
597 3416 154 72 dem
780 3416 333 74 sehenden
1142 3412 335 83 Künstler,
1503 3414 67 71 in
1596 3410 128 72 den
1751 3407 256 83 Schoß;
2044 3408 174 82 nein,
2247 3407 94 71 sie
2365 3435 239 57 saugen

314 3510 136 72 sich
486 3513 67 71 in
582 3513 288 74 schönen
896 3513 214 73 Vasen
1132 3510 130 74 voll
1290 3539 128 43 von
1438 3506 274 83 Wasser,
1747 3535 115 44 um
1895 3504 210 73 durch
2129 3504 141 71 ihre
2304 3501 258 74 unheim-

314 3603 165 76 liche
505 3607 425 77 Pfaulichkeit
955 3610 70 73 in
1051 3608 273 72 schöner
1343 3604 251 74 Frauen
1622 3600 493 75 Haarturbanen
2142 3599 157 74 oder
2327 3624 116 47 vor
2468 3596 109 73 lila-

315 3714 270 73 grünen,
620 3702 694 89 silberbesprenkelten
1348 3698 306 89 Spiegeln
1686 3699 100 70 ins
1813 3697 292 73 Staunen
2138 3726 82 41 zu
2252 3712 352 56 versetzen.

408 3796 147 75 Von
583 3800 279 75 Matisse
884 3821 320 52 stammen
1230 3797 108 72 die
1361 3795 236 73 beiden
1625 3792 416 74 modernsten
2068 3789 535 86 Bezeichnungen

315 3888 512 81 künstlerischen
862 3896 114 73 auf
1009 3899 105 70 ein
1150 3892 137 75 Ziel
1324 3891 540 75 Gerichtetseins:
1905 3887 362 74 Kubismus
2303 3885 138 73 und
2477 3882 127 74 Ex-
