3356 4572
964 355 263 56 Heinrich
1256 356 181 52 Mann
1469 374 20 23 ♦
1521 355 254 53 Madame
1803 355 196 69 Legros

2512 347 103 59 167

356 576 205 75 liehen
600 567 207 74 Mann
840 561 179 81 hielt,
1055 561 114 71 der
1202 562 212 70 einem
1451 558 330 74 Mädchen
1815 561 179 69 seine
2040 552 580 90 Versprechungen

356 668 147 77 hält.
553 661 156 74 Und
742 688 136 43 nun
912 655 230 74 wollen
1179 652 108 74 Sie
1319 653 204 71 dieses
1559 651 362 73 Weibsbild
1955 647 460 76 zurückholen.

454 762 329 83 Legros:
817 751 325 85 Schweig!
1176 748 111 73 Sie
1320 750 81 71 ist
1434 751 211 72 meine
1674 746 188 74 Frau.

450 846 511 82 Verwandte:
1010 844 130 72 Die
1193 842 206 73 Dirne
1446 841 153 74 aller
1649 841 253 73 Herren
1951 872 150 40 vom
2134 837 189 82 Adel,
2375 837 108 72 die
2533 839 93 68 sie

359 952 202 73 haben
599 943 259 75 wollen!
914 939 139 72 Der
1086 938 192 87 Spott
1323 936 138 73 und
1500 934 305 75 Abscheu
1838 935 113 73 des
1988 966 243 58 ganzen
2266 933 324 72 Stadtvier-

355 1047 146 71 tels!
566 1039 148 73 Was
761 1066 191 56 sagen
987 1065 139 40 nun
1160 1032 132 82 Sie,
1326 1032 115 72 der
1483 1030 110 74 Sie
1626 1030 99 73 ihr
1762 1030 220 73 früher
2016 1029 180 74 nicht
2229 1027 238 73 einmal
2506 1029 121 69 mit

359 1142 200 73 ihrem
591 1133 243 79 Vetter,
884 1129 152 74 dem
1088 1127 464 81 Zollbeamten,
1611 1146 192 53 etwas
1857 1126 358 72 Unrechtes
2265 1141 359 55 zutrauten.

456 1232 155 83 Leg
627 1256 158 45 ros:
822 1225 163 71 Man
1020 1221 118 75 soll
1173 1223 218 79 sehen,
1427 1221 86 71 ob
1546 1221 112 72 das
1697 1220 170 72 noch
1902 1218 184 87 lange
2124 1218 255 73 dauert!

453 1321 506 76 Verwandte:
1019 1317 160 73 Und
1220 1321 119 69 mit
1371 1316 153 74 dem
1563 1314 360 75 ekelhaften
1964 1312 513 88 Unschuldigen,
2513 1311 115 72 der

357 1425 65 69 in
479 1422 240 71 seinem
780 1414 135 71 Kot
969 1413 174 86 liegt,
1197 1413 109 72 hat
1352 1414 94 70 sie
1489 1413 146 70 eine
1679 1408 451 73 unnatürliche
2182 1406 226 74 Liebe.
2481 1404 147 73 Alle

356 1519 226 70 wissen
623 1544 89 49 es,
746 1509 166 73 auch
957 1508 213 81 Colas,
1221 1507 113 72 der
1368 1504 226 75 Soldat
1637 1509 67 69 in
1739 1505 116 73 der
1889 1503 264 75 Bastille
2187 1507 103 76 ist,
2326 1503 140 71 und
2499 1500 127 71 den

359 1610 101 72 ich
502 1608 282 70 heiraten
820 1604 235 80 werde,
1095 1632 187 42 wenn
1317 1601 110 72 Sie
1470 1602 143 84 jene
1646 1599 240 73 Person
1919 1596 463 76 zurückholen.

458 1704 331 85 Legros:
823 1698 84 73 Es
943 1702 82 69 ist
1061 1696 236 74 zuviel!
1337 1696 110 72 Ich
1484 1693 240 74 schaffe
1762 1692 354 88 Ordnung!
2151 1707 148 70 (Will
2328 1706 172 60 durch
2533 1706 95 57 das

359 1796 153 76 Tor.)

450 1891 159 72 Der
644 1888 450 72 Türhüter:
1127 1885 329 73 Niemand
1486 1888 140 70 tritt
1662 1886 139 72 ein!

459 1985 330 84 Legros:
839 1982 199 72 Mach
1074 1982 185 71 keine
1295 1979 471 74 Geschichten!
1819 1979 128 71 Die
1985 1978 83 72 da
2092 1979 83 70 ist
2198 1980 213 69 meine
2438 1975 194 71 Frau.

359 2087 91 70 (Er
477 2086 139 59 wirft
643 2086 104 57 den
771 2083 273 60 Türhüter
1070 2083 259 78 beiseite.)
1356 2082 158 70 (Volk
1541 2081 243 59 sammelt
1809 2081 114 58 sich
1954 2087 106 64 an.)

460 2172 389 85 Königin:
887 2170 152 72 Was
1075 2170 137 86 gibt
1246 2175 115 67 es?
1419 2170 136 71 Das
1588 2167 197 72 Volk!

460 2266 428 73 Chevalier
921 2280 92 71 (zu
1037 2281 251 77 Legros):
1323 2264 152 73 Was
1512 2265 242 72 suchen
1791 2262 108 73 Sie
1935 2264 139 72 hier
2104 2267 29 65 ?

460 2361 330 85 Legros:
842 2360 233 81 Etwas,
1127 2360 113 71 das
1295 2359 202 72 Ihnen
1551 2359 178 72 nicht
1780 2358 258 86 gehört!
2110 2356 110 71 Ich
2255 2355 131 74 will
2420 2358 212 69 meine

365 2454 163 72 Frau
564 2455 239 71 haben!
840 2453 85 73 Es
959 2457 83 68 ist
1076 2454 172 71 mein
1273 2454 235 71 Recht!
1545 2467 184 70 (Packt
1756 2467 254 58 Madame
2039 2466 199 71 Legros
2266 2473 120 70 an;)
2419 2449 214 72 Hure!

364 2549 222 73 Schier
620 2549 150 73 dich
804 2548 164 74 nach
1002 2549 214 71 Haus!

461 2642 430 74 Chevalier
934 2657 217 70 (befreit
1173 2657 254 59 Madame
1450 2657 226 77 Legros)
1687 2681 14 35 :
1761 2641 110 71 Ich
1931 2640 162 72 bitte
2143 2643 126 68 mir
2321 2638 312 85 Achtung

361 2768 113 39 aus
508 2765 113 43 vor
665 2739 125 71 den
840 2739 423 71 anwesenden
1310 2737 286 71 Damen!
1653 2750 132 70 (Zur
1813 2750 239 69 Königin
2067 2758 39 69 :)
2153 2732 328 74 Fürchten
2525 2732 109 73 Sie

365 2831 230 82 nichts,
625 2831 331 73 Madame.
1015 2830 84 72 Es
1135 2834 80 68 ist
1249 2858 123 44 nur
1406 2833 101 69 ihr
1541 2829 232 72 Mann.
1823 2829 110 72 Sie
1965 2826 352 89 begreifen,
2363 2826 128 73 daß
2526 2827 107 72 die

364 2925 136 71 Ehe
530 2929 105 69 ein
668 2930 211 83 wenig
914 2941 237 71 gestört
1188 2929 102 69 ist.

467 3018 388 88 Königin:
892 3021 135 71 Das
1066 3023 83 69 ist
1189 3033 318 57 amüsant.
1565 3018 150 72 Was
1751 3018 160 71 wird
1949 3046 68 43 er
2050 3022 167 66 tun?

467 3113 297 87 Legros
794 3128 269 72 (entblößt
1091 3130 105 58 den
1227 3128 200 78 Kopf):
1457 3113 132 71 Mit
1620 3112 306 72 Verlaub.
1972 3112 109 71 Ich
2114 3140 129 43 war
2269 3115 233 69 immer
2529 3116 107 68 ein

370 3205 309 75 höflicher
728 3208 230 82 Mann,
1019 3239 150 39 man
1220 3207 117 73 soll
1391 3206 179 72 nicht
1620 3236 217 56 sagen,
1893 3205 104 72 ich
2046 3206 329 72 verkenne
2417 3210 219 68 meine

365 3299 230 75 Pflicht
628 3334 201 55 gegen
869 3304 107 71 die
1010 3304 278 70 Damen.
1324 3302 197 72 Diese
1555 3301 140 73 hier
1726 3301 155 73 aber
1919 3302 82 70 ist
2039 3304 216 70 meine
2283 3300 190 85 Frau,
2499 3302 141 73 und

367 3395 91 69 sie
491 3394 317 75 benimmt
844 3398 158 80 sich,
1032 3399 105 70 ich
1163 3395 143 73 darf
1333 3395 179 73 nicht
1540 3426 213 56 sagen,
1781 3398 142 70 wie.
1959 3409 105 70 (Zu
2093 3409 258 60 Madame
2386 3410 254 78 Legros;)

369 3485 294 78 Schämst
694 3490 93 73 du
820 3490 149 73 dich
1005 3520 108 56 gar
1156 3489 198 81 nicht,
1392 3489 309 73 Madame
1726 3489 242 87 Legros
1983 3494 32 65 ?
2050 3489 131 74 Die
2208 3490 208 74 Leute
2441 3490 197 73 reden

369 3609 127 43 von
529 3583 122 81 dir,
688 3584 138 72 und
856 3584 113 72 auf
1000 3586 174 70 mich
1210 3588 218 81 zeigen
1471 3586 90 68 sie
1597 3587 119 67 mit
1751 3582 304 87 Fingern.
2100 3583 110 74 Ich
2245 3616 149 55 sage
2438 3616 67 41 es
2539 3584 101 74 dir

371 3676 88 67 im
493 3695 216 65 guten,
756 3678 126 73 daß
910 3680 113 71 das
1060 3678 111 72 auf
1173 3678 200 73 hören
1411 3677 182 73 muß.
1645 3678 111 70 Du
1785 3678 534 88 vernachlässigst
2351 3681 116 71 das
2501 3678 92 74 Ge-

369 3770 204 71 schäft
606 3772 137 71 und
776 3772 112 73 das
925 3774 203 71 Haus.
1188 3772 164 73 Hast
1385 3772 90 71 du
1508 3771 152 84 dich
1695 3771 162 72 über
1884 3772 240 74 deinen
2159 3775 211 72 Mann
2406 3805 81 42 zu
2523 3775 76 72 be-

371 3860 266 87 klagen?
671 3866 268 74 Warum
972 3866 192 73 läufst
1199 3868 89 71 du
1324 3870 124 69 mir
1486 3868 134 69 also
1657 3866 259 73 davon?
