3360 4572
905 387 274 55 Heinrich
1202 388 184 52 Mann
1423 404 22 25 ♦
1486 388 256 54 Madame
1767 387 198 67 Legros

2467 380 106 60 125

384 595 334 85 Legros:
763 592 122 73 Ein
923 590 387 87 Spaßvogel.
1345 588 337 75 Vielleicht
1713 587 298 90 Ärgeres.
2052 587 86 75 Es
2173 588 139 87 gibt
2348 587 230 83 Leute,

298 692 108 72 die
440 687 585 74 Unzufriedenheit
1060 687 117 69 mit
1210 685 152 72 dem
1392 685 218 87 König
1633 685 140 72 und
1797 687 209 72 seiner
2033 684 371 86 Regierung
2425 695 153 58 säen

301 784 326 75 möchten.
670 781 93 73 So
795 783 177 68 einer
1005 780 110 72 hat
1148 780 128 72 den
1310 780 221 72 Wisch
1564 781 68 71 in
1666 780 107 72 die
1806 779 160 73 Luft
1995 776 352 90 geworfen.

384 892 366 74 Madame
795 891 336 86 Legros:
1183 889 113 74 Ich
1343 891 115 72 sah
1507 889 112 74 ihn
1670 889 477 74 herabflattern.
2204 888 113 72 Ich
2362 887 214 75 erhob

299 992 127 71 den
483 987 211 73 Blick:
754 983 114 75 auf
915 986 153 72 dem
1108 983 235 85 Turm,
1403 1015 159 57 ganz
1606 986 248 71 droben
1896 985 114 72 auf
2051 983 117 74 der
2211 982 364 83 Plattform,

299 1112 131 45 war
461 1085 102 71 ein
597 1081 301 81 Mensch,
939 1081 116 72 der
1087 1079 260 73 winkte.
1389 1079 160 72 Eine
1593 1079 304 73 Sekunde
2051 1080 139 73 und
2239 1079 199 73 bevor
2471 1079 107 72 ich

302 1180 176 73 recht
517 1178 278 85 gesehen
830 1176 195 82 hatte,
1060 1175 102 72 riß
1196 1178 104 68 ein
1331 1173 227 73 Soldat
1590 1174 114 72 ihn
1738 1174 262 72 zurück.

381 1284 478 76 Verwandte
908 1300 142 71 (liest
1089 1301 268 58 stotternd
1398 1301 105 58 den
1544 1300 196 78 Brief):
1813 1283 65 74 0
1924 1283 656 89 Vorübergehender!

301 1385 151 71 Wer
483 1382 92 72 du
607 1382 167 72 auch
804 1383 212 80 seiest,
1050 1382 104 71 ein
1191 1378 479 88 Unschuldiger
1704 1378 133 74 ruft
1869 1380 152 72 dich
2056 1410 109 43 an.
2214 1378 214 74 Unter
2461 1377 117 74 der

301 1480 264 84 vorigen
583 1475 401 84 Herrschaft,
1011 1504 116 43 zur
1152 1475 140 73 Zeit
1320 1476 226 72 Seiner
1572 1476 305 86 Majestät
1901 1503 265 44 unseres
2194 1474 382 87 gnädigsten

304 1574 248 85 Königs
591 1571 298 87 Ludwig,
924 1571 175 74 ward
1132 1571 105 73 ich
1265 1573 67 69 in
1364 1570 105 72 die
1498 1569 257 73 Bastille
1780 1568 347 88 geworfen,
2155 1599 221 56 wegen
2402 1570 174 71 eines

302 1687 307 54 unzarten
642 1667 385 85 Versuches,
1078 1668 107 72 die
1232 1665 589 75 Aufmerksamkeit
1869 1667 116 72 der
2029 1665 168 73 Frau
2237 1664 342 88 Marquise

299 1795 129 39 von
486 1761 412 88 Pompadour
944 1762 114 72 auf
1099 1762 174 72 mich
1313 1792 81 42 zu
1439 1761 251 82 lenken,
1734 1761 139 72 und
1905 1762 122 71 seit
2060 1759 520 87 dreiundvierzig

297 1858 237 85 Jahren
593 1857 108 72 hat
755 1888 151 41 man
965 1857 175 72 mich
1197 1857 139 72 hier
1389 1885 361 57 vergessen.
1826 1853 203 75 Nicht
2079 1855 236 72 einmal
2364 1856 215 70 meine

302 1952 300 74 Wächter
637 1955 231 70 wissen
901 1952 205 82 mehr,
1157 1980 129 43 wer
1314 1951 104 72 ich
1451 1951 136 72 bin.
1633 1949 65 73 O
1726 1950 280 81 Freund,
2042 1950 152 72 dem
2227 1949 116 73 der
2376 1947 202 73 Wind

298 2046 159 73 oder
506 2046 233 74 Gottes
787 2045 197 74 Atem
1031 2046 207 71 dieses
1284 2045 170 71 Blatt
1488 2073 114 44 vor
1647 2045 106 72 die
1788 2042 181 74 Füße
2001 2044 193 81 weht,
2240 2073 110 56 sag
2383 2041 92 73 du
2509 2073 69 41 es

297 2143 129 71 den
463 2142 396 72 Menschen!
904 2142 129 86 Sag
1069 2140 217 92 ihnen,
1322 2171 127 42 was
1486 2140 218 73 keiner
1740 2139 182 74 mehr
1958 2138 188 82 weiß,
2180 2168 73 42 so
2279 2135 162 75 viele
2470 2168 71 56 ge-

303 2238 198 71 boren
538 2237 258 72 werden
828 2236 141 72 und
999 2236 292 73 sterben:
1336 2236 104 71 ich
1475 2236 190 72 heiße
1699 2234 253 73 Latude
1983 2234 140 73 und
2155 2232 115 73 bin
2303 2234 105 70 ein
2437 2230 97 74 Un-

301 2328 387 90 schuldiger,
720 2332 117 72 der
873 2332 226 72 leidet!
1148 2346 346 71 (Ergriffenes
1524 2345 358 78 Schweigen.)

384 2443 187 72 Mad
585 2473 165 42 ame
796 2443 301 86 Legros
1140 2457 116 69 (hat
1284 2458 113 58 sich
1423 2457 336 71 abgewandt,
1788 2455 172 60 seufzt
1983 2455 249 78 schwer).

382 2538 512 73 Verwandte:
941 2538 134 71 Das
1126 2538 84 71 ist
1253 2537 368 87 grauenvoll
1663 2595 16 14 .
1718 2595 15 14 .
1769 2595 14 14 .
1844 2535 158 71 Und
2052 2566 72 40 so
2169 2533 407 82 wunderbar,

299 2632 92 71 als
426 2632 85 72 ob
542 2664 70 41 es
645 2632 117 75 der
796 2633 169 72 Herr
998 2632 250 73 Pfarrer
1284 2632 241 72 erzählt
1559 2633 196 72 hätte.

383 2744 300 87 Legros
717 2757 257 74 (peinlich
1002 2759 270 79 berührt):
1303 2742 85 74 Es
1422 2746 83 69 ist
1539 2746 103 69 ein
1668 2770 209 45 armer
1905 2741 302 72 Mensch.
2249 2737 176 74 Aber
2452 2740 119 70 mit

299 2839 262 73 solchen
612 2841 263 85 Dingen
914 2839 222 72 befaßt
1186 2871 151 40 man
1376 2839 139 72 sich
1566 2839 200 72 nicht.
1811 2836 85 73 Es
1930 2851 166 59 wäre
2129 2834 267 87 unklug.
2435 2835 141 72 Wir

303 2935 257 73 werden
594 2967 81 41 zu
710 2935 410 71 niemandem
1164 2934 211 74 davon
1409 2935 219 71 reden.

384 3045 188 72 Mad
584 3045 303 73 ameLe
901 3076 41 56 g
955 3074 30 43 r
999 3076 39 41 o
1052 3075 64 43 s:
1145 3043 85 74 Es
1257 3046 82 70 ist
1364 3043 208 74 wahr:
1607 3045 120 71 wie
1751 3042 117 72 soll
1897 3072 151 41 man
2072 3071 68 42 es
2169 3039 128 74 den
2325 3039 255 73 Leuten

299 3169 218 57 sagen.
566 3140 329 73 Niemand
943 3140 164 75 wird
1152 3172 121 41 uns
1324 3138 299 88 glauben.
1676 3138 163 72 Man
1888 3137 163 73 wird
2098 3168 124 40 uns
2274 3137 144 71 eine
2466 3135 78 72 ab-

298 3234 367 75 scheuliche
687 3235 360 86 Erfindung
1071 3235 421 72 zuschreiben
1519 3232 138 74 und
1682 3260 122 45 uns
1832 3231 109 73 für
1964 3230 289 74 schlecht
2275 3231 307 73 ansehen.

387 3344 157 89 Leg
560 3375 160 45 ros:
765 3347 163 72 Man
958 3347 163 73 wird
1153 3376 123 41 uns
1312 3373 113 45 vor
1455 3344 189 74 allem
1679 3343 105 72 für
1814 3343 234 72 dumm
2081 3340 309 75 ansehen.

386 3441 372 75 Madame
802 3443 334 85 Legros:
1176 3439 149 74 Was
1362 3439 135 74 also
1529 3460 143 53 tun.

387 3537 159 88 Leg
560 3566 161 46 ros:
769 3539 113 72 Bei
917 3536 198 74 Gott!
1158 3535 85 73 Es
1275 3536 105 74 für
1413 3565 126 42 uns
1572 3533 334 74 behalten!

386 3630 369 76 Madame
805 3634 333 86 Legros:
1186 3631 189 74 Wie?

383 3724 513 77 Verwandte:
953 3727 108 72 Ich
1107 3757 149 56 sage
1290 3756 67 42 es
1389 3724 198 75 allen!
1638 3723 185 73 Wird
1859 3756 151 42 man
2044 3723 332 87 neugierig
2410 3724 172 71 sein!

309 3815 111 77 Ich
454 3823 162 84 gehe
649 3826 69 71 in
749 3823 107 74 die
887 3822 258 73 Bastille
1179 3822 139 72 und
1351 3820 175 88 frage
1558 3819 128 73 den
1720 3819 310 74 Soldaten
2066 3818 215 84 Colas,
2319 3818 127 72 den
2476 3815 106 74 ich

302 3913 227 88 kenne,
563 3920 88 71 ob
685 3947 69 45 er
783 3950 126 43 von
939 3918 287 75 solchem
1258 3916 427 88 Gefangenen
1722 3916 188 73 weiß.
