3500 4572
1605 382 264 58 Heinrich
1894 384 180 53 Mann
2113 399 22 24 ♦
2175 377 259 56 Madame
2459 376 195 67 Legros

1008 389 108 60 146

1880 614 238 61 ELFTE
2144 610 252 62 SZENE.

1385 741 307 71 Madame
1728 737 264 85 Legros.
2027 733 267 87 Legros.
2330 732 129 71 Die
2487 723 409 75 Verwandte.

1086 873 513 77 Verwandte:
1658 870 145 72 Wie
1850 864 525 86 liebenswürdig!
2427 862 91 72 So
2566 859 306 85 betragen
2918 855 135 73 sich
3109 853 167 72 doch

1009 1002 123 45 nur
1165 972 107 72 die
1302 967 462 75 Herrschaften
1801 995 151 43 vom
1987 962 166 72 Hof!

1093 1069 335 83 Legros:
1488 1061 86 72 Es
1625 1060 150 72 sind
1809 1052 771 88 Liebenswürdigkeiten,
2627 1047 113 71 auf
2788 1046 107 71 die
2938 1074 150 42 man
3122 1070 156 58 gern

1011 1163 169 72 noch
1213 1163 144 69 eine
1390 1156 448 74 daraufsetzte.
1893 1166 238 71 (Schlägt
2162 1168 96 55 mit
2286 1164 93 57 der
2408 1160 160 58 Faust
2595 1157 91 59 auf
2714 1157 103 58 den
2846 1154 209 76 Tisch.)

1091 1253 515 76 Verwandte:
1644 1251 162 72 Man
1833 1249 185 79 sieht,
2046 1245 171 72 Herr
2236 1244 264 85 Legros,
2528 1239 128 72 daß
2674 1267 90 43 sie
2783 1234 267 73 niemals
3070 1234 212 68 hinter

1014 1353 127 71 den
1179 1349 305 73 Kulissen
1518 1347 117 72 der
1668 1344 179 88 Oper
1880 1370 235 44 waren.

1099 1448 333 83 Legros:
1489 1441 176 85 Trag
1697 1438 200 71 lieber
1930 1436 104 71 die
2069 1436 224 83 Suppe
2325 1429 113 73 auf
2468 1428 127 71 den
2628 1424 232 73 Tisch!

1096 1536 512 77 Verwandte:
1673 1535 161 71 Man
1867 1530 164 73 wird
2063 1528 170 71 doch
2266 1526 107 71 die
2407 1523 240 73 schöne
2679 1521 171 72 Welt
2885 1516 397 75 bewundern

1016 1635 259 74 dürfen.
1307 1648 156 76 (Ab.)

1103 1730 204 85 Legr
1321 1758 40 41 o
1377 1757 61 41 s:
1489 1724 150 72 Was
1674 1720 231 75 denkst
1938 1720 112 79 du,
2087 1715 310 74 Madame
2432 1712 242 86 Legros
2688 1715 31 65 ?

1103 1823 366 72 Madame
1504 1819 333 85 Legros:
1889 1814 85 72 Es
2007 1815 84 70 ist
2124 1829 136 70 gut,
2295 1806 129 74 daß
2457 1809 92 70 sie
2580 1805 82 73 da
2693 1831 250 52 waren;
2981 1799 107 72 ich
3122 1798 166 73 habe

1021 1919 122 74 viel
1179 1917 265 88 gelernt.
3020 1989 14 14 .

1107 2013 158 84 Leg
1279 2039 160 43 ros:
1493 2007 113 71 Du
1656 2006 143 71 hast
1847 2002 300 88 gesehen,
2205 1996 127 75 daß
2373 1997 91 71 du
2505 1994 150 74 dich
2697 1992 179 72 nicht
2919 2007 218 55 weiter
3179 1991 75 66 be-

1025 2109 243 72 mühen
1295 2104 237 81 darfst;
1569 2104 103 69 bei
1707 2100 127 71 den
1851 2096 416 75 Vornehmen
2295 2092 169 73 noch
2488 2091 278 84 weniger
2797 2086 90 72 als
2913 2085 175 71 beim
3104 2079 190 77 Volk.

1109 2200 370 74 Madame
1514 2198 334 83 Legros:
1891 2191 86 71 Es
2011 2194 82 68 ist
2126 2186 169 76 wohl
2330 2186 205 74 wahr:
2570 2182 162 74 auch
2765 2182 92 69 sie
2883 2179 211 72 haben
3120 2175 174 71 mich

1028 2298 180 71 nicht
1259 2292 406 77 verstanden.
1711 2290 109 71 Sie
1861 2286 211 73 haben
2106 2284 179 72 nicht
2319 2279 403 79 verstanden,
2758 2306 127 41 was
2935 2270 360 90 geschehen

1028 2396 105 70 ist.
1166 2391 137 72 Das
1330 2388 216 71 Wort:
1571 2388 107 69 ein
1705 2379 480 87 Unschuldiger
2210 2377 214 80 leidet,
2453 2375 302 70 bedeutet
2782 2372 125 71 den
2934 2365 362 75 Menschen

1030 2514 124 43 nur
1187 2515 72 41 so
1293 2481 122 73 viel
1449 2482 120 71 wie
1602 2480 113 71 das
1742 2477 316 72 Summen
2091 2476 175 70 einer
2294 2469 216 85 Fliege
2544 2467 155 71 oder
2741 2467 121 70 wie
2886 2464 105 70 ein
3018 2460 278 88 galantes

1032 2577 358 90 Gespräch.
1427 2575 110 72 Ich
1573 2575 174 71 hätte
1778 2603 68 39 es
1883 2570 176 72 nicht
2092 2566 323 89 geglaubt.

1115 2675 334 85 Legros:
1503 2670 112 71 Du
1650 2669 234 70 hättest
1918 2665 259 71 deinem
2209 2661 208 71 Mann
2452 2656 274 89 glauben
2759 2652 226 74 sollen.

1115 2767 369 73 Madame
1518 2764 333 85 Legros:
1900 2758 141 72 Wir
2090 2755 119 74 alle
2257 2774 220 65 tragen
2512 2753 143 69 eine
2688 2779 71 42 so
2793 2745 197 90 große
3023 2740 277 76 Schuld:

1032 2867 92 68 sie
1165 2863 152 71 aber
1359 2862 231 70 sinnen
1641 2883 145 55 nur,
1830 2853 271 74 welches
2135 2850 390 87 Vergnügen
2558 2848 92 68 sie
2683 2874 111 42 aus
2830 2843 103 71 ihr
2965 2841 336 86 gewinnen

1033 2960 279 78 können,
1373 2954 87 73 ob
1509 2951 296 75 Eitelkeit
1855 2949 155 73 oder
2187 2975 107 40 ein
2342 2942 291 80 anderes,
2812 2937 113 71 das
2977 2935 104 72 ich
3126 2932 178 72 nicht

1035 3083 257 42 nennen
1333 3047 163 75 darf.

1121 3148 201 85 Legr
1336 3175 40 41 o
1391 3174 61 42 s:
1503 3144 113 71 Du
1649 3140 142 72 hast
1824 3137 151 74 dich
2010 3165 213 59 genug
2256 3130 289 90 gequält:
2580 3130 219 71 komm
2831 3130 216 67 essen!

1119 3240 366 73 Madame
1522 3236 333 86 Legros:
1917 3231 188 73 Dazu
2139 3228 126 73 hab
2323 3228 106 71 ich
2455 3225 179 72 nicht
2659 3221 165 74 Zeit.
2857 3217 236 77 Werde
3117 3215 104 73 ich
3249 3245 60 55 je

1038 3335 234 74 wieder
1305 3332 142 72 Zeit
1481 3330 256 74 haben?
1772 3324 292 90 Begreife
2096 3323 190 80 doch,
2322 3320 198 73 lieber
2556 3318 240 72 Mann:
2830 3314 107 72 ich
2970 3311 169 73 habe
3172 3338 133 43 nun

1039 3431 295 71 erfahren
1399 3424 245 75 wieviel
1690 3454 81 40 zu
1813 3441 119 52 tun
1975 3418 139 72 und
2154 3447 118 43 wie
2322 3435 146 53 weit
2515 3413 116 71 der
2662 3412 160 85 Weg
2854 3428 107 52 ist.
3009 3405 100 71 Zu
3142 3404 165 71 allen

1041 3525 162 72 muß
1237 3525 105 72 ich
1378 3554 138 41 nun
1549 3521 232 85 gehen,
1817 3516 209 73 durch
2062 3516 106 70 die
2196 3512 209 80 Stadt,
2441 3540 73 42 so
2540 3507 162 88 groß
2728 3537 93 41 sie
2855 3522 83 55 ist
2972 3502 140 72 und
3141 3499 168 73 noch

1041 3638 241 61 weiter,
1432 3614 164 73 muß
1629 3615 199 71 ihnen
1865 3610 312 80 erklären,
2205 3603 252 77 worauf
2488 3635 66 41 es
2589 3602 357 76 ankommt,
2982 3593 162 76 muß
3170 3596 141 70 ihre

1046 3713 238 86 Köpfe,
1321 3710 121 73 alle
1466 3709 128 72 voll
1630 3720 324 60 unnützer
1979 3704 240 84 Dinge,
2256 3703 107 69 die
2391 3700 200 72 ihnen
2617 3695 263 84 wichtig
2904 3692 405 73 erscheinen,

1044 3813 141 70 rein
1220 3807 139 71 und
1394 3803 127 74 hell
1552 3803 276 72 machen
1871 3803 120 68 mit
2024 3800 262 70 meinen
2321 3793 292 78 Worten,
2660 3790 104 73 bis
2811 3791 93 70 sie
2952 3817 67 42 es
3053 3812 258 48 wissen,

1043 3899 252 77 worauf
1326 3932 66 41 es
1428 3898 362 74 ankommt:
1825 3894 102 73 bis
1963 3896 94 69 sie
2092 3922 66 43 es
2192 3893 267 70 wissen!
