3360 4572
2476 370 106 59 123

918 383 272 57 Heinrich
1214 383 183 54 Mann
1436 404 20 20 ♦
1498 382 258 52 Madame
1783 379 194 69 Legros

310 600 245 71 meiner
613 588 328 78 Freundin
1000 587 169 73 kann
1221 585 103 73 ich
1374 583 301 77 manches
1724 583 244 73 lernen.
2016 578 87 75 Es
2151 580 85 71 ist
2287 576 298 73 Fräulein

311 690 288 85 Palmyre
632 717 149 44 vom
815 681 470 90 Opernballett.

393 785 334 84 Legros:
764 780 137 71 Das
936 780 81 70 ist
1049 779 143 70 eine
1229 773 492 81 Freundschaft,
1755 771 107 74 die
1895 771 105 73 ich
2033 769 184 73 nicht
2248 764 243 89 billige.

391 874 513 79 Verwandte:
917 872 269 73 Warum
1200 872 173 72 denn
1388 869 178 74 nicht
1582 874 32 66 ?
1632 867 294 73 Fräulein
1938 865 292 87 Palmyre
2245 864 207 71 istaus
2465 889 83 42 un-

311 1003 206 45 serem
542 968 193 75 Dorf.
762 968 110 73 Sie
899 996 147 59 mag
1068 966 176 72 mich
1268 963 234 81 leiden,
1539 962 107 72 ich
1671 959 168 74 kann
1867 959 160 74 Zofe
2051 959 104 73 bei
2183 958 100 72 ihr
2307 954 282 75 werden.

395 1069 332 85 Legros:
763 1062 161 74 Zofe
956 1060 104 73 bei
1097 1061 212 72 einem
1345 1056 329 75 Mädchen
1707 1056 170 72 ohne
1907 1052 372 76 Herkunft?

392 1157 512 78 Verwandte:
937 1157 137 73 Der
1100 1154 168 73 Herr
1294 1152 167 77 Graf
1484 1182 129 44 von
1638 1150 274 73 Coutras
1938 1149 252 73 schützt
2211 1149 118 72 sie.
2370 1145 221 75 Schon

306 1262 159 85 jetzt
494 1258 84 71 ist
612 1258 91 70 sie
736 1254 197 72 reich.

395 1352 332 86 Legros:
764 1347 160 73 Und
961 1344 166 74 auch
1173 1343 92 74 du
1296 1340 320 75 möchtest
1660 1370 66 44 es
1760 1339 171 74 wohl
1978 1335 113 75 auf
2121 1337 243 73 diesem
2390 1333 202 89 Wege

315 1447 282 75 werden.
640 1443 164 73 Man
830 1442 198 72 kennt
1054 1439 136 74 das.
1242 1439 161 73 Man
1427 1438 164 73 wird
1613 1434 356 88 achtgeben
1996 1444 261 61 müssen
2279 1429 112 74 auf
2417 1429 174 74 dich.

316 1541 307 74 Madame
666 1537 242 88 Legros
957 1536 174 72 hatte
1163 1532 202 83 recht,
1398 1532 90 74 als
1522 1532 92 71 sie
1656 1528 151 75 dich
1842 1526 181 75 nicht
2055 1523 283 76 fortließ.

393 1632 511 77 Verwandte:
940 1630 171 72 Statt
1143 1627 228 75 dessen
1418 1630 82 70 ist
1544 1627 93 73 sie
1679 1622 199 75 selbst
1911 1622 159 74 fort:
2109 1651 81 44 zu
2223 1621 153 72 dem
2417 1617 140 75 Zoll-

313 1733 322 77 beamten,
679 1726 203 74 ihrem
915 1724 244 74 Vetter.

399 1824 162 87 Leg
576 1852 162 45 ros:
772 1822 160 73 Was
964 1819 116 74 soll
1116 1818 145 74 das!
1296 1815 178 74 Hüte
1508 1814 182 75 dich!

396 1916 514 76 Verwandte:
975 1912 95 73 0!
1116 1912 145 73 Wie
1310 1911 111 73 Sie
1469 1912 151 85 jetzt
1666 1908 159 74 böse
1872 1905 170 74 sind.
2109 1902 193 75 Noch
2352 1902 241 75 soeben

313 2043 213 44 waren
560 2013 110 74 Sie
701 2043 75 42 so
809 2008 128 75 lieb
964 2012 120 71 mit
1108 2008 146 80 mir,
1289 2006 131 73 daß
1451 2003 308 75 Madame
1794 2001 243 89 Legros
2079 2030 70 43 es
2194 1999 182 73 nicht
2420 1997 179 74 hätte

312 2109 202 73 sehen
537 2105 260 75 dürfen.

400 2204 336 86 Legros:
776 2198 111 75 Ich
919 2198 189 81 weiß,
1143 2226 129 43 was
1305 2194 106 75 ich
1445 2191 309 75 Madame
1793 2190 241 89 Legros
2071 2185 299 77 schulde:
2422 2189 176 71 einer

316 2297 192 83 Frau,
541 2327 76 43 so
647 2317 141 52 treu
821 2293 140 75 und
993 2289 410 88 unschuldig.

397 2388 517 78 Verwandte:
947 2387 302 85 Weniger
1277 2382 392 86 unschuldig
1709 2379 93 73 als
1832 2378 134 74 Sie.

402 2487 204 87 Legr
619 2515 42 43 o
677 2516 62 42 s:
774 2482 160 75 Und
967 2513 127 41 von
1120 2483 176 71 einer
1324 2477 338 81 Gradheit,
1688 2506 83 42 an
1807 2473 117 74 der
1948 2474 91 73 du
2065 2472 103 74 dir
2192 2473 104 73 ein
2320 2469 276 88 Beispiel

320 2584 279 71 nehmen
632 2580 267 74 solltest.

399 2674 518 76 Verwandte:
951 2674 137 71 Aus
1124 2667 318 75 Gradheit
1474 2688 102 53 tut
1608 2667 90 72 sie
1733 2664 192 81 wohl,
1971 2661 91 74 als
2096 2662 219 74 wüßte
2357 2662 93 70 sie
2484 2687 112 59 gar

318 2773 200 81 nicht,
548 2800 245 43 warum
828 2770 91 71 sie
950 2765 111 74 auf
1092 2765 115 73 das
1244 2763 276 73 Zollamt
1552 2760 174 90 geht.

402 2866 158 87 Leg
576 2894 159 44 ros:
771 2863 106 72 Sie
923 2862 175 86 geht,
1131 2859 144 73 weil
1321 2858 104 72 ich
1469 2886 69 42 es
1573 2857 99 71 ihr
1705 2852 276 75 befehle.
2055 2850 114 74 Du
2213 2850 155 71 aber
2408 2847 193 87 bring

317 2962 126 71 mir
473 2961 107 72 die
616 2960 216 73 Leiter
862 2957 138 74 her.

402 3054 512 73 Verwandte:
961 3048 206 74 Einen
1199 3043 425 91 Augenblick.
1671 3041 309 75 Madame
2027 3040 242 85 Legros
2317 3036 285 75 versteht

317 3179 75 42 so
437 3169 116 66 gut
595 3150 122 71 wie
749 3148 114 72 wir
896 3144 211 81 beide,
1138 3141 130 74 daß
1300 3144 93 70 sie
1423 3139 106 72 die
1566 3139 266 86 Spitzen
1865 3165 127 44 von
2353 3130 246 75 zollfrei

320 3245 67 70 in
412 3244 106 72 die
543 3243 191 73 Stadt
759 3239 285 76 schaffen
1069 3236 141 83 soll,
1249 3238 206 71 ihrem
1481 3231 221 75 Vetter
1738 3229 163 76 wird
1930 3231 92 71 sie
2046 3228 190 73 dafür
2274 3230 145 70 eine
2444 3225 157 74 fette

317 3337 184 75 Gans
536 3338 335 80 anbieten;
905 3334 139 74 und
1075 3360 129 47 wer
1237 3330 189 83 weiß,
1459 3328 85 72 ob
1580 3328 179 72 nicht
1792 3324 169 75 noch
1992 3344 216 55 etwas.

404 3433 340 88 Legros:
776 3429 151 74 Was
961 3447 172 68 sagst
1162 3427 95 72 du
1288 3424 127 73 da?
1453 3422 110 74 Ich
1596 3418 196 76 werfe
1825 3418 150 75 dich
2011 3418 262 72 hinaus!

401 3527 509 74 Verwandte:
937 3523 196 74 Dann
1147 3521 160 89 gehe
1318 3520 107 72 ich
1441 3516 259 89 gerades
1704 3545 169 57 wegs
1891 3544 80 43 zu
1983 3512 299 74 Fräulein
2292 3511 314 86 Palmyre.

406 3624 330 86 Legros:
783 3620 137 74 Ah!
956 3620 168 71 Dort
1157 3617 198 72 lernst
1389 3615 92 71 du
1507 3612 216 73 solche
1749 3610 241 86 Dinge.
2024 3609 309 72 Madame
2361 3606 243 88 Legros

320 3718 199 72 denkt
561 3750 81 40 an
686 3718 201 86 Arges
931 3744 73 44 so
1046 3714 208 84 wenig
1296 3711 121 73 wie
1463 3709 103 71 ich
1609 3706 221 74 selbst.
1888 3703 109 74 Ihr
2034 3704 225 73 Vetter
2301 3703 168 73 sieht
2514 3704 92 70 sie

320 3841 192 56 gern;
557 3840 68 44 er
668 3816 81 68 ist
793 3812 100 71 ihr
936 3809 171 80 Pate,
1157 3805 139 73 und
1328 3832 130 46 wer
1502 3802 174 73 beim
1715 3799 139 74 Zoll
1898 3798 232 73 keinen
2175 3795 267 75 Freund
2475 3797 131 81 hat,

318 3907 328 83 zahlt/bis
684 3935 69 44 er
786 3908 268 71 ruiniert
1088 3904 108 70 ist.
