3539 4572
1082 372 103 59 176

1677 375 266 53 Heinrich
1971 376 179 52 Mann
2198 394 20 19 *
2258 376 264 52 Madame
2551 376 192 68 Legros

1169 579 147 71 Ein
1353 578 376 72 anderer:
1778 578 111 72 Ich
1936 579 165 71 habe
2148 578 210 72 nichts
2407 578 357 88 getrunken
2801 579 213 83 heute,
3064 581 152 72 aber
3249 586 99 73 ich

1075 673 259 73 möchte
1367 673 132 71 laut
1533 676 248 84 singen.

1169 767 197 73 Eine
1401 767 236 73 Frau:
1687 766 152 74 Wer
1874 767 195 73 heute
2102 770 228 85 singen
2363 767 183 83 wird,
2594 769 114 71 das
2745 771 81 69 ist
2863 769 265 86 Legros.
3189 770 157 89 Wie,

1076 863 287 86 Legros?
1415 860 160 74 Eine
1608 861 217 73 solche
1855 861 199 73 Frau!

1171 957 303 86 Legros
1513 972 311 77 (umringt):
1900 957 386 73 Zweifellos.
2365 955 84 73 Es
2501 959 81 70 ist
2618 957 123 72 viel
2791 955 169 74 Ehre
3004 957 104 72 für
3158 962 189 73 mich.

1072 1067 96 70 (Er
1188 1068 237 70 verneigt
1453 1067 113 58 sich
1592 1067 227 60 linkisch
1847 1091 95 36 vor
1970 1068 255 59 Madame
2253 1068 246 76 Legros.)

1170 1146 368 73 Madame
1570 1146 301 87 Legros
1893 1161 138 71 (gibt
2058 1164 115 57 ihm
2200 1164 89 58 die
2311 1162 212 78 Hand):
2562 1146 185 72 Mein
2767 1147 198 71 lieber
2982 1147 210 72 Mann
3228 1207 13 12 .
3282 1208 13 14 .
3335 1211 13 15 .

1858 1256 341 73 (Verlegenes
2227 1258 354 77 Schweigen.)

1170 1336 153 73 Die
1358 1336 291 88 Menge
1692 1351 401 79 (applaudiert).

1169 1430 319 88 Vignon
1533 1445 91 72 (zu
1654 1447 255 58 Madame
1937 1447 275 78 Touche):
2257 1432 211 73 Wenn
2493 1462 153 42 man
2674 1433 123 71 mir
2822 1433 107 71 die
2963 1463 200 56 ganze
3184 1434 123 74 Aka-

1074 1525 213 73 demie
1335 1556 151 41 zum
1537 1524 347 74 Geschenk
1930 1527 271 81 machte,
2262 1527 104 71 ich
2415 1527 261 72 möchte
2727 1528 179 70 nicht
2956 1559 80 40 an
3089 1528 260 86 Legros*

1074 1621 199 72 Stelle
1298 1623 160 70 sein.

1156 1715 367 72 Madame
1555 1715 350 73 Touche:
1950 1716 110 71 Sie
2092 1715 230 73 wollen
2356 1716 168 71 doch
2577 1716 179 71 nicht
2806 1746 213 56 sagen,
3071 1715 129 73 daß
3244 1717 104 74 Sie

1076 1809 184 71 keine
1293 1807 254 88 Heilige
1580 1838 117 44 zur
1734 1810 164 71 Frau
1933 1810 351 72 möchten?

1169 1904 428 72 Stimmen:
1657 1904 264 84 Herbei,
1989 1905 101 71 ihr
2144 1904 282 74 Kinder!
2516 1904 275 74 Kommt
2838 1906 91 70 sie
2980 1906 213 82 holen,
3250 1908 104 72 die

1075 1998 283 86 Heilige!
1410 1998 85 72 Es
1530 1998 118 72 soll
1674 2002 108 68 ein
1815 2000 272 72 schönes
2125 1998 150 74 Fest
2302 1999 291 73 werden!

1174 2093 311 73 Kinder
1532 2108 80 70 (in
1641 2110 205 58 weißen
1870 2110 256 58 Kleidern
2152 2110 171 59 durch
2345 2111 88 57 die
2455 2108 219 72 Menge,
2704 2111 87 57 die
2807 2110 163 58 ihnen
2993 2110 144 58 Platz
3160 2111 189 67 macht,

1074 2204 92 58 auf
1196 2204 254 59 Madame
1480 2204 201 71 Legros
1709 2230 86 33 zu.
1858 2204 91 59 Sie
1977 2205 167 69 gehen
2175 2230 94 33 um
2295 2206 77 57 sie
2399 2205 94 58 her
2526 2206 115 57 und
2664 2205 213 58 winden
2907 2205 84 57 ihr
3014 2205 158 58 dabei
3198 2206 150 57 einen

1074 2298 193 69 langen
1295 2298 393 58 Blumenkranz
1714 2324 95 33 um
1837 2300 88 57 die
1958 2299 250 75 Hüften).

1171 2375 146 73 Ein
1356 2378 302 72 Lehrer
1701 2392 165 71 (steht
1905 2394 174 66 dabei,
2134 2393 113 70 gibt
2281 2394 176 70 jedem
2499 2394 94 59 der
2629 2394 210 59 Kinder
2878 2394 94 57 das
3013 2393 232 58 Zeichen
3287 2418 64 35 zu

1074 2487 304 79 sprechen).

1169 2566 160 71 Das
1363 2586 216 52 erste
1615 2566 249 73 Kind:
1958 2567 137 71 Wir
2129 2567 253 72 danken
2431 2566 229 83 Ihnen,
2733 2567 308 72 Madame
3089 2567 259 86 Legros,

1074 2661 105 71 für
1216 2662 127 70 den
1378 2661 287 71 schönen
1701 2661 164 86 Tag.

1169 2755 161 74 Das
1364 2757 282 70 zweite
1701 2755 250 74 Kind:
2005 2756 157 71 Und
2195 2756 211 83 dafür,
2450 2756 148 73 dass
2633 2755 111 72 Sie
2775 2787 122 40 uns
2933 2756 107 71 die
3074 2755 275 86 Tugend

1074 2850 243 88 gelehrt
1354 2851 231 73 haben.

1168 2944 161 72 Das
1363 2944 254 74 dritte
1654 2945 249 73 Kind:
1954 2945 138 73 Wir
2128 2945 230 73 wollen
2391 2976 67 40 es
2493 2947 107 69 nie
2634 2973 360 57 vergessen.

1168 3039 158 73 Das
1363 3043 262 70 vierte
1660 3041 249 72 Kind:
1952 3041 160 72 Und
2144 3071 188 42 wenn
2369 3043 116 70 wir
2510 3041 161 86 groß
2694 3041 168 82 sind,
2918 3041 203 71 Ihnen
3156 3039 153 73 nach-

1071 3135 258 71 ahmen.

1169 3230 366 72 Madame
1585 3230 334 87 Legros:
1993 3230 107 73 Ihr
2159 3230 213 71 lieben
2431 3229 285 73 Kinder!
2782 3234 175 80 (Über
2985 3246 75 57 sie
3095 3244 254 75 hinweg:)

1075 3324 110 71 Ich
1221 3325 174 71 hätte
1428 3325 164 72 euch
1626 3326 105 70 die
1764 3324 284 87 Tugend
2078 3324 290 87 gelehrt?
2450 3324 136 72 Das
2617 3325 169 72 kann
2821 3325 104 70 ich
2961 3324 200 72 nicht.
3247 3321 101 71 Ihr

1072 3420 240 71 werdet
1345 3422 93 69 sie
1471 3419 319 72 vielleicht
1823 3419 237 72 einmal
2093 3419 296 72 erfahren
2424 3422 120 69 wie
2575 3422 106 68 ein
2717 3418 464 72 schreckliches
3216 3415 87 73 Ge-

1074 3513 297 83 heimnis,
1424 3514 114 73 das
1579 3516 168 71 euch
1784 3516 180 71 nicht
1998 3514 184 71 mehr
2217 3514 207 71 ruhen
2457 3514 172 71 lässt.
2707 3513 159 74 Und
2902 3514 176 71 dann
3112 3512 236 73 werdet

1071 3607 105 72 ihr
1227 3608 289 73 zweifeln
1568 3608 245 83 lernen,
1871 3610 87 71 ob
1991 3640 67 39 es
2093 3608 287 73 wirklich
2415 3608 105 71 die
2548 3607 283 88 Tugend
2864 3611 106 70 ist.
3036 3607 179 71 Aber
3250 3604 98 72 ihr

1074 3701 190 74 müßt
1295 3734 82 41 an
1411 3706 93 69 sie
1533 3704 299 92 glauben,
1867 3704 146 73 hört
2046 3704 148 72 ihr?
2243 3704 143 72 Wie
2412 3704 240 71 könnte
2674 3723 181 53 sonst
2882 3705 114 70 der
3022 3698 284 77 Unschul-

1071 3798 151 86 dige
1260 3798 231 72 befreit
1523 3799 258 72 werden
1818 3855 68 16 ..
1927 3856 14 14 .
1989 3799 174 72 Ach!
2222 3791 84 79 Es
2332 3800 81 70 ist
2454 3799 202 71 schon
2687 3798 381 87 geschehen,
3215 3790 133 75 und

1072 3893 107 70 ich
1213 3893 112 70 bin
1363 3923 71 40 so
1476 3894 219 69 müde.
