3578 4572
1583 395 267 57 Heinrich
1875 397 188 52 Mann
2616 414 18 22 *
2150 391 257 56 Madame
2434 390 200 69 Legros

985 399 105 60 190

1079 607 334 85 Legros:
1456 601 136 72 Das
1620 598 240 73 merkst
1886 598 90 71 du
2006 595 167 74 wohl
2215 652 130 14 ...
2394 594 85 71 Es
2515 595 81 69 ist
2629 593 179 71 nicht
2843 590 198 81 recht,
3069 621 189 40 wenn

982 703 105 71 die
1124 701 167 71 Frau
1328 698 148 72 dem
1513 694 209 73 Mann
1757 693 160 71 über
1952 692 126 72 den
2115 689 182 88 Kopf
2330 688 262 74 wächst.

1080 796 368 72 Madame
1484 791 335 87 Legros:
1861 787 114 72 Du
2004 787 130 71 bist
2166 784 202 74 stark!
2418 783 146 71 Nur
2599 782 103 72 dir
2733 779 129 74 will
2890 781 104 71 ich
3029 779 191 87 gehor-

985 891 162 71 chen
1180 889 137 71 und
1350 889 258 71 dienen.

1082 985 332 85 Legros:
1461 981 176 71 Aber
1667 1012 129 40 was
1830 979 93 72 du
1946 996 189 68 getan
2171 975 176 72 hast:
2394 1004 188 42 wenn
2611 1003 68 40 es
2705 972 124 70 mir
2855 970 164 71 auch
3048 967 170 87 Kopf-

985 1079 386 74 zerbrechen
1406 1075 296 88 gemacht
1738 1074 131 80 hat,
1928 1102 73 41 so
2036 1069 291 74 verstehe
2371 1068 105 72 ich
2525 1066 191 82 doch,
2774 1064 131 72 daß
2952 1094 66 41 es
3070 1080 193 55 etwas

986 1174 209 74 Gutes
1228 1201 152 44 war.

1081 1267 371 72 Madame
1493 1264 340 86 Legros:
1881 1262 153 72 War
2065 1290 69 40 es
2168 1278 191 52 etwas
2389 1257 255 72 Gutes?

1071 1363 337 86 Legros:
1461 1360 112 71 Ich
1604 1360 113 71 bin
1754 1360 103 70 ein
1891 1357 244 84 Bürger
2168 1384 126 42 von
2330 1353 172 70 Paris
2537 1351 137 71 und
2699 1348 165 74 weiß
2901 1379 70 42 so
3005 1366 113 69 gut
3145 1348 121 71 wie

987 1461 194 78 einer,
1218 1456 130 74 daß
1382 1457 116 70 wir
1532 1455 166 71 nach
1722 1450 326 75 Vernunft
2072 1449 137 72 und
2233 1447 283 88 Tugend
2542 1444 279 73 handeln
2844 1442 225 73 sollen.
3119 1442 148 71 Nur

986 1553 199 73 denkt
1217 1583 151 40 man
1404 1553 251 77 immer,
1692 1549 103 71 ein
1833 1545 306 74 Fremder
2162 1544 140 71 und
2327 1540 523 75 Weitentfernter
2882 1568 150 56 mag
3062 1537 205 72 damit

987 1648 342 85 anfangen.
1380 1645 158 72 Und
1571 1675 136 40 nun
1742 1671 128 43 war
1903 1672 67 41 es
2006 1643 212 68 meine
2250 1642 223 83 eigene
2507 1637 190 72 Frau.
2746 1633 329 73 Dahinein
3102 1631 166 73 habe

990 1743 103 74 ich
1128 1742 174 72 mich
1338 1741 179 72 nicht
1551 1738 264 71 leichter
1849 1734 348 89 gefunden,
2247 1733 91 72 als
2373 1732 175 86 jeder
2581 1731 235 71 andere
2850 1747 186 69 getan
3072 1728 195 70 hätte.

1085 1837 368 73 Madame
1484 1835 338 86 Legros:
1886 1831 160 72 Nun
2082 1833 84 70 ist
2205 1860 69 42 es
2307 1827 256 80 wieder,
2599 1827 122 71 wie
2754 1855 67 42 es
2857 1828 231 69 immer
3117 1850 151 43 war.

990 1934 114 71 Du
1138 1932 129 72 bist
1306 1935 175 69 mein
1517 1929 208 72 Mann
1754 1929 139 69 und
1928 1925 191 72 Herr.

1089 2028 338 86 Legros:
1476 2024 86 74 Es
1617 2028 81 68 ist
1745 2053 97 50 so,
1888 2020 138 74 und
2072 2021 81 70 ist
2197 2018 169 73 auch
2398 2016 236 74 wieder
2669 2015 179 71 nicht
2895 2044 94 41 so.
3070 2011 199 73 Denn

992 2122 408 72 dazwischen
1427 2119 174 87 hegt,
1649 2147 128 42 was
1808 2117 91 71 du
1933 2133 191 69 getan
2161 2114 163 79 hast,
2383 2110 138 73 und
2554 2109 112 72 das
2700 2108 214 73 werde
2948 2108 104 70 ich
3086 2106 186 73 nicht

992 2246 362 57 vergessen.
1433 2214 128 73 Die
1611 2213 266 80 andern,
1937 2211 196 71 daran
2185 2206 245 74 zweifle
2478 2233 123 44 nur
2651 2204 202 82 nicht,
2911 2202 257 73 werden
3203 2231 69 41 es

995 2340 360 50 vergessen.
1405 2307 339 74 Vielleicht
1777 2306 169 71 auch
1979 2303 257 73 werden
2269 2306 94 68 sie
2387 2331 67 41 es
2479 2301 103 71 dir
2606 2296 352 75 vorwerfen
2985 2296 137 72 und
3146 2326 126 41 uns

1109 2376 34 21 C?
2337 2393 8 12 i
2369 2395 16 10 m
2590 2394 14 6 •

994 2406 350 85 verfolgen.
1397 2404 161 70 Man
1593 2400 164 74 weiß
1792 2401 200 79 nicht,
2033 2430 127 40 was
2196 2397 104 71 für
2334 2397 222 70 Zeiten
2591 2397 325 68 kommen.

1093 2500 372 73 Madame
1499 2498 335 86 Legros:
1886 2495 195 71 Dann
2117 2493 166 72 habe
2316 2491 105 73 ich
2457 2490 148 71 dich
2639 2487 139 72 und
2803 2489 90 70 du
2928 2486 209 71 mich!

1094 2595 335 87 Legros:
1481 2593 111 71 Ich
1626 2590 212 73 werde
1871 2589 152 72 dich
2056 2588 220 79 ehren,
2308 2584 166 74 liebe
2509 2584 186 80 Frau,
2746 2583 166 73 auch
2947 2611 186 42 wenn
3169 2579 107 72 ich

995 2691 101 72 dir
1129 2688 277 76 befehle.

1951 2778 384 71 (Umarmung)

1094 2914 204 84 Legr
1311 2942 39 41 o
1364 2942 64 42 s:
1477 2909 93 72 So
1602 2907 123 74 viel
1777 2907 165 74 habe
1983 2905 136 73 ich®
2135 2904 102 72 dir
2285 2904 119 70 seit
2448 2928 301 46 unserem
2780 2898 501 83 Hochzeitstage

997 3009 181 72 nicht
1212 3007 185 72 mehr
1430 3022 240 69 gesagt.

1095 3102 368 73 Madame
1501 3100 338 86 Legros:
1889 3096 167 86 Jetzt
2084 3093 129 74 will
2244 3093 105 73 ich
2382 3121 82 42 an
2497 3091 108 71 die
2636 3089 227 72 Arbeit
2896 3088 231 88 gehen.

1098 3199 329 83 Legros:
1481 3195 73 71 In
1587 3194 114 71 der
1734 3192 263 71 Nacht?

1099 3291 366 73 Madame
1499 3289 337 86 Legros:
1886 3285 160 72 Hier
2079 3282 112 75 auf
2223 3282 115 73 der
2374 3280 391 80 Kommode,
2817 3279 106 71 die
2956 3277 148 73 sehr
3136 3303 109 44 ver-

1004 3385 217 73 staubt
1265 3389 102 76 ist,
1421 3384 155 86 liegt
1622 3382 170 72 noch
1820 3383 231 70 immer
2083 3379 114 72 das
2232 3376 362 73 Häubchen
2628 3375 114 70 des
2779 3371 330 73 Fräuleins
3139 3369 105 72 Pal-

1005 3510 201 56 myre.
1255 3479 274 73 Endlich
1565 3477 311 86 befestige
1908 3477 107 73 ich
2049 3474 197 71 daran
2279 3472 106 72 die
2420 3469 353 75 Schleifen.

1103 3575 335 87 Legros:
1488 3573 156 71 Dies
1670 3600 131 44 war
1824 3573 104 70 ein
1955 3571 319 71 schwerer
2295 3567 167 88 Tag.
2511 3564 112 74 Sie
2652 3564 208 73 haben
2887 3562 155 72 dich
3067 3577 217 55 zuerst

1007 3670 270 86 gekrönt
1310 3667 137 73 und
1486 3666 290 86 gefeiert.
1823 3666 197 71 Dann
2056 3663 147 73 kam
2237 3661 171 72 wohl
2443 3661 168 71 noch
2651 3658 425 73 Schwereres.

1101 3764 371 72 Madame
1512 3761 335 87 Legros:
1896 3759 160 72 Und
2101 3789 136 41 nun
2289 3755 311 88 befestige
2644 3755 107 71 ich
2785 3752 107 73 die
2924 3749 357 74 Schleifen.

1954 3931 102 71 (Vo
2073 3956 24 33 r
2114 3931 33 58 h
2163 3956 31 33 a
2210 3956 34 31 n
2261 3937 56 63 g)
