3428 4572
992 351 275 56 Heinrich
1292 355 189 54 Mann
1513 375 22 27 *
1570 357 269 57 Madame
1867 361 200 71 Legros

2573 366 95 61 181

468 557 524 73 Verwandte:
1044 557 162 74 Und
1232 592 189 42 wenn
1449 564 105 73 ich
1588 597 67 41 es
1689 574 196 82 sage?
1935 568 102 74 Zu
2070 571 213 85 allem,
2318 604 187 43 wozu
2539 577 141 72 eine

374 656 169 73 Frau
577 654 91 70 im
704 651 225 76 Hause
962 654 204 74 dient.
1250 656 111 75 Sie
1408 658 219 75 hatten
1664 662 215 75 Herrn
1917 664 244 92 Legros
2195 668 344 85 verlassen,
2599 672 81 74 da

372 751 167 74 habe
573 748 104 73 ich
714 748 177 73 mich
926 752 211 71 seiner
1169 783 500 57 angenommen.

468 845 374 73 Madame
879 845 338 90 Legros:
1270 847 165 77 Hast
1470 854 91 71 du
1595 855 114 72 ihn
1744 858 166 72 auch
1945 859 284 87 geliebt?

464 941 519 74 Verwandte:
1035 943 154 75 Was
1225 946 217 73 macht
1480 948 206 75 Ihnen
1720 953 160 72 das?

465 1038 377 72 Madame
878 1038 339 89 Legros:
1269 1042 198 73 Denn
1503 1045 104 73 ich
1758 1048 104 72 ich
1898 1049 165 75 habe
2097 1053 114 72 ihn
2246 1054 270 88 geliebt!

463 1133 524 76 Verwandte:
1038 1136 109 73 Bis
1184 1137 110 74 Sie
1329 1141 138 72 sich
1501 1143 67 71 in
1604 1143 127 74 den
1769 1145 494 92 Unschuldigen
2299 1151 375 77 verliebten.

464 1231 81 72 M
558 1231 281 72 adame
875 1231 337 89 Legros:
1263 1233 61 74 V
1326 1244 169 78 Iper!
1546 1252 209 72 (Stürzt
1783 1256 94 60 auf
1904 1258 88 59 die
2011 1258 319 63 Verwandte
2360 1263 126 80 los.)

461 1326 494 75 Verwandte
1037 1343 246 71 (flüchtet
1312 1346 177 63 hinter
1517 1350 106 60 den
1646 1350 219 83 Tisch):
1946 1338 85 75 Es
2098 1341 83 73 ist
2238 1343 170 73 doch
2465 1346 210 74 wahr!

366 1423 215 75 Dafür
605 1424 150 72 sind
780 1424 113 74 Sie
916 1456 61 56 ja
1004 1457 144 42 eine
1171 1426 257 91 Heilige
1453 1434 369 85 geworden.
1876 1433 160 76 Und
2064 1437 126 83 ich,
2224 1439 107 75 die
2360 1440 103 74 ich
2497 1444 175 73 mich

365 1522 114 72 des
515 1518 217 74 Herrn
770 1519 245 89 Legros
1049 1524 310 84 annahm,
1396 1526 119 73 soll
1551 1528 396 90 beschimpft
1980 1534 308 73 werden?

460 1616 373 73 Madame
869 1617 335 89 Legros:
1259 1621 113 75 Ich
1408 1623 161 74 dreh
1604 1625 101 73 dir
1738 1627 127 73 den
1902 1627 160 75 Hals
2096 1637 150 68 um!

458 1711 527 77 Verwandte:
1037 1715 162 75 Eine
1234 1720 242 72 schöne
1512 1720 287 91 Heilige!
1874 1724 137 75 Das
2044 1727 211 73 erzähl
2265 1725 15 23 ’
2314 1730 104 74 ich
2454 1729 216 76 Herrn

365 1809 267 87 Legros.
684 1809 213 75 Wenn
933 1841 69 44 er
1035 1813 111 73 Sie
1180 1843 125 43 nur
1338 1816 203 74 schon
1576 1816 94 77 los
1706 1834 188 70 wäre,
1932 1821 111 74 hat
2077 1851 68 45 er
2177 1844 240 69 gesagt.
2506 1842 137 70 (Seit-

361 1932 156 48 wärts
544 1919 115 82 ab.)

1504 2023 37 40 *

1207 2266 307 75 FÜNFTE
1556 2280 262 63 SZENE.

709 2421 314 75 Madame
1058 2422 270 90 Legros.
1430 2425 362 77 Chevalier.
1893 2430 198 75 Dann
2125 2431 191 76 Volk.

454 2578 373 75 Madame
864 2581 303 89 Legros
1217 2599 169 72 (sinkt
1414 2627 168 45 gegen
1613 2604 87 58 die
1731 2604 224 81 Wand):
2006 2590 211 76 Wenn
2244 2622 70 44 er
2335 2596 175 73 mich
2540 2627 124 43 nur

356 2674 202 73 schon
593 2675 97 74 los
724 2685 202 66 wäre!
977 2679 241 75 Wohin
1255 2685 119 70 mit
1410 2686 123 70 mir
1574 2743 14 13 .
1630 2743 14 14 .
1686 2743 14 14 .
1750 2685 164 76 Eine
1947 2689 240 74 schöne
2222 2689 278 90 Heilige.
2573 2693 89 73 Ist

356 2770 208 75 durch
588 2804 74 41 so
689 2773 124 75 viel
828 2774 306 76 Schande
1160 2810 355 58 gegangen.
1555 2779 173 75 Kein
1749 2782 219 75 Mittel
1984 2813 131 45 war
2129 2785 101 75 ihr
2248 2818 82 41 zu
2349 2788 309 75 schlecht.

355 2864 205 78 Nicht
592 2870 239 74 einmal
999 2905 39 39 o
1074 2872 166 75 Gott
1420 2876 115 74 das
1569 2876 446 90 Versprechen
2050 2882 170 74 ihres
2257 2883 235 75 Leibes
2533 2944 12 13 .
2589 2944 14 14 .
2643 2944 15 14 .

352 2975 136 72 (Das
521 2978 229 63 Gesicht
779 2982 96 60 des
907 2982 283 62 Chevalier
1218 2986 267 60 erscheint
1508 3013 87 34 am
1627 2989 267 81 Fenster.)
1982 2976 86 74 Es
2125 2996 83 54 ist
2274 2978 181 74 nicht
2520 3011 138 54 aus.

355 3056 245 91 Legros
629 3065 249 85 spricht
906 3066 201 72 wahr.
1141 3066 278 86 Jemand
1447 3069 150 72 dort
1623 3070 294 75 draußen
1941 3072 110 73 hat
2078 3071 246 76 Rechte
2347 3108 82 41 an
2457 3079 200 72 mich.

351 3168 240 71 (Richtet
618 3173 118 61 sich
764 3174 147 81 auf:)
944 3160 154 76 Was
1133 3161 258 75 fürchte
1424 3165 127 74 ich.
1590 3166 163 73 Wen
1785 3165 151 75 hab*
1970 3169 106 74 ich
2111 3170 174 73 denn
2321 3173 172 73 noch
2534 3231 15 14 .
2594 3231 12 15 .
2643 3231 15 17 .

350 3248 87 75 Er
470 3253 120 73 soll
625 3254 339 77 kommen!

446 3347 117 76 Ch
578 3351 311 76 evalier
936 3370 167 71 (steht
1131 3372 56 59 in
1214 3371 97 61 der
1345 3371 168 81 Tür):

445 3445 381 77 Madame
859 3450 306 88 Legros
1214 3467 223 71 (schreit
1465 3469 111 68 auf,
1603 3470 198 61 streckt
1834 3471 89 61 die
1952 3471 196 64 Hände
2177 3483 144 72 vor):

445 3538 114 75 Ch
576 3544 344 75 evalier:
972 3545 206 76 Nicht
1211 3549 442 83 erschrecken,
1689 3550 196 76 bitte!
1938 3552 112 74 Ich
2084 3554 169 75 weiß
2288 3556 193 84 wohl,
2526 3556 131 76 daß

347 3634 103 73 ich
487 3640 181 72 nicht
705 3645 68 70 in
808 3643 208 73 dieses
1054 3643 152 75 Fest
1240 3644 433 90 hineinpasse.
1757 3646 195 78 Doch
1998 3649 244 77 konnte
2289 3654 107 72 ich
2429 3685 68 43 es
2531 3657 125 71 mir

347 3730 180 75 nicht
560 3765 332 61 versagen,
943 3739 191 74 Ihren
1169 3738 332 91 Triumph
1554 3744 119 71 mit
1707 3744 402 76 anzusehen:
2161 3749 128 73 den
2323 3748 329 90 Triumph

346 3828 176 74 einer
557 3829 327 93 Heiligen.
936 3834 168 77 Man
1138 3836 205 75 erlebt
1377 3838 117 74 das
1529 3841 185 72 nicht
1747 3839 122 75 alle
1902 3841 205 90 Tage.
2158 3860 179 71 (Sieht
2365 3861 114 60 sich
2509 3870 144 71 um:)

345 3922 177 76 Aber
554 3930 107 72 ich
698 3931 285 85 glaubte,
1035 3933 139 74 hier
1207 3936 270 72 würden
1514 3937 187 73 mehr
1736 3937 207 75 Leute
1979 3945 161 70 sein.
