2626 3888
1232 328 30 56 &
883 328 414 56 THE
1298 329 76 55 SCENARIOS
1375 329 70 49 OF
1462 329 193 47 DELL
1657 331 45 45 A
1742 329 254 54 PORTA
2033 343 66 35 &

187 339 61 41 44

188 444 29 31 a
250 446 122 31 man
409 446 62 32 or
503 449 31 29 a
565 449 210 31 woman
811 450 58 30 as
904 440 17 39 I
955 437 203 54 please,
1189 440 103 40 and
1327 438 126 42 that
1486 437 41 42 if
1556 449 104 43 you
1696 441 101 50 put
1832 450 82 30 nie
1948 438 120 44 Into
2093 451 31 29 a
2147 450 128 42 rage
2299 440 19 42 I
2343 440 110 44 will

195 521 156 43 make
381 535 140 42 your
551 525 122 42 skin
697 525 192 46 suffer.

303 611 372 60 Dragalone.
804 616 111 41 YOU
950 618 189 49 surely
1174 619 203 39 cannot
1410 618 161 40 know
1604 618 122 41 who
1762 619 18 40 I
1814 630 108 32 am.

287 704 234 42 Gabrina
551 705 133 41 then
719 706 225 40 returns
977 709 58 38 to
1072 706 98 42 her
1204 706 169 45 house
1405 710 105 40 and
1565 708 147 43 finds
1764 708 196 44 Filesia
2006 709 181 44 there.
2238 709 72 43 As
2357 711 97 42 she

183 791 130 42 does
347 794 96 41 not
477 791 158 44 know
670 795 115 51 her,
819 795 94 42 she
946 795 158 43 takes
1138 797 97 43 her
1269 800 58 41 to
1363 799 65 42 be
1461 811 32 29 a
1526 798 250 43 mistress
1809 799 54 42 of
1898 800 99 41 her
2045 800 272 52 husband,
2348 800 105 42 and

177 882 175 42 seizes
386 894 30 30 a
447 882 159 49 stick,
639 884 183 42 where
855 885 131 41 with
1030 887 59 40 to
1138 888 151 42 drive
1339 889 98 41 her
1485 892 115 40 out.
1649 891 71 40 At
1766 891 124 40 that
1938 892 249 40 moment
2238 889 216 54 Fagone

192 979 227 41 appears
451 972 132 40 with
619 983 29 31 a
681 974 257 52 quantity
971 973 54 45 of
1054 977 187 52 things
1274 979 57 41 to
1366 979 91 41 eat
1489 979 105 40 and
1628 991 31 30 a
1692 978 154 51 cook,
1880 981 179 40 whom
2111 981 69 42 he
2229 981 97 42 has
2360 991 63 32 en-

192 1061 169 48 gaged
396 1061 54 40 in
485 1062 94 42 the
614 1063 109 52 city
755 1063 87 43 for
873 1065 95 43 the
1002 1068 121 52 day,
1153 1079 61 30 so
1246 1068 127 42 that
1406 1081 29 29 a
1467 1067 146 45 feast
1646 1081 121 42 may
1801 1071 66 42 be
1899 1072 269 51 prepared
2204 1072 56 42 in
2314 1071 112 43 cele-

192 1148 213 41 bration
441 1150 53 42 of
526 1152 94 41 the
654 1153 176 53 happy
863 1155 175 42 result
1072 1155 56 43 of
1175 1156 312 52 Trappola's
1534 1157 294 45 craftiness
1875 1161 104 41 and
2030 1159 263 54 knavery.
2342 1160 112 43 The

195 1237 83 42 old
315 1251 233 42 woman,
579 1242 99 42 full
714 1244 53 40 of
799 1244 244 55 jealousy
1075 1249 104 39 and
1214 1247 303 54 imagining
1550 1250 200 52 orgies,
1800 1250 357 43 bacchanalia
2204 1253 104 40 and
2357 1251 97 43 the

179 1325 115 43 like
328 1330 211 53 begins,
572 1333 51 39 in
666 1334 99 40 her
814 1345 146 42 rage,
1009 1338 58 40 to
1115 1338 177 42 throw
1340 1339 100 41 her
1487 1338 143 43 stick
1677 1341 189 49 about,
1915 1340 268 53 breaking
2230 1340 224 53 bottles,

181 1418 227 53 glasses,
441 1420 175 52 plates
650 1424 105 39 and
791 1425 158 41 much
987 1426 232 45 besides.
2389 1438 65 35 &

291 1507 267 59 Fagone.
874 1514 257 42 accursed
1165 1513 128 52 fool,
1329 1517 122 50 stop
1476 1517 77 42 it!
1589 1519 18 40 1
1644 1519 136 41 have
1815 1519 100 41 had
1951 1522 218 49 enough
2218 1519 56 43 of
2323 1520 131 45 this,

174 1609 52 42 is
259 1603 44 39 it
338 1604 97 38 not
468 1603 217 51 enough
718 1603 124 42 that
871 1616 105 40 you
1012 1604 192 43 should
1241 1607 127 42 beat
1402 1618 106 42 me,
1541 1609 100 41 but
1670 1621 107 42 you
1815 1613 150 40 must
1998 1621 135 33 even
2163 1611 168 43 break
2364 1623 85 42 my

179 1686 145 44 flask
358 1688 55 43 of
445 1691 141 42 wine
620 1694 103 39 and
758 1693 138 51 spoil
930 1705 88 40 my
1051 1694 208 44 clothes
1278 1696 27 42 ?
1339 1697 136 53 Why
1508 1698 138 42 have
1692 1711 105 41 you
1849 1701 99 39 not
1995 1703 193 40 rather
2242 1701 209 43 broken

183 1787 88 42 my
305 1778 133 41 head
474 1780 104 40 and
614 1783 270 41 scattered
918 1794 88 40 my
1039 1785 184 42 brains
1249 1785 25 40 ?
1307 1783 41 44 If
1377 1797 105 42 you
1519 1787 102 42 had
1654 1788 132 51 spiit
1819 1800 89 41 my
1942 1790 158 42 blood
2149 1801 108 41 you
2294 1791 156 42 could

178 1870 108 38 not
320 1868 134 42 have
487 1868 301 53 displeased
824 1882 83 31 me
941 1884 169 30 more.
1146 1875 98 42 Let
1275 1875 94 42 the
1402 1885 126 32 race
1561 1876 55 42 of
1661 1877 135 42 such
1846 1890 58 31 as
1955 1891 106 40 you
2119 1882 66 41 be
2235 1884 187 50 exting-

174 1957 216 44 uished.
427 1960 15 39 1
477 1960 109 41 wiil
620 1960 193 53 satisfy
846 1961 211 54 myself,
1090 1965 58 39 at
1180 1975 105 42 any
1317 1968 139 49 rate,
1491 1966 134 42 with
1659 1969 152 40 what
1843 1971 260 41 remains.

276 2046 190 43 Filesia
501 2060 255 41 manages
788 2051 59 41 to
883 2050 157 43 make
1075 2053 100 42 her
1207 2065 189 40 escape
1430 2056 102 41 and
1569 2068 129 40 goes
1721 2060 321 51 wandering
2064 2063 170 40 about
2256 2061 195 54 Naples

172 2135 57 42 in
264 2139 190 41 search
488 2138 55 40 of
574 2139 247 51 Arsenio,
856 2142 139 49 who,
1028 2143 56 40 in
1118 2144 82 39 his
1233 2145 153 50 turn,
1435 2155 127 41 goes
1613 2149 57 39 to
1720 2147 216 53 Fagone
1984 2152 105 40 and
2139 2149 149 46 finds
2337 2153 112 43 him

176 2227 196 50 drunk,
405 2228 99 42 but
536 2228 181 43 learns
750 2230 133 41 with
917 2243 149 31 some
1099 2233 273 55 difficulty
1404 2237 124 40 that
1560 2237 95 40 the
1692 2238 103 50 girl
1830 2239 97 42 has
1961 2239 117 43 left.
2115 2242 76 42 He
2225 2243 113 42 sets
2373 2241 78 44 off

172 2317 64 42 in
269 2319 277 50 pursuit...
579 2322 103 39 and
715 2318 87 43 for
833 2332 150 33 some
1016 2324 132 41 time
1184 2324 66 42 he
1283 2324 47 42 Is
1377 2326 267 54 speaking
1675 2340 70 31 on
1781 2342 103 29 one
1915 2332 117 42 side
2068 2331 54 43 of
2154 2333 97 42 the
2293 2336 157 51 stage

179 2408 104 41 and
320 2408 96 41 she
450 2420 68 30 on
551 2411 96 40 the
685 2412 160 41 other
877 2413 238 42 without
1147 2416 179 42 either
1358 2416 56 43 of
1444 2418 151 42 them
1631 2421 164 51 being
1829 2434 179 30 aware
2044 2425 124 40 that
2199 2425 133 53 they
2355 2436 95 32 are

186 2495 143 43 close
361 2497 274 51 together.
671 2502 68 38 At
772 2500 107 43 last
911 2502 132 52 they
1076 2503 132 42 hear
1241 2516 103 32 one
1378 2509 283 41 another's
1710 2512 203 51 voices,
1960 2514 148 40 draw
2162 2525 134 31 near
2342 2514 107 43 and

173 2596 93 31 are
300 2589 334 49 recognised.
656 2599 64 34 &
1395 2608 64 34 *&
1640 2608 65 35 &
1887 2610 65 34 &
2135 2611 66 36 &
2385 2614 64 34 &

277 2674 109 43 The
421 2676 113 51 plot
568 2677 52 42 of
653 2679 94 42 the
1176 2683 215 45 follows
1425 2699 29 29 a
1508 2689 228 49 parallel
1786 2702 211 40 course,
2046 2694 102 42 but
2195 2696 254 42 contains

168 2761 169 45 fewer
369 2765 262 50 episodes.
2384 2793 65 34 &

287 2862 64 35 &
386 2854 280 55 Capitano,
700 2858 315 54 disdainful,
1049 2873 121 42 says
1205 2863 68 42 he
1306 2868 258 49 expected
1599 2869 93 41 the
1726 2868 148 44 slave
1895 2881 14 39 ;
1942 2872 241 52 departs.
2219 2873 229 43 Isabella

286 2947 243 40 remains
563 2947 222 54 looking
818 2952 302 51 displeased
1155 2956 104 40 and
1296 2954 204 45 knocks
1533 2959 59 41 at
1625 2959 100 42 her
1758 2961 190 43 house.
1981 2962 300 47 Turchetta
2322 2966 126 44 asks

295 3033 148 41 what
477 3036 93 40 she
606 3042 193 38 wants.
835 3039 228 44 Isabella
1099 3043 250 43 becomes
1381 3043 209 52 jealous
1623 3051 106 39 and
1763 3051 192 52 saying
2002 3055 128 40 that
2177 3056 44 42 it
2270 3057 45 42 is
2351 3058 97 42 her

292 3119 168 42 house
497 3124 179 44 drives
709 3126 298 45 Turchetta
1040 3133 99 40 out
1172 3135 103 40 and
1311 3137 188 41 enters
1551 3137 223 46 herself.
1806 3138 301 47 Turchetta
2153 3156 151 41 goes.
2348 3147 67 42 Co-

283 3210 173 43 vlello
490 3216 102 38 and
630 3215 288 47 Fedelindo
953 3232 94 42 say
1078 3225 131 53 they
1244 3226 134 42 have
1412 3225 166 44 taken
1604 3230 96 41 the
1719 3229 148 44 slave
1890 3232 58 42 to
1974 3232 278 47 Isabella's
2276 3238 170 43 house

286 3310 103 32 au
427 3302 127 52 they
590 3304 193 45 knock.
833 3309 322 52 Pimpinella
1203 3325 122 42 says
1373 3318 123 40 that
1545 3318 82 41 his
1677 3320 250 45 mistress
1978 3324 96 43 has
2122 3328 127 40 sent
2295 3339 151 45 away

285 3390 92 39 the
413 3390 147 43 slave
593 3394 239 53 through
866 3398 244 57 jealousy
1141 3403 56 42 of
1226 3404 96 43 the
1357 3408 250 50 captain;
1642 3409 132 53 they
1805 3422 67 40 go
1907 3413 55 40 in
1998 3415 193 42 search
2225 3415 56 45 of
2328 3418 117 44 her.

290 3478 315 57 Turchetta,
638 3481 303 58 lamenting
976 3489 95 43 her
1103 3490 245 57 fortune,
1379 3497 130 42 does
1542 3499 99 41 not
1689 3498 160 46 know
1899 3503 183 43 where
2130 3505 60 42 to
2238 3518 89 41 go.
2374 3505 71 45 At
