2626 3888
908 352 150 47 THE
1084 350 329 56 RUSSIAN
1450 347 309 47 BALLET.

178 362 30 42 8

181 467 67 51 by
282 465 92 42 the
411 465 144 52 Body
574 463 26 42 ?
633 462 136 53 Why
803 460 193 43 should
1030 461 157 40 there
1223 460 97 40 not
1354 460 64 39 be
1451 468 32 30 a
1513 457 160 51 great
1705 454 118 44 deal
1848 454 55 44 of
1924 453 360 45 comfortable
2303 454 152 45 work

178 566 60 31 so
272 566 57 31 as
362 556 59 41 to
458 552 152 42 make
646 552 94 41 the
783 548 167 44 world
1002 559 150 31 more
1267 543 341 55 gemiithlich
1719 545 134 42 with
1889 545 132 43 here
2076 547 108 41 and
2217 546 160 42 there
2425 557 30 32 a

183 644 120 40 nice
337 642 150 44 blaze
521 640 55 43 of
608 650 266 33 sensuous
907 636 139 43 stuff
1077 636 140 43 too?
1249 636 138 52 Why
1420 635 202 44 not?...
1657 636 124 52 why
1813 635 146 43 not?

275 733 108 40 But
413 731 149 42 what
594 741 30 31 a
657 727 296 44 ridiculous
985 726 160 52 thing
1175 726 59 41 to
1269 724 102 43 call
1404 722 166 47 f0r....
1606 725 150 42 what
1787 736 32 30 a
1852 725 300 43 ridiculous
2185 726 162 51 thing
2396 727 58 41 to

180 823 64 39 be
279 819 199 53 always
512 818 201 50 calling
746 815 86 43 for
865 816 102 42 and
1004 818 57 39 to
1116 816 91 50 get
1260 815 214 41 excited
1526 815 171 41 about
1730 814 159 42 when
1937 815 45 41 it
2031 816 214 41 comes!

279 908 102 42 For
412 908 126 40 that
569 903 356 45 comfortable
958 905 104 41 and
1096 914 268 33 sensuous
1389 905 127 52 type
1541 903 55 42 of
1618 901 153 45 work
1804 905 44 41 is
1883 901 71 45 all
1989 915 131 31 over
2153 905 94 42 the
2283 905 171 51 place.

276 999 48 40 lt
367 1007 164 42 pours
555 998 98 41 out
677 994 56 43 of
754 997 95 40 the
868 995 234 42 Theatre
1124 997 55 40 in
1204 997 253 44 streams.
1490 993 112 43 The
1639 993 188 43 novels
1860 1004 92 32 are
1987 994 199 43 soaked
2222 995 133 42 with
2392 995 61 44 it.

177 1086 262 52 Painting
465 1084 226 44 bubbles
714 1084 134 44 with
874 1086 62 40 it.
959 1083 110 43 The
1094 1084 171 42 music
1288 1083 174 42 which
1499 1083 47 41 it
1580 1082 184 43 makes
1796 1082 220 43 smokes
2069 1086 104 40 and
2223 1087 226 42 steams.

173 1173 183 42 There
406 1175 45 40 is
503 1185 69 29 no
623 1173 254 52 question
926 1173 101 41 but
1060 1173 123 41 that
1215 1173 160 41 there
1409 1171 109 43 will
1554 1171 202 53 always
1791 1172 65 41 be
1890 1169 290 46 sufficient
2214 1171 56 44 of
2321 1175 133 43 this.

177 1263 180 42 Hence
395 1265 42 39 it
470 1263 45 41 is
550 1261 218 43 needful
803 1263 125 41 that
971 1274 81 30 we
1086 1261 126 43 look
1245 1261 85 43 for
1364 1262 97 41 the
1498 1262 179 48 other,
1710 1262 104 41 and
1857 1261 101 43 call
2008 1260 88 44 for
2142 1263 96 42 the
2293 1265 162 42 other

178 1351 140 42 until
367 1362 80 32 we
481 1352 92 51 get
605 1351 63 42 it.

271 1442 69 41 So
376 1441 158 42 much
569 1451 56 32 as
667 1440 231 43 Prelude
933 1442 57 41 to
1025 1453 85 42 my
1145 1441 136 42 Note
1315 1451 68 32 on
1418 1441 94 41 the
1547 1441 230 47 Russian
1829 1440 193 44 Ballet.
2078 1440 108 44 The
2222 1442 231 49 Russian

177 1529 177 43 Ballet
387 1531 44 41 is
465 1529 318 53 essentially
816 1531 94 41 the
1002 1529 102 43 Art
1193 1530 178 42 which
1405 1531 46 41 is
1486 1531 218 41 created
1758 1531 66 51 by
1872 1531 96 41 the
2021 1531 165 52 Body.
2222 1533 75 40 Its
2330 1543 95 42 per-

174 1616 205 45 fection
416 1620 44 41 is
494 1619 258 53 physical.
789 1620 71 41 Its
896 1619 188 52 appeal
1118 1620 44 41 is
1197 1622 59 39 to
1291 1630 103 32 our
1424 1630 208 41 senses,
1667 1620 96 42 not
1795 1622 244 50 through
2074 1623 172 42 them,
2281 1623 69 53 (i)

182 1716 64 35 j£f
275 1709 209 51 Having
516 1710 207 41 excited
757 1710 151 41 them
945 1710 45 41 it
1027 1710 94 41 has
1156 1710 139 41 done
1330 1710 71 41 its
1436 1708 144 46 task.
1616 1710 44 41 It
1695 1709 185 42 makes
1916 1722 68 30 no
2018 1709 223 43 further
2264 1709 191 50 effort.

176 1799 49 41 It
261 1799 44 41 is
337 1810 268 30 sensuous
638 1801 88 40 art
757 1801 105 40 and
900 1802 96 39 not
1030 1798 280 52 spiritual,
1342 1799 102 41 and
1497 1799 44 42 is
1594 1798 113 51 Just
1759 1811 59 30 as
1870 1798 86 43 far
2005 1802 256 42 removed
2309 1802 143 43 from

176 1887 386 43 Architecture
595 1890 104 39 and
737 1888 169 42 Music
939 1900 58 30 as
1030 1888 96 42 the
1161 1888 145 52 Body
1340 1890 43 40 is
1418 1887 139 43 from
1593 1890 94 40 the
1720 1888 151 54 Soul,
1921 1892 104 39 and
2063 1892 18 41 1
2135 1892 157 51 wish,
2345 1893 105 41 and

176 1976 238 43 millions
447 1976 54 43 of
531 1976 193 53 people
759 1978 153 51 wish,
948 1978 60 42 to
1042 1989 87 31 see
1164 1978 96 41 the
1293 1977 233 43 Theatre
1563 1978 123 50 give
1723 1980 148 40 birth
1905 1981 59 41 to
1999 1992 68 31 an
2104 1986 90 38 art
2251 1994 58 30 as
2342 1982 84 52 spi-

174 2065 169 43 ritual
379 2076 58 31 as
472 2067 171 41 music
693 2077 62 31 or
803 2067 395 41 architecture.

453 2204 130 47 OF
640 2204 213 53 ART
913 2205 225 47 AND
1199 2205 181 47 ITS
1441 2206 728 56 DESTROYER.

182 2331 31 42 I
253 2335 220 40 wonder
507 2331 41 44 if
581 2345 104 41 any
717 2333 54 43 of
802 2347 104 40 you
943 2335 108 42 will
1088 2337 133 41 have
1258 2338 131 40 read
1418 2338 92 42 the
1592 2338 113 44 Life
1739 2340 107 40 and
1871 2339 193 43 Works
2090 2339 54 43 of
2170 2342 284 43 Chevalier

224 2422 235 42 Noverre
568 2423 18 41 I
621 2424 221 41 wonder
877 2423 39 42 if
949 2436 106 40 any
1088 2424 54 42 of
1174 2436 104 42 you
1315 2437 135 32 even
1485 2424 161 45 know
1679 2427 122 42 who
1825 2428 112 42 this
1960 2427 212 44 famous
2200 2442 122 32 man
2345 2443 109 32 was

173 2512 104 39 and
312 2511 151 41 what
500 2511 67 41 he
601 2511 109 44 did.
741 2513 132 50 You,
907 2514 120 42 who
1063 2514 134 42 have
1231 2527 140 39 gone
1405 2518 58 40 to
1499 2516 93 42 the
1629 2517 228 47 Russian
1894 2518 179 43 Ballet
2106 2532 164 42 every
2293 2522 161 52 night

173 2599 104 42 and
310 2599 169 51 speak
512 2602 52 41 in
597 2601 98 42 the
733 2612 146 33 same
911 2605 174 40 terms
1118 2603 55 43 of
1190 2606 153 42 what
1362 2617 105 42 you
1489 2607 293 42 witnessed
1808 2608 160 42 there
1992 2620 58 30 as
2073 2621 105 42 you
2206 2612 66 41 do
2293 2613 159 42 when

173 2687 263 55 speaking
487 2690 54 42 of
572 2691 96 42 the
703 2691 179 43 works
916 2692 53 42 of
991 2691 302 55 /Eschylus,
1326 2693 56 44 of
1414 2696 197 52 Dante,
1641 2693 56 46 of
1730 2697 286 43 Donatello
2064 2710 61 32 or
2180 2699 56 44 of
2289 2702 161 54 Bach,

176 2776 136 44 have
343 2789 107 42 you
486 2790 128 32 ever
647 2780 164 42 heard
848 2780 54 43 of
935 2782 282 44 Chevalier
1249 2785 237 42 Noverre
1507 2785 28 43 ?
2138 2799 65 34 jgr

271 2870 48 41 lt
351 2869 46 42 is
430 2880 30 31 a
494 2870 249 42 hundred
778 2873 57 40 to
870 2883 103 31 one
1008 2874 123 42 that
1164 2874 68 42 he
1267 2876 103 41 and
1408 2875 83 43 his
1524 2876 152 42 work
1711 2888 94 30 are
1842 2876 281 46 unknown
2158 2881 60 42 to
2241 2894 127 40 you.

173 3035 141 46 NO
352 3036 43 45 T
425 3036 47 46 E
502 3036 70 46 S.

173 3125 67 54 00
722 3130 123 44 This
881 3130 138 45 life's
1052 3132 109 44 five
1197 3135 264 44 windows
1495 3137 55 43 of
1582 3138 96 42 the
1711 3138 120 43 soul

647 3219 208 43 Distort
889 3222 97 42 the
1022 3223 234 44 heavens
1288 3224 140 45 from
1463 3226 122 53 pole
1617 3228 60 41 to
1721 3227 122 53 pole

647 3306 115 44 And
798 3308 149 45 leads
977 3323 105 41 you
1118 3314 57 41 to
1211 3313 209 46 believe
1456 3328 30 31 a
1519 3314 92 54 lie,

651 3398 170 42 When
855 3411 104 39 you
995 3412 90 31 see
1123 3401 158 54 with,
1315 3408 98 40 not
1446 3403 271 61 through
1751 3410 97 42 the
1883 3421 116 42 eye.

1098 3492 237 45 William
1372 3496 184 46 Blake.
1646 3497 110 45 The
1790 3499 349 56 Everlasting
2172 3501 212 54 Gospel.
