2626 3888
821 343 334 50 ENGLISH
1183 333 681 55 SENTIMENTALITY

175 370 64 39 50

174 461 169 41 them.
379 460 140 41 Over
552 459 155 41 there
732 467 69 30 on
835 455 94 41 the
963 453 159 41 other
1154 449 114 42 side
1302 446 55 43 of
1390 446 94 42 the
1516 446 177 41 street
1725 442 46 42 is
1806 454 30 29 a
1871 451 123 31 man
2030 441 51 39 in
2119 450 30 29 a
2184 438 188 51 couple
2396 439 52 43 of

176 560 200 34 rooms.
413 549 159 43 What
604 547 45 41 Is
685 547 65 40 he
773 544 185 51 trying
990 544 57 39 to
1081 541 66 40 do
1168 538 26 43 ?
1227 538 242 49 Nothihg
1503 536 99 41 but
1635 535 57 41 to
1726 533 252 40 discover
2027 531 96 40 the
2173 540 186 31 means
2391 531 55 41 to

173 642 233 51 prevent
440 646 223 38 cancer;
696 644 107 33 ....a
839 630 185 44 heroic
1056 632 105 47 act,
1196 630 104 41 but
1343 627 67 40 he
1463 623 111 43 will
1630 620 261 55 probably
1938 620 88 41 die
2073 616 89 44 for
2196 618 65 43 it.
2311 619 48 41 It
2406 620 43 41 is

178 732 151 51 quite
365 724 216 45 natural
615 726 60 40 to
710 722 130 51 him,
875 723 100 38 but
1009 721 44 40 it
1086 729 190 32 occurs
1310 721 57 38 to
1404 714 213 52 nobody
1651 715 58 40 to
1744 723 93 42 cry
1871 712 99 40 out
2005 710 120 41 that
2159 721 30 29 a
2222 709 226 42 terrible

174 818 237 42 disaster
444 817 94 39 has
572 811 278 52 happened
888 812 56 39 to
980 809 92 41 the
1105 806 224 53 English
1366 804 190 42 nation
1593 802 159 42 when
1789 802 67 40 he
1905 802 130 39 does
2085 799 107 41 die.
2259 803 19 29 %

279 906 69 41 Or
379 905 159 40 there
572 902 46 42 is
652 901 234 42 another
920 910 122 30 man
1076 896 335 51 attempting
1442 896 60 39 to
1555 895 217 39 restore
1827 892 222 48 beauty,
2097 891 57 38 to
2206 887 244 41 discover

180 997 157 51 again
370 994 311 49 something
713 1002 57 30 as
804 990 108 42 lost
944 990 105 39 and
1085 997 58 31 as
1179 985 276 42 unknown
1490 995 59 30 as
1582 982 96 41 the
1728 981 172 42 North
1958 990 62 30 or
2072 977 175 41 South
2436 1008 13 19 ,

176 1086 184 42 ...that
392 1084 44 40 is
469 1085 56 38 to
561 1093 113 40 say,
708 1080 220 49 beauty.
964 1079 77 40 He
1076 1086 120 41 may
1231 1076 65 39 be
1330 1084 67 31 an
1453 1071 271 43 architect
1759 1081 63 29 or
1855 1081 30 29 a
1921 1067 285 46 musician,
2243 1066 104 39 and
2386 1065 63 40 he

180 1176 148 51 gives
364 1175 80 41 his
478 1171 93 42 life
606 1173 55 39 to
696 1170 63 42 it.
793 1168 220 50 Nobody
1048 1165 210 42 notices
1291 1164 124 40 that
1448 1162 68 42 he
1550 1161 95 41 has
1682 1161 159 51 given
1878 1159 63 42 it.
1975 1157 75 42 No
2096 1157 150 49 large
2292 1154 160 40 head*

181 1264 137 43 lines
342 1263 55 42 of
428 1264 33 23 ♦*
486 1260 191 52 Tragic
712 1259 128 42 Fate
874 1255 55 43 of
964 1255 228 48 Richard
1226 1255 236 50 Wagner
1630 1249 245 44 Terrible
1899 1248 238 41 disaster
2158 1248 61 39 to
2245 1246 208 50 August

178 1354 325 49 Strindberg

276 1443 114 41 And
427 1453 31 28 a
488 1451 130 42 very
653 1438 136 52 good
822 1438 161 50 thing
1015 1437 123 42 that
1173 1434 158 42 there
1366 1443 94 31 are
1494 1443 69 29 no
1598 1430 133 42 such
1768 1427 283 43 headlines
2105 1427 160 39 when
2302 1425 152 41 these

178 1543 122 32 men
334 1533 119 50 die;
491 1533 115 47 but,
639 1530 104 40 and
779 1530 128 40 here
942 1538 80 30 we
1055 1536 151 32 come
1240 1523 57 42 to
1333 1523 94 41 the
1461 1521 159 52 point
1653 1519 54 44 of
1739 1519 113 42 this
1888 1523 148 43 note,
2062 1518 66 39 do
2153 1518 99 39 not
2274 1516 181 50 forget

178 1625 123 40 that
334 1623 94 40 the
463 1622 114 41 acts
609 1631 92 31 are
737 1616 226 54 parallel
994 1617 105 41 and
1137 1613 53 44 of
1225 1615 92 42 the
1372 1623 146 34 same
1569 1612 376 51 importance;
2001 1610 67 39 do
2125 1608 99 40 not
2276 1604 181 53 forget

180 1711 127 42 that
336 1723 29 29 a
398 1709 154 43 small
587 1719 170 40 group
793 1709 53 39 in
882 1716 161 41 every
1081 1705 202 42 branch
1317 1701 56 44 of
1405 1702 94 43 life
1533 1703 55 40 in
1622 1702 97 41 the
1753 1698 173 44 world
1963 1698 45 42 Is
2044 1697 189 53 giving
2267 1697 72 41 its
2365 1692 90 46 life

180 1797 266 53 willingly
496 1800 59 39 to
605 1797 245 41 discover
903 1795 186 51 things
1159 1791 86 45 for
1297 1792 95 41 the
1442 1792 117 41 rest
1592 1789 56 43 of
1682 1790 91 40 the
1811 1786 169 44 world
2032 1787 106 41 and
2190 1786 126 41 that
2363 1785 92 42 the

178 1891 117 41 rest
328 1888 55 43 of
414 1889 93 42 the
540 1888 167 42 world
742 1889 127 39 does
906 1885 231 52 nothing
1169 1885 58 41 to
1262 1884 163 42 assist
1456 1881 174 43 them.

281 1978 108 43 The
422 1979 116 41 rest
558 1975 55 45 of
630 1978 93 39 the
742 1975 164 43 world
930 1974 203 52 merely
1154 1984 179 41 weeps
1368 1970 230 43 buckets
1634 1970 54 42 of
1714 1979 371 41 unnecessary
2107 1969 105 39 and
2239 1964 216 44 saltless

180 2068 149 41 tears
362 2078 69 31 on
467 2065 227 51 hearing
729 2063 54 43 of
815 2065 93 41 the
944 2064 163 41 death
1143 2060 55 44 of
1230 2072 150 32 some
1416 2062 163 40 brave
1615 2060 240 51 captain.

180 2166 63 34 jg?
276 2159 69 40 At
375 2158 95 41 the
505 2157 134 42 head
675 2154 54 44 of
761 2156 94 42 the
891 2166 172 40 group
1098 2151 54 45 of
1187 2163 122 32 men
1345 2152 120 42 who
1499 2151 122 52 give
1653 2149 150 43 their
1839 2149 136 42 lives
2011 2149 54 41 in
2098 2148 114 41 this
2237 2144 154 43 work
2413 2145 45 41 is

180 2248 97 42 the
312 2247 148 52 king.
493 2246 64 43 Of
588 2256 191 32 course
812 2246 94 40 the
940 2243 168 42 world
1146 2242 265 51 imagines
1443 2242 127 41 that
1604 2241 65 40 he
1720 2241 44 40 is
1815 2241 59 40 at
1924 2241 96 39 the
2076 2237 136 42 head
2264 2236 54 43 of
2366 2237 92 41 the

180 2337 158 43 other
371 2337 323 50 spectators,
727 2336 103 41 and
868 2336 95 41 not
997 2333 55 42 of
1085 2333 93 42 the
1212 2331 263 44 workers.
1509 2331 148 52 They
1691 2328 127 45 look
1842 2341 69 31 on
1950 2330 109 40 him
2095 2340 58 30 as
2187 2340 31 29 a
2251 2326 131 43 kind
2408 2323 52 43 of

183 2429 196 49 patron
413 2424 54 43 of
501 2422 305 52 indolence,
837 2436 31 28 a
902 2425 142 39 most
1079 2421 252 52 amusing
1366 2422 99 41 but
1499 2420 224 52 general
1761 2421 137 47 idea,
1931 2417 87 43 for
2072 2419 146 40 most
2270 2415 188 53 people

185 2526 92 31 are
310 2514 245 42 indolent
588 2515 105 41 and
726 2512 128 54 only
887 2515 160 50 begin
1081 2515 57 39 to
1173 2512 153 42 work
1358 2512 159 42 when
1551 2512 98 41 the
1681 2510 180 52 tragic
1885 2521 149 30 news
2058 2509 231 42 arrives.
2313 2507 146 41 Then

178 2605 130 52 they
342 2615 102 31 run
477 2608 56 38 to
567 2605 104 41 and
707 2603 102 52 fro,
845 2603 222 52 wailing
1100 2604 103 41 and
1243 2603 275 50 moaning,
1554 2603 103 40 and
1695 2600 222 52 feeling,
1952 2610 63 32 or
2049 2600 192 41 rather
2266 2600 187 50 trying

181 2697 58 40 to
273 2694 125 51 feel,
431 2694 387 51 something,...
851 2694 121 41 who
1023 2692 189 41 knows
1260 2692 193 41 what?
1655 2700 65 35 JZ?
1904 2699 64 34 ■£?
2152 2699 65 34 JZ?

488 2753 11 9 *

284 2788 127 41 Now
445 2783 39 44 if
515 2784 113 43 this
661 2783 155 43 small
851 2784 210 42 section
1098 2782 54 43 of
1185 2783 173 42 which
1399 2784 15 40 I
1450 2783 135 43 have
1621 2782 204 51 spoken
1864 2783 43 41 is
1941 2782 97 42 the
2063 2782 185 42 heroic
2270 2789 192 44 group,

1524 2833 14 11 fr

186 2877 121 42 how
340 2877 44 41 is
418 2877 43 41 it
492 2876 128 42 that
651 2874 96 42 the
783 2873 185 42 heroic
1014 2883 173 42 group
1237 2872 96 42 has
1385 2872 132 42 such
1573 2869 277 54 difficulty
1898 2872 54 41 in
2003 2871 305 50 advancing
2358 2866 102 44 and

187 2966 271 51 changing
488 2966 206 51 things,
727 2975 58 30 so
821 2975 58 30 as
910 2965 59 40 to
1005 2962 157 42 make
1194 2962 153 41 them
1383 2972 150 31 more
1570 2962 282 50 human,...
1890 2961 17 40 I
1942 2961 68 42 do
2046 2962 99 39 not
2178 2971 97 43 say
2314 2967 148 33 more

187 3054 374 50 comfortable,
595 3057 99 40 but
727 3066 148 31 more
912 3055 220 51 human,
1168 3065 149 32 more
1354 3052 267 43 natural?
1655 3054 46 40 It
1734 3052 47 42 is
1815 3054 127 40 that
1974 3054 95 40 the
2105 3052 273 41 members
2412 3045 52 44 of

183 3145 115 41 this
333 3144 183 42 heroic
548 3155 173 41 group
755 3145 134 42 have
921 3145 98 42 the
1053 3144 177 43 whole
1264 3142 169 45 world
1470 3141 56 46 of
1559 3141 350 45 womankind
1946 3144 219 50 against
2198 3142 168 41 them.

190 3244 63 34 yg?
287 3233 126 43 This
447 3233 45 43 is
526 3235 98 41 not
654 3235 114 41 said
804 3235 231 42 because
1070 3235 16 41 I
1124 3235 66 41 do
1229 3236 95 41 not
1358 3233 342 43 understand
1725 3244 235 39 women,
1982 3231 237 54 (though
2248 3234 212 39 Heaven

188 3324 178 44 forbid
400 3324 125 41 that
557 3324 17 39 I
609 3323 193 42 should
836 3325 233 51 pretend
1104 3325 58 42 to
1199 3325 341 42 understand
1574 3324 152 42 them
1762 3323 382 52 thoroughly,)
2192 3324 101 39 but
2342 3321 45 42 it
2419 3319 44 43 Is

187 3415 114 44 said
338 3415 229 41 because
597 3413 115 42 this
746 3417 147 39 must
926 3415 63 42 be
1023 3415 95 42 the
1151 3414 128 54 only
1311 3413 351 53 explanation
1697 3413 56 43 of
1785 3414 95 42 the
1903 3413 422 55 extraordinary
2349 3421 114 43 way

191 3508 53 40 in
281 3503 178 45 which
492 3503 95 43 the
623 3504 171 42 world
828 3503 47 42 is
910 3504 254 54 carrying
1197 3516 68 32 on
1300 3506 188 52 today.
