2626 3888
821 328 310 53 BOOK
1204 324 550 57 REVIEWS.

2418 325 60 47 81

159 429 606 54 INTRODUCTION
802 432 92 47 TO
940 432 149 47 THE
1128 429 143 54 STUDY

159 429 109 54 OF
322 429 326 54 INDIAN
702 429 272 54 MUSIC
1028 429 109 54 by
1191 429 108 54 E.

164 613 332 47 Clements.
517 614 390 59 Longman's,
931 615 205 47 Green
1171 614 126 48 and

164 704 103 48 Co.
304 704 179 48 Price
517 705 101 46 six
646 705 299 61 shillings
983 707 122 47 net.

163 795 175 45 TPhis
375 798 142 43 book
552 800 45 41 is
630 811 106 31 one
771 799 55 43 of
858 803 96 41 the
990 802 226 42 threads
1240 798 56 46 of

253 901 31 30 a
319 893 97 40 net
440 893 156 41 made
619 894 60 40 to
700 903 235 32 ensnare
971 903 142 31 men.
1133 893 49 41 It
1202 893 44 41 is
1265 903 31 30 a

162 981 195 51 strong
381 982 99 41 net
498 982 178 42 which
696 994 143 40 grow
853 994 24 31 s
896 994 30 30 a
945 981 149 43 little
1113 981 182 52 larger

160 1070 138 43 with
336 1082 165 44 every
536 1084 121 30 new
690 1084 182 31 moon.
905 1072 109 42 The
1048 1082 245 33 weavers

160 1161 79 43 sit
272 1161 276 54 patiently
585 1161 265 52 knotting
874 1162 64 42 it.
959 1164 46 39 It
1028 1160 112 43 will
1161 1160 130 43 take

163 1264 165 42 many
376 1263 162 42 years
578 1255 54 40 to
667 1253 234 49 make,...
950 1251 105 41 and
1105 1251 186 42 where

163 1342 114 41 will
314 1342 74 43 all
421 1344 96 41 the
553 1344 171 42 music
757 1344 64 39 be
855 1343 136 40 then
1019 1340 27 42 ?

163 1442 65 34 zzz
263 1432 112 43 The
412 1432 126 45 East
571 1434 104 41 and
712 1433 94 41 the
825 1432 152 43 West
996 1442 122 42 may
1140 1439 149 32 some

163 1522 103 51 daj'
300 1523 165 41 meet.
500 1521 69 43 At
602 1522 225 51 present
860 1522 131 51 they
1023 1529 94 32 are
1150 1519 139 41 wide

164 1613 177 50 apart.
397 1611 110 43 The
562 1611 286 52 telegraph
903 1611 106 40 and
1065 1607 226 56 railway

163 1703 202 41 cannot
399 1700 117 43 link
549 1702 150 41 them
724 1701 278 52 together.
1025 1701 146 53 They
1195 1711 93 32 are

160 1791 141 42 wide
336 1794 176 48 apart.
548 1791 127 43 This
709 1794 45 40 is
787 1791 144 50 fact;
982 1791 70 42 all
1099 1791 112 45 else
1245 1794 46 40 is

160 1877 181 55 fancy.
479 1890 65 34 zZ?
728 1889 56 35 zZS
976 1891 65 35 zZ?
1226 1890 65 34 jZ?

262 1971 104 44 For
397 1973 113 40 this
544 1984 197 32 reason
776 1975 18 40 1
831 1984 84 31 am
952 1971 241 44 inclined
1231 1974 60 41 to

166 2063 248 51 disagree
454 2063 136 42 with
644 2063 74 41 Dr
771 2062 522 52 Coomaraswamy's

167 2151 232 43 definite
453 2154 304 40 statement
811 2153 124 41 that
1051 2152 86 42 for
1198 2153 95 42 the

166 2242 259 42 Western
459 2243 230 41 student
721 2243 96 41 the
851 2244 159 40 exact
1043 2243 164 51 study
1241 2239 56 45 of

166 2332 97 41 the
327 2331 216 42 science
607 2330 55 43 of
726 2332 189 41 Indian
982 2332 173 42 music
1189 2333 45 41 is
1268 2344 29 29 a

167 2431 292 43 necessary
491 2431 218 41 process
729 2422 55 40 in
817 2422 98 41 the
950 2421 267 43 interests
1248 2420 54 43 of

163 2523 257 40 progress
454 2512 105 42 and
1100 2514 18 40 I
1137 2512 164 42 think

163 2601 281 44 therefore
478 2603 128 42 that
639 2604 113 41 this
788 2601 221 44 learned
1056 2603 142 42 book
1232 2605 68 51 by

166 2693 55 42 E.
256 2692 278 43 Clements
569 2694 45 41 is
647 2694 105 41 and
790 2694 198 41 should
1025 2694 64 41 be
1124 2692 55 43 of
1203 2692 68 43 lit-

166 2782 76 43 tle
279 2793 95 32 use
406 2784 58 41 to
491 2794 81 31 us.
731 2791 64 34 jZ?

166 2882 63 33 z&
263 2872 112 42 The
411 2872 129 44 East
572 2874 105 41 and
714 2873 95 42 the
846 2873 154 43 West
1034 2885 148 41 may,
1235 2886 58 30 as

168 2959 19 41 1
224 2961 137 40 have
395 2963 135 50 said,
562 2973 150 32 some
746 2965 103 50 day
884 2963 165 42 meet.
1086 2962 45 43 If
1161 2965 134 50 they

171 3050 67 40 do
273 3051 149 41 meet
455 3052 130 40 each
637 3055 147 39 must
820 3052 137 43 have
992 3052 84 42 his
1109 3055 186 49 tunes,

171 3150 205 41 poems,
409 3142 242 47 pictures
685 3144 57 40 to
778 3144 151 42 show
962 3144 98 40 the
1114 3142 182 45 other.

177 3226 118 48 The
332 3227 183 47 other
549 3233 147 40 must
747 3235 97 41 not
877 3235 162 50 begin
1079 3235 58 39 to
1187 3234 83 40 dis-

171 3333 142 32 cuss.
486 3332 63 33 ZZZ
733 3333 65 32 XZ>
982 3333 64 34 ZZ?
1231 3333 65 34 zS?

171 3421 64 34 zZZ
270 3413 109 42 The
413 3414 236 52 dangers
674 3414 54 42 of
752 3414 262 51 knowing
1038 3424 94 31 are
1168 3424 129 32 ever

169 3502 334 54 increasing.
547 3504 109 44 The
707 3504 207 52 danger
947 3503 62 43 of
1035 3502 261 54 knowing

1340 435 73 42 all
1447 436 168 41 about
1648 433 94 42 the
1776 432 185 52 East,.,
1985 432 152 42 what
2168 444 32 30 a
2234 433 243 53 danger!

1340 525 109 43 The
1485 535 150 33 more
1687 535 83 32 we
1825 522 163 45 know
2051 522 100 44 the
2206 534 153 32 more
2394 534 82 32 we

1342 616 132 44 lose.
1507 615 111 43 The
1645 615 130 46 East
1796 615 219 45 seemed
2039 624 61 34 so
2124 611 87 45 far
2236 611 78 45 off
2338 624 138 32 once

1344 719 141 41 upon
1521 719 30 31 a
1584 709 169 50 time;
1785 708 61 42 to
1879 718 151 32 some
2064 705 47 43 It
2143 704 117 46 still
2295 717 181 31 seems

1343 811 59 31 as
1433 798 163 53 far,..,
1650 809 60 32 as
1763 797 85 44 far
1897 809 58 32 as
2011 798 95 43 the
2139 799 168 42 stars.
2342 797 134 42 How

1342 889 133 52 they
1537 891 239 49 shine,...
1839 892 107 41 and
2015 889 123 44 how
2194 889 94 42 the
2345 887 132 44 East

1342 981 265 49 shines,...
1641 982 54 39 in
1716 981 150 42 their
1899 982 295 42 distances.
2228 977 248 44 Instruct

1340 1081 150 31 some
1524 1068 56 45 of
1615 1082 61 31 us
1710 1072 54 40 in
1810 1071 97 42 the
1963 1072 147 42 stars
2163 1072 107 41 and
2326 1070 150 42 their

1339 1159 144 50 light
1517 1171 129 40 goes
1682 1162 117 50 out,
1843 1171 103 32 nor
2001 1160 47 43 is
2101 1161 163 42 there
2319 1170 154 33 more

1340 1248 143 52 light
1517 1250 56 39 in
1610 1260 82 32 us.
1908 1258 65 34 zzr
2159 1260 65 35 zz?
2407 1256 67 37 z&

1438 1338 69 42 So
1541 1338 47 42 is
1623 1339 45 41 it
1700 1339 133 42 with
1870 1340 96 41 the
2003 1340 139 54 Holy
2176 1340 149 45 East.

1438 1429 164 42 Come
1665 1430 59 41 to
1790 1441 85 38 us,
1936 1432 159 49 then,
2131 1432 136 43 with
2333 1443 143 42 your

1339 1519 239 42 banners
1597 1519 105 42 and
1721 1531 141 42 your
1880 1522 376 52 music,sweep
2275 1524 123 50 past
2413 1532 63 32 us

1338 1609 134 42 with
1491 1621 143 41 your
1651 1612 230 42 dancers
1902 1612 105 42 and
2044 1612 286 43 divinities
2364 1613 108 42 and

1339 1709 85 41 go:
1447 1701 98 42 but
1565 1701 67 41 do
1654 1702 99 41 not
1772 1701 244 43 instruct
2036 1714 84 40 us,
2143 1700 77 47 do
2245 1698 111 49 not
2379 1700 66 45 de-

1338 1786 171 47 ceive
1547 1800 70 33 us
1650 1787 83 60 by
1761 1789 151 45 such
2298 1794 79 42 let
2411 1804 65 32 us

1338 1883 212 40 remain
1615 1883 280 52 ignorant,
1932 1881 152 45 leave
2139 1894 103 32 our
2298 1884 176 43 hands

1342 1971 210 41 untied.
1588 1969 42 44 If
1659 1982 108 42 you
1801 1970 112 43 will
1938 1982 247 42 conquer
2219 1983 64 32 us
2318 1974 67 41 do
2426 1973 46 42 It

1342 2060 109 44 like
1485 2072 357 42 conquerers.
1874 2063 70 42 So
1978 2062 138 43 shall
2152 2074 104 42 we,
2298 2064 175 52 (some

1343 2149 56 43 of
1433 2151 84 49 us)
1550 2152 211 40 remain
1796 2153 57 41 to
1888 2154 96 41 the
2018 2154 106 41 end
2181 2152 291 44 affection*

1345 2239 150 55 ately
1526 2252 186 42 yours.

2318 2246 59 43 E.
2416 2246 58 44 E.

1352 2327 150 46 THE
1517 2327 329 53 RUSSIAN
2385 2331 92 44 BA

2323 2398 7 10 f

1353 2417 206 60 Terry.
1631 2418 365 49 Illustrated
2067 2422 82 59 by
2218 2424 251 47 Pamela

1352 2509 293 45 Coleman
1698 2510 219 47 Smith.
2342 2515 127 44 and

1347 2598 284 58 Jackson.
1684 2600 181 47 Price
1928 2600 176 48 three
2167 2603 304 59 shillings

1342 2688 125 45 and
1502 2689 290 60 sixpence
1827 2692 125 45 net.
2156 2704 64 33 zzr
2403 2705 66 35 zz?

1472 2780 285 54 charming
1806 2783 141 42 book
1996 2794 68 32 on
2105 2787 95 39 the
2237 2786 232 46 Russian

1438 2869 192 45 Ballet.
1653 2871 228 43 Printed
1905 2885 70 30 on
1994 2872 113 44 fine
2133 2886 184 40 paper;
2336 2878 136 43 with

1344 2961 278 51 drawings
1656 2962 69 52 by
1758 2962 135 42 Miss
1940 2962 221 44 Pamela
2209 2965 260 44 Coleman

1343 3051 179 42 Smith
1555 3051 142 43 from
1738 3053 199 50 photos
1992 3065 62 30 or
2109 3053 141 46 from
2309 3059 164 43 other

1344 3142 296 52 drawings.
1985 3151 64 35 zzr
