2626 3888
855 349 149 48 THE
1035 348 329 56 RUSSIAN
1402 345 309 48 BALLET.

2408 356 49 36 11

164 456 143 44 from
357 457 97 43 the
505 457 272 44 obstacles
832 461 123 40 that
1008 470 145 33 seem
1210 461 57 39 to
1323 457 258 42 threaten
1637 465 68 31 an
1761 454 379 51 interruption
2196 454 59 41 to
2307 453 154 43 their

162 547 215 43 mutual
412 547 152 45 bliss.

1166 637 189 47 Scene
1390 635 77 48 II.

260 727 71 45 At
363 730 96 41 the
495 730 215 42 instant
744 730 53 43 of
832 731 85 42 his
951 730 222 53 making
1206 731 156 42 these
1417 729 404 51 protestations
1855 738 32 30 a
1939 726 177 43 sound
2154 724 54 43 of
2243 726 214 51 drums,

162 819 300 52 trumpets,
513 821 104 40 and
674 823 161 40 other
887 820 254 45 wartlike
1199 821 367 42 instruments
1621 820 45 41 is
1721 818 189 49 heard,
1968 813 192 47 which
2226 811 230 47 throws

161 907 310 61 Egysthus
503 907 127 47 and
663 907 449 62 Clytemnestra
1145 907 134 48 into
1313 907 100 47 the
1432 905 281 61 greatest
1736 904 462 48 co'nsternation
2226 903 80 61 (1)
2330 901 130 49 and

162 997 280 59 affright.
478 1002 73 40 He
585 1003 219 52 springs
834 1002 159 59 from,
1011 1003 95 42 the
1139 1001 114 43 feet
1286 1001 55 43 of
1373 1002 97 42 the
1505 1012 177 42 queen
1709 1001 136 41 with
1873 999 159 54 equal
2057 998 395 53 precipitation

164 1093 105 40 and
303 1089 139 45 fear.
476 1091 110 43 The
622 1092 152 44 noise
809 1093 194 43 affects
1036 1093 149 41 their
1216 1091 318 43 astonished
1561 1091 149 43 souls
1747 1089 109 44 like
1891 1101 30 32 a
1954 1088 122 54 peal
2110 1088 55 43 of
2187 1084 264 47 wrathful

178 1143 5 11 I

157 1182 305 45 thunder...
496 1185 131 53 they
660 1183 194 44 shrink
887 1183 134 44 with
1059 1178 350 47 confusion.
1891 1190 64 34 J£?

1139 1269 189 45 Scene
1364 1267 104 46 III.

263 1362 41 44 A
340 1362 185 44 herald
561 1361 138 45 from
735 1360 370 53 Agamemnon
1139 1362 188 40 enters
1378 1359 136 42 with
1548 1371 29 30 a
1613 1359 168 42 letter
1827 1360 60 41 to
1933 1360 94 41 the
2080 1370 176 41 queen
2307 1356 141 45 from

165 1453 128 42 that
327 1453 215 49 Prince,
574 1450 172 42 which
782 1450 64 39 he
881 1448 235 43 delivers
1150 1451 56 38 to
1244 1448 99 43 her
1376 1459 69 30 on
1482 1448 85 41 his
1601 1448 191 43 knees.
1846 1448 407 54 Clytemnestra
2310 1445 140 47 with

167 1552 35 34 a
236 1538 342 58 trembling
608 1535 166 47 hand
805 1535 84 60 (2)
924 1538 243 42 receives
1199 1538 97 42 the
1331 1536 169 44 letter
1533 1539 105 41 and
1689 1538 185 42 makes
1924 1550 30 30 a
1997 1540 209 41 motion
2258 1540 57 41 to
2354 1540 97 41 the

167 1630 186 44 herald
388 1633 56 38 to
478 1630 321 49 withdraw;
833 1629 67 42 he
934 1629 200 41 retires
1167 1630 58 41 to
1260 1629 94 41 the
1388 1627 246 44 furthest
1667 1632 125 48 part
1825 1628 56 43 of
1911 1630 95 41 the
2041 1630 177 51 stage.
2251 1629 201 43 Terror

162 1721 104 40 and
302 1717 230 53 affright
564 1719 144 45 seize
740 1719 97 42 the
871 1719 160 41 heart
1061 1716 56 44 of
1149 1717 443 53 Clytemnestra;
1628 1731 30 29 a
1693 1718 280 43 deathlike
2009 1719 253 51 paleness
2295 1731 126 30 over-

162 1811 222 49 spreads
419 1810 98 41 her
550 1811 410 51 countenance;
997 1820 101 31 nor
1130 1820 99 31 can
1265 1811 96 40 she
1398 1811 66 52 by
1498 1821 106 42 any
1638 1821 187 30 means
1860 1808 214 45 resolve
2099 1811 60 42 to
2194 1812 130 41 read
2352 1812 96 42 the

160 1898 334 45 unwelcome
529 1897 190 46 letter.
752 1900 279 48 Desirous,
1066 1900 272 48 however,
1373 1901 58 41 to
1465 1900 220 42 conceal
1724 1901 97 41 her
1854 1900 242 52 anxiety,
2131 1901 98 42 she
2255 1904 193 40 orders

158 1991 97 41 the
291 1990 184 42 herald
511 1991 59 41 to
604 1989 151 43 leave
791 1990 117 48 her,
941 1985 321 59 assuming
1293 1986 63 46 at
1388 1986 101 47 the
1522 1999 167 34 same
1724 1986 148 46 time
1905 2000 35 33 a
1985 1986 147 47 look
2166 1986 74 47 of
2278 1986 142 47 satis-

158 2077 233 47 faction
440 2076 126 47 and
605 2076 229 60 giving
863 2076 130 46 him
1027 2076 61 47 to
1126 2076 382 47 understand
1540 2081 123 41 that
1698 2081 82 41 his
1816 2091 244 42 message
2085 2084 128 49 puts
2249 2093 67 30 an
2343 2083 104 40 end

158 2174 60 41 to
254 2171 70 42 all
360 2173 97 40 her
489 2170 170 52 griefs
694 2171 105 41 and
834 2168 375 44 misfortunes.

1131 2255 191 47 Scene
1359 2257 99 47 IV.

159 2358 65 36 JZ/
257 2349 406 51 Clytemnestra
695 2349 104 41 and
855 2348 273 52 Egysthus
1183 2349 147 41 draw
1381 2359 132 31 near
1564 2351 58 40 to
1672 2351 132 40 each
1855 2351 161 41 other
2063 2349 137 43 with
2251 2349 194 45 visible

159 2441 274 42 emotions
466 2437 55 44 of
552 2438 135 45 fear.
720 2438 423 54 Clytemnestra,
1176 2439 235 53 sighing,
1444 2439 179 42 shows
1659 2439 110 42 him
1804 2441 98 40 the
1935 2438 134 45 fatal
2107 2439 174 45 billet.
2322 2437 121 47 She

158 2527 312 51 hesitates,
502 2526 112 46 but
643 2525 64 47 at
738 2525 121 47 last
892 2537 184 47 opens
1109 2525 51 45 it
1197 2525 137 47 with
1368 2540 33 32 a
1425 2526 303 47 hastiness
1763 2527 84 58 (3)
1874 2527 132 47 that
2039 2527 275 61 displays
2341 2528 102 47 the

158 2699 404 48 NOTES.

154 2793 72 54 (i)
259 2791 428 43 Consternation
722 2793 104 40 and
864 2787 287 46 confusion
1185 2801 94 32 are
1315 2793 99 40 out
1446 2790 56 44 of
1532 2791 151 54 place
1719 2795 58 41 at
1827 2794 94 42 the
1971 2796 474 42 commencement

158 2879 54 44 of
245 2893 31 30 a
309 2883 159 49 great
501 2881 178 51 tragic
710 2881 207 41 drama.
955 2881 55 40 In
1046 2878 114 43 fact
1194 2880 130 52 they
1358 2880 238 43 militate
1630 2883 221 50 against
1883 2883 96 42 the
2013 2884 251 52 tragedy.
2299 2884 108 43 Con-

155 2970 311 42 sternation
502 2970 104 42 and
643 2968 286 43 confusion
966 2979 92 32 are
1093 2970 110 41 two
1237 2970 174 41 states
1446 2968 54 43 of
1535 2970 163 52 being
1753 2972 178 41 which
1985 2972 197 41 should
2220 2974 223 41 neither

155 3059 65 42 be
253 3059 357 50 represented
644 3071 103 29 nor
780 3060 202 41 stirred
1021 3071 69 39 up
1126 3062 54 39 in
1215 3060 96 41 the
1345 3062 324 49 spectators.
1720 3060 84 44 All
1853 3064 159 50 great
2057 3066 88 40 art
2195 3066 248 41 combats

154 3149 414 41 consternation
604 3151 105 39 and
745 3147 312 44 confusion.

149 3237 76 55 (•2)
259 3238 47 41 Is
342 3240 44 39 it
419 3240 100 40 not
550 3240 390 50 preposterous
966 3237 25 42 ?
1024 3237 483 53 ....Clytemnestra
1529 3241 233 44 !!....?

145 3326 78 53 (3)
256 3327 95 51 No,
385 3337 92 38 no,
511 3328 44 40 it
590 3328 44 41 is
670 3327 209 52 exactly
917 3328 149 41 what
1098 3328 96 42 she
1230 3328 128 42 does
1415 3332 97 40 not
1566 3331 87 44 do.
1701 3331 408 53 Clytemnestra
2163 3345 170 41 opens
2393 3335 47 40 it

148 3416 132 42 with
315 3428 31 30 a
380 3417 276 42 hastiness
689 3419 125 40 that
846 3416 238 53 displays
1119 3417 70 42 all
1226 3419 94 42 the
1354 3420 273 52 agitation
1686 3425 104 42 and
1842 3424 208 43 tumult
2086 3424 56 44 of
2173 3438 30 29 a
2241 3425 169 43 ballet-

150 3504 248 43 dancer's
432 3505 210 43 'mind'.
675 3504 306 54 /Eschlylus
1015 3508 206 50 opened
1258 3509 45 40 it
1347 3508 339 57 differently.
