2626 3888
1027 318 332 53 MONKEY
1406 315 269 55 TRICKS

175 323 69 47 60

178 438 66 36 JZ/
279 431 17 40 I
331 431 135 42 have
508 428 206 54 spoken
758 427 187 44 before
978 438 68 31 on
1081 426 111 42 this
1224 424 234 52 subject,
1492 424 102 41 but
1625 423 127 42 that
1783 436 110 30 was
1929 424 184 45 before
2147 427 18 42 I
2201 428 249 46 dreamed

180 518 127 42 that
338 518 95 42 the
467 520 163 40 times
651 516 181 44 would
866 527 60 31 so
959 525 133 33 soon
1116 515 66 40 be
1206 511 237 53 offering
1469 523 87 31 me
1578 513 289 43 witnesses
1888 513 187 54 galore
2098 517 60 42 to
2177 516 97 43 the
2295 518 156 45 truth

178 606 54 43 of
263 607 148 42 what
447 609 16 39 I
498 607 228 51 guessed
761 607 59 40 to
856 605 63 40 be
952 605 149 40 true.

275 695 145 44 Even
471 696 96 42 the
617 695 262 41 Germans
915 703 93 31 are
1044 692 99 41 not
1175 703 58 29 so
1267 690 285 54 markedly
1583 691 230 45 mimics,
1850 694 264 43 Germans
2137 696 92 51 get
2262 708 30 30 a
2326 695 126 46 kind

178 784 54 43 of
265 786 172 51 heavy
748 786 34 22 li
791 780 235 46 Glaube
1031 779 39 21 ,t
795 783 56 40 in
876 781 212 42 certain
1117 777 367 63 principles,
1501 783 104 40 and
1625 784 159 40 there
1810 783 44 43 is
1877 795 30 31 a
1929 784 241 53 weighty
2192 785 260 56 sincerity

179 874 134 41 with
354 873 174 40 which
587 871 130 52 they
766 873 85 40 set
898 871 170 42 about
1114 873 303 52 producing
1463 871 372 52 Shakespeare
1881 873 190 53 things
2119 885 63 31 or
2227 875 226 45 Schiller

175 962 208 50 things,
407 972 61 30 or
489 959 223 45 Miracle
734 959 174 53 plays.
932 962 58 40 In
1013 972 151 32 some
1190 973 269 39 measure,
1481 962 142 52 spite
1648 960 55 45 of
1726 963 68 42 all
1818 963 149 42 their
1998 962 187 54 faults,
2210 965 96 42 the
2338 964 112 46 fact

169 1052 125 42 that
325 1053 132 51 they
490 1063 93 31 are
616 1063 59 32 so
780 1054 168 43 ernst
1049 1054 44 41 is
1128 1053 161 42 much
1324 1054 54 41 in
1415 1054 147 42 their
1592 1052 214 44 favour.

272 1142 106 42 But
409 1142 98 42 the
541 1143 261 47 Russians
835 1142 136 43 with
1006 1143 147 42 their
1186 1142 204 43 nimble
1425 1144 274 53 dexterity
1730 1144 213 42 remind
1971 1156 82 32 me
2079 1144 53 44 of
2156 1147 123 42 that
2312 1146 141 44 little

170 1232 171 41 Stone
383 1231 235 54 Monkey
650 1233 122 41 who
806 1242 150 32 came
990 1231 74 43 all
1100 1233 68 52 by
1201 1230 217 44 himself
1451 1235 98 39 out
1582 1231 56 43 of
1670 1233 95 42 the
1798 1235 172 42 Stone
2004 1233 110 54 Egg
2160 1235 177 42 which
2387 1236 65 42 he

170 1320 103 42 had
317 1320 106 42 laid
461 1322 68 51 by
562 1321 237 44 himself.

272 1412 144 42 Have
451 1423 105 42 you
593 1421 131 35 ever
758 1412 165 44 heard
957 1414 98 42 the
1089 1414 199 52 story?
1318 1414 158 52 Well,
1511 1414 46 42 it
1591 1415 45 42 is
1670 1415 129 43 this.
1900 1421 62 36 &
2391 1423 62 34 &

171 1510 65 36 JZ?
272 1501 212 54 Having
517 1514 150 32 come
701 1504 120 41 into
856 1504 181 52 being,
1060 1504 95 41 the
1178 1504 171 42 Stone
1373 1503 233 55 Monkey
1628 1515 112 31 was
1764 1505 344 41 surrounded
2135 1505 66 52 by
2224 1515 30 31 a
2276 1504 176 42 crowd

174 1589 54 43 of
260 1592 164 41 other
448 1590 264 55 monkeys
744 1593 123 40 who
903 1593 207 51 begged
1135 1593 111 40 him
1271 1594 57 41 to
1354 1593 64 42 be
1443 1594 147 41 their
1613 1594 155 51 King.
1790 1593 127 42 This
1940 1594 126 51 post
2089 1593 67 42 he
2180 1592 275 53 accepted,

175 1682 203 50 having
425 1680 224 54 already
696 1683 219 41 thrown
952 1684 98 41 out
1083 1683 151 42 hints
1267 1683 125 42 that
1427 1684 66 41 he
1526 1694 111 32 was
1684 1683 96 42 the
1829 1694 132 41 very
1994 1694 144 32 man.
2171 1682 112 43 The
2329 1682 128 44 first

171 1772 162 51 thing
368 1772 65 42 he
467 1772 88 40 did
590 1783 113 32 was
735 1773 60 41 to
828 1772 197 43 travel.
1158 1779 66 36 JZ?
1404 1782 65 34 JZ?
1651 1781 66 35 JZ?
1897 1781 65 37 JZ?
2146 1782 65 34 JZ?
2391 1781 64 34 JZ?

867 1835 12 9 0

277 1861 118 43 And
428 1861 301 54 travelling
762 1863 67 42 he
865 1865 113 40 met
1009 1875 30 30 a
1073 1863 268 52 magician
1374 1863 140 42 from
1549 1863 178 42 whom
1764 1863 67 41 he
1855 1862 224 44 learned
2113 1862 72 43 all
2220 1862 159 44 kinds
2403 1862 54 43 of

171 1951 195 44 tricks.
401 1952 75 41 He
510 1951 157 42 could
705 1952 221 42 become
959 1952 274 51 invisible,
1266 1951 157 43 could
1455 1950 79 56 fly
1568 1962 70 41 up
1671 1953 118 41 into
1821 1952 96 42 the
1949 1951 120 53 sky,
2102 1952 157 43 could
2304 1953 149 53 jump

170 2054 30 30 a
237 2042 245 41 hundred
520 2041 157 43 miles
701 2041 56 42 In
782 2054 31 29 a
837 2041 176 52 single
1048 2042 151 52 jump
1219 2055 13 39 ;
1256 2044 105 40 and
1385 2053 60 31 so
1470 2044 68 40 he
1571 2054 133 30 soon
1741 2054 147 40 grew
1909 2042 59 42 to
1994 2041 208 45 believe
2235 2041 222 45 himself

176 2131 184 42 better
409 2133 105 39 and
564 2133 260 50 stronger
870 2131 136 42 than
1056 2133 271 50 anything
1359 2131 132 43 else.
1524 2131 147 42 Then
1708 2133 66 40 he
1807 2131 344 42 determined
2194 2134 60 40 to
2297 2131 158 43 make

170 2221 221 42 himself
427 2224 135 41 Lord
598 2220 56 43 of
684 2223 98 40 the
814 2220 108 55 Sky
1121 2223 148 42 Have
1314 2233 106 43 you
1472 2223 165 40 heard
1675 2221 53 44 of
1760 2223 97 42 the
1906 2234 118 29 new
2078 2224 134 51 King
2259 2223 56 42 of
2361 2223 94 42 the

592 2313 94 41 the
738 2314 136 41 Lord
926 2313 224 42 Buddha
1199 2324 110 31 was
1357 2312 268 44 asked...
1923 2313 205 51 replied
2178 2314 96 40 the
2324 2313 131 43 God.

230 2403 165 42 What
427 2403 45 42 is
504 2403 160 42 there
697 2404 58 41 to
792 2403 134 42 hear
964 2404 171 41 about
1168 2403 111 42 him
1300 2402 27 43 ?
1403 2431 84 15 ...
1690 2413 186 32 means
1924 2404 57 40 to
2032 2406 131 38 turn
2213 2403 99 41 out
2359 2403 94 41 the

174 2494 136 42 Lord
348 2492 54 43 of
433 2493 98 42 the
564 2492 127 56 Sky,
728 2493 271 52 believing
1032 2496 126 40 that
1191 2494 66 42 he
1291 2494 45 42 is
1370 2506 31 29 a
1434 2494 169 42 Great

178 2591 64 36 JZ?
275 2583 69 41 So
378 2582 94 42 the
508 2582 225 42 Buddha
764 2583 153 41 went
950 2595 70 39 up
1055 2583 120 42 into
1209 2585 95 42 the
1338 2583 186 42 clouds
1557 2583 54 41 in
1646 2583 191 41 search
1872 2580 56 44 of
1957 2582 96 42 the
2088 2581 148 42 little
2285 2583 167 41 Stone

174 2672 254 52 Monkey,
461 2674 104 39 and
599 2671 170 43 found
806 2674 109 40 him
954 2674 378 52 misbehaving
1385 2672 235 52 himself,
1670 2671 269 52 insulting
1991 2672 307 51 everybody
2333 2674 119 40 who

174 2765 165 43 dared
376 2766 58 40 to
468 2762 268 44 interfere
771 2764 133 40 with
941 2764 132 43 him.
1646 2773 63 34 JZ?
1892 2771 61 35 J>
2140 2774 63 33 JZ?
2389 2770 62 34 JZ?

537 2855 46 42 is
617 2855 44 41 it
693 2865 104 42 you
1111 2854 165 42 asked
1310 2855 96 41 the
1440 2855 135 42 Lord
1613 2854 222 42 Buddha
1868 2851 56 44 of
1957 2854 109 41 him
2122 2855 53 41 in
2226 2867 31 29 a
2305 2853 151 53 quiet

167 2947 173 40 voice.
406 2950 1545 39 JZ?JZrjZ>jZ?jZ?jZ?&?
2135 2952 61 34 jZ?
2391 2949 62 37 &

176 3042 64 35 &
334 3036 16 39 1
382 3037 174 49 want,
647 3037 285 40 answered
969 3034 96 42 the
1098 3034 169 42 Stone
1303 3032 254 52 Monkey,
1646 3034 57 40 to
1738 3033 65 41 be
1835 3033 96 42 the
1958 3034 135 42 Lord
2121 3033 54 42 of
2207 3033 95 42 the
2335 3030 124 56 Sky.

174 3123 20 41 1
230 3122 155 42 could
421 3136 230 40 manage
684 3126 190 50 things
910 3124 160 41 much
1109 3124 185 42 better
1326 3123 134 41 than
1495 3123 132 52 they
1679 3132 94 32 are
1808 3124 264 50 managed
2111 3133 141 32 now.
2288 3122 135 43 Lord
2442 3119 13 42 1

175 3223 91 32 see
302 3212 118 42 how
472 3215 17 39 I
541 3225 99 30 can
691 3216 181 51 jumpl
1150 3222 64 34 JZ?
1398 3221 65 34 JZ?
1644 3222 65 34 JZ?
1893 3221 64 34 JZ?
2144 3221 63 34 JZ?
2391 3221 64 35 JZ?

279 3303 60 40 In
374 3314 103 30 one
514 3309 248 38 moment
796 3305 67 42 he
896 3316 112 31 was
1044 3307 99 40 out
1175 3303 53 44 of
1252 3305 150 52 sight
1425 3305 104 40 and
1557 3306 53 39 in
1637 3303 237 42 another
1896 3305 65 40 he
1985 3315 110 30 was
2119 3302 136 43 back
2279 3303 178 51 again.

236 3392 111 42 Can
382 3403 107 41 you
524 3394 68 40 do
626 3394 124 40 that
774 3394 26 42 ?
893 3395 66 42 he
994 3392 167 45 asked
1197 3394 94 42 the
1327 3395 137 41 Lord
1501 3394 245 43 Buddha.
1893 3400 65 36 JZ>

272 3481 109 42 The
415 3481 112 45 God
562 3481 193 45 smiled
792 3484 106 40 and
932 3485 305 50 answered,
1329 3483 163 43 Come
1524 3485 134 42 with
1710 3494 84 32 me
1848 3484 214 42 outside
2116 3484 96 42 the
2263 3481 187 45 Palace
