2626 3888
791 335 407 57 EURIPIDES
1230 331 104 50 AT
1364 327 315 53 FIESOLE

2358 326 68 56 63

119 451 98 39 the
255 446 189 44 sacred
480 443 166 46 flame
680 447 136 42 with
852 460 30 30 a
919 449 102 41 box
1055 443 55 46 of
1141 457 118 30 wax
1294 442 263 43 matches.
1588 439 96 43 We
1718 444 145 33 were
1898 434 134 42 hurt
2067 433 212 53 beyond
2333 432 64 41 de-

122 538 288 54 scription.
445 538 212 43 Vesta's
693 540 193 53 taking
920 541 94 40 the
1045 540 156 52 place
1235 536 55 43 of
1322 537 96 41 the
1454 529 184 47 Vestal
1676 529 188 52 Virgin
1884 527 14 42 I

222 631 109 43 The
365 628 343 52 responsible
743 631 335 42 authorities
1112 639 144 30 were
1291 636 150 32 more
1474 617 301 50 successful
1811 620 55 40 in
1902 617 222 52 getting
2147 614 98 42 the
2269 613 159 43 ruins

122 722 194 54 alight.
342 721 96 43 We
463 721 89 41 did
581 722 96 40 not
708 733 93 30 see
837 721 120 42 how
984 721 44 41 it
1052 730 111 32 was
1198 719 140 40 done
1374 716 103 42 and
1511 714 103 43 felt
1637 714 124 41 that
1783 711 134 52 they
1940 719 147 31 were
2114 705 314 54 improving

125 824 32 30 a
207 811 166 43 little.
407 810 151 43 Then
594 823 83 30 we
712 813 203 50 caught
961 810 152 53 sight
1145 806 56 45 of
1233 819 68 30 an
1342 804 206 45 official
1595 802 236 44 fireman
1882 800 57 43 In
1992 797 226 51 shining
2268 792 160 45 black

127 901 209 44 helmet
369 901 304 54 patrolling
707 904 53 39 in
795 904 97 39 the
927 913 144 30 rear.
1106 899 250 42 Another
1386 895 202 45 shock!

122 1003 68 34 JS?
227 992 430 56 Unfortunately
693 994 156 41 there
886 1003 144 31 were
1065 1001 161 41 many
1262 988 146 40 little
1441 984 198 44 details
1673 983 55 44 of
1760 983 115 43 this
1910 984 120 42 sort
2052 981 58 41 to
2140 978 180 43 which
2358 987 69 33 no

125 1086 244 49 thought
405 1086 100 40 had
542 1086 136 40 been
713 1084 182 52 given.
919 1084 158 50 Why,
1106 1078 87 43 for
1228 1081 270 47 instance,
1529 1084 147 32 were
1710 1074 103 41 odd
1850 1073 310 51 spectators
2193 1067 230 45 allowed

124 1178 60 40 to
218 1175 211 41 ramble
464 1177 169 41 about
669 1177 52 39 in
758 1177 92 38 the
901 1172 254 52 adjacent
1202 1167 290 49 landscape
1540 1166 252 49 showing
1839 1161 332 44 themselves
2222 1161 203 43 behind

125 1267 97 41 the
257 1267 185 41 actors
478 1267 55 40 in
566 1267 97 40 the
697 1266 122 51 play
838 1263 26 42 ?
897 1263 136 50 Why
1082 1270 146 32 were
1262 1258 94 40 the
1390 1255 313 53 ponderous
1753 1252 209 43 marble
2010 1252 192 51 pillars
2236 1249 56 45 of
2329 1251 96 42 the

125 1356 191 53 palace
350 1366 60 31 so
444 1355 354 42 constructed
849 1352 125 40 that
1021 1350 157 39 when
1214 1347 133 49 they
1381 1355 145 32 were
1559 1342 208 43 shaken
1804 1343 159 41 down
2000 1343 67 53 by
2100 1343 98 41 the
2242 1341 183 42 wrath

129 1446 56 42 of
217 1449 96 39 the
348 1448 132 50 gods
511 1445 135 51 they
683 1442 264 49 bounced,
980 1439 227 42 boomed
1245 1434 276 53 hollowly,
1543 1434 170 42 broke
1743 1442 139 41 open
1910 1434 105 39 and
2042 1431 85 53 lay
2151 1430 276 44 scattered

129 1534 112 44 like
290 1534 234 52 packing
572 1543 149 32 cases
758 1533 52 39 in
845 1543 30 28 a
910 1529 224 51 railway
1165 1524 298 44 collision?
1494 1525 139 51 Why
1666 1531 145 32 were
1845 1531 82 32 we
1976 1520 230 43 allowed
2241 1523 60 39 to
2335 1530 92 32 see

129 1627 98 39 the
257 1627 103 49 god
398 1625 54 40 in
487 1624 97 39 the
622 1622 245 40 machine
900 1615 320 54 frantically
1253 1614 235 53 tugging
1513 1614 59 41 at
1593 1613 97 40 the
1724 1611 135 42 wire
1893 1611 177 41 which
2108 1611 197 41 caused
2330 1609 97 42 the

128 1712 259 43 downfall
409 1712 26 40 ?
468 1712 137 51 Why
640 1721 109 30 was
784 1712 98 38 not
917 1709 94 40 the
1045 1708 287 41 orchestra
1362 1703 259 54 properly
1654 1702 262 43 screened
1953 1699 79 43 off
2049 1700 27 42 ?
2110 1700 187 43 ....But
2345 1708 83 33 we

128 1802 157 43 could
322 1804 231 40 exhaust
588 1813 30 30 a
650 1799 197 54 golden
882 1799 295 41 afternoon
1212 1796 196 52 asking
1440 1796 143 52 why,
1616 1793 145 53 why,
1794 1793 127 51 why
1941 1793 27 41 ?

947 1858 8 9 /

125 1900 65 35 jg?
224 1890 223 54 Briefly,
480 1892 96 41 the
609 1890 380 53 performance
1024 1898 110 31 was
1168 1884 220 53 lacking
1430 1884 372 54 everywhere.
1836 1882 111 42 The
1983 1881 201 43 chorus
2234 1878 191 45 moved

124 1981 201 55 jerkily
358 1982 104 41 and
499 1992 143 31 were
678 1977 402 54 insufficiently
1115 1976 217 43 trained
1358 1976 56 42 in
1440 1976 148 41 their
1621 1975 126 50 part
1770 1972 55 43 of
1847 1973 97 42 the
1977 1981 314 43 ceremony.
2315 1970 112 41 The

127 2076 266 41 entrance
428 2071 54 43 of
516 2074 94 40 the
645 2074 155 49 stage
834 2071 265 51 populace
1132 2080 113 29 was
1280 2066 160 53 badly
1475 2065 286 52 managed;
1793 2064 147 53 They
1974 2062 89 42 did
2115 2064 99 40 not
2263 2061 164 42 know

127 2166 152 41 what
309 2166 60 40 to
419 2165 67 41 do
536 2164 105 40 and
690 2163 157 41 stood
899 2161 171 41 about
1102 2158 225 52 looking
1356 2155 235 43 feckless
1640 2155 106 42 and
1797 2155 277 52 unhappy.
2109 2154 175 43 When
2329 2152 98 42 the

125 2255 248 41 thunder
406 2253 204 42 rattled
647 2253 104 40 and
787 2251 95 41 the
915 2249 187 52 palace
1138 2248 229 42 cracked
1403 2246 241 42 asunder
1675 2245 106 42 and
1818 2244 107 43 lost
1949 2245 72 41 its
2048 2245 220 41 cornice
2291 2243 136 53 they

132 2354 99 32 ran
268 2356 149 39 away
456 2345 97 39 not
576 2353 59 31 as
660 2340 39 42 if
723 2342 55 39 in
804 2343 156 48 great
994 2342 182 38 terror
1211 2338 99 39 but
1343 2347 59 30 as
1435 2334 42 42 if
1508 2335 135 52 they
1675 2345 146 31 were
1855 2333 299 52 swarming
2185 2333 243 42 without

133 2434 185 42 undue
355 2434 156 41 haste
543 2434 60 40 to
638 2442 91 30 see
763 2443 30 28 a
826 2432 105 49 dog
961 2428 149 52 fight
1141 2438 63 31 or
1237 2439 29 28 a
1299 2427 179 42 street
1511 2424 272 42 accident.

227 2522 109 42 The
370 2522 277 41 costumes
683 2519 187 41 lacked
905 2516 381 52 imagination.
1309 2514 145 52 They
1485 2523 145 32 were
1666 2513 133 42 drab
1828 2514 105 40 and
1960 2511 114 43 dull
2112 2512 106 42 and
2256 2522 171 33 never

129 2612 296 52 suggested
463 2611 94 41 the
591 2612 284 50 garments
909 2606 55 43 of
998 2606 187 51 people
1221 2607 120 39 who
1374 2605 141 40 lived
1550 2605 54 39 in
1640 2615 32 30 a
1704 2613 184 44 sunny
1921 2602 146 44 land.
2298 2612 14 8 -
2361 2610 66 35 &

229 2701 111 42 The
374 2701 145 42 limit
543 2699 55 43 of
622 2700 288 51 absurdity
934 2709 112 30 was
1069 2697 231 41 reached
1336 2696 158 41 when
1519 2695 96 40 the
1642 2693 324 53 biquitous
1990 2693 198 41 waiter
2211 2691 213 43 walked

130 2793 177 41 round
344 2793 95 39 the
473 2790 179 42 inside
687 2787 56 44 of
774 2790 96 41 the
905 2789 123 50 ring
1060 2786 201 51 selling
1285 2784 222 52 packets
1531 2781 55 45 of
1609 2786 198 40 sweets
1842 2785 106 41 and
1985 2793 233 40 oranges
2244 2785 58 38 to
2326 2781 99 42 the

189 2884 298 51 patricians
581 2880 200 52 sitting
804 2890 68 31 on
899 2881 95 39 the
1028 2876 168 44 lower
1228 2878 150 49 steps
1402 2876 54 41 of
1480 2874 94 42 the
1607 2874 431 52 amphitheatre.
2060 2873 110 41 The
2195 2871 232 52 tragedy

133 2983 110 30 was
279 2973 55 40 in
367 2969 104 43 full
505 2972 177 49 swing
713 2973 59 38 at
805 2972 94 38 the
934 2969 154 48 time,
1125 2969 99 38 but
1257 2968 94 39 the
1386 2965 192 41 waiter
1623 2964 217 42 seemed
1893 2960 274 55 blissfully
2217 2970 175 32 uncon-

134 3060 181 44 scious
340 3060 123 41 that
486 3072 29 29 a
539 3059 122 54 play
694 3071 108 29 was
835 3058 393 53 proceeding...
1252 3055 104 41 and
1383 3055 124 41 that
1540 3054 85 41 his
1659 3050 282 45 coat-tails
1973 3050 216 52 flapped
2226 3049 199 43 almost

133 3152 56 41 in
223 3152 97 39 the
353 3148 146 43 faces
532 3149 54 42 of
618 3161 149 30 some
802 3148 55 42 of
887 3149 96 41 the
1017 3148 221 42 chorus.

232 3241 109 42 The
389 3237 266 53 principal
706 3242 181 39 actors
920 3236 167 53 spoke
1124 3236 144 51 well,
1300 3237 100 41 but
1433 3236 130 53 they
1596 3233 283 54 employed
1915 3233 98 43 the
2049 3232 157 43 usual
2249 3231 176 44 tricks

130 3332 107 42 and
274 3341 190 42 graces
497 3330 106 40 and
638 3327 440 45 over-elaborate
1129 3330 270 49 gestures.
1433 3326 111 42 The
1595 3337 123 30 man
1769 3325 122 43 who
1940 3326 158 42 acted
2151 3326 274 51 Dionysus

133 3421 105 42 had
275 3431 31 31 a
340 3417 244 54 glorious
622 3420 154 41 voice
825 3420 104 41 and
981 3417 131 44 used
1148 3416 45 42 it
1226 3416 145 45 well.
1405 3416 106 43 But
1558 3428 105 30 one
1712 3415 196 53 longed
1958 3414 89 44 for
2093 3416 97 41 the
2240 3415 183 52 Pagan

134 3509 163 53 Deity
329 3511 59 40 to
423 3520 151 31 come
623 3509 159 42 down
834 3506 220 45 himself
1102 3508 104 41 and
1257 3506 180 43 infuse
1472 3518 30 30 a
1535 3505 149 44 little
1724 3505 55 44 of
1816 3506 96 43 the
1960 3505 114 43 real
2126 3505 297 53 Dionysian
