2626 3888
190 300 63 49 56

891 299 421 53 EUROPEAN
1340 299 481 53 DEPRESSION

283 404 112 43 And
430 405 45 42 it
506 405 47 43 is
587 405 127 54 only
757 407 227 42 because
1020 405 54 43 of
1106 418 66 31 an
1210 406 232 42 unusual
1492 404 376 59 Depression
1921 409 176 43 which
2146 412 205 51 weighs
2396 426 56 32 so

183 492 216 55 heavily
430 505 69 32 on
536 505 62 32 us
630 496 165 51 today
827 496 123 42 that
980 508 104 40 you
1121 496 154 41 catch
1312 498 57 39 at
1401 496 95 42 the
1531 498 204 40 chance
1760 498 65 41 he
1849 498 170 43 offers
2039 510 107 42 you
2170 501 59 42 to
2253 501 199 47 relieve

178 594 138 42 your
345 583 288 53 feelings...
665 586 57 41 to
757 584 250 52 applaud.

279 672 45 43 If
354 673 112 44 this
499 675 168 42 world
703 686 145 33 were
882 687 149 32 more
1065 674 231 55 Joyful...
1321 675 39 44 if
1383 675 109 44 like
1528 678 204 42 Nature
1756 689 80 31 we
1859 679 158 42 could
2043 679 134 43 wait
2198 682 103 42 and
2328 686 124 40 wait

179 763 133 42 with
348 762 165 44 belief
524 766 71 50 .in
632 764 93 42 the
759 760 160 47 final
950 766 284 41 ascension
1260 766 54 41 of
1336 766 71 43 all
1431 767 207 52 things,
1671 768 133 42 then
1827 779 107 42 you
1958 769 180 44 would
2164 771 133 43 wait
2319 773 131 43 with

379 824 13 12 *

179 863 85 31 me
298 863 134 31 even
468 863 58 31 as
559 854 17 40 I
612 853 235 51 promise
877 865 106 41 you
1020 854 17 41 I
1072 853 137 43 shall
1244 854 198 55 always
1476 857 132 41 wait
1639 857 134 41 with
1807 868 126 41 you.

274 942 108 41 You
416 952 92 31 are
542 952 147 32 some
724 941 54 43 of
807 953 105 42 you
964 945 334 52 attempting
1329 947 59 40 to
1421 945 122 53 give
1576 957 68 31 an
1679 947 297 52 ascending
2024 950 210 40 motion
2269 950 56 40 to
2359 951 92 43 the

176 1030 186 52 things
410 1041 107 42 you
557 1030 173 44 10ve...
766 1033 55 41 to
856 1033 270 55 painting,
1166 1037 57 38 to
1271 1033 390 55 architecture,
1695 1037 57 41 to
1803 1037 192 52 music,
2018 1039 108 40 and
2160 1039 98 40 the
2293 1040 159 44 other

175 1120 226 52 magical
437 1121 204 52 things,
674 1122 40 52 (I
763 1124 225 40 wonder
1034 1122 40 44 if
1106 1125 19 41 I
1161 1125 368 55 exaggerate),
1562 1127 105 41 and
1702 1126 179 42 which
1931 1139 131 30 ever
2094 1139 105 32 one
2249 1126 55 45 of
2349 1141 102 41 you

172 1223 129 42 goes
331 1210 256 51 farthest,
620 1211 158 43 takes
813 1214 235 51 longest;
1082 1214 19 43 I
1136 1214 111 43 will
1281 1216 132 42 wait
1444 1215 86 43 for
1563 1219 104 39 and
1702 1218 134 42 with
1876 1218 129 43 him.

268 1300 123 45 Will
423 1313 105 42 you
565 1303 98 40 not
696 1303 64 40 do
795 1303 113 42 this
938 1301 85 44 for
1058 1315 82 31 me
1175 1307 91 39 too
1286 1304 27 43 ?

274 1392 18 40 I
327 1402 174 30 swear
534 1393 122 39 that
689 1393 17 39 i
740 1392 139 42 shall
914 1393 135 42 have
1082 1395 178 41 raised
1294 1394 95 42 the
1422 1394 234 45 Theatre
1705 1399 98 40 not
1851 1408 105 31 one
2005 1397 127 43 inch
2184 1409 62 31 or
2296 1411 156 43 many

169 1478 208 53 inches,
410 1482 100 40 but
543 1477 107 47 out
682 1478 75 47 of
778 1478 80 46 its
891 1479 174 60 Body
1096 1481 185 44 before
1322 1484 18 41 I
1374 1484 137 42 shall
1548 1487 104 41 die.

273 1569 18 41 I
324 1580 83 30 am
444 1569 164 53 doing
640 1571 124 40 that
796 1571 70 40 all
900 1572 93 41 the
1028 1572 134 42 time
1201 1585 57 30 as
1294 1575 16 40 I
1345 1576 160 48 stoop
1540 1576 134 40 bent
1705 1585 131 33 over
1869 1576 74 43 Its
1976 1578 279 51 prostrate
2295 1578 157 49 form.

179 1657 96 42 Let
305 1657 94 42 the
434 1657 231 47 Realists
698 1660 54 39 in
790 1658 110 44 Life
934 1671 58 31 as
1025 1660 122 42 well
1181 1674 57 29 as
1271 1661 57 42 in
1362 1661 102 43 Art
1498 1663 163 42 listen
1698 1666 57 41 to
1789 1666 149 41 what
1975 1667 14 40 I
2025 1677 124 32 now
2183 1679 113 42 say.

272 1746 133 42 Hold
442 1747 141 42 close
616 1750 58 40 to
707 1750 97 40 the
856 1751 202 51 80dy...
1106 1750 259 54 thinking
1407 1755 57 39 to
1509 1754 181 41 reveal
1742 1755 94 42 the
1884 1756 131 42 Soul
2062 1757 244 52 through
2356 1760 91 43 the

169 1836 251 53 holding;
454 1839 143 42 raise
630 1840 94 41 the
758 1840 146 52 Body
942 1842 93 40 the
1077 1842 317 42 traditional
1446 1845 202 43 inch..,,
1681 1846 262 42 continue
1977 1849 57 40 to
2070 1849 66 42 do
2168 1860 138 35 50....
2344 1851 101 42 and

165 1926 60 41 to
251 1925 78 43 let
363 1928 42 40 it
428 1925 94 43 fall
557 1929 178 51 again.
762 1929 75 42 Do
862 1931 98 40 not
994 1942 154 30 cease
1178 1929 140 44 from
1354 1934 111 41 this
1498 1931 205 45 frantic
1736 1939 103 38 and
1876 1938 346 51 purposeless
2246 1940 201 54 parody

164 2015 54 43 of
239 2015 147 43 Time
420 2018 103 39 and
557 2019 187 50 Space.

268 2105 15 40 I
316 2104 138 42 shall
490 2105 137 42 steal
665 2107 92 42 the
790 2107 128 42 Soul
945 2107 54 43 of
1021 2109 94 42 the
1149 2109 234 43 Theatre
1418 2113 104 41 and
1548 2114 16 40 I
1591 2112 137 43 shall
1764 2114 155 43 leave
1950 2117 126 42 that
2109 2118 113 42 real
2260 2131 185 40 corpse

166 2194 55 41 In
255 2207 138 41 your
426 2197 182 51 midst,
644 2198 103 41 and
778 2210 106 40 you
921 2198 137 43 shall
1093 2199 162 42 know
1288 2212 69 32 no
1393 2213 150 32 more
1586 2204 150 42 what
1770 2206 45 42 is
1846 2207 60 42 to
1943 2208 65 41 be
2042 2208 138 42 done
2215 2211 134 42 with
2382 2211 63 44 It.

167 2282 127 44 Like
319 2296 27 29 a
374 2296 237 42 mummy
637 2288 42 40 it
702 2287 136 42 shall
865 2287 155 43 block
1042 2290 93 41 the
1159 2301 311 42 passages...
1503 2291 247 53 frighten
1783 2296 95 41 the
1914 2297 304 45 children...
2243 2301 200 42 sadden

164 2375 94 40 the
294 2375 421 53 middle-aged...
748 2380 103 39 and
889 2381 63 41 be
988 2391 29 31 a
1050 2380 196 53 plague
1277 2394 135 30 even
1448 2386 57 39 to
1539 2385 94 42 the
1670 2386 184 52 dying.

265 2464 184 43 Under
480 2476 138 42 your
649 2477 131 42 very
813 2480 143 41 eyes,
990 2471 103 40 and
1129 2471 239 52 through
1401 2484 141 42 your
1576 2474 193 50 hands,
1806 2479 170 48 guard
2025 2489 107 41 you
2185 2490 168 33 never
2389 2490 56 32 so

165 2551 145 53 well,
333 2552 13 41 1
373 2554 109 40 will
517 2565 141 41 pass,
692 2557 102 41 and
830 2557 56 42 In
923 2570 88 41 my
1042 2559 173 43 hands
1249 2563 93 40 the
1376 2563 130 41 Soul
1542 2564 54 42 of
1627 2566 95 40 the
1757 2568 121 42 Art.
1902 2568 107 42 Out
2033 2569 55 42 of
2108 2582 141 39 your
2282 2573 163 40 midst

2022 2624 10 16 *.

164 2641 19 41 I
218 2641 108 42 will
364 2654 83 42 go,
481 2646 103 40 and
620 2645 124 52 only
777 2648 159 42 when
973 2650 16 40 I
1026 2650 137 42 have
1214 2651 209 44 carried
1459 2654 113 42 this
1605 2657 128 40 Soul
1769 2659 159 48 again
1964 2659 120 43 into
2118 2660 75 44 its
2229 2663 213 42 Heaven

159 2726 87 45 for
278 2731 160 42 those
471 2734 121 41 who
626 2737 150 39 want
828 2738 123 51 it,...
984 2738 126 54 only
1141 2740 134 42 then
1331 2742 109 42 will
1495 2756 125 42 you,
1677 2745 40 42 if
1768 2758 104 42 you
1929 2747 127 44 look
2105 2762 91 41 up,
2248 2754 162 40 under-

157 2820 181 44 stand.

161 2919 56 35 &
259 2912 269 43 Continue
561 2914 133 42 then
730 2917 57 41 to
823 2914 127 45 look
998 2919 178 53 down,
1211 2922 103 41 and
1352 2923 56 41 to
1442 2923 96 42 the
1587 2926 151 49 right
1775 2930 104 39 and
1916 2930 95 43 the
2046 2931 120 51 left,
2201 2935 57 40 to
2307 2931 134 44 click

161 3001 94 40 the
289 3003 206 50 tongue
519 3006 216 49 against
767 3006 95 42 the
896 3008 176 52 teeth,
1093 3011 60 41 to
1173 3010 170 44 shake
1378 3015 92 40 the
1507 3015 197 45 head...
1730 3020 262 42 continue
2017 3022 133 42 with
2177 3022 264 42 decadent

161 3087 114 42 feet
306 3090 57 40 to
399 3090 199 43 shuffle
632 3095 156 42 down
827 3097 165 52 along
1023 3099 96 43 the
1154 3100 258 44 Intricate
1445 3106 222 50 paths...
1699 3109 97 40 the
1830 3110 198 42 double
2064 3111 262 46 shuffle...
2347 3114 92 40 the

160 3176 260 52 religious
456 3192 166 32 nance
658 3184 52 40 of
741 3186 155 43 these
993 3189 124 47 Real
1211 3194 188 51 days...
1434 3195 169 43 dance
1646 3198 113 41 this
1793 3200 56 42 to
1883 3213 141 40 your
2071 3215 122 32 own
2245 3203 193 44 idols...

152 3269 57 40 to
235 3267 385 56 yourselves.

157 3366 65 36 &
258 3359 143 42 With
438 3363 265 42 decadent
735 3377 125 40 eyes
893 3378 129 41 gaze
1058 3369 108 44 like
1201 3374 169 42 moles
1404 3377 60 40 at
1496 3377 96 43 the
1642 3379 188 45 brown
1879 3383 159 42 earth
2090 3384 144 43 until
2282 3386 155 41 those

161 3449 105 39 two
302 3446 107 44 last
442 3452 146 40 tears
623 3452 54 41 of
708 3454 96 41 the
837 3457 117 40 sou!
990 3459 219 43 become
1244 3462 277 45 darkened
1557 3468 105 42 and
1698 3469 174 44 dried.
