2626 3888
205 348 203 68 THE
484 348 450 81 RUSSIAN
1015 350 412 68 BALLET

1510 350 117 86 by
1716 350 356 68 Gordon
2181 352 287 89 Craig.

397 519 175 47 leave
607 520 317 47 ourselves
956 524 64 43 at
1050 522 178 45 home
1268 522 164 45 when
1495 534 78 33 we
1620 536 88 45 go
1761 523 61 46 to
1878 523 100 47 the
2041 524 256 47 Theatre
2321 539 14 39 ;
2389 538 80 33 we

330 608 171 46 there
536 621 308 34 renounce
880 611 99 44 the
1013 611 172 58 right
1216 611 60 45 to
1312 623 119 33 our
1461 623 129 33 own
1616 611 230 59 tongue
1872 613 123 46 and
2015 613 226 52 choice,
2267 613 62 47 to
2354 626 121 34 our

189 694 170 56 taste,
391 697 124 46 and
545 711 149 33 even
731 698 62 46 to
828 712 119 32 our
973 712 268 46 courage
1275 712 66 33 as
1398 712 77 33 we
1522 713 246 45 possess
1822 702 52 44 it
1919 705 120 43 and
2091 703 272 59 practise
2418 702 51 46 It

193 785 205 47 within
434 800 118 33 our
580 801 128 32 own
744 787 149 47 four
926 787 163 46 walls
1122 788 66 46 in
1224 788 267 47 relation
1529 788 61 47 to
1646 788 136 49 God
1831 791 127 47 and
1985 805 164 33 man.
2197 793 98 47 No
2347 807 117 35 one

188 873 172 46 takes
390 875 97 45 his
519 875 188 45 finest
739 876 151 46 taste
924 877 65 45 in
1023 877 102 45 art
1155 877 130 46 into
1323 877 100 46 the
1459 877 239 47 theatre
1757 880 140 46 with
1952 881 151 55 him,
2151 882 111 46 not
2309 896 155 35 even

186 961 101 47 the
317 964 182 44 artist
534 965 124 46 who
697 967 192 45 works
922 966 105 46 for
1055 966 99 46 the
1190 966 269 54 theatre;
1495 967 172 47 there
1718 981 116 33 one
1868 970 53 46 is
1950 970 246 60 people,
2226 971 239 59 public,

184 1050 174 56 herd,
395 1065 244 43 woman,
673 1055 314 56 Pharisee,
1023 1056 214 59 voting
1267 1056 250 55 animal,
1553 1058 331 56 democrat,
1917 1060 374 59 neighbour,
2339 1061 127 47 and

183 1138 539 57 fellow-creature',
755 1144 172 47 there
961 1158 151 33 even
1148 1147 100 45 the
1270 1152 157 40 most
1437 1148 301 58 personal
1759 1149 358 47 conscience
2138 1150 324 47 succumbs

185 1228 60 48 to
280 1230 101 46 the
414 1230 303 63 levelling
750 1235 206 45 charm
993 1235 72 46 of
1088 1235 100 46 the
1274 1237 185 58 great
1491 1238 327 47 multitude
1943 1239 175 49 there
2157 1242 309 58 stupidity

182 1323 277 55 Operates
482 1335 66 31 as
576 1323 375 47 wantonness
984 1324 126 45 and
1138 1326 364 58 contagion;
1536 1326 174 47 there
1745 1327 101 47 the
1878 1328 359 60 neighbour
2272 1329 188 59 rules,

184 1408 171 47 there
391 1422 114 33 one
541 1415 249 41 becomes
823 1426 34 32 a
889 1413 371 59 neighbour.
2147 1430 65 34 &
2394 1434 66 35 &

1197 1538 14 17 x
1229 1505 343 47 Nietzsche.
1844 1507 219 60 Joyful

547 1647 128 47 OF
734 1649 212 53 ART
1003 1651 226 47 AND
1288 1652 176 46 ITS
1530 1654 566 55 CREATOR.

198 1783 67 42 In
302 1783 103 42 Art
435 1785 158 41 there
630 1789 144 38 must
810 1789 62 40 be
905 1790 219 41 created
1182 1801 67 30 no
1303 1788 204 55 feeling
1561 1790 54 42 of
1667 1793 353 55 disharmony
2071 1798 248 41 between
2358 1801 98 42 the

232 1872 144 52 Body
411 1874 104 41 and
551 1874 94 41 the
678 1874 146 50 Soul,
871 1878 95 51 yet
1017 1878 56 41 in
1124 1879 246 51 creating
1403 1879 102 42 Art
1536 1879 96 42 the
1668 1882 138 52 body
1855 1884 149 41 must
2055 1886 64 42 be
2174 1887 279 52 obedient,

180 1962 144 47 true,
358 1959 223 44 faithful
616 1963 56 41 to
707 1964 93 41 the
832 1964 149 44 Soul.
1155 1976 65 35 &
1403 1978 62 33 &
1647 1980 65 34 &
1892 1981 66 34 &
2138 1983 65 35 &

180 2056 64 34 &
279 2050 45 39 It
358 2050 43 40 is
437 2050 91 41 the
561 2051 131 40 Soul
726 2055 149 39 must
905 2055 187 53 speak,
1126 2058 98 40 but
1257 2058 94 42 the
1385 2058 102 51 lips
1541 2061 149 39 must
1745 2062 96 40 not
1895 2062 63 41 be
2011 2074 131 31 seen
2184 2066 57 42 to
2278 2079 175 42 move,

179 2136 104 41 and
318 2136 97 42 the
448 2138 187 41 throat
669 2142 146 40 must
852 2145 62 39 be
950 2155 57 30 as
1047 2145 171 52 ivory.

178 2235 63 34 &
274 2227 171 41 While
480 2227 45 42 It
560 2229 43 40 is
637 2229 92 41 the
762 2231 133 41 time
932 2231 53 42 of
1018 2234 315 45 Revelation
1368 2248 81 30 we
1484 2236 98 43 ask
1615 2239 93 42 the
1743 2240 148 53 Body
1926 2240 85 43 for
2043 2241 168 45 silent
2235 2248 103 39 and
2364 2246 87 44 in=

178 2315 190 42 visible
401 2319 262 42 service...
697 2321 44 38 it
773 2321 46 41 is
852 2323 93 40 the
978 2323 129 41 Soul
1143 2325 174 42 which
1354 2338 240 33 moves...
1635 2329 254 43 minister
1914 2334 54 39 to
1995 2333 72 42 its
2093 2338 360 43 movements.

178 2413 63 34 &
275 2404 17 40 I
326 2406 99 49 put
476 2417 67 30 no
579 2418 169 42 query
782 2409 152 52 here,
967 2422 101 30 nor
1101 2413 136 42 have
1272 2414 18 41 1
1326 2425 104 42 any
1465 2415 200 43 doubts
1699 2418 194 52 myself
1925 2432 58 30 as
2032 2422 57 42 to
2141 2424 94 41 the
2290 2425 160 44 value

178 2490 53 43 of
278 2493 95 40 the
429 2494 145 53 Body
608 2507 61 30 or
699 2498 96 40 the
828 2499 159 43 value
1022 2499 55 42 of
1129 2502 95 42 the
1279 2503 149 44 Soul.
1642 2517 65 33 &
1888 2518 65 34 &
2137 2521 65 34 j£>
2385 2522 66 36 *&

273 2582 18 40 I
326 2582 175 42 would
559 2585 96 40 not
707 2587 332 44 undervalue
1072 2591 199 44 either.

175 2677 65 34 &
293 2671 105 40 But
462 2671 56 41 In
574 2673 92 42 the
726 2676 245 52 creating
1025 2677 54 43 of
1129 2691 150 32 some
1312 2682 193 52 things
1539 2685 44 40 it
1618 2686 43 42 is
1715 2687 209 41 certain
1975 2688 95 42 the
2118 2690 131 43 Soul
2300 2696 151 41 must

178 2759 62 40 be
274 2761 347 42 subservient
654 2765 57 39 to
744 2765 94 40 the
873 2766 178 52 Body;
1087 2768 53 41 in
1178 2770 93 42 the
1307 2773 243 41 creation
1586 2772 56 42 of
1674 2775 189 42 others
1896 2776 94 42 the
2025 2777 148 54 Body
2207 2784 149 40 must
2389 2794 58 31 as

176 2847 266 53 certainly
477 2851 62 41 be
574 2853 345 42 subservient
952 2857 56 41 to
1040 2857 95 42 the
1167 2859 148 44 Soul.
1350 2862 161 41 What
1558 2874 67 30 an
1676 2862 233 45 alliance
1962 2867 160 42 when
2179 2872 131 41 each
2345 2883 98 33 can

175 2939 135 50 obey
343 2940 92 39 the
470 2940 177 52 other,
683 2941 230 53 keeping
946 2946 72 41 its
1051 2946 228 51 place....
1315 2950 224 53 holding
1572 2951 72 43 its
1679 2964 238 39 peace....
1953 2956 55 42 in
2060 2958 137 43 time
2246 2963 106 40 and
2389 2964 54 41 in

176 3025 132 41 tune
344 3029 54 38 to
433 3029 94 40 the
560 3026 147 45 force
741 3031 54 41 of
828 3034 92 40 the
955 3035 219 46 other...
1207 3039 96 42 the
1338 3040 249 45 Beloved.

174 3120 64 34 &
270 3113 173 43 There
479 3116 41 40 is
557 3128 66 30 no
656 3120 132 41 such
821 3121 163 52 thing
1016 3135 58 30 as
1110 3128 166 40 union
1313 3129 178 42 which
1540 3129 253 44 excludes
1829 3134 327 46 command
2201 3151 61 30 or
2310 3138 105 46 obe-

174 3198 231 48 dience.
440 3204 138 43 Each
613 3206 241 45 honours
906 3212 94 41 the
1036 3214 177 43 other.
1643 3228 62 34 x?

175 3300 62 35 &
271 3293 18 40 1
324 3292 110 41 will
470 3294 127 42 take
632 3297 90 42 the
758 3298 124 43 first
919 3302 83 42 six
1054 3306 273 52 examples
1381 3306 55 44 of
1489 3311 159 49 great
1702 3311 181 43 works
1928 3313 54 42 of
2034 3320 108 40 art.
2196 3318 100 42 See
2349 3321 97 42 the

174 3379 329 52 Pyramid....
534 3384 94 42 the
664 3387 133 40 head
833 3387 53 43 of
919 3388 362 47 Amenemhat
1317 3397 66 39 111
1514 3410 62 29 or
1608 3400 96 40 the
1738 3403 251 52 painting
2023 3403 54 44 of
2099 3407 95 41 the
2220 3407 224 45 Buddha

171 3469 104 41 and
311 3471 91 40 the
437 3469 189 58 Thirty
658 3476 158 42 three
852 3478 293 45 Bosatsous
1183 3485 151 40 made
1370 3487 66 51 by
1469 3487 95 42 the
1597 3490 176 49 priest
1806 3490 210 45 Esshin.
2055 3494 144 44 Look
2246 3497 59 41 at
2348 3497 95 42 the
