2317 3879
769 262 145 27 COURS
951 262 58 26 DU
1045 254 200 35 COLLÈGE
1279 264 57 25 DE
1372 264 169 26 FRANCE

2075 267 74 42 505

152 359 92 38 tion
286 370 123 39 pure.
455 355 71 42 On
568 355 94 40 leur
702 353 197 53 apprend
931 352 281 50 l'harmonie,
1255 355 113 38 mais
1409 367 46 26 ce
1498 355 133 38 serait
1671 367 87 26 une
1797 353 118 41 faute
1968 369 84 38 que
2090 357 62 39 les

149 425 110 40 faire
291 435 146 31 entrer
456 425 112 40 dans
601 423 214 52 l'analyse
837 422 79 40 des
959 426 219 47 systèmes
1218 434 77 27 sur
1317 421 195 52 lesquels
1555 435 56 26 on
1653 437 21 25 a
1714 427 155 48 essayé
1909 423 53 40 de
1998 423 156 42 fonder

151 494 281 40 l'harmonie.
460 493 56 41 Ils
540 494 180 40 doivent
741 492 148 41 savoir
910 498 224 33 comment
1158 489 95 40 leur
1276 498 65 31 art
1359 489 101 40 s'est
1484 490 261 53 développé,
1769 500 40 32 et
1832 496 227 37 connaître
2093 492 61 41 les

150 564 267 51 principales
458 576 19 25 «
502 567 197 48 époques
724 575 19 24 »
783 562 53 39 de
870 574 82 27 son
976 559 230 41 évolution
1229 569 8 38 ;
1283 560 112 38 mais
1429 572 46 27 ce
1511 560 134 39 serait
1683 574 87 26 une
1810 560 119 42 faute
1969 575 84 39 que
2090 561 63 40 les

150 632 195 40 attarder
363 632 112 40 dans
498 645 71 27 ces
591 633 297 39 minutieuses
910 632 214 48 enquêtes
1145 628 108 40 dont
1277 626 150 53 l'objet
1453 636 64 31 est
1540 628 53 39 de
1613 626 105 42 fixer
1735 628 61 41 les
1821 643 156 27 menus
1997 630 157 40 détails

148 699 133 41 d'une
319 700 169 41 théorie
531 698 282 54 scientifique
851 713 55 26 ou
946 698 133 40 d'une
1117 696 282 52 biographie.
1432 694 61 42 Ce
1531 694 106 54 qu'il
1673 696 94 41 leur
1789 696 107 49 faut,
1930 700 103 39 c'est
2072 712 86 26 une

149 769 185 41 histoire
354 769 212 41 musicale
590 777 173 33 surtout
787 767 105 41 faite
924 781 55 26 au
1001 767 125 51 point
1159 766 52 39 de
1234 778 85 27 vue
1343 766 221 50 pratique,
1599 766 280 40 c'est-à-dire
1902 766 252 53 simplifiée,

150 839 204 40 dessinée
393 843 21 35 à
455 839 168 50 grands
665 839 140 48 traits,
844 837 199 39 illustrée
1086 842 174 33 surtout
1292 847 79 38 par
1395 833 76 40 des
1495 833 224 52 exemples
1758 837 398 50 caractéristiques.

150 905 86 42 Les
260 907 115 40 rôles
400 915 99 32 sont
535 907 113 39 donc
682 913 243 32 nettement
950 903 241 40 distribués
1213 918 7 25 :
1255 902 57 48 là,
1354 902 77 39 des
1459 901 154 41 études
1636 902 108 41 dont
1776 902 147 53 l'objet
1954 905 204 50 pratique

150 976 110 40 n'est
281 976 158 51 jamais
460 975 139 52 perdu
620 974 52 40 de
688 987 101 35 vue,
811 982 41 31 et
876 979 57 35 où
956 971 217 42 l'histoire
1196 971 113 40 n'est
1328 969 136 54 qu'un
1483 971 297 51 complément
1797 971 158 41 discret
1974 972 53 39 de
2061 970 95 43 l'art

152 1058 83 38 pur
260 1059 8 33 ;
304 1045 69 46 ici,
394 1044 76 40 des
490 1043 156 41 études
670 1049 57 35 où
752 1041 97 41 l'art
873 1042 111 40 n'est
1007 1042 215 49 envisagé
1246 1053 85 39 que
1351 1040 112 39 dans
1488 1053 69 26 ses
1580 1047 204 44 rapports
1803 1053 102 26 avec
1925 1039 39 40 la
1989 1041 169 38 science

152 1122 41 31 et
211 1126 103 27 avec
334 1112 40 40 la
395 1114 69 39 vie
488 1112 180 42 sociale.
690 1110 71 42 On
780 1112 133 40 serait
934 1110 282 41 embarrassé
1236 1123 113 39 pour
1368 1110 94 38 dire
1485 1108 145 52 lequel
1655 1108 51 40 de
1731 1121 70 27 ces
1824 1108 112 40 deux
1960 1108 114 40 rôles
2097 1115 64 32 est

154 1181 38 40 le
213 1181 99 51 plus
336 1181 133 40 beau.

206 1249 198 42 L'arrêté
438 1250 58 40 du
526 1264 43 26 12
595 1249 256 53 septembre
893 1251 96 49 1871
1018 1249 149 39 donna
1203 1246 278 42 satisfaction
1505 1251 21 35 à
1568 1246 239 40 Ambroise
1848 1244 213 41 Thomas.
2098 1244 63 40 Le

154 1317 255 54 professeur
432 1323 180 35 nommé
644 1332 112 38 pour
795 1326 111 32 cette
942 1317 148 40 chaire
1126 1316 294 52 d'esthétique
1458 1324 40 31 et
1521 1314 231 41 d'histoire
1785 1313 63 41 fut
1888 1313 270 41 Barbereau.

152 1387 254 40 Barbereau
430 1388 106 39 était
555 1391 54 35 né
632 1400 53 27 en
714 1401 102 38 1799
842 1401 8 33 *,
874 1386 28 39 il
924 1385 199 40 débutait
1142 1385 114 40 donc
1280 1388 22 35 à
1325 1399 47 37 72
1399 1386 94 37 ans!
1521 1383 140 52 Après
1695 1398 59 25 un
1778 1397 55 26 an
1854 1380 250 52 d'exercice,
2132 1381 27 41 il

152 1456 77 40 dut
248 1456 344 40 démissionner.
620 1455 32 40 Il
689 1465 72 30 eut
786 1468 112 39 pour
923 1467 259 28 successeur
1208 1451 186 42 Gautier
1419 1450 290 55 (1872-1878),
1746 1452 242 54 professeur
2010 1449 122 41 d'har-

152 1524 142 40 monie
318 1531 37 33 et
394 1522 453 56 d'accompagnement
868 1521 178 55 (depuis
1090 1522 137 51 1864),
1253 1524 191 50 premier
1477 1522 94 51 prix
1596 1521 53 39 de
1681 1521 151 39 violon
1874 1533 54 27 en
1977 1521 116 50 1838,
2119 1527 41 32 et

154 1594 163 40 second
345 1595 92 50 prix
458 1594 54 39 de
534 1593 141 41 Rome
699 1606 53 26 en
776 1595 99 47 1842
903 1606 9 34 ;
935 1604 81 28 son
1041 1591 97 40 titre
1159 1591 53 39 de
1237 1603 19 25 «
1278 1592 187 50 critique
1502 1589 184 40 musical
1710 1589 110 40 dans
1853 1589 145 39 divers
2037 1589 95 50 jour-

154 1676 115 26 naux
294 1675 19 24 »
355 1663 118 39 avait
506 1661 231 53 beaucoup
782 1659 231 43 contribué
1046 1664 21 35 à
1107 1660 38 40 le
1180 1658 110 41 faire
1322 1672 218 27 nommer.
1568 1656 141 54 Après
1732 1671 69 26 ces
1827 1658 144 39 divers
1994 1657 156 46 essais,

153 1739 128 43 parut
318 1731 38 39 le
398 1731 194 40 titulaire
616 1730 158 50 actuel,
799 1728 63 40 M.
889 1727 557 53 Bourgault-Ducoudray,
1473 1731 21 36 à
1522 1727 37 39 la
1585 1726 84 40 fois
1707 1728 151 38 artiste
1896 1735 40 31 et
1984 1733 172 38 savant,

155 1801 305 50 compositeur
479 1799 54 40 de
556 1800 193 51 premier
771 1798 145 48 ordre,
951 1797 242 52 possédant
1231 1805 144 32 toutes
1411 1796 62 40 les
1516 1796 191 51 qualités
1740 1796 270 38 nécessaires
2031 1797 21 35 à
2073 1806 86 26 une

153 1867 197 41 fonction
380 1868 53 40 de
456 1881 47 27 ce
525 1881 152 38 genre.
705 1867 37 40 A
783 1868 93 39 vrai
912 1866 109 48 dire,
1063 1879 47 26 ce
1145 1879 129 26 cours
1314 1879 21 25 a
1376 1869 67 36 été
1488 1865 113 39 suivi
1636 1876 122 27 assez
1793 1863 253 51 longtemps
2081 1876 77 37 par

154 1936 77 40 des
254 1950 111 37 gens
391 1936 58 40 du
474 1937 163 39 monde
659 1936 100 52 plus
800 1949 84 38 que
925 1949 79 38 par
1040 1935 62 38 les
1144 1934 144 40 élèves
1328 1933 53 40 de
1413 1931 181 49 l'Ecole,
1630 1933 208 38 soucieux
1879 1939 131 31 avant
2061 1938 93 32 tout

154 2004 295 53 d'apprendre
472 2005 95 40 leur
601 2006 154 38 métier
778 2004 53 40 de
870 2004 325 51 compositeurs
1217 2015 55 27 ou
1303 2001 53 40 de
1392 2002 254 51 praticiens,
1666 2008 40 31 et
1730 2013 122 26 assez
1876 1999 280 49 dédaigneux

155 2074 115 39 delà
307 2074 287 51 philosophie
634 2087 56 26 ou
714 2073 54 39 de
791 2072 253 40 l'érudition
1062 2086 8 33 ;
1112 2071 52 39 de
1198 2070 116 52 plus,
1337 2070 62 39 les
1436 2070 253 39 exécutions
1712 2067 175 41 vocales
1919 2076 40 31 et
1995 2068 139 39 instru-

154 2142 215 40 mentales
404 2157 26 37 y
467 2144 199 38 tiennent
707 2154 85 27 une
836 2140 123 52 place
999 2139 355 52 prépondérante
1387 2147 40 30 et
1479 2138 61 39 lui
1580 2137 198 39 donnent
1820 2149 87 26 une
1945 2135 214 40 tendance

157 2215 212 48 marquée
408 2224 100 26 vers
552 2210 40 40 la
628 2224 20 24 «
668 2210 145 40 classe
854 2207 276 41 d'ensemble
1155 2220 37 26 ».
1221 2206 62 40 Le
1309 2211 203 47 progrès,
1535 2204 102 41 c'est
1680 2218 85 38 que
1808 2204 38 39 le
1873 2204 198 51 principe
2107 2203 53 39 de

157 2279 300 51 l'obligation,
497 2279 96 52 déjà
629 2277 192 42 formulé
858 2291 54 26 en
954 2279 99 49 1892
1095 2276 111 40 dans
1246 2290 59 25 un
1342 2275 140 51 projet
1523 2274 53 39 de
1610 2273 371 50 réorganisation,
2006 2272 58 39 ait
2094 2275 67 36 été

157 2352 270 37 récemment
447 2350 174 50 imposé
639 2362 83 25 aux
754 2347 146 40 élèves
944 2345 78 40 des
1053 2345 165 40 classes
1262 2344 53 40 de
1357 2344 298 50 composition
1693 2350 40 31 et
1770 2341 25 39 d
1815 2338 234 42 harmonie
2075 2354 7 33 ;
2122 2339 37 39 la

155 2417 155 40 lacune
346 2415 39 55 (à
408 2427 126 31 notre
555 2418 123 51 point
702 2416 53 40 de
776 2417 117 48 vue),
921 2415 106 39 c'est
1066 2427 100 38 que,
1193 2426 113 39 pour
1342 2410 187 54 justifier
1561 2419 110 31 cette
1711 2423 189 33 mesure,
1925 2409 38 39 le
1984 2407 150 53 profes-

157 2500 101 26 seur
281 2494 65 32 est
366 2484 167 52 obligé,
559 2499 54 26 en
635 2493 126 32 vertu
781 2484 335 40 d'instructions
1141 2481 240 49 officielles,
1416 2480 53 39 de
1493 2480 157 39 laisser
1669 2478 52 40 de
1745 2481 95 37 côté
1874 2486 94 32 tout
1991 2490 46 27 ce
2067 2478 92 50 qui,

157 2556 111 38 dans
292 2555 11 39 l
323 2554 185 40 histoire
540 2555 54 39 de
618 2554 38 39 la
682 2554 223 51 musique,
929 2560 65 32 est
1018 2564 105 27 sans
1156 2558 182 45 rapport
1363 2549 135 40 direct
1532 2561 103 26 avec
1670 2548 63 39 les
1757 2546 152 41 études
1935 2547 226 51 pratiques

156 2624 58 39 du
239 2622 360 42 Conservatoire.
639 2622 68 40 En
743 2634 188 35 somme,
967 2621 39 39 le
1039 2632 288 40 programme
1375 2625 234 44 purement
1644 2616 249 51 historique
1923 2623 41 30 et
1988 2614 151 39 scienti-

158 2690 121 54 fique
321 2697 118 35 tracé
477 2706 80 38 par
580 2690 240 41 Ambroise
849 2690 201 40 Thomas
1091 2688 69 41 n'a
1203 2701 81 39 pas
1326 2691 67 35 été
1428 2695 41 31 et
1504 2699 53 26 ne
1593 2685 145 39 devait
1781 2696 79 39 pas
1901 2686 90 37 être
2027 2682 131 39 suivi.

213 2760 184 53 Voyons
417 2761 113 40 donc
555 2761 279 39 maintenant
854 2771 45 28 ce
922 2760 75 50 qui
1022 2773 22 25 a
1080 2761 67 37 été
1171 2756 77 40 fait
1270 2756 112 40 dans
1421 2756 11 38 1
1451 2754 352 49 Enseignement
1844 2752 230 50 supérieur
2109 2749 53 38 de

158 2827 300 52 l'Université,
486 2836 56 34 où
565 2829 229 40 l'Histoire
816 2828 54 40 de
891 2828 39 39 la
955 2829 223 50 musique,
1207 2825 101 40 telle
1329 2838 86 38 que
1437 2837 111 27 nous
1578 2822 38 40 la
1643 2832 309 40 comprenons,
1977 2826 66 32 est
2067 2821 21 35 à
2112 2830 47 26 sa

156 2900 122 39 vraie
300 2899 144 51 place.
475 2897 127 42 Nous
627 2911 165 27 aurons
817 2901 21 36 à
863 2897 197 52 reparler
1083 2896 52 39 de
1159 2895 40 40 la
1220 2893 305 41 contribution
1546 2892 58 39 du
1626 2888 358 46 Conservatoire,
2011 2885 148 52 quand

157 2980 114 28 nous
295 2980 113 28 nous
432 2980 274 38 occuperons
729 2966 77 40 des
832 2965 214 41 Concerts
1069 2965 173 40 donnés
1263 2977 79 39 par
1361 2962 40 39 la
1426 2960 165 40 Société
1614 2960 74 50 qui
1709 2965 125 44 porte
1855 2969 80 27 son
1956 2967 120 27 nom.

1478 3070 135 55 JULES
1646 3070 289 40 COMBARIEU.

384 3168 55 52 (A
464 3169 176 51 suivre.)

272 3668 41 32 R.
341 3668 47 32 M.

1997 3664 38 31 >7
