2319 3774
410 216 235 36 QUELQUES
678 220 196 28 OEUVRES
906 220 249 32 MUSICALES
1193 215 270 40 RÉCEMMENT
1493 218 165 43 JOUÉES
1693 233 22 24 A
1748 232 126 28 PARIS

2137 271 0 0 491

257 369 291 55 Quelques
583 382 232 31 œuvres
845 373 312 42 musicales
1189 377 353 41 récemment
1564 379 44 51 j
1621 380 136 40 ouées
1790 380 30 40 à
1847 382 182 41 Paris.

203 507 39 33 I°
266 500 183 41 Concert
475 503 275 42 Lamonreux
756 536 7 8 .
780 528 52 5 —
851 504 62 42 LA
939 520 19 21 «
979 505 268 44 SYMPHONIE
1272 525 287 27 PASTORALE»
1584 528 55 25 DE
1663 513 286 44 BEETHOVEN.
1976 541 16 4 -
2014 517 130 43 Nulle

143 577 97 44 part
281 571 181 40 ailleurs
524 572 256 42 Beethoven
823 575 69 40 n'a
945 578 146 38 mieux
1128 583 175 35 montré
1363 580 204 41 combien
1620 583 27 39 il
1688 586 104 39 était
1834 585 211 42 l'homme
2087 588 56 40 du

143 653 103 24 XVIII
288 640 145 50 siècle,
461 654 88 27 non
571 643 249 41 seulement
854 658 78 38 par
955 645 39 39 la
1021 647 138 39 lorme
1184 647 223 52 classique
1424 649 51 40 de
1509 663 46 26 sa
1592 654 313 49 composition,
1931 658 113 38 mais
2069 672 77 36 par

139 707 38 39 le
199 708 241 41 sentiment
463 719 40 31 et
528 725 80 37 par
628 711 128 41 l'idée
795 712 108 52 qu'il
928 726 45 27 se
1009 712 76 42 fait
1109 714 53 40 de
1203 717 216 40 certaines
1444 718 172 40 choses.
1639 719 71 49 Ici,
1738 721 28 40 il
1803 731 64 31 est
1887 721 230 55 (psycholo-

141 776 281 54 giquement)
463 778 38 40 le
534 780 184 52 disciple
760 780 53 40 de
850 780 236 42 Rousseau
1131 796 55 27 ou
1226 784 54 40 de
1313 784 246 42 Bernardin
1580 787 53 40 de
1673 786 312 45 Saint-Pierre.
2013 792 63 42 De
2099 808 46 26 ce

141 843 190 49 dernier,
369 846 38 40 la
446 847 142 41 Revue
611 848 201 40 musicale
836 850 136 46 citait,
1013 851 112 40 dans
1165 865 81 27 son
1286 853 176 40 dernier
1496 860 204 45 numéro,
1726 871 85 25 une
1852 858 124 42 lettre
2014 867 56 34 où
2104 862 37 39 la

143 914 208 51 musique
383 915 76 40 des
484 921 161 45 nègres
664 915 230 54 d'Afrique
911 928 65 31 est
1002 919 210 52 qualifiée
1235 921 53 40 de
1306 928 86 34 très
1412 935 18 25 «
1449 922 139 41 douce
1615 937 37 35 »,
1750 939 45 26 ce
1820 929 73 49 qui
1918 936 63 32 est
2005 931 112 38 mani-

142 980 235 42 festement
400 984 186 40 inexact.
624 983 130 50 Mais,
777 990 20 35 à
819 995 111 32 cette
961 992 191 49 époque,
1178 989 103 41 c'est
1303 990 38 40 la
1365 991 242 47 tendresse,
1629 992 38 40 le
1689 999 110 43 goût
1821 994 54 40 de
1915 994 164 54 l'idylle
2104 1007 41 31 et

143 1049 109 40 delà
278 1053 240 50 pastorale,
543 1055 74 50 qui
638 1053 247 50 dominent,
913 1070 119 35 avec,
1060 1071 112 39 pour
1187 1068 93 32 tout
1311 1073 46 26 ce
1384 1061 74 50 qui
1484 1060 160 40 touche
1663 1065 21 35 à
1710 1062 38 39 la
1773 1075 19 23 «
1820 1071 154 32 nature
1997 1077 37 30 »,
2060 1079 85 26 une

142 1121 153 38 notion
336 1125 245 48 préconçue
621 1126 421 50 (conventionnelle,
1081 1127 145 51 pleine
1280 1128 53 40 de
1374 1129 418 46 sentimentalisme,
1834 1133 209 40 entachée
2094 1135 52 40 de

142 1187 247 43 littérature
411 1199 40 31 et
493 1190 274 54 d'emphase)
791 1193 54 40 de
869 1194 37 40 la
950 1197 121 38 vraie
1094 1196 154 40 réalité
1297 1196 121 41 Pour
1457 1198 38 39 le
1531 1201 283 50 romantique
1849 1201 228 48 moderne,
2106 1202 37 40 la

142 1265 157 31 nature
318 1267 65 31 est
404 1273 59 25 un
484 1261 216 51 spectacle
724 1262 241 49 grandiose
986 1272 41 31 et
1052 1263 194 51 terrible,
1273 1279 84 26 une
1381 1265 118 41 force
1523 1269 307 50 mystérieuse,
1856 1277 101 32 tour
1988 1274 22 35 à
2048 1279 98 33 tour

143 1324 314 43 bienveillante
491 1341 55 27 ou
579 1329 176 48 hostile,
802 1332 200 51 toujours
1025 1334 278 51 inquiétante
1326 1343 41 32 et
1402 1337 322 52 énigmatique,
1766 1338 177 40 dressée
1984 1340 162 41 devant

141 1392 60 41 lui
223 1409 7 24 :

574 1488 138 33 Nature
737 1488 186 41 immense,
949 1490 265 41 impénétrable
1234 1501 32 25 et
1289 1491 85 36 fière
1393 1518 23 9 ..

196 1597 124 42 Pour
339 1599 272 51 Beethoven,
632 1603 39 40 la
694 1612 157 32 nature
871 1614 65 32 est
958 1608 285 51 simplement
1269 1622 19 25 «
1314 1610 38 40 la
1375 1625 248 38 campagne
1645 1625 37 38 »,
1709 1615 107 40 celle
1858 1615 218 43 d'Horace
2105 1627 40 33 et

139 1667 54 39 de
215 1665 62 42 La
305 1669 219 41 fontaine
549 1684 7 26 :
584 1671 39 39 la
664 1686 265 39 campagne,
955 1681 56 34 où
1037 1676 38 40 le
1103 1678 162 39 citadin
1304 1677 258 54 n'aperçoit,
1588 1696 79 38 par
1689 1685 98 38 voie
1820 1684 54 40 de
1907 1696 235 42 contraste,

139 1750 59 37 qu
217 1750 58 26 un
292 1739 142 48 grand
459 1739 157 50 calme,
644 1754 19 24 «
683 1756 60 26 un
761 1742 107 40 clair
885 1745 202 40 ruisseau
1114 1760 104 27 avec
1241 1762 58 25 un
1324 1748 117 41 doux
1463 1763 228 29 murmure
1712 1765 38 36 »,
1774 1754 76 40 des
1872 1756 178 40 oiseaux
2069 1759 74 49 qui

138 1804 225 50 chantent,
390 1821 86 27 une
512 1810 99 50 paix
650 1819 40 31 et
730 1824 86 27 une
855 1814 190 39 sérénité
1082 1814 227 53 parfaites,
1336 1817 167 52 parfois
1546 1820 225 42 troublées
1795 1836 80 38 par
1910 1838 58 26 un
2008 1838 137 37 orage

139 1873 243 51 inofiensif,
406 1885 39 31 et
464 1881 145 36 même
629 1879 226 40 salutaire.
883 1880 86 41 Des
993 1896 209 38 paysans,
1227 1884 27 39 il
1288 1898 53 27 ne
1364 1888 90 38 voit
1476 1901 85 38 que
1579 1888 38 40 la
1654 1902 19 24 <(
1696 1892 185 39 réunion
1902 1893 180 51 joyeuse
2104 1907 36 34 »,

139 1942 38 40 la
205 1943 154 51 danse,
379 1959 59 26 un
463 1947 97 51 jour
582 1947 54 40 de
660 1946 84 42 fête
771 1963 7 33 ;
806 1962 71 27 ses
903 1949 197 53 bergers,
1120 1952 159 51 dignes
1298 1954 51 40 de
1370 1968 105 28 ceux
1497 1956 53 40 de
1569 1956 235 43 Théocrite
1820 1968 40 31 et
1879 1961 54 39 de
1957 1961 183 51 Virgile,

139 2020 102 31 sont
264 2012 77 41 des
365 2013 238 42 chanteurs
634 2024 41 32 et
711 2017 77 40 des
813 2018 203 41 flûtistes.
1049 2019 120 42 Pour
1192 2021 335 51 l'observateur,
1555 2039 55 27 ou
1632 2040 111 38 pour
1766 2028 38 39 le
1844 2032 296 51 romantique,

139 2088 95 33 tout
250 2081 91 40 cela
365 2091 66 32 est
457 2083 272 50 légèrement
751 2085 116 43 faux,
891 2100 55 27 ou
971 2087 266 53 superficiel,
1260 2104 55 27 ou
1336 2093 238 52 incomplet
1597 2104 40 31 et
1661 2100 87 36 très
1768 2095 115 50 fade,
1907 2111 56 27 ou
1987 2112 158 28 encore

140 2148 232 55 beaucoup
395 2159 95 45 trop
508 2154 181 49 général
710 2163 40 31 et
772 2156 302 50 traditionnel,
1096 2167 40 31 et
1155 2157 78 42 fait
1261 2160 142 51 plutôt
1424 2161 176 42 tableau
1627 2164 53 40 de
1703 2178 136 37 genre
1857 2180 84 38 que
1966 2166 177 43 tableau

140 2219 25 39 d
187 2218 288 42 observation
496 2231 40 30 et
560 2222 52 39 de
637 2224 150 38 \érité.
807 2222 117 42 Mais
944 2239 20 26 c
983 2234 64 31 est
1084 2226 38 40 le
1161 2241 72 26 cas
1254 2229 23 38 d
1301 2229 191 41 affirmer
1508 2231 206 41 combien
1735 2234 27 38 il
1785 2237 132 38 serait
1941 2239 203 39 mauvais

140 2287 53 40 de
217 2289 127 51 juger
366 2303 86 26 une
495 2304 152 26 œuvre
686 2293 213 40 musicale
941 2293 174 54 d'après
1139 2295 63 40 les
1226 2297 120 40 idées
1376 2299 156 40 réelles
1553 2302 75 50 qui
1668 2301 59 40 lui
1768 2312 101 31 sont
1907 2307 234 39 associées.

139 2356 175 50 Malgré
332 2366 112 32 cette
477 2361 260 51 conception
758 2361 300 42 évidemment
1080 2366 157 39 étroite
1259 2366 53 40 de
1352 2366 37 40 la
1416 2377 171 39 nature,
1613 2369 256 42 Beethoven
1903 2387 21 25 a
1960 2372 76 42 fait
2060 2389 86 26 une

139 2439 153 26 œuvre
316 2426 274 50 admirable;
619 2429 37 39 là
682 2435 56 34 où
764 2439 92 32 tant
879 2431 25 40 d
926 2441 147 31 autres
1110 2439 153 46 poètes
1297 2449 18 26 s
1336 2438 165 39 étaient
1525 2436 162 43 bornés
1726 2443 19 35 à
1774 2441 132 40 rimer
1929 2443 216 52 quelques

138 2507 99 26 vers
260 2495 25 39 d
306 2495 195 40 aimable
526 2497 271 53 rhétorique,
824 2500 27 39 il
893 2514 20 25 a
951 2503 121 46 écrit,
1099 2517 79 37 par
1197 2503 40 40 la
1259 2506 238 50 puissance
1527 2507 58 40 du
1616 2509 130 48 génie
1771 2511 202 47 musical,
2070 2526 76 26 sur

140 2563 37 39 la
217 2568 145 36 même
391 2565 174 40 donnée
595 2580 57 38 qu
673 2569 175 39 avaient
878 2570 166 40 rendue
1079 2570 160 42 banale
1267 2572 62 40 les
1364 2576 181 39 anciens
1578 2576 261 53 classiques,
1926 2593 85 26 une
2028 2594 87 38 sym-

138 2632 166 51 phonie
333 2635 74 50 qui
431 2642 65 32 est
520 2648 87 26 une
630 2636 228 40 merveille
880 2638 26 39 d
927 2639 229 40 invention
1180 2650 41 31 et
1254 2640 250 55 d'ampleur
1537 2645 295 54 mélodiques,
1864 2648 53 39 de
1953 2649 188 51 rythme,

137 2700 54 40 de
214 2704 320 48 construction,
557 2704 52 40 de
633 2714 246 32 contrastes
903 2706 102 41 bien
1027 2709 262 51 équilibrés.

193 2769 90 41 LES
310 2784 19 24 «
352 2771 245 42 PRÉLUDES
623 2787 101 27 »DE
763 2773 150 43 LISZT.
1026 2776 126 42 Cette
1173 2793 152 27 œuvre
1347 2789 65 32 est
1437 2784 195 39 associée
1657 2797 53 27 au
1744 2792 111 32 texte
1878 2787 176 39 suivant
2089 2786 54 40 de

139 2837 259 43 Lamartine
421 2854 7 26 :
459 2855 19 25 «
503 2841 137 42 Notre
653 2845 69 38 vie
748 2845 176 40 est-elle
940 2855 125 32 autre
1085 2846 134 42 chose
1238 2848 163 53 qu'une
1425 2852 114 39 série
1560 2852 54 40 de
1633 2853 206 51 préludes
1870 2857 21 36 à
1927 2866 46 27 ce
2010 2854 132 41 chant

141 2909 196 40 inconnu
361 2910 107 41 dont
490 2911 37 40 la
553 2921 116 32 mort
708 2922 195 32 entonne
926 2915 38 39 la
990 2918 217 49 première
1243 2927 40 31 et
1308 2919 244 41 solennelle
1575 2929 102 32 note
1695 2922 14 38 ?
1748 2920 212 42 L'amour
1999 2921 142 42 forme

139 2977 10 39 1
171 2991 159 28 aurore
346 2979 244 41 enchantée
608 2981 53 40 de
675 2990 122 32 toute
819 2985 220 40 existence
1062 3000 8 33 ;
1093 2988 113 39 mais
1221 2987 146 52 quelle
1382 2997 64 32 est
1464 2988 39 41 la
1520 2989 197 41 destinée
1741 2996 56 34 où
1820 2990 62 40 les
1902 2993 239 50 premières

137 3047 206 52 voluptés
379 3048 59 42 du
478 3048 207 43 bonheur
717 3065 54 27 ne
807 3062 101 32 sont
932 3056 123 49 point
1094 3057 327 52 interrompues
1445 3072 79 38 par
1557 3059 192 51 quelque
1791 3072 134 37 orage
1961 3060 107 40 dont
2103 3061 39 39 le

140 3116 156 41 souffle
318 3118 159 41 mortel
511 3119 168 53 dissipe
717 3134 69 27 ses
819 3120 139 43 belles
981 3123 223 50 illusions,
1230 3125 107 42 dont
1371 3127 39 39 la
1446 3125 158 42 foudre
1646 3127 132 40 fatale
1812 3141 212 27 consume
2060 3142 81 28 son

140 3185 116 40 autel
278 3189 15 36 ?
317 3184 160 54 Quelle
497 3197 66 32 est
586 3187 130 43 l'âme
732 3191 289 41 cruellement
1040 3191 172 43 blessée
1235 3196 92 50 qui,
1354 3208 54 26 au
1433 3197 132 38 sortir
1581 3196 131 40 d'une
1731 3196 52 40 de
1806 3210 70 26 ces
1912 3201 229 48 tempêtes,

139 3267 55 27 ne
214 3254 186 42 cherche
414 3261 20 35 à
455 3271 181 38 reposer
659 3272 69 27 ses
751 3262 234 39 souvenirs
1005 3261 112 40 dans
1132 3262 37 40 le
1194 3263 139 39 calme
1346 3266 35 37 si
1399 3264 114 40 doux
1532 3264 53 40 de
1603 3264 39 40 la
1659 3266 67 38 vie
1743 3264 77 40 des
1834 3265 182 51 champs
2035 3267 66 38 ?...
2120 3278 18 24 »

137 3321 299 53 (Lamartine,
454 3325 284 42 Méditations
757 3331 215 51 poétiques
985 3328 34 54 .)
1046 3329 60 41 De
1123 3344 46 26 ce
1190 3345 300 38 programme,
1516 3333 39 51 je
1580 3346 53 26 ne
1659 3334 96 38 vois
1773 3331 162 53 qu'une
1955 3333 96 39 idée
2084 3346 56 27 ou

137 3405 59 26 un
217 3394 240 40 sentiment
478 3396 76 51 qui
579 3397 87 39 soit
688 3401 132 47 passé
835 3397 112 40 dans
969 3397 38 39 la
1031 3400 206 50 musique
1258 3413 7 25 :
1292 3396 103 43 c'est
1417 3400 38 39 la
1480 3401 171 49 gravité
1673 3400 234 48 recueillie,
1947 3400 38 39 la
2009 3413 19 23 «
2050 3405 61 35 mé-

138 3460 189 42 ditation
351 3475 39 28 ».
434 3462 31 41 Il
504 3478 27 38 y
561 3478 39 34 a,
627 3465 113 39 dans
777 3465 63 40 les
877 3465 208 41 Préludes
1092 3500 7 6 .
1139 3468 77 40 des
1249 3468 157 40 choses
1446 3468 285 50 admirables,
1757 3476 55 39 et,
1856 3472 18 35 à
1911 3471 109 47 côté,
2064 3469 77 40 des

139 3527 214 45 formules
376 3531 186 43 banales
585 3547 55 27 ou
660 3534 354 41 déclamatoires.
1036 3534 114 41 Mais
1173 3535 104 40 c'est
1294 3537 103 39 d'un
1428 3535 132 41 noble
1583 3538 150 38 artiste
1747 3551 7 33 ;
1773 3545 175 43 partout
1967 3550 54 27 on
2046 3544 95 35 sent
