2319 3774
985 167 332 30 INFORMATIONS

160 177 76 41 512

153 275 112 40 dans
305 271 260 42 l'économie
598 266 178 42 sociale.
824 264 35 40 Il
884 261 233 44 contribue
1138 265 22 36 à
1190 260 38 40 la
1263 258 196 40 richesse
1480 253 217 54 publique
1730 263 80 40 par
1839 248 64 39 les
1939 247 225 54 multiples

155 344 216 52 dépenses
394 341 53 40 de
468 346 94 34 tout
577 337 128 41 ordre
729 331 106 56 qu'il
856 335 174 51 impose
1059 345 83 26 aux
1164 329 160 50 riches,
1349 334 42 32 et
1426 325 75 53 qui
1522 322 96 41 font
1642 328 171 33 rentrer
1836 317 9 39 1
1868 326 157 41 argent
2056 317 109 42 dans

155 413 39 39 la
217 412 161 40 bourse
397 409 77 40 des
491 418 205 42 pauvres.
722 404 108 40 Plus
856 400 179 54 l'Opéra
1061 414 97 27 sera
1182 413 60 26 un
1279 396 125 53 foyer
1424 394 55 39 de
1506 393 72 40 vie
1601 392 216 40 luxueuse
1841 395 40 31 et
1903 399 19 23 «
1939 387 205 41 aristocra-

156 482 120 50 tique
300 492 37 35 »,
365 479 35 39 si
421 475 89 42 l'on
533 484 105 44 peut
661 486 159 28 encore
842 483 252 41 prononcer
1119 482 46 26 ce
1200 475 110 41 mot,
1343 465 101 52 plus
1468 463 63 40 les
1570 461 133 53 petits
1740 453 338 46 contribuables
2114 471 51 27 en

152 547 279 53 profiteront,
458 558 104 27 sans
587 541 130 55 qu'ils
740 538 93 44 s'en
851 540 185 40 doutent
1059 537 103 41 bien
1188 542 188 34 souvent
1397 534 5 37 !

209 629 243 41 CONCERTS
470 637 278 30 POPULAIRES
770 621 234 42 SECHIARI.
1099 618 127 42 Voici
1252 618 39 40 le
1311 621 87 36 très
1428 614 114 41 beau
1562 621 288 45 programme
1881 607 26 39 d
1929 616 234 33 ouverture

151 698 77 40 des
271 704 197 34 concerts
499 693 258 54 populaires
779 689 219 51 Sechiari,
1026 689 39 40 le
1086 687 118 54 jeudi
1226 700 49 26 22
1302 683 260 47 novembre,
1587 685 22 36 à
1635 695 23 38 9
1677 680 178 43 heutes,
1877 689 56 26 au
1953 674 209 53 Kursaal,

155 782 37 36 7,
212 765 232 41 avenuede
464 763 156 52 Clichy
641 773 7 28 :
667 769 238 33 ouverture
917 760 58 39 du
993 756 262 48 Freischiitz,
1270 754 170 43 Weber
1456 765 9 38 ;
1487 752 149 53 Largo
1654 758 41 32 et
1713 747 173 41 Menuet
1893 778 8 17 ,
1938 743 197 42 Haendel
2154 762 7 33 ;

154 843 204 33 concerto
377 845 46 29 n°
440 833 98 51 4de
557 832 188 40 Mozart,
765 833 180 37 exécuté
966 842 81 39 par
1065 826 54 41 L.
1141 825 181 41 Diémer
1341 839 9 34 ;
1378 821 267 55 symphonie
1666 823 48 37 n°
1736 832 66 37 39,
1832 814 202 46 Mozart,
2071 820 70 46 pré-

155 904 102 41 lude
280 912 40 32 et
336 910 115 33 mort
466 900 215 47 d'Yseult,
697 899 204 51 Wagner
915 908 10 40 ;
944 894 237 43 Romarins
1208 891 126 56 kaja(
1347 908 12 25 i
1369 898 31 17 re
1426 887 237 54 audition),
1696 886 183 42 Glinka.
1905 882 127 42 Nous
2067 897 73 39 rap-

157 973 155 53 pelons
337 985 86 40 que
437 971 39 40 le
498 969 151 54 public
682 982 94 27 sera
801 968 143 40 admis
968 969 21 36 à
1012 964 143 40 fumer
1187 971 41 32 et
1253 967 20 35 à
1310 973 299 33 consommer,
1636 957 114 40 ainsi
1775 970 58 38 qu
1855 969 81 25 aux
1970 962 196 32 concerts

156 1042 51 40 de
226 1042 38 40 la
285 1040 173 42 Société
478 1038 402 50 Philharmonique
905 1034 51 40 de
978 1032 168 47 Berlin,
1181 1040 41 32 et
1250 1044 87 38 que
1360 1030 39 39 le
1416 1030 94 51 prix
1536 1028 77 39 des
1633 1026 148 53 places
1806 1036 54 27 ne
1884 1035 96 28 sera
2007 1035 84 39 que
2115 1022 51 41 de

155 1125 20 25 2
198 1109 50 40 fr.
271 1118 40 31 et
339 1123 16 35 3
379 1108 52 40 fr.
452 1107 62 40 La
534 1107 109 40 salle
660 1106 58 39 du
744 1103 192 41 Kursaal
961 1102 198 40 contient
1189 1112 103 28 1200
1313 1099 166 52 places,
1501 1105 41 32 et
1562 1110 59 26 un
1646 1100 195 47 système
1864 1089 302 55 perfectionné

153 1178 54 40 de
237 1176 262 41 ventilation
550 1175 278 52 supprimera
866 1172 63 39 les
962 1171 339 40 inconvénients
1339 1168 54 40 de
1423 1167 40 39 la
1494 1169 165 37 iumée.

211 1246 152 41 Parmi
387 1246 63 39 les
474 1244 178 41 solistes
670 1243 162 39 devant
866 1254 46 27 se
935 1239 111 41 faire
1069 1238 228 50 entendre,
1325 1249 115 28 nous
1461 1235 204 41 relevons
1686 1234 63 39 les
1773 1244 130 28 noms
1926 1230 54 40 de
1998 1228 168 55 Jeanne

155 1314 205 52 Raunay,
384 1313 112 55 Jane
533 1312 151 48 Hatto,
722 1310 140 40 Louis
905 1307 196 50 Frolich,
1146 1306 169 41 Harold
1355 1305 162 48 Bauer,
1541 1302 209 42 Cornélis
1772 1299 203 51 Liégois,
2009 1297 151 42 Alfred

158 1382 176 48 Cortot,
360 1390 82 32 etc.

203 1462 146 35 VENTE
381 1461 351 36 D'AUTOGRAPHES.

827 1457 114 36 Dans
974 1455 39 36 la
1049 1452 229 39 collection
1302 1450 326 47 d'autographes
1653 1461 80 36 que
1755 1448 62 37 M>
1841 1446 191 37 Delestre
2055 1445 112 38 vient

157 1511 49 37 de
230 1510 209 49 disperser
456 1509 21 36 à
500 1507 158 37 l'Hôtel
675 1506 72 37 des
767 1507 171 44 Ventes,
962 1516 98 26 avec
1084 1503 38 36 la
1142 1501 311 39 collaboration
1478 1501 50 36 de
1551 1501 57 37 M.
1632 1498 107 38 Noël
1764 1498 234 47 Charavay,
2024 1505 143 28 savant

157 1568 156 41 expert,
358 1571 55 25 on
454 1556 257 51 remarquait
733 1557 73 36 des
843 1556 266 42 documents,
1136 1555 72 36 des
1249 1552 143 37 lettres
1416 1559 39 29 et
1479 1551 73 36 des
1575 1549 156 49 pièces,
1757 1547 83 38 fort
1874 1546 290 37 intéressants.

159 1609 137 38 Parmi
334 1609 59 37 les
429 1606 278 50 autographes
731 1605 139 50 signés
894 1605 213 37 d'auteurs
1131 1602 304 49 dramatiques,
1460 1600 50 37 de
1545 1599 313 50 compositeurs
1883 1597 51 36 de
1968 1595 195 50 musique

157 1668 39 28 et
218 1658 205 38 d'artistes
446 1657 202 46 célèbres,
673 1668 56 24 on
771 1655 89 37 doit
882 1654 103 38 citer
1007 1668 7 23 :
1049 1666 58 25 un
1133 1664 199 26 morceau
1369 1652 49 37 de
1458 1649 195 49 musique
1689 1647 249 51 (mazurka),
1965 1654 170 42 autogra-

155 1709 97 49 phié
281 1720 74 30 par
381 1707 202 38 Frédéric
610 1706 159 50 Chopin
776 1736 9 14 ,
810 1705 70 50 qui
903 1717 22 25 a
948 1704 148 38 atteint
1139 1705 74 36 i5o
1434 1713 83 24 une
1552 1699 120 51 pièce
1697 1698 120 38 datée
1841 1698 56 37 du
1923 1709 50 36 24
1996 1708 142 26 novem-

155 1761 71 34 bre
256 1759 111 47 i836,
390 1770 75 37 par
484 1757 179 49 laquelle
686 1755 189 38 l'illustre
898 1753 289 51 compositeur
1206 1751 222 39 reconnaît
1451 1750 115 38 avoir
1592 1750 141 38 vendu
1754 1750 22 36 à
1800 1746 190 40 Maurice
2017 1746 120 37 Schle-

158 1809 137 49 singer
317 1808 38 37 la
374 1807 226 50 propriété,
624 1818 108 38 pour
755 1806 38 36 la
816 1806 174 45 France,
1016 1805 51 37 de
1089 1816 44 24 sa
1157 1802 289 50 composition
1475 1799 192 47 intitulée
1690 1814 7 24 :
1739 1812 41 25 12
1813 1799 180 50 grandes
2018 1796 146 38 études

155 1871 107 37 pour
280 1858 142 49 piano,
445 1870 21 24 a
489 1858 62 36 été
574 1856 130 49 payée
729 1858 42 36 5i
789 1855 153 37 francs.
966 1856 93 36 Une
1081 1854 120 37 lettre
1222 1854 50 36 de
1295 1854 161 36 Dumas
1472 1851 68 48 fils
1547 1882 8 16 ,
1573 1851 56 36 où
1652 1850 29 36 il
1702 1849 165 38 décline
1888 1847 133 37 l'offre
2043 1847 121 37 d'une

157 1906 323 46 collaboration,
500 1919 22 24 a
541 1906 63 38 été
619 1907 183 36 obtenue
818 1917 109 38 pour
953 1917 42 24 12
1020 1904 154 37 francs.
1192 1918 19 19 «
1231 1903 30 36 Il
1279 1903 120 36 m'est
1411 1901 268 49 impossible,
1698 1900 60 37 dit
1775 1900 36 37 le
1836 1897 166 39 célèbre
2020 1905 146 29 auteur

157 1957 276 49 dramatique,
474 1957 49 36 de
552 1956 211 37 travailler
784 1967 108 37 pour
919 1967 83 25 une
1026 1955 166 48 époque
1213 1952 275 38 déterminée.
1512 1951 76 37 J'ai
1620 1950 151 38 besoin
1867 1960 155 39 penser
2042 1948 99 37 beau-

157 2020 108 36 coup
289 2008 22 36 à
331 2019 45 25 ce
400 2019 79 37 que
497 2007 36 49 je
557 2006 94 48 fais,
678 2014 39 28 et
741 2013 192 39 souvent,
960 2005 141 49 quand
1122 2004 52 49 j'y
1197 2002 37 38 ai
1256 2002 145 50 pensé,
1427 2002 36 49 je
1488 2013 185 26 renonce
1698 2001 23 36 à
1739 2000 37 37 le
1800 1999 103 38 faire
1926 2013 37 22 ».

207 2059 93 35 Une
324 2058 193 36 curieuse
540 2056 120 37 lettre
683 2056 192 37 d'amour
898 2055 126 38 écrite
1048 2066 74 37 par
1143 2054 161 37 Favart
1327 2058 22 31 à
1373 2067 19 19 «
1416 2053 42 35 M
1465 2051 36 26 Ue
1523 2051 165 38 Justine
1719 2066 35 32 »,
1781 2063 44 25 sa
1855 2049 170 44 femme,
2048 2060 21 24 a
2099 2047 62 38 été

159 2107 168 50 acquise
352 2119 108 35 pour
481 2106 50 37 3o
553 2105 156 38 francs.

208 2159 93 36 Une
329 2157 84 36 très
452 2156 277 37 intéressante
773 2153 371 51 correspondance
1168 2153 200 38 d'Octave
1409 2150 181 39 Feuillet
1618 2152 23 36 à
1674 2152 197 43 Samson,
1897 2162 52 25 au
1974 2148 109 47 sujet
2111 2147 54 36 du

167 2207 161 50 Village
336 2236 7 18 ,
366 2219 22 24 a
411 2205 73 38 fait
507 2207 49 36 3o
593 2206 155 36 francs.
787 2205 67 36 On
892 2216 23 25 a
937 2204 140 37 donné
1104 2204 45 37 52
1172 2202 138 38 francs
1348 2203 123 37 d'une
1495 2201 83 37 fort
1604 2201 109 38 belle
1736 2201 121 37 lettre
1881 2200 51 37 de
1959 2197 164 38 Hérold
2145 2199 19 34 à

160 2257 58 37 M.
244 2256 179 47 Dubois,
446 2268 74 37 par
540 2254 182 51 laquelle
739 2254 37 37 le
801 2253 165 38 célèbre
988 2262 147 29 auteur
1155 2253 50 36 de
1225 2253 163 49 Zampa
1407 2260 39 29 et
1464 2252 57 36 du
1540 2252 82 37 Pré
1640 2264 90 25 aux
1749 2248 201 40 clercslui
1972 2260 192 26 annonce

160 2319 78 24 son
261 2306 182 49 mariage
465 2322 9 28 ;
500 2313 107 30 cette
630 2305 120 37 lettre
774 2312 62 29 est
859 2304 117 37 datée
995 2304 56 36 du
1072 2316 49 36 27
1142 2303 229 38 novembre
1406 2302 112 48 1827.

210 2357 112 35 Pour
338 2356 38 36 la
399 2355 171 37 minime
601 2366 161 26 somme
787 2355 50 36 de
864 2356 17 35 5
912 2354 155 46 francs,
1093 2365 54 25 on
1177 2365 22 24 a
1222 2364 52 25 eu
1306 2353 38 36 la
1375 2352 120 37 Valse
1517 2350 49 38 de
1603 2351 38 37 la
1674 2350 252 38 Mascarade
1933 2380 8 15 ,
1970 2347 149 39 dédiée
2145 2347 21 37 à

277 2406 207 44 Johnson,
507 2417 199 25 morceau
729 2404 50 37 de
803 2403 195 50 musique
1023 2402 276 49 autographié
1323 2414 74 37 par
1423 2400 156 39 Hervé.

209 2456 92 37 Une
326 2454 231 49 spirituelle
587 2454 118 37 lettre
739 2454 50 37 de
828 2453 178 46 Mistral,
1043 2453 55 36 où
1136 2453 28 36 il
1188 2460 187 41 proteste
1408 2459 146 29 contre
1578 2463 83 25 une
1685 2449 267 38 insinuation
1976 2447 101 51 qu'il
2102 2455 61 30 est

157 2505 196 36 l'ennemi
377 2505 49 36 de
450 2505 39 36 la
517 2505 151 49 langue
691 2503 223 49 française,
952 2515 21 25 a
1012 2502 147 38 atteint
1197 2503 50 36 3o
1278 2501 156 39 francs.
1463 2502 197 36 L'auteur
1684 2501 51 37 de
1771 2500 188 37 Mireille
2001 2510 52 25 ne
2098 2499 44 36 de-

157 2555 151 37 mande
331 2566 74 37 pas
449 2566 79 37 que
562 2554 36 37 le
621 2554 228 49 provençal
872 2552 82 38 soit
976 2552 91 38 seul
1086 2552 201 50 enseigné
1311 2553 105 37 dans
1453 2551 60 37 les
1544 2551 158 46 écoles,
1740 2550 28 37 il
1798 2549 211 39 demande
2037 2548 108 38 seule-

156 2613 115 28 ment
294 2604 98 50 qu'il
414 2617 26 36 y
461 2604 58 37 ait
541 2616 46 25 sa
609 2604 118 49 place
752 2604 21 36 à
797 2604 92 36 côté
917 2604 56 36 du
1004 2602 195 48 français.

208 2654 92 37 Une
324 2653 278 38 intéressante
632 2654 120 37 lettre
781 2653 50 37 de
871 2653 146 37 Scribe
1038 2653 22 36 à
1084 2653 195 45 Samson,
1311 2651 171 38 relative
1505 2651 23 37 à
1556 2663 83 25 une
1663 2649 120 51 pièce
1804 2651 105 37 dans
1934 2648 184 50 laquelle
2138 2647 27 37 il

157 2704 108 37 avait
302 2703 102 38 écrit
438 2716 57 24 un
518 2703 89 38 rôle
628 2715 109 37 pour
763 2702 239 38 Madeleine
1039 2702 184 44 Brohan,
1249 2714 22 24 a
1294 2701 63 37 été
1385 2701 165 39 vendue
1581 2703 41 35 i5
1649 2701 140 37 francs
1815 2714 7 34 ;
1850 2712 84 25 une
1968 2699 120 37 lettre
2116 2698 48 37 de

159 2754 154 36 Rachel
337 2754 20 35 à
379 2766 83 24 une
477 2754 107 36 amie
615 2766 22 24 a
653 2754 62 36 été
738 2753 130 49 payée
894 2754 45 36 35
964 2752 155 37 francs.
1144 2753 58 35 La
1222 2752 166 37 célèbre
1404 2750 273 51 tragédienne
1697 2762 196 26 annonce
1934 2762 44 25 sa
2001 2748 164 39 rentrée

157 2802 103 39 dans
284 2803 254 38 Mithridate
551 2815 8 34 ;
584 2803 76 37 elle
685 2811 62 29 est
767 2802 202 37 satisfaite
994 2802 50 37 de
1065 2801 191 38 l'accueil
1279 2802 56 37 du
1354 2801 160 50 public.

209 2855 89 36 Une
334 2861 116 28 autre
486 2853 135 48 lettre,
646 2854 54 35 où
720 2852 39 37 la
779 2853 157 49 grande
959 2851 275 51 tragédienne
1257 2851 74 38 fait
1352 2860 92 40 part
1467 2852 21 36 à
1508 2864 83 25 une
1615 2851 108 38 amie
1744 2851 73 37 des
1843 2850 147 38 succès
2015 2847 150 52 qu'elle

153 2903 188 38 obtenait
359 2903 22 36 à
409 2903 118 49 Lyon
552 2903 104 37 dans
681 2903 226 49 Polyeucte
912 2933 7 16 ,
946 2902 146 37 succès
1113 2902 72 49 qui
1208 2902 58 36 lui
1294 2902 192 37 valurent
1515 2902 74 37 des
1623 2900 433 51 applaudissements,
2083 2900 72 36 des

155 2952 127 38 fleurs
306 2960 39 30 et
361 2964 83 25 une
468 2953 241 37 charmante
731 2964 235 33 couronne,
988 2964 22 25 a
1026 2952 63 37 été
1114 2952 178 49 adjugée
1315 2952 23 37 à
1359 2952 49 38 32
1426 2951 155 38 francs.

1560 3002 180 37 HÉBERT
1769 3003 195 37 ROUGET.

1374 3488 58 40 Le
1465 3487 163 41 Gérant
1653 3503 12 25 :
1696 3489 54 39 A.
1787 3488 204 45 REBECQ.

792 3576 100 27 Poitiers.
908 3587 17 5 -
938 3576 82 27 Société
1037 3578 105 31 française
1156 3580 150 28 d'lmprimerie
1322 3580 24 25 et
1363 3582 25 24 de
1410 3580 109 25 Librairie.

354 3122 207 33 CHEMINS
603 3122 58 32 DE
697 3122 87 32 FER
823 3122 59 32 DE
918 3122 133 33 PARIS
1085 3124 28 30 A
1150 3122 130 33 LYON
1320 3123 56 32 ET
1417 3124 27 31 A
1486 3123 58 31 LA
1583 3109 388 46 MÉDITERRANÉE.

711 3190 180 50 FÊTE
929 3199 92 41 DE
1056 3199 92 41 LA
1182 3199 423 41 TOUSSAINT

211 3273 37 41 A
268 3272 235 43 l'occasion
527 3274 54 40 de
603 3274 40 40 la
667 3272 85 42 fête
772 3274 53 40 de
842 3274 39 40 la
900 3274 258 51 Toussaint,
1178 3275 63 40 les
1264 3288 202 39 coupons
1494 3275 54 39 de
1572 3283 148 32 retour
1741 3275 78 39 des
1839 3273 149 41 billets
2012 3272 151 40 d'aller

156 3338 40 32 et
230 3339 147 32 retour
414 3331 189 40 délivrés
637 3334 21 35 à
692 3333 138 49 partir
859 3331 58 40 du
957 3346 46 35 27
1039 3331 194 49 octobre,
1270 3340 150 33 seront
1458 3330 201 41 valables
1692 3328 237 55 jusqu'aux
1964 3330 198 40 derniers

160 3388 141 39 trains
322 3387 53 40 de
399 3387 38 40 la
472 3388 181 51 journée
671 3387 58 40 du
756 3401 14 35 5
793 3387 244 40 novembre
1066 3387 124 52 1906.
