2301 3840
672 234 278 36 EXÉCUTIONS
983 242 52 27 ET
1068 243 323 29 PUBLICATIONS
1426 237 224 37 RÉCENTES

2076 245 68 35 241

162 335 78 40 lire
264 347 56 28 ou
345 339 21 36 à
386 348 46 28 se
453 335 224 51 goberger
696 347 75 28 sur
793 347 81 28 son
906 339 183 49 canapé.
1114 334 88 43 Par
1222 337 182 49 instant,
1430 335 31 44 il
1492 351 112 29 vous
1627 339 158 46 arrive,
1811 351 79 38 par
1909 337 40 40 la
1985 335 164 42 fenêtre

164 412 181 32 ouverte
365 417 75 28 sur
460 403 38 41 le
524 403 160 53 jardin,
705 403 78 40 des
800 401 199 43 bouffées
1020 403 53 41 de
1097 404 38 40 la
1161 407 207 52 musique
1389 408 53 40 de
1465 407 178 53 Chopin
1670 408 75 51 qui
1779 405 199 41 travaille
2000 405 53 40 de
2070 419 79 26 son

162 474 147 38 côté...
343 471 81 55 J'ai
445 471 77 41 des
543 474 246 38 tête-à-tête
810 475 21 36 à
856 480 121 44 perte
1008 473 53 40 de
1083 487 84 27 vue
1202 488 102 28 avec
1334 474 179 54 Chopin
1551 488 86 40 que
1674 473 144 55 j'aime
1839 473 231 52 beaucoup
2110 483 39 30 et

162 541 75 52 qui
259 548 66 33 est
357 554 59 26 un
433 539 181 42 homme
636 539 131 42 d'une
790 539 257 42 distinction
1068 556 113 27 rare.
1208 541 120 44 C'est
1352 544 38 40 le
1413 544 100 53 plus
1534 545 94 40 vrai
1652 545 149 40 artiste
1830 555 84 40 que
1937 541 97 54 j'aie
2052 555 73 27 ren-

161 612 164 37 contré.
352 607 32 41 Il
407 616 66 33 est
489 608 53 40 de
564 621 122 36 ceux,
712 621 54 28 en
788 609 108 52 petit
921 608 200 52 nombre,
1148 610 133 53 qu'on
1306 621 103 43 peut
1432 613 192 41 admirer
1647 621 41 33 et
1705 614 193 40 estimer.
1924 624 20 24 »

218 674 221 42 Profitant
461 674 129 44 d'une
614 676 312 42 amélioration
950 678 53 45 de
1027 691 45 27 sa
1089 684 141 46 santé,
1249 678 179 54 Chopin
1449 681 167 47 donna,
1637 695 53 27 en
1713 684 95 48 1841
1829 689 41 33 et
1895 683 118 47 1842,
2038 678 111 41 deux

164 752 198 34 concerts
386 748 21 37 à
433 744 40 41 la
494 745 108 41 salle
625 743 168 54 Pleyel.
819 745 124 41 Deux
968 760 80 27 ans
1073 756 149 39 avant,
1246 748 31 40 il
1302 751 129 46 avait,
1459 763 103 28 avec
1587 749 266 51 Moschelés,
1888 749 53 40 de
1960 760 189 40 passage

166 817 20 37 à
212 812 144 47 Paris,
381 814 101 52 joué
503 828 56 26 au
578 813 187 41 château
788 814 53 40 de
860 812 314 55 Saint-Cloud,
1194 816 161 42 devant
1375 817 38 41 le
1428 819 63 39 roi
1508 817 387 53 Louis-Philippe.

216 880 63 42 La
305 881 191 41 maladie
510 882 43 40 le
576 890 194 33 terrassa
791 882 54 41 de
863 896 225 35 nouveau,
1116 884 39 41 le
1175 885 172 40 minant
1366 885 258 49 lentement,
1650 892 242 35 sûrement.
1932 884 64 42 La
2031 897 89 28 com-

160 951 164 51 pagnie
343 947 103 44 d'un
469 951 260 51 poitrinaire
751 964 53 28 ne
824 953 182 50 pouvait
1025 951 139 53 plaire
1187 952 256 53 longtemps
1468 958 22 36 à
1514 952 177 53 George
1733 953 139 42 Sand.
1910 953 97 41 Elle
2030 954 117 39 avait

159 1018 96 52 déjà
279 1022 174 49 reporté
477 1031 81 28 son
576 1017 205 43 affection
800 1033 76 27 sur
894 1017 195 44 d'autres
1106 1029 41 33 et
1172 1021 214 42 attendait
1418 1034 87 28 une
1535 1024 254 51 séparation
1810 1020 156 54 qu'elle
1989 1019 158 43 n'osait

160 1099 267 40 provoquer.
453 1086 123 42 Dans
599 1100 81 29 son
700 1101 172 37 roman,
1118 1087 201 42 Floriani
1324 1120 8 18 ,
1358 1089 83 41 elle
1470 1090 172 49 voulut,
1666 1090 172 53 d'après
1860 1089 120 42 Liszt
2002 1098 41 32 et
2078 1102 70 27 ses

160 1156 376 52 contemporains,
567 1169 53 27 en
651 1159 177 50 prêtant
851 1170 56 28 au
940 1158 150 51 prince
1121 1155 187 44 Charles
1340 1158 40 41 le
1415 1163 217 38 caractère
1664 1159 53 41 de
1746 1158 191 54 Chopin,
1963 1158 61 42 lui
2039 1157 109 42 faire

160 1224 294 53 comprendre
476 1224 165 42 l'ennui
658 1222 129 44 d'une
805 1227 70 40 vie
907 1238 102 30 avec
1032 1240 61 28 un
1108 1225 178 43 malade
1302 1226 107 42 dont
1432 1227 40 41 la
1492 1227 265 53 disparition
1780 1229 132 39 serait
1925 1240 60 28 un
2001 1226 121 42 soula-

159 1301 196 42 gement.

216 1359 57 43 Ils
311 1374 46 28 se
390 1365 257 49 séparèrent
674 1375 55 28 en
754 1362 93 53 juin
875 1365 117 49 1847.
1023 1361 49 43 Si
1107 1361 179 55 Chopin
1315 1365 105 40 était
1442 1364 173 41 devenu
1637 1363 251 42 indifférent
1912 1367 22 37 à
1970 1362 177 52 George

161 1428 138 50 Sand,
322 1430 30 40 il
365 1427 184 44 l'aimait
569 1431 199 53 toujours
785 1439 41 33 et
846 1444 81 28 son
949 1431 186 51 chagrin
1157 1431 65 42 fut
1244 1431 338 53 inexprimable.

214 1497 57 42 Ils
291 1511 46 28 se
357 1504 330 37 rencontrèrent
710 1513 80 39 par
803 1499 178 51 hasard,
1005 1497 170 44 l'année
1195 1501 220 47 suivante,
1439 1510 41 33 et
1497 1499 177 53 George
1698 1499 122 43 Sand
1843 1509 175 33 raconte
2039 1509 108 33 cette

157 1567 200 41 dernière
385 1575 210 34 entrevue
616 1577 6 26 :
645 1581 20 25 «
686 1567 50 55 Je
757 1568 40 41 le
816 1570 116 39 revis
952 1583 61 26 un
1035 1570 166 40 instant
1223 1582 56 29 en
1302 1583 119 27 mars
1449 1572 119 48 1848.
1592 1569 49 55 Je
1659 1571 138 40 serrai
1815 1582 47 28 sa
1876 1571 119 39 main
2010 1577 109 33 trem-

160 1634 149 42 blante
329 1644 42 33 et
387 1635 168 50 glacée.
580 1635 50 56 Je
653 1636 160 41 voulus
839 1637 60 40 lui
936 1637 161 52 parler,
1135 1636 29 41 il
1194 1635 247 55 s'échappa.
1476 1635 158 44 C'était
1670 1642 22 36 à
1729 1651 105 27 mon
1857 1647 99 31 tour
1977 1638 54 40 de
2053 1638 92 40 dire

159 1701 105 54 qu'il
303 1717 55 27 ne
391 1703 216 41 m'aimait
644 1704 116 53 plus.
783 1704 51 55 Je
856 1704 61 42 lui
955 1707 214 50 épargnai
1202 1713 109 33 cette
1346 1704 248 42 souffrance
1625 1714 41 32 et
1704 1706 38 52 je
1771 1707 133 39 remis
1937 1712 94 34 tout
2063 1720 82 26 aux

157 1773 146 39 mains
327 1771 54 41 de
401 1771 40 41 la
472 1771 276 42 Providence
770 1781 41 33 et
835 1773 52 41 de
910 1772 198 42 l'avenir.
1133 1774 49 54 Je
1205 1786 54 29 ne
1281 1773 150 41 devais
1455 1774 99 52 plus
1577 1774 39 41 le
1636 1775 157 40 revoir.
1821 1772 32 42 Il
1889 1789 27 37 y
1940 1774 117 40 avait
2091 1774 54 40 de

157 1841 202 41 mauvais
381 1852 145 30 cœurs
545 1849 123 33 entre
687 1853 127 29 nous.
842 1840 32 42 Il
896 1856 28 38 y
945 1854 56 29 en
1034 1850 74 34 eut
1128 1842 53 42 de
1204 1841 111 42 bons
1338 1843 121 41 aussi
1483 1843 76 53 qui
1582 1856 54 28 ne
1659 1850 151 34 surent
1826 1854 80 41 pas
1928 1840 62 54 s'y
2013 1855 106 40 pren-

157 1908 92 42 dre.
275 1920 22 27 »

211 2016 240 42 ANNUAIRE
473 2030 56 26 DE
561 2030 52 27 LA
646 2015 339 47 BIBLIOTHÈQUE
1008 2015 318 55 PETERSJPOUR
1350 2019 103 49 1908
1473 2014 222 54 (LEIPZIG,
1723 2014 339 54 CHEZPETERS).

157 2084 270 43 Successeur
446 2084 58 41 du
521 2089 88 36 très
628 2088 192 47 regretté
837 2083 118 42 Emil
974 2083 161 52 Vogel,
1159 2083 63 41 M.
1249 2082 168 43 Rudolf
1437 2082 228 43 Schwartz
1684 2083 153 53 publie
1864 2098 60 27 un
1947 2089 87 36 très
2058 2084 65 41 élé-

154 2162 108 43 gant
284 2162 41 33 et
348 2159 86 36 très
458 2152 266 43 substantiel
742 2153 179 41 volume
944 2159 56 34 où
1013 2152 88 41 l'on
1124 2160 170 42 trouve,
1312 2165 103 28 avec
1439 2152 39 41 la
1503 2152 331 54 bibliographie
1857 2152 212 41 musicale
2088 2152 54 40 de

161 2225 116 49 1908,
294 2222 63 41 les
377 2222 154 41 études
550 2223 229 40 suivantes
795 2231 8 26 :
828 2219 332 55 Vhétérophonie
1166 2253 9 18 ,
1197 2218 237 55 parGuido
1452 2219 135 42 Adler
1607 2221 68 54 ;J.
1689 2219 127 44 -G.N
1832 2233 154 28 overre
2003 2228 42 33 et
2061 2232 81 29 son

155 2291 217 41 influence
411 2303 76 28 sur
524 2290 40 41 la
589 2290 298 53 composition
925 2289 59 41 du
1020 2288 136 41 ballet
1194 2289 111 41 dans
1333 2289 40 40 le
1410 2288 153 42 drame
1586 2289 187 53 lyrique,
1810 2303 81 38 par
1916 2288 228 41 Hermann

159 2358 137 42 Abert
320 2373 10 35 ;
351 2359 112 40 deux
496 2362 157 49 opéras
690 2357 54 42 de
777 2355 157 44 Nicolo
958 2356 319 52 Logroscinos,
1313 2371 79 38 par
1430 2357 230 42 Hermann
1703 2357 311 42 Kretzschmar
2034 2369 10 38 ;
2079 2357 63 40 les

157 2425 299 55 Symphonies
489 2426 53 42 de
564 2426 205 53 jeunesse
807 2426 55 41 de
896 2425 90 56 Jos.
1020 2425 146 53 Hydn,
1190 2439 80 39 par
1289 2426 39 40 le
1350 2428 159 38 même.
1542 2425 283 43 Publication
1849 2432 87 35 très
1959 2426 183 50 soignée

155 2505 39 31 et
217 2496 76 41 des
313 2496 101 52 plus
437 2494 146 43 utiles.

206 2602 124 42 LÉON
352 2602 193 51 VALLAS,
564 2600 108 42 «LA
689 2614 198 33 MUSIQUE
905 2615 24 27 A
943 2599 125 42 LYON
1093 2613 55 27 AU
1171 2613 125 27 XVIIIe
1322 2604 214 36 SIÈCLE».

1561 2620 50 9 —
1633 2598 140 43 Tome
1797 2598 14 41 I
1831 2615 12 25 :
1869 2597 63 42 La
1953 2598 188 55 musique

153 2674 21 36 à
196 2670 261 42 VAcadémie
465 2701 8 8 .
496 2693 53 5 —
590 2669 205 42 Editions
838 2670 54 40 de
923 2669 39 40 la
999 2667 142 42 Revue
1181 2667 201 41 musicale
1404 2667 51 40 de
1486 2666 120 55 Lyon
1613 2698 9 10 .
1643 2690 52 5 —
1738 2667 127 42 Voici
1897 2682 60 26 un
1998 2667 119 41 excel-

153 2739 88 42 lent
258 2752 196 38 ouvrage
475 2746 47 34 et
534 2740 75 51 qui
625 2740 119 39 vient
767 2737 370 50 singulièrement
1150 2735 192 41 enrichir
1359 2736 40 40 la
1424 2736 112 40 série
1558 2748 156 29 encore
1750 2734 102 42 bien
1874 2735 266 52 incomplète

153 2807 75 41 des
244 2808 153 41 études
417 2810 258 38 consacrées
699 2810 21 36 à
745 2806 40 40 la
809 2804 292 51 musicologie
1125 2804 53 40 de
1200 2816 82 28 nos
1298 2805 247 51 provinces.
1568 2802 33 41 Il
1623 2811 65 33 est
1711 2808 22 35 à
1756 2804 129 51 peine
1907 2803 157 41 besoin
2085 2803 55 40 de

153 2880 273 48 représenter
448 2888 87 28 une
555 2874 85 41 fois
680 2874 54 42 de
774 2874 101 52 plus
911 2870 189 44 l'intérêt
1132 2871 159 53 capital
1333 2871 54 41 de
1423 2870 272 42 semblables
1729 2879 197 43 travaux,
1966 2884 172 39 pourvu

152 2942 127 54 qu'ils
296 2945 143 40 soient
460 2955 162 39 conçus
642 2942 112 40 dans
776 2956 59 26 un
855 2942 137 52 esprit
1009 2938 336 42 véritablement
1369 2937 277 54 scientifique
1665 2947 42 33 et
1729 2938 178 41 réalisés
1931 2952 103 28 avec
2053 2952 86 28 une

152 3012 205 41 méthode
376 3013 183 51 précise.
583 3008 242 43 L'histoire
846 3010 55 40 de
922 3009 40 39 la
987 3008 206 52 musique
1223 3006 232 52 française,
1489 3008 119 51 prise
1647 3008 110 40 dans
1794 3020 81 28 son
1912 3007 228 41 ensemble

153 3093 54 27 ou
227 3093 111 40 pour
356 3093 84 28 une
460 3084 175 47 époque
651 3078 287 48 déterminée,
964 3088 54 29 ne
1037 3088 162 40 pourra
1224 3079 90 38 être
1336 3076 319 40 sérieusement
1671 3074 162 42 établie
1854 3089 84 39 que
1960 3076 58 40 du
2042 3076 98 52 jour

153 3154 54 35 où
230 3161 104 28 ceux
353 3149 75 52 qui
449 3148 284 41 s'essaieront
750 3150 21 36 à
790 3158 54 28 en
860 3153 139 32 tracer
1020 3144 41 40 le
1078 3142 177 42 tableau
1272 3144 191 52 complet
1480 3152 159 33 auront
1656 3147 23 37 à
1693 3144 94 40 leur
1800 3145 264 51 disposition
2079 3158 59 26 un

152 3216 181 41 nombre
357 3215 200 42 suffisant
577 3214 267 51 d'ouvrages
867 3213 54 40 de
942 3220 110 33 cette
1075 3220 133 33 sorte.
1234 3210 62 43 La
1321 3213 200 52 patience
1537 3220 41 33 et
1597 3213 39 40 la
1655 3214 195 48 sagacité
1875 3212 77 40 des
1971 3211 167 41 érudits

152 3285 50 40 de
225 3298 79 27 nos
326 3285 125 40 villes
474 3285 55 40 de
551 3285 207 51 province
778 3283 180 40 doivent
979 3280 114 41 donc
1120 3280 341 53 journellement
1481 3280 255 41 contribuer
1759 3284 21 36 à
1802 3279 202 41 élaborer
2028 3288 109 31 cette

153 3354 108 40 série
284 3354 53 39 de
356 3354 245 40 matériaux
625 3351 343 53 préparatoires,
994 3362 104 28 sans
1130 3348 194 53 lesquels
1363 3357 121 33 toute
1522 3349 347 50 généralisation
1893 3361 54 27 ne
1970 3349 167 39 saurait

152 3424 87 37 être
259 3420 340 54 qu'incomplète
619 3428 42 33 et
680 3423 313 46 mensongère.

207 3488 88 42 Car
317 3490 38 40 la
379 3489 332 41 centralisation
742 3489 233 50 artistique
1016 3495 65 32 est
1118 3486 133 40 chose
1279 3487 308 39 relativement
1627 3488 186 37 récente.
1853 3483 88 42 Des
1971 3486 166 49 grands

154 3559 235 39 musiciens
411 3558 57 42 du
487 3571 69 27 xvi
561 3561 15 18 e
581 3588 11 18 ,
614 3556 58 44 du
703 3570 87 29 xvn
795 3560 15 19 e
828 3564 42 36 et
885 3555 60 44 du
967 3569 104 26 xvm
1077 3558 15 19 e
1111 3553 146 50 siècle,
1282 3558 145 36 même
1451 3553 52 41 de
1536 3566 106 28 ceux
1667 3554 73 52 qui
1785 3551 234 45 établirent
2043 3560 94 34 tant
