3297 4325
2370 3805 403 50 FÉVRIER-MARS
2803 3818 88 37 1921

769 3826 66 35 LÀ
886 3813 123 48 CïTÉ

1755 3807 86 47 104

1531 262 127 9 ■■■■•
1664 262 315 9 mmmvwmmmmmmmm
1987 262 21 8 m
2013 262 317 9 mwrwmmmmmmmmm
2338 262 32 8 im
2377 262 20 8 H
2404 262 20 8 H
2431 262 19 8 m
2457 262 45 9 mm

1175 294 1292 44 BIBLIOGRAPHIE

709 506 71 42 LE
806 506 401 42 MOUVEMENT
1235 506 374 44 COMMUNAL.
1733 508 59 42 M.

642 569 80 41 Ch.
759 569 56 41 de
846 567 231 43 Gronckel
1108 586 25 23 a
1166 572 279 44 commencé,
1481 570 111 42 dans
1625 571 62 40 les
1718 588 52 23 nu-

640 633 150 38 méros
830 630 59 42 de
922 632 178 50 janvier
1136 642 44 30 et
1219 630 176 48 février,
1437 631 42 42 la
1515 632 280 50 publication

641 691 138 42 d'une
853 692 316 50 remarquable
1209 692 135 42 étude
1384 711 72 24 sur
1493 694 64 41 les
1594 694 201 42 bureaux

642 753 28 42 d
693 752 203 52 hygiène.
925 752 86 42 Ces
1032 757 214 38 numéros
1268 772 115 24 nous
1405 766 244 40 apportent
1672 755 99 42 d'au-

640 824 66 31 tre
735 826 103 39 part
866 831 89 25 une
984 815 375 43 documentation
1391 817 267 42 abondante
1686 816 88 43 clas-

639 878 76 40 sée
752 893 107 25 sous
898 877 80 41 des
1016 877 234 51 rubriques
1289 878 211 42 diverses.
1545 879 123 42 Celle
1741 880 56 40 de

642 936 285 44 l'habitation
962 956 113 24 nous
1112 941 109 40 tient
1253 957 57 24 au
1345 952 190 31 courant
1568 941 57 42 de
1659 941 118 41 l'acti-

639 1000 93 40 vité
763 1002 226 40 naissante
1023 1000 80 42 des
1135 1001 330 51 municipalités
1496 1002 166 52 belges.

708 1167 80 43 DE
827 1169 332 42 BOUWGIDS
1204 1170 252 51 (Anvers).
1667 1171 129 41 Cette

641 1232 295 40 intéressante
974 1248 135 24 revue
1149 1235 123 39 avait
1310 1251 59 23 un
1408 1244 155 40 aspect
1605 1234 192 50 quelque

640 1308 89 35 peu
757 1292 200 42 démodé
986 1304 43 30 et
1056 1296 73 48 qui
1155 1297 266 40 contrastait
1448 1312 110 24 avec
1585 1295 62 41 les
1674 1295 123 41 idées

639 1357 330 49 progressistes.

710 1416 96 42 Elle
836 1419 124 39 vient
993 1416 58 42 de
1082 1417 113 42 faire
1225 1436 117 32 peau
1373 1436 158 24 neuve.
1567 1419 103 42 Non
1701 1435 72 25 seu-

641 1478 170 42 lement
844 1478 42 41 la
919 1482 309 47 présentation
1265 1480 364 51 typographique
1694 1480 104 41 s'est

642 1540 301 47 modernisée,
1007 1558 54 24 en
1123 1541 230 43 devenant
1411 1542 98 50 plus
1568 1543 224 45 luxueuse,

642 1605 111 38 mais
815 1602 39 42 le
917 1603 167 41 conseil
1150 1604 56 40 de
1270 1604 234 42 rédaction
1567 1604 231 42 lui-même

641 1680 25 25 a
722 1663 98 42 subi
850 1681 87 25 une
995 1666 148 49 légère
1199 1666 190 41 refonte.
1451 1666 124 41 Nous
1630 1682 138 25 remar-

642 1743 147 33 quons
826 1742 111 25 avec
973 1729 92 48 joie
1103 1745 86 33 que
1228 1727 61 42 M.
1331 1727 124 42 Edw.
1499 1727 223 47 Léonard,
1764 1731 32 37 si

640 1788 451 50 sympathiquement
1119 1806 149 24 connu
1303 1790 56 40 de
1392 1807 81 23 nos
1506 1790 199 45 lecteurs,
1742 1805 53 25 en

641 1866 203 25 assurera
873 1849 289 43 dorénavant
1185 1850 43 41 le
1253 1854 269 39 secrétariat.

710 1910 63 42 Le
834 1914 189 39 numéro
1091 1912 57 42 de
1208 1915 187 49 janvier,
1433 1913 363 41 abondamment

642 1972 181 47 illustré,
854 1973 153 42 donne
1033 1973 42 41 la
1104 1974 62 41 fin
1196 1973 136 43 d'une
1358 1978 277 46 importante
1662 1975 134 41 étude

644 2051 71 24 sur
758 2035 64 40 les
865 2034 129 41 bains
1039 2035 175 50 publics
1261 2035 80 40 des
1386 2036 411 50 quartiers-jardins

642 2095 270 43 hollandais.

711 2157 127 43 Dans
879 2159 41 40 le
961 2161 189 39 numéro
1195 2159 56 42 de
1294 2159 163 41 février
1499 2176 46 24 se
1587 2170 210 31 trouvent

640 2219 260 51 reproduits
933 2220 215 50 quelques
1178 2223 252 47 spécimens
1462 2221 56 41 de
1551 2220 223 43 l'architec-

642 2291 97 32 ture
767 2281 288 52 domestique
1080 2281 286 42 hollandaise
1392 2293 43 31 et
1460 2300 88 23 une
1575 2283 137 41 étude
1742 2284 55 39 de

641 2342 231 43 Stanleurs
910 2361 71 24 sur
1019 2361 83 24 nos
1140 2343 158 51 églises
1338 2343 177 42 rurales.
1559 2344 238 50 Signalons

644 2404 113 43 dans
799 2405 62 41 les
901 2404 136 42 échos
1076 2423 88 23 une
1203 2408 293 39 intéressante
1536 2406 260 49 polémique

643 2477 128 32 entre
804 2466 63 42 les
902 2466 264 43 architectes
1201 2466 136 42 Huib.
1376 2467 146 41 Hoste
1558 2479 42 29 et
1635 2467 53 41 D.
1728 2467 69 40 De

642 2528 99 41 Vos
778 2546 56 23 au
871 2533 117 47 sujet
1025 2528 60 41 du
1120 2531 227 39 caractère
1383 2529 316 42 international
1740 2547 55 23 ou

642 2590 202 51 régional
877 2590 57 40 de
963 2589 328 42 l'architecture
1319 2590 233 42 moderne.

711 2735 297 43 BULLETIN
1068 2735 79 41 DE
1207 2734 265 43 L'OFFICE
1531 2735 112 42 DES
1701 2735 63 42 RE-

642 2797 186 42 GIONS
863 2796 369 43 DEVASTEES.
1374 2796 171 51 Depuis
1580 2797 217 51 plusieurs

642 2862 117 39 mois
797 2877 113 23 nous
949 2876 144 24 avons
1130 2858 177 51 négligé
1347 2859 57 41 de
1441 2862 112 38 tenir
1592 2876 82 24 nos
1712 2858 63 42 lec-

644 2931 117 32 teurs
798 2938 56 24 au
889 2930 190 32 courant
1116 2921 78 40 des
1230 2919 177 42 articles
1441 2920 176 50 publiés
1686 2921 111 41 dans

642 2994 117 30 cette
786 2999 136 25 revue
951 2994 43 30 et
1021 2985 264 48 présentant
1313 2982 344 50 quelqu'intérêt
1684 2999 114 33 pour

644 3044 287 42 l'architecte.
966 3044 240 51 Signalons
1235 3060 86 35 que
1353 3044 112 41 dans
1495 3044 62 41 les
1587 3048 210 37 numéros

644 3106 27 42 6
700 3107 57 41 de
781 3109 93 48 juin
901 3117 43 32 et
970 3105 26 42 8
1027 3106 57 42 de
1109 3105 260 51 septembre
1404 3105 120 41 1920
1554 3124 58 23 on
1638 3117 159 30 trouve

642 3168 41 42 la
712 3168 323 51 reproduction
1066 3168 137 42 d'une
1232 3170 143 48 partie
1404 3167 79 41 des
1510 3170 287 39 menuiseries

642 3231 336 41 standardisées
1006 3231 257 49 fabriquées
1289 3246 82 33 par
1396 3227 183 43 l'Office
1606 3229 79 41 des
1712 3228 56 41 Ré-

643 3295 129 48 gions
800 3292 250 42 dévastées.

710 3354 84 42 Les
826 3356 235 40 intéressés
1095 3365 201 39 peuvent
1331 3352 226 42 d'ailleurs
1622 3352 176 42 obtenir

644 3419 320 48 gratuitement
1000 3415 40 42 le
1079 3416 239 49 catalogue
1389 3413 203 52 complet
1630 3414 58 41 de
1724 3431 73 24 ces

642 3480 290 41 menuiseries
955 3495 53 24 en
1033 3495 54 24 en
1111 3477 164 42 faisant
1296 3476 42 42 la
1363 3475 231 41 demande
1624 3474 169 51 (ORD,

650 3540 36 47 1,
719 3558 78 24 rue
826 3540 258 48 Montoyer,
1119 3537 275 50 Bruxelles).
1427 3537 60 40 Le
1516 3539 188 39 numéro
1742 3537 8 39 1
1776 3536 8 40 1

652 3601 271 51 (décembre
962 3600 148 51 1920)
1150 3617 115 26 nous
1323 3599 81 42 fait
1462 3601 234 38 connaître
1757 3597 40 41 le

1877 506 369 51 quartier-jardin
2274 510 217 39 construit
2519 525 88 24 aux
2634 508 171 42 abords
2838 509 194 51 d'Ypres

1877 579 45 30 et
1961 568 234 50 reproduit
2236 568 42 41 le
2317 569 107 50 plan
2466 569 57 41 de
2564 570 349 50 quelques-unes
2954 572 79 40 des

1874 640 104 31 cent
2004 632 198 38 maisons
2230 633 73 47 qui
2331 631 68 49 s'y
2427 631 191 42 élèvent.

1932 775 67 34 LA
2029 775 279 42 QUINZAINE
2338 776 231 35 URBAINE.
2686 778 106 34 Dans
2825 779 31 33 le
2888 779 66 33 but
2984 779 50 33 de

1879 839 228 40 renseigner
2166 852 60 19 ses
2287 838 211 35 adhérents
2561 854 67 19 sur
2690 840 35 34 la
2760 841 114 41 façon
2937 840 94 35 dont

1877 897 55 35 les
1997 898 225 43 problèmes
2291 899 190 36 touchant
2551 905 21 30 à
2641 901 36 34 la
2744 904 60 32 vie
2878 911 34 25 et
2980 917 51 19 au

1874 960 325 42 développement
2230 962 66 33 des
2327 962 331 42 agglomérations
2690 964 268 33 communales
2989 979 39 19 se

1874 1030 138 32 posent
2040 1022 96 33 dans
2161 1022 54 34 les
2244 1023 126 34 divers
2399 1032 162 30 centres,
2591 1033 82 25 tant
2701 1040 46 18 en
2777 1025 146 34 France
2953 1039 74 28 que

1872 1083 97 33 dans
2008 1083 54 33 les
2098 1092 131 25 autres
2265 1098 95 27 pays
2398 1085 46 33 de
2483 1095 19 24 «
2539 1085 155 35 l'Union
2733 1086 65 34 des
2836 1086 119 35 Villes
2991 1096 38 24 et

1873 1143 240 35 Communes
2142 1146 45 33 de
2217 1145 146 34 France
2391 1157 19 23 »
2439 1149 105 31 vient
2572 1146 321 43 d'entreprendre
2923 1148 86 34 l'édi-

1874 1207 80 32 tion
1986 1206 115 33 d'une
2133 1221 115 19 revue
2277 1206 271 35 bi-mensuelle
2580 1219 20 23 «
2629 1209 52 33 La
2709 1209 218 42 Quinzaine
2957 1209 47 34 Ur-

1872 1266 113 34 baine
2012 1277 33 24 ».

1929 1339 61 34 On
2022 1354 24 27 y
2077 1348 195 30 trouvera,
2307 1355 70 26 par
2410 1344 216 39 quinzaine,
2660 1343 45 33 de
2738 1343 137 34 brèves
2906 1344 99 34 infor-

1874 1402 166 32 mations
2069 1416 64 18 sur
2161 1416 42 19 ce
2233 1405 65 39 qui
2328 1416 40 19 se
2399 1412 183 34 rapporte
2611 1418 49 19 au
2688 1404 338 35 fonctionnement

1872 1471 36 24 et
1938 1465 20 29 à
1988 1461 8 34 1
2016 1465 265 39 organisation
2312 1463 45 34 de
2387 1465 36 33 la
2450 1466 60 32 vie
2541 1465 247 42 municipale,
2822 1469 205 39 envisagée

1872 1522 51 35 du
1952 1525 110 40 point
2091 1524 45 34 de
2166 1538 74 21 vue
2269 1525 131 39 social,
2433 1528 272 41 économique,
2735 1527 289 39 administratif,

1871 1587 22 31 à
1926 1584 9 34 1
1953 1588 301 39 aménagement
2286 1594 37 26 et
2353 1589 22 31 à
2406 1586 231 35 l'extension
2671 1588 67 34 des
2771 1592 93 31 cités
2900 1598 45 29 et,
2981 1590 44 33 de

1872 1645 115 42 façon
2064 1647 194 42 générale,
2299 1651 21 30 à
2360 1647 300 36 l'amélioration
2699 1651 67 33 des
2804 1651 221 33 conditions

1872 1707 21 32 d
1913 1710 194 31 existence
2136 1708 98 34 dans
2265 1708 33 34 le
2330 1709 113 34 cadre
2476 1710 45 34 de
2551 1710 35 33 la
2617 1710 99 35 ville.
2749 1712 189 42 Hygiène,
2972 1712 33 33 lo-

1873 1777 167 34 gement,
2080 1769 157 35 édifices
2275 1770 161 43 publics,
2478 1772 217 41 esthétique
2735 1774 172 36 urbaine,
2949 1776 57 31 voi-

1873 1831 65 37 rie,
1976 1838 165 27 travaux
2181 1833 263 41 municipaux,
2485 1842 231 33 transports,
2755 1837 248 39 approvision-

1872 1900 189 29 nements,
2101 1892 183 39 finances,
2324 1893 134 34 modes
2494 1895 46 34 de
2577 1898 149 38 gestion
2762 1896 67 34 des
2866 1898 161 33 intérêts

1871 1966 279 26 communaux,
2190 1968 152 20 œuvres
2379 1954 175 40 sociales,
2592 1956 306 38 intellectuelles,
2940 1966 84 29 etc.,

1874 2022 174 26 rentrent
2079 2014 96 35 dans
2203 2014 34 35 le
2267 2029 252 29 programme
2550 2017 46 34 de
2627 2032 42 20 ce
2698 2020 230 41 périodique
2960 2022 65 39 qui

1873 2074 189 35 s'adresse
2088 2076 362 41 particulièrement
2478 2081 22 30 à
2528 2088 87 24 tous
2642 2093 109 25 ceux,
2782 2080 92 39 élus,
2907 2081 95 34 admi-

1872 2138 242 37 nistrateurs,
2152 2138 320 40 fonctionnaires,
2507 2140 252 39 techniciens,
2799 2144 65 39 qui
2901 2151 67 25 ont
3005 2146 20 30 à

1871 2196 206 45 s'occuper
2107 2198 67 35 des
2204 2201 202 40 questions
2436 2201 194 34 urbaines.

1928 2259 50 33 Le
2006 2261 85 39 prix
2122 2260 46 34 de
2197 2260 10 33 1
2226 2260 265 35 abonnement
2521 2272 55 24 est
2605 2263 46 33 de
2690 2263 41 33 18
2765 2263 129 35 francs
2925 2280 101 26 pour

1872 2319 35 35 la
1931 2319 158 40 France,
2116 2320 50 35 20
2192 2321 130 35 francs
2348 2337 100 27 pour
2471 2322 221 44 l'étranger.
2726 2324 208 43 (Librairie
2959 2326 44 34 Er-

1872 2390 82 25 nest
1982 2382 191 42 Leroux).

2094 2538 714 71 CONFERENCES

1931 2684 18 21 «
1982 2672 136 34 Cercle
2145 2673 183 32 d'Etudes
2356 2687 101 27 pour
2484 2675 228 33 Géomètres
2742 2688 17 21 »
2792 2686 35 23 et
2857 2688 17 21 <(
2907 2678 120 40 Kring

1874 2747 96 19 voor
1999 2735 252 33 Bouwkunde
2283 2746 33 30 »,
2347 2735 207 34 d'Anvers.
2587 2736 50 33 XI
2641 2743 15 16 e
2685 2738 125 32 année
2842 2738 184 33 d'études,

1956 2795 50 34 Le
2037 2795 145 35 samedi
2215 2795 48 34 26
2297 2811 114 23 mars,
2441 2796 49 34 M.
2523 2796 43 34 N.
2597 2797 194 39 Rossaert,
2824 2800 205 40 ingénieur

1873 2856 87 35 civil
1999 2860 21 30 à
2056 2857 166 38 Anvers,
2262 2857 130 34 donna
2429 2873 75 19 une
2543 2861 196 31 troisième
2779 2860 246 33 conférence.

1874 2919 108 40 Sujet
2006 2935 5 17 :
2035 2931 18 21 «
2078 2921 55 32 De
2154 2919 36 34 la
2211 2922 269 32 construction
2502 2921 46 33 de
2570 2922 36 32 la
2627 2921 179 41 fabrique
2827 2923 46 31 de
2896 2923 132 39 plomb

1875 2989 37 24 et
1938 2981 47 33 de
2009 2980 318 43 désargentation
2354 2984 46 31 de
2428 2983 132 32 Fiume
2590 2994 19 21 »
2638 2985 64 39 qui
2731 2983 57 34 fut
2817 2986 211 31 construite

1874 3057 90 18 sous
1995 3057 40 19 sa
2067 3043 188 34 direction
2287 3055 18 21 «
2337 3052 37 25 et
2404 3044 327 39 principalement
2760 3044 38 34 la
2827 3052 178 26 construc-

1875 3105 80 32 tion
1981 3112 37 25 et
2041 3105 34 33 le
2098 3105 339 34 fonctionnement
2462 3106 66 32 des
2553 3106 110 32 fours
2686 3117 32 21 ».
2744 3105 108 34 Avec
2877 3109 129 39 projec-

1874 3167 101 32 tions
2001 3175 34 23 et
2059 3166 152 41 photos.

1931 3227 103 33 Pour
2069 3227 172 34 clôturer
2274 3227 151 34 l'année
2460 3227 185 39 d'études,
2683 3243 76 19 une
2794 3229 233 33 conférence

1877 3302 86 21 sera
1992 3288 164 38 donnée,
2187 3288 33 34 le
2252 3288 123 35 mardi
2410 3289 41 34 12
2485 3298 175 29 courant,
2693 3304 71 27 par
2791 3287 49 36 M.
2872 3290 68 33 Th.
2973 3290 55 33 De

1875 3350 146 38 Belder,
2048 3353 198 39 géomètre
2268 3352 87 40 juré
2379 3353 20 31 à
2420 3350 166 35 Anvers.
2611 3350 108 42 Sujet
2744 3365 5 19 :
2775 3362 19 23 «
2817 3352 52 32 La
2891 3351 51 34 loi
2963 3365 67 20 sur

1874 3411 55 34 les
1954 3413 127 40 loyers
2107 3420 38 26 et
2169 3425 67 20 son
2264 3413 239 39 application
2530 3424 31 22 ».

1932 3474 111 33 Cette
2074 3473 233 34 conférence
2337 3487 96 20 aura
2462 3474 75 34 lieu
2566 3473 96 34 dans
2689 3473 34 35 le
2752 3473 100 34 local
2883 3484 20 24 «
2931 3472 96 35 Café

1876 3534 127 36 Suisse
2041 3545 32 28 »,
2112 3534 111 43 place
2260 3535 134 40 Verte,
2434 3538 21 30 à
2491 3534 164 39 Anvers,
2695 3537 171 40 premier
2905 3538 121 39 étage,

1875 3610 72 28 par
1973 3596 162 35 l'entrée
2163 3599 174 39 séparée.
