3297 4325
1983 3831 402 50 FÉVRIER-MARS
2440 3844 90 37 1921

1449 3831 61 48 85

404 3844 71 38 LÀ
527 3843 126 39 CITE

459 442 65 40 fin
553 441 30 41 d
602 441 261 47 émanciper
891 453 50 24 ce
969 435 106 53 qu'il
1103 453 26 24 a
1159 435 58 41 de
1244 435 204 42 meilleur
1476 452 56 24 en
1561 434 57 41 lui
1741 452 113 23 nous
1884 453 113 23 nous
2028 446 219 30 trouvons
2276 435 191 51 parfaite-

458 526 128 31 ment
616 531 54 24 en
704 512 120 42 droit
856 512 57 40 de
945 510 95 42 dire
1073 528 86 33 que
1190 528 115 23 nous
1336 526 200 25 sommes
1567 512 27 38 à
1625 510 170 41 l'heure
1826 509 191 41 actuelle
2048 526 167 26 encore
2247 509 64 42 les
2345 526 23 26 «
2401 513 66 48 pri-

461 589 140 41 mitifs
625 604 22 25 »
676 588 57 40 de
756 587 116 49 l'âge
898 585 61 42 du
982 585 280 42 Mécanisme
1288 587 74 48 qui
1383 587 125 39 vient
1532 584 57 41 de
1613 600 303 25 commencer.

594 661 78 47 Or,
705 660 177 50 chaque
909 663 84 46 âge
1023 659 58 41 de
1108 658 266 42 l'humanité
1404 677 24 22 a
1458 676 49 23 su
1536 658 225 41 atteindre
1790 676 57 23 un
1879 669 206 31 moment
2117 660 152 40 donné
2298 677 89 24 une
2418 661 73 39 ère

461 737 57 41 de
539 736 136 41 haute
697 733 185 47 culture,
912 736 134 47 après
1069 751 87 24 une
1182 736 88 39 très
1295 733 166 50 longue
1485 733 190 50 période
1702 734 57 41 de
1786 736 338 38 tâtonnements
2149 736 247 49 primaires.

595 810 125 41 Nous
755 825 200 24 sommes
992 825 165 25 encore
1195 811 87 38 très
1321 808 199 50 éloignés
1559 808 57 41 de
1653 819 116 30 cette
1806 809 191 49 période
2036 808 57 41 de
2130 808 137 41 haute
2302 808 184 41 culture.

460 884 125 43 Nous
611 900 200 25 sommes
839 899 166 24 encore
1030 899 55 24 en
1111 882 122 51 plein
1264 882 113 42 dans
1404 882 63 41 les
1495 885 339 39 tâtonnements
1860 885 235 48 primaires
2122 895 140 38 quant
2289 886 25 38 à
2343 882 129 44 l'utili-

459 961 160 43 sation,
649 975 115 33 pour
791 957 79 41 des
895 957 87 40 fins
1006 955 267 43 hautement
1295 957 248 47 humaines,
1576 957 337 51 d'acquisitions
1941 957 272 51 techniques,
2243 969 156 35 certes,
2430 975 59 23 un

459 1050 90 32 peu
570 1032 100 50 plus
691 1030 313 51 compliquées
1025 1049 88 32 que
1136 1031 40 41 le
1199 1031 200 50 procédé
1425 1032 59 41 de
1506 1031 40 42 la
1569 1035 146 47 pierre
1739 1032 150 41 taillée
1910 1032 247 42 succédant
2179 1036 26 37 à
2227 1032 114 42 celui
2366 1032 58 41 de
2447 1032 41 40 la

458 1110 145 47 pierre
635 1105 172 42 éclatée
839 1123 88 24 aux
959 1116 147 40 temps
1138 1105 366 52 préhistoriques,
1541 1109 125 43 mais,
1702 1109 295 48 proportions
2030 1106 205 51 gardées,
2271 1124 83 33 pas
2387 1107 99 50 plus

457 1197 176 34 grosses
663 1180 59 42 de
750 1183 337 47 conséquences
1115 1180 286 50 biologiques
1430 1197 116 34 pour
1576 1180 265 43 l'humanité
1873 1180 339 52 d'aujourd'hui
2244 1198 87 33 que
2359 1198 56 24 ne
2445 1180 42 41 le

459 1254 68 42 fut
554 1265 116 30 cette
699 1253 196 51 capitale
920 1256 266 48 acquisition
1216 1253 331 52 préhistorique
1573 1272 118 34 pour
1719 1253 264 43 l'humanité
2015 1255 180 41 d'alors.

592 1338 247 42 Revenons
877 1355 58 23 un
977 1341 179 43 instant,
1200 1342 294 43 maintenant,
1538 1342 26 37 à
1605 1350 129 30 notre
1775 1342 145 38 vision
1962 1338 343 42 monumentale
2346 1339 58 41 de
2444 1338 42 41 la

458 1413 99 41 Cité
583 1413 224 45 humaine,
838 1430 56 23 au
919 1429 132 24 cours
1077 1413 79 40 des
1183 1416 104 47 âges
1317 1430 8 23 :
1353 1413 126 41 Nous
1505 1429 178 33 voyons
1710 1430 86 33 que
1820 1412 177 51 chaque
2023 1416 73 37 ère
2125 1413 361 41 d'urbanisation

457 1489 293 39 caractérisée
804 1505 25 21 a
865 1491 207 46 toujours
1107 1490 70 38 été
1215 1490 377 47 contemporaine
1630 1487 138 41 d'une
1802 1487 192 50 période
2032 1486 56 42 de
2127 1486 136 42 haute
2298 1487 184 41 culture.

457 1558 55 45 Et
541 1578 114 24 nous
683 1578 180 32 voyons
893 1564 116 37 aussi
1040 1561 180 41 aboutir
1249 1560 203 41 chacune
1484 1561 57 40 de
1571 1577 74 24 ces
1676 1564 95 38 ères
1804 1561 231 40 distinctes
2067 1561 361 41 d'urbanisation
2460 1564 26 37 à

456 1653 59 24 un
546 1651 21 26 «
595 1651 202 35 paysage
821 1636 158 40 urbain
1009 1651 22 24 »
1062 1638 375 47 caractéristique.

525 1719 127 42 Dans
685 1718 270 53 l'Antiquité
990 1736 194 33 grecque
1214 1737 7 22 :
1259 1719 288 50 l'Acrcpole;
1585 1722 26 38 à
1646 1718 162 47 Rome,
1848 1719 41 41 le
1923 1717 147 51 Camp
2107 1718 220 46 militaire,
2366 1718 12 41 l
2398 1735 88 23 une

459 1806 44 30 et
544 1794 159 41 l'autre
745 1811 56 23 au
844 1793 107 50 plan
993 1796 240 48 préconçu.
1280 1794 75 40 Au
1400 1793 172 50 Moyen
1615 1797 97 47 âge,
1759 1793 42 41 la
1844 1792 99 42 Cité
1988 1792 232 51 gothique,
2265 1810 57 23 au
2366 1794 121 38 tracé

462 1884 22 25 «
513 1868 313 50 subspontané
855 1884 39 25 ».
927 1867 106 41 Aux
1059 1867 172 51 Temps
1256 1867 247 41 modernes
1532 1885 8 22 :
1571 1867 42 41 la
1641 1867 99 41 Cité
1769 1867 57 41 de
1853 1867 42 40 la
1923 1867 318 46 Renaissance,
2274 1869 73 48 qui
2377 1866 111 40 dure

458 1958 175 25 encore.
668 1941 58 50 T3
727 1960 11 12 r
740 1945 159 47 piques
930 1952 148 30 toutes
1108 1958 82 33 par
1220 1941 40 41 le
1288 1944 230 39 caractère
1546 1958 170 34 propre
1747 1942 61 40 du
1838 1940 107 51 plan
1977 1940 58 42 de
2065 1940 43 42 la
2139 1940 112 47 Cité,
2286 1940 63 42 les
2380 1943 108 38 trois

456 2018 245 48 premières
731 2016 57 41 de
813 2033 76 24 ces
916 2016 213 50 périodes
1158 2015 361 42 d'urbanisation
1548 2027 80 29 ont
1654 2032 51 24 su
1733 2015 198 50 parfaire
1959 2015 40 40 le
2027 2014 125 51 cycle
2179 2015 309 49 urbanistique

457 2102 43 30 et
536 2090 227 42 atteindre
799 2090 39 40 le
877 2100 142 32 terme
1058 2090 408 41 d'aboutissement
1503 2089 58 41 de
1597 2099 126 32 toute
1759 2089 192 51 période
1988 2088 232 51 complète
2260 2088 202 42 d'urbani-

455 2166 149 39 sation
632 2182 8 23 :
671 2164 284 41 c'est-à-dire
985 2164 41 41 le
1054 2180 200 34 paysage
1284 2164 159 41 urbain
1473 2166 266 39 caractérisé
1770 2180 83 34 par
1882 2180 89 25 une
2001 2163 308 42 architecture.
2345 2163 77 47 Or,
2458 2163 27 40 il

456 2238 78 50 n'y
567 2241 73 38 eût
674 2238 297 41 architecture
1002 2238 225 47 nouvelle,
1265 2254 181 25 comme
1480 2238 59 41 l'a
1573 2240 180 39 montré
1790 2238 159 51 depuis
1985 2237 260 51 longtemps
2281 2237 202 50 Berlage,

458 2329 86 33 que
569 2313 40 40 là
636 2316 58 37 où
718 2312 26 40 il
769 2330 29 31 y
823 2324 74 29 eut
921 2312 140 41 mode
1087 2329 211 25 nouveau
1323 2312 57 41 de
1405 2322 218 30 structure
1651 2330 8 22 :
1686 2312 26 40 il
1737 2328 31 34 y
1790 2330 25 22 a
1841 2328 88 24 une
1953 2312 298 41 architecture
2275 2329 208 33 grecque,

456 2403 87 25 une
570 2386 298 42 architecture
894 2390 218 43 romaine,
1146 2403 86 24 une
1262 2386 296 41 architecture
1587 2386 229 51 gothique.

591 2461 63 41 La
678 2461 263 41 décadence
962 2460 60 42 du
1043 2460 217 51 gothique
1282 2478 56 24 ne
1360 2461 67 41 fut
1448 2478 82 33 pas
1552 2463 139 38 suivie
1715 2460 58 41 de
1795 2460 292 50 l'apparition
2112 2460 138 42 d'une
2272 2460 214 42 nouvelle

456 2534 550 43 architecture-structure.
1049 2534 62 41 La
1167 2534 305 42 Renaissance
1529 2537 216 48 inaugura
1785 2534 108 42 l'ère
1933 2534 80 41 des
2053 2534 329 47 exhumations,
2429 2534 57 42 de

456 2609 132 41 siècle
619 2627 54 24 en
705 2608 132 42 siècle
866 2609 100 51 plus
995 2609 291 42 décadentes.

590 2683 72 42 Un
687 2701 212 24 nouveau
924 2693 108 40 type
1056 2683 57 41 de
1135 2682 109 51 plan
1270 2683 57 41 de
1349 2682 106 42 ville
1478 2693 218 40 pourtant
1718 2700 47 24 se
1787 2685 243 48 préparait,
2058 2683 233 50 engendré
2314 2700 83 34 par
2422 2683 63 42 les

456 2760 330 39 circonstances
816 2776 7 22 :
858 2758 39 40 le
927 2760 121 39 tracé
1084 2772 22 26 «
1138 2760 27 38 à
1195 2756 43 42 la
1269 2757 62 41 Le
1359 2756 142 42 Nôtre
1532 2773 24 25 >
1592 2774 55 24 en
1677 2768 68 30 est
1773 2756 41 42 le
1844 2768 207 30 moment
2082 2756 219 42 essentiel.
2336 2756 75 42 On
2444 2758 42 42 le

455 2834 63 38 vit
543 2834 162 48 régner
729 2831 179 52 jusqu'à
936 2843 43 30 et
1004 2848 29 33 y
1058 2833 196 50 compris
1281 2830 283 42 Hausmann.

592 2906 30 41 Il
659 2905 116 42 offre
809 2921 165 25 encore
1009 2904 57 42 de
1099 2905 152 42 beaux
1285 2916 138 30 restes
1459 2907 26 39 à
1519 2904 279 43 l'Urbaniste
1832 2907 360 49 contemporain.
2234 2904 28 42 I!
2303 2905 179 50 répofnd

456 2980 323 49 parfaitement
799 2997 88 24 aux
906 2979 184 42 besoins
1111 2979 58 42 de
1189 2979 41 42 la
1252 2978 284 43 locomotion
1557 2978 223 43 moderne
1803 2989 45 32 et
1865 2978 75 42 n'a
1962 2996 81 33 pas
2065 2995 165 26 encore
2250 2979 233 51 engendré

455 3069 83 26 son
569 3070 23 25 «
624 3071 202 34 paysage
851 3054 163 41 urbain
1042 3069 23 26 »
1098 3052 417 51 complémentaire.

591 3127 63 42 La
686 3127 213 43 nouvelle
930 3127 537 42 architecture-structure
1500 3127 60 41 du
1591 3126 109 42 XX*
1734 3126 133 42 siècle
1900 3136 43 32 et
1976 3130 73 47 qui
2082 3142 98 26 sera
2215 3127 268 41 fatalement

456 3204 277 47 génératrice
760 3202 139 43 d'une
924 3205 74 38 ère
1022 3200 342 43 architecturale
1388 3200 226 48 nouvelle,
1643 3201 41 42 le
1707 3201 306 47 béton-armé,
2042 3200 60 42 lui
2130 3200 219 48 donnera,
2379 3218 104 25 sans

457 3274 153 49 doute,
639 3294 56 24 au
722 3294 129 24 cours
879 3276 57 42 de
960 3293 52 25 ce
1036 3276 145 47 siècle,
1211 3292 82 26 son
1325 3291 22 27 «
1376 3292 200 34 paysage
1600 3275 159 42 urbain
1785 3287 21 24 >
1833 3291 180 36 propre.

593 3349 31 43 Il
663 3362 65 30 est
765 3351 119 47 clair,
924 3368 56 24 en
1017 3349 121 48 effet,
1180 3367 86 34 que
1306 3349 57 42 de
1400 3360 148 31 toutes
1584 3360 124 40 parts
1745 3351 247 40 s'annonce
2026 3349 44 42 la
2108 3352 225 48 gestation
2372 3349 110 43 d'un

455 3424 182 49 rythme
694 3425 265 42 constructif
1018 3441 210 27 nouveau
1258 3442 7 23 :
1309 3424 96 42 cela
1446 3441 47 25 se
1531 3426 100 40 voit
1673 3423 114 43 dans
1827 3422 245 54 l'analogie
2114 3423 59 43 de
2214 3435 149 31 toutes
2418 3423 65 44 les

456 3497 262 44 recherches
744 3499 260 51 plastiques,
1034 3499 115 42 dans
1173 3499 41 42 le
1238 3497 171 44 monde
1437 3501 153 44 entier,
1620 3501 25 38 à
1670 3497 172 43 l'heure
1865 3496 204 50 actuelle,
2100 3508 44 32 et
2169 3515 103 26 sans
2298 3509 186 31 concert

458 3570 245 50 préalable.
