3297 4325
789 3847 66 38 LA
903 3833 126 50 CITÉ

1740 3810 105 86 96

2389 3825 407 51 FÉVRIER-MARS
2826 3835 90 40 1921

1406 327 379 49 URBA
1855 326 455 46 NISME

662 541 304 52 l'émigration
1034 557 102 26 vers
1208 540 64 45 les
1340 541 141 42 villes.
1559 540 232 52 Déconges-

663 605 284 41 tiannement
1033 602 82 43 des
1197 602 129 44 villes
1371 620 9 25 :
1468 606 108 40 cités
1596 629 16 7 -
1629 603 186 53 jardins,

659 664 107 44 ville
857 664 219 44 linéaires.
1171 664 176 44 Retour
1435 682 89 26 aux
1613 665 201 51 champs.

660 726 219 44 Ouvriers
957 726 259 45 industriels
1292 727 210 44 habitant
1578 728 42 42 la
1698 744 91 25 cam-

659 806 164 35 pagne.
884 788 203 44 Mesures
1137 806 116 35 pour
1305 789 44 43 le
1404 790 280 42 relèvement
1739 788 80 43 des

660 851 297 53 populations
980 851 233 52 agricoles.
1334 852 23 43 7
1362 860 16 16 e
1404 851 130 53 leçon
1562 870 10 24 :
1597 851 222 53 Politique

659 913 169 43 sociale
863 912 204 44 urbaine.
1210 912 201 45 Œuvres
1447 914 294 43 d'assistance
1776 924 43 31 et

661 975 303 44 d'assurance.
1000 975 194 43 Bourses
1251 976 61 42 du
1370 975 196 44 Travail.
1601 975 181 43 Commu-

659 1053 122 28 naux
812 1048 46 33 et
887 1037 365 44 établissements
1282 1036 188 53 publics.
1505 1038 203 43 Services
1738 1055 53 34 pu-

659 1099 113 44 blics
798 1117 11 25 :
848 1099 365 48 ravitaillement,
1254 1117 96 35 gaz,
1392 1100 254 47 électricité,
1687 1116 128 29 eaux,

658 1164 175 51 égoûts,
871 1171 267 43 transports,
1171 1172 88 32 «te.
1296 1162 206 43 Services
1537 1161 244 53 d'hygiène
1808 1178 8 25 :

658 1223 314 49 laboratoires,
1017 1224 317 48 désinfection,
1378 1224 143 48 bains,
1564 1223 252 44 habitation

667 1286 105 51 (air,
816 1286 200 48 lumière,
1061 1286 265 52 propreté).
1372 1286 164 52 Régies
1564 1304 9 24 :
1620 1286 198 42 diverses

660 1350 197 50 espèces.
886 1347 116 43 Leur
1026 1347 220 44 contrôle.
1275 1347 65 44 Le
1364 1359 298 31 mouvement
1683 1347 108 42 urba-

659 1412 207 51 nistique.

731 1615 206 45 COURS
1012 1615 119 45 SUR
1214 1614 457 45 L'HABITATION.

660 1677 182 54 Chargé
873 1678 61 43 du
962 1695 134 26 cours
1122 1696 9 24 :
1164 1677 62 44 M.
1260 1677 46 44 F.
1341 1677 202 47 Bodson,
1576 1676 242 43 architecte

660 1741 244 46 urbaniste,
939 1740 237 42 conseiller
1209 1738 240 53 technique
1480 1739 59 42 de
1568 1738 42 43 la
1640 1738 178 43 Société

661 1803 233 43 nationale
929 1803 81 42 des
1044 1801 296 43 Habitations
1373 1813 44 31 et
1453 1801 276 52 Logements
1793 1803 25 38 à

659 1864 96 45 bon
791 1863 185 44 marché
1003 1881 10 26 :

758 1927 57 42 A.
949 1925 309 45 L'habitation
1286 1942 12 26 :
1329 1941 51 27 sa
1411 1923 306 44 construction

725 1989 44 42 1®
800 1989 131 51 leçon
959 2006 10 25 :
1001 1986 309 45 L'habitation
1338 1996 45 35 et
1412 1986 42 43 le
1485 1985 331 53 régionalisme.

752 2050 309 43 L'habitation
1087 2061 45 32 et
1156 2050 64 42 les
1244 2065 243 27 nouveaux
1511 2047 225 53 procédés
1762 2047 57 41 de

663 2115 322 42 construction.
1012 2111 137 43 Leurs
1170 2113 338 50 conséquences
1530 2127 57 25 au
1609 2112 130 49 point
1762 2109 57 41 de

662 2191 90 27 vue
773 2174 62 43 du
855 2174 330 51 régionalisme.
1297 2172 26 43 2
1329 2180 16 18 e
1367 2172 131 52 leçon
1527 2190 9 23 :
1559 2170 260 44 L'habitant

661 2245 49 36 et
728 2252 86 28 son
835 2235 192 45 habitat.
1139 2235 85 43 Les
1246 2234 196 43 facteurs
1465 2234 58 42 de
1546 2233 42 43 la
1609 2236 74 39 vie
1705 2232 114 42 dans

663 2298 118 43 leurs
805 2309 214 40 rapports
1043 2313 112 26 avec
1181 2296 301 43 l'habitation.
1513 2295 209 47 Chaleur,
1752 2294 44 42 lu-

663 2363 153 44 mière,
850 2377 86 26 eau
976 2358 259 52 (humidité,
1270 2358 167 53 pluie).
1570 2356 24 42 3
1601 2365 15 16 e
1649 2357 129 49 leçon
1808 2373 8 24 :

663 2421 262 44 L'habitant
951 2429 46 36 et
1022 2437 85 28 son
1133 2419 191 44 habitat.
1447 2419 85 43 Les
1558 2418 174 43 résidus
1759 2417 60 43 de

661 2484 43 43 la
723 2486 86 40 vie.
833 2483 115 43 Leur
969 2484 283 41 évacuation.
1362 2481 49 43 4*
1433 2481 131 49 leçon
1592 2499 9 24 :
1624 2480 63 42 La
1707 2479 83 43 mai-

1898 555 84 28 son
2015 547 45 36 et
2093 555 50 27 sa
2178 539 323 43 construction.
2641 539 268 44 Desiderata
2946 558 84 25 aux-

1898 601 127 53 quels
2058 602 190 42 doivent
2280 602 243 51 répondre,
2561 601 62 43 les
2658 602 199 42 diverses
2888 605 171 50 parties

1900 663 59 44 de
1999 664 42 43 la
2079 667 308 40 construction
2436 664 160 51 (murs,
2637 665 249 51 planchers,
2931 664 100 43 fenê-

1901 736 100 37 tres,
2040 729 199 44 toitures,
2276 737 100 36 etc.,
2411 726 136 49 etc.).
2687 726 22 43 5
2717 735 15 16 e
2767 727 130 51 leçon
2926 745 9 23 :
2973 727 86 42 Les

1898 787 164 44 modes
2093 802 245 29 nouveaux
2366 788 60 43 de
2458 788 324 44 construction.
2973 788 86 42 Les

1898 849 222 44 solutions
2159 849 130 53 qu'ils
2326 861 259 41 apportent.
2628 850 115 43 Leur
2781 854 168 39 avenir.

1899 912 27 42 6
1931 919 16 18 e
1975 912 130 52 leçon
2134 931 9 23 :
2172 912 85 43 Les
2281 911 244 44 méthodes
2551 912 59 43 de
2636 912 161 43 travail
2823 910 234 45 industriel

1906 975 333 50 (construction
2265 991 55 26 en
2345 974 138 51 série)
2518 975 115 41 dans
2658 976 94 42 leur
2776 975 280 52 application

1897 1039 26 39 à
1949 1036 41 42 la
2014 1039 306 40 construction
2347 1036 80 42 des
2452 1036 289 42 habitations.
2772 1037 281 51 Avantages.

1898 1098 362 52 Conséquences.

2128 1160 47 43 B.
2306 1159 310 44 L'habitation
2644 1176 11 26 :
2685 1161 41 41 le
2757 1159 68 43 sol

1974 1222 11 43 I
2001 1229 15 19 e
2051 1221 132 53 leçon
2210 1240 10 23 :
2256 1221 63 44 Le
2352 1222 70 43 sol
2455 1230 46 35 et
2533 1238 49 26 sa
2617 1222 308 43 valorisation.

1898 1284 25 43 2
1931 1293 16 16 e
1973 1284 129 52 leçon
2131 1303 9 23 :
2167 1284 84 43 Les
2276 1284 237 44 différents
2536 1283 166 43 modes
2726 1284 61 42 de
2810 1291 158 36 tenure
2993 1284 64 42 du

1896 1345 84 44 sol.
2103 1345 25 43 3
2135 1354 15 17 e
2178 1345 131 52 leçon
2338 1364 8 23 :
2374 1346 198 50 Aspects
2597 1345 63 43 du
2685 1345 241 52 problème
2951 1345 83 42 fon-

1896 1407 105 44 cier.
2129 1408 150 43 Etude
2310 1411 246 49 comparée
2589 1408 59 42 de
2679 1408 41 42 la
2754 1410 211 40 situation
2998 1424 55 25 on

1898 1470 217 53 Belgique
2139 1482 44 30 et
2208 1470 114 42 dans
2347 1472 193 40 certains
2564 1481 149 31 autres
2738 1487 124 34 pays.

1964 1675 205 44 COURS
2189 1674 118 44 SUR
2328 1675 82 42 LA
2433 1672 530 45 NORMALISATION.

1898 1737 179 52 Chargé
2102 1737 60 43 du
2185 1754 131 26 cours
2339 1735 62 44 M.
2429 1735 122 45 Huib
2576 1735 160 49 Hoste,
2763 1735 241 43 architecte
3029 1738 26 37 à

1898 1800 181 51 Bruges.

1972 1862 11 42 I
1999 1869 16 17 e
2044 1862 131 51 leçon
2203 1878 9 24 :
2244 1860 65 44 La
2336 1859 347 44 normalisation
2712 1876 56 25 en
2797 1858 183 53 général
3010 1869 45 31 et

1900 1923 113 43 dans
2048 1923 235 43 différents
2317 1923 251 41 domaines.
2705 1921 23 42 2
2735 1929 16 16 Ç
2786 1921 130 50 leçon
2945 1938 9 24 :
2990 1920 64 43 La

1896 1984 346 44 normalisation
2272 2001 57 26 en
2358 1982 312 45 architecture.
2803 1984 36 41 1.
2874 1981 150 43 Fonde-

1898 2058 147 32 ments
2082 2048 60 41 du
2176 2049 229 41 caractère
2439 2045 327 43 architectural.
2912 2043 43 42 3®
2994 2043 40 42 le-

1898 2126 87 35 çon
2013 2127 10 24 :
2057 2109 41 43 2.
2133 2108 276 43 Possibilités
2439 2107 59 43 de
2526 2107 346 42 normalisation
2897 2123 59 25 en
2987 2123 45 24 ar-

1898 2170 256 43 chitecture.
2273 2170 28 42 4
2307 2177 14 17 e
2347 2169 130 51 leçon
2506 2187 9 23 :
2542 2168 64 44 La
2627 2167 346 45 normalisation
2996 2183 57 27 au

1898 2232 130 52 point
2060 2232 59 42 de
2149 2248 90 26 vue
2269 2231 252 54 esthétique
2555 2231 115 42 dans
2700 2231 64 41 les
2796 2241 150 40 temps
2975 2246 58 25 an-

1896 2297 124 40 ciens
2051 2304 44 32 et
2126 2297 26 39 à
2184 2293 215 52 l'époque
2430 2292 237 43 moderne.
2806 2291 21 43 5
2834 2299 16 17 e
2883 2292 131 50 leçon
3043 2309 11 23 :

1898 2355 254 44 Harmonie
2178 2366 125 32 entre
2331 2354 43 43 le
2401 2358 202 48 principe
2634 2354 58 42 de
2719 2354 41 42 la
2788 2352 239 44 normalisa-

1900 2420 93 40 tion
2030 2429 45 31 et
2111 2418 64 42 les
2213 2417 249 43 tendances
2500 2415 188 44 sociales
2726 2415 246 44 modernes
3010 2425 45 31 et

1898 2480 63 42 les
1992 2479 248 43 tendances
2270 2477 364 44 architecturales
2665 2477 256 43 modernes.
