3297 4325
1485 3826 95 93 83

2020 3847 404 48 FÉVRIER-MARS
2480 3857 88 36 1921

440 3864 68 37 LA
562 3864 125 37 CITE

484 451 200 41 manière
717 444 304 53 prodigieuse.
1060 441 207 43 Nombre
1303 440 58 41 de
1398 455 22 26 «
1458 439 296 42 Monuments
1790 453 23 26 »
1854 437 225 41 défièrent
2112 436 61 41 les
2206 435 156 41 siècles
2398 446 43 29 et
2476 434 40 41 la

481 526 146 39 vision
660 523 73 49 qui
766 536 114 25 nous
912 517 217 42 demeure
1159 519 27 38 à
1216 515 185 51 l'esprit,
1437 529 81 35 par
1550 530 84 25 nos
1664 513 191 41 lectures
1887 522 44 30 et
1961 528 84 24 nos
2078 510 154 52 leçons
2264 510 248 46 d'histoire,

486 597 59 42 du
578 613 22 24 «
633 611 201 35 paysage
863 592 161 42 urbain
1056 607 23 25 »
1115 590 58 42 de
1203 589 42 41 la
1276 588 100 42 Cité
1406 591 197 48 antique,
1637 587 58 41 de
1725 587 111 41 celle
1869 587 60 40 du
1960 585 171 52 Moyen
2161 589 98 48 âge,
2294 602 58 24 ou
2386 584 57 41 de
2475 583 41 42 la

482 672 305 41 Renaissance
818 666 212 53 jusqu'au
1060 664 111 42 XIX
1173 672 15 16 e
1221 663 147 47 siècle,
1404 676 66 29 est
1501 680 87 23 une
1621 665 147 38 vision
1801 678 193 34 presque
2027 663 296 48 uniquement
2354 676 129 24 monu-

483 743 199 44 mentale
711 761 7 22 :
750 742 182 50 l'image
962 740 58 41 de
1048 740 41 41 la
1120 739 98 41 Cité
1247 755 46 24 se
1322 755 202 34 propose
1553 740 27 38 à
1608 747 131 31 notre
1769 738 233 44 mémoire,
2036 747 139 30 avant
2205 745 100 31 tout
2333 752 82 33 par
2446 750 70 25 ses

485 818 204 51 temples,
728 833 71 25 ses
832 815 156 50 palais,
1027 830 69 25 ses
1133 813 238 42 demeures
1404 811 331 52 seigneuriales.
1775 810 121 42 Tout
1929 828 57 23 au
2022 811 99 49 plus
2156 827 87 24 une
2280 809 237 50 échappée

489 910 21 25 «
551 895 282 48 pittoresque
874 907 21 23 »
940 906 75 24 sur
1053 888 433 41 l'enchevêtrement
1529 886 78 42 des
1649 886 159 42 ruelles
1847 885 237 42 vient-elle
2125 888 167 48 réjouir
2332 883 43 41 le
2415 899 101 25 sens

484 969 288 47 romantique
805 964 142 42 hérité
982 963 60 41 du
1075 962 133 42 siècle
1244 962 57 42 de
1336 978 251 35 mensonge
1621 961 137 41 social
1794 971 45 30 et
1873 959 251 51 esthétique
2158 976 86 34 que
2281 959 80 47 fut,
2401 958 115 41 dans

482 1060 82 24 son
593 1039 245 47 ensemble,
869 1038 40 41 le
934 1037 112 42 XIX
1049 1046 13 15 e
1090 1037 133 42 siècle
1251 1049 43 29 et
1321 1037 114 41 dont
1461 1053 113 24 nous
1602 1052 199 25 sommes
1828 1034 91 42 loin
1950 1035 143 41 d'être
2119 1051 165 25 encore
2311 1032 173 51 complè-

484 1126 173 31 tement
689 1129 23 27 «
747 1115 203 48 ressuyés
981 1128 41 26 ».

618 1198 31 42 Il
681 1211 66 29 est
773 1199 96 41 bon
901 1197 225 42 d'insister
1155 1196 194 52 quelque
1378 1213 89 35 peu
1496 1213 72 24 sur
1597 1206 119 31 cette
1746 1195 177 41 illusion
1956 1194 238 50 d'optique
2223 1211 7 23 :

618 1283 186 52 Quelles
829 1300 88 33 que
943 1282 149 41 furent
1118 1283 62 40 les
1204 1282 171 41 formes
1402 1281 315 50 d'agrégation
1745 1279 165 42 sociale
1938 1296 85 34 que
2051 1278 266 41 l'humanité
2344 1286 172 32 connut

483 1363 27 40 à
552 1371 172 31 travers
767 1357 63 42 les
870 1357 168 46 siècles,
1085 1356 256 43 l'antithèse
1383 1366 125 31 entre
1551 1355 40 41 le
1639 1370 23 26 <
1707 1354 142 52 palais
1894 1370 22 25 »
1965 1353 80 41 des
2087 1352 257 52 privilégiés
2387 1363 45 30 et
2474 1352 40 41 le

487 1450 23 26 «
542 1433 147 43 taudis
715 1445 19 22 >
764 1432 57 41 de
846 1432 40 40 la
913 1448 148 24 masse
1084 1450 26 22 a
1138 1434 206 48 toujours
1371 1432 151 39 existé.

620 1517 125 42 Dans
785 1517 283 49 l'Antiquité,
1108 1515 109 41 chez
1256 1515 62 41 les
1354 1514 264 47 Orientaux,
1661 1514 63 40 les
1761 1513 155 46 Grecs,
1958 1512 63 41 les
2058 1511 235 46 Romains,
2333 1526 105 26 sous
2473 1509 41 41 le

484 1591 170 52 régime
698 1590 343 50 aristocratique
1070 1606 10 25 :
1124 1590 64 41 les
1231 1592 241 48 patriciens
1514 1589 209 40 habitent
1767 1587 79 41 des
1889 1585 164 52 palais;
2097 1585 44 42 la
2184 1585 138 51 plèbe
2364 1596 45 29 et
2453 1584 63 41 les

484 1667 200 41 esclaves
716 1665 205 42 habitent
954 1665 78 40 des
1065 1664 148 41 taudis
1246 1682 57 23 ou
1336 1664 80 41 des
1448 1662 415 42 étables-casernes.

620 1751 74 41 Au
731 1751 172 48 Moyen
940 1752 84 47 âge
1053 1767 8 22 :
1099 1764 105 27 sous
1238 1747 43 42 le
1317 1747 170 51 régime
1524 1746 174 52 féodal,
1736 1747 63 41 les
1836 1745 111 42 serfs
1982 1745 208 42 habitent
2229 1745 80 40 des
2345 1744 170 47 taudis;

483 1841 104 26 sous
613 1824 41 42 le
681 1824 171 51 régime
877 1822 318 43 relativement
1221 1822 343 50 démocratique
1592 1820 82 43 des
1700 1820 298 51 Communes,
2027 1820 63 42 les
2118 1818 400 51 hauts-bourgeois

484 1899 206 43 habitent
717 1900 78 40 des
825 1899 237 41 demeures
1089 1900 313 48 patriciennes,
1434 1897 39 41 le
1500 1895 167 52 peuple
1695 1895 217 42 s'entasse
1942 1894 113 41 dans
2084 1893 80 42 des
2192 1893 161 42 taudis.

620 1985 106 40 Aux
751 1984 171 50 Temps
948 1983 246 41 modernes
1222 2000 8 23 :
1258 1998 105 26 sous
1388 1981 40 42 le
1455 1980 170 51 régime
1649 1978 358 52 aristocratique,
2034 1978 63 42 les
2123 1981 241 49 patriciens
2391 1977 101 41 habi-

486 2069 95 32 tent
613 2059 78 41 des
722 2058 156 51 palais,
913 2058 63 41 les
1007 2074 110 34 gens
1150 2057 60 41 du
1241 2073 216 24 commun
1488 2058 158 40 vivent
1677 2055 115 41 dans
1825 2054 79 41 des
1937 2053 167 47 taudis;
2139 2069 105 26 sous
2275 2052 41 41 le
2347 2051 171 51 régime

1060 2132 62 40 les
1159 2130 256 52 privilégiés
1454 2130 207 42 habitent
1700 2129 79 41 des
1818 2128 148 42 hôtels
2004 2130 164 49 privés,
2213 2128 63 40 les
2314 2125 205 43 manuels

484 2211 283 47 croupissent
792 2207 114 41 dans
933 2206 79 42 des
1038 2206 159 42 taudis.

620 2293 55 42 Et
698 2297 32 36 si
753 2292 93 41 l'on
871 2303 108 30 veut
1002 2309 45 23 se
1073 2292 110 40 faire
1207 2308 87 24 une
1315 2290 105 42 idée
1442 2290 100 50 plus
1563 2292 124 38 vraie
1714 2289 57 41 de
1796 2288 41 42 la
1862 2288 99 41 Cité
1986 2290 198 48 antique,
2212 2296 302 36 notamment,

485 2368 26 41 il
541 2380 66 28 est
633 2368 94 40 bon
760 2368 58 40 de
844 2385 49 23 se
921 2378 205 39 reporter
1154 2368 26 38 à
1209 2366 192 40 certains
1430 2374 177 40 aspects
1637 2380 166 25 encore
1830 2363 171 40 actuels
2031 2362 57 41 de
2118 2359 396 51 Constantinople,

487 2441 60 42 du
569 2442 144 46 Caire,
740 2442 56 40 de
818 2440 252 52 Jérusalem
1093 2459 59 22 ou
1176 2440 204 50 d'Alger,
1408 2456 82 34 par
1512 2438 221 50 exemple.
1761 2437 74 41 On
1856 2453 98 25 sera
1978 2436 100 51 plus
2100 2438 105 49 près
2230 2436 56 40 de
2311 2434 41 42 la
2374 2437 144 39 vérité

486 2533 87 33 que
600 2516 171 41 devant
798 2515 63 41 les
891 2532 22 24 «
944 2525 211 31 savantes
1183 2530 22 24 »
1237 2516 367 39 reconstitutions
1633 2530 54 24 en
1714 2511 141 42 belles
1883 2514 170 47 images
2082 2528 115 33 pour
2226 2510 41 41 la
2293 2514 221 47 jeunesse,

487 2589 111 42 dues
628 2607 90 24 aux
747 2589 170 52 grands
950 2589 211 42 docteurs
1194 2587 360 51 ès-archéologie
1588 2587 60 41 du
1679 2586 111 43 XIX
1793 2594 14 16 e
1840 2585 146 42 siècle.

611 2675 32 42 Il
684 2674 339 52 appartiendra,
1069 2673 277 47 semble-t-il,
1393 2674 25 39 à
1461 2673 42 41 la
1545 2672 177 42 Société
1763 2670 266 42 réellement
2070 2667 348 52 démocratique
2460 2667 60 41 de

487 2751 197 46 demain,
721 2751 57 40 de
809 2750 111 41 faire
954 2749 281 51 disparaître,
1270 2757 43 31 et
1342 2764 116 34 pour
1489 2746 42 41 la
1563 2756 127 31 toute
1720 2747 222 49 première
1976 2744 99 47 fois,
2112 2744 41 40 le
2184 2742 148 42 taudis
2364 2742 154 51 abject

487 2842 87 33 que
609 2825 42 41 la
687 2824 178 42 Société
900 2820 546 54 pseudo-démocratique
1483 2818 342 53 d'aujourd'hui
1862 2837 25 23 a
1923 2820 133 49 porté
2093 2820 26 39 à
2154 2834 83 24 son
2274 2817 99 50 plus
2409 2815 109 43 haut

488 2899 138 51 degré
656 2899 59 42 de
742 2902 212 38 nuisance
981 2909 45 30 et
1053 2897 29 41 d
1100 2896 200 47 horreur,
1333 2896 113 41 dans
1474 2895 63 42 les
1564 2894 198 52 grandes
1787 2892 217 52 capitales
2034 2909 54 25 en
2116 2891 269 52 particulier.

621 2985 66 41 Or
711 2987 119 39 voici
858 2984 137 51 qu'au
1020 2993 208 31 moment
1255 2984 183 49 présent
1464 2998 114 24 nous
1606 2996 113 26 nous
1749 2991 217 30 trouvons
1994 2980 26 39 à
2049 2977 214 51 l'époque
2290 2974 226 53 primitive

488 3059 137 42 d'une
656 3062 73 39 ère
761 3059 213 42 nouvelle
1004 3057 358 42 d'urbanisation
1392 3073 8 22 :

625 3144 83 42 Les
744 3161 181 25 remous
961 3146 184 38 sociaux
1180 3160 87 33 que
1301 3141 93 41 l'on
1430 3152 99 30 sent
1564 3139 188 42 sourdre
1789 3155 181 24 comme
2006 3155 87 24 une
2131 3136 119 41 lame
2289 3136 57 41 de
2384 3134 128 47 fond,

489 3237 115 32 pour
630 3219 42 42 la
700 3221 225 48 première
950 3219 87 43 fois
1082 3229 79 30 ont
1188 3216 143 43 rendu
1357 3216 12 41 1
1392 3217 136 49 esprit
1555 3214 57 41 de
1641 3215 11 41 1
1674 3217 182 47 époque
1882 3214 230 40 conscient
2143 3211 55 41 de
2228 3210 41 42 la
2298 3211 219 41 nécessité

491 3293 57 42 de
569 3294 127 50 loger
719 3301 101 36 tous
842 3293 63 41 les
927 3292 209 42 hommes
1161 3292 29 42 d
1212 3308 86 25 une
1323 3291 135 50 façon
1484 3288 136 52 digne
1645 3288 29 41 d
1695 3290 115 39 êtres
1835 3286 219 42 humains.
2083 3285 38 41 C
2140 3296 70 30 est
2229 3285 42 41 là
2295 3301 90 25 une
2405 3283 113 42 base

491 3378 125 32 toute
639 3367 212 43 nouvelle
874 3384 115 34 pour
1014 3377 126 32 toute
1161 3366 309 49 urbanistique
1496 3364 159 41 future.

625 3442 191 42 D'autre
850 3454 100 38 part
1002 3442 40 41 le
1077 3440 271 52 prodigieux
1383 3438 391 51 développement
1809 3436 81 42 des
1923 3438 121 44 cités,
2081 3451 104 25 sous
2220 3433 44 42 le
2297 3436 126 48 signe
2458 3432 61 42 du

494 3531 23 26 «
548 3516 280 42 Mécanisme
858 3532 42 31 »,
933 3515 160 52 depuis
1119 3515 42 41 le
1187 3514 128 43 XIX®
1345 3513 144 47 siècle,
1522 3523 80 31 ont
1631 3511 81 42 fait
1740 3528 47 24 se
1814 3509 275 47 manifester,
2120 3525 105 25 sous
2253 3525 89 24 une
2370 3507 149 41 forme

489 3589 101 51 plus
619 3609 57 23 ou
703 3594 148 39 mJoins
880 3589 254 51 complexe,
1167 3600 125 31 toute
1320 3605 88 25 une
1436 3589 111 40 série
1577 3586 57 42 de
1662 3585 314 51 phénomènes
2006 3583 305 43 fonctionnels
2339 3582 177 46 latents,
