4419 5631
3833 5168 147 75 329

366 412 257 142 Die
718 402 1331 210 Revolutionierung
2137 422 244 136 der
2465 419 461 139 Kunst
3007 426 153 132 in
3248 419 741 142 Slovenien

366 746 487 81 Ferdinand
913 749 272 80 Delak
1246 759 158 70 und
1473 749 273 81 Heinz
1808 751 442 80 Luedecke

368 1171 185 61 Trotz
585 1171 317 77 gewisser
927 1171 593 79 Beeinflussungen
1555 1174 199 63 durch
1791 1176 123 61 den
1945 1176 178 62 Geist

372 1272 113 59 des
570 1269 244 64 Ostens
902 1270 81 63 ist
1071 1272 119 61 das
1266 1274 311 61 deutsche
1652 1276 471 64 künstlerische

372 1374 318 61 Interesse
780 1374 166 59 noch
1037 1372 229 63 immer
1337 1375 422 78 vorwiegend
1835 1381 286 59 westlich

370 1474 340 62 orientiert.
788 1474 176 62 Paris
1014 1475 77 61 ist
1141 1475 111 61 der
1296 1477 202 76 große
1530 1477 290 78 Magnet,
1869 1480 110 61 der
2021 1482 102 59 die

370 1574 219 62 Blicke
651 1575 115 60 des
824 1575 361 61 deutschen
1235 1575 376 63 Publikums
1671 1596 74 44 so
1804 1580 149 60 sehr
2011 1599 74 42 an-

370 1675 183 75 zieht,
575 1675 124 61 daß
726 1675 355 61 höchstens
1107 1675 101 63 die
1235 1679 214 61 starke
1476 1679 345 61 Sensation
1843 1680 280 63 Moskau

370 1777 93 61 sie
497 1777 339 78 zeitweilig
868 1777 239 61 einmal
1142 1778 109 60 auf
1284 1778 134 61 sich
1456 1797 76 42 zu
1562 1780 236 61 lenken
1838 1799 281 61 vermag.

372 1880 137 59 Daß
583 1880 165 59 auch
824 1878 85 61 im
983 1880 327 61 Südosten
1379 1882 293 78 Europas
1745 1882 103 61 ein
1926 1902 197 44 neuer

372 1980 596 78 Gestaltungswille
1015 1982 307 78 lebendig
1367 1983 249 75 wurde,
1667 1985 105 59 hat
1830 2002 149 42 man
2028 1985 61 59 in-

368 2082 327 61 zwischen
753 2100 78 43 zu
888 2083 202 61 sehen
1147 2088 347 58 versäumt.
1611 2085 143 61 Und
1813 2087 166 59 doch
2043 2088 78 60 ist

368 2183 241 76 gerade
666 2181 119 61 das
843 2183 355 61 Erwachen
1257 2185 112 59 der
1425 2185 354 61 modernen
1838 2188 245 60 künstle-

368 2285 256 61 rischen
675 2285 190 61 Ideen
936 2283 61 61 in
1068 2285 123 59 den
1271 2285 516 62 südslawischen
1859 2288 259 61 Staaten

370 2386 114 60 des
556 2385 270 76 größten
890 2385 352 61 Interesses
1310 2390 173 69 wert,
1554 2386 139 61 weil
1750 2388 134 59 hier
1952 2391 167 58 noch

368 2486 239 61 einmal
668 2490 117 57 das
836 2486 250 78 Ringen
1146 2505 106 42 um
1303 2488 124 61 den
1489 2505 210 46 neuen
1750 2490 141 74 Stil,
1942 2491 179 61 seine

370 2588 305 74 Genesis,
754 2588 314 63 miterlebt
1144 2591 259 60 werden
1481 2591 191 61 kann.
1781 2593 64 59 In
1918 2593 160 61 West-

363 2708 242 59 europa
677 2689 267 78 beginnt
1012 2691 206 61 schon
1288 2689 347 65 historisch
1710 2711 76 43 zu
1835 2695 284 74 werden,

363 2810 136 42 was
556 2791 85 59 im
707 2791 327 61 Südosten
1098 2791 170 61 noch
1332 2791 460 63 aufrüttelnder
1862 2794 214 77 Kampf-

365 2893 95 59 ruf
507 2891 97 61 ist.

367 3028 113 59 Ein
558 3028 361 59 besonders
993 3028 383 78 lebendiges
1452 3032 132 59 und
1662 3032 268 60 modern
2008 3048 72 61 ge-

363 3130 300 59 richtetes
721 3128 503 61 Kunstschaffen
1291 3130 225 61 besitzt
1576 3131 381 75 Slovenien,
2016 3133 100 61 ein

363 3231 209 73 Land,
648 3230 62 59 in
788 3230 310 61 welchem
1178 3230 360 76 slawische,
1608 3231 310 65 deutsche
1986 3235 132 61 und

362 3331 401 63 italienische
834 3331 327 63 Einflüsse
1232 3350 107 42 zur
1396 3333 325 78 Synthese
1789 3335 112 61 mit
1969 3336 145 61 dem

362 3435 162 60 eben
561 3435 473 60 erwachenden
1080 3433 376 62 nationalen
1491 3435 623 64 Kulturbewußtsein

363 3536 278 59 streben.
722 3534 388 63 Sloveniens
1157 3534 199 78 junge
1389 3536 300 61 Künstler
1733 3540 381 72 versuchen,

360 3634 273 63 vielfach
682 3634 62 61 in
782 3634 421 78 Verbindung
1249 3636 112 59 mit
1408 3636 124 61 den
1571 3636 362 63 Futuristen
1984 3641 130 58 und

363 3736 110 61 mit
521 3736 147 61 dem
719 3734 286 61 Berliner
1420 3736 118 61 seit
1584 3736 261 80 einigen
1872 3739 242 61 Jahren

362 3836 189 61 einen
602 3853 212 44 neuen
863 3834 113 63 Stil
1024 3836 108 59 auf
1178 3836 164 61 allen
1395 3836 313 63 Gebieten
1757 3839 110 61 der
1911 3839 205 61 Kunst

362 3956 108 41 zur
517 3934 285 80 Geltung
858 3954 76 43 zu
993 3936 293 78 bringen.
1379 3937 65 61 In
1503 3937 335 78 Ljubljana
1896 3941 220 59 wurde

360 4039 112 61 der
799 4039 384 76 gegründet,
1232 4039 146 61 eine
1422 4039 377 76 Zeitschrift,
1848 4041 102 61 die
1999 4042 115 60 das

362 4139 267 76 Wagnis
699 4139 418 73 unternahm,
1188 4139 63 59 in
1298 4139 425 78 Jugoslavien
1792 4141 100 59 für
1948 4159 166 43 neue

360 4242 213 75 Ideen,
621 4242 100 60 für
766 4241 541 62 internationalen
1345 4239 180 64 Geist
1574 4244 130 59 und
1754 4244 360 61 besonders

358 4344 97 59 für
489 4344 123 59 den
656 4342 700 78 expressionistischen
1400 4342 132 63 und
1576 4344 500 61 konstruktivisti-

360 4445 200 60 schen
619 4444 110 62 Stil
793 4444 393 62 einzutreten
1268 4444 132 61 und
1479 4445 197 61 deren
1733 4445 381 78 Begründer

360 4545 532 61 Ferdinand
963 4547 286 61 Delak
1315 4545 98 63 ist.
1508 4547 120 61 Um
1677 4547 126 61 den

360 4649 212 61 schart
629 4645 136 63 sich
822 4647 148 63 eine
1015 4647 264 80 Gruppe
1335 4650 236 77 junger
1616 4649 224 74 Maler,
1889 4649 187 61 Archi-

357 4749 245 74 tekten,
678 4747 479 78 Schriftsteller,
1234 4749 289 62 Musiker
1598 4750 132 61 und
1806 4749 260 62 Bühnen-

358 4848 305 77 künstler,
712 4850 197 63 deren
946 4850 125 63 Ziel
1107 4869 73 46 es
1213 4850 99 78 ist,
1345 4852 126 63 den
1506 4850 605 81 zeitgenössischen

356 4952 392 64 kollektiven
799 4953 130 61 und
980 4953 487 63 konstruktiven
1505 4953 191 63 Ideen
1745 4972 76 44 zu
1855 4953 254 63 dienen.

2241 1176 117 61 Die
2427 1193 165 44 neue
2661 1176 471 62 künstlerische
3201 1176 414 76 Bewegung,
3681 1176 99 61 die
3848 1176 144 61 eine

2240 1279 262 59 Abkehr
2548 1296 128 42 von
2722 1281 109 57 der
2881 1279 447 76 bürgerlichen
3381 1277 613 78 Kulturauffassung

2240 1381 130 59 und
2417 1379 193 61 einen
2646 1381 247 59 Protest
2941 1397 213 60 gegen
3205 1379 325 61 überlebte
3579 1379 411 61 Traditionen

2240 1480 311 75 darstellt,
2612 1480 156 77 geht
2822 1497 127 43 von
3010 1480 334 77 Ljubljana
3411 1480 132 60 und
3594 1480 202 60 Triest
3853 1497 137 43 aus.

2240 1580 360 77 Ljubljana,
2702 1579 101 59 die
2908 1579 388 76 Hauptstadt
3394 1579 420 74 Sloveniens,
3914 1579 78 61 ist

2238 1680 408 75 Mittelpunkt
2714 1680 111 60 der
3543 1680 310 60 während
3928 1680 62 60 in

2240 1782 110 59 der
2402 1784 147 72 jetzt
2602 1780 447 61 italienischen
3098 1782 181 61 Stadt
3328 1782 200 61 Triest
3586 1782 406 61 Professor

2241 1883 354 75 Avgust
2658 1882 467 78 Cernigoj,
3186 1883 110 60 der
3350 1883 315 60 führende
3714 1883 241 60 sloveni-

2240 1982 154 61 sche
2443 1982 518 74 Konstruktivist,
3010 1983 102 60 die
3152 1983 275 73 „Schule
3474 1983 112 60 der
3633 1985 356 59 modernen

2617 2083 186 61 leitet.
2883 2085 120 59 Um
3052 2085 109 59 ihn
3208 2090 108 54 hat
3366 2085 137 61 sich
3550 2083 144 63 eine
3730 2085 262 78 Gruppe

2236 2187 229 74 junger
2490 2185 442 61 slovenischer
2958 2187 587 59 Konstruktivisten
3581 2190 408 73 gesammelt,

2238 2285 101 61 die
2397 2285 61 59 in
2522 2286 110 58 der
3411 2286 144 60 eine
3623 2288 367 61 erhebliche

2238 2386 176 60 Rolle
2465 2385 267 76 spielen.

2240 2488 130 58 Das
2448 2486 254 60 Wirken
2780 2488 113 59 der
2978 2488 516 59 künstlerischen
3572 2490 418 76 Avantgarde

2238 2586 266 76 beginnt
2551 2586 110 61 mit
2709 2588 110 61 der
2854 2586 366 78 Gründung
3267 2590 110 59 der
3415 2591 262 71 „Neuen

2522 2673 16 11 v

2236 2689 197 60 durch
2505 2688 297 78 Cernigoj
2873 2689 132 60 und
3078 2689 203 60 Delak
3359 2689 61 61 in
3493 2691 335 76 Ljubljana
3902 2691 85 59 im

2234 2791 195 59 Jahre
2485 2794 152 56 1924
2693 2791 132 59 und
2891 2791 112 59 mit
3064 2789 178 63 einer
3289 2793 700 76 propagandistischen

2236 2891 430 76 Ausstellung
2758 2891 333 76 Cernigojs
3193 2891 85 59 im
3377 2891 297 78 gleichen
3774 2893 213 61 Jahre.

2236 2991 198 61 Beide
2492 2993 584 76 Veranstaltungen
3139 2998 294 72 erregten
3499 2994 61 60 in
3626 2994 363 78 bürgerlich

2234 3089 407 63 orientierten
2763 3091 264 61 Kreisen
3142 3092 269 77 größten
3513 3094 474 76 Widerspruch,

2234 3192 199 60 riefen
2502 3192 430 61 andererseits
3002 3194 152 61 aber
3222 3194 101 61 die
3369 3194 262 78 Jugend
3701 3214 110 41 zur
3877 3213 72 61 ge-

2234 3291 407 62 meinsamen
2690 3294 113 59 Tat
2851 3294 122 59 auf.
3105 3292 117 63 Die
3272 3294 216 74 „Neue
3858 3314 131 43 war

2234 3392 173 63 nicht
2468 3413 117 42 nur
2641 3394 142 61 eine
2842 3396 359 61 Institution
3261 3396 96 61 für
3415 3399 101 58 die
3565 3397 422 78 Erneuerung

2233 3497 110 58 der
2392 3495 503 75 Bühnenkunst,
2961 3499 284 59 sondern
3296 3501 164 57 auch
3511 3501 110 57 der
3669 3499 270 61 Sammel-

2233 3599 198 74 punkt
2485 3597 98 61 für
2639 3600 120 58 alle
2815 3599 244 76 jungen
3122 3599 237 74 Kräfte,
3420 3600 101 61 die
3579 3619 80 41 an
3720 3604 111 57 der
3879 3602 70 58 Er-

2233 3700 345 77 schaffung
2626 3700 181 61 eines
2856 3719 212 42 neuen
3117 3702 147 61 Stils
3313 3702 107 59 auf
3466 3704 164 59 allen
3670 3702 314 63 Gebieten

2233 3802 110 59 der
2390 3802 205 59 Kunst
2644 3802 398 61 mitarbeiten
3095 3804 279 61 wollten.
3482 3804 117 61 Die
3648 3805 334 77 Kampfes-

2229 3902 131 61 und
2411 3902 629 79 Proteststimmung,
3112 3905 101 60 die
3279 3904 87 61 im
3425 3904 218 62 Kreise
3713 3924 106 42 um
3884 3907 101 59 die

2234 4003 216 73 „Neue
2868 4005 359 75 herrschte,
3316 4005 156 61 wird
3564 4026 101 42 am
3760 4009 222 59 besten

2231 4103 506 63 charakterisiert
2797 4105 198 61 durch
3054 4105 190 61 einen
3294 4108 273 77 Auszug
3625 4125 118 43 aus
3802 4108 180 60 ihren

2228 4203 425 78 Manifesten,
2746 4205 101 61 die
2939 4208 115 60 das
3144 4208 200 77 junge
3433 4208 349 63 Slovenien
3875 4229 109 40 zur

2228 4305 306 63 Aktivität
2582 4307 436 62 aufforderten
3066 4308 132 60 und
3247 4308 103 61 die
3384 4308 407 78 Aufklärung
3826 4310 159 61 über

2229 4407 102 60 die
2378 4408 170 61 Ziele
2595 4410 110 59 der
2753 4408 262 78 Gruppe
3062 4413 248 73 gaben:

2397 4530 156 73 „Die
2600 4530 205 61 Kunst
2853 4530 77 61 ist
2978 4550 118 41 nur
3142 4532 174 61 dann
3369 4534 230 72 Kunst,
3648 4550 190 43 wenn
3891 4534 93 60 sie

2395 4630 322 78 Synthese
2793 4633 110 60 der
2981 4633 131 60 Zeit
3186 4632 112 62 mit
3377 4635 111 59 der
3565 4635 420 61 Unterschrift

2394 4733 176 61 einer
2615 4735 581 61 ausdrucksvollen
3245 4735 508 63 Persönlichkeit

2397 4854 156 74 „Die
2622 4855 312 63 moderne
3008 4857 205 61 Kunst
3279 4855 80 63 ist
3428 4855 173 66 nicht
3677 4876 119 44 nur
3874 4860 111 61 der

2394 4957 232 78 Kampf
2693 4975 215 61 gegen
2978 4959 117 62 das
3166 4960 264 77 epische
3491 4960 491 77 Heldenpathos
