2905 4244
175 1332 458 120 Quelques
704 1332 269 94 Notes

414 1546 109 94 de
597 1543 683 120 Bibliographie
1377 1538 802 97 Beethovénienne

238 1981 289 50 L'énorme
548 1999 26 30 «
604 1980 343 51 littérature»
975 1978 470 51 beethovénienne
1465 1978 335 68 s'augmente
1823 1980 207 66 chaque
2046 1980 139 63 jour,

176 2067 106 50 soit
303 2085 98 50 par
433 2069 48 49 la
514 2066 337 69 publication
872 2069 64 48 de
956 2067 235 66 quelque
1212 2067 296 49 document
1530 2064 231 67 original
1788 2066 258 50 soustrait
2076 2066 82 65 jus-

176 2154 159 68 qu'ici
372 2159 28 45 à
433 2155 48 49 la
520 2154 234 68 sagacité
802 2155 93 49 des
946 2152 345 64 chercheurs,
1334 2151 105 51 soit
1488 2168 98 50 par
1624 2152 65 50 de
1720 2169 124 49 gros
1884 2152 160 50 livres
2093 2154 95 64 qui

177 2241 383 64 rassemblent,
591 2258 141 51 pour
765 2241 50 49 la
838 2241 123 66 plus
1000 2240 204 66 grande
1251 2238 334 52 commodité
1615 2240 64 48 de
1718 2255 100 33 nos
1851 2240 206 57 études,
2095 2240 93 48 des

179 2329 123 49 faits
341 2347 71 33 ou
439 2329 178 67 pièces
651 2328 120 64 déjà
798 2343 230 47 connus,
1056 2326 137 51 mais
1219 2330 176 64 épars,
1430 2325 181 61 isolés,
1640 2338 53 37 et
1717 2326 129 50 d'un
1886 2328 148 48 accès
2067 2326 121 68 plus

180 2433 70 34 ou
283 2417 183 50 moins
497 2415 242 51 malaisé.
767 2415 104 50 Les
913 2417 139 48 deux
1093 2414 280 51 dernières
1412 2418 201 46 années
1656 2413 223 51 doivent
1903 2419 112 45 être
2052 2431 106 33 mar-

184 2507 162 63 quées
373 2504 128 50 d'un
530 2504 196 48 caillou
759 2502 158 50 blanc
943 2516 12 36 :
983 2502 129 49 elles
1145 2518 140 34 nous
1310 2513 96 39 ont
1436 2504 229 64 apporté
1704 2500 265 66 quelques
2011 2499 151 69 publi-

183 2591 208 50 cations
431 2591 361 67 importantes
840 2596 155 61 grâce
1037 2589 316 66 auxquelles
1394 2588 46 50 le
1480 2585 242 70 profane,
1760 2603 124 33 sans
1910 2588 280 66 beaucoup

183 2678 62 50 de
282 2678 130 50 frais
445 2691 50 37 et
534 2695 126 33 sans
699 2678 281 66 beaucoup
1013 2678 65 48 de
1111 2677 176 66 peine,
1327 2692 67 34 en
1426 2691 160 34 saura
1618 2674 303 51 désormais
1958 2691 234 51 presque

184 2777 186 38 autant
397 2781 103 52 que
537 2765 47 49 le
611 2766 121 66 plus
774 2763 242 61 instruit,
1047 2780 92 34 sur
1163 2780 75 34 un
1266 2763 93 50 des
1392 2761 167 66 sujets
1605 2762 76 50 les
1720 2762 122 67 plus
1872 2775 318 53 attrayants,

185 2855 74 49 les
292 2856 122 66 plus
437 2855 223 49 obscurs
685 2866 53 37 et
768 2853 75 49 les
868 2852 124 68 plus
1030 2851 323 51 encombrés
1385 2852 64 48 de
1482 2850 264 50 l'histoire
1778 2850 274 50 musicale.

252 2942 153 50 Deux
437 2940 257 61 éditeurs,
730 2940 112 49 l'un
870 2937 268 64 viennois,
1164 2939 188 48 l'autre
1384 2936 282 64 berlinois,
1694 2949 95 37 ont
1812 2940 157 46 mené
1996 2940 27 46 à
2048 2935 144 59 bien,

186 3029 206 49 chacun
415 3030 63 48 de
506 3044 99 33 son
645 3030 133 56 côté,
806 3043 105 34 une
945 3025 207 52 édition
1185 3025 287 67 complète,
1513 3040 70 34 ou
1615 3024 297 67 prétendue
1935 3024 140 59 telle,
2103 3025 92 48 des

190 3115 184 52 lettres
421 3118 63 48 de
527 3114 330 51 Beethoven.

259 3203 75 49 La
355 3201 287 68 première,
664 3199 216 68 publiée
906 3217 65 31 en
999 3212 188 54 quatre
1206 3198 266 61 volumes,
1494 3213 127 34 sous
1647 3198 46 48 le
1719 3195 123 50 titre
1869 3196 64 50 de

210 3306 100 31 van
329 3288 335 51 Beethoven's
1178 3285 272 51 sâmtliche
1767 3285 186 66 Briefe
2198 3280 1 71 u
1315 3283 485 68 Auf\eichnungen,
1830 3298 95 52 par
1947 3283 74 48 les
2047 3280 148 50 soins

193 3375 63 49 de
287 3375 75 50 M.
406 3374 44 50 le
485 3375 45 50 D
538 3381 14 20 r
580 3373 147 51 Fritz
768 3372 284 67 Prelinger
1087 3372 148 64 (chez
1268 3370 190 52 C.-W.
1494 3369 181 64 Stern,
1709 3368 211 49 Vienne
1953 3381 51 35 et
2037 3365 128 68 Leip-

193 3461 117 67 zig),
337 3476 80 34 est
454 3477 76 33 un
571 3476 235 49 ouvrage
840 3459 65 49 de
951 3458 373 66 bibliothèque
1374 3472 139 51 pour
1538 3457 75 48 les
1646 3467 271 38 amateurs
1957 3452 237 52 éclairés.

195 3548 74 48 Le
301 3548 189 67 papier
522 3560 80 36 est
642 3546 352 67 magnifique,
1030 3546 48 49 la
1110 3543 329 69 disposition
1470 3543 181 61 claire,
1694 3539 368 68 l'impression
2094 3541 78 49 élé-

195 3647 175 52 gante.
397 3636 74 47 Le
504 3646 140 37 texte
677 3651 54 32 se
774 3635 251 64 présente
1051 3646 66 34 en
1149 3631 222 49 homme
1398 3631 71 49 du
1498 3628 222 59 monde,
1756 3626 206 50 sincère
1988 3631 181 45 assuré-

195 3734 169 45 ment,
393 3721 137 48 mais
547 3721 126 49 bien
688 3720 226 65 astiqué,
942 3716 444 68 soigneusement
1402 3715 315 50 débarrassé
1743 3715 92 49 des
1858 3712 339 67 négligences
