2905 4244
2103 442 90 56 517

643 456 247 38 QUELQUES
922 454 226 33 ARTICLES
1182 452 87 32 SUR
1300 452 205 31 RICHARD
1539 452 194 31 STRAUSS

185 593 122 39 teur
336 579 276 53 allemand
644 581 164 51 remît
832 597 70 33 en
933 577 256 70 musique
1214 591 53 38 et
1295 578 66 51 fît
1404 582 340 63 représenter
1773 578 75 51 les
1879 577 202 51 libretti
2127 578 66 50 de

192 668 231 51 Carmen
468 686 72 34 ou
562 670 65 49 de
651 670 228 49 Sarnson
929 672 51 45 et
996 665 185 52 Dalila
1187 705 13 13 .
1382 665 44 50 Il
1463 665 115 50 faut
1609 681 317 52 remarquer
1977 666 65 49 de
2074 665 123 66 plus

189 772 125 53 que,
341 770 188 38 contre
555 755 367 53 l'affirmation
954 753 75 51 du
1059 752 191 69 Temps
1257 793 12 23 ,
1294 752 95 69 qui
1420 752 96 51 fait
1548 765 278 38 remonter
1848 752 49 51 la
1928 751 268 68 première

190 844 118 50 idée
339 845 74 49 du
454 844 129 68 plan
621 844 65 50 de
733 841 257 51 Mariotte
1042 844 31 47 à
1128 842 153 65 1906,
1313 840 258 51 Mariotte
1609 858 29 31 a
1667 839 150 63 écrit,
1864 856 67 35 en
1968 855 226 52 propres

189 943 222 50 termes,
461 931 136 51 dans
641 946 107 36 une
786 929 156 49 lettre
973 931 30 47 à
1048 929 49 49 la
1128 927 217 51 maison
1370 926 258 52 d'édition
1660 929 63 49 de
1778 926 183 51 Berlin
1994 945 12 33 :
2034 946 24 26 «
2093 926 104 50 Les

180 1020 297 66 premières
503 1020 181 51 lettres
714 1034 123 36 avec
875 1018 72 49 les
973 1018 252 49 héritiers
1257 1015 62 52 de
1368 1015 175 52 Wilde
1575 1019 190 66 furent
1808 1016 287 66 échangées
2135 1032 61 33 en

187 1108 214 65 janvier
427 1109 160 66 igoô
618 1109 93 65 (1).
749 1128 23 25 »
806 1104 101 65 Or,
933 1108 29 47 à
988 1122 57 34 ce
1079 1117 267 48 moment,
1380 1104 50 51 la
1460 1105 212 50 Salomé
1703 1105 63 50 de
1801 1101 218 55 Strauss
2056 1101 141 52 avait

190 1198 84 48 été
306 1195 122 66 déjà
452 1197 234 57 donnée,
719 1198 29 46 à
773 1193 230 61 Dresde,
1030 1193 48 49 le
1110 1211 30 49 9
1180 1192 284 50 décembre
1505 1194 153 65 1905,
1707 1207 125 34 avec
1876 1207 76 34 un
2010 1192 186 49 succès

190 1283 96 70 qui
307 1283 206 51 semble
560 1280 206 54 n'avoir
790 1298 95 51 pas
918 1284 81 47 été
1026 1297 126 34 sans
1183 1280 268 51 influence
1498 1297 94 33 sur
1623 1280 51 50 la
1697 1278 241 52 décision
1989 1279 64 48 de
2085 1278 76 49 Ma-

189 1371 182 50 riotte.
406 1372 73 49 Et
499 1368 217 52 l'affaire
736 1368 206 67 change
971 1368 65 51 de
1072 1367 133 62 face,
1233 1368 184 66 quand
1453 1385 72 33 on
1570 1367 243 68 apprend
1846 1382 103 50 que
1975 1364 73 51 M.
2083 1364 77 50 Ma-

189 1461 156 49 riotte
368 1476 31 32 a
421 1457 268 52 demandé
729 1456 306 51 seulement
1074 1454 51 50 la
1147 1453 332 69 permission
1525 1454 65 50 de
1618 1454 212 50 donner
1862 1470 26 31 «
1920 1468 105 35 une
2050 1451 147 50 seule

189 1545 286 53 exécution
498 1545 183 68 privée
721 1562 27 32 »
775 1545 66 49 de
886 1560 101 33 son
1026 1560 202 43 œuvre,
1275 1556 51 37 et
1365 1542 163 67 qu'en
1557 1541 220 51 octobre
1810 1557 152 50 1907,
1995 1538 37 51 il
2066 1537 131 51 écrit

190 1650 193 36 encore
410 1636 28 47 à
465 1632 184 51 Berlin
686 1654 11 29 :
731 1650 26 28 «
1421 1630 52 52 Il
1584 1649 31 32 n
1636 1630 132 52 était
2015 1648 103 50 pas

188 1721 150 67 faire
357 1720 189 63 éditer,
580 1719 135 50 mais
753 1717 286 52 seulement
1063 1717 63 51 de
1162 1716 46 52 le
1215 1717 160 69 faire
1415 1716 339 66 représenter
1782 1730 69 34 un
1887 1712 218 52 nombre
2135 1711 63 51 de

187 1809 109 65 fois
327 1808 167 52 limité
532 1814 46 43 et
622 1824 60 33 en
714 1805 252 67 province
1007 1805 90 67 (2).
1152 1825 23 26 »
1214 1804 498 66 L'inconséquence
1755 1802 164 66 qu'on
1971 1818 29 31 a
2028 1799 169 50 voulu

190 1895 207 51 relever
418 1895 134 50 dans
597 1894 49 49 la
669 1891 258 52 conduite
952 1894 65 49 de
1050 1890 221 53 Strauss
1314 1891 248 68 apparaît
1591 1888 340 52 maintenant
1953 1902 127 35 sous
2122 1899 75 37 un

189 1995 121 40 tout
341 1995 152 39 autre
526 1980 138 66 jour.
698 2001 24 28 »

258 2072 189 66 Quant
467 2073 29 46 à
529 2069 50 50 la
599 2068 339 52 destruction
970 2068 65 49 de
1056 2067 223 50 l'œuvre
1310 2067 67 50 de
1397 2065 76 51 M.
1498 2064 272 65 Mariotte,
1802 2074 51 38 et
1874 2067 28 45 à

209 2158 153 65 da-fé
367 2156 493 67 mélodramatique
881 2156 136 49 dont
1046 2171 73 33 on
1142 2171 141 33 nous
1316 2171 29 31 a
1385 2152 164 68 parlé,
1575 2150 111 51 cela
1711 2167 54 33 se
1791 2148 179 52 réduit
1994 2152 30 47 à
2043 2147 109 49 ceci
2180 2161 11 35 :

189 2246 342 67 légalement,
571 2256 51 38 et
669 2243 43 51 si
771 2260 76 34 un
899 2243 192 50 accord
1136 2239 314 69 particulier
1495 2237 350 53 n'intervient
1898 2253 96 51 pas
2047 2247 149 38 entre

192 2335 75 50 M.
300 2332 255 51 Mariotte
587 2343 50 37 et
661 2332 75 50 M.
766 2332 283 57 Fiirstner,
1077 2331 46 48 le
1149 2341 139 38 texte
1309 2327 235 66 français
1572 2327 65 49 de
1658 2324 191 51 Wilde
1871 2336 80 37 est
1977 2335 51 38 et
2053 2335 141 38 reste

190 2421 50 49 la
263 2417 279 70 propriété
574 2417 268 51 exclusive
902 2418 63 50 de
1012 2417 74 51 M.
1131 2416 267 51 Fùrstner
1430 2427 15 54 5
1492 2426 51 37 et
1576 2413 76 50 M.
1686 2410 273 64 Mariotte,
1995 2408 95 68 qui
2130 2410 66 48 l'a

189 2507 135 69 pris,
350 2517 83 40 est
456 2519 131 38 tenu
618 2506 64 50 de
712 2505 47 51 le
782 2505 274 52 restituer.
1083 2502 140 52 Mais
1263 2502 39 51 il
1333 2501 136 52 n'est
1498 2501 304 51 nullement
1848 2496 254 68 question
2127 2497 65 50 de

192 2613 57 33 sa
279 2592 276 68 musique.

259 2702 24 26 «
312 2683 79 48 La
415 2679 254 67 musique
695 2680 64 50 de
787 2679 76 52 M.
889 2677 254 51 Mariotte
1175 2689 81 38 est
1307 2693 57 33 sa
1404 2674 276 70 propriété
1727 2671 286 67 artistique
2046 2684 14 53 ;
2094 2670 99 51 elle

189 2784 67 34 ne
282 2780 131 55 peut
429 2766 57 50 ni
512 2764 76 52 lui
615 2768 107 48 être
748 2765 145 67 prise
918 2764 56 51 ni
996 2769 111 46 être
1139 2761 257 54 détruite.
1437 2760 92 53 S'il
1572 2761 230 65 l'adapte
1853 2761 29 46 à
1924 2773 76 34 un
2043 2769 155 38 autre

192 2858 213 66 poème,
424 2871 71 34 ou
518 2858 173 46 même
715 2855 29 47 à
783 2869 77 35 un
885 2855 193 65 poème
1125 2850 224 51 traitant
1373 2850 47 50 le
1451 2854 178 46 même
1670 2846 140 65 sujet
1850 2846 160 50 d'une
2043 2857 149 38 autre

190 2943 177 66 façon,
421 2942 56 49 ni
529 2940 78 50 M.
656 2938 220 53 Strauss
929 2939 59 51 ni
1039 2939 73 50 M.
1150 2939 266 48 Friistner
1458 2938 152 48 n'ont
1634 2933 215 52 vouloir
1873 2931 55 50 ni
1961 2929 232 69 pouvoir

192 3031 64 49 de
289 3028 327 69 l'empêcher
640 3027 93 66 (3).
768 3047 23 27 »

259 3116 132 53 Cela
430 3113 230 53 valait-il
715 3114 140 50 donc
912 3114 49 50 la
1013 3113 158 67 peine
1216 3113 65 50 de
1333 3123 117 38 tant
1474 3109 136 52 crier
1639 3111 19 48 ?
1700 3108 148 66 Quoi
1882 3108 179 50 donc!
2123 3119 68 35 en

192 3205 303 49 admettant
546 3201 170 67 qu'un
764 3202 193 50 accord
1018 3202 30 47 à
1092 3198 290 64 l'amiable,
1443 3210 148 36 entre
1664 3196 76 49 M.
1818 3193 256 51 Mariotte
2139 3203 52 37 et

189 3291 75 52 M.
301 3290 236 63 Strauss,
569 3305 66 33 ne
659 3286 81 51 fût
762 3304 95 49 pas
882 3286 258 68 possible,
1263 3287 73 62 (et
1355 3301 141 34 nous
1525 3300 206 33 venons
1764 3282 65 50 de
1859 3279 135 61 voir,
2023 3293 96 52 par
2136 3278 49 50 la

192 3379 153 49 lettre
372 3379 65 49 de
477 3377 75 51 M.
589 3375 238 62 Strauss,
857 3373 128 67 qu'il
1029 3377 90 47 eût
1144 3376 81 47 été
1252 3371 279 68 possible),
1564 3367 277 53 —était-il
1882 3367 44 51 si
1966 3365 221 53 difficile

242 3603 60 52 (1)
329 3603 70 40 En
419 3601 197 54 français
644 3601 114 41 dans
784 3599 41 40 le
844 3606 138 34 texte.

249 3662 59 53 (2)
336 3662 77 43 Id.

244 3723 59 52 (3)
326 3723 56 40 Dr
414 3721 209 54 Leopold
655 3720 227 52 Schmidt,
909 3719 212 41 Berliner
1148 3718 241 55 Tageblatt
