2905 4244
862 389 93 58 564

1411 394 230 32 BULLETIN
1673 389 225 47 FRANÇAIS
1931 388 60 30 DE
2025 387 57 30 LA
2117 386 38 31 S.
2193 385 33 30 I.
2261 385 50 28 M.

858 529 110 50 lera
993 542 85 34 ces
1100 524 207 61 études,
1336 537 128 34 sous
1496 521 117 49 leur
1633 515 250 54 nouvelle
1905 513 193 49 forme.
2128 510 104 50 Les
2255 521 228 38 travaux
2503 507 72 49 du
2596 507 44 48 D
2649 514 13 18 r
2688 507 137 54 Kalis-

860 616 129 51 cher
1013 623 123 41 sont
1176 627 108 34 une
1321 608 147 51 mine
1507 608 65 51 de
1614 604 471 68 renseignements
2118 611 52 38 et
2201 598 64 50 de
2299 595 323 58 références,
2654 594 69 51 où
2754 595 97 56 l'on

862 714 189 38 trouve
1103 696 249 65 toujours
1399 695 235 66 quelque
1686 692 160 49 chose
1878 691 29 47 à
1953 686 238 68 prendre
2232 696 53 37 et
2335 687 30 46 à
2409 681 326 68 apprendre.
2789 684 63 54 Le

861 788 237 68 premier
1120 785 239 62 volume,
1388 782 287 51 Beethoven
1702 777 109 52 und
1837 776 188 51 Berlin
2033 811 13 27 ,
2080 790 56 34 se
2182 787 260 51 compose
2489 771 32 48 d
2542 768 211 52 articles
2794 776 58 51 où

857 875 78 49 M.
971 871 286 52 Kalischer
1288 870 238 67 rappelle
1550 870 74 48 les
1647 876 253 57 rapports
1921 862 66 51 de
2015 858 314 52 Beethoven
2354 874 127 34 avec
2511 855 186 52 Berlin
2720 868 50 39 et
2793 858 64 54 les

861 959 269 53 Berlinois
1162 979 11 32 :
1206 974 137 35 vous
1366 975 35 50 y
1421 970 282 37 trouverez
1727 970 75 33 un
1826 950 132 52 récit
1978 951 74 48 du
2079 947 183 66 séjour
2287 962 105 51 que
2417 946 58 48 fit
2507 943 305 54 Beethoven
2832 952 21 47 à

861 1048 185 50 Berlin
1078 1064 66 33 en
1185 1046 151 68 1796,
1365 1042 267 53 l'histoire
1664 1042 64 50 de
1746 1056 85 35 ses
1855 1036 262 53 relations
2150 1050 126 34 avec
2305 1031 314 57 Reichardt,
2655 1031 198 55 Bettina

862 1136 295 58 Brentano,
1190 1130 327 67 Varnhagen
1540 1144 108 34 von
1675 1128 221 48 Enseet
1920 1122 171 51 Rahel
2126 1120 211 60 Lewin,
2375 1116 338 69 Meyerbeer,
2744 1133 107 48 etc.,

861 1234 51 38 et
941 1237 134 34 vous
1109 1236 66 34 ne
1200 1233 331 51 manquerez
1572 1232 95 49 pas
1699 1214 66 51 de
1798 1228 140 34 vous
1968 1228 36 51 y
2039 1209 313 62 intéresser,
2387 1205 150 51 voire
2584 1205 65 50 de
2681 1222 128 34 vous
2827 1227 26 49 y

860 1307 278 52 instruire.

927 1393 305 61 Toutefois,
1260 1393 47 48 le
1336 1393 203 48 lecteur
1576 1403 288 51 remarque
1891 1385 212 51 bientôt
2126 1382 131 52 chez
2282 1382 46 49 le
2356 1383 44 48 D
2410 1387 14 21 r
2451 1379 287 52 Kalischer
2763 1398 89 36 une

858 1496 146 38 sorte
1036 1483 64 48 de
1135 1478 374 52 chauvinisme
1549 1477 155 57 local,
1737 1491 153 34 assez
1923 1483 331 57 surprenant
2281 1483 52 37 et
2372 1484 151 36 assez
2554 1468 217 67 déplacé
2800 1488 52 33 en

858 1568 221 68 pareille
1105 1566 238 51 matière.
1379 1561 272 53 Berlinois
1690 1561 325 61 convaincu,
2066 1559 235 50 l'auteur
2332 1554 228 54 cherche
2603 1559 30 46 à
2680 1556 173 52 établir

858 1672 104 50 que
985 1655 146 50 nulle
1159 1666 118 55 part
1299 1651 314 52 Beethoven
1637 1666 67 33 ne
1731 1660 293 39 rencontra
2051 1644 423 54 d'admirateurs
2493 1643 124 69 plus
2636 1643 220 52 fervents

858 1759 106 52 que
989 1745 131 48 dans
1153 1737 530 70 \'lntelligen\-Stadt
1690 1775 13 24 ,
1736 1736 283 51 l'Athènes
2069 1735 64 49 de
2178 1735 49 48 la
2267 1732 170 69 Sprée
2460 1745 14 53 ;
2508 1731 113 51 cela
2653 1744 79 38 est
2758 1733 93 50 vrai

860 1831 134 50 dans
1017 1845 107 34 une
1156 1829 143 66 large
1322 1843 217 34 mesure
1571 1839 10 37 :
1617 1825 127 49 c'est
1784 1822 189 51 Berlin
2006 1821 97 69 qui
2137 1838 210 50 envoya
2372 1822 28 47 à
2436 1820 315 51 Beethoven
2776 1821 76 50 des

860 1915 135 52 amis
1022 1915 99 51 tels
1148 1931 104 50 que
1277 1911 343 69 l'intelligent
1653 1923 51 38 et
1736 1909 236 52 sensible
1999 1907 236 69 Ludwig
2268 1906 268 66 Rellstab,
2580 1918 51 39 et
2660 1906 187 52 Fidelio

855 2098 104 56 plus
984 2097 172 41 illustre
1181 2105 42 32 et
1262 2109 41 28 u.
1331 2095 70 40 die
1425 2093 385 58 aufgeklartesten
1833 2092 226 57 Befôrder
2095 2105 42 26 u.
2475 2102 83 30 von
2581 2091 153 41 Kunst
2755 2091 96 41 mich

1010 2156 318 59 aufgefordert
1356 2156 156 50 haben,
1538 2154 117 39 mais
1678 2166 47 28 ce
1749 2165 53 28 ne
1824 2165 102 27 sera
1947 2165 86 42 pas
2057 2165 57 27 un
2137 2151 210 40 malheur
2363 2164 120 42 pour
2508 2150 43 41 la
2575 2151 190 55 capitale
2786 2164 64 42 que

853 2220 50 54 je
926 2232 52 27 ne
1001 2219 139 40 donne
1163 2229 156 43 quune
1349 2214 228 42 académie
1592 2215 51 54 je
1667 2227 107 28 vous
1796 2213 95 40 suis
1914 2213 110 40 donc
2050 2213 97 40 bien
2173 2211 152 57 obligé
2342 2225 121 42 pour
2487 2212 42 40 la
2547 2212 142 55 petite
2710 2212 87 41 sale
2815 2222 32 31 et

849 2280 52 53 je
924 2293 52 27 ne
1000 2278 216 41 donnerai
1244 2290 80 42 pas
1347 2290 83 27 une
1453 2274 243 42 académie.

912 2337 186 57 Malgré
1123 2346 92 32 tout
1237 2337 92 40 cela
1344 2337 51 55 je
1416 2336 94 41 suis
1528 2328 104 62 prêt
1653 2334 52 41 de
1727 2334 148 41 servir
1900 2334 200 55 toujours

862 2408 43 32 et
926 2400 104 52 plus
1055 2399 95 39 loin
1173 2412 9 28 :

915 2459 345 41 naturellement
1288 2471 81 42 que
1397 2457 121 41 selon
1549 2455 150 58 grand
1732 2456 176 40 chœurs
1942 2455 151 56 grand
2115 2455 250 41 orchestres
2398 2455 33 40 il
2444 2456 111 58 faut
2585 2455 195 42 attendre
2807 2467 43 26 un

861 2519 150 56 grand
1030 2519 175 40 auditre
1222 2518 108 55 quil
1354 2518 108 40 n'est
1475 2516 195 56 possible
1693 2516 110 40 dans
1828 2516 43 40 la
1891 2516 110 43 sale.

919 2580 42 40 la
982 2579 266 56 providence
1267 2578 357 41 riabandonnera
1637 2590 86 43 pas
1738 2577 125 40 aussi
1879 2590 105 27 sans
2008 2591 56 26 un
2085 2576 245 51 académie,
2357 2586 80 32 etc.

918 2640 64 40 Ce
1012 2638 234 42 brouillon
1275 2638 269 40 mentionné
1564 2638 115 40 mais
1709 2650 94 27 non
1828 2637 88 40 cité
1940 2650 82 40 par
2053 2636 394 54 Thayer-Deiters
2472 2638 72 54 (V.
2571 2638 70 52 Bi,
2669 2637 70 53 82)
2763 2650 21 26 a
2805 2634 44 42 dû

863 2699 141 41 servir
1026 2699 55 40 de
1104 2711 194 29 canevas
1324 2698 23 40 à
1370 2698 43 41 la
1437 2698 130 40 lettre
1594 2698 54 39 de
1672 2697 245 41 Schindler
1948 2699 23 38 à
2007 2699 194 52 Duport,
2229 2699 61 39 du
2314 2711 71 40 24,
2406 2712 44 39 4,
2483 2699 125 51 1824,
2639 2697 111 42 citée
2772 2704 78 33 tout

861 2773 58 27 au
943 2760 110 53 long
1076 2772 82 40 par
1178 2758 66 41 les
1267 2758 172 40 mêmes
1463 2766 185 32 auteurs
1673 2765 43 32 et
1741 2758 24 39 à
1789 2757 200 54 laquelle
2015 2771 47 27 se
2088 2767 214 45 rapporte
2335 2772 105 27 sans
2474 2759 140 41 doute
2639 2758 42 41 la
2710 2757 138 55 phrase

865 2820 208 40 suivante
1100 2819 72 54 (de
1204 2818 261 52 Schindler)
1491 2818 112 40 dans
1628 2831 61 26 un
1710 2818 154 40 cahier
1890 2834 9 26 :

916 2881 97 39 Der
1035 2879 204 56 gestrige
1279 2879 141 56 Brief
1439 2878 77 40 liât
1537 2879 210 54 D[uport]

862 2940 223 56 gekrdnkt
1109 2939 214 49 dadurch,
1350 2939 138 40 allein
1514 2951 23 28 «
1566 2939 103 40 weil
1690 2939 36 39 is
1748 2939 250 41 Beethoven
2024 2953 158 42 grosse
2222 2939 203 42 kunstler
2460 2953 122 28 muss
2623 2953 100 28 man
2754 2935 94 43 nicht

864 3000 100 41 iïbel
985 3000 184 40 nehmen
1190 3015 36 23 ».
1256 3000 195 52 Duport,
1480 2999 217 52 Français
1722 3000 55 39 de
1800 2998 257 50 naissance,
2074 3000 167 52 parlait
2257 3009 44 31 et
2325 3001 288 53 comprenait
2637 2996 190 44 malTalle-

864 3061 152 40 mand.
1046 3060 137 39 Enfin
1208 3060 199 41 certains
1431 3059 264 54 catalogues
1717 3060 55 41 de
1796 3068 157 33 ventes
1989 3061 353 53 d'autographes
2368 3062 205 40 donnent
2605 3073 161 29 encore
2788 3059 59 40 des

862 3120 248 54 fragments
1136 3121 54 40 de
1211 3121 154 40 lettres
1392 3120 54 41 de
1471 3120 265 41 Beethoven
1757 3120 195 41 inédites
1974 3129 43 32 et
2039 3123 215 51 perdues.
2279 3121 199 41 Témoin
2502 3123 41 40 le
2565 3121 226 53 catalogue
2808 3116 39 40 de

861 3181 44 39 la
928 3189 134 32 vente
1086 3181 223 40 Trémont
1332 3180 116 53 (déc.
1484 3181 125 48 1852,
1630 3180 113 41 avril
1774 3194 13 26 1
1798 3181 116 52 853),
1940 3181 282 41 renfermant
2241 3195 92 27 une
2358 3182 130 41 lettre
2514 3182 138 41 écrite
2678 3194 52 28 en
2753 3178 76 41 fran-

863 3241 92 53 çais
976 3254 82 40 par
1084 3241 265 42 Beethoven
1367 3255 56 26 au
1444 3241 145 40 baron
1612 3241 54 40 de
1691 3241 237 50 Trémont,
1954 3243 167 40 durant
2140 3242 41 41 le
2201 3243 153 52 séjour
2379 3244 54 40 de
2451 3243 182 41 celui-ci
2656 3243 24 40 à
2701 3240 146 41 Vienne

865 3314 56 27 en
952 3301 126 54 1809,
1106 3311 43 31 et
1164 3311 322 44 commençant
1505 3315 81 40 par
1611 3315 75 27 ces
1712 3301 145 54 lignes
1884 3319 9 25 :
1919 3317 21 25 «
1970 3303 138 41 Côme
2135 3304 80 54 (sic
2220 3304 28 53 ),
2276 3304 113 40 mais
2415 3304 31 40 il
2472 3304 97 40 faut
2593 3316 103 28 sans
2735 3301 110 40 doute

863 3362 82 40 lire
969 3362 135 52 corne)
1140 3362 33 39 il
1197 3375 68 27 me
1280 3362 163 58 falloit
1465 3363 287 55 aujourd'hui
1773 3363 117 40 aller
1912 3377 56 27 au
1988 3365 159 54 prince
2442 3366 51 55 je
2517 3379 105 28 vous
2633 3363 100 57 prie
2756 3362 90 43 bien>

864 3435 244 36 monsieur,
1133 3422 51 40 de
1227 3436 68 27 me
1320 3422 173 56 réjouir
1517 3415 367 63 Vaprès-demain
1910 3426 159 51 matin,
2092 3424 25 42 à
2295 3427 111 40 heur
2441 3426 52 41 de
2517 3435 122 33 votre
2664 3422 180 58 présence

864 3483 97 40 bien
987 3482 105 41 cher
1114 3482 25 40 à
1170 3483 93 40 moi
1381 3496 82 28 une
1505 3484 165 57 affaire
1712 3484 272 56 importante
2008 3499 68 27 me
2091 3487 150 57 force,
2272 3487 51 40 de
2363 3500 52 28 ne
2434 3487 194 55 pouvoir
2664 3483 109 43 tenir
2792 3487 51 32 nid

857 3542 158 54 parole
1039 3557 21 25 »
1088 3552 86 33 etc.

913 3605 65 47 (1)
1001 3603 252 42 Beethoven
1292 3604 88 41 und
1416 3605 123 40 seine
1580 3605 337 57 Zeitgenossen,
2073 3608 131 40 Band
2230 3620 9 29 :
2274 3609 252 41 Beethoven
2569 3607 88 42 und
2696 3599 149 48 Berhn>

868 3662 154 40 Berlin
1046 3676 46 27 u.
1124 3664 205 54 Leipzig,
1360 3678 126 40 1909,
1513 3666 218 41 Schuster
1754 3680 46 29 u.
1831 3666 197 43 Lœffler.
