2905 4244
779 425 89 44 538

1325 435 235 33 BULLETIN
1593 434 223 32 FRANÇAIS
1850 432 61 30 DE
1944 433 56 29 LA
2035 434 37 29 S.
2110 430 31 31 I.
2181 432 48 27 M.

1726 470 11 10 J

770 579 290 35 morceaux
1083 562 65 50 de
1170 562 124 63 l'op.
1337 579 117 33 121.
1487 561 183 51 L'idée
1692 557 307 70 expressive
2023 572 35 51 y
2071 567 81 39 est
2176 571 106 52 peu
2307 552 440 70 caractéristique
2764 572 13 53 ;

773 650 146 51 aussi
941 651 45 48 le
1027 647 269 52 musicien
1318 645 470 53 l'abandonne-t-il
1814 642 233 52 aussitôt
2079 659 141 51 pour
2253 658 54 34 se
2341 641 183 50 lancer
2547 641 135 50 dans
2706 660 67 34 un

772 744 175 61 presto
970 741 28 46 à
1014 736 88 63 6/8
1132 735 94 69 qui
1252 753 28 32 a
1300 736 47 49 le
1372 739 267 47 caractère
1658 735 161 50 d'une
1839 731 161 52 étude
2023 731 63 50 de
2115 729 183 68 piano.
2321 729 45 49 Il
2390 745 28 33 a
2437 744 221 35 recours
2682 734 26 45 à
2730 750 50 33 ce

776 823 231 67 procédé
1032 823 133 49 dans
1188 823 46 48 le
1256 823 200 49 second
1489 834 264 38 nocturne
1780 820 65 50 de
1869 819 126 66 l'op.
2051 819 87 48 131
2181 832 12 33 :
2226 820 28 46 à
2284 832 108 34 une
2420 814 224 68 période
2668 833 84 35 sen-

774 910 278 50 timentale
1112 926 126 34 sans
1287 910 187 50 valeur
1522 909 225 51 succède
1792 908 234 65 l'exposé
2068 905 164 50 d'une
2283 903 119 49 idée
2452 903 325 67 rythmique,

774 997 256 49 d'allures
1055 994 145 70 gaies
1221 1007 52 39 et
1306 1008 225 55 prestes.
1554 995 188 65 Quant
1764 1011 67 33 au
1856 990 304 63 troisième,
2185 989 36 51 il
2249 989 85 50 n'a
2354 989 123 67 plus
2504 989 71 50 du
2603 1000 118 41 tout
2739 992 43 50 la

776 1084 174 50 forme
972 1084 71 50 du
1070 1096 287 37 nocturne.
1381 1082 101 52 Cet
2235 1082 208 67 allegro
1731 1084 27 46 à
1776 1080 90 64 3/4
1884 1079 186 50 affecte
2087 1078 181 69 plutôt
2286 1078 47 48 le
2352 1075 215 68 rythme
2595 1080 187 50 scandé

777 1172 71 49 du
869 1185 224 38 menuet
1117 1185 50 36 et
1190 1171 113 50 vise
1334 1187 68 34 au
1418 1169 241 69 pastiche
1680 1171 63 49 de
1770 1169 49 50 la
1837 1167 257 67 musique
2119 1166 285 52 ancienne.
2419 1164 76 51 Ce
2528 1178 254 41 nocturne

776 1270 80 37 est
887 1257 271 52 d'ailleurs
1183 1258 47 50 le
1250 1258 120 66 plus
1407 1257 296 66 développé
1736 1268 52 37 et
1822 1256 47 49 le
1899 1253 252 51 meilleur
2181 1253 64 51 de
2270 1268 135 36 ceux
2430 1249 171 69 qu'ait
2635 1253 146 51 écrits

778 1345 207 63 Heller,
1018 1343 139 52 mais
1190 1345 35 49 il
1258 1342 300 69 n'exprime
1610 1345 164 66 guère
1807 1342 45 51 le
1887 1341 297 52 sentiment
2235 1340 95 68 qui
2372 1338 259 52 convient
2661 1343 27 46 à
2730 1359 50 34 ce

778 1449 160 49 genre
983 1432 66 50 de
1079 1430 386 68 composition.

842 1771 91 54 On
957 1771 190 69 appelé
1192 1771 244 69 Stephen
1469 1773 192 49 Heller
1699 1788 75 34 un
1813 1790 27 31 «
1874 1777 158 63 poète
2075 1773 71 49 du
2188 1771 164 68 piano
2384 1793 44 28 ».
2467 1771 168 51 Parce
2662 1771 116 68 qu'il

775 1860 128 51 était
932 1864 155 64 porté
1111 1863 28 48 à
1164 1860 49 51 la
1234 1859 226 65 rêverie,
1487 1877 159 51 parce
1665 1860 128 68 qu'il
1806 1859 188 52 aimait
2027 1860 48 50 la
2097 1859 255 61 solitude,
2370 1860 49 51 la
2437 1862 340 67 promenade,

780 1966 68 33 on
889 1949 62 50 l'a
989 1948 330 51 transformé
1352 1964 68 33 en
1459 1947 212 68 peintre
1712 1949 66 50 de
1825 1949 48 50 la
1918 1962 212 37 nature.
2164 1948 319 67 Quelqu'un
2516 1948 63 51 l'a
2611 1951 165 48 même

775 2036 187 67 appelé
983 2052 75 34 un
1091 2056 23 25 «
1148 2034 347 69 aquarelliste
1528 2036 227 50 musical
1791 2057 44 29 ».
1855 2037 63 49 Je
1940 2036 143 50 crois
2114 2053 107 51 que
2240 2036 111 50 l'on
2382 2053 28 33 a
2443 2036 116 68 pris
2584 2052 75 34 un
2683 2053 93 51 peu

775 2136 120 53 trop
929 2140 65 33 au
1022 2122 207 52 sérieux
1260 2123 76 50 les
1369 2123 154 51 titres
1544 2124 212 50 donnés
1778 2126 28 48 à
1834 2141 84 33 ses
1939 2140 213 35 œuvres
2185 2141 98 51 par
2304 2124 47 50 le
2395 2123 380 69 compositeur,

776 2224 51 36 et
856 2210 47 66 je
926 2210 138 50 tiens
1102 2212 65 48 de
1191 2211 183 49 bonne
1399 2227 191 35 source
1622 2229 105 49 que
1769 2229 86 34 ces
1883 2212 154 51 titres
2070 2211 203 52 étaient
2304 2211 45 51 si
2386 2229 104 50 peu
2528 2213 248 66 adéquats

776 2301 26 44 à
852 2314 56 31 sa
951 2301 199 64 pensée
1196 2296 261 52 musicale
1502 2314 123 51 que,
1683 2298 312 69 longtemps
2055 2301 161 66 après
2264 2298 155 53 avoir
2466 2300 165 51 remis
2690 2315 86 34 son

775 2384 299 49 manuscrit
1096 2387 28 47 à
1154 2384 249 52 l'éditeur
1440 2401 142 51 pour
1617 2386 49 50 la
1699 2403 246 50 gravure,
1967 2386 36 51 il
2025 2387 277 51 cherchait
2326 2404 195 34 encore
2547 2387 49 50 la
2622 2389 124 49 déno-

775 2469 270 50 mination
1076 2484 308 37 convenant
1421 2475 29 46 à
1476 2488 82 33 ses
1608 2489 312 36 morceaux.
1949 2474 276 65 Lorsqu'il
2264 2490 126 51 yen
2422 2492 29 33 a
2495 2490 110 35 une
2650 2472 125 51 série

776 2574 127 33 sous
935 2574 105 33 une
1069 2558 332 67 appellation
1423 2575 314 49 commune,
1761 2560 37 51 il
1824 2561 172 50 arrive
2022 2574 232 38 souvent
2285 2579 106 50 que
2414 2563 207 50 celle-ci
2649 2563 102 66 s'ap-

776 2643 183 66 plique
985 2660 148 33 assez
1163 2645 106 48 mal
1295 2649 29 46 à
1351 2645 278 66 plusieurs
1656 2648 206 49 d'entre
1888 2664 118 35 eux.

841 2728 142 53 Sous
1001 2743 135 38 cette
1169 2735 211 46 réserve
1407 2732 93 68 qui
1529 2746 129 54 peut
1681 2734 268 51 s'étendre
1982 2735 275 51 d'ailleurs
2290 2740 29 46 à
2344 2749 182 38 toutes
2550 2737 75 50 les
2644 2752 99 34 com-

780 2815 271 68 positions
1089 2819 65 50 de
1195 2819 207 65 Heller,
1437 2818 35 51 il
1502 2833 80 37 est
1633 2820 218 53 évident
1895 2822 129 68 qu'il
2071 2824 231 51 n'aurait
2334 2842 97 51 pas
2464 2826 247 67 employé
2735 2822 38 51 si

771 2902 402 67 fréquemment
1219 2906 46 49 le
1307 2920 116 36 mot
2164 2906 254 69 Eglogue
1755 2926 70 34 ou
1858 2909 274 69 l'épithète
2467 2912 82 49 s'il
2588 2909 184 52 n'avait

773 3006 65 34 eu
871 2991 307 52 l'intention
1210 2993 65 50 de
1313 2992 226 68 peindre
1573 3011 75 34 un
1685 3012 253 52 paysage.
1968 2998 308 61 Toutefois,
2309 3000 37 49 il
2379 2998 118 52 faut
2527 3000 246 50 observer

772 3095 103 49 que
909 3077 241 70 Stephen
1186 3081 188 51 Heller
1397 3081 292 68 n'emploie
1731 3101 236 52 presque
2004 3086 194 66 jamais
2224 3088 76 50 les
2325 3088 259 68 procédés
2607 3086 143 51 classi-

769 3181 134 50 ques
935 3166 237 51 destinés
1204 3172 28 45 à
1252 3171 240 63 évoquer
1514 3186 106 33 une
1647 3174 159 48 scène
1820 3171 339 71 champêtre.
2185 3177 88 50 Au
2312 3175 107 51 lieu
2443 3176 65 50 de
2527 3174 244 52 chercher

772 3252 75 49 les
871 3252 150 51 effets
1044 3255 63 49 de
1139 3254 255 67 musique
1413 3255 360 70 pittoresque,
1807 3259 36 49 il
1871 3278 54 33 se
1973 3262 169 51 borne
2168 3266 29 47 à
2227 3262 235 68 l'exposé
2499 3264 71 49 du
2616 3259 130 53 senti-

772 3353 150 36 ment
945 3341 383 67 contemplatif
1347 3360 106 50 que
1477 3344 46 49 le
1554 3348 267 63 spectacle
1853 3349 72 51 du
1957 3351 203 50 monde
2187 3368 28 33 a
2241 3351 200 51 suscité
2475 3368 67 34 en
2580 3349 93 52 lui.

838 3428 75 49 La
936 3429 216 66 plupart
1176 3430 71 48 du
1262 3443 198 54 temps,
1490 3448 54 32 ce
1568 3434 297 51 sentiment
1890 3449 81 37 est
2003 3438 170 49 calme
2175 3491 12 14 4
2192 3452 11 36 :
2238 3455 57 33 ce
2320 3440 140 48 n'est
2492 3438 154 68 point
2668 3449 97 37 une

769 3513 232 50 effusion
1031 3514 283 68 religieuse
1340 3533 214 34 comme
1580 3519 131 49 celle
1737 3521 131 51 d'un
1895 3523 332 62 Beethoven,
2262 3524 56 51 ni
2351 3527 47 49 le
2431 3523 335 70 panthéisme

768 3599 250 66 puissant
1063 3615 51 36 et
1158 3604 179 48 coloré
1371 3604 130 50 d'un
1557 3605 240 54 Richard
1845 3610 269 68 W'agner,
2149 3613 129 49 c'est
2335 3629 108 35 une
2498 3613 267 51 tendresse

769 3685 210 66 intime,
1031 3706 105 34 une
1186 3690 286 68 allégresse
1519 3693 228 66 sereine,
1794 3697 145 51 l'état
1982 3701 223 66 d'esprit
2254 3702 131 49 d'un
2445 3709 318 58 promeneur
