2905 4244
521 381 245 39 QUELQUES
800 382 150 33 NOTES
983 384 60 31 DE
1077 384 369 33 BIBLIOGRAPHIE
1477 374 434 46 BEETHOVÉNIENNE

2130 393 22 42 5
2166 393 25 44 7
2201 379 21 43 3

221 507 179 52 défaut
430 508 400 69 d'intelligence
869 510 72 67 (et
962 510 75 51 les
1068 511 140 51 deux
1228 522 132 40 vont
1391 525 231 38 souvent
1660 514 112 50 l'un
1811 531 127 33 avec
1994 516 230 69 l'autre),

221 606 202 41 restent
461 596 324 51 au-dessous
817 597 65 50 de
907 597 50 50 la
979 597 173 51 tâche.

283 681 145 52 C'est
460 682 137 51 ainsi
639 700 105 50 que
775 682 48 65 je
847 700 66 34 ne
940 684 122 67 puis
1087 698 221 36 trouver
1354 686 389 51 ressemblants
1774 704 180 34 aucun
1980 689 94 49 des
2102 707 94 49 por-

219 768 152 52 traits
404 785 104 50 que
540 769 213 52 Deiters
791 771 181 50 donne
1007 771 94 49 des
1146 769 263 52 familiers
1452 773 65 49 de
1571 773 332 59 Beethoven,
1938 792 99 33 son
2084 775 140 51 frère

220 855 236 61 Johann,
489 873 101 33 son
630 873 173 35 neveu
831 856 146 60 Cari,
1005 856 288 52 Schindler
1317 870 51 37 et
1395 858 161 50 Holz.
1586 859 44 49 Il
1661 875 88 35 me
1773 863 175 65 paraît
1993 874 124 56 trop
2150 861 52 51 in-

221 942 222 67 dulgent
466 959 141 51 pour
635 944 220 50 Johann
878 957 51 38 et
951 961 141 49 pour
1118 944 159 60 Holz,
1310 957 120 54 trop
1468 948 182 48 sévère
1687 963 142 50 pour
1866 945 289 55 Schindler
2176 962 51 37 et

220 1046 138 50 pour
389 1028 152 53 Cari.
569 1030 219 51 Johann
813 1030 128 51 était
985 1047 74 34 un
1105 1047 339 52 personnage
1485 1032 123 67 plus
1649 1032 226 52 ridicule
1909 1051 103 51 que
2050 1052 69 33 ne
2158 1037 65 49 l'a

219 1115 150 67 peint
400 1117 234 59 Deiters,
676 1121 156 63 après
883 1117 245 67 Thayer:
1181 1131 83 37 cet
1297 1118 331 67 apothicaire
1663 1119 226 63 enrichi,
1926 1121 94 67 qui
2051 1140 56 31 se
2131 1122 71 51 tei-

219 1201 146 68 gnait
385 1202 76 51 les
501 1203 237 51 cheveux
767 1216 52 37 et
841 1203 208 51 voulait
1070 1206 296 64 persuader
1388 1208 28 46 à
1442 1222 100 33 son
1561 1206 136 49 frère
1730 1206 121 50 d'en
1867 1207 131 51 faire
2013 1220 206 52 autant,

219 1288 92 68 qui
344 1289 238 51 arborait
612 1292 94 48 des
733 1288 184 66 bijoux
938 1303 227 55 voyants
1186 1307 140 51 pour
1349 1292 241 66 imposer
1614 1309 105 34 aux
1748 1292 237 52 éditeurs
2016 1296 65 49 de
2107 1311 78 34 mu-

216 1375 153 67 sique
391 1375 239 68 lorsqu'il
649 1376 148 51 allait
817 1377 251 67 négocier
1085 1377 75 50 les
1178 1377 209 51 affaires
1414 1378 63 50 de
1501 1378 249 68 Ludwig,
1766 1396 57 33 ce
1848 1380 137 50 mari
2007 1387 213 61 trompé

220 1480 126 34 sous
403 1480 99 33 son
540 1480 201 51 propre
772 1463 120 65 toit,
926 1467 89 63 qui
1070 1463 212 68 prenait
1329 1465 139 67 parti
1514 1466 65 50 de
1628 1483 98 33 son
1764 1466 277 51 infortune
2067 1485 154 50 parce

219 1566 101 51 que
356 1550 47 49 le
452 1550 202 67 régime
680 1551 64 50 de
775 1551 49 50 la
864 1555 386 47 communauté
1277 1552 402 51 matrimoniale
1711 1552 126 51 l'eût
1874 1554 270 50 contraint
2195 1560 28 44 à

217 1650 248 54 partager
497 1654 56 32 sa
584 1637 215 50 fortune
844 1655 127 32 avec
1014 1655 56 33 sa
1105 1636 201 52 femme
1339 1655 66 33 en
1440 1657 55 31 se
1527 1643 253 63 séparant
1810 1640 175 64 d'elle,
2014 1658 56 33 ce
2102 1659 89 50 par-

216 1740 141 35 venu
384 1724 185 67 ignare
609 1737 52 38 et
680 1724 240 68 vulgaire
953 1725 94 67 qui
1077 1726 308 66 prétendait
1409 1728 304 66 apprendre
1740 1726 48 50 la
1809 1728 252 66 musique
2083 1744 138 51 pour

221 1810 201 67 diriger
454 1811 77 50 les
557 1810 355 69 symphonies
938 1813 63 48 de
1019 1828 99 33 son
1139 1811 139 51 frère
1310 1811 91 69 (i),
1428 1824 81 38 cet
1533 1813 222 49 homme
1781 1813 267 51 d'affaires
2073 1831 120 34 sour-

216 1898 121 51 nois
361 1912 52 37 et
436 1912 192 47 retors,
663 1898 276 51 brouillon
972 1911 51 38 et
1059 1916 176 47 avare,
1277 1899 388 51 enchevêtrant
1686 1913 50 37 et
1760 1913 463 55 compromettant

216 1998 178 38 toutes
427 1985 75 50 les
526 1984 373 67 négociations
925 1987 133 49 dont
1089 1985 35 50 il
1165 2003 53 32 se
1252 1984 205 65 mêlait,
1481 2002 66 34 ne
1573 1985 238 51 méritait
1832 1988 161 66 guère
2018 1988 47 50 le
2087 1988 107 66 plai-

219 2073 167 66 doyer
409 2090 104 49 que
546 2088 140 35 nous
709 2072 170 51 lisons
906 2088 66 35 en
1004 2090 57 33 sa
1082 2072 187 52 faveur
1291 2074 87 66 (2).

283 2159 406 64 Pareillement,
723 2159 46 65 je
808 2159 105 50 sais
946 2162 91 65 gré
1068 2163 28 47 à
1122 2161 48 49 la
1189 2159 317 69 biographie
1532 2161 65 49 de
1621 2161 456 67 Thayer-Deiters
2111 2162 81 50 d'a-

216 2245 117 50 voir
366 2246 154 51 ruiné
545 2246 50 49 la
620 2246 225 67 légende
871 2246 152 49 selon
1054 2246 232 67 laquelle
1319 2246 148 63 Cari,
1509 2264 66 33 au
1600 2246 167 51 début
1799 2247 63 50 de
1917 2247 48 50 la
1989 2247 229 51 maladie

219 2332 91 67 qui
342 2332 178 51 devait
551 2345 280 54 emporter
861 2350 99 32 son
987 2333 170 59 oncle,
1192 2332 174 51 aurait
1390 2333 242 66 pendant
1651 2333 135 50 trois
1829 2333 149 65 jours
2011 2333 208 68 négligé

221 2420 275 67 d'appeler
526 2420 47 49 le
604 2420 248 49 médecin
877 2434 10 35 :
917 2421 75 48 les
1019 2419 225 53 Cahiers
1288 2421 64 50 de
1399 2420 379 51 conversation
1802 2432 52 37 et
1899 2421 75 50 les
2026 2439 160 32 souve-

221 2506 112 51 nirs
360 2507 71 50 du
465 2507 45 50 D
516 2515 18 19 r
562 2507 302 50 Wawruch
885 2506 117 51 font
1033 2506 179 51 bonne
1237 2505 191 66 justice
1453 2509 65 48 de
1542 2520 135 37 cette
1710 2507 158 50 fable.
1890 2507 160 64 Mais,
2078 2524 142 49 pour

220 2594 46 49 le
296 2606 160 51 reste,
490 2593 47 66 je
590 2593 142 50 crois
781 2593 126 52 Cari
954 2594 182 49 moins
1174 2594 283 67 coupable,
1484 2593 179 50 moins
1701 2594 254 49 méchant
2003 2610 104 51 que
2152 2610 66 33 ne

220 2679 232 51 l'ontfait
466 2679 328 51 d'ordinaire
811 2680 74 48 les
899 2679 294 51 historiens
1218 2681 65 49 de
1299 2695 100 35 son
1420 2680 170 51 oncle.
1617 2679 136 52 Sans
1768 2680 215 50 vouloir
1997 2697 191 50 repren-

220 2768 91 48 dre
334 2783 106 34 une
483 2765 526 65 demi-justification
1039 2783 104 50 que
1184 2765 86 66 j'ai
1313 2770 177 46 tentée
1526 2765 217 51 ailleurs
1772 2766 91 65 (3),
1910 2783 106 33 une
2058 2768 158 48 étude

220 2854 194 50 fondée
441 2869 93 35 sur
557 2853 77 49 les
666 2852 228 53 Cahiers
930 2855 63 49 de
1016 2853 379 51 conversation
1418 2853 177 51 devait
1627 2871 140 33 nous
1804 2867 245 37 montrer
2092 2854 123 48 chez

221 2940 126 53 Cari
371 2957 74 34 un
470 2939 186 51 enfant
687 2952 52 37 et
769 2956 75 34 un
879 2940 156 65 jeune
1058 2940 221 50 homme
1297 2939 223 69 d'esprit
1543 2940 83 50 vif
1642 2953 52 37 et
1738 2940 91 64 fin,
1874 2939 137 50 mais
2059 2940 159 49 d'une

223 3026 265 68 précocité
521 3043 104 51 que
658 3027 323 49 l'éducation
1019 3027 312 67 déplorable
1357 3043 155 49 reçue
1538 3027 127 49 chez
1683 3043 98 32 son
1820 3027 167 63 oncle,
2012 3027 206 65 malgré

223 3113 74 51 les
328 3113 301 50 intentions
668 3113 317 50 excellentes
1038 3114 63 49 de
1147 3113 229 64 celui-ci,
1405 3112 176 51 devait
1618 3113 192 50 rendre
1863 3113 350 65 dangereuse.

226 3201 240 65 Presque
499 3212 178 37 toutes
700 3216 83 33 ses
808 3198 171 51 fautes
1006 3212 234 54 peuvent
1265 3198 329 68 s'expliquer
1622 3216 98 50 par
1743 3211 136 37 cette
1904 3197 306 51 éducation.

276 3412 58 52 (1)
357 3412 125 39 Tous
525 3424 76 28 ces
644 3410 161 42 détails
831 3424 46 27 se
899 3419 213 34 trouvent
1143 3411 161 41 établis
1348 3425 81 41 par
1468 3412 65 40 les
1584 3412 190 41 Cahiers
1813 3411 50 39 de
1895 3410 321 50 conversation,

221 3472 167 52 passim
397 3504 8 16 ,
433 3471 326 53 spécialement
783 3485 57 26 au
863 3471 252 53 printemps
1153 3473 124 49 1828,
1302 3485 56 27 en
1382 3472 248 41 novembre
1676 3480 44 31 et
1745 3469 239 42 décembre
2014 3469 122 49 1823,
2164 3482 54 27 en

224 3530 110 40 avril
365 3532 109 50 1824
497 3539 44 32 et
564 3531 25 40 à
612 3531 43 40 la
674 3531 62 39 fin
764 3532 54 39 de
838 3539 116 32 cette
980 3531 160 50 année,
1167 3544 54 27 en
1247 3544 119 28 mars
1398 3532 122 42 1825.

278 3589 58 53 (2)
360 3591 75 49 IV,
469 3591 100 42 265.

277 3649 59 53 (3)
363 3651 61 39 La
447 3651 148 39 Revue
642 3651 239 53 (ancienne
906 3652 148 40 Revue
1077 3651 75 40 des
1174 3652 171 40 Revues
1349 3683 11 16 9
1392 3648 21 56 i
1434 3648 22 56 5
1477 3648 170 56 janvier,
1675 3663 14 27 i
1698 3658 16 21 e
1719 3659 14 21 r
1750 3648 164 42 février
1941 3649 146 53 1906).
