2905 4244
947 429 0 0 550

1404 397 231 30 BULLETIN
1670 398 222 37 FRANÇAIS
1925 398 58 28 DE
2019 397 56 29 LA
2109 397 38 29 S.
2185 397 31 29 I.
2253 397 46 29 M.

898 523 227 47 Exemples
1147 523 50 35 de
1234 522 167 46 rythme
1425 534 9 23 :
1462 523 290 46 a)Tarentelle
1789 535 50 24 en
1873 523 55 35 mi
1954 523 167 35 mineur
2159 525 86 44 (op.
2290 523 62 41 53,
2383 535 39 33 p.
2452 523 55 47 4).

1671 591 201 46 (Joubert,
1897 589 176 43 éditeur,
2095 590 64 42 25,
2184 601 72 24 rue
2276 589 270 47 Hauteville.)

895 1681 34 46 b)
958 1692 20 25 2
987 1690 13 16 e
1027 1682 234 38 Tarentelle
1282 1685 84 46 (op.
1389 1684 81 48 61),
1491 1696 52 25 en
1569 1685 53 37 mi
1644 1687 19 38 \>
1692 1686 182 37 mineur.
1902 1688 150 43 (Même
2076 1689 196 47 éditeur.)

918 2265 97 50 Ses
1040 2266 140 49 dons
1204 2267 364 67 rythmiques,
1600 2286 67 32 en
1689 2270 199 50 dehors
1912 2273 181 49 même
2140 2273 95 50 des
2277 2275 198 49 danses
2507 2289 332 54 proprement

853 2352 159 64 dites,
1037 2365 178 38 toutes
1238 2371 84 32 ses
1347 2355 399 67 compositions
1773 2359 294 50 l'attestent
2098 2361 24 47 à
2154 2360 180 51 l'envi.
2370 2361 43 50 Il
2441 2361 146 52 suffit
2619 2364 219 50 d'ouvrir

848 2455 76 34 un
964 2441 63 48 de
1060 2456 83 32 ses
1167 2440 227 51 recueils
1415 2459 139 49 pour
1575 2460 67 32 en
1665 2458 219 38 trouver
1915 2446 49 50 la
1987 2463 201 51 preuve
2221 2453 27 44 à
2273 2449 211 67 chaque
2516 2467 156 50 page.
2713 2451 125 51 Dans

849 2526 127 65 l'op.
1026 2527 116 63 ios,
1169 2525 218 52 intitulé
1426 2529 291 51 Romances
1746 2548 127 34 sans
1907 2533 219 66 paroles
2135 2574 10 21 ,
2185 2550 106 35 une
2332 2535 148 50 seule
2528 2536 169 68 pièce,
2751 2539 87 48 très

849 2613 120 64 pâle
994 2614 70 48 du
1106 2625 161 52 reste,
1319 2618 209 63 répond
1561 2620 29 46 à
1620 2634 56 32 ce
1703 2618 124 50 titre
1853 2637 10 44 ;
1887 2620 76 50 les
1987 2621 141 50 deux
2170 2635 182 37 autres
2386 2637 126 37 sont
2544 2625 177 66 plutôt
2763 2627 75 48 des

849 2700 191 48 études
1069 2700 64 48 de
1163 2701 231 65 rythme.
1425 2704 78 48 De
1535 2709 198 60 même,
1770 2707 75 49 les
1887 2707 161 50 Trois
2078 2708 248 52 Ballades
2352 2712 66 48 de
2452 2710 126 68 l'op.
2615 2714 92 48 iis
2737 2727 101 34 sont

852 2784 389 53 intéressantes
1271 2789 179 50 moins
1482 2807 96 48 par
1610 2790 75 50 les
1718 2792 147 50 idées
1906 2811 104 49 que
2060 2812 98 51 par
2188 2797 76 48 les
2315 2797 268 66 rythmes,
2619 2798 219 67 rythmes

852 2870 296 68 fougueux,
1183 2875 268 63 saccadés,
1483 2877 250 52 d'allures
1777 2887 450 46 mouvementées
2253 2897 51 37 et
2347 2897 268 38 soutenus
2645 2903 95 50 par
2762 2886 75 48 des

853 2959 315 52 harmonies
1213 2962 368 66 recherchées,
1623 2967 95 65 qui
1749 2980 96 36 ont
1883 2969 73 50 dû
2009 2969 128 50 bien
2189 2976 231 46 étonner
2461 2973 191 51 Auber
2688 2977 28 47 à
2766 2972 73 67 qui

851 3046 223 50 l'œuvre
1100 3061 81 37 est
1213 3049 207 50 dédiée.
1448 3051 78 49 De
1571 3055 178 48 même
1789 3071 195 34 encore
2015 3057 137 50 dans
2185 3058 77 50 les
2305 3060 228 49 recueils
2577 3060 259 52 intitulés:

862 3133 260 51 Mélodies
1147 3136 256 66 (Lieder),
1429 3155 87 49 op.
1561 3156 114 47 121,
1699 3152 51 37 et
2730 3141 109 51 Feu
2320 3147 109 66 (op.
2485 3149 140 67 123),
2659 3151 27 48 à
2730 3147 108 50 citer

853 3221 176 65 parmi
1060 3221 76 48 les
1163 3221 277 52 meilleurs
1467 3225 130 66 qu'il
1633 3226 72 51 ait
1732 3227 202 69 signés.

921 3307 104 49 Les
1042 3307 163 51 Nuits
1237 3309 241 52 blanches
1505 3325 95 37 ont
1633 3330 140 50 pour
1797 3317 278 50 sous-titre
2114 3334 11 36 :
2159 3319 59 51 18
2244 3319 179 68 pièces
2456 3321 243 69 lyriques
2730 3343 12 37 ;
2772 3335 64 45 or,

852 3409 69 32 en
948 3392 238 65 majeure
1219 3396 193 66 partie,
1446 3414 88 33 ces
1557 3399 178 67 pièces
1766 3403 304 50 consistent
2122 3422 67 33 en
2217 3408 189 49 études
2436 3409 66 49 de
2521 3409 213 68 rythme
2758 3409 47 65 (n
2809 3413 28 23 oS

861 3497 42 43 1,
941 3497 48 46 2,
1021 3495 52 48 4,
1101 3483 49 58 6,
1177 3499 52 50 9,
1275 3500 81 47 12,
1393 3485 77 60 13,
1509 3488 78 57 16,
1624 3490 100 64 17).
1750 3489 101 49 Les
2687 3497 74 66 (n°
2763 3503 13 19 s
2795 3493 37 61 3,

858 3566 46 58 5,
955 3569 52 61 6,
1053 3569 64 49 de
1176 3570 123 67 l'op.
1337 3571 64 66 78
1427 3589 12 43 ;
1476 3590 88 50 op.
1627 3574 67 51 80
1754 3593 67 32 en
1881 3594 101 33 son
2036 3579 175 50 entier
2259 3582 135 49 dont
2417 3583 35 49 il
2495 3584 116 51 faut
2663 3596 145 38 remar-

856 3667 133 50 quer
1017 3668 220 39 surtout
1263 3657 78 50 les
1394 3658 177 67 pièces
1611 3678 42 43 1,
1690 3663 101 49 set
1808 3663 83 67 6);
2344 3668 57 69 (n
2404 3677 37 21 os
2479 3687 197 48 1,2,4,
2718 3688 44 46 7,
2791 3683 40 50 9,
