2905 4244
441 402 231 31 BULLETIN
705 401 60 29 DE
799 401 57 28 LA
890 386 198 44 SOCIÉTÉ
1122 400 253 30 FRANÇAISE
1408 400 85 29 DF.S
1526 399 105 29 AMIS
1662 400 59 28 DE
1754 399 56 29 LA
1843 399 205 37 MUSIQUE

2243 431 0 0 621

1139 528 121 42 ART.
1313 540 42 31 2.

308 627 94 45 Les
427 636 210 47 moyens
658 621 215 46 d'action
903 620 57 44 de
982 620 48 44 la
1052 618 192 47 Société
1268 618 277 46 consistent
1573 635 10 29 :

314 710 41 35 i°
375 700 42 43 A
452 696 121 46 faire
600 710 64 29 ou
691 693 24 47 à
741 707 290 47 provoquer
1056 693 83 45 des
1161 692 269 46 libéralités
1459 707 65 29 ou
1551 693 85 43 des
1677 693 132 59 prêts
1833 692 208 61 gratuits
2077 706 58 30 en
2161 707 92 29 vue

250 772 180 47 d'aider
470 781 164 33 toutes
680 766 405 47 manifestations
1127 766 288 59 artistiques
1457 766 279 59 répondant
1774 780 61 30 au
1876 766 86 44 but
1999 764 179 60 qu'elle
2204 780 48 29 se

249 857 210 50 propose
483 858 11 40 ;

309 932 24 31 2
337 924 20 22 0
379 921 40 42 A
438 914 277 47 constituer
733 929 67 31 un
824 929 191 46 groupe
1039 914 173 46 choral
1237 914 59 45 de
1317 913 398 60 professionnels
1736 913 238 46 rétribués
1998 924 46 33 et
2068 912 157 61 spécia-

249 994 182 45 lement
468 989 228 46 instruits
738 1003 60 32 en
824 1003 93 31 vue
944 989 58 45 de
1044 990 164 58 prêter
1255 987 109 45 leur
1387 1001 269 42 concours,
1697 987 44 44 le
1769 1001 80 30 cas
1876 987 225 54 échéant,
2124 985 24 46 à
2173 1002 78 30 ces

252 1063 396 48 manifestations
676 1076 13 43 ;

310 1140 47 43 3°
380 1143 42 40 A
463 1136 240 46 favoriser
746 1135 120 46 chez
907 1135 70 46 les
1023 1134 195 47 enfants
1260 1133 46 45 la
1348 1133 271 45 formation
1666 1133 67 45 du
1771 1135 120 57 goût
1934 1131 211 47 musical
2168 1148 88 44 par

249 1213 175 45 l'étude
464 1224 44 32 et
534 1211 44 45 la
609 1209 228 61 pratique
873 1210 66 45 du
982 1209 150 46 chant
1164 1208 172 45 choral
1359 1209 122 44 dans
1517 1208 69 44 les
1612 1206 314 47 institutions
1947 1209 280 61 d'enseigne-

252 1298 131 35 ment
423 1284 238 61 primaire
699 1297 45 31 et
779 1284 294 44 secondaire
1094 1302 10 36 ;

306 1375 32 45 4
341 1370 19 22 0
381 1363 41 41 A
445 1371 288 47 provoquer
753 1371 65 31 ou
845 1363 24 40 à
902 1356 119 46 faire
1044 1355 285 46 elle-même
1353 1365 166 34 toutes
1553 1354 337 61 publications
1923 1356 57 45 de
2020 1368 172 33 nature
2230 1357 24 42 à

253 1432 298 61 développer
570 1431 282 46 l'influence
874 1430 180 61 qu'elle
1080 1445 49 31 se
1151 1444 216 46 propose
1392 1429 263 47 d'exercer.

313 1507 67 45 La
405 1505 192 47 Société
624 1520 187 46 pourra
830 1502 259 62 organiser
1109 1504 84 44 des
1219 1501 258 56 réunions,
1503 1502 85 43 des
1619 1502 338 56 conférences,
1994 1502 84 45 des
2115 1501 113 47 audi-

254 1581 146 55 tions,
427 1581 85 44 des
537 1580 229 59 congrès,
793 1594 59 30 au
874 1577 175 47 besoin
1076 1578 85 45 des
1188 1591 167 41 cours,
1383 1590 45 32 et
1457 1576 278 44 constituer
1773 1591 97 31 une
1909 1576 344 61 bibliothèque

253 1657 304 60 présentant,
584 1669 60 29 en
667 1655 163 43 même
851 1664 161 47 temps
1038 1666 95 45 que
1151 1651 70 44 les
1246 1648 330 63 productions
1604 1650 123 45 delà
1753 1651 230 60 musique
2007 1665 138 46 pure,
2187 1650 69 44 les

256 1742 191 32 œuvres
470 1726 266 45 littéraires
758 1727 59 43 de
842 1723 212 61 critique
1080 1735 45 34 et
1158 1722 331 60 d'esthétique
1526 1722 256 56 musicale,
1819 1735 63 44 et,
1920 1723 148 45 d'une
2114 1723 142 57 façon

256 1801 238 62 générale,
531 1801 260 59 employer
816 1811 114 34 tous
968 1797 70 46 les
1063 1811 211 47 moyens
1315 1794 217 46 d'action
1569 1794 327 61 susceptibles
1936 1796 58 44 de
2039 1794 171 47 l'aider
2234 1802 24 38 à

253 1876 239 45 atteindre
516 1874 44 46 le
586 1874 89 46 but
699 1873 151 46 défini
874 1887 89 46 par
987 1871 205 45 l'article
1222 1871 281 59 précédent.

1150 1982 120 42 ART.
1311 1979 42 45 3.

315 2078 66 44 La
407 2076 193 47 Société
625 2090 50 31 se
696 2089 239 46 compose
954 2074 58 44 de
1039 2072 249 45 membres
1312 2072 268 55 créateurs,
1602 2070 57 44 de
1686 2070 250 44 membres
1951 2069 306 58 fondateurs,

256 2151 55 45 de
337 2151 245 45 membres
607 2150 271 44 donateurs
899 2159 45 33 et
965 2147 59 45 de
1056 2146 247 45 membres
1341 2144 160 47 actifs.

316 2225 93 46 Les
436 2224 249 45 membres
706 2224 247 44 créateurs
978 2231 116 35 sont
1117 2219 71 45 les
1212 2233 277 45 personnes
1515 2231 118 32 sous
1666 2217 72 45 les
1769 2216 226 61 auspices
2020 2217 58 45 de
2103 2215 85 62 qui
2215 2216 46 46 la

258 2300 188 44 Société
468 2314 25 29 a
517 2297 103 61 pris
639 2297 278 46 naissance.

320 2373 132 45 Pour
476 2373 101 44 être
600 2371 222 46 membre
847 2370 285 52 fondateur,
1160 2367 34 46 il
1219 2367 105 46 faut
1344 2365 140 47 avoir
1501 2367 140 43 versé
1665 2380 61 30 au
1746 2363 166 49 moins
1933 2379 95 30 une
2046 2363 97 46 fois
2164 2380 97 30 une

257 2445 261 47 cotisation
546 2445 272 45 minimum
844 2445 58 43 de
934 2457 146 32 1.000
1104 2442 183 46 francs.

320 2520 134 44 Pour
474 2521 99 43 être
598 2518 224 45 membre
845 2517 263 56 donateur,
1136 2514 34 46 il
1188 2514 104 46 faut
1315 2527 165 32 verser
1498 2527 96 31 une
1616 2511 266 47 cotisation
1903 2512 231 46 annuelle
2152 2512 110 44 d'au

262 2593 161 46 moins
456 2608 88 31 100
570 2593 181 45 francs.

322 2667 133 44 Pour
480 2669 99 42 être
625 2666 221 45 membre
892 2663 134 56 actif,
1070 2663 34 46 il
1152 2663 103 44 faut
1291 2676 167 31 verser
1494 2676 98 30 une
1633 2659 266 46 cotisation
1932 2659 229 46 annuelle
2206 2660 57 44 de

261 2754 57 31 20
342 2739 179 56 francs,
549 2739 282 46 rachetable
866 2752 89 46 par
998 2752 69 30 un
1111 2748 282 33 versement
1419 2734 189 60 unique
1635 2734 57 45 de
1724 2735 91 44 500
1857 2733 182 47 francs.

323 2814 66 46 La
413 2813 269 47 cotisation
708 2812 233 45 annuelle
962 2813 58 43 de
1043 2826 60 30 20
1127 2810 166 45 francs
1319 2821 71 33 est
1415 2808 191 46 réduite
1632 2808 59 44 de
1710 2805 172 47 moitié
1908 2821 128 45 pour
2054 2805 71 46 les
2149 2821 89 44 pro-

263 2888 313 47 fessionnels.

323 2961 67 45 Le
416 2961 113 46 titre
563 2963 58 43 de
667 2959 225 46 membre
918 2958 289 45 d'honneur
1233 2969 186 47 pourra
1457 2956 100 44 être
1594 2954 208 44 accordé
1844 2967 88 45 par
1971 2953 43 44 le
2061 2950 205 48 Conseil

264 3033 454 47 d'administration
738 3048 95 30 aux
851 3045 277 47 personnes
1155 3030 85 61 qui
1263 3030 240 43 rendront
1537 3043 65 30 ou
1621 3039 180 33 auront
1821 3028 158 43 rendu
2009 3028 84 43 des
2121 3024 121 45 servi-

263 3123 76 30 ces
365 3109 216 59 signalés
601 3109 25 44 à
648 3106 375 57 l'Association,
1044 3120 113 31 sans
1179 3104 203 61 qu'elles
1407 3102 163 45 soient
1588 3113 172 34 tenues
1786 3101 58 45 de
1865 3115 149 46 payer
2035 3114 95 29 une
2148 3109 95 34 coti-

267 3181 160 45 sation
452 3181 251 46 annuelle.

328 3255 91 46 Les
441 3257 170 44 dames
638 3265 216 50 peuvent
879 3252 121 46 faire
1026 3251 157 61 partie
1208 3251 58 44 de
1292 3247 353 48 l'Association
1668 3265 10 38 ;
1715 3246 119 46 elles
1858 3257 112 33 sont
1990 3243 224 60 éligibles
2241 3250 24 39 à

269 3339 161 34 toutes
447 3329 71 44 les
546 3327 272 46 fonctions.

1164 3434 125 42 ART.
1325 3445 48 45 4.

334 3527 65 45 Le
426 3528 209 47 Conseil
670 3525 459 49 d'administration
1164 3539 49 31 se
1238 3527 192 43 réserve
1456 3520 271 57 d'inscrire,
1755 3533 197 32 comme

273 3599 149 57 droit,
449 3602 69 44 les
562 3600 362 60 personnalités
957 3616 67 30 ou
1063 3600 71 45 les
1178 3599 208 46 sociétés
1411 3595 264 47 musicales
1707 3604 147 50 ayant
1891 3593 158 44 rendu
2087 3591 184 46 service

273 3670 26 46 à
320 3671 125 59 l'art,
465 3685 45 35 et
534 3675 58 45 de
610 3674 160 60 régler
794 3674 70 46 les
888 3684 263 48 avantages
1176 3671 84 61 qui
1280 3682 168 35 seront
1470 3669 232 46 accordés
1725 3668 24 45 à
1781 3682 79 30 ces
1886 3666 264 46 membres.
