2905 4244
793 406 88 45 588

1336 419 231 30 BULLETIN
1600 419 222 30 FRANÇAIS
1855 418 59 30 DE
1949 418 55 30 LA
2038 416 37 32 S.
2114 416 31 32 I.
2182 418 47 30 M.

1733 453 12 11 >

787 546 206 52 dounov
998 585 11 25 ,
1033 560 53 38 et
1115 544 305 69 cependant
1449 544 284 68 beaucoup
1765 543 182 51 moins
1992 544 356 49 émouvantes
2377 561 12 32 :
2423 543 128 50 c'est
2599 543 47 51 la
2678 546 75 53 fac-

787 649 118 36 ture
939 635 159 67 qu'on
1117 633 207 51 admire
1347 646 12 51 ;
1388 632 35 51 il
1455 632 250 52 vaudrait
1724 631 182 51 mieux
1926 630 168 67 qu'on
2115 630 125 49 n'en
2260 635 90 45 eût
2378 647 94 50 pas
2495 631 48 49 la
2570 638 208 60 pensée.

786 722 101 50 Les
914 720 262 52 mélodies
1202 732 124 38 sont
1359 732 231 38 souvent
1627 722 353 65 empruntées
2014 735 67 34 au
2113 718 164 50 chant
2303 718 307 69 populaire,
2650 722 131 54 mais

785 825 95 51 par
904 809 250 50 malheur
1177 807 259 52 affublées
1468 809 65 49 de
1577 809 212 67 paroles
1823 807 238 66 d'opéra.
2119 805 92 52 On
2239 807 202 50 entend
2493 807 166 60 bêler,
2693 829 88 35 sur

783 910 104 34 une
920 892 273 70 gracieuse
1219 894 245 52 chanson
1488 911 12 35 :
1553 896 108 50 «Je
1700 895 177 51 t'aime
1908 897 28 47 à
1969 894 192 67 perdre
2202 894 49 49 la
2276 894 184 50 raison
2483 895 97 51 IJe
2607 896 174 54 t'aime

785 983 123 66 plus
933 999 103 50 que
1063 983 48 49 la
1134 980 82 52 vie
1237 988 9 44 !
1271 1003 23 27 »
1313 983 15 67 (
1336 983 280 52 Lioubliou
1646 983 133 52 tebia
1799 983 85 67 be\
1903 999 157 34 ouma
2085 988 17 45 !
2128 983 285 50 Lioubliou
2432 983 134 50 tebia
2592 984 186 54 boVche

773 1066 213 69 ji\nia.)
1021 1069 106 51 Par
1155 1085 85 35 ces
1266 1083 164 48 mots,
1458 1083 50 38 et
1533 1087 96 51 par
1649 1070 77 51 les
1757 1083 176 55 gestes
1966 1069 345 69 appropriés,
2340 1083 121 39 tout
2493 1070 47 51 le
2565 1070 211 56 charme

785 1168 80 38 est
887 1172 216 53 rompu.

845 1242 147 54 C'est
1018 1244 135 51 dans
1185 1245 47 50 la
1272 1244 344 52 Pskovitaine
1639 1261 106 51 que
1787 1262 139 34 nous
1952 1262 169 34 avons
2151 1262 130 36 revu
2315 1244 345 70 Chaliapine.
2709 1249 68 52 Le

779 1331 111 50 rôle
915 1332 187 49 d'lvan
1130 1345 81 38 est
1234 1332 64 51 de
1320 1348 131 35 ceux
1470 1332 131 67 qu'il
1628 1332 228 67 préfère,
1891 1345 52 38 et
1959 1333 36 51 il
2011 1346 216 38 montre
2244 1351 68 34 en
2335 1334 123 51 effet
2481 1351 108 34 une
2615 1336 130 53 admi-

778 1418 145 51 rable
950 1421 103 48 tête
1078 1419 65 50 de
1176 1431 155 56 tyran
1364 1418 293 68 colérique,
1682 1419 221 67 hagard,
1933 1423 29 47 à
1997 1419 146 53 demi
2165 1421 112 52 fou.
2302 1422 141 51 Mais
2474 1422 47 51 le
2555 1439 189 52 person-

774 1521 135 50 nage
941 1516 78 38 est
1042 1516 122 56 trop
1186 1521 201 51 pauvre
1412 1521 141 51 pour
1580 1505 132 67 qu'il
1746 1506 184 67 puisse
1955 1507 207 52 arriver
2192 1511 29 47 à
2242 1508 47 51 le
2323 1511 194 49 rendre
2551 1510 196 53 intéres-

776 1602 137 40 sant.
938 1591 203 67 Malgré
1163 1591 65 51 de
1252 1591 171 52 beaux
1439 1596 147 47 accès
1610 1593 65 51 de
1700 1593 189 53 fureur
1917 1607 52 39 et
1995 1595 94 51 des
2112 1596 136 51 rires
2264 1597 362 69 sardoniques
2649 1601 127 52 dont

774 1680 268 66 peut-être
1073 1679 35 50 il
1138 1679 181 64 abuse,
1341 1696 72 35 on
1436 1680 88 51 n'a
1554 1698 95 50 pas
1672 1699 165 51 peur;
1864 1684 206 67 malgré
2091 1684 96 50 des
2211 1684 179 52 mains
2424 1685 93 68 qui
2540 1686 206 54 friction-

773 1778 131 39 nent
924 1766 417 52 fiévreusement
1361 1767 47 50 le
1435 1767 216 53 trouble
1684 1770 63 50 de
1764 1786 57 34 sa
1840 1771 316 51 conscience
2189 1788 67 34 en
2288 1790 57 33 sa
2357 1773 259 68 poitrine,
2643 1778 97 49 mal-

772 1856 93 65 gré
889 1854 47 49 le
980 1854 282 68 désespoir
1303 1854 95 68 qui
1423 1854 47 51 le
1500 1855 97 52 fait
1634 1873 220 52 ramper
1877 1858 255 68 jusqu'au
2168 1877 160 52 corps
2359 1863 65 49 de
2457 1879 60 34 sa
2552 1864 127 65 fille,
2706 1883 66 34 on

771 1941 135 49 n'est
937 1957 94 50 pas
1078 1940 213 54 touché.
1317 1941 271 54 Combien
1619 1944 48 51 le
1705 1945 116 50 rôle
1854 1947 65 49 de
1953 1945 159 52 Boris
2159 1949 292 52 convenait
2480 1952 292 71 davantage

769 2030 28 47 à
834 2039 137 38 cette
1002 2039 190 41 nature
1224 2033 297 63 généreuse
1554 2043 52 38 et
1635 2035 28 47 à
1707 2046 137 38 cette
1889 2033 126 53 voix
2044 2035 138 52 dont
2223 2035 50 52 la
2303 2037 147 52 force
2485 2051 282 54 contenue,

767 2113 287 66 recueillie,
1094 2117 190 50 tendre
1315 2129 52 38 et
1398 2133 179 52 grave,
1613 2136 141 35 nous
1790 2119 144 54 avait
1975 2134 120 39 tant
2128 2126 155 49 émus
2310 2127 9 48 !
2357 2126 159 52 Nous
2550 2127 217 52 n'avons

769 2206 250 47 retrouvé
1041 2203 47 50 le
1120 2204 258 51 souvenir
1400 2207 65 49 de
1497 2223 86 35 ces
1628 2221 212 38 accents
1868 2225 104 52 que
1997 2211 138 50 dans
2159 2212 49 51 la
2239 2216 160 48 scène
2441 2214 69 51 où
2543 2216 47 51 le
2616 2228 151 56 tyran

768 2287 202 52 médite
998 2306 94 34 sur
1116 2291 48 49 la
1206 2291 231 52 mission
1472 2293 132 68 qu'il
1630 2296 282 52 s'attribue
1945 2310 55 38 et
2022 2297 59 52 lit
2107 2315 77 34 un
2215 2298 162 54 vieux
2399 2314 143 39 texte
2590 2308 174 58 sacré;

768 2375 142 50 alors
942 2392 105 36 une
1099 2378 214 51 austère
1361 2380 321 52 mélancolie
1722 2396 82 37 est
1845 2400 67 34 en
1952 2383 96 63 lui,
2091 2402 107 53 que
2240 2387 226 54 l'artiste
2507 2408 29 33 a
2570 2392 197 52 rendue

765 2477 213 37 comme
1009 2465 112 49 seul
1154 2465 36 50 il
1216 2466 47 51 le
1290 2467 225 68 pouvait
1538 2467 132 54 faire
1691 2488 12 34 :
1728 2470 366 68 pieusement.

833 2551 103 50 Les
967 2564 179 39 autres
1181 2551 322 71 interprètes
1527 2574 68 33 ne
1627 2575 54 33 se
1708 2571 124 38 sont
1878 2576 98 51 pas
2008 2566 243 49 montrés
2283 2564 259 70 indignes
2601 2569 64 51 de
2690 2582 76 39 cet

764 2636 208 53 illustre
1003 2639 274 70 voisinage
1303 2660 11 35 :
1342 2642 75 53 M.
1440 2642 261 54 Smirnov
1727 2659 80 38 est
1823 2664 78 34 un
1916 2651 159 49 ténor
2098 2649 318 66 charmeur;
2439 2655 325 54 M.Damaev

762 2740 75 35 un
867 2725 467 69 ténorvigoureux
1355 2750 14 39 ;
1403 2745 141 37 nous
1571 2748 238 35 sommes
1835 2736 305 66 également
2173 2739 256 53 démunis
2457 2743 66 51 de
2550 2744 141 51 l'une
2715 2757 48 38 et

759 2811 64 50 de
851 2813 12 49 1
884 2825 151 38 autre
1073 2816 207 65 espèce.
1309 2818 57 51 M
1369 2816 44 30 lle
1441 2818 309 68 Lipkovska
1780 2839 29 33 a
1848 2824 135 50 dans
2023 2842 57 34 sa
2112 2825 123 52 voix
2278 2844 217 37 comme
2537 2832 135 51 dans
2710 2849 51 34 sa

762 2917 268 51 personne
1054 2919 105 35 une
1185 2919 327 52 provocante
1535 2907 278 68 ingénuité
1841 2913 93 66 qui
1963 2931 55 33 se
2034 2914 79 52 fût
2145 2916 184 53 mieux
2359 2922 397 60 accommodée,

759 2989 287 65 peut-être,
1080 2989 129 52 d'un
1242 2992 113 52 rôle
1380 2993 126 67 plus
1539 2997 262 51 moderne
1827 3011 52 38 et
1905 3001 181 52 moins
2104 3003 281 55 innocent.

824 3074 147 52 Tout
999 3091 216 54 compte
1246 3079 116 66 fait,
1397 3098 139 36 nous
1571 3083 224 67 devons,
1822 3101 139 39 cette
1982 3096 172 47 année
2179 3110 213 46 encore,
2420 3096 66 52 de
2512 3096 49 52 la
2582 3114 145 35 recon-

759 3161 281 53 naissance
1098 3168 28 46 à
1166 3166 73 53 M.
1294 3167 286 70 Diaghilev
1619 3189 141 50 pour
1808 3190 142 37 nous
1999 3180 151 50 avoir
2197 3181 203 66 donné,
2474 3185 160 51 sinon
2684 3187 70 49 les

757 3250 383 69 authentiques
1166 3256 292 66 spectacles
1473 3258 65 51 de
1552 3275 97 35 son
1675 3277 151 53 pays,
1844 3264 71 52 du
1929 3266 183 52 moins
2136 3285 108 36 une
2269 3270 154 68 copie
2443 3272 238 69 soignée,
2707 3285 47 38 et

755 3337 131 50 dont
915 3340 262 51 certaines
1205 3344 202 64 parties
1434 3359 124 38 sont
1590 3349 340 54 excellentes.
1964 3354 141 52 Mais
2141 3356 43 51 si
2230 3357 110 53 l'on
2372 3373 127 39 veut
2528 3361 132 52 faire
2691 3361 59 51 de

756 3440 84 32 ces
868 3424 207 52 saisons
1106 3443 180 37 russes
1311 3448 107 33 une
1469 3434 316 53 institution
1816 3441 282 66 régulière,
2121 3444 35 50 il
2189 3446 194 52 faudra
2406 3465 198 51 songer
2630 3454 120 46 àen

751 3514 316 49 renouveler
1090 3515 46 50 le
1162 3519 314 65 répertoire,
1498 3534 51 37 et
1567 3522 75 51 les
1665 3523 183 64 jeunes
1869 3531 401 67 compositeurs
2301 3537 64 50 de
2387 3537 169 50 là-bas
2578 3538 172 50 feront

753 3596 124 52 bien
934 3600 32 49 d
990 3604 216 51 écouter
1260 3606 74 51 les
1396 3623 410 40 remontrances
1867 3617 252 52 amicales
2175 3638 106 50 que
2345 3624 118 52 leur
2534 3626 211 51 adresse

746 3683 73 52 M.
847 3683 393 72 Calvocoressi,
1284 3695 133 50 dans
1470 3713 74 34 un
1597 3698 184 52 article
1811 3704 242 66 modéré,
2089 3708 138 51 mais
2272 3714 109 47 très
2426 3712 187 59 ferme,
2675 3712 66 51 du
