<?xml version="1.0" encoding="UTF-8"?>
<alto xmlns:xsi="http://www.w3.org/2001/XMLSchema-instance" xmlns="http://www.loc.gov/standards/alto/ns-v2#" xsi:schemaLocation="http://www.loc.gov/standards/alto/ns-v2# http://www.loc.gov/standards/alto/alto-v2.0.xsd" xmlns:xlink="http://www.w3.org/1999/xlink">
	<Description>
		<MeasurementUnit>mm10</MeasurementUnit>
		<sourceImageInformation>
			<fileName>//fileserver7/IN2/Princeton/Batch3/bmtnabh/1909/06/15_01/00000144.tif</fileName>
		</sourceImageInformation>
		<OCRProcessing ID="OCRPROCESSING_1">
			<preProcessingStep>
				<processingSoftware>
					<softwareCreator>CCS Content Conversion Specialists GmbH, Germany</softwareCreator>
					<softwareName>CCS docWORKS</softwareName>
					<softwareVersion>6.6-1.18</softwareVersion>
				</processingSoftware>
			</preProcessingStep>
			<ocrProcessingStep>
				<processingSoftware>
					<softwareCreator>ABBYY (BIT Software), Russia</softwareCreator>
					<softwareName>FineReader</softwareName>
					<softwareVersion>10.0</softwareVersion>
				</processingSoftware>
			</ocrProcessingStep>
		</OCRProcessing>
	</Description>
	<Styles>
		<TextStyle ID="TXT_0" FONTSIZE="18" FONTFAMILY="Times New Roman"/>
		<TextStyle ID="TXT_1" FONTSIZE="11" FONTFAMILY="Times New Roman" FONTSTYLE="bold"/>
		<TextStyle ID="TXT_2" FONTSIZE="18" FONTFAMILY="Times New Roman" FONTSTYLE="italics"/>
		<TextStyle ID="TXT_3" FONTSIZE="13" FONTFAMILY="Times New Roman"/>
		<TextStyle ID="TXT_4" FONTSIZE="15" FONTFAMILY="Times New Roman"/>
		<TextStyle ID="TXT_5" FONTSIZE="15" FONTFAMILY="Times New Roman" FONTSTYLE="italics"/>
		<ParagraphStyle ID="PAR_LEFT" ALIGN="Left"/>
		<ParagraphStyle ID="PAR_RIGHT" ALIGN="Right"/>
		<ParagraphStyle ID="PAR_BLOCK" ALIGN="Block"/>
	</Styles>
	<Layout>
		<Page ID="P26" PHYSICAL_IMG_NR="26" HEIGHT="4244" WIDTH="2905" PC="0.906">
			<TopMargin ID="P26_TM00001" HPOS="0" VPOS="0" WIDTH="2905" HEIGHT="474">
				<TextBlock ID="P26_TB00001" HPOS="757" VPOS="418" WIDTH="92" HEIGHT="45" STYLEREFS="TXT_0 PAR_LEFT">
					<TextLine ID="P26_TL00001" HPOS="849" VPOS="463" WIDTH="0" HEIGHT="0">
						<String ID="P26_ST00001" HPOS="849" VPOS="463" WIDTH="0" HEIGHT="0" CONTENT="536" WC="1.00" CC="000"/>
					</TextLine>
				</TextBlock>
				<TextBlock ID="P26_TB00002" HPOS="1305" VPOS="424" WIDTH="900" HEIGHT="48" STYLEREFS="TXT_1 PAR_RIGHT">
					<TextLine ID="P26_TL00002" HPOS="1305" VPOS="425" WIDTH="900" HEIGHT="34">
						<String ID="P26_ST00002" HPOS="1305" VPOS="428" WIDTH="233" HEIGHT="31" CONTENT="BULLETIN" WC="0.99" CC="36000055"/>
						<SP ID="P26_SP00001" HPOS="1538" VPOS="459" WIDTH="32"/>
						<String ID="P26_ST00003" HPOS="1570" VPOS="427" WIDTH="223" HEIGHT="31" CONTENT="FRANÇAIS" WC="0.99" CC="34330040"/>
						<SP ID="P26_SP00002" HPOS="1793" VPOS="459" WIDTH="33"/>
						<String ID="P26_ST00004" HPOS="1826" VPOS="426" WIDTH="60" HEIGHT="29" CONTENT="DE" WC="0.39" CC="65"/>
						<SP ID="P26_SP00003" HPOS="1886" VPOS="459" WIDTH="34"/>
						<String ID="P26_ST00005" HPOS="1920" VPOS="426" WIDTH="58" HEIGHT="29" CONTENT="LA" WC="0.46" CC="90"/>
						<SP ID="P26_SP00004" HPOS="1978" VPOS="459" WIDTH="34"/>
						<String ID="P26_ST00006" HPOS="2012" VPOS="425" WIDTH="38" HEIGHT="30" CONTENT="S." WC="0.66" CC="06"/>
						<SP ID="P26_SP00005" HPOS="2050" VPOS="459" WIDTH="38"/>
						<String ID="P26_ST00007" HPOS="2088" VPOS="425" WIDTH="32" HEIGHT="30" CONTENT="I." WC="0.69" CC="06"/>
						<SP ID="P26_SP00006" HPOS="2120" VPOS="459" WIDTH="37"/>
						<String ID="P26_ST00008" HPOS="2157" VPOS="425" WIDTH="48" HEIGHT="30" CONTENT="M." WC="0.87" CC="20"/>
					</TextLine>
				</TextBlock>
			</TopMargin>
			<LeftMargin ID="P26_LM00001" HPOS="0" VPOS="474" WIDTH="729" HEIGHT="3285"/>
			<RightMargin ID="P26_RM00001" HPOS="2759" VPOS="474" WIDTH="146" HEIGHT="3285"/>
			<BottomMargin ID="P26_BM00001" HPOS="0" VPOS="3759" WIDTH="2905" HEIGHT="485"/>
			<PrintSpace ID="P26_PS00001" HPOS="729" VPOS="474" WIDTH="2030" HEIGHT="3285">
				<TextBlock ID="P26_TB00003" HPOS="742" VPOS="545" WIDTH="2017" HEIGHT="1995" STYLEREFS="TXT_0 PAR_BLOCK">
					<TextLine ID="P26_TL00003" HPOS="753" VPOS="546" WIDTH="2002" HEIGHT="73">
						<String ID="P26_ST00009" HPOS="753" VPOS="557" WIDTH="139" HEIGHT="49" CONTENT="mais" WC="0.99" CC="0040"/>
						<SP ID="P26_SP00007" HPOS="892" VPOS="606" WIDTH="25"/>
						<String ID="P26_ST00010" HPOS="917" VPOS="555" WIDTH="36" HEIGHT="50" CONTENT="il" WC="0.91" CC="01"/>
						<SP ID="P26_SP00008" HPOS="953" VPOS="606" WIDTH="39"/>
						<String ID="P26_ST00011" HPOS="992" VPOS="555" WIDTH="75" HEIGHT="49" CONTENT="les" WC="1.00" CC="100"/>
						<SP ID="P26_SP00009" HPOS="1067" VPOS="606" WIDTH="33"/>
						<String ID="P26_ST00012" HPOS="1100" VPOS="552" WIDTH="259" HEIGHT="53" CONTENT="séduisait" WC="1.00" CC="060000500"/>
						<SP ID="P26_SP00010" HPOS="1359" VPOS="606" WIDTH="32"/>
						<String ID="P26_ST00013" HPOS="1391" VPOS="569" WIDTH="98" HEIGHT="50" CONTENT="par" WC="1.00" CC="000"/>
						<SP ID="P26_SP00011" HPOS="1489" VPOS="619" WIDTH="25"/>
						<String ID="P26_ST00014" HPOS="1514" VPOS="569" WIDTH="105" HEIGHT="33" CONTENT="une" WC="1.00" CC="000"/>
						<SP ID="P26_SP00012" HPOS="1619" VPOS="619" WIDTH="26"/>
						<String ID="P26_ST00015" HPOS="1645" VPOS="550" WIDTH="240" HEIGHT="52" CONTENT="certaine" WC="0.99" CC="60200500"/>
						<SP ID="P26_SP00013" HPOS="1885" VPOS="619" WIDTH="35"/>
						<String ID="P26_ST00016" HPOS="1920" VPOS="548" WIDTH="273" HEIGHT="52" CONTENT="câlinerie." WC="0.75" CC="0150502604"/>
						<SP ID="P26_SP00014" HPOS="2193" VPOS="619" WIDTH="39"/>
						<String ID="P26_ST00017" HPOS="2232" VPOS="546" WIDTH="100" HEIGHT="63" CONTENT="Or," WC="0.98" CC="140"/>
						<SP ID="P26_SP00015" HPOS="2332" VPOS="619" WIDTH="49"/>
						<String ID="P26_ST00018" HPOS="2381" VPOS="546" WIDTH="45" HEIGHT="50" CONTENT="si" WC="0.78" CC="04"/>
						<SP ID="P26_SP00016" HPOS="2426" VPOS="619" WIDTH="35"/>
						<String ID="P26_ST00019" HPOS="2461" VPOS="546" WIDTH="49" HEIGHT="50" CONTENT="la" WC="0.91" CC="10"/>
						<SP ID="P26_SP00017" HPOS="2510" VPOS="619" WIDTH="33"/>
						<String ID="P26_ST00020" HPOS="2543" VPOS="549" WIDTH="212" HEIGHT="69" CONTENT="plupart" WC="0.99" CC="2504000"/>
					</TextLine>
					<TextLine ID="P26_TL00004" HPOS="752" VPOS="633" WIDTH="2003" HEIGHT="75">
						<String ID="P26_ST00021" HPOS="752" VPOS="644" WIDTH="65" HEIGHT="50" CONTENT="de" WC="0.70" CC="50"/>
						<SP ID="P26_SP00018" HPOS="817" VPOS="694" WIDTH="32"/>
						<String ID="P26_ST00022" HPOS="849" VPOS="659" WIDTH="85" HEIGHT="33" CONTENT="ses" WC="1.00" CC="000"/>
						<SP ID="P26_SP00019" HPOS="934" VPOS="694" WIDTH="16"/>
						<String ID="P26_ST00023" HPOS="950" VPOS="642" WIDTH="177" HEIGHT="66" CONTENT="pièces" WC="0.99" CC="055001"/>
						<SP ID="P26_SP00020" HPOS="1127" VPOS="708" WIDTH="25"/>
						<String ID="P26_ST00024" HPOS="1152" VPOS="639" WIDTH="412" HEIGHT="51" CONTENT="sentimentales" WC="1.00" CC="9000000600300"/>
						<SP ID="P26_SP00021" HPOS="1564" VPOS="708" WIDTH="39"/>
						<String ID="P26_ST00025" HPOS="1603" VPOS="639" WIDTH="250" HEIGHT="67" CONTENT="pèchent," WC="1.00" CC="00030103"/>
						<SP ID="P26_SP00022" HPOS="1853" VPOS="708" WIDTH="41"/>
						<String ID="P26_ST00026" HPOS="1894" VPOS="637" WIDTH="162" HEIGHT="49" CONTENT="sinon" WC="0.99" CC="04005"/>
						<SP ID="P26_SP00023" HPOS="2056" VPOS="708" WIDTH="33"/>
						<String ID="P26_ST00027" HPOS="2089" VPOS="652" WIDTH="99" HEIGHT="51" CONTENT="par" WC="0.99" CC="001"/>
						<SP ID="P26_SP00024" HPOS="2188" VPOS="708" WIDTH="46"/>
						<String ID="P26_ST00028" HPOS="2234" VPOS="634" WIDTH="48" HEIGHT="50" CONTENT="la" WC="1.00" CC="00"/>
						<SP ID="P26_SP00025" HPOS="2282" VPOS="708" WIDTH="38"/>
						<String ID="P26_ST00029" HPOS="2320" VPOS="633" WIDTH="258" HEIGHT="63" CONTENT="banalité," WC="0.99" CC="000053060"/>
						<SP ID="P26_SP00026" HPOS="2578" VPOS="708" WIDTH="28"/>
						<String ID="P26_ST00030" HPOS="2606" VPOS="652" WIDTH="85" HEIGHT="35" CONTENT="car" WC="0.99" CC="002"/>
						<SP ID="P26_SP00027" HPOS="2691" VPOS="708" WIDTH="32"/>
						<String ID="P26_ST00031" HPOS="2723" VPOS="639" WIDTH="32" HEIGHT="51" CONTENT="il" WC="0.91" CC="10"/>
					</TextLine>
					<TextLine ID="P26_TL00005" HPOS="753" VPOS="720" WIDTH="2006" HEIGHT="74">
						<String ID="P26_ST00032" HPOS="753" VPOS="742" WIDTH="88" HEIGHT="38" CONTENT="sut" WC="0.99" CC="030"/>
						<SP ID="P26_SP00028" HPOS="841" VPOS="780" WIDTH="23"/>
						<String ID="P26_ST00033" HPOS="864" VPOS="728" WIDTH="249" HEIGHT="64" CONTENT="toujours" WC="0.99" CC="20050050"/>
						<SP ID="P26_SP00029" HPOS="1113" VPOS="792" WIDTH="26"/>
						<String ID="P26_ST00034" HPOS="1139" VPOS="729" WIDTH="113" HEIGHT="47" CONTENT="s'en" WC="0.98" CC="6100"/>
						<SP ID="P26_SP00030" HPOS="1252" VPOS="792" WIDTH="44"/>
						<String ID="P26_ST00035" HPOS="1296" VPOS="728" WIDTH="210" HEIGHT="66" CONTENT="garder," WC="0.99" CC="3000044"/>
						<SP ID="P26_SP00031" HPOS="1506" VPOS="794" WIDTH="47"/>
						<String ID="P26_ST00036" HPOS="1553" VPOS="728" WIDTH="72" HEIGHT="48" CONTENT="du" WC="0.99" CC="00"/>
						<SP ID="P26_SP00032" HPOS="1625" VPOS="794" WIDTH="31"/>
						<String ID="P26_ST00037" HPOS="1656" VPOS="724" WIDTH="182" HEIGHT="51" CONTENT="moins" WC="1.00" CC="00400"/>
						<SP ID="P26_SP00033" HPOS="1838" VPOS="794" WIDTH="39"/>
						<String ID="P26_ST00038" HPOS="1877" VPOS="741" WIDTH="98" HEIGHT="51" CONTENT="par" WC="0.98" CC="005"/>
						<SP ID="P26_SP00034" HPOS="1975" VPOS="794" WIDTH="31"/>
						<String ID="P26_ST00039" HPOS="2006" VPOS="723" WIDTH="45" HEIGHT="49" CONTENT="le" WC="0.94" CC="10"/>
						<SP ID="P26_SP00035" HPOS="2051" VPOS="794" WIDTH="32"/>
						<String ID="P26_ST00040" HPOS="2083" VPOS="738" WIDTH="240" HEIGHT="51" CONTENT="manque" WC="0.99" CC="003210"/>
						<SP ID="P26_SP00036" HPOS="2323" VPOS="794" WIDTH="32"/>
						<String ID="P26_ST00041" HPOS="2355" VPOS="720" WIDTH="256" HEIGHT="61" CONTENT="d'accent," WC="1.00" CC="004000000"/>
						<SP ID="P26_SP00037" HPOS="2611" VPOS="794" WIDTH="28"/>
						<String ID="P26_ST00042" HPOS="2639" VPOS="739" WIDTH="66" HEIGHT="36" CONTENT="on" WC="0.55" CC="26"/>
						<SP ID="P26_SP00038" HPOS="2705" VPOS="794" WIDTH="22"/>
						<String ID="P26_ST00043" HPOS="2727" VPOS="743" WIDTH="32" HEIGHT="50" CONTENT="y" WC="0.48" CC="5"/>
					</TextLine>
					<TextLine ID="P26_TL00006" HPOS="752" VPOS="809" WIDTH="2004" HEIGHT="71">
						<String ID="P26_ST00044" HPOS="752" VPOS="817" WIDTH="265" HEIGHT="49" CONTENT="découvre" WC="1.00" CC="00102000"/>
						<SP ID="P26_SP00039" HPOS="1017" VPOS="866" WIDTH="25"/>
						<String ID="P26_ST00045" HPOS="1042" VPOS="813" WIDTH="203" HEIGHT="67" CONTENT="parfois" WC="1.00" CC="0030100"/>
						<SP ID="P26_SP00040" HPOS="1245" VPOS="880" WIDTH="23"/>
						<String ID="P26_ST00046" HPOS="1268" VPOS="831" WIDTH="105" HEIGHT="33" CONTENT="une" WC="1.00" CC="000"/>
						<SP ID="P26_SP00041" HPOS="1373" VPOS="880" WIDTH="27"/>
						<String ID="P26_ST00047" HPOS="1400" VPOS="827" WIDTH="143" HEIGHT="37" CONTENT="sorte" WC="1.00" CC="00110"/>
						<SP ID="P26_SP00042" HPOS="1543" VPOS="880" WIDTH="22"/>
						<String ID="P26_ST00048" HPOS="1565" VPOS="814" WIDTH="187" HEIGHT="49" CONTENT="d'aveu" WC="1.00" CC="010000"/>
						<SP ID="P26_SP00043" HPOS="1752" VPOS="880" WIDTH="21"/>
						<String ID="P26_ST00049" HPOS="1773" VPOS="817" WIDTH="27" HEIGHT="44" CONTENT="à" WC="0.68" CC="3"/>
						<SP ID="P26_SP00044" HPOS="1800" VPOS="880" WIDTH="21"/>
						<String ID="P26_ST00050" HPOS="1821" VPOS="811" WIDTH="157" HEIGHT="67" CONTENT="peine" WC="0.98" CC="55200"/>
						<SP ID="P26_SP00045" HPOS="1978" VPOS="880" WIDTH="19"/>
						<String ID="P26_ST00051" HPOS="1997" VPOS="809" WIDTH="260" HEIGHT="68" CONTENT="exprimé," WC="0.99" CC="00433002"/>
						<SP ID="P26_SP00046" HPOS="2257" VPOS="880" WIDTH="28"/>
						<String ID="P26_ST00052" HPOS="2285" VPOS="809" WIDTH="63" HEIGHT="49" CONTENT="de" WC="1.00" CC="00"/>
						<SP ID="P26_SP00047" HPOS="2348" VPOS="880" WIDTH="37"/>
						<String ID="P26_ST00053" HPOS="2385" VPOS="825" WIDTH="371" HEIGHT="40" CONTENT="susurrement" WC="0.99" CC="04043500060"/>
					</TextLine>
					<TextLine ID="P26_TL00007" HPOS="751" VPOS="897" WIDTH="2001" HEIGHT="67">
						<String ID="P26_ST00054" HPOS="751" VPOS="902" WIDTH="139" HEIGHT="50" CONTENT="câlin" WC="0.98" CC="00550"/>
						<SP ID="P26_SP00048" HPOS="890" VPOS="952" WIDTH="33"/>
						<String ID="P26_ST00055" HPOS="923" VPOS="913" WIDTH="50" HEIGHT="37" CONTENT="et" WC="0.94" CC="01"/>
						<SP ID="P26_SP00049" HPOS="973" VPOS="952" WIDTH="23"/>
						<String ID="P26_ST00056" HPOS="996" VPOS="902" WIDTH="161" HEIGHT="61" CONTENT="doux," WC="1.00" CC="00201"/>
						<SP ID="P26_SP00050" HPOS="1157" VPOS="963" WIDTH="37"/>
						<String ID="P26_ST00057" HPOS="1194" VPOS="902" WIDTH="63" HEIGHT="50" CONTENT="de" WC="1.00" CC="00"/>
						<SP ID="P26_SP00051" HPOS="1257" VPOS="963" WIDTH="34"/>
						<String ID="P26_ST00058" HPOS="1291" VPOS="902" WIDTH="162" HEIGHT="48" CONTENT="brève" WC="0.99" CC="03200"/>
						<SP ID="P26_SP00052" HPOS="1453" VPOS="963" WIDTH="37"/>
						<String ID="P26_ST00059" HPOS="1490" VPOS="917" WIDTH="208" HEIGHT="33" CONTENT="caresse" WC="1.00" CC="1030000"/>
						<SP ID="P26_SP00053" HPOS="1698" VPOS="963" WIDTH="28"/>
						<String ID="P26_ST00060" HPOS="1726" VPOS="898" WIDTH="334" HEIGHT="66" CONTENT="mélodique." WC="1.00" CC="2044010100"/>
						<SP ID="P26_SP00054" HPOS="2060" VPOS="964" WIDTH="24"/>
						<String ID="P26_ST00061" HPOS="2084" VPOS="897" WIDTH="129" HEIGHT="48" CONTENT="Tels" WC="0.99" CC="1020"/>
						<SP ID="P26_SP00055" HPOS="2213" VPOS="964" WIDTH="33"/>
						<String ID="P26_ST00062" HPOS="2246" VPOS="910" WIDTH="124" HEIGHT="35" CONTENT="sont" WC="1.00" CC="0000"/>
						<SP ID="P26_SP00056" HPOS="2370" VPOS="964" WIDTH="32"/>
						<String ID="P26_ST00063" HPOS="2402" VPOS="897" WIDTH="45" HEIGHT="47" CONTENT="le" WC="0.75" CC="50"/>
						<SP ID="P26_SP00057" HPOS="2447" VPOS="964" WIDTH="40"/>
						<String ID="P26_ST00064" HPOS="2487" VPOS="897" WIDTH="265" HEIGHT="53" CONTENT="Nocturne" WC="0.99" CC="04002426" STYLEREFS="TXT_2"/>
					</TextLine>
					<TextLine ID="P26_TL00008" HPOS="752" VPOS="985" WIDTH="2000" HEIGHT="71">
						<String ID="P26_ST00065" HPOS="752" VPOS="990" WIDTH="108" HEIGHT="66" CONTENT="(op." WC="1.00" CC="1000"/>
						<SP ID="P26_SP00058" HPOS="860" VPOS="1056" WIDTH="46"/>
						<String ID="P26_ST00066" HPOS="906" VPOS="988" WIDTH="115" HEIGHT="65" CONTENT="io3)" WC="0.82" CC="5001"/>
						<SP ID="P26_SP00059" HPOS="1021" VPOS="1056" WIDTH="29"/>
						<String ID="P26_ST00067" HPOS="1050" VPOS="988" WIDTH="96" HEIGHT="68" CONTENT="(1)," WC="0.64" CC="6080"/>
						<SP ID="P26_SP00060" HPOS="1146" VPOS="1056" WIDTH="29"/>
						<String ID="P26_ST00068" HPOS="1175" VPOS="990" WIDTH="46" HEIGHT="48" CONTENT="le" WC="0.91" CC="10"/>
						<SP ID="P26_SP00061" HPOS="1221" VPOS="1056" WIDTH="29"/>
						<String ID="P26_ST00069" HPOS="1250" VPOS="988" WIDTH="25" HEIGHT="50" CONTENT="3" WC="0.42" CC="5"/>
						<String ID="P26_ST00070" HPOS="1282" VPOS="997" WIDTH="17" HEIGHT="19" CONTENT="e" STYLE="superscript" WC="0.71" CC="2"/>
						<SP ID="P26_SP00062" HPOS="1299" VPOS="1056" WIDTH="32"/>
						<String ID="P26_ST00071" HPOS="1331" VPOS="988" WIDTH="229" HEIGHT="66" CONTENT="prélude" WC="0.99" CC="0106300"/>
						<SP ID="P26_SP00063" HPOS="1560" VPOS="1056" WIDTH="33"/>
						<String ID="P26_ST00072" HPOS="1593" VPOS="990" WIDTH="65" HEIGHT="48" CONTENT="de" WC="1.00" CC="00"/>
						<SP ID="P26_SP00064" HPOS="1658" VPOS="1056" WIDTH="26"/>
						<String ID="P26_ST00073" HPOS="1684" VPOS="988" WIDTH="128" HEIGHT="66" CONTENT="l'op." WC="0.91" CC="00004"/>
						<SP ID="P26_SP00065" HPOS="1812" VPOS="1056" WIDTH="42"/>
						<String ID="P26_ST00074" HPOS="1854" VPOS="1002" WIDTH="66" HEIGHT="50" CONTENT="79" WC="0.31" CC="76" STYLEREFS="TXT_3"/>
						<SP ID="P26_SP00066" HPOS="1920" VPOS="1056" WIDTH="35"/>
						<String ID="P26_ST00075" HPOS="1955" VPOS="999" WIDTH="51" HEIGHT="35" CONTENT="et" WC="1.00" CC="00"/>
						<SP ID="P26_SP00067" HPOS="2006" VPOS="1056" WIDTH="33"/>
						<String ID="P26_ST00076" HPOS="2039" VPOS="1001" WIDTH="85" HEIGHT="33" CONTENT="ses" WC="1.00" CC="000"/>
						<SP ID="P26_SP00068" HPOS="2124" VPOS="1056" WIDTH="527"/>
						<String ID="P26_ST00077" HPOS="2651" VPOS="985" WIDTH="101" HEIGHT="68" CONTENT="(op." WC="0.98" CC="6040"/>
					</TextLine>
					<TextLine ID="P26_TL00009" HPOS="758" VPOS="1072" WIDTH="1997" HEIGHT="69">
						<String ID="P26_ST00078" HPOS="758" VPOS="1076" WIDTH="138" HEIGHT="65" CONTENT="122)," WC="0.75" CC="05501" STYLEREFS="TXT_4"/>
						<SP ID="P26_SP00069" HPOS="896" VPOS="1141" WIDTH="29"/>
						<String ID="P26_ST00079" HPOS="925" VPOS="1075" WIDTH="94" HEIGHT="66" CONTENT="qui" WC="0.98" CC="040"/>
						<SP ID="P26_SP00070" HPOS="1019" VPOS="1141" WIDTH="31"/>
						<String ID="P26_ST00080" HPOS="1050" VPOS="1087" WIDTH="143" HEIGHT="50" CONTENT="sont," WC="0.99" CC="00060"/>
						<SP ID="P26_SP00071" HPOS="1193" VPOS="1141" WIDTH="17"/>
						<String ID="P26_ST00081" HPOS="1210" VPOS="1076" WIDTH="153" HEIGHT="48" CONTENT="selon" WC="1.00" CC="00200"/>
						<SP ID="P26_SP00072" HPOS="1363" VPOS="1141" WIDTH="32"/>
						<String ID="P26_ST00082" HPOS="1395" VPOS="1075" WIDTH="132" HEIGHT="62" CONTENT="moi," WC="1.00" CC="0000"/>
						<SP ID="P26_SP00073" HPOS="1527" VPOS="1141" WIDTH="29"/>
						<String ID="P26_ST00083" HPOS="1556" VPOS="1075" WIDTH="113" HEIGHT="49" CONTENT="l'un" WC="0.97" CC="4044"/>
						<SP ID="P26_SP00074" HPOS="1669" VPOS="1141" WIDTH="22"/>
						<String ID="P26_ST00084" HPOS="1691" VPOS="1075" WIDTH="63" HEIGHT="49" CONTENT="de" WC="1.00" CC="00"/>
						<SP ID="P26_SP00075" HPOS="1754" VPOS="1141" WIDTH="34"/>
						<String ID="P26_ST00085" HPOS="1788" VPOS="1090" WIDTH="84" HEIGHT="33" CONTENT="ses" WC="1.00" CC="000"/>
						<SP ID="P26_SP00076" HPOS="1872" VPOS="1141" WIDTH="27"/>
						<String ID="P26_ST00086" HPOS="1899" VPOS="1072" WIDTH="439" HEIGHT="59" CONTENT="chefs-d'œuvre," WC="1.00" CC="01050200050601"/>
						<SP ID="P26_SP00077" HPOS="2338" VPOS="1141" WIDTH="22"/>
						<String ID="P26_ST00087" HPOS="2360" VPOS="1072" WIDTH="273" HEIGHT="65" CONTENT="peut-être" WC="1.00" CC="006120000"/>
						<SP ID="P26_SP00078" HPOS="2633" VPOS="1141" WIDTH="32"/>
						<String ID="P26_ST00088" HPOS="2665" VPOS="1090" WIDTH="90" HEIGHT="33" CONTENT="son" WC="0.99" CC="002"/>
					</TextLine>
					<TextLine ID="P26_TL00010" HPOS="752" VPOS="1156" WIDTH="2003" HEIGHT="70">
						<String ID="P26_ST00089" HPOS="752" VPOS="1162" WIDTH="405" HEIGHT="59" CONTENT="chef-d'œuvre," WC="1.00" CC="0000000020302"/>
						<SP ID="P26_SP00079" HPOS="1157" VPOS="1221" WIDTH="20"/>
						<String ID="P26_ST00090" HPOS="1177" VPOS="1162" WIDTH="139" HEIGHT="50" CONTENT="celui" WC="1.00" CC="20000"/>
						<SP ID="P26_SP00080" HPOS="1316" VPOS="1221" WIDTH="25"/>
						<String ID="P26_ST00091" HPOS="1341" VPOS="1162" WIDTH="71" HEIGHT="50" CONTENT="du" WC="0.83" CC="03"/>
						<SP ID="P26_SP00081" HPOS="1412" VPOS="1221" WIDTH="25"/>
						<String ID="P26_ST00092" HPOS="1437" VPOS="1161" WIDTH="181" HEIGHT="50" CONTENT="moins" WC="1.00" CC="00030"/>
						<SP ID="P26_SP00082" HPOS="1618" VPOS="1221" WIDTH="27"/>
						<String ID="P26_ST00093" HPOS="1645" VPOS="1178" WIDTH="66" HEIGHT="33" CONTENT="en" WC="1.00" CC="00"/>
						<SP ID="P26_SP00083" HPOS="1711" VPOS="1221" WIDTH="33"/>
						<String ID="P26_ST00094" HPOS="1744" VPOS="1161" WIDTH="178" HEIGHT="65" CONTENT="lequel" WC="0.99" CC="500306"/>
						<SP ID="P26_SP00084" HPOS="1922" VPOS="1226" WIDTH="25"/>
						<String ID="P26_ST00095" HPOS="1947" VPOS="1176" WIDTH="57" HEIGHT="33" CONTENT="sa" WC="1.00" CC="00"/>
						<SP ID="P26_SP00085" HPOS="2004" VPOS="1226" WIDTH="32"/>
						<String ID="P26_ST00096" HPOS="2036" VPOS="1170" WIDTH="194" HEIGHT="38" CONTENT="nature" WC="0.99" CC="060150"/>
						<SP ID="P26_SP00086" HPOS="2230" VPOS="1226" WIDTH="22"/>
						<String ID="P26_ST00097" HPOS="2252" VPOS="1161" WIDTH="28" HEIGHT="47" CONTENT="à" WC="0.58" CC="4"/>
						<SP ID="P26_SP00087" HPOS="2280" VPOS="1226" WIDTH="25"/>
						<String ID="P26_ST00098" HPOS="2305" VPOS="1159" WIDTH="50" HEIGHT="48" CONTENT="la" WC="0.76" CC="40"/>
						<SP ID="P26_SP00088" HPOS="2355" VPOS="1226" WIDTH="30"/>
						<String ID="P26_ST00099" HPOS="2385" VPOS="1156" WIDTH="104" HEIGHT="51" CONTENT="fois" WC="0.98" CC="2230"/>
						<SP ID="P26_SP00089" HPOS="2489" VPOS="1226" WIDTH="33"/>
						<String ID="P26_ST00100" HPOS="2522" VPOS="1160" WIDTH="233" HEIGHT="63" CONTENT="rêveuse," WC="1.00" CC="00003004"/>
					</TextLine>
					<TextLine ID="P26_TL00011" HPOS="751" VPOS="1245" WIDTH="2004" HEIGHT="71">
						<String ID="P26_ST00101" HPOS="751" VPOS="1249" WIDTH="352" HEIGHT="67" CONTENT="capricieuse," WC="1.00" CC="200330300000"/>
						<SP ID="P26_SP00090" HPOS="1103" VPOS="1316" WIDTH="26"/>
						<String ID="P26_ST00102" HPOS="1129" VPOS="1249" WIDTH="141" HEIGHT="51" CONTENT="amie" WC="1.00" CC="0000"/>
						<SP ID="P26_SP00091" HPOS="1270" VPOS="1316" WIDTH="21"/>
						<String ID="P26_ST00103" HPOS="1291" VPOS="1253" WIDTH="26" HEIGHT="45" CONTENT="à" WC="0.21" CC="7"/>
						<SP ID="P26_SP00092" HPOS="1317" VPOS="1316" WIDTH="28"/>
						<String ID="P26_ST00104" HPOS="1345" VPOS="1250" WIDTH="48" HEIGHT="48" CONTENT="la" WC="0.67" CC="60"/>
						<SP ID="P26_SP00093" HPOS="1393" VPOS="1316" WIDTH="19"/>
						<String ID="P26_ST00105" HPOS="1412" VPOS="1249" WIDTH="105" HEIGHT="49" CONTENT="fois" WC="1.00" CC="0000"/>
						<SP ID="P26_SP00094" HPOS="1517" VPOS="1316" WIDTH="25"/>
						<String ID="P26_ST00106" HPOS="1542" VPOS="1250" WIDTH="65" HEIGHT="48" CONTENT="de" WC="1.00" CC="00"/>
						<SP ID="P26_SP00095" HPOS="1607" VPOS="1316" WIDTH="33"/>
						<String ID="P26_ST00107" HPOS="1640" VPOS="1250" WIDTH="49" HEIGHT="47" CONTENT="la" WC="0.70" CC="50"/>
						<SP ID="P26_SP00096" HPOS="1689" VPOS="1316" WIDTH="31"/>
						<String ID="P26_ST00108" HPOS="1720" VPOS="1264" WIDTH="217" HEIGHT="34" CONTENT="mesure" WC="0.99" CC="020520"/>
						<SP ID="P26_SP00097" HPOS="1937" VPOS="1316" WIDTH="28"/>
						<String ID="P26_ST00109" HPOS="1965" VPOS="1260" WIDTH="53" HEIGHT="37" CONTENT="et" WC="0.86" CC="02"/>
						<SP ID="P26_SP00098" HPOS="2018" VPOS="1316" WIDTH="22"/>
						<String ID="P26_ST00110" HPOS="2040" VPOS="1247" WIDTH="65" HEIGHT="49" CONTENT="de" WC="1.00" CC="00"/>
						<SP ID="P26_SP00099" HPOS="2105" VPOS="1316" WIDTH="33"/>
						<String ID="P26_ST00111" HPOS="2138" VPOS="1246" WIDTH="307" HEIGHT="66" CONTENT="l'élégance," WC="1.00" CC="01001520000"/>
						<SP ID="P26_SP00100" HPOS="2445" VPOS="1316" WIDTH="34"/>
						<String ID="P26_ST00112" HPOS="2479" VPOS="1245" WIDTH="276" HEIGHT="66" CONTENT="s'exprime" WC="1.00" CC="010003300"/>
					</TextLine>
					<TextLine ID="P26_TL00012" HPOS="747" VPOS="1331" WIDTH="2007" HEIGHT="69">
						<String ID="P26_ST00113" HPOS="747" VPOS="1338" WIDTH="47" HEIGHT="48" CONTENT="le" WC="0.82" CC="30"/>
						<SP ID="P26_SP00101" HPOS="794" VPOS="1386" WIDTH="39"/>
						<String ID="P26_ST00114" HPOS="833" VPOS="1336" WIDTH="202" HEIGHT="50" CONTENT="mieux." WC="1.00" CC="020200"/>
						<SP ID="P26_SP00102" HPOS="1035" VPOS="1386" WIDTH="54"/>
						<String ID="P26_ST00115" HPOS="1089" VPOS="1338" WIDTH="208" HEIGHT="48" CONTENT="Toutes" WC="1.00" CC="001200"/>
						<SP ID="P26_SP00103" HPOS="1297" VPOS="1386" WIDTH="39"/>
						<String ID="P26_ST00116" HPOS="1336" VPOS="1352" WIDTH="85" HEIGHT="33" CONTENT="ces" WC="0.98" CC="400"/>
						<SP ID="P26_SP00104" HPOS="1421" VPOS="1386" WIDTH="41"/>
						<String ID="P26_ST00117" HPOS="1462" VPOS="1336" WIDTH="174" HEIGHT="49" CONTENT="valses" WC="0.99" CC="004010"/>
						<SP ID="P26_SP00105" HPOS="1636" VPOS="1386" WIDTH="44"/>
						<String ID="P26_ST00118" HPOS="1680" VPOS="1347" WIDTH="125" HEIGHT="38" CONTENT="sont" WC="0.99" CC="0050"/>
						<SP ID="P26_SP00106" HPOS="1805" VPOS="1386" WIDTH="32"/>
						<String ID="P26_ST00119" HPOS="1837" VPOS="1334" WIDTH="174" HEIGHT="66" CONTENT="jolies," WC="0.99" CC="6050000"/>
						<SP ID="P26_SP00107" HPOS="2011" VPOS="1400" WIDTH="43"/>
						<String ID="P26_ST00120" HPOS="2054" VPOS="1334" WIDTH="106" HEIGHT="49" CONTENT="soit" WC="0.97" CC="6044"/>
						<SP ID="P26_SP00108" HPOS="2160" VPOS="1400" WIDTH="49"/>
						<String ID="P26_ST00121" HPOS="2209" VPOS="1350" WIDTH="98" HEIGHT="50" CONTENT="par" WC="0.97" CC="006"/>
						<SP ID="P26_SP00109" HPOS="2307" VPOS="1400" WIDTH="44"/>
						<String ID="P26_ST00122" HPOS="2351" VPOS="1333" WIDTH="49" HEIGHT="49" CONTENT="la" WC="0.77" CC="40"/>
						<SP ID="P26_SP00110" HPOS="2400" VPOS="1400" WIDTH="46"/>
						<String ID="P26_ST00123" HPOS="2446" VPOS="1331" WIDTH="195" HEIGHT="51" CONTENT="liberté" WC="0.99" CC="0000416"/>
						<SP ID="P26_SP00111" HPOS="2641" VPOS="1400" WIDTH="49"/>
						<String ID="P26_ST00124" HPOS="2690" VPOS="1336" WIDTH="64" HEIGHT="51" CONTENT="du" WC="0.38" CC="92"/>
					</TextLine>
					<TextLine ID="P26_TL00013" HPOS="748" VPOS="1420" WIDTH="2006" HEIGHT="69">
						<String ID="P26_ST00125" HPOS="748" VPOS="1424" WIDTH="231" HEIGHT="65" CONTENT="rythme," WC="0.99" CC="2104202"/>
						<SP ID="P26_SP00112" HPOS="979" VPOS="1489" WIDTH="27"/>
						<String ID="P26_ST00126" HPOS="1006" VPOS="1423" WIDTH="104" HEIGHT="49" CONTENT="soit" WC="0.99" CC="0060"/>
						<SP ID="P26_SP00113" HPOS="1110" VPOS="1489" WIDTH="22"/>
						<String ID="P26_ST00127" HPOS="1132" VPOS="1439" WIDTH="95" HEIGHT="50" CONTENT="par" WC="1.00" CC="000"/>
						<SP ID="P26_SP00114" HPOS="1227" VPOS="1489" WIDTH="20"/>
						<String ID="P26_ST00128" HPOS="1247" VPOS="1423" WIDTH="50" HEIGHT="48" CONTENT="la" WC="0.76" CC="40"/>
						<SP ID="P26_SP00115" HPOS="1297" VPOS="1489" WIDTH="21"/>
						<String ID="P26_ST00129" HPOS="1318" VPOS="1428" WIDTH="154" HEIGHT="61" CONTENT="grâce" WC="0.98" CC="93020"/>
						<SP ID="P26_SP00116" HPOS="1472" VPOS="1489" WIDTH="24"/>
						<String ID="P26_ST00130" HPOS="1496" VPOS="1423" WIDTH="65" HEIGHT="48" CONTENT="de" WC="1.00" CC="00"/>
						<SP ID="P26_SP00117" HPOS="1561" VPOS="1489" WIDTH="25"/>
						<String ID="P26_ST00131" HPOS="1586" VPOS="1421" WIDTH="351" HEIGHT="59" CONTENT="l'harmonie;" WC="0.99" CC="20081030005"/>
						<SP ID="P26_SP00118" HPOS="1937" VPOS="1489" WIDTH="33"/>
						<String ID="P26_ST00132" HPOS="1970" VPOS="1420" WIDTH="434" HEIGHT="68" CONTENT="quelques-unes" WC="1.00" CC="0204000026000"/>
						<SP ID="P26_SP00119" HPOS="2404" VPOS="1489" WIDTH="22"/>
						<String ID="P26_ST00133" HPOS="2426" VPOS="1420" WIDTH="328" HEIGHT="68" CONTENT="témoignent" WC="1.00" CC="0000200014"/>
					</TextLine>
					<TextLine ID="P26_TL00014" HPOS="748" VPOS="1508" WIDTH="2003" HEIGHT="66">
						<String ID="P26_ST00134" HPOS="748" VPOS="1509" WIDTH="128" HEIGHT="50" CONTENT="d'un" WC="1.00" CC="0000"/>
						<SP ID="P26_SP00120" HPOS="876" VPOS="1559" WIDTH="45"/>
						<String ID="P26_ST00135" HPOS="921" VPOS="1509" WIDTH="298" HEIGHT="48" CONTENT="sentiment" WC="1.00" CC="000050001"/>
						<SP ID="P26_SP00121" HPOS="1219" VPOS="1559" WIDTH="33"/>
						<String ID="P26_ST00136" HPOS="1252" VPOS="1508" WIDTH="212" HEIGHT="60" CONTENT="délicat," WC="1.00" CC="00130013"/>
						<SP ID="P26_SP00122" HPOS="1464" VPOS="1568" WIDTH="54"/>
						<String ID="P26_ST00137" HPOS="1518" VPOS="1521" WIDTH="218" HEIGHT="38" CONTENT="surtout" WC="0.99" CC="0300070"/>
						<SP ID="P26_SP00123" HPOS="1736" VPOS="1568" WIDTH="38"/>
						<String ID="P26_ST00138" HPOS="1774" VPOS="1508" WIDTH="77" HEIGHT="49" CONTENT="les" WC="1.00" CC="000"/>
						<SP ID="P26_SP00124" HPOS="1851" VPOS="1568" WIDTH="35"/>
						<String ID="P26_ST00139" HPOS="1886" VPOS="1509" WIDTH="141" HEIGHT="48" CONTENT="deux" WC="1.00" CC="0000"/>
						<SP ID="P26_SP00125" HPOS="2027" VPOS="1568" WIDTH="34"/>
						<String ID="P26_ST00140" HPOS="2061" VPOS="1508" WIDTH="296" HEIGHT="58" CONTENT="dernières," WC="1.00" CC="0030000003"/>
						<SP ID="P26_SP00126" HPOS="2357" VPOS="1568" WIDTH="49"/>
						<String ID="P26_ST00141" HPOS="2406" VPOS="1508" WIDTH="130" HEIGHT="49" CONTENT="celle" WC="0.99" CC="00620"/>
						<SP ID="P26_SP00127" HPOS="2536" VPOS="1568" WIDTH="59"/>
						<String ID="P26_ST00142" HPOS="2595" VPOS="1524" WIDTH="66" HEIGHT="33" CONTENT="en" WC="1.00" CC="00"/>
						<SP ID="P26_SP00128" HPOS="2661" VPOS="1568" WIDTH="38"/>
						<String ID="P26_ST00143" HPOS="2699" VPOS="1512" WIDTH="52" HEIGHT="62" CONTENT="fa" WC="0.71" CC="05" STYLEREFS="TXT_2"/>
					</TextLine>
					<TextLine ID="P26_TL00015" HPOS="746" VPOS="1594" WIDTH="2005" HEIGHT="67">
						<String ID="P26_ST00144" HPOS="746" VPOS="1595" WIDTH="233" HEIGHT="60" CONTENT="mineur," WC="0.99" CC="0000422"/>
						<SP ID="P26_SP00129" HPOS="979" VPOS="1655" WIDTH="26"/>
						<String ID="P26_ST00145" HPOS="1005" VPOS="1595" WIDTH="49" HEIGHT="50" CONTENT="la" WC="0.81" CC="30"/>
						<SP ID="P26_SP00130" HPOS="1054" VPOS="1655" WIDTH="24"/>
						<String ID="P26_ST00146" HPOS="1078" VPOS="1597" WIDTH="149" HEIGHT="48" CONTENT="seule" WC="0.99" CC="00060"/>
						<SP ID="P26_SP00131" HPOS="1227" VPOS="1655" WIDTH="41"/>
						<String ID="P26_ST00147" HPOS="1268" VPOS="1595" WIDTH="95" HEIGHT="66" CONTENT="qui" WC="0.98" CC="023"/>
						<SP ID="P26_SP00132" HPOS="1363" VPOS="1661" WIDTH="20"/>
						<String ID="P26_ST00148" HPOS="1383" VPOS="1595" WIDTH="106" HEIGHT="50" CONTENT="soit" WC="0.98" CC="0601"/>
						<SP ID="P26_SP00133" HPOS="1489" VPOS="1661" WIDTH="29"/>
						<String ID="P26_ST00149" HPOS="1518" VPOS="1594" WIDTH="275" HEIGHT="51" CONTENT="vraiment" WC="0.99" CC="94000006"/>
						<SP ID="P26_SP00134" HPOS="1793" VPOS="1661" WIDTH="37"/>
						<String ID="P26_ST00150" HPOS="1830" VPOS="1594" WIDTH="423" HEIGHT="66" CONTENT="mélancolique," WC="1.00" CC="0040000440100"/>
						<SP ID="P26_SP00135" HPOS="2253" VPOS="1661" WIDTH="29"/>
						<String ID="P26_ST00151" HPOS="2282" VPOS="1607" WIDTH="52" HEIGHT="37" CONTENT="et" WC="0.77" CC="04"/>
						<SP ID="P26_SP00136" HPOS="2334" VPOS="1661" WIDTH="36"/>
						<String ID="P26_ST00152" HPOS="2370" VPOS="1595" WIDTH="132" HEIGHT="49" CONTENT="celle" WC="0.99" CC="00720"/>
						<SP ID="P26_SP00137" HPOS="2502" VPOS="1661" WIDTH="41"/>
						<String ID="P26_ST00153" HPOS="2543" VPOS="1612" WIDTH="66" HEIGHT="33" CONTENT="en" WC="1.00" CC="00"/>
						<SP ID="P26_SP00138" HPOS="2609" VPOS="1661" WIDTH="25"/>
						<String ID="P26_ST00154" HPOS="2634" VPOS="1595" WIDTH="50" HEIGHT="51" CONTENT="la" WC="0.75" CC="05" STYLEREFS="TXT_2"/>
						<SP ID="P26_SP00139" HPOS="2684" VPOS="1661" WIDTH="30"/>
						<String ID="P26_ST00155" HPOS="2714" VPOS="1599" WIDTH="37" HEIGHT="50" CONTENT="t\" WC="0.19" CC="87" STYLEREFS="TXT_2"/>
					</TextLine>
					<TextLine ID="P26_TL00016" HPOS="814" VPOS="1682" WIDTH="1937" HEIGHT="67">
						<String ID="P26_ST00156" HPOS="814" VPOS="1683" WIDTH="43" HEIGHT="48" CONTENT="Il" WC="0.79" CC="04"/>
						<SP ID="P26_SP00140" HPOS="857" VPOS="1731" WIDTH="26"/>
						<String ID="P26_ST00157" HPOS="883" VPOS="1697" WIDTH="81" HEIGHT="36" CONTENT="est" WC="0.97" CC="303"/>
						<SP ID="P26_SP00141" HPOS="964" VPOS="1733" WIDTH="24"/>
						<String ID="P26_ST00158" HPOS="988" VPOS="1687" WIDTH="28" HEIGHT="44" CONTENT="à" WC="0.48" CC="5"/>
						<SP ID="P26_SP00142" HPOS="1016" VPOS="1733" WIDTH="27"/>
						<String ID="P26_ST00159" HPOS="1043" VPOS="1698" WIDTH="319" HEIGHT="50" CONTENT="remarquer" WC="0.99" CC="500630501"/>
						<SP ID="P26_SP00143" HPOS="1362" VPOS="1748" WIDTH="30"/>
						<String ID="P26_ST00160" HPOS="1392" VPOS="1700" WIDTH="125" HEIGHT="49" CONTENT="que," WC="0.99" CC="0104"/>
						<SP ID="P26_SP00144" HPOS="1517" VPOS="1749" WIDTH="26"/>
						<String ID="P26_ST00161" HPOS="1543" VPOS="1683" WIDTH="137" HEIGHT="50" CONTENT="dans" WC="0.98" CC="0054"/>
						<SP ID="P26_SP00145" HPOS="1680" VPOS="1749" WIDTH="27"/>
						<String ID="P26_ST00162" HPOS="1707" VPOS="1695" WIDTH="125" HEIGHT="38" CONTENT="tous" WC="0.98" CC="0035"/>
						<SP ID="P26_SP00146" HPOS="1832" VPOS="1749" WIDTH="39"/>
						<String ID="P26_ST00163" HPOS="1871" VPOS="1683" WIDTH="76" HEIGHT="48" CONTENT="les" WC="1.00" CC="000"/>
						<SP ID="P26_SP00147" HPOS="1947" VPOS="1749" WIDTH="34"/>
						<String ID="P26_ST00164" HPOS="1981" VPOS="1682" WIDTH="230" HEIGHT="51" CONTENT="recueils" WC="0.99" CC="40260150"/>
						<SP ID="P26_SP00148" HPOS="2211" VPOS="1749" WIDTH="22"/>
						<String ID="P26_ST00165" HPOS="2233" VPOS="1683" WIDTH="66" HEIGHT="50" CONTENT="de" WC="1.00" CC="00"/>
						<SP ID="P26_SP00149" HPOS="2299" VPOS="1749" WIDTH="28"/>
						<String ID="P26_ST00166" HPOS="2327" VPOS="1683" WIDTH="194" HEIGHT="50" CONTENT="Heller" WC="0.68" CC="404604"/>
						<SP ID="P26_SP00150" HPOS="2521" VPOS="1749" WIDTH="24"/>
						<String ID="P26_ST00167" HPOS="2545" VPOS="1698" WIDTH="10" HEIGHT="37" CONTENT=":" WC="0.88" CC="1"/>
						<SP ID="P26_SP00151" HPOS="2555" VPOS="1749" WIDTH="44"/>
						<String ID="P26_ST00168" HPOS="2599" VPOS="1684" WIDTH="152" HEIGHT="51" CONTENT="Nuits" WC="1.00" CC="00000" STYLEREFS="TXT_2"/>
					</TextLine>
					<TextLine ID="P26_TL00017" HPOS="751" VPOS="1769" WIDTH="1999" HEIGHT="68">
						<String ID="P26_ST00169" HPOS="751" VPOS="1769" WIDTH="254" HEIGHT="60" CONTENT="blanches," WC="0.99" CC="005500900" STYLEREFS="TXT_2"/>
						<SP ID="P26_SP00152" HPOS="1005" VPOS="1829" WIDTH="321"/>
						<String ID="P26_ST00170" HPOS="1326" VPOS="1769" WIDTH="150" HEIGHT="50" CONTENT="Dans" WC="0.96" CC="3552" STYLEREFS="TXT_2"/>
						<SP ID="P26_SP00153" HPOS="1476" VPOS="1829" WIDTH="16"/>
						<String ID="P26_ST00171" HPOS="1492" VPOS="1769" WIDTH="72" HEIGHT="51" CONTENT="les" WC="0.97" CC="062" STYLEREFS="TXT_2"/>
						<SP ID="P26_SP00154" HPOS="1564" VPOS="1829" WIDTH="287"/>
						<String ID="P26_ST00172" HPOS="1851" VPOS="1769" WIDTH="129" HEIGHT="64" CONTENT="bois," WC="0.99" CC="40004" STYLEREFS="TXT_2"/>
						<SP ID="P26_SP00155" HPOS="1980" VPOS="1833" WIDTH="175"/>
						<String ID="P26_ST00173" HPOS="2155" VPOS="1769" WIDTH="145" HEIGHT="50" CONTENT="Promenades" WC="0.99" CC="3055402000" STYLEREFS="TXT_2"/>
						<SP ID="P26_SP00156" HPOS="2300" VPOS="1833" WIDTH="1"/>
						<String ID="P26_ST00174" HPOS="2301" VPOS="1786" WIDTH="70" HEIGHT="33" CONTENT="ce" WC="0.74" CC="50"/>
						<SP ID="P26_SP00157" HPOS="2371" VPOS="1833" WIDTH="1"/>
						<String ID="P26_ST00175" HPOS="2372" VPOS="1782" WIDTH="130" HEIGHT="37" CONTENT="sont" WC="0.98" CC="0043"/>
						<SP ID="P26_SP00158" HPOS="2502" VPOS="1833" WIDTH="1"/>
						<String ID="P26_ST00176" HPOS="2503" VPOS="1771" WIDTH="47" HEIGHT="48" CONTENT="les" WC="0.99" CC="200"/>
						<SP ID="P26_SP00159" HPOS="2550" VPOS="1833" WIDTH="32"/>
						<String ID="P26_ST00177" HPOS="2582" VPOS="1771" WIDTH="168" HEIGHT="66" CONTENT="pièces" WC="1.00" CC="010000"/>
					</TextLine>
					<TextLine ID="P26_TL00018" HPOS="746" VPOS="1856" WIDTH="2005" HEIGHT="68">
						<String ID="P26_ST00178" HPOS="746" VPOS="1856" WIDTH="409" HEIGHT="51" CONTENT="sentimentales" WC="1.00" CC="0003300000500"/>
						<SP ID="P26_SP00160" HPOS="1155" VPOS="1907" WIDTH="34"/>
						<String ID="P26_ST00179" HPOS="1189" VPOS="1857" WIDTH="95" HEIGHT="67" CONTENT="qui" WC="0.99" CC="030"/>
						<SP ID="P26_SP00161" HPOS="1284" VPOS="1924" WIDTH="22"/>
						<String ID="P26_ST00180" HPOS="1306" VPOS="1870" WIDTH="127" HEIGHT="37" CONTENT="sont" WC="1.00" CC="0200"/>
						<SP ID="P26_SP00162" HPOS="1433" VPOS="1924" WIDTH="18"/>
						<String ID="P26_ST00181" HPOS="1451" VPOS="1857" WIDTH="74" HEIGHT="50" CONTENT="les" WC="1.00" CC="000"/>
						<SP ID="P26_SP00163" HPOS="1525" VPOS="1924" WIDTH="35"/>
						<String ID="P26_ST00182" HPOS="1560" VPOS="1857" WIDTH="122" HEIGHT="67" CONTENT="plus" WC="0.99" CC="0330"/>
						<SP ID="P26_SP00164" HPOS="1682" VPOS="1924" WIDTH="26"/>
						<String ID="P26_ST00183" HPOS="1708" VPOS="1857" WIDTH="210" HEIGHT="51" CONTENT="faibles." WC="1.00" CC="20202004"/>
						<SP ID="P26_SP00165" HPOS="1918" VPOS="1924" WIDTH="35"/>
						<String ID="P26_ST00184" HPOS="1953" VPOS="1856" WIDTH="92" HEIGHT="53" CONTENT="On" WC="0.85" CC="02"/>
						<SP ID="P26_SP00166" HPOS="2045" VPOS="1924" WIDTH="20"/>
						<String ID="P26_ST00185" HPOS="2065" VPOS="1870" WIDTH="131" HEIGHT="53" CONTENT="peut" WC="1.00" CC="0010"/>
						<SP ID="P26_SP00167" HPOS="2196" VPOS="1924" WIDTH="22"/>
						<String ID="P26_ST00186" HPOS="2218" VPOS="1861" WIDTH="28" HEIGHT="46" CONTENT="à" WC="0.90" CC="0"/>
						<SP ID="P26_SP00168" HPOS="2246" VPOS="1924" WIDTH="33"/>
						<String ID="P26_ST00187" HPOS="2279" VPOS="1857" WIDTH="158" HEIGHT="66" CONTENT="peine" WC="1.00" CC="00000"/>
						<SP ID="P26_SP00169" HPOS="2437" VPOS="1924" WIDTH="35"/>
						<String ID="P26_ST00188" HPOS="2472" VPOS="1857" WIDTH="133" HEIGHT="50" CONTENT="citer" WC="0.98" CC="03007"/>
						<SP ID="P26_SP00170" HPOS="2605" VPOS="1924" WIDTH="18"/>
						<String ID="P26_ST00189" HPOS="2623" VPOS="1876" WIDTH="128" HEIGHT="48" CONTENT="pour" WC="0.99" CC="0030"/>
					</TextLine>
					<TextLine ID="P26_TL00019" HPOS="743" VPOS="1943" WIDTH="2008" HEIGHT="69">
						<String ID="P26_ST00190" HPOS="743" VPOS="1943" WIDTH="352" HEIGHT="66" CONTENT="l'expression" WC="1.00" CC="500003000105"/>
						<SP ID="P26_SP00171" HPOS="1095" VPOS="2009" WIDTH="25"/>
						<String ID="P26_ST00191" HPOS="1120" VPOS="1945" WIDTH="50" HEIGHT="48" CONTENT="la" WC="0.77" CC="40"/>
						<SP ID="P26_SP00172" HPOS="1170" VPOS="2009" WIDTH="23"/>
						<String ID="P26_ST00192" HPOS="1193" VPOS="1945" WIDTH="265" HEIGHT="49" CONTENT="Romance" WC="0.99" CC="0510073" STYLEREFS="TXT_2"/>
						<SP ID="P26_SP00173" HPOS="1458" VPOS="2009" WIDTH="22"/>
						<String ID="P26_ST00193" HPOS="1480" VPOS="1946" WIDTH="72" HEIGHT="48" CONTENT="du" WC="0.83" CC="03"/>
						<SP ID="P26_SP00174" HPOS="1552" VPOS="2009" WIDTH="24"/>
						<String ID="P26_ST00194" HPOS="1576" VPOS="1945" WIDTH="148" HEIGHT="49" CONTENT="Petit" WC="0.99" CC="30400" STYLEREFS="TXT_2"/>
						<SP ID="P26_SP00175" HPOS="1724" VPOS="2009" WIDTH="21"/>
						<String ID="P26_ST00195" HPOS="1745" VPOS="1945" WIDTH="193" HEIGHT="51" CONTENT="Album" WC="0.99" CC="02203" STYLEREFS="TXT_2"/>
						<SP ID="P26_SP00176" HPOS="1938" VPOS="2009" WIDTH="19"/>
						<String ID="P26_ST00196" HPOS="1957" VPOS="1951" WIDTH="108" HEIGHT="61" CONTENT="{op." WC="0.95" CC="8573" STYLEREFS="TXT_2"/>
						<SP ID="P26_SP00177" HPOS="2065" VPOS="2012" WIDTH="36"/>
						<String ID="P26_ST00197" HPOS="2101" VPOS="1946" WIDTH="141" HEIGHT="65" CONTENT="134)," WC="0.61" CC="76310"/>
						<SP ID="P26_SP00178" HPOS="2242" VPOS="2012" WIDTH="26"/>
						<String ID="P26_ST00198" HPOS="2268" VPOS="1946" WIDTH="47" HEIGHT="48" CONTENT="le" WC="0.71" CC="50"/>
						<SP ID="P26_SP00179" HPOS="2315" VPOS="2012" WIDTH="33"/>
						<String ID="P26_ST00199" HPOS="2348" VPOS="1946" WIDTH="138" HEIGHT="50" CONTENT="lento" WC="0.99" CC="00004" STYLEREFS="TXT_2"/>
						<SP ID="P26_SP00180" HPOS="2486" VPOS="2012" WIDTH="26"/>
						<String ID="P26_ST00200" HPOS="2512" VPOS="1962" WIDTH="68" HEIGHT="32" CONTENT="en" WC="0.79" CC="04"/>
						<SP ID="P26_SP00181" HPOS="2580" VPOS="2012" WIDTH="31"/>
						<String ID="P26_ST00201" HPOS="2611" VPOS="1947" WIDTH="57" HEIGHT="49" CONTENT="ré" WC="0.95" CC="00" STYLEREFS="TXT_2"/>
						<SP ID="P26_SP00182" HPOS="2668" VPOS="2012" WIDTH="18"/>
						<String ID="P26_ST00202" HPOS="2686" VPOS="1949" WIDTH="65" HEIGHT="49" CONTENT="du" WC="0.67" CC="42"/>
					</TextLine>
					<TextLine ID="P26_TL00020" HPOS="752" VPOS="2031" WIDTH="1998" HEIGHT="69">
						<String ID="P26_ST00203" HPOS="752" VPOS="2031" WIDTH="221" HEIGHT="67" CONTENT="Voyage" WC="0.98" CC="048030" STYLEREFS="TXT_2"/>
						<SP ID="P26_SP00183" HPOS="973" VPOS="2098" WIDTH="22"/>
						<String ID="P26_ST00204" HPOS="995" VPOS="2039" WIDTH="198" HEIGHT="43" CONTENT="autour" WC="0.99" CC="080200" STYLEREFS="TXT_2"/>
						<SP ID="P26_SP00184" HPOS="1193" VPOS="2098" WIDTH="51"/>
						<String ID="P26_ST00205" HPOS="1244" VPOS="2031" WIDTH="63" HEIGHT="52" CONTENT="de" WC="0.67" CC="06" STYLEREFS="TXT_2"/>
						<SP ID="P26_SP00185" HPOS="1307" VPOS="2098" WIDTH="30"/>
						<String ID="P26_ST00206" HPOS="1337" VPOS="2050" WIDTH="86" HEIGHT="32" CONTENT="ma" WC="0.62" CC="70" STYLEREFS="TXT_2"/>
						<SP ID="P26_SP00186" HPOS="1423" VPOS="2098" WIDTH="50"/>
						<String ID="P26_ST00207" HPOS="1473" VPOS="2034" WIDTH="251" HEIGHT="49" CONTENT="chambre" WC="1.00" CC="0000000" STYLEREFS="TXT_2"/>
						<SP ID="P26_SP00187" HPOS="1724" VPOS="2098" WIDTH="35"/>
						<String ID="P26_ST00208" HPOS="1759" VPOS="2034" WIDTH="112" HEIGHT="66" CONTENT="(op." WC="0.99" CC="1003"/>
						<SP ID="P26_SP00188" HPOS="1871" VPOS="2100" WIDTH="47"/>
						<String ID="P26_ST00209" HPOS="1918" VPOS="2034" WIDTH="138" HEIGHT="66" CONTENT="140)," WC="0.89" CC="03000" STYLEREFS="TXT_3"/>
						<SP ID="P26_SP00189" HPOS="2056" VPOS="2100" WIDTH="45"/>
						<String ID="P26_ST00210" HPOS="2101" VPOS="2037" WIDTH="29" HEIGHT="45" CONTENT="à" WC="0.49" CC="5"/>
						<SP ID="P26_SP00190" HPOS="2130" VPOS="2100" WIDTH="39"/>
						<String ID="P26_ST00211" HPOS="2169" VPOS="2034" WIDTH="50" HEIGHT="49" CONTENT="la" WC="0.81" CC="30"/>
						<SP ID="P26_SP00191" HPOS="2219" VPOS="2100" WIDTH="48"/>
						<String ID="P26_ST00212" HPOS="2267" VPOS="2034" WIDTH="227" HEIGHT="49" CONTENT="tonalité" WC="1.00" CC="00005000"/>
						<SP ID="P26_SP00192" HPOS="2494" VPOS="2100" WIDTH="42"/>
						<String ID="P26_ST00213" HPOS="2536" VPOS="2035" WIDTH="214" HEIGHT="51" CONTENT="d'abord" WC="1.00" CC="0000000"/>
					</TextLine>
					<TextLine ID="P26_TL00021" HPOS="744" VPOS="2119" WIDTH="2004" HEIGHT="68">
						<String ID="P26_ST00214" HPOS="744" VPOS="2119" WIDTH="258" HEIGHT="59" CONTENT="indécise," WC="1.00" CC="100000000"/>
						<SP ID="P26_SP00193" HPOS="1002" VPOS="2178" WIDTH="37"/>
						<String ID="P26_ST00215" HPOS="1039" VPOS="2131" WIDTH="51" HEIGHT="38" CONTENT="et" WC="0.88" CC="02"/>
						<SP ID="P26_SP00194" HPOS="1090" VPOS="2178" WIDTH="30"/>
						<String ID="P26_ST00216" HPOS="1120" VPOS="2120" WIDTH="124" HEIGHT="66" CONTENT="plus" WC="0.99" CC="0030"/>
						<SP ID="P26_SP00195" HPOS="1244" VPOS="2186" WIDTH="49"/>
						<String ID="P26_ST00217" HPOS="1293" VPOS="2120" WIDTH="347" HEIGHT="51" CONTENT="douloureux" WC="0.99" CC="0020026059"/>
						<SP ID="P26_SP00196" HPOS="1640" VPOS="2186" WIDTH="32"/>
						<String ID="P26_ST00218" HPOS="1672" VPOS="2138" WIDTH="104" HEIGHT="49" CONTENT="que" WC="0.98" CC="050"/>
						<SP ID="P26_SP00197" HPOS="1776" VPOS="2187" WIDTH="35"/>
						<String ID="P26_ST00219" HPOS="1811" VPOS="2138" WIDTH="68" HEIGHT="33" CONTENT="ne" WC="1.00" CC="00"/>
						<SP ID="P26_SP00198" HPOS="1879" VPOS="2187" WIDTH="40"/>
						<String ID="P26_ST00220" HPOS="1919" VPOS="2121" WIDTH="118" HEIGHT="50" CONTENT="l'est" WC="0.99" CC="44000"/>
						<SP ID="P26_SP00199" HPOS="2037" VPOS="2187" WIDTH="35"/>
						<String ID="P26_ST00221" HPOS="2072" VPOS="2120" WIDTH="457" HEIGHT="52" CONTENT="habituellement" WC="1.00" CC="00010502400063"/>
						<SP ID="P26_SP00200" HPOS="2529" VPOS="2187" WIDTH="37"/>
						<String ID="P26_ST00222" HPOS="2566" VPOS="2123" WIDTH="49" HEIGHT="49" CONTENT="la" WC="1.00" CC="00"/>
						<SP ID="P26_SP00201" HPOS="2615" VPOS="2187" WIDTH="31"/>
						<String ID="P26_ST00223" HPOS="2646" VPOS="2139" WIDTH="68" HEIGHT="33" CONTENT="mu" SUBS_TYPE="HypPart1" SUBS_CONTENT="musique" WC="0.97" CC="04"/>
						<HYP HPOS="2714" VPOS="2139" WIDTH="34" CONTENT="-"/>
					</TextLine>
					<TextLine ID="P26_TL00022" HPOS="744" VPOS="2206" WIDTH="2003" HEIGHT="70">
						<String ID="P26_ST00224" HPOS="744" VPOS="2206" WIDTH="155" HEIGHT="66" CONTENT="sique" SUBS_TYPE="HypPart2" SUBS_CONTENT="musique" WC="1.00" CC="00000"/>
						<SP ID="P26_SP00202" HPOS="899" VPOS="2272" WIDTH="32"/>
						<String ID="P26_ST00225" HPOS="931" VPOS="2208" WIDTH="64" HEIGHT="48" CONTENT="de" WC="1.00" CC="00"/>
						<SP ID="P26_SP00203" HPOS="995" VPOS="2272" WIDTH="31"/>
						<String ID="P26_ST00226" HPOS="1026" VPOS="2224" WIDTH="59" HEIGHT="33" CONTENT="ce" WC="0.55" CC="35"/>
						<SP ID="P26_SP00204" HPOS="1085" VPOS="2272" WIDTH="33"/>
						<String ID="P26_ST00227" HPOS="1118" VPOS="2208" WIDTH="390" HEIGHT="66" CONTENT="compositeur," WC="1.00" CC="020000050263"/>
						<SP ID="P26_SP00205" HPOS="1508" VPOS="2274" WIDTH="42"/>
						<String ID="P26_ST00228" HPOS="1550" VPOS="2209" WIDTH="47" HEIGHT="49" CONTENT="le" WC="0.91" CC="10"/>
						<SP ID="P26_SP00206" HPOS="1597" VPOS="2274" WIDTH="28"/>
						<String ID="P26_ST00229" HPOS="1625" VPOS="2209" WIDTH="106" HEIGHT="49" CONTENT="lied" WC="1.00" CC="0000" STYLEREFS="TXT_2"/>
						<SP ID="P26_SP00207" HPOS="1731" VPOS="2274" WIDTH="42"/>
						<String ID="P26_ST00230" HPOS="1773" VPOS="2211" WIDTH="108" HEIGHT="47" CONTENT="très" WC="0.99" CC="0420"/>
						<SP ID="P26_SP00208" HPOS="1881" VPOS="2274" WIDTH="43"/>
						<String ID="P26_ST00231" HPOS="1924" VPOS="2222" WIDTH="156" HEIGHT="38" CONTENT="court" WC="0.99" CC="00350"/>
						<SP ID="P26_SP00209" HPOS="2080" VPOS="2274" WIDTH="32"/>
						<String ID="P26_ST00232" HPOS="2112" VPOS="2209" WIDTH="139" HEIGHT="49" CONTENT="mais" WC="1.00" CC="1000"/>
						<SP ID="P26_SP00210" HPOS="2251" VPOS="2274" WIDTH="31"/>
						<String ID="P26_ST00233" HPOS="2282" VPOS="2227" WIDTH="150" HEIGHT="31" CONTENT="assez" WC="0.99" CC="22003"/>
						<SP ID="P26_SP00211" HPOS="2432" VPOS="2274" WIDTH="35"/>
						<String ID="P26_ST00234" HPOS="2467" VPOS="2211" WIDTH="280" HEIGHT="65" CONTENT="personnel" WC="1.00" CC="000006200"/>
					</TextLine>
					<TextLine ID="P26_TL00023" HPOS="743" VPOS="2293" WIDTH="2016" HEIGHT="67">
						<String ID="P26_ST00235" HPOS="743" VPOS="2293" WIDTH="219" HEIGHT="49" CONTENT="intitulé" WC="0.99" CC="00040345"/>
						<SP ID="P26_SP00212" HPOS="962" VPOS="2342" WIDTH="325"/>
						<String ID="P26_ST00236" HPOS="1287" VPOS="2294" WIDTH="170" HEIGHT="62" CONTENT="Tendresse," WC="1.00" CC="0030000004" STYLEREFS="TXT_2"/>
						<String ID="P26_ST00237" HPOS="1458" VPOS="2296" WIDTH="111" HEIGHT="49" CONTENT="dans" WC="1.00" CC="0010"/>
						<SP ID="P26_SP00213" HPOS="1569" VPOS="2356" WIDTH="1"/>
						<String ID="P26_ST00238" HPOS="1570" VPOS="2295" WIDTH="34" HEIGHT="50" CONTENT="les" WC="0.98" CC="400"/>
						<SP ID="P26_SP00214" HPOS="1604" VPOS="2356" WIDTH="931"/>
						<String ID="P26_ST00239" HPOS="2535" VPOS="2295" WIDTH="224" HEIGHT="51" CONTENT="Tablette" WC="1.00" CC="40000040" STYLEREFS="TXT_2"/>
						<SP ID="P26_SP00215" HPOS="2759" VPOS="2356" WIDTH="-252"/>
						<String ID="P26_ST00240" HPOS="2507" VPOS="2298" WIDTH="135" HEIGHT="62" CONTENT="153)," WC="0.60" CC="16370"/>
						<SP ID="P26_SP00216" HPOS="2759" VPOS="2360" WIDTH="-75"/>
						<String ID="P26_ST00241" HPOS="2684" VPOS="2314" WIDTH="67" HEIGHT="33" CONTENT="un" WC="1.00" CC="00"/>
					</TextLine>
					<TextLine ID="P26_TL00024" HPOS="742" VPOS="2382" WIDTH="2005" HEIGHT="71">
						<String ID="P26_ST00242" HPOS="742" VPOS="2397" WIDTH="70" HEIGHT="34" CONTENT="ou" WC="0.91" CC="10"/>
						<SP ID="P26_SP00217" HPOS="812" VPOS="2431" WIDTH="34"/>
						<String ID="P26_ST00243" HPOS="846" VPOS="2382" WIDTH="138" HEIGHT="49" CONTENT="deux" WC="0.99" CC="0030"/>
						<SP ID="P26_SP00218" HPOS="984" VPOS="2431" WIDTH="22"/>
						<String ID="P26_ST00244" HPOS="1006" VPOS="2383" WIDTH="93" HEIGHT="48" CONTENT="des" WC="1.00" CC="000"/>
						<SP ID="P26_SP00219" HPOS="1099" VPOS="2431" WIDTH="31"/>
						<String ID="P26_ST00245" HPOS="1130" VPOS="2382" WIDTH="520" HEIGHT="52" CONTENT="Phantasie-Stucke" WC="0.88" CC="4000090000000030" STYLEREFS="TXT_2"/>
						<String ID="P26_ST00246" HPOS="1652" VPOS="2423" WIDTH="13" HEIGHT="20" CONTENT="," WC="0.57" CC="4"/>
						<SP ID="P26_SP00220" HPOS="1665" VPOS="2443" WIDTH="28"/>
						<String ID="P26_ST00247" HPOS="1693" VPOS="2384" WIDTH="156" HEIGHT="50" CONTENT="dédié" WC="0.99" CC="05004"/>
						<SP ID="P26_SP00221" HPOS="1849" VPOS="2443" WIDTH="33"/>
						<String ID="P26_ST00248" HPOS="1882" VPOS="2388" WIDTH="28" HEIGHT="46" CONTENT="à" WC="0.90" CC="0"/>
						<SP ID="P26_SP00222" HPOS="1910" VPOS="2443" WIDTH="26"/>
						<String ID="P26_ST00249" HPOS="1936" VPOS="2384" WIDTH="57" HEIGHT="50" CONTENT="M" WC="1.00" CC="0"/>
						<String ID="P26_ST00250" HPOS="1995" VPOS="2392" WIDTH="52" HEIGHT="21" CONTENT="me" STYLE="superscript" WC="0.72" CC="40"/>
						<SP ID="P26_SP00223" HPOS="2047" VPOS="2443" WIDTH="26"/>
						<String ID="P26_ST00251" HPOS="2073" VPOS="2384" WIDTH="264" HEIGHT="51" CONTENT="Berthold" WC="0.89" CC="00300220"/>
						<SP ID="P26_SP00224" HPOS="2337" VPOS="2443" WIDTH="28"/>
						<String ID="P26_ST00252" HPOS="2365" VPOS="2385" WIDTH="258" HEIGHT="64" CONTENT="Damcke," WC="1.00" CC="0000000"/>
						<SP ID="P26_SP00225" HPOS="2623" VPOS="2449" WIDTH="40"/>
						<String ID="P26_ST00253" HPOS="2663" VPOS="2385" WIDTH="84" HEIGHT="68" CONTENT="qui" WC="0.94" CC="436"/>
					</TextLine>
					<TextLine ID="P26_TL00025" HPOS="742" VPOS="2467" WIDTH="2003" HEIGHT="72">
						<String ID="P26_ST00254" HPOS="742" VPOS="2468" WIDTH="84" HEIGHT="49" CONTENT="fut" WC="1.00" CC="000"/>
						<SP ID="P26_SP00226" HPOS="826" VPOS="2517" WIDTH="23"/>
						<String ID="P26_ST00255" HPOS="849" VPOS="2467" WIDTH="232" HEIGHT="68" CONTENT="l'Egérie" WC="0.80" CC="10080500"/>
						<SP ID="P26_SP00227" HPOS="1081" VPOS="2535" WIDTH="33"/>
						<String ID="P26_ST00256" HPOS="1114" VPOS="2469" WIDTH="65" HEIGHT="48" CONTENT="de" WC="1.00" CC="00"/>
						<SP ID="P26_SP00228" HPOS="1179" VPOS="2535" WIDTH="35"/>
						<String ID="P26_ST00257" HPOS="1214" VPOS="2469" WIDTH="190" HEIGHT="50" CONTENT="Heller" WC="0.65" CC="610605"/>
						<SP ID="P26_SP00229" HPOS="1404" VPOS="2535" WIDTH="45"/>
						<String ID="P26_ST00258" HPOS="1449" VPOS="2482" WIDTH="51" HEIGHT="38" CONTENT="et" WC="1.00" CC="00"/>
						<SP ID="P26_SP00230" HPOS="1500" VPOS="2535" WIDTH="24"/>
						<String ID="P26_ST00259" HPOS="1524" VPOS="2473" WIDTH="273" HEIGHT="65" CONTENT="peut-être" WC="0.99" CC="002420060"/>
						<SP ID="P26_SP00231" HPOS="1797" VPOS="2538" WIDTH="33"/>
						<String ID="P26_ST00260" HPOS="1830" VPOS="2473" WIDTH="181" HEIGHT="48" CONTENT="même" WC="1.00" CC="0000"/>
						<SP ID="P26_SP00232" HPOS="2011" VPOS="2538" WIDTH="28"/>
						<String ID="P26_ST00261" HPOS="2039" VPOS="2472" WIDTH="236" HEIGHT="67" CONTENT="quelque" WC="0.99" CC="0600060"/>
						<SP ID="P26_SP00233" HPOS="2275" VPOS="2539" WIDTH="47"/>
						<String ID="P26_ST00262" HPOS="2322" VPOS="2473" WIDTH="162" HEIGHT="50" CONTENT="chose" WC="1.00" CC="00000"/>
						<SP ID="P26_SP00234" HPOS="2484" VPOS="2539" WIDTH="32"/>
						<String ID="P26_ST00263" HPOS="2516" VPOS="2473" WIDTH="66" HEIGHT="50" CONTENT="de" WC="1.00" CC="00"/>
						<SP ID="P26_SP00235" HPOS="2582" VPOS="2539" WIDTH="32"/>
						<String ID="P26_ST00264" HPOS="2614" VPOS="2473" WIDTH="131" HEIGHT="66" CONTENT="plus." WC="0.98" CC="05800"/>
					</TextLine>
				</TextBlock>
				<TextBlock ID="P26_TB00004" HPOS="729" VPOS="2675" WIDTH="2021" HEIGHT="1084" STYLEREFS="TXT_4 PAR_BLOCK">
					<TextLine ID="P26_TL00026" HPOS="794" VPOS="2675" WIDTH="1953" HEIGHT="66">
						<String ID="P26_ST00265" HPOS="794" VPOS="2675" WIDTH="60" HEIGHT="53" CONTENT="(i)" WC="0.61" CC="605"/>
						<SP ID="P26_SP00236" HPOS="854" VPOS="2728" WIDTH="24"/>
						<String ID="P26_ST00266" HPOS="878" VPOS="2676" WIDTH="63" HEIGHT="41" CONTENT="Le" WC="0.92" CC="01"/>
						<SP ID="P26_SP00237" HPOS="941" VPOS="2728" WIDTH="27"/>
						<String ID="P26_ST00267" HPOS="968" VPOS="2676" WIDTH="231" HEIGHT="42" CONTENT="Nocturne" WC="0.99" CC="04038004" STYLEREFS="TXT_5"/>
						<SP ID="P26_SP00238" HPOS="1199" VPOS="2728" WIDTH="32"/>
						<String ID="P26_ST00268" HPOS="1231" VPOS="2677" WIDTH="96" HEIGHT="54" CONTENT="(op." WC="0.98" CC="3050"/>
						<SP ID="P26_SP00239" HPOS="1327" VPOS="2731" WIDTH="52"/>
						<String ID="P26_ST00269" HPOS="1379" VPOS="2679" WIDTH="117" HEIGHT="53" CONTENT="io3)," WC="0.66" CC="71430"/>
						<SP ID="P26_SP00240" HPOS="1496" VPOS="2732" WIDTH="49"/>
						<String ID="P26_ST00270" HPOS="1545" VPOS="2679" WIDTH="43" HEIGHT="40" CONTENT="la" WC="0.82" CC="30"/>
						<SP ID="P26_SP00241" HPOS="1588" VPOS="2732" WIDTH="40"/>
						<String ID="P26_ST00271" HPOS="1628" VPOS="2680" WIDTH="242" HEIGHT="42" CONTENT="Polonaise" WC="0.99" CC="510500006" STYLEREFS="TXT_5"/>
						<SP ID="P26_SP00242" HPOS="1870" VPOS="2732" WIDTH="22"/>
						<String ID="P26_ST00272" HPOS="1892" VPOS="2683" WIDTH="94" HEIGHT="52" CONTENT="(op." WC="0.98" CC="2042"/>
						<SP ID="P26_SP00243" HPOS="1986" VPOS="2735" WIDTH="32"/>
						<String ID="P26_ST00273" HPOS="2018" VPOS="2683" WIDTH="99" HEIGHT="52" CONTENT="104)" WC="0.76" CC="0207"/>
						<SP ID="P26_SP00244" HPOS="2117" VPOS="2735" WIDTH="33"/>
						<String ID="P26_ST00274" HPOS="2150" VPOS="2690" WIDTH="43" HEIGHT="33" CONTENT="et" WC="1.00" CC="00"/>
						<SP ID="P26_SP00245" HPOS="2193" VPOS="2735" WIDTH="39"/>
						<String ID="P26_ST00275" HPOS="2232" VPOS="2695" WIDTH="88" HEIGHT="28" CONTENT="une" WC="0.94" CC="780"/>
						<SP ID="P26_SP00246" HPOS="2320" VPOS="2735" WIDTH="45"/>
						<String ID="P26_ST00276" HPOS="2365" VPOS="2684" WIDTH="211" HEIGHT="57" CONTENT="Eglogue" WC="0.86" CC="0001008" STYLEREFS="TXT_5"/>
						<SP ID="P26_SP00247" HPOS="2576" VPOS="2741" WIDTH="25"/>
						<String ID="P26_ST00277" HPOS="2601" VPOS="2698" WIDTH="122" HEIGHT="40" CONTENT="appar" SUBS_TYPE="HypPart1" SUBS_CONTENT="appartiennent" WC="0.99" CC="10500"/>
						<HYP HPOS="2723" VPOS="2698" WIDTH="24" CONTENT="-"/>
					</TextLine>
					<TextLine ID="P26_TL00027" HPOS="736" VPOS="2736" WIDTH="2010" HEIGHT="65">
						<String ID="P26_ST00278" HPOS="736" VPOS="2736" WIDTH="212" HEIGHT="42" CONTENT="tiennent" SUBS_TYPE="HypPart2" SUBS_CONTENT="appartiennent" WC="0.99" CC="00240051"/>
						<SP ID="P26_SP00248" HPOS="948" VPOS="2778" WIDTH="22"/>
						<String ID="P26_ST00279" HPOS="970" VPOS="2737" WIDTH="26" HEIGHT="40" CONTENT="à" WC="0.74" CC="2"/>
						<SP ID="P26_SP00249" HPOS="996" VPOS="2778" WIDTH="29"/>
						<String ID="P26_ST00280" HPOS="1025" VPOS="2737" WIDTH="45" HEIGHT="41" CONTENT="la" WC="0.40" CC="29"/>
						<SP ID="P26_SP00250" HPOS="1070" VPOS="2778" WIDTH="17"/>
						<String ID="P26_ST00281" HPOS="1087" VPOS="2737" WIDTH="181" HEIGHT="41" CONTENT="maison" WC="1.00" CC="001000"/>
						<SP ID="P26_SP00251" HPOS="1268" VPOS="2778" WIDTH="42"/>
						<String ID="P26_ST00282" HPOS="1310" VPOS="2740" WIDTH="204" HEIGHT="39" CONTENT="Durand." WC="0.99" CC="0600200"/>
						<SP ID="P26_SP00252" HPOS="1514" VPOS="2779" WIDTH="42"/>
						<String ID="P26_ST00283" HPOS="1556" VPOS="2741" WIDTH="65" HEIGHT="39" CONTENT="La" WC="0.82" CC="30"/>
						<SP ID="P26_SP00253" HPOS="1621" VPOS="2780" WIDTH="31"/>
						<String ID="P26_ST00284" HPOS="1652" VPOS="2741" WIDTH="182" HEIGHT="41" CONTENT="maison" WC="0.99" CC="606100"/>
						<SP ID="P26_SP00254" HPOS="1834" VPOS="2782" WIDTH="28"/>
						<String ID="P26_ST00285" HPOS="1862" VPOS="2742" WIDTH="222" HEIGHT="42" CONTENT="Lemoine" WC="0.84" CC="0100052"/>
						<SP ID="P26_SP00255" HPOS="2084" VPOS="2784" WIDTH="23"/>
						<String ID="P26_ST00286" HPOS="2107" VPOS="2742" WIDTH="217" HEIGHT="55" CONTENT="possède," WC="0.99" CC="90004220"/>
						<SP ID="P26_SP00256" HPOS="2324" VPOS="2797" WIDTH="46"/>
						<String ID="P26_ST00287" HPOS="2370" VPOS="2754" WIDTH="131" HEIGHT="33" CONTENT="outre" WC="0.99" CC="06000"/>
						<SP ID="P26_SP00257" HPOS="2501" VPOS="2797" WIDTH="33"/>
						<String ID="P26_ST00288" HPOS="2534" VPOS="2746" WIDTH="212" HEIGHT="55" CONTENT="quelques" WC="0.99" CC="01532450"/>
					</TextLine>
					<TextLine ID="P26_TL00028" HPOS="739" VPOS="2798" WIDTH="2006" HEIGHT="61">
						<String ID="P26_ST00289" HPOS="739" VPOS="2804" WIDTH="150" HEIGHT="34" CONTENT="autres" WC="1.00" CC="000100"/>
						<SP ID="P26_SP00258" HPOS="889" VPOS="2838" WIDTH="26"/>
						<String ID="P26_ST00290" HPOS="915" VPOS="2810" WIDTH="262" HEIGHT="39" CONTENT="morceaux," WC="1.00" CC="000000323"/>
						<SP ID="P26_SP00259" HPOS="1177" VPOS="2849" WIDTH="487"/>
						<String ID="P26_ST00291" HPOS="1664" VPOS="2798" WIDTH="118" HEIGHT="41" CONTENT="l'Art" WC="1.00" CC="02000" STYLEREFS="TXT_5"/>
						<SP ID="P26_SP00260" HPOS="1782" VPOS="2849" WIDTH="161"/>
						<String ID="P26_ST00292" HPOS="1943" VPOS="2798" WIDTH="52" HEIGHT="41" CONTENT="de" WC="1.00" CC="00" STYLEREFS="TXT_5"/>
						<SP ID="P26_SP00261" HPOS="1995" VPOS="2849" WIDTH="88"/>
						<String ID="P26_ST00293" HPOS="2083" VPOS="2799" WIDTH="198" HEIGHT="55" CONTENT="phraser" WC="0.84" CC="5002011" STYLEREFS="TXT_5"/>
						<String ID="P26_ST00294" HPOS="1617" VPOS="2801" WIDTH="93" HEIGHT="53" CONTENT="(op." WC="0.98" CC="3500"/>
						<SP ID="P26_SP00262" HPOS="2281" VPOS="2854" WIDTH="-545"/>
						<String ID="P26_ST00295" HPOS="1736" VPOS="2803" WIDTH="84" HEIGHT="50" CONTENT="16)," WC="0.53" CC="5561"/>
						<SP ID="P26_SP00263" HPOS="2281" VPOS="2854" WIDTH="-439"/>
						<String ID="P26_ST00296" HPOS="1842" VPOS="2802" WIDTH="67" HEIGHT="41" CONTENT="les" WC="1.00" CC="000"/>
						<SP ID="P26_SP00264" HPOS="2281" VPOS="2854" WIDTH="-349"/>
						<String ID="P26_ST00297" HPOS="1932" VPOS="2803" WIDTH="198" HEIGHT="41" CONTENT="recueils" WC="0.99" CC="31120060"/>
						<SP ID="P26_SP00265" HPOS="2281" VPOS="2854" WIDTH="-128"/>
						<String ID="P26_ST00298" HPOS="2153" VPOS="2804" WIDTH="208" HEIGHT="42" CONTENT="d'études" WC="1.00" CC="01403000"/>
						<SP ID="P26_SP00266" HPOS="2361" VPOS="2854" WIDTH="13"/>
						<String ID="P26_ST00299" HPOS="2374" VPOS="2806" WIDTH="93" HEIGHT="53" CONTENT="(op." WC="0.98" CC="4003"/>
						<SP ID="P26_SP00267" HPOS="2467" VPOS="2859" WIDTH="17"/>
						<String ID="P26_ST00300" HPOS="2484" VPOS="2804" WIDTH="261" HEIGHT="55" CONTENT="45,46,47)," WC="0.86" CC="2203000300"/>
					</TextLine>
					<TextLine ID="P26_TL00029" HPOS="738" VPOS="2857" WIDTH="2009" HEIGHT="63">
						<String ID="P26_ST00301" HPOS="738" VPOS="2858" WIDTH="67" HEIGHT="40" CONTENT="les" WC="1.00" CC="000"/>
						<SP ID="P26_SP00268" HPOS="805" VPOS="2898" WIDTH="27"/>
						<String ID="P26_ST00302" HPOS="832" VPOS="2865" WIDTH="65" HEIGHT="41" CONTENT="24" WC="0.72" CC="05" STYLEREFS="TXT_5"/>
						<SP ID="P26_SP00269" HPOS="897" VPOS="2906" WIDTH="30"/>
						<String ID="P26_ST00303" HPOS="927" VPOS="2857" WIDTH="223" HEIGHT="43" CONTENT="Préludes" WC="1.00" CC="20300020" STYLEREFS="TXT_5"/>
						<SP ID="P26_SP00270" HPOS="1150" VPOS="2906" WIDTH="30"/>
						<String ID="P26_ST00304" HPOS="1180" VPOS="2862" WIDTH="93" HEIGHT="50" CONTENT="(op." WC="0.99" CC="0200"/>
						<SP ID="P26_SP00271" HPOS="1273" VPOS="2912" WIDTH="26"/>
						<String ID="P26_ST00305" HPOS="1299" VPOS="2859" WIDTH="88" HEIGHT="53" CONTENT="81)." WC="0.76" CC="2150"/>
						<SP ID="P26_SP00272" HPOS="1387" VPOS="2912" WIDTH="28"/>
						<String ID="P26_ST00306" HPOS="1415" VPOS="2862" WIDTH="88" HEIGHT="39" CONTENT="Les" WC="1.00" CC="000"/>
						<SP ID="P26_SP00273" HPOS="1503" VPOS="2912" WIDTH="26"/>
						<String ID="P26_ST00307" HPOS="1529" VPOS="2873" WIDTH="61" HEIGHT="31" CONTENT="20" WC="0.61" CC="33" STYLEREFS="TXT_5"/>
						<SP ID="P26_SP00274" HPOS="1590" VPOS="2912" WIDTH="35"/>
						<String ID="P26_ST00308" HPOS="1625" VPOS="2860" WIDTH="220" HEIGHT="44" CONTENT="Préludes" WC="0.99" CC="07500010" STYLEREFS="TXT_5"/>
						<SP ID="P26_SP00275" HPOS="1845" VPOS="2912" WIDTH="34"/>
						<String ID="P26_ST00309" HPOS="1879" VPOS="2864" WIDTH="95" HEIGHT="52" CONTENT="(op." WC="1.00" CC="0000"/>
						<SP ID="P26_SP00276" HPOS="1974" VPOS="2916" WIDTH="33"/>
						<String ID="P26_ST00310" HPOS="2007" VPOS="2864" WIDTH="99" HEIGHT="54" CONTENT="iso)" WC="0.93" CC="0010"/>
						<SP ID="P26_SP00277" HPOS="2106" VPOS="2918" WIDTH="27"/>
						<String ID="P26_ST00311" HPOS="2133" VPOS="2873" WIDTH="81" HEIGHT="33" CONTENT="ont" WC="0.96" CC="450"/>
						<SP ID="P26_SP00278" HPOS="2214" VPOS="2918" WIDTH="32"/>
						<String ID="P26_ST00312" HPOS="2246" VPOS="2867" WIDTH="71" HEIGHT="40" CONTENT="été" WC="0.99" CC="100"/>
						<SP ID="P26_SP00279" HPOS="2317" VPOS="2918" WIDTH="20"/>
						<String ID="P26_ST00313" HPOS="2337" VPOS="2867" WIDTH="183" HEIGHT="53" CONTENT="publiés" WC="0.99" CC="0510300"/>
						<SP ID="P26_SP00280" HPOS="2520" VPOS="2920" WIDTH="32"/>
						<String ID="P26_ST00314" HPOS="2552" VPOS="2868" WIDTH="25" HEIGHT="39" CONTENT="à" WC="0.63" CC="3"/>
						<SP ID="P26_SP00281" HPOS="2577" VPOS="2920" WIDTH="44"/>
						<String ID="P26_ST00315" HPOS="2621" VPOS="2867" WIDTH="101" HEIGHT="53" CONTENT="Leip" SUBS_TYPE="HypPart1" SUBS_CONTENT="Leipsick," WC="0.71" CC="2007"/>
						<HYP HPOS="2722" VPOS="2867" WIDTH="25" CONTENT="-"/>
					</TextLine>
					<TextLine ID="P26_TL00030" HPOS="741" VPOS="2916" WIDTH="2005" HEIGHT="65">
						<String ID="P26_ST00316" HPOS="741" VPOS="2916" WIDTH="114" HEIGHT="52" CONTENT="sick," SUBS_TYPE="HypPart2" SUBS_CONTENT="Leipsick," WC="0.80" CC="04202"/>
						<SP ID="P26_SP00282" HPOS="855" VPOS="2968" WIDTH="24"/>
						<String ID="P26_ST00317" HPOS="879" VPOS="2918" WIDTH="111" HEIGHT="41" CONTENT="chez" WC="0.98" CC="0501"/>
						<SP ID="P26_SP00283" HPOS="990" VPOS="2968" WIDTH="48"/>
						<String ID="P26_ST00318" HPOS="1038" VPOS="2919" WIDTH="202" HEIGHT="51" CONTENT="Kistner," WC="0.84" CC="42000014"/>
						<SP ID="P26_SP00284" HPOS="1240" VPOS="2970" WIDTH="26"/>
						<String ID="P26_ST00319" HPOS="1266" VPOS="2920" WIDTH="78" HEIGHT="55" CONTENT="qui" WC="0.98" CC="041"/>
						<SP ID="P26_SP00285" HPOS="1344" VPOS="2975" WIDTH="27"/>
						<String ID="P26_ST00320" HPOS="1371" VPOS="2934" WIDTH="24" HEIGHT="27" CONTENT="a" WC="1.00" CC="0"/>
						<SP ID="P26_SP00286" HPOS="1395" VPOS="2975" WIDTH="38"/>
						<String ID="P26_ST00321" HPOS="1433" VPOS="2921" WIDTH="122" HEIGHT="41" CONTENT="édité" WC="0.99" CC="00060"/>
						<SP ID="P26_SP00287" HPOS="1555" VPOS="2975" WIDTH="38"/>
						<String ID="P26_ST00322" HPOS="1593" VPOS="2921" WIDTH="43" HEIGHT="41" CONTENT="la" WC="1.00" CC="00"/>
						<SP ID="P26_SP00288" HPOS="1636" VPOS="2975" WIDTH="25"/>
						<String ID="P26_ST00323" HPOS="1661" VPOS="2923" WIDTH="186" HEIGHT="53" CONTENT="plupart" WC="0.99" CC="0040040"/>
						<SP ID="P26_SP00289" HPOS="1847" VPOS="2976" WIDTH="32"/>
						<String ID="P26_ST00324" HPOS="1879" VPOS="2924" WIDTH="80" HEIGHT="41" CONTENT="des" WC="1.00" CC="000"/>
						<SP ID="P26_SP00290" HPOS="1959" VPOS="2976" WIDTH="49"/>
						<String ID="P26_ST00325" HPOS="2008" VPOS="2938" WIDTH="252" HEIGHT="29" CONTENT="morceaux" WC="0.99" CC="00020059"/>
						<SP ID="P26_SP00291" HPOS="2260" VPOS="2976" WIDTH="30"/>
						<String ID="P26_ST00326" HPOS="2290" VPOS="2928" WIDTH="56" HEIGHT="40" CONTENT="de" WC="0.67" CC="06"/>
						<SP ID="P26_SP00292" HPOS="2346" VPOS="2976" WIDTH="41"/>
						<String ID="P26_ST00327" HPOS="2387" VPOS="2928" WIDTH="234" HEIGHT="53" CONTENT="jeunesse." WC="0.99" CC="704630040"/>
						<SP ID="P26_SP00293" HPOS="2621" VPOS="2981" WIDTH="47"/>
						<String ID="P26_ST00328" HPOS="2668" VPOS="2929" WIDTH="78" HEIGHT="38" CONTENT="Les" WC="0.98" CC="400"/>
					</TextLine>
					<TextLine ID="P26_TL00031" HPOS="741" VPOS="2978" WIDTH="2006" HEIGHT="63">
						<String ID="P26_ST00329" HPOS="741" VPOS="2989" WIDTH="49" HEIGHT="29" CONTENT="n°" WC="0.47" CC="28"/>
						<String ID="P26_ST00330" HPOS="794" VPOS="2989" WIDTH="15" HEIGHT="20" CONTENT="s" STYLE="superscript" WC="0.43" CC="5"/>
						<SP ID="P26_SP00294" HPOS="809" VPOS="3018" WIDTH="29"/>
						<String ID="P26_ST00331" HPOS="838" VPOS="2978" WIDTH="230" HEIGHT="41" CONTENT="d'oeuvres" WC="1.00" CC="006030000"/>
						<SP ID="P26_SP00295" HPOS="1068" VPOS="3019" WIDTH="27"/>
						<String ID="P26_ST00332" HPOS="1095" VPOS="2991" WIDTH="9" HEIGHT="29" CONTENT=":" WC="1.00" CC="0"/>
						<SP ID="P26_SP00296" HPOS="1104" VPOS="3020" WIDTH="60"/>
						<String ID="P26_ST00333" HPOS="1164" VPOS="2981" WIDTH="99" HEIGHT="50" CONTENT="106;" WC="0.64" CC="6008"/>
						<SP ID="P26_SP00297" HPOS="1263" VPOS="3031" WIDTH="52"/>
						<String ID="P26_ST00334" HPOS="1315" VPOS="2992" WIDTH="101" HEIGHT="42" CONTENT="107," WC="0.45" CC="7490"/>
						<SP ID="P26_SP00298" HPOS="1416" VPOS="3034" WIDTH="46"/>
						<String ID="P26_ST00335" HPOS="1462" VPOS="2981" WIDTH="98" HEIGHT="51" CONTENT="108," WC="0.93" CC="0110"/>
						<SP ID="P26_SP00299" HPOS="1560" VPOS="3034" WIDTH="40"/>
						<String ID="P26_ST00336" HPOS="1600" VPOS="2995" WIDTH="96" HEIGHT="39" CONTENT="m," WC="0.48" CC="81"/>
						<SP ID="P26_SP00300" HPOS="1696" VPOS="3034" WIDTH="44"/>
						<String ID="P26_ST00337" HPOS="1740" VPOS="2996" WIDTH="97" HEIGHT="37" CONTENT="112," WC="0.70" CC="0433"/>
						<SP ID="P26_SP00301" HPOS="1837" VPOS="3034" WIDTH="47"/>
						<String ID="P26_ST00338" HPOS="1884" VPOS="2984" WIDTH="31" HEIGHT="50" CONTENT="n" WC="0.57" CC="8"/>
						<SP ID="P26_SP00302" HPOS="1915" VPOS="3034" WIDTH="0"/>
						<String ID="P26_ST00339" HPOS="1915" VPOS="2984" WIDTH="64" HEIGHT="50" CONTENT="3," WC="0.57" CC="00"/>
						<SP ID="P26_SP00303" HPOS="1979" VPOS="3034" WIDTH="42"/>
						<String ID="P26_ST00340" HPOS="2021" VPOS="2998" WIDTH="96" HEIGHT="39" CONTENT="114," WC="0.75" CC="7002"/>
						<SP ID="P26_SP00304" HPOS="2117" VPOS="3037" WIDTH="37"/>
						<String ID="P26_ST00341" HPOS="2154" VPOS="2987" WIDTH="338" HEIGHT="54" CONTENT="115,116,117," WC="0.81" CC="300002100580"/>
						<SP ID="P26_SP00305" HPOS="2492" VPOS="3041" WIDTH="33"/>
						<String ID="P26_ST00342" HPOS="2525" VPOS="2987" WIDTH="93" HEIGHT="50" CONTENT="118," WC="0.65" CC="5034"/>
						<SP ID="P26_SP00306" HPOS="2618" VPOS="3041" WIDTH="40"/>
						<String ID="P26_ST00343" HPOS="2658" VPOS="2987" WIDTH="89" HEIGHT="40" CONTENT="font" WC="0.98" CC="2140"/>
					</TextLine>
					<TextLine ID="P26_TL00032" HPOS="737" VPOS="3039" WIDTH="2013" HEIGHT="61">
						<String ID="P26_ST00344" HPOS="737" VPOS="3039" WIDTH="145" HEIGHT="53" CONTENT="partie" WC="0.99" CC="006040"/>
						<SP ID="P26_SP00307" HPOS="882" VPOS="3092" WIDTH="15"/>
						<String ID="P26_ST00345" HPOS="897" VPOS="3039" WIDTH="61" HEIGHT="40" CONTENT="du" WC="0.73" CC="05"/>
						<SP ID="P26_SP00308" HPOS="958" VPOS="3092" WIDTH="24"/>
						<String ID="P26_ST00346" HPOS="982" VPOS="3039" WIDTH="137" HEIGHT="41" CONTENT="fonds" WC="1.00" CC="30000"/>
						<SP ID="P26_SP00309" HPOS="1119" VPOS="3092" WIDTH="27"/>
						<String ID="P26_ST00347" HPOS="1146" VPOS="3041" WIDTH="180" HEIGHT="48" CONTENT="Schott," WC="0.91" CC="0400002"/>
						<SP ID="P26_SP00310" HPOS="1326" VPOS="3092" WIDTH="23"/>
						<String ID="P26_ST00348" HPOS="1349" VPOS="3042" WIDTH="57" HEIGHT="39" CONTENT="de" WC="0.93" CC="01"/>
						<SP ID="P26_SP00311" HPOS="1406" VPOS="3092" WIDTH="25"/>
						<String ID="P26_ST00349" HPOS="1431" VPOS="3041" WIDTH="242" HEIGHT="54" CONTENT="Mayence." WC="0.77" CC="00505303"/>
						<SP ID="P26_SP00312" HPOS="1673" VPOS="3095" WIDTH="26"/>
						<String ID="P26_ST00350" HPOS="1699" VPOS="3043" WIDTH="205" HEIGHT="55" CONTENT="Presque" WC="1.00" CC="0000020"/>
						<SP ID="P26_SP00313" HPOS="1904" VPOS="3098" WIDTH="23"/>
						<String ID="P26_ST00351" HPOS="1927" VPOS="3053" WIDTH="128" HEIGHT="33" CONTENT="toute" WC="0.98" CC="00541"/>
						<SP ID="P26_SP00314" HPOS="2055" VPOS="3098" WIDTH="15"/>
						<String ID="P26_ST00352" HPOS="2070" VPOS="3047" WIDTH="40" HEIGHT="39" CONTENT="la" WC="0.92" CC="10"/>
						<SP ID="P26_SP00315" HPOS="2110" VPOS="3098" WIDTH="23"/>
						<String ID="P26_ST00353" HPOS="2133" VPOS="3047" WIDTH="214" HEIGHT="53" CONTENT="musique" WC="1.00" CC="0600000"/>
						<SP ID="P26_SP00316" HPOS="2347" VPOS="3100" WIDTH="19"/>
						<String ID="P26_ST00354" HPOS="2366" VPOS="3048" WIDTH="55" HEIGHT="41" CONTENT="de" WC="1.00" CC="00"/>
						<SP ID="P26_SP00317" HPOS="2421" VPOS="3100" WIDTH="25"/>
						<String ID="P26_ST00355" HPOS="2446" VPOS="3048" WIDTH="172" HEIGHT="50" CONTENT="Heller," WC="0.86" CC="6000003"/>
						<SP ID="P26_SP00318" HPOS="2618" VPOS="3100" WIDTH="36"/>
						<String ID="P26_ST00356" HPOS="2654" VPOS="3045" WIDTH="96" HEIGHT="44" CONTENT="sauf" WC="1.00" CC="0020"/>
					</TextLine>
					<TextLine ID="P26_TL00033" HPOS="739" VPOS="3098" WIDTH="2006" HEIGHT="65">
						<String ID="P26_ST00357" HPOS="739" VPOS="3098" WIDTH="64" HEIGHT="41" CONTENT="les" WC="1.00" CC="000"/>
						<SP ID="P26_SP00319" HPOS="803" VPOS="3139" WIDTH="24"/>
						<String ID="P26_ST00358" HPOS="827" VPOS="3099" WIDTH="270" HEIGHT="53" CONTENT="exceptions" WC="1.00" CC="1710000100"/>
						<SP ID="P26_SP00320" HPOS="1097" VPOS="3152" WIDTH="26"/>
						<String ID="P26_ST00359" HPOS="1123" VPOS="3099" WIDTH="142" HEIGHT="42" CONTENT="citées" WC="0.99" CC="341000"/>
						<SP ID="P26_SP00321" HPOS="1265" VPOS="3152" WIDTH="33"/>
						<String ID="P26_ST00360" HPOS="1298" VPOS="3108" WIDTH="43" HEIGHT="33" CONTENT="et" WC="1.00" CC="00"/>
						<SP ID="P26_SP00322" HPOS="1341" VPOS="3152" WIDTH="24"/>
						<String ID="P26_ST00361" HPOS="1365" VPOS="3102" WIDTH="226" HEIGHT="53" CONTENT="quelques" WC="0.99" CC="05070500"/>
						<SP ID="P26_SP00323" HPOS="1591" VPOS="3155" WIDTH="26"/>
						<String ID="P26_ST00362" HPOS="1617" VPOS="3112" WIDTH="169" HEIGHT="42" CONTENT="autres," WC="0.99" CC="0661000"/>
						<SP ID="P26_SP00324" HPOS="1786" VPOS="3155" WIDTH="26"/>
						<String ID="P26_ST00363" HPOS="1812" VPOS="3105" WIDTH="216" HEIGHT="54" CONTENT="jusqu'au" WC="0.99" CC="70003205"/>
						<SP ID="P26_SP00325" HPOS="2028" VPOS="3159" WIDTH="21"/>
						<String ID="P26_ST00364" HPOS="2049" VPOS="3116" WIDTH="52" HEIGHT="30" CONTENT="n&lt;&gt;" WC="0.67" CC="027"/>
						<SP ID="P26_SP00326" HPOS="2101" VPOS="3159" WIDTH="42"/>
						<String ID="P26_ST00365" HPOS="2143" VPOS="3108" WIDTH="50" HEIGHT="52" CONTENT="75" WC="0.39" CC="92"/>
						<SP ID="P26_SP00327" HPOS="2193" VPOS="3160" WIDTH="28"/>
						<String ID="P26_ST00366" HPOS="2221" VPOS="3107" WIDTH="169" HEIGHT="53" CONTENT="inclus," WC="0.99" CC="0054302"/>
						<SP ID="P26_SP00328" HPOS="2390" VPOS="3160" WIDTH="27"/>
						<String ID="P26_ST00367" HPOS="2417" VPOS="3108" WIDTH="255" HEIGHT="55" CONTENT="appartient" WC="1.00" CC="0000250030"/>
						<SP ID="P26_SP00329" HPOS="2672" VPOS="3163" WIDTH="23"/>
						<String ID="P26_ST00368" HPOS="2695" VPOS="3119" WIDTH="50" HEIGHT="28" CONTENT="au" WC="0.90" CC="01"/>
					</TextLine>
					<TextLine ID="P26_TL00034" HPOS="737" VPOS="3158" WIDTH="2008" HEIGHT="64">
						<String ID="P26_ST00369" HPOS="737" VPOS="3158" WIDTH="136" HEIGHT="39" CONTENT="fonds" WC="0.96" CC="87370"/>
						<SP ID="P26_SP00330" HPOS="873" VPOS="3197" WIDTH="45"/>
						<String ID="P26_ST00370" HPOS="918" VPOS="3158" WIDTH="759" HEIGHT="57" CONTENT="Schlesinger-Brandus-Maquet," WC="0.75" CC="011410059000720500036035142"/>
						<SP ID="P26_SP00331" HPOS="1677" VPOS="3215" WIDTH="38"/>
						<String ID="P26_ST00371" HPOS="1715" VPOS="3164" WIDTH="118" HEIGHT="41" CONTENT="cédé" WC="1.00" CC="1000"/>
						<SP ID="P26_SP00332" HPOS="1833" VPOS="3215" WIDTH="33"/>
						<String ID="P26_ST00372" HPOS="1866" VPOS="3164" WIDTH="25" HEIGHT="41" CONTENT="à" WC="0.73" CC="2"/>
						<SP ID="P26_SP00333" HPOS="1891" VPOS="3215" WIDTH="41"/>
						<String ID="P26_ST00373" HPOS="1932" VPOS="3165" WIDTH="42" HEIGHT="40" CONTENT="la" WC="1.00" CC="00"/>
						<SP ID="P26_SP00334" HPOS="1974" VPOS="3215" WIDTH="34"/>
						<String ID="P26_ST00374" HPOS="2008" VPOS="3166" WIDTH="182" HEIGHT="41" CONTENT="maison" WC="0.99" CC="305000"/>
						<SP ID="P26_SP00335" HPOS="2190" VPOS="3215" WIDTH="35"/>
						<String ID="P26_ST00375" HPOS="2225" VPOS="3168" WIDTH="211" HEIGHT="44" CONTENT="Joubert." WC="0.85" CC="01500301"/>
						<SP ID="P26_SP00336" HPOS="2436" VPOS="3215" WIDTH="33"/>
						<String ID="P26_ST00376" HPOS="2469" VPOS="3169" WIDTH="39" HEIGHT="39" CONTENT="A" WC="0.95" CC="0"/>
						<SP ID="P26_SP00337" HPOS="2508" VPOS="3215" WIDTH="22"/>
						<String ID="P26_ST00377" HPOS="2530" VPOS="3168" WIDTH="140" HEIGHT="54" CONTENT="partir" WC="0.98" CC="020067"/>
						<SP ID="P26_SP00338" HPOS="2670" VPOS="3222" WIDTH="23"/>
						<String ID="P26_ST00378" HPOS="2693" VPOS="3166" WIDTH="52" HEIGHT="41" CONTENT="du" WC="1.00" CC="00"/>
					</TextLine>
					<TextLine ID="P26_TL00035" HPOS="738" VPOS="3219" WIDTH="2009" HEIGHT="63">
						<String ID="P26_ST00379" HPOS="738" VPOS="3226" WIDTH="52" HEIGHT="32" CONTENT="no" WC="0.65" CC="07"/>
						<SP ID="P26_SP00339" HPOS="790" VPOS="3258" WIDTH="32"/>
						<String ID="P26_ST00380" HPOS="822" VPOS="3219" WIDTH="56" HEIGHT="53" CONTENT="76" WC="0.84" CC="30"/>
						<SP ID="P26_SP00340" HPOS="878" VPOS="3272" WIDTH="26"/>
						<String ID="P26_ST00381" HPOS="904" VPOS="3227" WIDTH="42" HEIGHT="32" CONTENT="et" WC="1.00" CC="00"/>
						<SP ID="P26_SP00341" HPOS="946" VPOS="3272" WIDTH="22"/>
						<String ID="P26_ST00382" HPOS="968" VPOS="3220" WIDTH="212" HEIGHT="53" CONTENT="toujours" WC="0.99" CC="00421600"/>
						<SP ID="P26_SP00342" HPOS="1180" VPOS="3273" WIDTH="19"/>
						<String ID="P26_ST00383" HPOS="1199" VPOS="3219" WIDTH="107" HEIGHT="41" CONTENT="sauf" WC="0.99" CC="0060"/>
						<SP ID="P26_SP00343" HPOS="1306" VPOS="3273" WIDTH="19"/>
						<String ID="P26_ST00384" HPOS="1325" VPOS="3220" WIDTH="56" HEIGHT="42" CONTENT="de" WC="0.99" CC="00"/>
						<SP ID="P26_SP00344" HPOS="1381" VPOS="3273" WIDTH="21"/>
						<String ID="P26_ST00385" HPOS="1402" VPOS="3234" WIDTH="125" HEIGHT="28" CONTENT="rares" WC="1.00" CC="00100"/>
						<SP ID="P26_SP00345" HPOS="1527" VPOS="3273" WIDTH="20"/>
						<String ID="P26_ST00386" HPOS="1547" VPOS="3224" WIDTH="291" HEIGHT="53" CONTENT="exceptions," WC="1.00" CC="80005030000"/>
						<SP ID="P26_SP00346" HPOS="1838" VPOS="3277" WIDTH="27"/>
						<String ID="P26_ST00387" HPOS="1865" VPOS="3225" WIDTH="87" HEIGHT="41" CONTENT="elle" WC="1.00" CC="0000"/>
						<SP ID="P26_SP00347" HPOS="1952" VPOS="3277" WIDTH="34"/>
						<String ID="P26_ST00388" HPOS="1986" VPOS="3239" WIDTH="25" HEIGHT="28" CONTENT="a" WC="1.00" CC="0"/>
						<SP ID="P26_SP00348" HPOS="2011" VPOS="3277" WIDTH="24"/>
						<String ID="P26_ST00389" HPOS="2035" VPOS="3226" WIDTH="70" HEIGHT="41" CONTENT="été" WC="0.97" CC="520"/>
						<SP ID="P26_SP00349" HPOS="2105" VPOS="3277" WIDTH="25"/>
						<String ID="P26_ST00390" HPOS="2130" VPOS="3227" WIDTH="154" HEIGHT="41" CONTENT="éditée" WC="1.00" CC="003000"/>
						<SP ID="P26_SP00350" HPOS="2284" VPOS="3277" WIDTH="20"/>
						<String ID="P26_ST00391" HPOS="2304" VPOS="3241" WIDTH="83" HEIGHT="41" CONTENT="par" WC="0.98" CC="004"/>
						<SP ID="P26_SP00351" HPOS="2387" VPOS="3282" WIDTH="21"/>
						<String ID="P26_ST00392" HPOS="2408" VPOS="3229" WIDTH="212" HEIGHT="52" CONTENT="J.Maho," WC="0.91" CC="0200300"/>
						<SP ID="P26_SP00352" HPOS="2620" VPOS="3282" WIDTH="26"/>
						<String ID="P26_ST00393" HPOS="2646" VPOS="3229" WIDTH="101" HEIGHT="40" CONTENT="dont" WC="0.96" CC="8062"/>
					</TextLine>
					<TextLine ID="P26_TL00036" HPOS="737" VPOS="3278" WIDTH="860" HEIGHT="46">
						<String ID="P26_ST00394" HPOS="737" VPOS="3278" WIDTH="42" HEIGHT="41" CONTENT="le" WC="1.00" CC="00"/>
						<SP ID="P26_SP00353" HPOS="779" VPOS="3319" WIDTH="19"/>
						<String ID="P26_ST00395" HPOS="798" VPOS="3292" WIDTH="272" HEIGHT="28" CONTENT="successeur" WC="1.00" CC="0500000060"/>
						<SP ID="P26_SP00354" HPOS="1070" VPOS="3320" WIDTH="30"/>
						<String ID="P26_ST00396" HPOS="1100" VPOS="3288" WIDTH="66" HEIGHT="33" CONTENT="est" WC="0.99" CC="003"/>
						<SP ID="P26_SP00355" HPOS="1166" VPOS="3321" WIDTH="41"/>
						<String ID="P26_ST00397" HPOS="1207" VPOS="3281" WIDTH="62" HEIGHT="39" CONTENT="M." WC="1.00" CC="00"/>
						<SP ID="P26_SP00356" HPOS="1269" VPOS="3321" WIDTH="27"/>
						<String ID="P26_ST00398" HPOS="1296" VPOS="3281" WIDTH="40" HEIGHT="42" CONTENT="J." WC="1.00" CC="00"/>
						<SP ID="P26_SP00357" HPOS="1336" VPOS="3323" WIDTH="32"/>
						<String ID="P26_ST00399" HPOS="1368" VPOS="3282" WIDTH="229" HEIGHT="42" CONTENT="Hamelle." WC="0.83" CC="50003400"/>
					</TextLine>
					<TextLine ID="P26_TL00037" HPOS="794" VPOS="3339" WIDTH="1949" HEIGHT="61">
						<String ID="P26_ST00400" HPOS="794" VPOS="3339" WIDTH="235" HEIGHT="55" CONTENT="Quelques" WC="0.99" CC="13240310"/>
						<SP ID="P26_SP00358" HPOS="1029" VPOS="3394" WIDTH="25"/>
						<String ID="P26_ST00401" HPOS="1054" VPOS="3353" WIDTH="248" HEIGHT="28" CONTENT="morceaux" WC="0.99" CC="05405008"/>
						<SP ID="P26_SP00359" HPOS="1302" VPOS="3394" WIDTH="11"/>
						<String ID="P26_ST00402" HPOS="1313" VPOS="3351" WIDTH="82" HEIGHT="31" CONTENT="ont" WC="0.98" CC="400"/>
						<SP ID="P26_SP00360" HPOS="1395" VPOS="3394" WIDTH="23"/>
						<String ID="P26_ST00403" HPOS="1418" VPOS="3343" WIDTH="68" HEIGHT="41" CONTENT="été" WC="1.00" CC="000"/>
						<SP ID="P26_SP00361" HPOS="1486" VPOS="3394" WIDTH="24"/>
						<String ID="P26_ST00404" HPOS="1510" VPOS="3344" WIDTH="182" HEIGHT="52" CONTENT="publiés" WC="0.99" CC="4600400"/>
						<SP ID="P26_SP00362" HPOS="1692" VPOS="3396" WIDTH="20"/>
						<String ID="P26_ST00405" HPOS="1712" VPOS="3346" WIDTH="24" HEIGHT="40" CONTENT="à" WC="0.49" CC="5"/>
						<SP ID="P26_SP00363" HPOS="1736" VPOS="3396" WIDTH="35"/>
						<String ID="P26_ST00406" HPOS="1771" VPOS="3347" WIDTH="209" HEIGHT="42" CONTENT="Londres" WC="1.00" CC="0200000"/>
						<SP ID="P26_SP00364" HPOS="1980" VPOS="3396" WIDTH="27"/>
						<String ID="P26_ST00407" HPOS="2007" VPOS="3348" WIDTH="106" HEIGHT="42" CONTENT="chez" WC="0.97" CC="3603"/>
						<SP ID="P26_SP00365" HPOS="2113" VPOS="3396" WIDTH="25"/>
						<String ID="P26_ST00408" HPOS="2138" VPOS="3349" WIDTH="236" HEIGHT="42" CONTENT="Ashdown" WC="0.86" CC="3010040"/>
						<SP ID="P26_SP00366" HPOS="2374" VPOS="3396" WIDTH="24"/>
						<String ID="P26_ST00409" HPOS="2398" VPOS="3367" WIDTH="11" HEIGHT="33" CONTENT=";" WC="0.56" CC="4"/>
						<SP ID="P26_SP00367" HPOS="2409" VPOS="3400" WIDTH="23"/>
						<String ID="P26_ST00410" HPOS="2432" VPOS="3351" WIDTH="195" HEIGHT="42" CONTENT="d'autres" WC="0.99" CC="03304100"/>
						<SP ID="P26_SP00368" HPOS="2627" VPOS="3400" WIDTH="21"/>
						<String ID="P26_ST00411" HPOS="2648" VPOS="3361" WIDTH="95" HEIGHT="29" CONTENT="sans" WC="0.97" CC="1460"/>
					</TextLine>
					<TextLine ID="P26_TL00038" HPOS="738" VPOS="3399" WIDTH="2004" HEIGHT="60">
						<String ID="P26_ST00412" HPOS="738" VPOS="3399" WIDTH="191" HEIGHT="40" CONTENT="numéro" WC="0.99" CC="130020"/>
						<SP ID="P26_SP00369" HPOS="929" VPOS="3439" WIDTH="44"/>
						<String ID="P26_ST00413" HPOS="973" VPOS="3400" WIDTH="202" HEIGHT="42" CONTENT="d'oeuvre" WC="0.99" CC="01610040"/>
						<SP ID="P26_SP00370" HPOS="1175" VPOS="3442" WIDTH="24"/>
						<String ID="P26_ST00414" HPOS="1199" VPOS="3415" WIDTH="10" HEIGHT="27" CONTENT=":" WC="0.61" CC="3"/>
						<SP ID="P26_SP00371" HPOS="1209" VPOS="3442" WIDTH="579"/>
						<String ID="P26_ST00415" HPOS="1788" VPOS="3400" WIDTH="186" HEIGHT="55" CONTENT="Pensée," WC="0.99" CC="1400134" STYLEREFS="TXT_5"/>
						<SP ID="P26_SP00372" HPOS="1974" VPOS="3455" WIDTH="278"/>
						<String ID="P26_ST00416" HPOS="2252" VPOS="3404" WIDTH="232" HEIGHT="55" CONTENT="Esquisse," WC="0.99" CC="307000050" STYLEREFS="TXT_5"/>
						<SP ID="P26_SP00373" HPOS="2484" VPOS="3459" WIDTH="89"/>
						<String ID="P26_ST00417" HPOS="2573" VPOS="3419" WIDTH="79" HEIGHT="32" CONTENT="ont" WC="0.98" CC="040"/>
						<SP ID="P26_SP00374" HPOS="2652" VPOS="3459" WIDTH="28"/>
						<String ID="P26_ST00418" HPOS="2680" VPOS="3409" WIDTH="62" HEIGHT="41" CONTENT="été" WC="0.97" CC="312"/>
					</TextLine>
					<TextLine ID="P26_TL00039" HPOS="736" VPOS="3459" WIDTH="2006" HEIGHT="68">
						<String ID="P26_ST00419" HPOS="736" VPOS="3459" WIDTH="142" HEIGHT="41" CONTENT="édités" WC="1.00" CC="000500"/>
						<SP ID="P26_SP00375" HPOS="878" VPOS="3500" WIDTH="38"/>
						<String ID="P26_ST00420" HPOS="916" VPOS="3474" WIDTH="82" HEIGHT="39" CONTENT="par" WC="0.99" CC="003"/>
						<SP ID="P26_SP00376" HPOS="998" VPOS="3513" WIDTH="33"/>
						<String ID="P26_ST00421" HPOS="1031" VPOS="3462" WIDTH="226" HEIGHT="42" CONTENT="Brandus." WC="0.83" CC="03010404"/>
						<SP ID="P26_SP00377" HPOS="1257" VPOS="3513" WIDTH="41"/>
						<String ID="P26_ST00422" HPOS="1298" VPOS="3464" WIDTH="51" HEIGHT="39" CONTENT="Je" WC="1.00" CC="00"/>
						<SP ID="P26_SP00378" HPOS="1349" VPOS="3513" WIDTH="27"/>
						<String ID="P26_ST00423" HPOS="1376" VPOS="3476" WIDTH="57" HEIGHT="28" CONTENT="ne" WC="0.77" CC="40"/>
						<SP ID="P26_SP00379" HPOS="1433" VPOS="3513" WIDTH="34"/>
						<String ID="P26_ST00424" HPOS="1467" VPOS="3464" WIDTH="103" HEIGHT="53" CONTENT="puis" WC="0.99" CC="0300"/>
						<SP ID="P26_SP00380" HPOS="1570" VPOS="3517" WIDTH="32"/>
						<String ID="P26_ST00425" HPOS="1602" VPOS="3466" WIDTH="177" HEIGHT="42" CONTENT="donner" WC="0.99" CC="000025"/>
						<SP ID="P26_SP00381" HPOS="1779" VPOS="3517" WIDTH="42"/>
						<String ID="P26_ST00426" HPOS="1821" VPOS="3467" WIDTH="60" HEIGHT="41" CONTENT="ici" WC="0.99" CC="020"/>
						<SP ID="P26_SP00382" HPOS="1881" VPOS="3517" WIDTH="45"/>
						<String ID="P26_ST00427" HPOS="1926" VPOS="3470" WIDTH="356" HEIGHT="55" CONTENT="intégralement" WC="1.00" CC="0010000026246"/>
						<SP ID="P26_SP00383" HPOS="2282" VPOS="3525" WIDTH="40"/>
						<String ID="P26_ST00428" HPOS="2322" VPOS="3471" WIDTH="40" HEIGHT="40" CONTENT="le" WC="0.48" CC="09"/>
						<SP ID="P26_SP00384" HPOS="2362" VPOS="3525" WIDTH="41"/>
						<String ID="P26_ST00429" HPOS="2403" VPOS="3473" WIDTH="238" HEIGHT="54" CONTENT="catalogue" WC="1.00" CC="300010031"/>
						<SP ID="P26_SP00385" HPOS="2641" VPOS="3527" WIDTH="31"/>
						<String ID="P26_ST00430" HPOS="2672" VPOS="3471" WIDTH="70" HEIGHT="40" CONTENT="des" WC="0.98" CC="040"/>
					</TextLine>
					<TextLine ID="P26_TL00040" HPOS="739" VPOS="3521" WIDTH="2002" HEIGHT="63">
						<String ID="P26_ST00431" HPOS="739" VPOS="3530" WIDTH="179" HEIGHT="30" CONTENT="oeuvres" WC="0.99" CC="6014300"/>
						<SP ID="P26_SP00386" HPOS="918" VPOS="3560" WIDTH="31"/>
						<String ID="P26_ST00432" HPOS="949" VPOS="3521" WIDTH="54" HEIGHT="40" CONTENT="de" WC="0.94" CC="01"/>
						<SP ID="P26_SP00387" HPOS="1003" VPOS="3561" WIDTH="20"/>
						<String ID="P26_ST00433" HPOS="1023" VPOS="3521" WIDTH="204" HEIGHT="54" CONTENT="Stephen" WC="0.90" CC="0100500"/>
						<SP ID="P26_SP00388" HPOS="1227" VPOS="3575" WIDTH="18"/>
						<String ID="P26_ST00434" HPOS="1245" VPOS="3522" WIDTH="171" HEIGHT="50" CONTENT="Heller," WC="0.81" CC="6002003"/>
						<SP ID="P26_SP00389" HPOS="1416" VPOS="3575" WIDTH="28"/>
						<String ID="P26_ST00435" HPOS="1444" VPOS="3523" WIDTH="31" HEIGHT="40" CONTENT="il" WC="0.74" CC="05"/>
						<SP ID="P26_SP00390" HPOS="1475" VPOS="3575" WIDTH="21"/>
						<String ID="P26_ST00436" HPOS="1496" VPOS="3525" WIDTH="210" HEIGHT="41" CONTENT="contient" WC="1.00" CC="42000030"/>
						<SP ID="P26_SP00391" HPOS="1706" VPOS="3575" WIDTH="16"/>
						<String ID="P26_ST00437" HPOS="1722" VPOS="3526" WIDTH="104" HEIGHT="54" CONTENT="plus" WC="0.98" CC="0560"/>
						<SP ID="P26_SP00392" HPOS="1826" VPOS="3580" WIDTH="27"/>
						<String ID="P26_ST00438" HPOS="1853" VPOS="3530" WIDTH="55" HEIGHT="39" CONTENT="de" WC="0.90" CC="01"/>
						<SP ID="P26_SP00393" HPOS="1908" VPOS="3580" WIDTH="44"/>
						<String ID="P26_ST00439" HPOS="1952" VPOS="3531" WIDTH="81" HEIGHT="41" CONTENT="160" WC="0.87" CC="120"/>
						<SP ID="P26_SP00394" HPOS="2033" VPOS="3580" WIDTH="23"/>
						<String ID="P26_ST00440" HPOS="2056" VPOS="3531" WIDTH="219" HEIGHT="41" CONTENT="numéros" WC="0.99" CC="0400040"/>
						<SP ID="P26_SP00395" HPOS="2275" VPOS="3580" WIDTH="16"/>
						<String ID="P26_ST00441" HPOS="2291" VPOS="3531" WIDTH="115" HEIGHT="41" CONTENT="dont" WC="1.00" CC="0000"/>
						<SP ID="P26_SP00396" HPOS="2406" VPOS="3580" WIDTH="24"/>
						<String ID="P26_ST00442" HPOS="2430" VPOS="3532" WIDTH="237" HEIGHT="52" CONTENT="beaucoup" WC="0.98" CC="00156069"/>
						<SP ID="P26_SP00397" HPOS="2667" VPOS="3584" WIDTH="32"/>
						<String ID="P26_ST00443" HPOS="2699" VPOS="3540" WIDTH="42" HEIGHT="29" CONTENT="se" WC="0.67" CC="06"/>
					</TextLine>
					<TextLine ID="P26_TL00041" HPOS="738" VPOS="3579" WIDTH="2003" HEIGHT="62">
						<String ID="P26_ST00444" HPOS="738" VPOS="3579" WIDTH="288" HEIGHT="42" CONTENT="subdivisent" WC="1.00" CC="06100020006"/>
						<SP ID="P26_SP00398" HPOS="1026" VPOS="3621" WIDTH="17"/>
						<String ID="P26_ST00445" HPOS="1043" VPOS="3594" WIDTH="56" HEIGHT="28" CONTENT="en" WC="1.00" CC="00"/>
						<SP ID="P26_SP00399" HPOS="1099" VPOS="3622" WIDTH="21"/>
						<String ID="P26_ST00446" HPOS="1120" VPOS="3582" WIDTH="143" HEIGHT="42" CONTENT="suites" WC="0.99" CC="070000"/>
						<SP ID="P26_SP00400" HPOS="1263" VPOS="3624" WIDTH="22"/>
						<String ID="P26_ST00447" HPOS="1285" VPOS="3597" WIDTH="11" HEIGHT="39" CONTENT=";" WC="0.32" CC="6"/>
						<SP ID="P26_SP00401" HPOS="1296" VPOS="3636" WIDTH="26"/>
						<String ID="P26_ST00448" HPOS="1322" VPOS="3596" WIDTH="60" HEIGHT="28" CONTENT="on" WC="0.84" CC="03"/>
						<SP ID="P26_SP00402" HPOS="1382" VPOS="3636" WIDTH="14"/>
						<String ID="P26_ST00449" HPOS="1396" VPOS="3583" WIDTH="39" HEIGHT="41" CONTENT="le" WC="0.76" CC="40"/>
						<SP ID="P26_SP00403" HPOS="1435" VPOS="3636" WIDTH="24"/>
						<String ID="P26_ST00450" HPOS="1459" VPOS="3593" WIDTH="214" HEIGHT="34" CONTENT="trouvera" WC="1.00" CC="10050030"/>
						<SP ID="P26_SP00404" HPOS="1673" VPOS="3636" WIDTH="15"/>
						<String ID="P26_ST00451" HPOS="1688" VPOS="3587" WIDTH="114" HEIGHT="42" CONTENT="dans" WC="1.00" CC="0000"/>
						<SP ID="P26_SP00405" HPOS="1802" VPOS="3636" WIDTH="18"/>
						<String ID="P26_ST00452" HPOS="1820" VPOS="3588" WIDTH="119" HEIGHT="42" CONTENT="celui" WC="0.99" CC="00300"/>
						<SP ID="P26_SP00406" HPOS="1939" VPOS="3636" WIDTH="26"/>
						<String ID="P26_ST00453" HPOS="1965" VPOS="3591" WIDTH="54" HEIGHT="40" CONTENT="de" WC="0.87" CC="02"/>
						<SP ID="P26_SP00407" HPOS="2019" VPOS="3636" WIDTH="22"/>
						<String ID="P26_ST00454" HPOS="2041" VPOS="3591" WIDTH="240" HEIGHT="50" CONTENT="Pazdirek," WC="0.96" CC="010000000"/>
						<SP ID="P26_SP00408" HPOS="2281" VPOS="3641" WIDTH="17"/>
						<String ID="P26_ST00455" HPOS="2298" VPOS="3592" WIDTH="110" HEIGHT="41" CONTENT="chez" WC="0.99" CC="0400"/>
						<SP ID="P26_SP00409" HPOS="2408" VPOS="3641" WIDTH="23"/>
						<String ID="P26_ST00456" HPOS="2431" VPOS="3592" WIDTH="234" HEIGHT="49" CONTENT="Costallat," WC="0.87" CC="3001200040"/>
						<SP ID="P26_SP00410" HPOS="2665" VPOS="3641" WIDTH="23"/>
						<String ID="P26_ST00457" HPOS="2688" VPOS="3601" WIDTH="53" HEIGHT="29" CONTENT="ou" WC="0.81" CC="21"/>
					</TextLine>
					<TextLine ID="P26_TL00042" HPOS="738" VPOS="3638" WIDTH="1463" HEIGHT="59">
						<String ID="P26_ST00458" HPOS="738" VPOS="3638" WIDTH="113" HEIGHT="42" CONTENT="dans" WC="0.98" CC="0250"/>
						<SP ID="P26_SP00411" HPOS="851" VPOS="3680" WIDTH="18"/>
						<String ID="P26_ST00459" HPOS="869" VPOS="3640" WIDTH="13" HEIGHT="38" CONTENT="1" WC="1.00" CC="0"/>
						<SP ID="P26_SP00412" HPOS="882" VPOS="3680" WIDTH="17"/>
						<String ID="P26_ST00460" HPOS="899" VPOS="3641" WIDTH="228" HEIGHT="41" CONTENT="excellent" WC="0.99" CC="561422360"/>
						<SP ID="P26_SP00413" HPOS="1127" VPOS="3682" WIDTH="21"/>
						<String ID="P26_ST00461" HPOS="1148" VPOS="3643" WIDTH="115" HEIGHT="53" CONTENT="petit" WC="0.99" CC="04110"/>
						<SP ID="P26_SP00414" HPOS="1263" VPOS="3696" WIDTH="38"/>
						<String ID="P26_ST00462" HPOS="1301" VPOS="3655" WIDTH="197" HEIGHT="42" CONTENT="ouvrage" WC="0.98" CC="0307275"/>
						<SP ID="P26_SP00415" HPOS="1498" VPOS="3697" WIDTH="34"/>
						<String ID="P26_ST00463" HPOS="1532" VPOS="3645" WIDTH="56" HEIGHT="41" CONTENT="de" WC="0.76" CC="04"/>
						<SP ID="P26_SP00416" HPOS="1588" VPOS="3697" WIDTH="33"/>
						<String ID="P26_ST00464" HPOS="1621" VPOS="3647" WIDTH="75" HEIGHT="40" CONTENT='M"' WC="0.60" CC="07"/>
						<String ID="P26_ST00465" HPOS="1701" VPOS="3658" WIDTH="16" HEIGHT="22" CONTENT="e" STYLE="superscript" WC="0.66" CC="3"/>
						<SP ID="P26_SP00417" HPOS="1717" VPOS="3697" WIDTH="26"/>
						<String ID="P26_ST00466" HPOS="1743" VPOS="3649" WIDTH="233" HEIGHT="43" CONTENT="Hortense" WC="0.60" CC="50453507"/>
						<SP ID="P26_SP00418" HPOS="1976" VPOS="3697" WIDTH="30"/>
						<String ID="P26_ST00467" HPOS="2006" VPOS="3652" WIDTH="167" HEIGHT="40" CONTENT="Parent" WC="0.97" CC="164664"/>
						<SP ID="P26_SP00419" HPOS="2173" VPOS="3697" WIDTH="19"/>
						<String ID="P26_ST00468" HPOS="2192" VPOS="3666" WIDTH="9" HEIGHT="26" CONTENT=":" WC="0.54" CC="4"/>
					</TextLine>
					<TextLine ID="P26_TL00043" HPOS="734" VPOS="3697" WIDTH="1095" HEIGHT="61">
						<String ID="P26_ST00469" HPOS="734" VPOS="3697" WIDTH="192" HEIGHT="56" CONTENT="pédique" WC="0.98" CC="9202180" STYLEREFS="TXT_5"/>
						<SP ID="P26_SP00420" HPOS="926" VPOS="3753" WIDTH="230"/>
						<String ID="P26_ST00470" HPOS="1156" VPOS="3700" WIDTH="57" HEIGHT="40" CONTENT="du" WC="0.37" CC="39" STYLEREFS="TXT_5"/>
						<SP ID="P26_SP00421" HPOS="1213" VPOS="3753" WIDTH="99"/>
						<String ID="P26_ST00471" HPOS="1312" VPOS="3701" WIDTH="222" HEIGHT="53" CONTENT="Pianiste," WC="0.99" CC="029000002" STYLEREFS="TXT_5"/>
						<SP ID="P26_SP00422" HPOS="1534" VPOS="3754" WIDTH="-268"/>
						<String ID="P26_ST00472" HPOS="1266" VPOS="3718" WIDTH="14" HEIGHT="25" CONTENT="1" WC="1.00" CC="0"/>
						<SP ID="P26_SP00423" HPOS="1534" VPOS="3754" WIDTH="-230"/>
						<String ID="P26_ST00473" HPOS="1304" VPOS="3704" WIDTH="93" HEIGHT="42" CONTENT="vol." WC="0.98" CC="4030"/>
						<SP ID="P26_SP00424" HPOS="1534" VPOS="3754" WIDTH="-118"/>
						<String ID="P26_ST00474" HPOS="1416" VPOS="3702" WIDTH="140" HEIGHT="56" CONTENT="in-80," WC="0.58" CC="050477"/>
						<SP ID="P26_SP00425" HPOS="1556" VPOS="3758" WIDTH="29"/>
						<String ID="P26_ST00475" HPOS="1585" VPOS="3706" WIDTH="244" HEIGHT="46" CONTENT="Hachette." WC="1.00" CC="400103000"/>
					</TextLine>
				</TextBlock>
			</PrintSpace>
		</Page>
	</Layout>
</alto>
