2905 4244
399 444 252 42 QUELQUES
685 448 151 33 NOTES
870 448 61 32 DE
966 449 365 34 BIBLIOGRAPHIE
1364 440 432 46 BEETHOVÉNIENNE

2013 445 22 43 5
2044 460 24 44 7
2076 458 26 44 9

112 574 269 66 fréquenté
404 571 47 51 le
466 571 425 56 Theresianum.
920 576 75 52 M.
1016 578 64 50 de
1100 576 255 52 Gérando
1382 578 83 50 n'a
1489 579 274 52 d'ailleurs
1782 580 117 52 rien
1916 588 189 47 trouvé

112 661 57 51 de
193 656 180 54 relatif
386 660 28 48 à
449 660 312 52 Beethoven
788 664 134 51 dans
952 664 73 51 les
1068 663 218 68 papiers
1321 665 65 50 de
1422 665 49 51 la
1498 678 266 39 comtesse
1811 669 290 52 Brunsvik.

112 748 38 52 Il
181 762 62 34 en
273 744 209 53 revient
506 748 140 50 donc
667 762 52 38 et
756 750 113 51 s'en
889 750 136 52 tient
1053 768 66 34 au
1145 750 345 71 témoignage
1522 753 65 51 de
1615 753 304 67 Schindler,
1954 758 152 49 selon

112 833 163 68 lequel
299 832 367 54 l'immortelle
691 837 330 53 bien-aimée
1044 839 65 51 de
1150 839 313 52 Beethoven
1505 840 174 52 aurait
1730 845 81 47 été
1844 843 263 53 Giulietta

112 919 318 56 Guicciardi.

171 1009 97 50 Les
294 1007 80 52 six
417 1026 165 53 pages
624 1013 65 51 de
733 1013 76 52 M.
836 1013 65 51 de
934 1013 254 52 Gérando
1216 1027 124 38 sont
1371 1018 106 48 très
1509 1016 313 68 frappantes
1846 1030 14 54 ;
1885 1019 139 51 mais
2055 1019 50 51 la

112 1096 235 53 moindre
373 1098 257 52 réflexion
654 1113 216 39 montre
903 1102 224 67 qu'elles
1182 1119 67 34 ne
1282 1102 246 52 suffisent
1569 1122 115 50 pas,
1728 1119 172 54 quant
1931 1108 28 49 à
1992 1111 86 63 pré-

112 1197 123 49 sent,
259 1187 30 48 à
314 1186 255 52 trancher
600 1187 47 51 le
686 1188 282 69 problème
1010 1190 137 50 dans
1189 1191 46 51 le
1288 1207 125 35 sens
1465 1192 133 68 qu'il
1630 1191 225 70 indique
1884 1211 11 40 ;
1940 1193 164 68 j'irais

112 1289 217 53 presque
361 1276 29 48 à
411 1273 116 53 dire
557 1289 11 37 :
605 1293 67 34 au
704 1276 333 53 contraire...

177 1371 43 40 i°
246 1360 41 51 Il
314 1361 290 52 surestime
629 1361 451 70 singulièrement
1096 1365 47 51 le
1165 1367 344 70 témoignage
1535 1370 64 51 de
1623 1369 305 54 Schindler.
1955 1373 150 49 Dans

112 1463 94 35 une
243 1449 380 52 conversation
670 1451 66 50 de
783 1451 151 61 182$,
990 1453 311 52 Beethoven
1353 1472 29 34 a
1406 1456 170 51 confié
1629 1460 29 47 à
1690 1455 287 55 Schindler
2004 1474 101 34 son

113 1533 243 53 ancienne
383 1534 222 70 passion
632 1553 139 51 pour
811 1538 49 50 la
906 1553 267 38 comtesse
1212 1541 66 51 de
1310 1541 345 70 Gallenberg,
1702 1548 99 47 née
1844 1544 261 52 Giulietta

115 1620 311 56 Guicciardi.
444 1623 77 53 Ce
534 1624 82 52 fut
635 1624 574 69 occasionnellement,
1223 1632 30 48 à
1268 1646 203 52 propos
1493 1632 64 49 de
1575 1630 374 68 négociations
1969 1633 70 49 où
2059 1632 46 50 le

113 1709 124 52 mari
261 1710 65 51 de
346 1709 261 53 Giulietta
632 1712 130 52 était
788 1713 287 53 intervenu
1099 1732 67 34 au
1188 1717 296 51 détriment
1508 1718 63 50 de
1599 1718 331 52 Beethoven.
1957 1719 149 50 Dans

115 1809 122 39 cette
273 1799 381 52 conversation
705 1802 313 51 Beethoven
1043 1804 85 50 n'a
1151 1821 97 49 pas
1274 1803 95 52 fait
1392 1804 50 51 la
1466 1804 254 52 moindre
1745 1806 238 52 allusion
2007 1823 102 35 aux

117 1886 167 50 lettres
298 1889 29 49 à
574 1887 31 51 Y
613 1887 312 53 immortelle
1298 1888 328 66 bien-aimée,
1047 1892 161 66 qu'au
1222 1892 310 52 lendemain
1545 1893 64 51 de
1622 1907 212 38 samort
1848 1911 71 33 on
1932 1893 178 51 devait

120 1986 266 39 retrouver
417 1976 136 51 dans
592 1992 101 35 son
717 1976 174 53 tiroir.
920 1978 75 50 Le
1023 1980 457 66 rapprochement
1510 1981 162 51 établi
1698 1997 97 52 par
1822 1981 288 52 Schindler

116 2074 137 38 entre
277 2062 50 50 la
375 2062 382 52 conversation
799 2065 65 49 de
922 2065 131 50 1823
1088 2077 50 38 et
1184 2066 74 51 les
1293 2066 183 51 lettres
1514 2071 29 46 à
1584 2067 31 50 Y
1622 2067 313 51 immortelle
1977 2067 110 51 bien-

127 2147 150 52 aimée
295 2162 80 39 est
392 2162 119 40 tout
535 2154 29 47 à
583 2150 98 52 fait
705 2150 283 52 arbitraire
1010 2164 52 38 et
1085 2169 66 33 ne
1176 2169 192 51 repose
1387 2170 94 34 sur
1505 2171 178 35 aucun
1707 2154 176 52 indice
1909 2154 202 67 positif.

178 2253 24 34 2
207 2245 19 20 0
257 2236 107 52 Sur
381 2254 77 35 un
482 2237 155 69 point
658 2239 253 50 essentiel
939 2239 225 52 l'article
1192 2241 63 50 de
1279 2242 75 50 M.
1381 2242 66 50 de
1480 2241 256 54 Gérando
1782 2259 238 50 manque
2046 2242 65 50 de

117 2324 257 66 précision
413 2345 12 33 :
453 2326 36 51 il
521 2343 66 34 ne
629 2344 141 33 nous
822 2329 183 49 donne
1049 2344 97 51 pas
1194 2328 47 49 la
1275 2329 121 49 date
1429 2330 66 50 de
1537 2330 50 50 la
1644 2330 466 67 correspondance

120 2411 251 69 échangée
400 2430 98 51 par
526 2414 50 51 la
606 2427 266 39 comtesse
906 2414 274 52 Brunsvik
1218 2427 51 38 et
1301 2416 230 51 l'ancien
1579 2416 146 51 élève
1787 2418 74 51 du
1910 2416 170 51 There-

119 2495 218 56 sianum.
371 2502 261 50 L'auteur
654 2502 131 50 écrit
816 2503 303 67 cependant
1147 2522 10 30 :
1188 2523 23 26 «
1237 2502 108 53 Sur
1372 2519 107 36 une
1504 2504 93 52 des
1622 2504 184 51 lettres
1838 2504 65 51 de
1942 2503 172 52 Louis

122 2603 21 27 «
267 2587 36 50 il
337 2588 90 67 n'y
470 2604 66 35 en
582 2606 29 34 a
670 2593 162 64 guère
864 2589 166 68 qu'un
1072 2589 136 69 petit
1240 2590 230 51 nombre
1618 2590 87 67 j'ai
1747 2594 251 49 retrouvé
2039 2607 75 36 un

121 2690 20 26 «
177 2674 176 52 cachet
379 2676 234 50 armorié
647 2690 11 36 :
696 2677 46 49 le
769 2676 181 52 Gotha
971 2677 63 51 de
1058 2677 135 51 1816
1217 2681 29 45 à
1275 2677 134 67 1819
1428 2695 140 35 nous
1592 2691 296 56 permettra
1907 2678 179 51 d'iden-

124 2777 20 28 «
181 2759 134 54 tifier
359 2762 342 68 rapidement
736 2764 47 50 le
823 2764 304 68 mytérieux
1156 2764 170 51 fiancé
1368 2766 64 49 de
1476 2766 241 51 Thérèse
1763 2764 290 53 Brunsvik.
2088 2786 24 25 »

124 2844 116 55 Cela
261 2851 205 52 revient
497 2853 29 49 à
558 2851 114 52 dire
699 2869 105 50 que
835 2865 137 39 cette
1005 2853 307 68 suggestive
1359 2853 470 68 correspondance
1875 2865 91 39 eut
2007 2852 105 52 lieu

124 2932 55 51 de
211 2936 127 52 1816
364 2942 28 47 à
425 2940 152 67 1819.
634 2937 99 64 Or,
761 2938 158 51 d'une
945 2952 120 55 part
1089 2941 230 51 l'amour
1355 2941 65 51 de
1455 2940 312 52 Beethoven
1801 2956 140 52 pour
1970 2940 109 51 Thé-

124 3020 105 52 rèse
254 3025 271 52 Brunsvik
555 3043 55 33 se
642 3025 150 68 place
818 3039 151 38 entre
1011 3026 135 51 1806
1179 3040 53 37 et
1270 3029 153 66 1809,
1447 3040 52 38 et
1528 3026 37 51 il
1589 3044 69 33 ne
1683 3025 165 53 serait
1883 3044 94 49 pas
2012 3026 68 51 im-

125 3107 223 63 possible
379 3111 202 67 qu'une
601 3126 273 54 personne
894 3112 147 53 aussi
1066 3130 383 52 romanesque,
1491 3114 148 52 aussi

127 3208 93 50 que
244 3195 49 52 la
317 3211 269 39 comtesse
606 3199 261 66 Thérèse,
894 3205 92 46 eût
1006 3201 141 51 aimé
1173 3203 139 49 deux
1336 3200 121 62 fois,
1477 3205 28 46 à
1527 3201 90 51 dix
1639 3219 96 33 ans
1757 3200 355 52 d'intervalle.

125 3278 129 54 Mais
279 3285 204 53 d'autre
521 3299 122 57 part
671 3285 37 52 il
737 3303 37 52 y
803 3304 28 33 a
859 3288 141 67 plus.

188 3369 143 55 Dans
379 3391 84 34 ses
855 3373 137 63 Mémoires,
993 3374 178 67 publiés
1172 3392 31 52 par
1244 3377 49 49 la
1330 3377 170 62 Mara,
1554 3375 237 52 Thérèse
1843 3373 272 53 Brunsvik

129 3468 203 42 raconte
356 3460 196 66 qu'elle
577 3460 83 52 fut
681 3477 66 34 en
767 3460 174 65 butte,
1828 3478 119 34 vers
1414 3479 102 36 aux
1536 3462 288 52 assiduités
1848 3462 130 48 d'un
2004 3476 84 34 cer-

177 3679 56 53 (1)
262 3681 128 51 1814
421 3682 80 42 der
517 3695 155 45 grosse
699 3682 226 58 Congress
1029 3682 133 42 Wien
1187 3682 62 54 (p.
1278 3682 99 55 106)
1422 3682 44 41 in
1489 3682 150 41 dieser
1665 3680 106 43 Zeit
1808 3691 96 31 war
1927 3691 65 40 es,
2015 3680 104 42 dass

139 3735 140 48 Baron
475 3742 54 45 C.
629 3743 69 46 P.,
487 3752 84 33 etc.
596 3745 61 53 (p.
689 3743 114 55 107).
