2905 4244
806 383 95 56 584

1367 392 229 32 BULLETIN
1629 390 222 33 FRANÇAIS
1884 390 59 30 DE
1977 390 56 29 LA
2066 388 37 32 S.
2143 388 31 33 I.
2211 388 46 32 M.

1760 426 12 10 >

802 523 128 65 goût
958 518 230 66 français
1212 518 262 53 abhorre:
1500 518 169 52 celui
1700 518 64 51 de
1794 511 384 54 Tchaïkovski.
2224 510 145 54 C'est
2398 510 50 51 là
2478 527 76 35 un
2599 514 200 74 préjugé

804 624 104 50 peu
940 607 183 62 fondé,
1151 622 89 34 car
1263 605 43 51 si
1344 604 364 52 Tchaïkovski
1740 600 248 54 n'atteint
2025 616 96 52 pas
2162 597 251 66 toujours
2451 597 346 74 l'originalité,

800 696 72 48 du
896 694 179 50 moins
1103 694 139 50 a-t-il
1268 711 57 34 ce
1357 694 190 51 mérite
1580 696 64 49 de
1667 710 64 33 ne
1766 693 49 48 la
1847 688 259 52 chercher
2144 684 191 67 jamais
2361 698 217 47 ;eton
2604 703 65 34 ne
2688 708 111 49 peut

802 781 73 50 lui
905 781 208 50 refuser
1145 781 76 49 les
1247 782 136 49 dons
1409 783 72 50 du
1508 779 288 52 musicien.
1827 774 141 54 Mais
1994 776 37 50 il
2053 787 81 38 est
2152 773 277 60 immoral,
2457 773 342 70 aujourd'hui,

799 884 66 33 en
898 867 222 64 France,
1155 867 185 51 d'aller
1374 870 260 49 entendre
1658 862 409 55 Tchaïkovski.
2097 862 89 49 En
2211 877 101 34 son
2337 859 107 52 lieu
2472 873 51 38 et
2553 862 166 67 place,
2742 885 59 37 on

800 969 140 34 nous
960 970 28 33 a
1009 953 179 51 donné
1632 952 46 53 le
1763 955 248 50 Pavillon
2299 953 295 63 d'Armide,
1869 951 64 51 de
1956 947 404 70 Tchérépnine,
2388 961 53 38 et
2488 965 146 34 nous
2655 967 147 41 avons

806 1044 82 48 été
912 1038 126 53 bien
1063 1042 182 66 punis,
1280 1059 89 34 car
1399 1042 48 50 la
1479 1042 147 51 seule
1667 1040 368 52 circonstance
2064 1040 316 48 atténuante
2432 1036 169 67 qu'on
2638 1040 163 65 puisse

804 1126 266 69 invoquer
1120 1144 67 33 en
1237 1129 187 52 faveur
1486 1130 163 51 d'une
1712 1126 261 69 musique
2041 1124 149 52 aussi
2246 1122 390 69 insignifiante,
2694 1129 108 54 c'est

802 1216 250 66 qu'après
1096 1215 125 67 cinq
1264 1216 239 51 minutes
1532 1233 72 34 on
1635 1233 67 33 ne
1734 1214 250 52 l'entend
2012 1214 145 67 plus.
2194 1211 92 54 On
2322 1210 194 70 joignit
2547 1215 30 47 à
2606 1214 108 51 cela
2740 1218 61 53 les

802 1303 191 49 danses
1018 1301 289 51 orientales
1339 1304 72 49 du
1434 1303 219 50 Prince
1675 1303 138 67 Igor
1818 1341 12 25 y
1857 1303 66 49 de
1947 1299 295 65 Borodine,
2276 1312 52 38 et
2351 1299 277 68 plusieurs
2658 1309 116 47 macé-

816 1389 190 51 doines
1032 1390 63 50 de
1120 1390 196 50 danses
1345 1389 225 60 variées,
1606 1390 142 50 l'une
1778 1388 129 52 faite
1929 1404 125 35 avec
2076 1389 93 51 des
2190 1403 294 36 morceaux
2497 1386 66 51 de
2582 1386 217 72 Chopin,

814 1493 106 34 une
953 1489 148 38 autre
1126 1482 288 63 composée
1451 1478 63 51 de
1546 1478 196 49 danses
1773 1475 328 64 nationales,
2136 1475 341 52 orchestrées
2517 1492 98 52 par
2643 1477 158 56 divers

816 1574 237 40 auteurs.
1098 1563 166 51 Enfin
1296 1580 71 33 on
1400 1563 267 67 adjoignit
1696 1580 67 34 au
1799 1576 139 50 tout,
1988 1578 143 52 pour
2162 1563 49 50 la
2255 1562 181 52 bonne
2479 1580 233 50 mesure,
2742 1585 60 34 un

818 1662 113 38 acte
957 1651 63 49 de
1046 1651 262 50 Rousslan
1339 1657 52 46 et
1416 1651 294 67 Ludmilla,
1757 1652 65 51 de
1855 1651 218 63 Glinka,
2107 1651 121 66 déjà
2260 1652 242 52 entendu
2557 1668 103 36 aux
2700 1671 77 37 con-

812 1750 138 38 certs
985 1753 203 50 russes,
1220 1738 142 52 voilà
1396 1740 141 50 deux
1571 1756 115 36 ans.

877 1826 146 51 Tout
1047 1826 103 51 alla
1195 1842 143 52 pour
1368 1826 47 51 le
1465 1827 200 62 mieux,
1708 1827 334 52 c'est-à-dire
2077 1845 106 51 que
2219 1827 180 69 parmi
2425 1828 95 51 des
2540 1828 262 56 difficultés

813 1927 125 36 sans
980 1912 229 52 nombre
1247 1926 53 38 et
1325 1930 126 34 sans
1474 1933 148 33 cesse
1648 1915 386 67 renaissantes,
2072 1933 72 34 on
2175 1915 120 52 finit
2317 1931 98 54 par
2446 1916 216 53 aboutir
2690 1921 112 50 àun

813 1999 224 50 résultat
1072 1999 391 69 approximatif
1480 2019 11 35 :
1537 2002 71 51 tel
1653 2015 81 38 est
1772 2002 48 51 le
1848 2015 113 39 sort
2004 2002 276 52 ordinaire
2312 2002 160 52 d'une
2497 2004 147 52 aussi
2675 2019 127 41 vaste

814 2085 320 69 entreprise.
1165 2088 77 50 La
1272 2100 147 38 mort
1444 2090 74 51 du
1543 2090 309 67 grand-duc
1876 2090 278 52 Vladimir
2183 2091 309 52 détermina
2530 2091 51 52 la
2617 2091 141 55 Cour
2782 2099 20 47 à

816 2173 289 52 s'abstenir
1128 2175 65 51 de
1218 2187 121 40 tout
1368 2192 457 54 encouragement
1846 2179 175 51 moral
2062 2197 71 35 ou
2175 2179 265 52 matériel.
2486 2180 106 51 Les
2636 2181 166 53 décors

821 2260 183 52 furent
1024 2261 208 53 refusés
1261 2279 100 51 par
1409 2265 49 50 la
1500 2264 268 53 direction
1806 2268 96 49 des
1941 2267 239 52 théâtres
2220 2268 309 68 impériaux
2552 2270 84 61 ;il
2670 2270 132 52 fallut

817 2349 76 50 les
924 2350 383 66 reconstituer,
1343 2364 114 40 tant
1485 2353 124 52 bien
1636 2371 104 51 que
1772 2355 132 64 mal,
1929 2367 53 39 et
2012 2355 113 53 l'un
2145 2357 97 51 des
2276 2369 247 55 auteurs,
2561 2358 76 52 M.
2665 2358 110 53 Golo-

814 2434 143 61 vine,
1016 2438 127 50 s'est
1187 2442 236 61 montré,
1479 2439 259 68 paraît-il,
1786 2442 108 51 fort
1942 2446 318 49 mécontent
2298 2446 162 50 d'une
2512 2446 290 52 réalisation

816 2522 327 68 imparfaite.
1178 2524 75 54 M.
1284 2526 399 68 Tchérépnine,
1708 2541 196 55 parent
1927 2531 72 51 du
2029 2531 213 68 peintre
2267 2532 309 53 Alexandre
2609 2532 190 62 Benois,

821 2608 94 69 qui
939 2609 81 51 fut
1051 2627 101 35 son
1176 2612 398 53 collaborateur
1598 2632 141 50 pour
2769 2616 33 52 le
2506 2621 83 53 fut
2629 2620 172 53 investi

816 2697 94 51 des
930 2697 272 53 fonctions
1227 2701 65 51 de
1322 2701 126 51 chef
1472 2702 332 54 d'orchestre
1834 2717 52 39 et
1915 2707 92 68 n'y
2058 2720 223 39 montra
2321 2711 165 66 guère
2517 2710 281 53 d'autorité.

816 2783 166 51 Enfin
1015 2785 76 51 les
1124 2785 234 66 artistes,
1388 2805 214 34 comme
1635 2808 65 33 en
1740 2805 121 38 tout
1902 2810 152 52 pays,
2096 2808 127 38 sont
2262 2796 173 67 sujets
2474 2814 68 36 en
2575 2797 184 54 Russie
2779 2801 22 47 à

816 2871 92 50 des
936 2871 167 52 crises
1148 2875 64 49 de
1245 2875 418 68 susceptibilité,
1687 2881 28 47 à
1748 2880 94 51 des
1869 2883 149 50 accès
2056 2883 67 52 de
2159 2900 148 52 rage,
2335 2888 29 49 à
2408 2886 97 51 des
2535 2886 264 54 bouderies

814 2957 33 51 d
869 2957 212 53 enfants
1112 2964 167 63 gâtés,
1322 2963 94 67 qui
1442 2968 319 63 préservent
1792 2966 145 52 leurs
1970 2969 305 54 directeurs
2307 2974 94 51 des
2439 2974 214 70 risques
2693 2977 105 50 d'un

813 3045 360 69 embonpoint
1192 3053 238 64 exagéré.
1457 3051 104 51 Les
1583 3054 261 52 autorités
1869 3060 381 65 responsables
2271 3062 66 50 de
2361 3062 198 53 l'ordre
2577 3063 222 52 faisaient

816 3131 156 66 peine
1002 3137 30 45 à
1062 3134 133 61 voir,
1222 3135 168 52 allant
1407 3138 64 51 de
1496 3138 107 52 l'un
1630 3143 28 47 à
1683 3140 208 68 l'autre,
1917 3161 400 54 encourageant
2341 3149 230 66 celui-ci,
2589 3152 209 51 calmant

814 3218 238 62 celui-là,
1094 3222 293 53 cherchant
1437 3239 235 54 surtout,
1728 3242 52 38 et
1824 3231 334 54 demandant
2189 3238 29 48 à
2247 3248 127 41 tous
2416 3238 77 51 les
2525 3238 158 52 échos
2722 3237 75 52 des

816 3318 212 40 acteurs
1048 3308 135 51 dont
1206 3309 47 51 le
1277 3328 203 52 voyage
1499 3317 28 47 à
1550 3314 153 52 Paris
1726 3318 206 52 semble
1957 3321 153 52 avoir
2133 3323 299 70 développé
2458 3327 47 51 le
2537 3332 128 64 goût
2683 3337 115 57 pour

817 3392 47 51 la
894 3397 352 63 promenade.
1278 3398 324 55 L'excellent
1645 3404 292 68 régisseur,
1973 3408 77 52 M.
2077 3411 308 53 Alexandre
2420 3413 217 64 Sanine,
2679 3410 119 55 avait

817 3485 188 46 trouvé
1026 3498 220 53 moyen,
1272 3501 141 51 pour
1443 3505 57 33 sa
1524 3502 139 54 part,
1708 3492 65 50 de
1805 3510 67 34 ne
1905 3512 96 50 pas
2032 3497 244 69 maigrir,
2319 3501 140 52 mais
2500 3519 108 35 une
2639 3501 155 52 amère

818 3567 330 67 résignation
1184 3589 55 33 se
1279 3572 145 53 lisait
1448 3592 94 35 sur
1574 3595 82 33 ses
1705 3580 172 61 traits,
1928 3584 248 69 lorsqu'il
2213 3589 303 68 manquait,
2539 3595 31 46 à
2599 3591 173 51 l'avant-

818 3653 244 54 dernière
1110 3660 309 66 répétition,
1462 3664 140 52 deux
1635 3683 70 35 ou
1758 3669 135 52 trois
1933 3671 96 52 des
2074 3690 374 56 personnages
2477 3678 314 69 principaux.
