3002 3972
205 198 16 19 a
240 189 152 31 Wirkung.
427 188 61 28 Der
507 186 148 29 Abschluß
677 186 51 27 des
748 183 218 29 Bühnenbildes

195 231 64 26 /ben
279 229 51 28 her
349 229 61 30 (wo
430 230 101 26 zuerst
552 228 45 27 die
616 226 95 31 Köpfe
733 226 50 27 der
803 223 164 29 Darsteller

109 255 44 44 Jl_
185 268 162 33 ;hwinden)
364 269 59 28 und
440 269 44 28 die
501 267 160 31 Eröffnung
677 266 54 29 des
748 263 218 30 Bühnenbildes

106 319 59 20 von
183 311 88 26 unten
289 311 51 27 her
360 308 61 32 (wo
439 310 99 26 zuerst
557 309 45 28 die
620 306 78 30 Füße
719 306 51 28 des
790 305 159 32 Schauspie-

103 351 61 28 lers
188 351 129 27 sichtbar
344 346 134 33 werden)
505 349 50 27 hat
583 348 97 27 etwas
705 354 33 20 so
765 345 201 31 lächerliches,

105 391 55 28 daß
180 391 55 28 wir
256 393 78 26 trotz
355 397 122 20 unserer
500 388 196 31 Gewöhnung
715 395 54 21 uns
792 387 97 27 dieser
910 385 38 27 Ge-

105 431 279 32 schmacklosigkeit
412 430 110 27 wieder
553 428 121 28 bewußt
701 427 122 27 werden
853 425 113 28 sollten.

100 471 53 28 Die
167 471 223 31 Vorhangfrage
402 472 37 26 ist
453 470 62 27 also
529 470 27 26 in
569 468 77 28 ihrer
661 467 176 30 Bedeutung
850 466 45 28 für
912 465 55 28 den

103 511 171 30 Zuschauer
290 512 58 27 und
364 511 45 28 die
425 510 146 30 Wirkung
586 510 50 27 der
653 515 113 24 ganzen
785 506 182 32 Aufführung

104 553 81 28 nicht
212 561 35 19 zu
278 551 236 32 unterschätzen,
545 550 75 27 denn
651 550 51 26 der
733 548 141 30 Vorhang
906 548 61 26 tritt

103 593 104 27 immer
237 594 30 26 in
301 593 54 27 den
386 591 160 28 kritischen
578 593 57 26 und
666 588 206 32 packendsten
902 586 44 28 Mo-

103 635 118 27 menten
237 635 50 26 der
303 631 188 32 Darstellung
505 630 150 29 zwischen
668 638 55 19 uns
738 631 57 26 und
811 628 45 28 die
870 626 97 30 Szene

105 675 57 27 und
184 673 65 29 darf
269 674 102 27 darum
390 671 79 28 nicht
487 673 59 25 wie
567 672 44 27 ein
631 670 95 27 kaltes
747 668 149 29 Sturzbad
916 667 51 27 der

105 713 324 31 Geschmacklosigkeit
448 712 54 29 alle
521 710 166 29 Eindrücke
707 710 58 27 und
784 708 183 31 Wirkungen

103 755 183 27 vernichten.

103 881 60 28 Der
182 880 160 31 Regisseur

155 938 39 27 Es
211 938 38 26 ist
265 938 87 27 heute
369 934 176 35 unmöglich,
562 934 63 30 sich
643 935 71 27 über
733 933 234 28 Bühnenreform

102 986 38 19 zu
158 978 119 33 äußern,
293 977 78 28 ohne
390 977 54 27 das
461 975 141 29 Problem
618 975 56 28 des
692 973 259 34 „Künstler-Regis-

227 1026 36 19 zu
286 1019 143 26 erörtern.
467 1016 39 28 Es
525 1016 122 28 handelt
666 1016 61 28 sich
749 1015 62 28 hier
832 1023 49 20 um
904 1016 64 26 eine

103 1066 75 21 neue
202 1059 228 32 Kunstgattung,
453 1057 45 27 für
526 1057 45 27 die
595 1064 54 20 uns
673 1056 100 28 früher
799 1055 45 29 die
870 1056 98 29 nötige

101 1099 131 28 Einsicht
249 1099 99 28 fehlte.
381 1098 61 28 Der
461 1097 171 33 Regisseur,
651 1098 57 27 wie
729 1104 30 20 er
778 1096 99 28 bisher
895 1102 73 24 war,

103 1140 99 29 stellte
228 1139 94 28 selbst
348 1141 29 26 in
407 1140 102 27 seinen
539 1137 265 31 hervorragenden
832 1135 120 28 Erschei-

100 1188 120 24 nungen
242 1181 99 31 wenig
360 1179 85 28 mehr
466 1179 43 28 als
532 1179 73 28 den
625 1178 113 27 Faktor
761 1177 62 33 dar,
848 1178 51 27 der
923 1176 46 27 die

100 1221 238 28 künstlerischen
357 1219 176 34 Eindrücke,
553 1220 199 30 Anregungen
773 1217 60 27 und
854 1216 96 32 Sugge-

102 1263 126 31 stionen,
267 1262 45 27 die
350 1261 46 28 die
433 1259 164 30 Darsteller
635 1259 58 28 und
731 1258 131 28 anderen
899 1256 52 28 Mit-

102 1303 129 28 arbeiter
274 1310 47 21 am
352 1300 290 29 Zustandekommen
686 1299 51 28 der
780 1298 189 31 Vorstellung

103 1352 59 20 von
204 1344 51 28 der
295 1343 149 31 Dichtung
484 1341 134 29 erhalten
659 1340 110 31 hatten,
813 1341 28 26 in
886 1341 61 30 mög-

102 1383 87 29 lichst
219 1383 204 32 unauffälliger
453 1383 103 27 Weise
589 1390 36 19 zu
658 1381 165 28 verbinden
856 1380 112 31 suchte,

104 1425 89 28 damit
217 1426 44 27 ein
285 1423 295 29 Zusammenwirken
604 1422 58 29 und
685 1423 64 27 eine
773 1421 177 28 Gesamtwir-

103 1466 79 34 kung
203 1467 145 27 eintreten
368 1465 119 28 konnte.
525 1464 37 27 Er
586 1464 77 31 glich
685 1464 66 27 dem
771 1462 197 31 Baumeister,

105 1507 51 27 der
178 1514 83 21 zwar
283 1505 75 29 nach
382 1507 94 27 einem
499 1504 216 32 vorliegenden
737 1503 92 28 Plane
854 1501 99 28 Bestel-

101 1547 108 32 lungen
225 1555 60 20 von
301 1545 139 29 Material
454 1546 49 28 bei
519 1546 102 27 seinen
635 1544 189 28 Lieferantein
842 1542 127 31 machte,

104 1588 53 28 Die
177 1587 205 33 Bestimmung
401 1586 73 30 über
496 1586 45 28 die
560 1586 55 28 Art
637 1586 52 28 des
709 1583 156 29 Materials
886 1583 80 31 aber,

103 1630 81 28 seine
226 1628 212 28 Dimensionen
478 1627 60 27 und
576 1625 130 31 Mengen
748 1625 67 28 dem
854 1623 112 29 Urteile

104 1670 59 28 und
199 1670 66 27 dem
301 1671 90 30 guten
425 1667 107 29 Willen
569 1668 52 26 der
655 1666 189 28 Lieferanten
880 1665 71 28 über-

105 1710 64 28 ließ.
222 1710 74 28 War
334 1710 53 28 das
423 1708 139 28 Material
599 1708 108 27 einmal
741 1713 207 24 zusammenge-

104 1751 114 34 bracht,
252 1758 34 20 so
317 1758 66 20 war
418 1749 144 29 natürlich
594 1757 61 19 von
689 1748 60 28 ihm
783 1755 55 21 nur
874 1747 76 27 weni-

103 1800 53 23 ges
175 1792 77 27 noch
273 1800 37 18 zu
329 1791 121 28 ändern.
487 1790 38 28 Er
545 1789 99 29 mußte
665 1789 101 32 sehen,
785 1790 59 26 wie
864 1797 31 19 er
917 1796 52 19 aus

106 1832 67 28 dem
183 1832 218 28 Vorhandenen
414 1831 53 28 das
480 1830 145 29 Gebäude
636 1829 156 29 aufführte.
822 1828 39 28 Es
872 1828 99 28 mußte

101 1872 59 28 ihm
187 1873 103 28 darum
314 1874 145 29 genügen,
485 1872 56 28 den
567 1871 108 29 Schein
701 1871 53 28 des
778 1870 171 28 Zusammen-

105 1914 146 32 gehörens
290 1922 36 19 zu
364 1912 162 32 erreichen,
566 1912 54 28 das
659 1912 79 28 nicht
778 1910 170 29 Zusammen-

100 1955 151 32 ipassende
267 1964 34 19 zu
316 1954 200 28 verkleistern
531 1954 58 27 und
604 1962 35 20 zu
654 1953 173 28 verdecken
841 1955 58 26 und
915 1953 56 27 den

104 1995 223 29 verbindenden
347 1995 109 28 Mörtel
474 1994 184 31 einzufügen.
691 1993 82 28 Nach
792 1993 68 28 dem
879 1992 91 28 Plane

105 2036 52 29 des
188 2035 138 29 Dichters
357 2035 162 28 versuchte
549 2042 30 20 er
611 2035 53 28 das
695 2034 144 27 Gebäude
870 2034 83 27 aufzu-

102 2075 114 34 führen,
235 2078 52 27 mit
303 2075 148 31 welchem
468 2075 155 32 Resultate
643 2075 81 32 aber,
745 2074 59 29 und
822 2075 57 28 wie
901 2075 71 27 weit

104 2125 32 23 er
160 2118 53 28 das
234 2117 153 29 erreichen
406 2117 114 31 würde,
543 2118 53 27 das
614 2125 66 20 war
699 2124 56 21 vor
781 2116 51 27 der
853 2115 101 28 Vollen-

105 2159 79 31 dung
209 2158 146 29 durchaus
378 2159 78 27 nicht
480 2157 194 28 feststehend.
723 2156 61 29 Der
809 2156 161 31 Regisseur

104 2199 83 29 hatte
202 2199 94 28 selbst
310 2199 77 28 nach
403 2199 51 28 der
469 2198 190 30 Ausführung
673 2197 67 28 kein
757 2197 132 28 sicheres
907 2195 66 29 Bild

105 2248 59 20 von
190 2241 50 27 der
264 2239 107 34 Sache,
395 2242 62 25 erst
482 2239 46 28 die
551 2238 112 29 Presse
689 2238 60 27 und
775 2237 45 28 die
846 2237 108 28 Ferner-

104 2280 164 29 stehenden
294 2281 131 27 konnten
453 2281 52 27 das
530 2278 137 33 Resultat
690 2278 134 28 wirklich
850 2278 105 27 konsta-

106 2322 101 33 tieren,
233 2322 94 27 denen
351 2321 51 28 der
425 2320 162 28 Wirrwarr
611 2319 52 28 der
685 2319 185 31 Entstehung
893 2319 80 28 nicht

106 2361 53 31 das
182 2361 93 29 Urteil
298 2362 120 31 getrübt
438 2361 92 28 hatte.
574 2361 42 27 So
640 2359 140 29 entstand
805 2361 51 26 der
879 2358 76 29 Aber-

105 2403 117 32 glaube,
242 2402 58 28 daß
322 2409 69 20 man
414 2401 48 28 auf
485 2402 66 27 dem
574 2400 130 28 Theater
727 2399 124 29 niemals
874 2400 99 31 wisse,

218 2444 64 27 eine
297 2442 191 34 Darstellung
504 2441 116 28 wirken
635 2441 115 28 würde.
783 2439 46 29 Da
848 2440 52 29 der
916 2439 38 31 Re-

105 2486 116 30 gisseur
243 2484 76 28 eben
340 2483 105 28 keinen
663 2483 28 27 in
713 2481 61 29 sich
795 2481 91 32 hatte,
909 2488 65 19 war

108 2525 54 27 das
179 2526 67 28 kein
263 2524 143 28 Wunder.

159 2580 64 28 Daß
238 2579 232 32 Aufführungen,
488 2580 45 28 die
547 2580 30 27 in
595 2578 96 29 dieser
708 2578 101 28 Weise
827 2575 144 29 zustande

106 2621 118 32 kamen,
240 2622 74 27 auch
331 2623 38 26 im
386 2621 105 27 besten
506 2620 80 28 Falle
601 2622 87 26 unter
707 2619 55 28 den
778 2618 125 30 Händen
922 2620 51 26 des

105 2662 312 32 geschmackvollsten
434 2662 59 27 und
508 2660 199 33 begabtesten
724 2660 179 32 Regisseurs
920 2667 53 21 nur

106 2704 46 27 ein
167 2703 178 32 heterogens
361 2702 200 32 Stilgemenge
576 2702 28 27 in
619 2700 279 31 Rollenauffassung
915 2698 60 29 und

105 2743 210 33 Wiedergabe,
329 2745 28 26 in
371 2742 175 29 räumlicher
560 2742 60 27 und
633 2741 129 32 farbiger
777 2740 198 33 Empfindung

107 2784 60 28 und
188 2784 177 31 Gestaltung
385 2785 62 26 sein
467 2783 139 32 konnten,
627 2783 39 27 ist
684 2781 73 28 klar.
794 2780 60 29 Nur
874 2782 29 26 in
924 2779 37 29 all-

108 2827 155 29 gemeinen
282 2825 164 31 Umrissen,
470 2832 53 19 nur
546 2823 148 28 äußerlich
717 2823 110 27 konnte
851 2822 56 28 den
929 2821 30 27 In-

108 2867 152 26 tentionen
280 2865 53 28 des
353 2864 208 29 Dichtwerkes
581 2863 112 32 gefolgt
710 2863 134 27 werden.
884 2861 91 29 Jedes

108 2907 99 28 intime
244 2905 327 33 Zusammenstimmen,
608 2905 65 30 jede
711 2903 245 33 „Stimmungsein-

201 2955 66 20 war
282 2945 178 33 unmöglich,
476 2947 58 26 und
550 2953 51 20 wo
618 2946 42 26 sie
678 2944 107 28 einmal
801 2945 28 27 in
847 2950 128 21 unseren

108 2987 149 28 Theatern
273 2987 128 28 erreicht
413 2987 115 33 wurde,
541 2994 50 19 wo
604 2994 35 21 es
655 2985 114 34 gelang,
785 2985 46 28 ein
846 2985 111 30 vorzüg-

109 3027 92 30 liches
217 3027 157 30 Ensemble
393 3036 36 19 zu
443 3027 109 32 bilden,
572 3026 38 27 da
625 3034 65 19 war
706 3027 80 28 nicht
805 3025 46 28 die
869 3024 89 32 Regie-

110 3069 89 28 kunst
218 3069 78 28 alten
315 3067 91 29 Stiles
427 3068 81 32 tätig,
532 3067 37 28 da
589 3067 109 28 keimte
720 3066 92 28 schon
830 3065 49 28 die
900 3072 76 20 neue

108 3108 95 31 Kunst
231 3109 51 29 des
310 3109 187 31 Regisseurs,
524 3109 58 26 wie
610 3108 55 27 wir
694 3107 41 27 sie
766 3106 155 33 ersehnen,
949 3106 27 26 in

111 3150 78 28 einer
208 3149 379 31 Ausnahmeerscheinung.

166 3204 56 29 Um
254 3206 46 27 die
329 3204 134 32 Aufgabe
494 3204 53 27 des
576 3203 334 31 Künstler-Regisseurs
940 3210 36 20 zu

114 3245 230 32 kennzeichnen,
373 3253 49 20 um
453 3245 84 27 einen
566 3243 132 29 Einblick
728 3245 28 26 in
789 3244 80 28 diese
895 3250 81 24 neue

111 3285 93 31 Kunst
226 3295 37 19 zu
286 3288 156 29 gewinnen
465 3285 61 28 und
547 3293 38 19 zu
608 3284 78 28 ihrer
713 3283 123 29 rechten
858 3283 99 28 Würdi-

112 3334 88 25 gung,
222 3335 36 19 zu
279 3326 134 29 tieferem
434 3326 198 28 Verständnis
653 3333 37 19 zu
712 3324 148 32 kommen,
882 3325 39 27 ist
945 3331 32 21 es

112 3368 182 31 notwendig,
320 3366 55 28 daß
402 3375 68 19 man
497 3367 62 27 sich
587 3366 66 28 dem
678 3364 194 32 Werdegang
896 3365 81 26 einer

114 3407 182 35 Aufführung
317 3408 95 28 ihrem
437 3406 309 29 Tatsachenverhalte
770 3406 76 26 nach
874 3403 105 29 einmal

114 3456 56 20 vor
190 3448 49 28 die
259 3448 102 31 Augen
385 3447 65 29 ruft.
492 3447 60 28 Der
574 3446 131 33 Dichter,
729 3446 53 28 der
805 3445 173 31 eigentliche

115 3488 144 32 Schöpfer
285 3488 53 28 des
364 3488 136 33 Dramas,
526 3488 99 31 bringt
650 3486 145 30 zunächst
822 3486 81 28 seine
930 3486 32 27 Vi-

114 3529 66 28 sion
198 3537 36 20 zu
252 3528 117 33 Papier.
404 3528 69 29 Sein
492 3528 199 32 Kunstmittel,
710 3528 63 27 sein
792 3526 168 28 Ausdrucks-

116 3568 92 30 mittel
229 3571 39 27 ist
291 3570 52 27 das
522 3569 52 27 der
839 3566 38 28 Er
901 3566 79 28 kann

115 3617 52 20 nur
191 3610 45 27 die
254 3609 136 29 zeitliche
411 3608 279 31 Aufeinanderfolge
710 3616 61 20 von
792 3606 188 29 äußerlichen

115 3650 75 28 oder
218 3650 179 28 innerlichen
425 3650 179 31 Vorgängen
906 3646 74 28 Jede

119 3690 195 32 Schilderung
342 3690 121 28 wendet
495 3690 62 28 sich
588 3697 37 20 an
656 3697 89 20 unser
774 3688 205 28 Verständnis.

116 3730 64 28 Das
205 3730 88 29 Wort
320 3730 113 33 drückt,
459 3732 59 26 wie
545 3730 92 28 schon
663 3730 178 28 konstatiert
867 3727 113 31 wurde,

117 3770 81 29 nicht
225 3779 66 19 aus:
320 3779 33 20 es
379 3770 60 28 will
467 3772 121 26 vorerst
615 3770 185 28 verstanden
827 3771 64 26 sein
922 3768 58 28 und

121 3811 91 28 durch
244 3812 46 27 die
318 3810 192 31 Einwirkung
539 3811 98 27 seines
844 3810 49 28 auf
922 3810 53 28 das

1045 181 109 28 Gehirn
1182 181 167 27 Eindrücke
1375 179 208 31 hervorrufen,
1614 180 45 28 die
1691 179 46 28 die
1767 179 144 31 Wirkung

1046 222 53 27 des
1133 221 208 28 Dichtwerkes
1377 222 62 25 erst
1476 219 169 28 darstellen.
1698 219 61 28 Der
1792 219 122 28 Dichter

1044 263 47 32 ist,
1135 269 88 21 wenn
1272 269 68 19 man
1385 268 33 20 so
1467 268 94 24 sagen
1606 259 73 32 darf,
1726 261 45 27 ein
1817 259 79 32 „Zeit-

1257 301 88 28 Seine
1384 301 160 28 Phantasie
1584 301 127 28 arbeitet
1747 308 53 19 aus
1839 299 54 29 Vor-

1044 343 165 30 stellungen
1235 342 119 31 heraus,
1382 343 45 26 die
1462 341 65 28 sich
1561 341 176 28 wesentlich
1773 340 48 29 auf
1857 341 55 28 den

1044 381 225 29 einzelnen
1309 381 277 32 Gegenstand
1624 383 26 27 in
1695 381 52 29 der
1787 381 108 31 Reihen-

1044 423 78 33 folge
1168 429 61 21 von)
1270 422 243 32 Begebenheiten
1566 423 237 34 konzentrieren,
1857 423 57 28 den

1046 471 31 20 er
1122 464 114 31 gerade
1281 463 149 32 gestaltet.
1491 463 39 28 Er
1575 463 98 29 fixiert
1726 463 171 31 augenblick-

1046 505 55 27 lich
1122 506 104 26 immer
1248 512 54 20 nur
1324 506 65 26 eine
1596 506 96 26 etwas

1047 545 44 27 die
1307 546 135 26 existiert
1467 545 47 27 bei
1541 545 59 27 ihm
1623 553 56 19 nur
1707 546 28 26 in
1764 545 52 27 der
1846 544 51 28 Auf-

1048 584 229 33 einanderfolge,
1329 584 79 29 nicht
1456 586 41 26 im
1524 585 223 32 gleichzeitigen
1798 585 97 28 Neben-

1047 626 148 28 einander.
1229 626 71 28 Hier
1321 627 62 26 tritt
1403 625 92 29 schon
1514 627 45 26 ein
1578 626 211 27 wesentlicher
1807 625 90 29 Unter-

1046 666 103 28 schied
1165 668 28 27 in
1211 666 203 33 Erscheinung
1432 666 152 28 zwischen
1599 665 152 33 Dichtung
1769 666 58 28 und
1844 665 52 28 Auf-

1045 706 135 33 führung.
1220 706 53 27 Die
1296 706 185 31 Aufführung
1498 707 121 27 besteht
1640 714 54 20 aus
1717 708 80 28 einer
1820 706 79 32 „Viel-

1170 748 46 27 die
1252 747 189 32 gleichzeitig
1476 747 241 28 nebeneinander
1757 747 157 28 erscheint.

1043 788 57 28 ■Die
1129 788 154 28 Zeitkunst
1312 790 52 27 des
1392 787 138 29 Dichters
1559 788 66 28 muß
1654 788 62 28 sich
1744 795 48 20 um
1820 786 76 35 „The-

1145 837 38 19 zu
1199 828 134 32 werden,
1348 830 28 26 in
1394 828 46 28 die
1457 828 187 30 Raumkunst
1664 828 53 28 des
1736 828 178 31 Regisseurs

1048 870 159 27 erweitern
1230 871 58 27 und
1312 870 164 27 umsetzen.
1520 868 63 28 Das
1607 870 37 27 ist
1653 868 2 33 .
1670 869 51 29 der
1744 868 170 33 wichtigste

1046 910 196 28 Unterschied
1284 910 152 27 zwischen
1477 910 122 28 Dichter
1643 910 58 26 und
1743 908 170 32 Regisseur.

1046 950 60 28 Der
1132 950 160 32 Regisseur
1316 951 38 27 ist
1378 951 45 26 ein
1449 949 239 32 Raumkünstler,
1713 951 81 27 seine
1818 948 77 28 Phan-

1046 992 75 27 tasie
1156 991 126 27 arbeitet
1318 998 52 20 aus
1406 998 77 23 ganz
1518 991 131 27 anderen
1685 990 229 31 Vorstellungen

1044 1031 119 32 heraus,
1182 1030 44 30 als
1245 1031 45 28 die
1310 1031 53 29 des
1382 1030 148 29 Dichters.
1565 1031 55 28 Die
1637 1031 193 28 Dichtwerke
1850 1030 66 28 sind

1047 1071 62 28 also
1131 1080 37 19 an
1190 1071 61 28 sich
1273 1072 103 28 weder
1397 1080 53 20 zur
1472 1071 186 32 Aufführung
1679 1073 137 30 geeignet
1839 1070 77 28 noch

1044 1112 160 27 bestimmt.
1251 1112 63 28 Das
1338 1111 239 29 Zeitkunstwerk
1603 1112 93 29 bildet
1719 1113 65 26 eine
1810 1111 86 27 künst-

1048 1153 134 32 lerische,
1213 1153 253 31 abgeschlossene
1495 1152 118 29 Einheit
1640 1152 48 29 für
1719 1152 74 29 ssich.
1852 1151 55 28 Die

1044 1193 190 30 Kunstmittel
1263 1194 51 27 der
1342 1193 177 29 szenischen
1544 1193 192 31 Darstellung
1763 1192 67 28 sind
1855 1192 61 27 viel

1046 1234 184 28 zahlreicher
1258 1235 44 28 als
1331 1234 47 28 die
1409 1237 52 26 des
1490 1233 139 29 Dichters
1658 1233 59 28 und
1744 1233 93 32 völlig
1864 1240 34 21 an-

1047 1274 86 29 derer
1160 1273 102 31 Natur.
1316 1275 89 28 Diese
1436 1273 190 33 Kunstmittel
1654 1273 150 33 „drücken

1044 1315 203 29 Menschliche
1284 1316 94 27 Laute
1413 1315 60 28 und
1507 1317 132 29 sonstige
1678 1313 173 29 Geräusche
1888 1314 27 26 in

1046 1357 208 28 wechselnder
1287 1355 123 30 Nuance
1444 1355 62 28 und
1540 1353 224 30 wechselndem
1797 1353 116 33 Tempo

1046 1397 117 28 wirken
1189 1397 94 28 direkt
1563 1395 50 28 auf
1637 1402 89 21 unser
1754 1394 137 29 Gehör
1908 1402 6 24 ;

1046 1437 183 33 Bewegung,
1267 1437 90 33 Linie,
1396 1437 98 33 Form,
1530 1436 98 29 Farbe
1665 1435 113 30 wirken
1820 1435 96 28 direkt

1047 1479 48 27 auf
1143 1486 127 20 unseren
1320 1477 215 29 Gesichtssinn.
1583 1476 55 29 Die
1686 1475 232 29 unmittelbaren

1044 1519 271 28 Sinneseindrücke
1349 1521 160 26 versetzen
1544 1519 110 27 bereits
1689 1525 108 21 unsere
1829 1517 88 28 Seele

1046 1561 27 26 in
1106 1560 283 28 charakteristische
1424 1559 255 31 Schwingungen,
1716 1560 29 26 in
1775 1557 122 29 Gefühls-

1044 1608 195 25 erregungen,
1254 1602 57 30 die,
1327 1609 90 19 wenn
1432 1601 42 29 sie
1490 1600 29 28 in
1535 1599 261 29 ausdrucksvoller
1814 1599 102 28 Weise

1046 1642 132 28 sichtbar
1202 1643 133 30 werden,
1360 1642 52 28 das
1644 1641 87 29 Wort
1757 1640 159 33 organisch

1043 1683 254 32 hervorspringen
1333 1691 36 19 zu
1406 1682 101 28 lassen
1542 1682 150 28 scheinen.
1763 1680 64 28 Das
1864 1687 35 25 ge-

1046 1723 167 33 sprochene
1407 1723 53 27 der
1710 1722 75 27 wird
1816 1727 34 21 so
1879 1722 31 26 in

1048 1765 50 29 der
1123 1765 191 30 Darstellung
1340 1773 51 19 zur
1417 1763 182 30 natürlichen
1625 1762 291 33 Folgeerscheinung

1049 1805 160 28 seelischer
1239 1805 60 27 und
1328 1805 141 30 geistiger
1499 1804 171 32 Vorgänge,
1700 1803 145 29 während
1878 1811 33 19 es

1046 1847 77 27 beim
1375 1845 111 32 gerade
1507 1844 176 31 umgekehrt
1703 1846 47 29 ist,
1770 1842 69 30 weil
1862 1843 54 28 das

1195 1888 28 27 in
1249 1886 61 28 ihm
1335 1886 45 28 die
1406 1886 128 32 primäre
1561 1884 83 33 Rolle
1671 1885 85 32 spielt
1784 1884 59 30 und
1871 1885 45 27 die

1046 1927 165 28 seelischen
1249 1927 160 32 Vorgänge
1449 1929 61 26 erst
1549 1926 92 28 durch
1679 1926 125 32 geistige
1843 1924 55 29 Pro-

1046 1976 87 21 zesse
1154 1967 203 33 nachträglich
1380 1968 130 31 erzeugt.

1101 2016 63 29 Das
1185 2016 240 28 Zeitkunstwerk
1450 2018 52 26 des
1525 2015 139 28 Dichters
1686 2016 28 27 in
1738 2015 46 27 ein
1807 2014 88 32 Raum-

1047 2057 175 28 kunstwerk
1249 2058 204 31 umzusetzen,
1480 2057 53 27 das
1561 2057 38 27 ist
1629 2055 43 29 die
1700 2055 134 32 Aufgabe
1865 2056 53 28 des

1048 2098 188 31 Regisseurs.
1291 2097 63 29 Das
1382 2099 40 26 im
1451 2097 108 28 Worte
1589 2096 128 28 sinnvoll
1747 2096 169 28 enthaltene

1047 2138 249 28 Phantasiewerk
1319 2137 134 29 wirklich
1770 2145 32 21 es
1826 2136 92 28 durch

1049 2180 46 28 die
1113 2179 95 31 Kunst
1229 2180 52 28 des
1726 2185 37 20 zu
1782 2176 135 33 machen,

1049 2220 54 28 das
1123 2222 38 27 ist
1182 2221 81 28 seine
1284 2219 217 29 künstlerische
1521 2218 178 29 Sehnsucht.

1102 2268 40 27 Es
1174 2268 38 28 ist
1244 2267 308 31 selbstverständlich,
1587 2267 54 28 daß
1674 2274 70 21 man
1773 2274 56 21 nur
1862 2266 57 28 das

1049 2309 95 31 geben
1164 2309 87 32 kann,
1272 2317 68 20 was
1360 2315 69 21 man
1451 2308 63 28 sein
1536 2308 84 32 eigen
1640 2308 100 32 nennt,
1761 2315 66 20 was
1850 2314 69 21 man

1049 2350 94 28 selbst
1161 2350 117 27 besitzt.
1317 2348 59 30 Der
1397 2348 162 32 Regisseur
1580 2348 77 32 muß,
1678 2356 49 20 um
1751 2347 45 29 die
1817 2347 85 28 Dicht-

1049 2390 103 28 werke
1176 2392 28 26 in
1231 2390 63 28 sich
1320 2389 145 33 aufleben,
1492 2397 48 20 um
1568 2389 45 28 die
1640 2388 174 28 sämtlichen
1840 2387 60 28 Cha-

1049 2430 117 30 raktere
1194 2431 59 28 und
1279 2430 258 28 Individualitäten
1564 2430 53 28 des
1647 2429 127 29 Dramas
1801 2429 30 28 in
1858 2428 63 29 sich

1047 2472 139 34 lebendig
1208 2472 124 28 werden
1353 2480 36 20 zu
1411 2471 108 32 lassen,
1542 2479 55 20 vor
1620 2471 77 28 allen
1718 2470 115 32 Dingen
1856 2470 63 28 also

1049 2514 65 27 eine
1151 2512 170 32 ungeheure
1360 2514 100 26 innere
1498 2512 249 31 Umfänglichkeit
1784 2512 135 28 besitzen

1051 2554 60 27 und
1141 2554 71 28 über
1243 2555 83 27 einen
1359 2552 277 33 unerschöpflichen
1667 2552 156 31 Reichtum
1854 2559 49 21 see-

1049 2594 108 29 lischer
1176 2594 233 32 Möglichkeiten
1428 2594 159 32 verfügen;
1610 2593 67 28 muß
1699 2601 32 21 er
1752 2594 75 28 doch
1847 2592 55 28 kon-

1048 2635 99 31 genial
1166 2635 68 30 dem
1253 2635 120 28 Dichter
1394 2636 60 27 sidh
1474 2636 28 26 in
1523 2634 54 28 alle
1596 2633 165 32 möglichen
1782 2632 120 29 mensch-

1049 2676 97 27 lichen
1211 2676 164 31 Regungen
1443 2676 148 27 durchaus
1658 2674 263 28 hineinversetzen

1052 2716 126 28 können.
1235 2716 62 28 Nur
1329 2716 52 27 das
1413 2716 115 27 sichere
1560 2715 107 28 Gefühl
1697 2714 118 29 tiefsten
1844 2714 57 28 Ver-

1052 2758 185 28 ständnisses
1263 2759 79 26 setzt
1363 2758 48 27 ihn
1440 2756 127 31 instand,
1590 2756 59 27 den
1673 2756 129 31 jeweilig
1824 2756 98 31 einzig

1051 2798 171 31 passenden
1246 2797 157 28 Ausdruck
1429 2806 34 19 zu
1488 2796 100 28 finden
1614 2796 44 28 für
1686 2796 56 29 alle
1766 2796 155 29 Personen

1055 2838 52 27 des
1137 2837 127 30 Dramas
1295 2837 61 28 und
1382 2837 46 28 für
1460 2837 53 28 das
1545 2846 97 23 ganze
1671 2836 174 29 Dichtwerk
1878 2836 43 27 als

1051 2878 128 29 solches.
1209 2879 77 28 Vom
1303 2878 131 28 Größten
1450 2879 47 28 bis
1514 2879 45 29 ins
1575 2877 142 34 Kleinste,
1737 2885 72 20 vom
1826 2877 76 28 Gröb-

1051 2921 66 26 sten
1145 2920 44 28 bis
1215 2921 45 26 ins
1287 2919 119 28 Feinste
1433 2921 121 26 müssen
1583 2919 44 28 die
1655 2918 167 28 Eindrücke
1850 2926 71 19 vom

1053 2960 122 28 Ganzen
1200 2961 58 27 und
1281 2961 99 27 seinen
1403 2959 164 28 Vielheiten
1590 2961 28 26 in
1641 2959 59 28 ihm
1724 2957 198 30 künstlerisch

1050 3001 227 31 organisierend
1296 3003 28 26 in
1343 2999 148 32 Tätigkeit
1510 3003 106 25 treten.
1650 3000 55 27 Die
1724 3000 120 27 tiefsten
1864 2999 40 28 Ge-

1050 3041 161 28 heimnisse
1229 3041 81 28 eines
1328 3041 209 28 Dichtwerkes
1555 3043 121 26 müssen
1694 3040 50 29 auf
1761 3040 45 29 die
1824 3041 81 26 inner-

1051 3081 106 29 lichste
1178 3082 102 28 Weise
1302 3081 66 28 dem
1387 3081 122 29 Dichter
1530 3084 58 26 und
1609 3083 103 26 seinen
1732 3079 189 33 Geschöpfen

1053 3122 195 32 abgelauscht
1275 3123 132 31 werden,
1434 3122 91 28 damit
1552 3123 54 27 das
1630 3121 114 28 Drama
1769 3123 28 26 in
1824 3122 98 27 seiner

1051 3163 148 31 Wirkung
1211 3163 82 28 nicht
1309 3163 229 31 beeinträchtigt
1555 3163 72 27 oder
1644 3171 53 24 gar
1714 3160 209 30 verstümmelt

1051 3203 86 29 wird.
1183 3203 62 28 Der
1265 3203 163 31 Regisseur
1452 3203 80 28 kann
1556 3203 61 28 sich
1640 3204 29 27 in
1693 3203 103 29 keiner
1818 3201 105 28 Weise

1053 3243 50 28 auf
1138 3244 44 28 die
1220 3243 195 33 Mitwirkung
1446 3244 127 28 anderer
1609 3243 208 31 Intelligenzen
1853 3249 52 21 ver-

1053 3283 110 34 lassen,
1179 3286 58 26 wie
1256 3284 63 29 sich
1339 3284 76 28 denn
1434 3285 111 31 gerade
1564 3284 72 28 über
1656 3284 53 28 das
1726 3284 120 27 Feinste
1864 3281 59 30 und

1055 3325 104 28 Letzte
1189 3324 104 29 weder
1324 3324 155 33 sprechen,
1509 3324 76 29 noch
1616 3333 53 23 gar
1699 3324 128 28 streiten
1854 3323 69 31 läßt,

1055 3375 31 19 es
1107 3366 117 28 können
1246 3367 37 27 da
1302 3365 104 28 weder
1424 3365 233 33 Abmachungen
1680 3364 147 33 getroffen
1846 3363 77 28 noch

1052 3407 224 31 Konzessionen
1298 3406 139 31 gemacht
1459 3406 132 33 werden,
1614 3406 77 28 ohne
1715 3404 110 33 gerade
1849 3402 71 29 alles

1053 3448 225 30 Verborgenste
1310 3447 61 27 und
1404 3446 136 29 Zarteste
1573 3446 183 32 vollständig
1785 3454 36 20 zu
1853 3453 53 19 ver-

1054 3488 135 28 wischen
1208 3488 74 27 oder
1306 3496 36 19 zu
1363 3487 185 29 vernichten.
1592 3488 74 28 Jede
1690 3486 233 32 Erleichterung,

1053 3529 49 27 die
1129 3529 63 27 sich
1220 3529 51 28 der
1298 3528 162 31 Regisseur
1490 3528 91 28 durch
1608 3527 230 31 Heranziehung
1862 3534 61 20 von

1055 3568 207 29 Mitarbeitern
1298 3571 119 29 gönnen
1451 3568 115 33 würde,
1603 3570 87 31 ginge
1728 3567 49 29 auf
1811 3566 112 31 Kosten

1053 3609 56 28 des
1133 3608 198 29 künstlerisch
1354 3608 207 33 Kostbarsten,
1589 3608 50 28 auf
1660 3609 113 31 Kosten
1799 3610 52 26 der
1876 3615 32 19 or-

1053 3649 165 32 ganischen
1243 3648 114 30 Einheit
1384 3650 52 28 der
1462 3648 191 33 Aufführung.
1703 3649 74 28 Eine
1803 3647 103 33 „Offen-

1222 3692 58 26 wie
1306 3691 42 27 sie
1375 3690 52 28 das
1453 3688 145 30 Aufleben
1625 3690 52 28 der
1702 3689 221 27 Dichtervision

1054 3732 41 26 im
1128 3731 163 32 Regisseur
1322 3731 154 33 bedeutet,
1509 3730 80 29 kann
1625 3728 298 30 selbstverständlich

1056 3780 54 19 nur
1137 3771 92 32 völlig
1258 3771 171 28 individuell
1455 3779 54 20 zur
1536 3770 132 33 Geltung
1697 3770 139 28 kommen
1866 3768 57 28 und

1056 3819 68 20 zum
1158 3812 157 28 Ausdruck
1348 3812 133 28 werden.
1550 3810 54 29 Bei
1641 3811 54 28 den
1732 3810 191 30 ungeheuren

1989 177 276 33 Schwierigkeiten,
2304 177 45 27 die
2388 186 36 18 zu
2465 177 191 28 überwinden
2695 176 73 31 sind,
2805 183 50 20 um

1987 217 82 28 diese
2118 216 205 32 Offenbarung
2369 218 28 27 in
2448 216 280 28 bühnenwirksame
2779 216 56 27 Dar-

1989 258 240 31 stellungsmittel
2252 259 200 31 umzusetzen,
2476 257 68 26 muß
2568 258 61 26 sich
2653 259 47 26 ein
2723 258 131 27 eiserner

1989 298 226 31 Schöpferwille
2234 297 117 28 absolut
2372 298 237 30 schmiegsamen
2627 296 156 28 Materials
2804 296 34 27 be-

1991 339 113 28 dienen.
2153 337 54 28 Die
2232 336 209 33 Schauspieler
2468 337 118 28 können
2613 337 55 29 den
2695 336 161 31 Regisseur

1990 379 65 29 aufs
2082 377 232 29 Wesentlichste
2353 379 213 30 unterstützen,
2603 384 87 19 wenn
2718 377 42 28 sie
2789 384 51 19 ver-

1990 420 114 31 stehen,
2126 421 46 28 die
2192 419 146 31 jeweilige
2359 417 279 32 Rollenauffassung
2660 417 60 27 und
2739 416 101 31 Rollen-

1990 461 192 31 wiedergabe
2209 461 67 26 dem
2302 459 160 31 Regisseur
2489 457 95 28 direkt
2610 465 52 19 aus
2690 457 51 27 der
2765 457 92 27 Brust

1988 510 38 19 zu
2047 501 125 28 stehlen.
2208 500 64 27 Alle
2291 499 212 28 Widerstände
2524 497 105 28 sollten
2651 499 38 24 im
2709 497 148 28 Interesse

1990 542 52 28 des
2061 542 170 28 erstrebten
2247 539 197 31 Kunstwerks
2463 538 156 32 möglichst
2638 537 130 28 entfernt
2782 537 75 27 oder

1991 583 184 27 vermindert
2203 581 139 34 werden;
2373 580 77 27 denn
2479 581 45 26 sie
2554 579 63 28 sind
2647 586 41 23 es,
2720 577 45 27 die
2795 579 62 25 sein

1989 623 294 27 Zustandekommen
2300 621 173 31 gefährden.
2506 619 56 28 Um
2582 620 50 27 der
2650 617 94 31 Kunst
2761 616 97 29 willen

1990 664 84 28 sollte
2093 664 82 29 jeder
2194 662 105 28 wahre
2315 660 139 31 Künstler
2473 661 60 27 sidh
2553 660 93 27 selbst
2666 657 193 29 zerfleischen

1992 704 117 28 können
2140 704 59 28 und
2228 703 86 31 jeden
2343 700 204 32 Blutstropfen
2578 699 161 32 hergeben,
2768 697 91 28 damit

1991 746 81 27 seine
2100 744 221 32 schöpferische
2348 741 211 29 Leidenschaft
2587 739 55 28 alle
2669 737 191 32 Kunstmittel

1992 785 184 32 durchglüht.

2045 842 54 28 Die
2124 839 329 33 Rolleneinstudierung
2476 838 29 27 in
2705 834 91 29 Sinne
2822 835 38 27 ist

1987 891 57 19 nur
2071 884 46 26 ein
2144 882 111 28 kleiner
2281 880 65 28 Teil
2373 880 52 27 der
2453 877 194 33 eigentlichen
2676 875 104 28 Arbeit
2808 874 52 27 des

1989 924 188 31 Regisseurs,
2202 923 64 27 eine
2290 920 167 29 Vorarbeit.
2502 918 65 28 Alle
2591 915 269 30 Ausdrucksmittel

1991 964 109 28 wollen
2127 971 60 20 von
2210 962 60 29 ihm
2293 964 61 27 und
2380 960 91 28 durch
2495 960 48 28 ihn
2567 958 102 28 Leben
2695 958 165 31 gewinnen,

1991 1005 72 28 alles
2091 1004 122 31 fordert,
2243 1011 54 20 aus
2325 1003 97 27 seiner
2450 999 85 32 Kraft
2563 998 128 33 gezeugt
2718 996 61 27 und
2806 1002 34 25 ge-

1991 1047 94 27 boren
2105 1054 35 19 zu
2160 1044 133 27 werden.
2332 1043 67 27 Und
2418 1049 89 21 wenn
2530 1049 31 21 er
2580 1040 56 28 das
2655 1039 134 27 Gröbste
2808 1037 35 28 be-

1991 1087 115 31 wältigt
2124 1087 60 28 und
2205 1085 92 28 selbst
2314 1084 56 28 alle
2391 1082 198 28 Einzelheiten
2608 1082 28 26 in
2810 1085 34 24 ge-

1992 1129 77 26 setzt
2088 1127 63 33 hat,
2178 1126 76 27 dann
2278 1125 82 28 harrt
2384 1125 97 27 seiner
2505 1122 77 28 noch
2606 1121 54 27 das
2685 1118 92 33 große
2803 1118 39 28 Ge-

1992 1167 124 28 heimnis
2137 1167 51 28 der
2433 1165 59 27 und
2513 1163 47 27 die
2580 1162 209 30 schwierigste
2809 1160 51 27 der

1991 1208 122 34 Künste,
2131 1207 49 28 die
2198 1207 79 28 feine
2298 1206 59 27 und
2378 1204 220 28 differenzierte

1993 1249 53 30 des
2069 1249 130 28 Ganzen.
2241 1247 54 28 Die
2315 1245 241 29 Auferweckung
2580 1243 52 27 des
2653 1240 190 29 Buchstaben-

1991 1290 121 28 werkes
2132 1291 45 26 ins
2198 1287 210 29 Bühnenwerk
2429 1287 38 26 ist
2488 1283 144 33 jedesmal
2653 1284 45 26 ein
2718 1280 150 32 Wunder,,

1990 1338 89 21 wenn
2099 1337 32 21 es
2152 1329 119 32 gelingt.
2300 1327 67 28 Und
2387 1327 58 29 wie
2464 1326 50 28 ein
2533 1324 101 31 Mann,
2656 1323 52 28 der
2727 1320 134 29 Wünder

1992 1371 186 32 vollbringen
2210 1369 79 28 kann
2321 1369 59 27 und
2413 1367 186 30 vollbringen
2633 1363 70 32 will,
2735 1362 126 29 braucht

1992 1412 51 29 der
2062 1412 162 32 Regisseur
2243 1412 64 27 eine
2326 1409 181 31 begeisterte
2528 1404 211 33 Jüngerschar,
2759 1404 46 27 die
2825 1407 37 24 än

1990 1454 51 27 ,ihn
2069 1453 101 31 glaubt
2196 1452 59 27 und
2286 1450 63 29 sich
2377 1449 59 28 ihm
2465 1447 156 32 blindlings
2648 1445 72 32 fügt.
2776 1444 92 28 Dann:

1993 1497 62 25 erst
2076 1494 80 28 kann
2178 1500 32 20 es
2234 1492 143 32 gelingen.

2046 1551 61 28 Der
2126 1548 318 32 Künstler-Regisseur
2466 1545 113 28 kommt
2602 1542 62 29 also
2684 1543 40 26 im
2744 1541 99 31 Gegen-

1992 1593 66 27 satz
2087 1600 36 19 zu
2151 1592 113 26 seinem
2294 1588 176 30 Vorgänger
2500 1586 53 27 mit
2581 1585 95 27 einem
2706 1589 77 24 ganz
2811 1581 36 26 be-

1992 1634 152 27 stimmten
2163 1630 80 29 Ideal
2262 1628 50 30 auf
2332 1629 46 28 die
2396 1627 113 32 Bühne,
2530 1625 53 29 das
2605 1632 31 21 er
2655 1625 30 26 in
2704 1621 139 29 unermüd-

1991 1673 90 29 licher
2103 1672 103 29 Arbeit
2570 1663 137 30 bestrebt
2727 1663 47 27 ist.
2817 1660 45 28 Da

1991 1717 40 27 ist
2051 1713 96 30 nichts
2168 1720 34 21 so
2221 1710 171 33 unwichtig,
2413 1708 54 30 daß
2490 1716 30 20 er
2542 1715 34 20 es
2596 1705 81 28 nicht
2698 1703 96 29 selbst
2810 1703 38 27 be-

1993 1755 116 33 achten,
2135 1753 153 28 anordnen
2313 1751 60 29 und
2396 1748 238 30 hervorbringen
2658 1744 108 29 müßte.
2814 1743 32 28 Je-

1994 1797 52 28 der
2068 1795 65 28 Teil
2156 1795 82 28 eines
2260 1790 217 32 Kunstwerkes
2503 1787 148 29 erfordert
2675 1786 50 27 die
2749 1783 113 33 gleiche

1992 1837 127 31 Energie
2140 1837 58 27 und
2218 1832 140 33 Sorgfalt.
2396 1831 45 28 Da
2464 1830 52 28 der
2538 1829 162 31 Regisseur
2723 1826 72 27 aber
2817 1832 45 21 ein

1991 1879 95 27 festes
2104 1876 68 29 Bild
2189 1875 52 28 des
2260 1883 35 20 zu
2314 1871 221 30 Erreichenden
2553 1871 28 26 in
2602 1868 61 28 sich
2683 1867 59 33 hat,
2761 1866 53 27 hat
2832 1873 30 19 er

1994 1919 77 28 auch
2092 1919 86 26 eiinen
2198 1916 98 28 festen
2318 1913 139 28 Maßstab
2485 1920 52 19 zur
2560 1909 102 31 Kritik,
2688 1910 52 26 der
2761 1907 103 27 seinen

1991 1959 209 29 Mitarbeitern
2217 1957 172 29 verborgen
2408 1955 46 26 ist.
2492 1951 99 29 Schon
2613 1950 81 28 diese
2713 1945 151 30 Tatsache

1992 2000 101 29 macht
2111 2007 33 20 es
2162 2005 76 25 ganz
2255 1994 178 33 unmöglich,
2452 1993 55 28 daß
2526 2001 32 19 er
2575 1989 211 32 Einmischung
2802 1994 62 20 von

1991 2041 106 32 irgend
2116 2038 167 29 Jemanden
2305 2035 165 30 annehmen
2492 2033 88 28 kann.

2047 2096 64 28 Daß
2137 2097 45 27 ein
2206 2092 324 34 Künstler-Regisseur,
2559 2090 51 27 der
2633 2089 29 26 in
2687 2086 100 28 dieser
2810 2085 54 27 Art

1994 2140 134 27 arbeiten
2151 2136 68 32 will,
2241 2136 46 28 ein
2310 2129 191 37 eigentlicher

1995 2181 63 27 sein
2081 2178 77 34 muß,
2184 2176 56 29 daß
2265 2185 31 20 er
2319 2176 30 26 in
2373 2173 75 28 allen
2471 2171 144 31 Künsten,
2641 2169 46 27 die
2711 2168 47 27 bei
2783 2168 81 26 einer

1993 2217 319 32 Theatervorstellung
2359 2216 29 26 in
2432 2212 146 29 Betracht
2623 2210 147 31 kommen,
2818 2208 47 26 ein

1992 2261 127 28 Meister
2144 2260 63 27 sein
2231 2256 77 32 muß,
2330 2258 40 26 ist
2391 2254 81 34 klar;
2497 2253 122 31 ebenso,
2646 2249 54 29 daß
2723 2248 59 28 ihm
2807 2247 58 28 alle

1992 2303 85 28 diese
2094 2298 233 32 Meisterschaft,
2344 2296 72 28 alles
2433 2295 120 27 Wissen
2571 2291 59 29 und
2646 2291 123 30 Können
2787 2287 75 29 noch

1994 2343 97 28 nichts
2119 2341 93 32 nützt,
2240 2347 90 20 wenn
2358 2336 62 29 ihm
2447 2335 46 28 die
2524 2331 177 33 eigentliche
2728 2327 119 34 schöpfe-

1995 2383 98 30 rische
2130 2381 83 31 Kraft
2252 2380 60 28 und
2350 2377 167 32 Begabung
2554 2373 81 29 fehlt.
2693 2369 84 29 Auch
2818 2370 46 26 ein

1994 2423 318 33 Künstler-Regisseur
2335 2418 67 31 muß
2424 2417 134 32 geboren
2579 2413 134 28 werden.

2048 2479 68 28 Wie
2144 2479 73 28 weit
2244 2485 62 20 von
2335 2475 111 28 diesem
2474 2471 117 29 idealen
2620 2470 160 31 Regisseur
2809 2467 57 26 wir

1996 2522 89 27 heute
2102 2520 77 29 noch
2199 2517 129 30 entfernt
2346 2515 74 33 sind,
2439 2515 79 30 zeigt
2537 2521 48 19 am
2601 2512 107 27 besten
2728 2508 47 28 die
2793 2506 56 27 Tat-

1996 2562 100 32 sache,
2119 2561 55 29 daß
2196 2557 230 33 Regisseursein
2447 2554 60 29 und
2527 2550 198 34 Regieführen
2748 2557 37 19 an
2806 2548 60 27 den

1996 2604 126 28 meisten
2139 2600 125 29 Bühnen
2283 2606 62 21 von
2365 2597 57 28 dem
2439 2595 115 28 älteren
2574 2590 228 32 Schauspielern
2822 2587 42 28 als

1996 2645 64 28 eine
2078 2644 55 27 Art
2149 2641 115 29 Neben-
2282 2639 60 29 und
2359 2637 164 29 Ehrenamt
2541 2635 52 27 mit
2611 2631 146 32 ausgeübt
2774 2629 90 29 wird;

1994 2686 59 28 wie
2071 2684 76 28 denn
2166 2682 46 28 die
2229 2678 209 34 Schauspieler
2455 2678 40 27 im
2513 2674 201 33 Allgemeinen
2731 2670 135 32 glauben,

1998 2726 55 28 daß
2083 2733 55 20 nur
2163 2724 49 27 ein
2239 2719 210 33 Schauspieler
2476 2726 61 19 von
2566 2716 50 27 der

1996 2766 61 28 und
2078 2764 215 29 Bühnenkunst
2319 2763 96 27 etwas
2440 2757 144 30 versteht.
2631 2754 83 28 Auch
2738 2752 52 28 der
2814 2752 36 27 be-

1997 2807 138 32 gabteste
2165 2804 162 33 Regisseur
2358 2801 59 31 hat,
2448 2799 67 28 falls
2546 2806 31 19 er
2608 2796 80 27 nicht
2720 2801 54 20 aus
2805 2793 47 27 dei

1997 2843 352 35 Schauspielerlaufbahn
2392 2842 272 29 hervorgegangen
2709 2836 38 26 ist
2793 2831 73 32 (und

1998 2888 76 29 auch
2099 2888 77 28 dann
2198 2884 101 33 noch),
2321 2883 178 32 fortgesetzt
2523 2881 50 26 mit
2598 2875 184 30 Einwänden
2807 2872 59 29 und

1998 2929 239 32 Begründungen
2264 2935 36 19 zu
2330 2923 148 32 kämpfen,
2504 2921 71 27 wie:
2605 2917 65 33 „Ich
2698 2916 47 27 bin
2773 2914 92 28 schon

1998 2971 137 30 zwanzig
2155 2968 90 29 Jahre
2267 2974 49 19 am
2506 2967 74 23 usw.
2622 2959 106 27 Dieser
2750 2956 98 27 Unver-

1998 3011 98 33 stand,
2126 3010 51 27 der
2207 3017 36 20 an
2271 3007 58 29 den
2358 3005 137 31 heutigen
2526 3001 124 28 Bühnen
2679 2997 75 30 noch
2783 2997 67 26 hell-

1998 3051 111 30 sehend
2128 3052 46 29 ist,
2192 3047 174 30 verhindert
2384 3042 193 31 vorderhand
2596 3041 54 28 das
2669 3038 197 28 Aufkommen

1998 3094 81 27 einer
2102 3089 173 30 wirklichen
2298 3086 183 33 Regiekunst
2506 3082 156 28 durchaus.
2702 3078 105 29 Selten
2829 3079 38 26 ist

1998 3133 119 31 jemand
2140 3131 169 30 einseitiger
2333 3126 61 30 und
2417 3125 176 29 verrannter
2615 3124 30 25 in
2669 3118 197 31 traditionelle

1996 3173 191 31 Meinungen,
2209 3171 43 28 als
2274 3168 111 33 gerade
2408 3167 46 28 ein
2476 3166 76 28 alter
2572 3160 219 34 Schauspieler,
2814 3159 52 26 der

1999 3214 63 29 sich
2076 3213 93 29 schon
2185 3220 53 19 aus
2254 3211 100 28 diesen
2371 3206 142 30 Gründen
2529 3205 69 29 sehr
2615 3203 94 29 selten
2725 3208 70 20 zum
2808 3199 43 31 Re
2859 3218 6 3 -

1999 3257 116 30 gisseur
2135 3254 108 32 eignet.
2280 3250 107 28 Leider
2410 3247 149 30 erscheint
2581 3247 45 27 die
2647 3241 149 33 Aussicht,
2819 3239 48 28 auf

1999 3296 112 28 diesem
2134 3294 126 29 Gebiete
2280 3292 89 27 heute
2391 3289 92 28 schon
2507 3284 152 35 gründlich
2680 3281 128 30 Wandel
2831 3288 35 20 zu

1999 3335 144 32 schaffen,
2171 3333 77 29 noch
2277 3331 69 29 sehr
2375 3329 150 29 schwach.
2579 3324 146 30 Wirklich
2751 3321 100 29 Vollen-

2000 3377 85 28 detes
2103 3375 79 28 wird
2198 3375 29 27 in
2247 3373 53 28 der
2317 3371 216 28 Bühnenkunst
2550 3370 65 26 erst
2631 3366 138 33 geleistet
2787 3371 60 19 wer-

2001 3418 64 33 den,
2112 3423 89 21 wenn
2248 3415 66 27 eine
2358 3420 76 21 neue
2483 3405 383 35 Schauspielergeneration

1999 3456 220 31 heranwächst,
2238 3455 46 28 die
2301 3456 29 27 in
2350 3455 96 27 einem
2466 3451 130 28 anderen
2615 3448 102 28 Geiste
2736 3453 130 23 erzogen

1998 3499 48 33 ist,
2067 3497 45 31 als
2130 3497 49 28 die
2199 3495 127 31 heutige.
2368 3493 92 28 Diese
2479 3493 88 30 junge
2587 3488 182 30 Generation
2789 3485 78 28 wird

1999 3538 80 30 nicht
2105 3537 84 28 mehr
2217 3536 212 30 Forderungen
2457 3531 112 32 stellen,
2598 3530 46 28 die
2669 3528 199 30 kunstwidrig

1999 3579 74 31 sind,
2109 3578 77 28 denn
2221 3578 41 28 sie
2297 3577 77 28 wird
2397 3576 102 28 lernen
2534 3574 130 29 müssen,
2700 3570 46 27 die
2773 3568 94 31 Kunst

1998 3620 74 28 über
2090 3619 64 28 ihre
2173 3618 117 28 Person
2311 3625 38 21 zu
2367 3616 112 29 stellen.
2516 3614 85 27 Dann
2620 3610 79 29 wird
2718 3610 76 28 auch
2812 3610 54 27 der

2378 3657 58 28 das
2460 3656 106 27 leisten
2588 3653 128 31 können,
2740 3657 68 21 was
2836 3657 30 19 er

2000 3700 43 30 als
2067 3700 138 32 Künstler
2229 3699 105 29 leisten
2358 3697 69 29 muß
2448 3695 61 29 und
2531 3702 65 21 was
2620 3694 58 27 wir
2701 3692 55 28 alle
2780 3690 69 29 sehn-

2000 3741 116 32 süchtig
2132 3742 163 28 erwarten.
