3002 3972
130 141 56 28 daß
202 141 59 33 Sie,
278 143 96 27 meine
390 142 114 28 Damen
522 143 59 27 und
597 142 125 32 Herreh,
739 150 60 20 von
817 143 55 27 mir
888 150 36 21 so
939 144 53 30 gut

130 183 59 27 wie
211 190 53 24 gar
285 182 98 28 nichts
407 186 160 25 erwarten.
611 183 79 27 Aber
715 184 50 27 mit
791 183 55 27 den
870 183 123 28 starken

129 221 142 29 Wurzeln
284 221 11 15 4
297 219 10 35 )
333 231 125 20 unserer
481 223 151 31 Klassiker
658 223 138 29 kommen
821 224 57 27 wir
905 231 70 21 unse-

129 271 62 19 rem
214 263 93 28 Volke
329 273 48 19 am
402 264 153 28 nächsten.
595 264 49 27 Ich
665 264 104 27 werde
792 264 92 29 schon
910 265 82 27 dafür

129 311 117 25 sorgen,
269 304 55 28 daß
347 313 33 19 es
402 305 84 27 dabei
508 304 78 29 nicht
611 304 161 28 einschläft.
812 304 63 28 Das
898 313 94 23 ganze

128 344 180 30 Kunststück
327 346 118 28 besteht
464 346 89 33 darin,
572 353 35 20 an
627 344 55 28 den
701 344 78 28 alten
797 353 108 21 sauren
922 345 70 29 Brei

129 386 51 26 mit
215 393 95 20 neuen
350 386 233 31 Empfindungen
623 385 237 32 heranzugehen.
905 386 86 27 Dann

125 426 124 28 werden
274 426 48 28 Sie
471 426 55 27 daß
553 426 45 26 die
622 425 166 33 Melchtals,
812 426 181 33 Mortimers,

129 466 45 28 die
191 466 129 28 Theklas
339 467 58 27 und
416 468 44 26 die
477 466 134 31 Luisens,
631 467 44 28 die
693 466 95 28 Franz
807 467 106 28 Moore
932 468 58 27 und

125 506 72 31 Karl
216 506 116 33 Moore,
356 515 48 19 um
428 508 85 27 einen
532 506 149 29 aktuellen
703 507 156 28 Ausdruck
882 517 35 19 zu
940 517 34 22 ge-

125 547 160 32 brauchen,
311 548 42 27 als
381 548 125 27 lebende
530 548 179 28 Leichname
736 551 85 25 unter
846 557 55 20 uns
926 549 51 27 her-

127 588 156 28 umlaufen.
319 588 96 28 Franz
434 587 86 28 Moor
540 589 38 27 ist
598 588 179 31 Spartakist
814 588 69 31 Karl
902 588 87 29 Moor

122 629 77 27 wird
221 629 45 27 die
287 628 106 28 Maske
416 630 79 26 eines
515 628 223 31 Syndikalisten
762 630 134 27 macihen.
926 630 66 27 Und

126 670 51 26 der
197 670 57 28 alte
274 664 215 35 Quasselfritze
508 670 195 28 Wallenstein
721 671 84 28 redet
823 670 86 29 allein
929 671 45 27 bei-

125 710 76 27 nahe
223 710 95 28 soviel
337 710 101 31 Blech,
460 711 57 28 wie
541 710 45 29 die
607 719 94 24 ganze
725 711 142 28 deutsche
890 710 83 29 Natio-

125 750 281 31 nalversammlung.
454 750 66 29 Und
552 759 107 20 unsere
688 751 134 32 Aufgabe
851 752 76 27 wird
957 760 31 20 es

125 798 54 20 nur
202 792 72 31 sein,
299 792 42 27 sie
365 792 28 27 in
418 792 225 28 neuzeitlichem
665 791 57 29 Stil
746 801 36 20 zu
807 793 99 27 fühlen
930 793 59 28 und

123 832 112 27 ebenso
257 832 207 28 darzustellen.
504 832 54 29 Die
578 833 183 31 fünffüßigen
783 833 125 28 Jamben
930 833 44 28 sol-

123 873 46 26 len
187 880 53 21 nur
259 873 78 28 nicht
355 873 83 28 mehr
459 882 34 20 so
511 874 126 32 gebrüllt
656 874 132 32 werden,
807 875 58 28 wie
882 875 28 27 in
927 874 45 27 frü-

122 913 92 28 heren
241 913 119 28 Jahren.
405 914 79 31 Kurz
520 915 59 28 und
614 917 59 29 gut,
710 916 54 27 mir
790 915 137 29 schwebt
953 923 34 20 so

123 955 96 28 etwas
264 956 57 26 wie
367 955 178 30 Reinhardts
589 955 398 33 Klassiker-Vorstellungen

123 1002 65 19 vor.
231 993 61 29 Vor
317 995 88 29 allem
431 996 94 27 denke
550 996 47 27 ich
622 1004 36 21 an
685 997 45 28 die
755 996 233 32 Verkörperung

122 1035 149 32 Schillers,
296 1038 58 27 und
379 1045 83 20 zwar
489 1046 37 19 an
551 1038 64 27 eine
642 1037 245 32 chronologische
913 1038 55 27 Ver-

122 1076 177 34 körperung,
320 1085 73 20 vom
413 1078 130 28 Scheitel
564 1078 44 28 bis
629 1087 51 19 zur
703 1077 98 29 Sohle.
840 1078 56 28 Die
917 1080 52 26 wis-

122 1117 228 29 senschaftliche
377 1118 174 32 Forschung
578 1119 51 28 hat
658 1119 238 32 nachgewiesen,
931 1119 54 28 daß

121 1158 54 28 Die
198 1159 119 30 Räuber
340 1159 139 28 Schillers
504 1161 105 31 erstes,
631 1159 54 29 Die
708 1160 93 28 Braut
823 1168 59 20 von
905 1159 61 28 Mes-

122 1200 63 26 sina
210 1200 63 26 sein
297 1200 106 28 letztes
429 1199 93 29 Stück
545 1208 114 20 waren.
701 1200 62 29 Das
789 1202 43 28 sei
857 1209 55 21 uns
940 1202 45 28 ein

119 1239 236 29 willkommener
372 1240 183 33 Fingerzeig.
573 1240 48 28 Ich
640 1242 71 29 seihe
729 1250 36 19 an
785 1242 84 28 Ihren
889 1242 81 28 strah-

119 1280 105 28 lenden
245 1281 185 32 Gesichtern,
450 1283 57 26 wie
527 1281 49 29 Sie
597 1283 63 28 sich
681 1282 55 29 alle
757 1283 48 27 auf
825 1284 45 28 die
889 1291 96 20 neuen

118 1320 154 32 Aufgaben
299 1322 110 28 freuen.
456 1322 48 28 Ich
529 1324 104 27 mache
659 1331 32 21 es
717 1326 54 25 mir
796 1333 51 19 zur
872 1324 114 32 Pflicht,

114 1362 128 28 Schiller
263 1364 76 26 beim
362 1364 162 28 deutschen
545 1364 74 28 Volk
641 1364 244 29 durchzusetzen.
926 1364 38 29 Be-

118 1403 126 28 sonders
263 1411 123 21 unserer
407 1404 124 34 Jugend,
548 1405 49 28 die
615 1413 62 19 von
692 1405 128 28 Schiller
837 1406 128 27 bekannt-

117 1444 56 28 lich
192 1444 79 28 nicht
290 1445 83 27 mehr
394 1445 58 28 viel
471 1446 112 27 wissen
600 1446 70 33 will,
691 1447 103 27 werde
814 1447 46 28 ich
882 1447 101 28 diesen

117 1484 204 29 rhetorischen
342 1485 279 30 Phrasendrescher
645 1487 163 32 einbläuen,
830 1489 45 27 bis
896 1487 87 29 ihnen

118 1526 45 29 die
181 1527 123 28 Jamben
325 1534 51 23 aus
397 1527 74 28 allen
489 1527 98 28 Poren
609 1529 130 30 dringen.
776 1529 64 28 Wir
856 1529 127 28 werden

118 1566 45 28 die
189 1566 117 32 Jugend
332 1569 221 31 zwangsweise
578 1570 215 31 organisieren,
820 1571 55 26 wir
904 1578 59 19 wer-

118 1607 56 28 den
199 1608 405 31 Räuber-Gewerkschaften
630 1609 106 33 bilden,
760 1610 205 32 Fiesko-Grup-

115 1655 64 24 pen,
233 1648 200 32 Luisen-Räte
490 1651 58 27 und
608 1651 377 31 Wallenstein-Konzerne.

115 1690 98 28 Ueber
241 1690 55 28 alle
323 1689 135 30 Preußen
485 1692 77 27 wird
588 1693 64 27 eine
681 1694 121 30 strenge
828 1692 153 31 Kontrolle

117 1731 145 31 ausgeübt
282 1731 132 28 werden.
453 1732 61 30 Nur
535 1720 62 40 Ar
621 1734 120 28 dreimal
761 1735 40 26 im
822 1734 90 28 Jahre
934 1734 50 28 bei

117 1780 54 20 uns
197 1773 85 27 einen
305 1771 253 33 Schiller-Zyklus
585 1782 147 24 genossen
760 1776 58 30 hat,
845 1774 65 28 darf
936 1776 46 27 ein

114 1813 119 29 wahrer
255 1813 135 29 Genosse
410 1814 113 28 heißen.
558 1814 87 30 Denn
666 1824 89 20 unser
776 1815 129 30 Theater
927 1816 55 29 soll

114 1855 39 26 im
178 1854 83 29 edlen
287 1854 89 31 Sinne
402 1856 43 28 ein
472 1855 211 31 Volkstheater
708 1858 73 28 sein.
823 1857 73 29 Edel
920 1858 63 28 und

113 1894 123 30 Schiller
257 1897 38 28 ist
315 1896 46 29 für
383 1905 88 21 unser
493 1898 74 28 Volk
590 1897 93 28 Jacke
707 1900 57 26 wie
788 1899 91 28 Hose.
918 1899 61 28 Das

114 1936 51 28 hat
191 1944 88 22 unser
304 1937 75 29 Volk
407 1939 56 27 seit
489 1938 127 30 hundert
642 1940 110 28 Jahren
779 1940 116 32 gelernt
920 1940 61 29 und

113 1978 134 31 dagegen
266 1978 103 28 werde
388 1979 46 28 ich
453 1979 86 30 keine
557 1979 182 33 Revolution
760 1981 115 28 dulden.
915 1981 65 28 Wir

111 2019 125 29 werden
257 2027 32 20 es
311 2028 36 20 zu
368 2020 180 29 verhindern
570 2023 121 31 wissen,
715 2021 55 28 daß
793 2023 46 28 die
861 2022 117 32 Jugend

113 2060 70 28 über
203 2060 126 30 Schiller
350 2061 179 29 nachdenkt.
569 2063 68 28 Und
659 2071 33 20 so
713 2063 81 28 hoffe
818 2065 47 28 ich
888 2072 90 21 unser

115 2100 72 28 Volk
219 2103 51 26 mit
299 2101 81 30 Ihrer
407 2102 78 29 Hilfe
515 2112 56 19 vor
604 2105 79 26 einer
710 2104 183 31 ißevolution
926 2106 52 27 des

113 2141 119 29 Geistes
256 2150 35 20 zu
313 2143 174 28 bewahren.
529 2143 42 30 So
590 2145 80 28 wird
695 2153 32 21 es
753 2147 55 26 mir
833 2146 145 33 gelingen,

113 2190 37 20 zu
177 2183 189 33 verhindern,
392 2185 59 28 daß
481 2186 67 27 dem
575 2186 111 27 senilen
714 2187 67 28 und*
800 2187 178 29 verkalkten

112 2223 128 30 Theater
263 2232 92 23 neues
375 2225 70 30 Blut
468 2229 123 30 erzeugt
612 2227 86 28 wird.
739 2227 40 29 So
803 2228 105 28 werde
931 2228 48 28 ich

113 2265 82 30 jeder
220 2274 97 20 neuen
341 2266 180 30 Dichtkunst
547 2269 60 27 und
632 2268 83 30 jeder
743 2277 95 20 neuen
865 2268 95 30 Schau-

112 2305 165 31 spielkunst
296 2315 49 20 am
368 2307 165 29 sichersten
558 2310 55 27 den
638 2309 117 29 Garaus
778 2310 135 28 machen.
937 2310 41 29 Le

113 2348 43 26 roi
176 2349 47 27 est
242 2350 78 26 mort
337 2359 37 3 —
393 2357 33 21 es
445 2349 66 28 lebe
533 2349 52 29 der
606 2350 241 30 demokratische
866 2351 112 32 Kitsch.

182 2402 56 31 Mit
256 2405 71 27 dem
342 2405 214 32 Stenogramm
576 2407 181 31 verglichen.

671 2464 107 30 Rudolf
802 2464 141 29 Blümner

108 2668 87 37 Der
221 2669 242 37 Kunstsalat

160 2737 319 31 Leichner-Schminke
496 2742 39 26 ist
554 2742 52 30 das
623 2742 153 34 Rüstzeug
794 2744 52 28 des
863 2742 95 30 Schau-

107 2780 134 32 spielers.
293 2780 62 29 Das
390 2780 177 34 Programm
601 2785 104 26 verrät
740 2783 236 29 künstlerischen

109 2820 201 30 Geschmack:
332 2822 41 28 Im
394 2824 99 27 ersten
510 2824 64 28 Teil
592 2824 209 32 Hasenpfeffer
820 2826 61 28 und
892 2826 64 29 Wer-

105 2861 162 33 felbecher,
287 2871 68 19 zum
376 2862 123 29 Schluß:
523 2865 57 30 „oh
601 2864 46 29 Du
670 2866 76 26 mein
770 2865 102 29 holder
894 2864 62 30 Mor-

310 2904 143 28 Lubitsch
468 2904 116 32 schlägt
599 2904 99 30 Mack.
732 2907 57 27 Auf
806 2907 67 28 dem
887 2906 89 29 Tisch

105 2944 55 28 des
185 2944 379 31 Konversationszimmers
588 2946 70 31 liegt
684 2948 76 27 noch
786 2949 104 27 immer
914 2947 61 28 Der

110 2992 75 20 neue
196 2985 86 32 Weg,
296 2986 51 28 der
366 2994 36 20 so
422 2987 39 28 alt
478 2988 48 26 ist.
554 2988 85 27 Ganz
650 2988 105 32 richtig
767 2989 86 33 spielt
872 2997 30 21 er
925 2991 55 27 den

110 3025 117 29 Othello
255 3034 96 23 gegen
378 3026 108 29 Schluß
513 3035 77 24 ganz
616 3029 59 27 voll
702 3028 175 29 Eifersucht.
921 3029 56 28 Die

110 3067 300 33 impressionistische
439 3068 266 31 Schauspielkunst
733 3071 67 26 muß
830 3070 148 28 kommen.

112 3108 48 29 Sie
205 3108 133 29 erhalten
379 3109 44 32 als
456 3109 253 32 Hilfs-Regisseur
755 3113 31 26 15
797 3113 53 26 000
884 3111 96 28 Mark.

112 3149 146 32 Kayßlers
277 3150 93 28 herbe
388 3150 223 29 (Männlichkeit.
651 3151 118 28 Soeben
792 3152 187 28 erschienen::

111 3191 124 28 Schiller
252 3191 42 28 als
308 3191 232 33 Expressionist.
575 3191 63 29 Alle
656 3191 208 34 Schauspieler
881 3193 98 29 haben

110 3231 115 28 Talent.
250 3231 69 33 Mia,
335 3231 93 35 Hella,
442 3233 116 32 Hedda,
574 3233 84 31 Fern,
675 3233 102 32 Polda,
794 3235 89 31 Rosa,
900 3235 80 31 Rosi,

111 3272 79 32 Resi,
206 3272 99 33 Resel,
324 3273 78 35 Resl,
423 3274 113 31 Ressel.
575 3274 107 28 Verein
702 3283 52 19 zur
771 3275 209 33 Bekämpfung

114 3313 52 28 der
183 3313 262 29 Schundliteratur.
483 3315 70 31 Sieg
575 3315 52 27 des
645 3315 277 32 Expressionismus
943 3318 39 27 im

112 3353 235 31 Rose-Theater.
373 3355 54 28 Die
444 3355 191 28 Möbelmiete
652 3356 79 27 wird
748 3356 104 28 immer
870 3358 110 26 teurer.

110 3395 141 28 Tausend
274 3395 87 28 Mark
385 3396 172 34 Belohnung
581 3396 46 28 für
653 3398 83 27 einen
761 3396 218 33 Schauspieler,

111 3436 54 28 der
186 3436 87 32 weiß,
294 3444 66 20 was
379 3436 276 32 Expressionismus
675 3438 47 27 ist.
760 3435 221 33 (Zehntausend

110 3476 90 28 Mark
234 3477 47 29 für
309 3477 56 28 den
393 3475 161 35 Direktor.)
608 3478 30 28 In
667 3479 104 27 dritter
799 3477 180 32 Besetzung.

110 3518 76 28 Lebt
208 3518 156 31 eigentlich
385 3518 151 29 Hermann
556 3519 82 29 Bahr
660 3518 99 28 noch?
790 3518 52 28 Ein
866 3518 95 28 Schau-

112 3560 106 31 spieler
242 3560 47 27 für
316 3559 45 29 die
387 3559 191 33 Darstellung
604 3569 60 19 von
689 3560 209 28 Feldmessern
928 3567 34 24 ge-

112 3600 94 28 sucht.
249 3600 142 32 Rechnen
416 3599 49 29 Sie
491 3600 129 31 Richard
644 3600 110 28 Strauß
781 3609 35 19 zu
844 3600 56 28 den
928 3609 34 19 ex-

115 3640 278 31 pressionistischen
430 3640 236 33 Komponisten?
724 3642 50 28 Sie
822 3642 159 31 Rindvieh!

169 3769 8 12 4
180 3767 8 28 )
210 3769 119 25 Gemeint
354 3772 32 22 ist
410 3769 116 25 ofienbar
552 3768 146 28 Nießwurz,
723 3770 49 25 wie
800 3772 46 23 das
870 3770 119 26 folgende

139 3803 88 25 ergibt.

1068 143 63 28 Viel
1150 144 167 28 schlechter
1337 144 43 29 als
1398 145 113 27 Hülsen
1531 145 77 28 wird
1625 145 110 28 Jeßner
1754 145 89 28 kaum
1864 148 71 27 sein.

1069 183 119 28 Soeben
1225 185 188 28 erschienen:
1466 186 228 32 „Dreh-bühne
1751 188 71 28 oder
1874 187 47 28 Tri-

1233 221 106 35 (Guter
1366 223 101 33 Witz.)
1515 225 86 29 Erste
1639 226 277 28 Generalversamm-

1069 265 67 32 lung
1157 265 52 28 der
1227 265 338 33 Reinhardt-Epigonen.
1601 267 119 28 Vorsitz
1739 267 104 29 Viktor
1862 267 56 28 Bar-

1069 306 121 31 nowky.
1228 305 55 29 Die
1302 305 169 30 Künstlerin
1492 308 28 26 in
1542 307 93 28 ihrem
1653 307 96 29 Heim.
1789 308 146 32 Kayßlers

1067 346 94 28 herbe
1181 346 222 30 Männlichkeit.
1433 345 112 33 ((Schon
1567 347 141 33 wieder!)
1754 349 30 28 In
1807 350 51 28 der
1881 349 37 29 Be-

1069 388 155 30 arbeitung
1250 395 60 20 von
1335 387 139 28 Wilhelm
1498 397 60 19 von
1582 388 120 29 'Scholz.
1748 389 53 28 Die
1828 390 107 27 blonde

1068 427 89 30 Lucie
1180 427 123 32 Höflich,
1328 428 45 27 die
1394 428 107 28 blonde
1524 428 123 32 Thimig.
1690 429 95 29 Wenn
1808 432 42 26 sie
1873 430 62 28 sich

1069 468 103 28 färben
1190 468 108 32 lassen,
1317 470 38 26 ist
1375 469 44 27 die
1439 477 93 23 ganze
1551 469 220 29 Theaterkritik
1791 470 144 30 blamiert.

1069 507 76 29 Herr
1168 508 160 29 Professor
1350 510 105 31 Kaiser
1480 518 58 20 von
1564 510 65 29 Titz
1655 512 59 27 und
1735 512 79 28 Herr
1838 512 98 28 Baron

1069 548 87 33 Burg,
1171 550 28 28 in
1223 549 83 28 ihren
1333 550 174 28 sämtlichen
1532 550 112 31 Rollen.
1690 552 61 28 Der
1776 551 160 32 Regisseur

1067 589 52 27 hat
1142 590 44 28 für
1210 591 45 27 ein
1276 590 101 28 flottes
1399 590 254 33 Zusammenspiel
1677 594 131 29 gesorgt.
1850 591 85 28 Mehr

1067 630 78 28 kann
1178 639 68 19 man
1279 631 80 27 nicht
1392 632 172 31 verlangen.
1616 633 48 27 Ich
1690 634 92 27 wette
1808 632 127 29 tausend

1067 678 96 25 gegen
1188 673 70 30 eins,
1286 672 55 27 daß
1367 672 45 30 die
1437 672 299 32 impressionistische
1761 673 93 30 Kritik
1880 681 55 19 nur

1069 712 64 28 eine
1171 711 96 32 Frage
1310 714 50 26 der
1400 712 63 28 Zeit
1501 715 47 27 ist.
1603 714 148 33 Kayßlers
1791 715 91 28 herbe
1901 726 35 3 —

1069 748 112 35 (pscht!
1233 749 121 35 kusch!)
1406 754 54 27 Die
1516 755 107 27 blonde
1672 755 89 28 Lucie
1813 755 123 28 Höflich.

1068 792 44 33 Ja,
1149 792 45 28 ich
1230 793 87 27 weiß.
1354 792 62 30 Das
1456 794 70 28 sehe
1563 795 47 27 ich
1646 796 36 30 ja,
1719 803 66 20 zum
1825 795 111 28 Teufel.

1069 832 54 28 Die
1153 833 118 30 achtzig
1298 841 97 20 neuen
1427 833 130 29 Dramen
1589 843 61 19 von
1684 835 101 32 Georg
1813 835 116 30 Kaiser.

1067 872 75 31 Herr
1163 873 115 34 Müller,
1299 874 94 32 gleich
1417 875 50 30 gut
1489 875 27 28 in
1538 875 107 28 Maske
1668 877 59 26 und
1749 876 89 32 Spiel.
1878 875 38 27 Pe-

1064 915 109 30 tersen,
1202 915 46 27 ich
1275 914 96 29 kenne
1403 915 73 28 dich.
1523 915 115 29 Unsere
1665 915 113 30 Helene
1808 917 124 30 Thimig.

1066 954 70 28 Man
1153 955 78 28 kann
1249 957 147 30 gespannt
1412 957 71 34 sein,
1500 958 56 27 wie
1574 957 62 28 sich
1652 957 74 30 Kerr
1744 959 78 26 beim
1838 957 77 30 Tage-

1067 996 73 27 blatt
1163 996 177 29 entwickeln
1362 997 86 28 wird.
1490 997 146 32 Kayßlers
1657 998 92 29 herbe
1770 997 147 30 Männlich-

1065 1037 68 28 keit.
1160 1036 126 29 Himmel
1301 1037 248 30 Donnerwetter!
1575 1039 168 31 Wegeners
1762 1039 153 28 Sarmaten-

1065 1078 124 31 gesicht.
1233 1077 43 28 Na
1305 1079 206 32 Gottseidank,
1540 1080 129 28 endlich!
1716 1080 113 28 Darauf
1855 1079 78 28 habe

1063 1119 47 28 ich
1135 1119 93 28 schon
1253 1120 87 30 lange
1364 1122 156 30 gewartet.
1563 1121 124 28 Grattez
1712 1121 167 28 Sternheim
1905 1122 29 26 et

1067 1159 117 28 Gustav
1206 1162 35 28 de
1258 1160 106 29 Moser
1385 1163 179 30 apparaitra.
1594 1162 66 28 Wie
1683 1164 61 27 sich
1768 1163 50 28 der
1842 1163 94 28 kleine

1060 1200 132 29 Herbert
1222 1201 55 28 den
1307 1201 275 33 Expressionismus
1612 1203 99 27 denkt.
1758 1203 48 28 Ich
1837 1203 94 27 denke

1065 1243 54 27 mir
1135 1242 45 28 die
1197 1242 82 31 Rolle
1298 1242 89 33 dick..
1409 1243 206 32 Gottseidank,
1634 1243 54 28 daß
1705 1244 45 27 ich
1767 1244 78 28 beim
1861 1243 72 29 Film

1065 1283 57 31 bin,
1152 1283 52 28 das
1232 1283 87 28 Wort
1347 1284 50 27 hat
1426 1284 76 28 mich
1528 1285 106 27 immer
1662 1286 123 29 geniert.
1831 1284 101 32 Harry

1063 1323 124 28 Liedtke
1208 1333 47 20 am
1274 1323 219 33 Vortragspult.
1531 1324 94 31 Rufen
1646 1325 49 29 Sie
1716 1325 94 28 sofort
1829 1324 104 32 Rüden

1063 1364 60 28 und
1139 1364 131 30 Sciherer
1287 1374 45 19 an.
1370 1365 74 32 Alte,
1464 1366 187 31 ehrwürdige
1669 1366 117 28 Herren
1807 1366 108 28 schmie-

1064 1414 52 20 ren
1142 1406 61 28 sich
1229 1406 95 30 Farbe
1347 1408 46 29 ins
1420 1407 131 28 Gesicht.
1594 1407 52 28 Ein
1672 1407 260 28 Theaterarbeiter

1063 1447 162 28 übernahm
1254 1448 46 28 die
1325 1448 83 31 Rolle
1434 1450 28 26 in
1488 1448 106 28 letzter
1622 1448 122 28 Minute.
1790 1448 40 28 Ist
1857 1449 75 28 auch

1063 1495 164 25 gegangen.
1262 1489 106 30 Leider
1385 1490 111 27 konnte
1513 1490 45 27 ich
1578 1490 56 28 den
1651 1489 110 28 letzten
1778 1488 58 29 Akt
1853 1488 79 29 nicht

1062 1529 83 30 mehr
1168 1530 101 27 sehen.
1306 1529 149 32 Kayßlers
1473 1530 95 28 herbe
1591 1530 219 29 Männlichkeit.
1851 1530 61 28 Mor-

1063 1578 55 24 gen
1137 1571 74 29 wird
1232 1571 127 28 darüber
1378 1571 76 28 noch
1474 1573 44 26 ein
1536 1571 88 28 Wort
1643 1580 35 19 zu
1698 1578 91 24 sagen
1808 1573 72 27 sein.

1652 1628 107 29 Rudolf
1781 1627 139 35 Blümner

1061 1891 395 44 Expressionismus
1483 1905 67 25 am
1576 1894 183 37 Theater

1059 1954 153 25 Nachdruck
1239 1955 128 25 verboten

1061 1993 56 25 Von
1137 1993 141 27 Professor
1298 1995 77 24 Adolf
1396 1995 91 26 Winds
1509 1993 127 29 (Leipzig)

1061 2034 117 24 Berliner
1202 2035 138 26 Tageblatt

1120 2090 77 29 Herr
1219 2091 160 30 Professor
1400 2093 115 33 Winds,
1536 2094 45 27 ich
1603 2103 65 20 war
1689 2095 73 31 jetzt'
1783 2096 61 28 drei
1867 2096 47 28 Wo-

1066 2129 74 31 chen
1163 2139 48 20 am
1230 2131 85 29 Land
1336 2133 60 28 und
1417 2141 89 21 wenn
1528 2133 49 30 Sie
1602 2135 171 29 schreiben:
1797 2136 64 32 „Ob
1887 2137 52 28 der

1063 2170 110 34 Besen,
1193 2172 53 28 der
1266 2175 44 27 die
1328 2172 209 30 Fremdworte
1557 2183 54 20 aus
1630 2176 66 28 dem
1716 2175 222 33 Sprachschatz

1066 2210 96 34 kehrt,
1193 2213 75 28 auch
1297 2214 72 30 jetzt
1401 2215 77 27 noch
1518 2216 51 26 mit
1609 2216 155 28 derselben
1803 2217 135 33 griffigen

1065 2252 87 29 Hand
1180 2253 223 33 geschwungen
1430 2255 85 33 wird,
1543 2256 80 28 steht
1792 2265 33 20 so
1853 2257 83 28 stehe

1065 2294 47 27 ich
1136 2294 96 32 dahin,
1255 2295 97 28 stehst
1373 2296 40 28 du
1440 2296 96 35 daihin*
1561 2297 80 29 steht
1665 2306 31 21 er
1722 2298 96 33 dahin,
1841 2300 39 28 ob
1906 2307 32 21 es

1067 2336 118 26 erstens
1211 2336 79 28 nicht
1316 2336 139 33 richtiger
1480 2338 224 28 Fremdwörter
1729 2338 89 33 heißt,
1846 2340 72 26 zwei-

1066 2376 66 29 tens
1149 2376 40 28 ob
1208 2377 72 29 jetzt
1301 2379 65 26 eine
1386 2378 110 28 andere
1517 2379 116 32 griffige
1655 2379 86 29 Hand
1764 2382 56 27 den
1839 2381 100 28 Besen

1067 2416 148 33 schwingt
1242 2418 75 28 oder
1348 2418 140 33 dieselbe,
1520 2420 125 28 drittens
1679 2421 36 27 ob

1068 2458 47 27 ein
1141 2457 196 30 Druckfehler
1364 2460 40 27 ist
1431 2460 73 28 oder
1533 2461 45 27 ein
1615 2460 101 33 lapsus
1745 2462 104 27 calami
1880 2459 62 34 (auf

1068 2497 138 29 deutsch:
1228 2496 188 35 Rohrbruch)
1436 2500 47 29 für
1505 2500 71 32 „der
1765 2502 66 27 Und
1851 2510 89 20 wenn

1067 2538 50 28 Sie
1139 2538 180 30 fortfahren:
1346 2540 309 33 „Expressionismus!
1684 2542 106 29 Dieses
1814 2542 108 32 Schlag-

1066 2580 81 26 wort
1166 2580 122 32 beginnt
1308 2581 63 28 sich
1392 2581 49 28 auf
1460 2582 45 29 die
1525 2580 120 30 Bretter
1667 2591 34 19 zu
1907 2591 34 20 so

1066 2619 124 32 beginnt
1213 2622 45 27 ein
1280 2620 160 30 Professor
1464 2622 61 27 sich
1548 2623 29 27 in
1602 2624 64 26 eine
1693 2623 94 31 Kunst
1811 2632 36 19 zu
1872 2632 52 19 ver-

1067 2661 88 31 irren,
1180 2662 45 27 die
1247 2661 48 28 ihn
1317 2661 76 28 noch
1413 2662 177 31 erschlagen
1613 2663 85 28 wird.
1740 2663 83 28 Denn
1848 2663 92 29 schon

1067 2701 40 27 im
1122 2700 144 30 nächsten
1284 2702 72 28 Satz
1373 2701 76 29 wird
1467 2710 31 21 er
1517 2710 33 20 so
1569 2703 151 33 schwach,
1741 2703 53 28 daß
1814 2712 30 21 er
1861 2704 81 29 nicht

1068 2742 108 28 einmal
1202 2741 85 29 mehr
1313 2742 51 28 der
1391 2741 119 34 Syntax
1536 2740 64 34 (auf
1627 2743 137 28 deutsch:
1792 2743 129 31 Kraftwa-

1068 2778 70 35 gen)
1161 2782 189 28 standhalten
1371 2783 94 28 kann:
1489 2783 104 33 „Ohne
1617 2792 36 19 zu
1677 2783 209 33 untersuchen,
1909 2785 29 26 in

1068 2822 131 29 welcher
1220 2823 172 33 Beziehung
1415 2824 45 28 die
1482 2825 131 28 anderen
1634 2824 113 31 Künste
1769 2834 35 19 zu
1828 2827 112 28 diesem

1070 2862 114 33 Begriff
1213 2863 114 33 stehen,
1357 2865 103 27 nimmt
1500 2865 46 27 die
1574 2865 268 33 Schauspielkunst
1881 2866 59 28 ihm

1069 2905 170 31 gegenüber
1260 2905 82 28 ihren
1364 2906 189 27 besonderen
1573 2905 191 33 Standpunkt
1880 2906 57 28 Für

1070 2945 80 28 diese
1167 2945 215 31 Konstruktion
1404 2945 63 32 (auf
1487 2947 136 28 deutsch:
1646 2947 207 32 Steinhaufen)
1876 2949 48 27 hät-

1068 2987 50 26 ten
1145 2984 48 29 Sie
1220 2987 92 28 schon
1340 2987 28 27 in
1395 2987 51 28 der
1474 2985 113 33 Quarta
1614 2985 62 33 (auf
1702 2987 137 29 deutsch:
1866 2987 60 30 Zeit-

1068 3034 85 20 raum
1179 3034 61 20 von
1268 3028 18 27 4
1312 3024 123 34 Jahren)
1464 3029 56 30 „im
1547 3036 115 24 ganzen
1688 3029 90 27 kaum
1806 3029 133 28 ziemlich

1299 3067 144 29 erhalten.
1483 3067 79 30 Aber
1583 3076 68 24 nun,
1672 3068 75 29 Herr
1769 3068 168 32 Professor,

1069 3107 114 28 kommt
1214 3108 46 28 die
1289 3107 202 34 Katastrophe
1530 3106 63 36 (auf
1624 3110 138 27 deutsch:
1805 3109 114 29 Mißver-

1067 3146 162 34 ständnis):
1260 3157 116 24 „genau
1404 3157 178 23 genommen
1609 3151 39 27 ist
1677 3151 45 27 die
1747 3149 175 33 Schauspiel-

1066 3189 90 28 kunst
1178 3189 74 28 doch
1273 3190 97 27 nichts
1391 3191 127 27 anderes
1540 3191 41 27 als
1603 3190 274 32 Ausdruckskunst,
1898 3189 38 28 ist

1066 3231 47 27 nie
1134 3232 97 27 etwas
1252 3231 127 27 anderes
1610 3231 104 28 Genau
1734 3230 201 32 genommen?

1065 3272 80 27 Aber
1162 3271 78 29 Herr
1258 3271 175 29 Professor!
1472 3272 125 28 Genau?
1638 3272 119 29 Wissen
1778 3272 48 28 Sie
1845 3271 90 29 was?

1066 3311 80 29 Aber
1167 3313 103 27 setzen
1294 3312 49 29 Sie
1367 3313 62 28 sich
1453 3314 70 28 erst.
1571 3313 104 29 Genau
1698 3321 178 24 genommen
1899 3314 39 27 ist

1068 3352 45 28 die
1138 3351 266 33 Schauspielkunst
1425 3353 169 33 überhaupt
1616 3354 86 28 keine
1725 3354 103 31 Kunst.
1871 3354 66 28 Und

1066 3401 96 25 genau
1183 3401 176 23 genommen
1378 3394 40 27 ist
1438 3393 265 29 Ausdruckskunst
1725 3396 46 26 ein
1791 3393 127 29 Pleonas-

1065 3441 66 21 mus
1154 3432 64 32 (auf
1240 3434 138 28 deutseih:
1401 3434 267 29 meerschtenteels
1691 3433 137 33 Unsinn).
1870 3432 64 29 Daß

1066 3474 46 28 die
1137 3475 95 31 Kunst
1258 3474 162 30 ausdrückt
1446 3476 69 28 oder
1542 3476 188 28 ausdrücken
1754 3475 69 32 will,
1849 3477 71 27 brau-

1066 3515 73 28 chen
1164 3514 49 30 Sie
1236 3516 79 27 nicht
1339 3516 105 28 einmal
1471 3516 95 28 denen
1590 3517 190 34 mitzuteilen,
1805 3518 45 27 die
1875 3517 61 28 sich

1065 3556 39 27 im
1126 3555 134 29 Berliner
1281 3555 159 32 Tageblatt
1461 3556 76 29 über
1558 3556 96 31 Kunst
1674 3557 151 30 belehren.
1870 3557 68 28 Und

1063 3603 89 21 wenn
1174 3595 50 29 Sie
1248 3596 148 28 abermals
1416 3596 179 29 fortfahren:
1620 3596 116 33 „Wenn
1757 3596 159 33 Expressio-

1063 3637 112 28 nismus
1196 3638 45 28 ein
1262 3635 313 34 Zusammendrängen
1596 3645 60 20 von
1675 3636 185 33 Wirkungen
1883 3638 34 27 be-

1063 3676 111 33 deutet,
1191 3699 6 6 .
1218 3699 6 5 .
1246 3699 6 5 .
1315 3685 34 19 so
1364 3678 39 27 ist
1422 3680 52 27 das
1493 3678 64 27 eine
1571 3677 114 28 falsche
1702 3676 153 30 Prämisse
1873 3675 62 33 (auf

1065 3716 136 29 deutsch:
1225 3716 180 33 Vorschuß).
1451 3718 110 27 Wenn!
1588 3716 38 29 Ja
1646 3729 38 3 —
1706 3718 103 27 wenn!
1860 3717 73 28 Wer

1061 3756 52 28 hat
1133 3756 88 29 Ihnen
1244 3758 75 27 denn
1342 3758 101 28 diesen
1463 3758 143 29 Blödsinn
1628 3757 193 31 eingeredet?
1845 3757 87 29 Seien

1062 3795 49 29 Sie
1133 3798 74 28 doch
1227 3798 80 28 nicht
1327 3805 33 21 so
1380 3798 181 30 gutgläubig,
1580 3798 76 28 Herr
1677 3796 175 30 Professor!
1875 3797 57 29 Ex-

2014 147 229 32 Pressionismus
2274 150 45 26 ein
2358 149 311 33 Zusammendrängen
2709 159 59 21 von
2799 152 58 28 Wir-

2012 187 133 32 kungen!
2199 188 222 33 Schulaufgabe
2457 190 46 28 für
2533 190 56 28 den
2627 191 115 29 kleinen
2775 192 100 28 Adolf:

2012 227 128 29 Addiere
2163 226 63 32 (auf
2247 229 135 28 deutsch:
2405 228 240 33 Zeilenhonorar)
2671 232 16 26 3
2707 232 153 31 impressio-

2012 268 140 29 nistische
2200 268 182 33 Wirkungen
2431 270 62 31 plus
2520 271 31 25 21
2579 272 299 29 impressionistische

2011 307 184 33 Wirkungen
2214 309 64 32 plus
2297 310 35 26 48
2351 310 238 28 naturalistische
2610 310 181 32 Wirkungen
2813 312 64 30 plus

2015 348 31 27 17
2056 348 57 28 mal
2130 348 230 32 Vorhangfallen
2377 349 63 32 plus
2457 349 35 28 66
2509 349 168 29 Mätzchen.
2711 350 73 33 Nun,
2801 351 77 29 Herr

2012 388 167 32 Professor,
2203 388 131 33 drängen
2356 388 49 29 Sie
2429 390 52 28 das
2504 390 57 27 mal
2582 397 180 21 zusammen.
2804 392 73 28 Was

2013 428 178 28 bekommen
2221 428 49 29 Sie
2304 429 76 27 dann
2406 429 133 29 heraus?
2567 447 36 3 —
2631 430 227 32 „Zusammenge-

2013 469 124 31 drängte
2179 469 274 34 Ausdruckskunst,
2495 471 89 29 vulgo
2631 468 61 32 (auf
2737 470 137 28 deutsch:

2011 507 195 34 Kunstpöbel)
2552 522 37 3 —
2608 512 79 28 Aber
2708 512 74 28 Herr
2805 513 55 27 Pro-

2012 549 112 29 fessor!
2147 550 49 29 Sie
2220 551 96 27 haben
2337 551 62 27 sich
2420 551 145 32 verzählt,
2588 551 53 29 das
2666 552 101 30 glaubt
2790 553 88 28 Ihnen

2013 592 27 28 ja
2062 591 78 27 nicht
2163 591 104 28 einmal
2289 591 51 27 der
2361 591 152 28 Hermann
2535 590 79 29 Bahr
2636 592 71 28 oder
2730 593 51 28 der
2803 592 55 26 Her-

2013 631 66 27 bert
2122 632 123 31 Ihering.
2304 632 170 28 Höchstens
2519 632 146 28 vielleicht
2710 634 50 27 der
2805 632 71 28 Max

2015 672 99 28 Grube
2151 673 71 27 oder
2259 674 50 26 der
2347 673 92 29 Julius
2474 672 72 29 Bab.
2590 673 100 29 Hören
2726 672 48 29 Sie
2810 674 66 31 mal,

2012 712 76 28 Herr
2109 712 158 29 Professor
2288 714 115 31 Winds,
2424 722 87 20 wenn
2533 714 52 28 der
2605 714 75 28 Herr
2705 714 157 33 Expressio-

2013 754 112 26 nismus
2152 753 87 29 Ihnen
2267 755 106 31 gesagt
2400 754 59 31 hat,
2486 762 30 21 er
2544 755 43 26 sei
2614 753 244 30 Zusammendrän-

2013 801 79 23 gung
2116 801 61 20 von
2205 794 191 31 Wirkungen,
2426 795 76 27 dann
2530 794 105 28 würde
2661 794 46 28 ich
2736 802 36 20 an
2800 795 78 28 Ihrer

2013 832 91 28 Stelle
2125 834 54 28 den
2199 834 114 28 Trottel
2332 834 97 28 laufen
2447 834 99 29 lassen
2565 837 58 26 und
2641 835 103 27 weder
2765 835 45 28 die
2829 844 34 23 ge-

2014 873 134 29 schätzte
2172 874 95 28 Feder
2292 874 75 28 noch
2394 875 45 28 die
2464 874 194 34 geschätzten
2684 874 121 33 Spalten
2830 875 34 28 be-

2014 913 116 28 mühen.
2165 914 81 28 Statt
2269 914 107 28 dessen
2396 915 136 27 verirren
2552 914 49 28 Sie
2622 914 61 30 sich
2704 916 28 26 in
2754 915 63 28 eine
2838 915 28 28 lo-

2013 954 100 30 gische
2138 954 194 28 contradictio
2355 956 27 26 in
2408 954 115 31 adjecto
2551 951 60 31 (auf
2636 954 146 29 Deutsch:
2807 954 74 31 Kohl

2013 995 52 27 mit
2083 990 147 36 Beilage):
2250 994 59 35 „Ist
2328 994 75 29 doch
2422 995 74 27 auch
2516 994 51 29 das
2586 995 111 27 Drama
2716 996 94 27 nichts
2829 1004 34 19 an-

2015 1034 86 28 deres
2121 1035 44 27 als
2186 1035 52 28 das
2259 1034 311 32 Zusammendrängen
2593 1037 50 26 der
2663 1035 217 28 Geschehnisse

2015 1075 49 27 auf
2085 1076 44 27 die
2151 1076 99 27 Dauer
2273 1076 52 29 des
2658 1074 70 29 Zum
2751 1074 127 32 Beispiel

2016 1116 44 27 die
2095 1115 338 32 Wallenstein-Trilogie
2468 1116 319 32 zusammengedrängt
2835 1116 47 28 auf

2014 1158 76 26 zwei
2121 1157 122 27 Abende
2274 1158 73 27 oder
2380 1157 52 27 der
2464 1158 106 26 zweite
2600 1157 62 28 Teil
2696 1156 51 29 des
2779 1156 99 31 Faust,

2014 1197 321 32 zusammengedrängt
2360 1198 47 27 auf
2430 1197 67 28 acht
2521 1197 142 29 Stunden.
2706 1197 48 28 Sie
2779 1196 99 32 sehen,

2012 1239 78 28 Herr
2126 1239 113 32 Winds,
2277 1247 68 19 man
2380 1238 77 29 kann
2495 1239 74 27 auch
2605 1238 132 28 Unrecht
2774 1238 105 31 haben,

2015 1288 86 20 wenn
2149 1288 68 19 man
2263 1279 95 32 Recht
2401 1279 59 28 ihat.
2515 1279 97 28 Wenn
2658 1279 205 31 Expressionis-

2015 1329 65 20 mus
2131 1323 64 26 eine
2245 1320 334 32 Zusammendrängung
2629 1328 60 19 von
2741 1319 120 28 Wirkun-

2015 1370 56 23 gen
2101 1364 47 30 ist,
2179 1370 66 20 was
2276 1361 89 28 Ihnen
2397 1361 161 29 höchstens
2591 1361 51 28 der
2675 1360 71 28 Max
2780 1360 99 28 Grube

2015 1403 127 31 glauben
2170 1403 85 31 wird,
2283 1403 76 27 dann
2384 1402 52 28 hat
2462 1410 32 20 es
2629 1401 129 29 Theater
2783 1401 101 29 bisher

2015 1443 76 27 noch
2121 1443 106 27 keinen
2255 1442 277 33 Expressionismus
2561 1443 133 30 gegeben
2726 1442 57 28 und
2815 1450 68 20 man

2017 1483 50 27 hat
2097 1483 76 28 noch
2203 1483 83 27 mehr
2316 1483 142 31 Unrecht,
2488 1491 89 19 wenn
2607 1482 275 32 Expressionismus

2016 1526 96 26 etwas
2134 1532 75 23 ganz
2232 1524 127 27 anderes
2380 1524 47 27 ist.
2469 1522 67 28 Und
2560 1531 68 19 man
2648 1523 52 27 hat
2723 1531 32 19 es
2779 1523 104 27 einmal

2015 1571 55 21 vor
2091 1565 67 27 dem
2176 1565 116 31 ewigen
2311 1564 71 28 Gott
2401 1572 35 19 zu
2455 1564 236 32 verantworten,
2711 1571 87 19 wenn
2816 1571 67 20 man

2017 1604 45 28 die
2090 1604 344 32 Feuilleton-Redaktion
2464 1604 53 28 des
2544 1603 135 28 Berliner
2710 1603 173 32 Tageblatts

2015 1646 52 26 mit
2086 1646 96 26 einem
2201 1644 90 28 Satze
2309 1646 57 26 wie
2389 1644 67 28 dem
2473 1644 158 32 folgenden
2651 1643 150 28 blamiert:
2823 1640 61 34 (auf

2017 1686 136 27 deutsch:
2179 1683 314 33 Druckerschwärze.)
2519 1683 74 34 „Auf
2617 1683 170 28 demselben
2812 1683 57 28 zeit-

2016 1724 56 29 lich
2100 1726 182 32 begrenzten
2319 1724 105 28 Boden
2452 1724 78 28 steht
2560 1724 51 28 der

2017 1766 74 28 Was
2118 1766 69 32 geht
2212 1765 58 33 Sie,
2294 1765 76 29 Herr
2394 1764 169 32 Professor,
2589 1764 45 29 die
2659 1764 139 28 Identität
2823 1761 61 33 (auf

2017 1806 138 28 deutsch:
2182 1802 246 36 Verwechslung)
2452 1814 62 20 von
2536 1806 63 27 Zeit
2622 1805 58 28 und
2706 1804 94 32 Raum
2824 1804 57 28 an?

2016 1846 67 29 Und
2099 1846 49 29 Sie
2166 1848 124 31 geraten
2306 1848 104 27 immer
2427 1846 84 28 tiefer
2528 1848 28 26 in
2577 1848 53 27 den
2648 1845 115 32 Sumpf:
2799 1843 85 29 Steht

2018 1888 51 28 der
2087 1887 212 32 Schauspieler
2319 1886 51 29 auf
2393 1887 67 27 dem
2481 1886 104 28 Boden
2612 1888 49 26 der
2682 1885 102 31 Natur,
2808 1885 75 27 dann

2017 1928 65 28 sind
2106 1928 59 28 ihm
2191 1928 44 29 die
2259 1926 290 30 Ausdrucksformen
2576 1925 175 29 haarscharf
2775 1932 91 24 vorge-

2017 1968 155 28 schrieben
2194 1991 5 5 .
2275 1968 48 28 Ich
2346 1969 64 26 rate
2434 1967 66 27 dem
2523 1966 216 32 Schauspieler,
2763 1965 51 28 der
2838 1965 46 27 auf

2019 2010 66 26 dem
2113 2009 105 28 Boden
2246 2008 51 28 der
2326 2008 91 27 Natur
2446 2007 87 31 steht,
2565 2006 60 28 sich
2655 2006 79 28 nicht
2763 2005 49 28 auf
2841 2006 43 26 die

2017 2049 220 29 Bretterböden
2255 2058 35 18 zu
2308 2050 144 27 verirren.
2485 2047 67 29 Und
2570 2047 92 28 selbst
2680 2054 88 20 wenn
2785 2045 99 27 Haare

2019 2090 92 28 reden
2142 2090 72 28 oder
2245 2088 187 33 schluchzen,
2464 2088 125 28 Jamben
2617 2086 204 29 deklamieren
2854 2083 30 33 (o

2017 2130 104 28 Boden
2151 2130 51 28 der
2230 2127 121 33 Natur!)
2382 2128 59 28 und
2472 2128 100 28 scharf
2598 2127 118 29 röcheln
2746 2127 138 30 könnten,

2016 2173 103 27 würde
2140 2170 46 28 ich
2208 2170 54 28 den
2282 2168 230 33 Schauspielern
2532 2167 175 32 empfehlen,
2729 2166 61 28 sich
2810 2167 73 27 nach

2018 2212 50 27 der
2111 2210 129 28 Lektüre
2283 2207 61 34 (auf
2386 2209 137 29 deutsch:
2567 2204 317 32 Zusammenklauben)

2016 2252 82 29 Ihres
2121 2250 142 29 Artikels:
2288 2248 63 33 (auf
2377 2249 137 29 deutsch:
2539 2246 193 34 Stückwerk)
2758 2256 35 19 zu
2819 2255 49 24 pur-

2017 2293 101 30 gieren
2140 2289 63 34 (auf
2226 2290 137 29 deutsch:
2389 2290 45 28 die
2457 2289 105 29 Hände
2584 2286 169 32 waschen).
2796 2288 88 27 Ihnen

2017 2333 80 31 aber,
2125 2332 76 28 Herr
2229 2330 161 29 Professor
2417 2330 114 31 Winds,
2561 2330 64 26 rate
2654 2328 46 28 ich
2733 2328 150 31 dringend,

2017 2372 78 29 nicht
2119 2373 73 28 über
2217 2371 130 33 Begriffe
2373 2379 37 19 zu
2436 2370 164 31 schreiben,
2629 2377 59 20 von
2715 2368 93 28 denen
2835 2367 48 28 Sie

2015 2413 96 29 nichts
2130 2412 171 29 verstehen.
2334 2412 92 27 Unter
2448 2410 103 34 denen,
2571 2410 44 29 die
2636 2411 56 27 den
2709 2408 156 31 Expressio-

2017 2455 113 27 nismus
2159 2454 45 27 für
2234 2454 45 27 ein
2307 2452 159 28 modernes
2520 2449 229 31 Gurgelwasser
2777 2448 106 31 halten,

2016 2494 124 29 werden
2162 2493 49 29 Sie
2232 2495 64 26 eine
2318 2492 144 28 führende
2483 2490 133 31 Stellung
2640 2490 147 31 erlangen,
2810 2488 74 28 auch

2015 2543 89 20 wenn
2121 2535 51 28 der
2186 2532 179 29 Nachdruck
2380 2532 147 29 verboten
2542 2532 47 26 ist.
2605 2530 85 28 Denn
2707 2529 45 28 die
2767 2528 113 28 Herren

2014 2584 61 20 von
2097 2577 51 28 der
2168 2573 266 30 Ausdruckskunst
2454 2573 122 28 werden
2599 2579 31 19 es
2652 2570 89 28 Ihnen
2763 2569 97 29 nach-

2018 2617 136 27 reden.
2212 2614 100 29 Schon
2340 2613 87 32 lange
2454 2613 39 27 ist
2526 2613 47 27 ein
2600 2610 122 29 Gezänk
2752 2609 59 29 und
2839 2611 44 25 ein

2015 2657 207 31 Wettrennen,
2241 2662 66 21 wer
2329 2654 51 28 der
2399 2654 82 27 erste
2500 2652 61 29 und
2582 2652 113 31 einzige
2713 2651 153 32 expressio-

2015 2697 142 28 nistische
2181 2695 208 32 Schauspieler
2412 2693 123 28 werden
2561 2692 61 28 soll.
2666 2691 53 28 Sie
2744 2689 139 31 drücken,

2016 2746 65 21 was
2102 2739 29 26 in
2153 2737 83 27 ihren
2257 2735 122 31 Kräften
2405 2734 78 28 steht
2506 2733 60 28 und
2589 2734 42 26 sie
2656 2733 99 26 atmen
2779 2732 104 26 immer

2014 2778 114 29 wieder
2146 2777 57 32 auf,
2219 2784 88 21 wenn
2323 2775 89 28 ihnen
2430 2775 79 27 einer
2525 2772 177 31 versichert,
2721 2770 92 29 schon
2832 2770 51 28 der

2017 2818 57 29 alte
2098 2817 149 30 Schröder
2294 2817 43 28 sei
2360 2814 220 33 Expressionist
2627 2819 150 24 gewesen,
2824 2818 57 19 von

2015 2857 198 32 Matkowsky
2236 2865 54 23 gar
2315 2855 79 29 nicht
2417 2864 36 19 zu
2477 2854 100 27 reden.
2623 2850 73 33 (Vor
2720 2851 89 27 Ihnen
2833 2850 50 28 hat

2016 2901 42 26 sie
2079 2900 51 27 der
2149 2897 167 31 Eulenberg
2336 2895 91 30 schon
2447 2895 59 27 mal
2527 2902 33 20 so
2581 2892 114 29 ähnlich
2716 2888 165 37 getröstet.)

2013 2941 81 27 Aber
2117 2941 42 26 sie
2183 2938 95 28 ahnen
2300 2937 80 28 nicht
2402 2935 114 31 einmal,
2540 2934 54 28 daß
2619 2934 41 28 sie
2684 2931 194 29 Anarchisten

2013 2981 55 27 des
2093 2979 204 34 sprachlichen
2320 2978 61 28 und
2405 2975 172 30 mimischen
2601 2974 174 28 Ausdrucks
2803 2973 77 28 sind:

2013 3019 285 31 Persönlichkeiten,
2320 3019 45 28 die
2387 3017 75 28 nach
2483 3016 78 28 ihrer
2582 3014 205 33 körperlichen
2809 3012 72 29 oder

2014 3060 196 29 stimmlichen
2231 3057 240 31 Beschaffenheit
2493 3055 119 29 bezahlt
2634 3054 60 28 und
2716 3052 165 29 beklatscht

2013 3102 133 28 werden.
2189 3101 68 27 Und
2281 3108 58 19 nun
2364 3099 107 28 deuten
2495 3097 42 28 sie
2562 3104 36 19 an
2626 3096 66 27 dem
2713 3094 88 27 Wort
2824 3092 38 28 Ex-

2015 3142 230 32 pressionismus
2269 3141 112 29 herum,
2407 3137 67 28 weil
2500 3138 42 26 sie
2568 3144 56 19 vor
2652 3136 80 26 einer
2760 3132 119 29 tieferen

2013 3182 179 31 Bedeutung
2221 3182 114 26 zittern.
2392 3178 86 28 Denn
2509 3177 81 27 diese
2619 3175 78 28 wird
2727 3175 41 26 sie
2798 3175 81 26 eines

2015 3223 106 29 Jahres
2149 3221 184 31 erschlagen,
2358 3217 144 28 während
2528 3217 41 27 sie
2596 3215 90 32 grade
2715 3214 90 28 damit
2829 3213 34 28 be-

2013 3263 141 31 schäftigt
2175 3261 75 32 sind,
2274 3259 62 29 sich
2362 3260 44 27 ein
2431 3257 189 31 Schlagwort
2645 3264 35 19 zu
2702 3254 176 28 fabrizieren

2015 3301 61 32 (auf
2095 3302 137 29 deutsch:
2251 3298 231 30 Massenartikel
2500 3292 184 34 herstellen).

2543 3351 107 31 Rudolf
2677 3351 138 27 Blümner

2164 3648 212 31 Herausgeber
2393 3646 160 28 Herwarth
2571 3643 126 28 Waiden

2118 3696 111 32 Verlag
2245 3695 62 28 Der
2324 3694 105 29 Sturm
2448 3694 68 27 1919
2536 3688 9 38 /
2563 3692 97 28 Berlin
2679 3691 39 27 iW
2731 3692 16 27 9

2204 3744 93 28 Achte
2315 3744 91 31 Folge
2423 3739 9 38 /
2452 3742 135 28 Oktober
2608 3741 67 27 1919

2119 3793 99 29 Druck
2237 3801 61 20 von
2314 3792 71 28 Carl
2404 3791 100 29 Hause
2524 3787 10 37 /
2552 3790 100 28 Berlin
2672 3789 48 30 SO
2731 3789 34 28 26
