3251 5263
2653 4918 37 58 5

418 657 130 102 By
604 658 168 84 this
828 666 230 92 time,
1121 667 426 102 however,
1612 678 144 83 the
1814 682 256 104 flight
2126 690 95 82 of
2276 728 275 51 crows
2606 699 170 86 had

322 786 325 64 ceased.
706 770 25 80 I
762 773 455 87 withdrew
1248 815 148 68 my
1424 784 276 86 hands
1732 791 227 85 from
1990 796 146 84 the
2166 810 601 84 tennisracket.

320 880 147 80 All
521 916 180 49 was
756 920 226 51 over.
1087 892 194 84 One
1334 896 224 85 brief
1607 908 493 86 convulsive
2155 936 381 85 octopus,
2600 926 171 80 and

318 988 201 82 then
558 1026 158 47 our
748 994 208 84 hero
995 999 298 86 folded
1331 1007 128 83 his
1500 1012 444 88 umbrella.

406 1144 64 82 It
518 1153 345 81 seemed
909 1173 146 64 too
1104 1156 448 93 beautiful.

401 1300 154 85 Let
616 1339 98 47 us
780 1310 371 105 perhaps
1220 1351 312 52 excuse
1595 1359 139 49 me
1793 1329 73 83 if
1923 1336 27 77 i
2013 1359 295 80 repeat
2377 1342 381 88 himself:

298 1413 259 94 these,
640 1449 96 49 or
814 1424 300 103 nearly
1192 1429 262 98 these,
1541 1469 230 51 were
1849 1442 147 83 the
2072 1468 151 62 not
2299 1457 457 99 unpainful

306 1537 32 63 t
403 1527 311 96 oughts
763 1529 283 84 which
1097 1542 413 98 occupied
1561 1546 145 83 the
1751 1551 338 103 subject
2140 1557 96 82 of
2286 1595 155 49 our
2489 1584 226 65 atten-

303 1634 211 93 tion;
526 1652 88 63 to
672 1640 269 99 speak
1000 1678 215 50 even
1273 1649 164 86 less
1497 1656 580 110 objectively,i
2133 1700 183 52 was
2372 1671 384 108 horribly

299 1742 297 83 scared
641 1749 26 76 i
712 1750 295 85 would
1055 1759 379 103 actually
1481 1764 154 83 fall
1683 1769 139 81 off
1866 1772 147 83 the
2060 1778 154 81 rail
2262 1779 301 87 before
2609 1788 144 81 the

298 1855 269 99 really
601 1872 222 66 train
858 1861 227 84 after
1121 1866 113 83 all
1275 1874 359 85 arrived.
1723 1877 75 83 If
1832 1884 25 76 i
1893 1881 310 88 should
2240 1888 220 86 have
2499 1896 254 83 made

294 1967 166 75 this
528 1967 425 105 perfectly
1017 1974 249 98 clear,
1336 1986 64 78 it
1464 1989 363 103 entirely
1886 1996 293 83 would
2242 1999 220 87 have
2529 2004 219 85 been

293 2089 147 63 not
486 2106 149 69 my
679 2076 245 88 fault.

1915 2262 76 69 E.
2035 2264 78 69 E.
2156 2265 402 76 Cummings
