3251 5263
413 4834 74 57 30

1267 621 763 81 COMMENT

884 780 134 68 TO
1057 778 206 68 THE
1302 778 424 70 EDITORS
1765 778 125 68 OF
1925 777 207 69 THE
2174 778 236 68 DIAL

435 923 471 66 Gentlemen
923 948 14 39 :

573 1033 144 66 The
761 1033 120 66 first
916 1060 148 54 year
1103 1047 62 50 to
1208 1060 35 39 a
1284 1031 274 73 novelist,
1602 1031 100 66 the
1743 1031 227 66 second
2009 1048 61 51 to
2115 1060 36 37 a
2191 1047 163 66 poet,
2400 1030 101 69 the
2544 1031 161 66 third
2743 1047 61 52 to
2848 1060 35 39 a

435 1131 166 65 critic
642 1184 12 12 .
700 1179 11 11 .
759 1184 12 12 .
815 1128 100 68 the
955 1128 207 66 fourth
1201 1155 147 52 year
1385 1145 61 49 to
1490 1155 36 37 a
1565 1126 298 68 novelist?
1951 1128 105 66 To
2095 1130 262 66 criticize
2400 1128 113 66 this
2556 1145 240 66 pattern
2838 1130 45 64 is

434 1241 482 66 presumptuous.
1020 1224 150 66 You
1219 1224 127 68 will
1399 1251 217 39 excuse
1668 1251 88 46 us,
1810 1223 304 76 however,
2171 1224 97 68 for
2320 1224 214 82 asking
2583 1253 78 39 on
2716 1224 167 68 what

434 1321 296 68 standard
769 1321 100 68 the
911 1321 149 68 Dial
1099 1321 210 68 makes
1345 1324 71 63 its
1455 1321 223 66 annual
1721 1319 230 70 award.

569 1433 346 69 Sherwood
947 1431 359 81 Anderson,
1346 1433 100 66 the
1484 1433 120 66 first
1641 1450 63 50 to
1744 1436 231 64 receive
2014 1434 59 73 it,
2115 1436 198 64 writes
2349 1433 85 81 by
2473 1433 282 81 personal
2798 1434 56 65 in-

434 1533 316 79 spiration:
803 1531 186 81 good,
1035 1529 129 68 bad
1211 1529 125 68 and
1379 1529 284 83 passable
1709 1533 206 64 stories
1959 1534 58 63 in
2066 1560 36 39 a
2147 1558 177 52 prose
2371 1531 234 81 always
2652 1531 192 66 abomi-

434 1627 200 68 nable.
717 1627 171 68 Eliot
915 1627 264 68 believes
1208 1631 59 62 in
1296 1627 304 75 tradition,
1636 1627 178 75 form,
1848 1627 100 68 the
1976 1627 287 75 intellect,
2293 1627 356 82 everything
2679 1626 197 69 dead:

434 1724 76 66 he
547 1726 200 64 writes
783 1724 162 66 well.
1035 1722 152 68 Van
1223 1722 218 81 Wyck
1484 1722 237 68 Brooks
1761 1726 46 64 is
1848 1751 35 39 a
1924 1726 164 64 critic
2124 1724 140 68 who
2303 1722 220 83 judges
2562 1724 195 68 books
2798 1724 83 79 by

434 1819 150 67 their
620 1820 254 66 relation
910 1836 61 50 to
1008 1820 247 80 society.
1336 1819 73 67 A
1443 1822 164 78 prize
1643 1847 208 39 means
1888 1820 339 82 something
2263 1849 67 39 or
2366 1820 271 80 nothing.
2725 1820 156 82 Any

434 1917 382 81 significance
862 1917 202 68 which
1109 1917 102 66 the
1255 1915 152 68 Dial
1453 1917 214 68 award
1707 1944 144 54 may
1897 1944 232 53 possess
2173 1920 46 65 is
2264 1917 352 81 dependent
2657 1946 80 39 on
2781 1917 101 68 the

432 2013 279 80 qualities
750 2012 202 67 which
994 2012 166 67 these
1203 2012 166 67 three
1411 2015 230 64 writers
1682 2012 174 67 share
1893 2015 60 64 in
1998 2041 300 38 common.
2373 2013 125 66 But
2539 2013 144 82 they
2725 2013 156 66 have

432 2110 252 81 nothing
727 2113 57 63 in
827 2137 313 41 common:
1209 2139 82 37 no
1335 2113 296 78 opinions,
1678 2139 80 37 no
1802 2139 312 52 purposes,
2161 2139 78 37 no
2285 2137 281 41 common
2613 2110 154 68 level
2815 2110 67 68 of

424 2208 232 81 ability.
728 2208 133 68 We
888 2237 101 39 are
1018 2206 215 70 forced
1258 2225 61 49 to
1345 2208 301 68 conclude
1672 2208 130 68 that
1829 2208 100 68 the
1958 2206 150 68 Dial
2139 2206 215 70 award
2383 2210 44 64 is
2452 2206 420 82 meaningless.

571 2318 54 66 It
662 2318 193 80 might
891 2318 78 66 be
1001 2318 266 80 justified
1308 2347 77 37 on
1423 2317 100 67 the
1563 2317 237 83 ground
1838 2317 67 67 of
1943 2320 267 78 creating
2249 2345 36 39 a
2324 2318 208 82 public
2574 2318 95 68 for
2706 2318 140 68 auth-

432 2442 95 39 ors
564 2415 207 66 whose
810 2415 171 66 work
1018 2415 108 66 has
1164 2413 155 68 been
1357 2413 340 83 neglected.
1788 2413 239 68 Brooks
2064 2413 309 83 publishes
2408 2415 358 81 everything
2804 2415 77 67 he

430 2515 217 64 writes.
739 2511 108 66 He
883 2513 45 66 is
964 2540 35 39 a
1037 2513 166 64 critic
1238 2511 68 66 of
1340 2513 303 78 integrity,
1682 2510 125 67 and
1841 2511 88 66 his
1966 2510 244 67 readers
2247 2540 104 37 are
2390 2511 328 82 respectful
2755 2511 124 68 and

430 2635 205 52 many.
723 2606 144 68 The
906 2609 224 67 service
1169 2635 154 54 your
1360 2608 213 68 award
1609 2606 127 70 will
1777 2606 216 68 render
2029 2608 124 68 him
2191 2609 46 65 is
2278 2608 305 76 financial,
2627 2609 252 80 nothing

430 2731 185 41 more.
701 2703 168 67 Two
905 2703 304 67 thousand
1248 2703 261 67 dollars:
1553 2703 98 67 the
1689 2706 164 78 price
1887 2703 69 67 of
1993 2731 78 39 an
2108 2703 373 69 automobile
2518 2733 68 39 or
2625 2733 36 39 a
2696 2706 86 68 lot
2818 2708 59 64 in

430 2799 100 68 the
562 2801 285 76 suburbs;
884 2799 100 68 the
1018 2801 149 66 Dial
1201 2801 213 66 award
1445 2799 305 83 promised
1782 2818 61 49 to
1873 2801 158 68 have
2059 2828 165 39 more
2258 2801 401 81 significance.

566 2913 132 67 We
740 2911 378 68 understand
1160 2911 132 69 that
1333 2940 152 54 your
1533 2940 379 52 anonymous
1956 2914 344 66 committee
2344 2914 361 68 considered
2750 2943 96 39 sev-

430 3009 126 68 eral
590 3036 228 48 names,
859 3036 223 53 among
1116 3007 164 70 them
1319 3009 199 66 Estlin
1553 3009 376 80 Cummings.
2019 3009 122 68 His
2180 3009 206 81 public
2423 3013 48 66 is
2506 3013 195 66 small.
2769 3013 108 66 He

429 3107 45 65 is
513 3106 297 81 violently
850 3104 309 68 attacked.
1250 3104 105 68 To
1397 3104 185 68 select
1623 3106 125 67 him
1788 3106 212 67 would
2041 3104 157 69 have
2241 3106 211 69 shown
2493 3134 168 41 more
2705 3136 138 39 cour-

430 3229 114 54 age
590 3200 125 68 and
761 3200 426 83 considerably
1233 3200 359 68 broadened
1639 3202 88 68 his
1773 3204 361 78 reputation.
2235 3202 354 76 Moreover,
2642 3206 147 67 such
2840 3234 36 38 a

419 3297 230 76 choice,
700 3297 323 81 following
1067 3297 132 68 that
1245 3297 69 68 of
1362 3297 188 76 Eliot,
1599 3297 213 69 would
1858 3297 264 69 indicate
2173 3327 35 38 a
2254 3300 254 80 positive
2554 3300 316 77 standard,

430 3392 97 69 for
559 3394 166 66 these
757 3410 124 50 two
913 3395 249 73 writers,
1197 3394 295 79 although
1524 3394 144 81 they
1700 3394 158 67 have
1892 3392 264 69 reached
2188 3399 198 76 points
2420 3397 230 81 widely
2681 3397 163 68 diver-

429 3507 161 64 gent,
629 3490 228 68 started
898 3492 159 66 from
1092 3517 282 41 common
1411 3490 256 83 ground.
1751 3492 73 66 A
1860 3492 252 79 positive
2151 3492 294 69 standard
2486 3495 46 66 is
2567 3493 170 70 what
2776 3495 100 68 the

430 3585 148 68 Dial
613 3587 185 66 lacks.

568 3697 52 67 It
654 3725 169 39 veers
864 3697 157 67 from
1057 3697 157 81 right
1247 3714 61 50 to
1346 3697 116 67 left
1496 3697 397 83 continually,
1934 3698 124 68 and
2092 3700 50 66 if
2176 3715 122 53 two
2335 3697 217 69 beliefs
2591 3727 100 41 are
2728 3727 110 41 con-

425 3793 353 81 tradictory,
828 3810 242 64 accepts
1115 3793 162 68 them
1319 3795 166 66 both.
1584 3795 52 68 It
1678 3797 187 79 prints
1909 3795 335 69 Anderson
2291 3795 124 69 and
2461 3795 169 68 Eliot
2669 3800 59 64 in
2774 3797 102 67 the

417 3917 166 40 same
635 3893 183 73 issue;
876 3890 393 67 Coatsworth
1326 3891 124 68 and
1507 3890 390 83 Cummings;
1958 3893 255 66 Picasso
2273 3893 123 66 and
2452 3891 102 68 the
2610 3893 260 68 obscene

429 3986 215 68 friezes
689 3986 70 66 of
796 3986 254 66 Arnold
1096 3984 438 70 Roennebeck.
1631 3988 146 66 One
1819 4017 161 52 page
2026 3988 240 68 cancels
2307 3988 255 68 another
2603 3990 125 67 and
2774 3990 100 67 the

425 4083 202 74 result,
667 4100 104 50 too
806 4083 171 67 often
1015 4086 45 64 is
1099 4084 271 82 nothing.

561 4194 132 66 We
734 4194 155 68 have
932 4223 78 39 no
1052 4196 239 80 quarrel
1333 4194 147 68 with
1523 4198 352 78 magazines
1914 4194 201 68 which
2156 4194 401 85 deliberately
2601 4213 166 53 cater
2811 4215 63 49 to

425 4291 100 68 the
562 4291 224 81 public.
876 4291 184 81 They
1094 4294 180 73 exist;
1314 4293 144 79 they
1494 4320 198 52 grow;
1733 4293 150 67 their
1917 4296 374 78 importance
2329 4296 44 64 is
2410 4294 322 68 measured
2769 4311 105 51 not

424 4387 83 82 by
535 4389 168 66 what
734 4389 143 81 they
908 4389 242 81 publish
1182 4391 109 66 but
1318 4389 83 81 by
1431 4391 102 66 the
1563 4391 256 66 number
1848 4391 69 66 of
1944 4391 151 68 their
2125 4391 261 69 readers.
2469 4391 141 68 Our
2640 4408 232 66 respect

427 4484 97 68 for
557 4486 100 66 the
691 4484 151 69 Dial
876 4487 172 66 leads
1082 4514 68 39 us
1182 4504 63 51 to
1277 4486 191 81 judge
1502 4489 43 64 it
1577 4487 84 82 by
1695 4514 168 41 more
1895 4486 256 69 difficult
2186 4486 344 69 standards.

561 4581 159 67 And
756 4582 98 66 for
886 4582 113 68 this
1037 4611 211 39 reason
1287 4611 95 41 we
1419 4584 121 68 feel
1580 4601 59 49 at
1678 4584 219 81 liberty
1934 4601 63 51 to
2032 4601 229 66 protest
2295 4584 179 69 when
2510 4589 44 64 it
2589 4586 281 67 becomes

425 4706 78 39 an
571 4680 422 66 international
1062 4679 342 83 dictionary
1473 4680 70 68 of
1612 4708 237 38 names:
1970 4680 250 83 George
2290 4680 260 70 Moore!
2672 4682 198 83 Hugo
