3251 5263
247 5048 76 43 10

740 278 630 93 MATTERS
1444 278 174 93 OF
1698 280 874 94 IMPORTANCE

256 435 279 95 Ain't
580 442 74 88 it
700 437 360 93 awful?
1170 437 278 93 Ain't
1491 444 128 86 it?

256 559 279 91 Ain't
574 564 129 88 it?

256 682 188 94 Yet
481 684 227 92 who
751 684 303 115 really
1091 689 262 110 gives
1394 725 58 51 a
1491 684 352 92 damn?

464 808 195 93 Not
703 808 68 93 I:

259 930 31 93 I
331 931 245 94 shall
615 931 125 94 be
779 933 229 92 here
1047 933 232 115 only
1316 972 271 54 some
1631 935 197 91 few
1868 935 412 93 decades
2322 974 295 52 more.

659 1057 366 93 Robert
1064 1058 169 92 fell
1272 1065 466 109 mooning
1773 1097 126 53 on
1936 1060 164 92 the
2136 1060 259 115 lusty
2434 1058 203 116 legs

662 1179 143 93 Of
867 1179 397 94 Fulbert
1326 1179 474 94 Tanner's
1866 1180 503 117 daughter.
2459 1180 288 115 (This
2813 1216 210 56 was

879 1304 627 113 important).

656 1428 100 91 A
796 1428 444 91 hundred
1286 1428 367 93 Dantes
1697 1429 379 114 quench
2124 1468 57 53 a
2222 1428 486 93 thousand
2755 1426 265 93 fresh

878 1549 436 94 Infernos

659 1671 235 92 And
937 1673 228 92 take
1204 1673 745 115 stenographers
1992 1697 100 69 to
2134 1675 259 93 wife.

664 1797 98 89 A
817 1795 1893 117 little-leather-Chaucer-done-in-prose

669 1917 83 91 Is
793 1919 471 91 thumbed
1308 1925 98 85 in
1450 1924 521 88 vain—too
2017 1920 193 93 late

668 2041 362 94 Lisetta
1072 2044 259 91 finds
1374 2044 211 91 that
1626 2049 73 86 it
1738 2049 79 86 is
1860 2066 560 93 expurgate.

656 2213 393 117 Wesley
1079 2215 344 91 stirred
1455 2217 252 105 Hell,
1745 2217 443 91 smeared
2220 2257 271 53 some
2523 2256 126 52 on
2683 2257 57 53 a
2772 2217 249 93 stick

664 2339 236 91 And
939 2339 404 115 slapped
1379 2345 73 87 it
1491 2379 125 53 on
1656 2340 307 93 God's
2005 2340 249 93 face:

657 2460 226 94 God
916 2462 420 115 laughed
1375 2464 195 90 and
1606 2503 311 52 wears
1955 2464 164 91 the
2154 2464 391 91 smirch:

666 2586 394 115 Wesley
1110 2586 252 91 lived
1409 2587 193 90 and
1651 2586 222 91 died
1919 2593 203 108 ripe
2166 2593 97 84 in
2310 2587 310 90 honor
2622 2637 110 8 —

1169 2708 232 93 c'est
1872 2709 121 92 he
2070 2711 208 92 said
2354 2709 239 94 with
2671 2709 349 116 simple

881 2830 359 93 charm.

778 2953 17 26 '
840 2953 31 90 I
906 2992 160 53 see
1101 2992 125 53 no
1260 2955 224 91 hurt
1514 2960 98 86 in

662 3077 87 90 Y
752 3077 449 115 esterday

656 3199 100 91 A
796 3206 398 110 nursing
1235 3200 379 92 mother
1655 3200 396 116 flogged
2090 3207 98 85 in
2227 3200 508 94 Arkansas

659 3321 364 93 Leaves
1062 3361 125 53 an
1226 3324 962 115 uncomprehending
2227 3324 185 92 cub

662 3444 148 93 To
842 3446 227 91 hate
1103 3446 145 91 his
1286 3451 448 88 enemies.
1826 3446 316 95 These
2175 3453 196 88 win

657 3568 234 91 And
927 3570 145 105 he,
1115 3570 293 113 being
1440 3576 98 85 in
1575 3575 484 111 minority,
2104 3576 79 87 is
2219 3571 387 114 hanged

666 3692 267 93 With
977 3693 288 92 much
1309 3693 486 107 decorum,

664 3815 400 115 English
1111 3815 518 115 Jehovah's
1680 3815 368 93 human
2097 3815 464 95 sacrifice.

243 3988 394 117 Wesley
676 3996 422 109 pruning
1137 3991 223 92 God
1399 3996 98 87 in
1540 3991 399 115 English
1987 3993 308 105 fields,

243 4111 369 95 Robert
646 4118 386 110 sinning
1062 4120 100 85 in
1201 4115 164 91 the
1402 4115 410 91 channel
1850 4115 289 105 cliffs,

246 4235 305 93 Black
591 4237 314 115 blight
947 4237 193 91 and
1184 4237 430 115 fertility.

671 4359 425 93 Herleva
1143 4359 359 115 caught
1551 4359 165 91 the
1767 4359 228 91 seed

656 4482 142 92 Of
832 4504 374 93 twenty
1247 4487 474 87 centuries
1760 4482 108 92 of
1907 4482 325 92 future
2271 4521 290 68 wars;

676 4606 102 91 In
818 4606 171 91 her
1028 4606 332 93 womb

652 4726 212 95 The
906 4730 303 91 Great
1253 4728 315 93 Blond
1614 4726 686 117 Fightingman
2342 4730 393 93 crushes

669 4853 183 92 His
888 4892 267 76 puny
1196 4853 162 92 foe
1394 4851 164 95 the
1596 4853 303 93 Great
1941 4853 317 93 Blond
2295 4851 716 119 Fightingman,
