3251 5263
421 4785 73 39 20

585 600 110 67 He
741 600 197 69 found
980 601 130 68 that
1153 601 74 68 he
1271 630 129 39 was
1442 603 163 68 close
1649 620 61 51 to
1754 633 35 39 a
1832 606 243 80 village.
2170 606 54 68 It
2269 611 45 65 is
2358 610 371 69 somewhere
2775 613 72 68 ad-

445 698 252 79 joining,
734 696 109 68 but
873 696 269 83 beyond,
1181 698 102 67 the
1317 701 276 80 territory
1628 701 70 68 of
1730 701 100 68 the
1867 701 151 70 dear
2055 703 276 69 Prince's
2370 706 219 68 father.
2677 708 206 68 There

446 794 46 65 is
531 794 249 75 wealth,
824 794 108 68 but
971 811 105 51 not
1117 796 102 66 the
1261 796 146 68 kind
1451 815 61 49 to
1556 816 189 63 tempt
1789 828 36 37 a
1869 799 234 68 restless
2148 803 124 66 and
2314 806 286 80 grasping
2639 806 241 81 people.

446 886 111 67 He
599 889 266 75 entered,
914 891 123 66 and
1081 891 312 68 forthwith
1439 892 112 68 five
1591 921 239 41 women
1876 896 123 68 and
2040 901 137 64 nine
2221 898 154 81 boys
2418 928 160 39 were
2622 901 261 81 brought

446 999 63 51 to
558 984 122 68 him
728 987 59 66 in
834 991 369 78 recognition
1253 989 67 66 of
1371 991 88 66 his
1508 994 237 64 station.
1847 992 108 68 He
2008 996 111 66 felt
2167 997 44 65 it
2258 996 317 69 advisable
2624 1016 61 49 to
2732 999 151 68 send

445 1108 166 40 some
645 1082 69 66 of
748 1082 100 68 the
883 1111 239 41 women
1159 1113 202 54 away,
1400 1086 108 67 but
1540 1087 263 82 perhaps
1838 1089 114 68 this
1984 1119 127 39 was
2150 1092 120 68 due
2304 1109 63 51 to
2404 1094 102 68 the
2545 1094 233 81 fatigue
2814 1096 69 67 of

446 1175 89 68 his
567 1177 145 81 long
743 1180 276 82 journey.
1102 1179 181 69 Since
1319 1180 160 77 then,
1520 1182 241 76 Prince,
1798 1185 74 68 he
1906 1185 109 68 has
2048 1189 309 68 remained
2390 1192 61 66 in
2487 1189 113 69 this
2634 1191 247 82 village,

443 1272 222 76 where,
700 1275 60 66 in
792 1273 88 68 his
914 1304 140 39 own
1083 1304 164 52 way,
1281 1277 76 68 he
1386 1279 110 67 has
1529 1277 250 71 become
1810 1284 287 81 wealthy.

536 1367 105 66 To
689 1387 269 51 witness:
1059 1372 143 67 The
1254 1373 198 78 heavy
1503 1400 200 55 siropy
1754 1378 169 67 smell
1974 1380 68 65 of
2092 1384 298 81 over-ripe
2443 1384 435 77 strawberries;

443 1460 137 66 cool
618 1478 179 60 mint;
841 1461 100 68 the
978 1492 347 41 wormmess
1363 1467 67 66 of
1466 1468 123 66 rich
1628 1468 166 68 loam
1830 1472 230 69 soaked
2097 1477 149 66 with
2280 1495 220 61 water;
2543 1480 100 66 the
2678 1480 174 66 bitter-

443 1573 183 51 sweet
662 1558 69 66 of
765 1587 35 37 a
839 1560 171 74 barn,
1048 1577 71 50 its
1153 1563 252 68 mixture
1442 1565 68 66 of
1545 1563 144 81 hay,
1725 1568 188 66 cow's
1947 1570 233 74 breath,
2218 1575 189 71 urine,
2445 1600 272 54 manure,
2756 1575 125 68 and

443 1653 107 66 old
590 1653 314 68 sun-dried
946 1656 230 68 timber.
1269 1656 156 70 This
1466 1661 306 68 ensemble
1816 1663 68 68 of
1926 1665 238 79 growth
2209 1666 124 68 and
2377 1668 501 83 decomposition,

446 1746 321 69 freshened
794 1751 147 66 with
968 1754 293 80 morning.
1320 1809 154 15 ...
1532 1756 110 66 He
1671 1758 101 81 lay
1799 1759 166 68 there
1992 1763 58 64 in
2081 1788 206 54 peace.
2363 1765 163 66 And
2551 1765 327 81 suddenly,

441 1844 326 83 suddenly,
795 1848 185 81 plena
1010 1853 329 78 recognitio
1366 1851 364 69 facultatum
1759 1859 264 78 corporis
2052 1858 174 67 latuit
2255 1861 196 66 subito
2480 1864 83 75 ei;
2597 1892 63 39 se
2687 1863 161 69 relax-

443 1939 164 76 abat,
648 1958 86 49 est
767 1942 259 68 molliter
1061 1944 203 80 lapsus
1298 1964 212 49 contra
1547 1964 239 60 terram,
1827 1951 221 68 deinde
2084 1981 61 39 se
2182 1954 191 70 dabat
2409 1985 242 40 suorum
2688 1976 154 65 temp-

441 2039 210 64 tationi
685 2041 327 77 inguinum.
1098 2041 144 67 The
1278 2044 337 68 remainder
1650 2046 70 67 of
1750 2047 100 68 the
1882 2052 276 78 morning
2194 2051 75 67 he
2302 2071 173 63 spent
2511 2056 57 66 in
2604 2056 271 81 reading.

535 2132 313 85 Patiently
904 2135 123 68 and
1076 2140 322 80 earnestly,
1454 2140 90 67 his
1596 2140 149 70 dear
1799 2144 244 76 Prince,
2097 2146 77 67 he
2224 2147 111 68 has
2385 2178 158 52 gone
2597 2151 188 69 about
2837 2156 43 64 it

441 2254 160 39 since
640 2229 140 67 then
821 2247 59 49 to
919 2232 245 81 enlarge
1203 2234 88 66 his
1332 2234 383 84 knowledge.
1808 2239 176 67 Kach
2025 2240 145 82 day,
2214 2244 283 81 perhaps,
2539 2274 165 41 some
2741 2276 139 39 new

440 2350 147 55 pore
621 2325 108 66 has
763 2325 154 69 been
954 2330 261 80 opened,
1251 2359 164 39 some
1451 2361 135 39 new
1622 2362 179 41 nerve
1833 2337 263 68 stroked.
2179 2340 100 68 As
2313 2342 76 68 he
2424 2371 200 52 grows
2658 2345 107 66 old
2802 2347 76 66 he

443 2420 149 66 feels
623 2425 282 78 creeping
938 2452 143 39 over
1112 2425 124 68 him
1268 2427 98 67 the
1402 2428 154 68 haze
1589 2432 70 66 of
1689 2437 368 64 veneration.
2142 2435 110 68 He
2285 2440 46 65 is
2363 2467 141 41 now
2539 2469 36 39 a
2607 2459 266 59 veteran,

438 2513 149 68 dear
631 2516 242 78 Prince,
919 2520 124 66 and
1083 2520 78 68 he
1203 2523 151 66 feels
1395 2523 128 70 that
1562 2525 77 68 he
1681 2527 110 67 has
1832 2528 150 68 used
2023 2530 88 68 his
2155 2533 381 82 intelligence
2580 2537 190 81 nobly
2814 2555 61 49 to

440 2610 282 81 heighten
758 2642 180 54 every
973 2615 257 69 channel
1266 2620 69 66 of
1369 2625 319 64 sensation.
1776 2623 108 68 He
1921 2626 46 65 is
2004 2643 61 50 at
2103 2626 150 68 least
2289 2628 266 70 fortified
2590 2633 146 68 with
2775 2633 101 68 the

441 2706 121 68 feel
594 2708 69 66 of
695 2711 193 66 moral
924 2713 252 81 victory,
1214 2716 71 65 of
1315 2715 224 82 having
1573 2718 159 68 done
1767 2720 166 67 what
1964 2721 76 68 he
2074 2725 186 66 could
2292 2742 61 50 to
2390 2728 222 68 extend
2646 2728 229 83 beauty

441 2801 231 69 further
702 2808 124 62 into
856 2806 100 68 the
987 2809 186 66 realm
1202 2809 67 66 of
1298 2811 278 81 ugliness.
1659 2814 154 68 This
1843 2816 172 83 body
2043 2818 110 69 has
2182 2838 105 51 not
2314 2825 266 66 strained
2611 2826 123 66 and
2766 2826 109 68 fed

438 2899 125 66 and
595 2902 177 78 given
805 2902 87 68 off
921 2904 342 70 unheeded.

577 2994 125 68 But
736 3024 142 39 now
916 3026 76 39 an
1029 3001 200 66 illness
1261 3004 46 64 is
1341 3031 79 39 on
1454 3004 142 76 him,
1634 3007 123 67 and
1791 3009 261 81 perhaps
2087 3011 102 69 the
2224 3031 161 51 roots
2423 3045 101 39 are
2560 3019 310 82 numbing.

441 3089 278 84 Perhaps
758 3094 180 68 when
980 3096 100 67 the
1127 3096 220 71 Prince
1393 3104 257 66 receives
1693 3102 113 70 this
1847 3106 78 67 he
1969 3107 154 70 shall
2165 3109 156 69 have
2363 3114 220 80 passed
2626 3114 249 81 beyond

438 3185 100 66 the
572 3187 179 68 reach
783 3189 70 66 of
887 3190 194 68 duties
1115 3192 122 68 and
1273 3194 381 83 obligations.

526 3282 193 68 Good
755 3283 240 78 Prince,
1029 3287 291 85 blessings
1357 3290 158 70 from

706 3380 291 71 Gudruff.

575 3475 220 68 Prmce
834 3478 159 68 Llan
1032 3482 185 74 cried,
1310 3482 166 69 lam
1517 3514 259 54 coming,
1821 3488 293 85 Gudruff,
2162 3493 166 72 lam
2765 3502 108 68 He

435 3571 304 68 stumbled
780 3573 291 80 forward,
1110 3578 302 85 throwing
1447 3583 244 68 himself
1728 3587 244 83 heavily
2009 3595 236 76 against
2282 3593 100 70 the
2419 3595 154 69 door
2609 3600 59 64 in
2712 3598 163 70 front

435 3668 71 64 of
557 3668 138 68 him.
800 3671 53 66 It
904 3700 128 39 was
1087 3703 76 38 an
1214 3678 230 81 oblong
1498 3680 171 78 door,
1727 3688 316 66 encrusted
2094 3690 149 68 with
2292 3710 227 51 minute
2573 3698 293 82 carvings.

435 3759 208 70 There
672 3791 159 41 were
861 3766 236 83 houses,
1129 3775 361 74 mountains,
1523 3776 166 70 three
1718 3798 281 61 peasants
2030 3786 201 80 sitting
2260 3803 63 49 at
2351 3817 36 37 a
2418 3788 186 78 table,
2631 3819 240 42 women

435 3859 274 81 washing
751 3863 249 77 clothes,
1046 3868 193 67 lovers
1281 3869 220 83 kissing
1544 3874 83 80 by
1671 3905 35 37 a
1749 3878 140 68 well
1891 3896 222 67 tiny
2153 3881 246 71 dramas
2441 3915 161 41 were
2646 3891 225 66 carved

433 3981 162 54 upon
628 3956 113 67 this
775 3959 171 76 door,
983 3963 124 66 and
1141 3964 222 70 Prince
1398 3968 161 69 Llan
1589 3971 231 68 shoved
1852 3976 42 66 it
1925 4003 176 54 open.
2184 3979 123 68 His
2341 4008 143 53 eyes
2516 4012 159 40 were
2709 4003 130 64 part-

433 4049 64 81 ly
535 4051 228 77 closed,
805 4056 187 79 glued
1029 4059 146 66 with
1217 4088 36 39 a
1291 4061 200 83 heavy
1530 4066 183 81 sleep.
1799 4069 112 68 An
1952 4100 103 39 ear
2094 4091 92 49 sat
2221 4074 276 71 between
2538 4108 35 39 a
2616 4081 255 81 filtering

433 4144 227 84 kidney
695 4150 124 67 and
855 4179 77 39 an
968 4154 273 69 intestine
1273 4159 147 66 with
1452 4162 71 65 its
1557 4161 353 83 lugubrious
1940 4166 254 71 burden.
2282 4172 185 68 Parts
2500 4176 70 66 of
2604 4176 264 79 himself,

435 4242 392 81 reduplicate,
873 4249 103 81 lay
1017 4250 186 68 about
1246 4252 139 69 him.
1478 4255 108 70 He
1625 4259 264 69 climbed
1933 4291 141 41 over
2118 4294 35 39 a
2194 4269 313 81 twitching
2548 4271 117 81 leg.
2761 4276 109 68 He

431 4338 237 78 pushed
709 4342 168 69 aside
917 4374 36 37 a
992 4349 171 77 piece
1200 4349 71 67 of
1308 4350 327 85 throbbing
1671 4355 172 70 brain
1884 4360 178 66 tissue
2097 4377 63 51 to
2199 4362 156 83 keep
2392 4366 159 69 from
2589 4371 282 83 crushing

430 4435 44 64 it
514 4437 195 66 under
751 4438 88 68 his
882 4440 152 69 heel.
1126 4443 203 70 Other
1368 4465 164 63 parts
1573 4455 323 66 sauntered
1937 4455 259 83 through
2236 4460 100 68 the
2380 4467 88 64 air
2509 4465 120 68 like
2673 4469 192 68 fishes.

435 4528 282 86 Peering,
755 4535 76 68 he
868 4565 129 41 saw
1031 4569 35 39 a
1100 4540 183 80 door;
1322 4545 44 68 it
1396 4548 287 68 wavered
1718 4550 251 81 beyond
2004 4582 36 39 a
2077 4555 125 70 film
2238 4560 71 66 of
2343 4587 229 51 mucus,
2612 4594 78 39 an
2729 4567 139 68 oval

431 4625 154 69 door
618 4631 145 66 with
800 4660 36 39 a
868 4631 200 87 heavy
1103 4636 166 70 brass
1307 4640 282 71 knocker.
1786 4675 100 39 am
1921 4653 261 81 coming,
2599 4660 74 70 he
2709 4691 161 40 mur-
