3893 5637
1438 132 989 190 BROOM

610 437 165 80 AN
837 429 945 86 INTERNATIONAL
1841 422 601 83 MAGAZINE
2500 420 142 78 OF
2702 419 235 77 THE
2991 414 293 81 ARTS

569 635 278 80 Editors

570 754 318 76 Slater
930 752 307 76 Brown
2324 742 423 78 Malcolm
2800 739 345 76 Cowley

573 864 450 78 Matthew
1062 861 468 90 Josephson
2314 852 347 76 Harold
2710 850 103 77 A.
2869 847 217 76 Loeb

1505 1141 618 77 Twenty-first
2181 1137 233 77 Issue

3101 1126 205 78 Vol.
3348 1126 71 83 6,
3462 1123 152 80 No.
3665 1121 19 77 1

203 1151 416 93 January,
680 1146 191 78 1924

3479 1355 222 56 PAGE

206 1436 274 76 Cover
543 1430 834 81 Design—Lissitsky

209 1594 235 78 Four
490 1594 283 76 Poems
773 1589 196 78 —E.
1027 1587 88 78 E.
1169 1585 459 78 Cummings
3668 1565 19 76 1

209 1755 146 79 My
397 1753 239 78 Dear
673 1751 218 93 Jean
893 1750 498 76 —Philippe
1435 1744 457 78 Soupault
3430 1783 15 14 •
3657 1724 50 76 6

209 1932 400 78 Matters
649 1951 100 56 of
798 1924 965 81 Importance—Ramon
1813 1919 396 78 Guthrie
3619 1902 88 76 10

212 2109 315 77 Prince
578 2107 234 76 Llan
815 2103 539 78 —Kenneth
1408 2100 305 76 Burke
3618 2080 86 76 12

209 2283 134 78 Sir
383 2281 376 78 Walter
807 2271 877 83 Raleigh—William
1733 2268 317 78 Carlos
2082 2268 428 76 Williams
3607 2252 95 78 23

2597 2366 12 9 *

217 2459 236 76 Book
519 2454 406 78 Reviews:

316 2618 313 78 Tulips
686 2637 171 54 and
915 2606 865 83 Chimneys—Slater
1841 2605 307 76 Brown
3609 2589 102 80 26

316 2776 198 79 The
559 2774 365 78 Thomas
969 2771 457 93 Jefferson
1477 2767 247 76 Bible
1724 2762 444 78 —Robert
2199 2762 101 76 A.
2343 2759 394 78 Sanborn
2947 2808 501 25 ....
3609 2749 103 78 28

317 2937 197 77 The
563 2935 261 76 Story
869 2954 102 55 of
1018 2952 175 56 the
1245 2928 246 76 Bible
1491 2926 471 77 —Georgia
1999 2925 250 76 Mary
2287 2921 393 77 Sanborn
3609 2909 100 78 29

222 3111 461 76 Comment:
798 3106 244 76 Open
1103 3104 322 76 Letter
1479 3099 125 78 To
1657 3121 171 54 the
1889 3096 215 78 Dial
3614 3084 100 76 30

311 3272 198 77 The
554 3270 288 76 Broom
883 3267 313 78 Award
3616 3246 83 77 31

402 3582 400 95 Beginning
847 3578 163 78 with
1059 3578 337 92 January,
1457 3575 215 86 1924,
1728 3573 108 78 the
1884 3578 184 88 price
2127 3580 77 81 of
2258 3572 289 76 Broom
2605 3572 51 74 is
2715 3565 305 79 reduced
3079 3578 64 65 to
3201 3563 93 76 35
3359 3577 186 62 cents
3604 3560 110 78 the

228 3719 181 69 copy
449 3692 144 78 and
632 3690 231 86 $3.00
900 3697 118 81 for
1061 3688 111 77 the
1210 3687 244 93 yearly
1492 3685 471 91 subscription.
2024 3682 506 93 Subscriptions
2569 3693 72 63 at
2685 3678 110 76 the
2829 3678 316 92 previous
3184 3688 147 63 rate
3369 3682 79 79 of
3486 3670 230 88 $5.00

233 3804 110 77 the
385 3829 171 68 year
602 3800 139 78 will
786 3800 85 76 be
913 3797 346 78 extended
1301 3800 64 73 in
1410 3798 171 75 ratio
1628 3810 63 61 to
1741 3793 110 77 the
1897 3793 374 88 difference
2315 3793 63 73 in
2420 3792 207 91 price.

405 3961 370 76 Attention
813 3968 77 79 of
924 3958 277 78 readers
1238 3959 51 73 is
1325 3954 230 78 called
1592 3968 63 62 to
1699 3953 108 76 the
1845 3961 149 80 fact
2039 3953 143 76 that
2221 3964 72 63 at
2339 3953 190 74 times
2569 3947 114 78 the
2722 3944 383 97 publishers
3149 3951 76 81 of
3269 3942 291 77 BROOM
3601 3968 117 49 are

221 4068 413 95 compelled,
690 4068 91 91 by
835 4068 111 76 the
998 4064 300 78 hazards
1352 4073 78 79 of
1477 4061 396 95 publishing
1924 4091 43 44 a
2006 4059 607 80 non-commercial
2656 4059 245 75 review
2945 4058 65 72 in
3050 4054 359 83 America,
3458 4066 65 61 to
3567 4051 149 91 sfyip

220 4212 41 44 a
319 4178 257 76 month.
690 4176 85 76 In
832 4176 168 76 such
1059 4205 191 46 cases
1305 4171 486 93 subscriptions
1853 4168 141 79 will
2038 4169 84 77 be
2163 4166 367 88 extended,
2580 4166 142 76 and
2768 4164 111 78 the
2918 4163 385 94 publishers
3343 4174 376 80 guarantee

224 4288 146 78 that
421 4288 159 90 they
629 4286 140 75 will
817 4284 85 78 be
949 4283 195 90 filled
1191 4281 92 93 by
1330 4281 288 78 number
1669 4288 77 81 of
1794 4279 206 78 issues
2039 4278 268 78 instead
2346 4286 78 78 of
2463 4276 91 91 by
2595 4274 293 78 months.

427 4447 163 78 The
649 4447 283 76 Editors
988 4445 79 77 of
1123 4444 288 78 Broom
1467 4442 146 78 will
1664 4440 89 78 be
1807 4439 288 93 pleased
2138 4459 71 57 to
2251 4437 315 78 consider
2607 4467 154 44 mss.
2808 4432 373 79 submitted
3226 4450 72 58 to
3342 4428 208 87 them,
3596 4427 125 78 but

224 4559 95 76 all
366 4589 155 44 mss.
570 4576 179 57 must
791 4555 90 78 be
930 4552 502 95 accompanied
1476 4552 94 91 by
1618 4584 42 46 a
1708 4547 545 80 self-addressed
2315 4545 320 93 stamped
2698 4544 356 91 envelope.
3204 4538 165 78 The
3436 4537 283 78 Editors

222 4684 256 58 cannot
521 4664 88 78 be
653 4664 167 76 held
864 4660 419 95 responsible
1330 4660 110 77 for
1482 4689 154 48 mss.
1687 4659 132 78 lost
1862 4660 67 75 in
1972 4660 255 75 transit.

432 4825 288 78 Broom
768 4828 51 73 is
864 4823 369 93 published
1274 4820 317 93 monthly
1636 4838 72 58 at
1750 4820 93 76 45
1894 4816 196 95 King
2160 4816 249 87 Street,
2485 4814 191 77 New
2747 4811 229 93 York,
3050 4811 97 90 by
3216 4809 165 78 The
3460 4808 264 76 Broom

226 4935 415 91 Publishing
693 4935 402 89 Company,
1157 4930 141 78 Inc.
1415 4930 309 76 Entered
1785 4960 73 44 as
1918 4925 279 79 Second
2243 4928 205 74 Class
2492 4925 292 84 Matter,
2830 4923 181 91 June
3054 4919 125 89 30,
3235 4918 213 86 1923,
3497 4936 72 60 at
3607 4916 116 78 the

226 5043 176 76 Post
441 5041 232 78 Office
710 5041 78 77 of
829 5041 191 77 New
1057 5038 227 86 York,
1330 5038 98 78 N.
1470 5036 127 88 Y.,
1640 5036 220 78 under
1897 5035 115 79 the
2039 5036 153 77 Act
2221 5036 78 77 of
2331 5033 262 78 March
2625 5033 71 86 3,
2744 5031 213 76 1879.
3045 5028 412 95 Copyright,
3506 5026 215 85 1923,

224 5151 95 92 by
361 5153 115 76 the
522 5151 263 77 Broom
830 5148 415 93 Publishing
1286 5148 400 93 Company,
1735 5146 142 78 Inc.

225 5414 231 85 $3.00
492 5436 172 54 the
703 5412 239 76 Year

2814 5403 93 72 35
2963 5401 279 74 Cents
3283 5422 174 53 the
3503 5398 220 76 Copy
