3064 4572
740 617 137 57 Carl
907 618 186 56 Maria
1115 618 183 57 Weber
1335 654 13 11 ♦
1583 622 254 58 Gedichte

2300 634 69 52 85

1286 826 70 65 111

271 953 145 66 Fest
461 952 106 66 auf
613 953 146 66 dem
811 954 223 67 Grund
1082 960 206 64 seiner
1334 958 185 80 Erde,
1573 960 115 68 das
1733 963 190 85 Auge
1970 964 104 68 die
2128 965 241 69 Fernen

1846 1052 465 80 bestreichend,

267 1126 184 67 Steht
474 1131 62 61 in
564 1127 144 67 dem
737 1129 225 87 Mittag
987 1131 113 67 der
1123 1131 136 68 Zeit
1283 1134 281 68 aufrecht
1587 1137 129 66 und
1735 1141 277 66 wissend
2037 1142 116 66 der
2177 1143 191 66 Held.

267 1213 191 67 Nicht
503 1214 177 68 mehr
724 1217 277 67 verführt
1047 1219 113 67 der
1207 1223 405 68 entzauberte
1662 1225 242 69 Garten
1952 1254 75 40 zu
2082 1230 229 67 kurzen

1933 1315 367 82 Genüssen;

265 1387 215 85 Spiele
527 1388 115 68 der
685 1391 363 84 glühenden
1096 1393 169 69 Stirn
1314 1397 223 68 locken
1583 1425 76 41 zu
1707 1400 338 70 herrlicher
2092 1406 155 66 Tat!

266 1476 288 67 Nämlich
578 1504 113 39 aus
712 1480 95 65 ihr
830 1507 114 39 nur
961 1482 278 84 erglänzt
1270 1484 127 67 ihm
1430 1486 117 66 das
1579 1487 239 69 Antlitz
1841 1494 62 62 in
1930 1491 435 69 brennendem

1842 1579 382 68 Dornbusch

261 1650 286 67 Liebend
580 1653 309 86 begreifet
935 1661 133 63 sein
1117 1659 174 67 Blick
1338 1663 330 66 namenlos
1712 1668 366 66 taumelnde
2124 1668 217 67 Schar.

261 1738 178 67 Hebt
463 1766 67 39 er
562 1740 103 68 die
695 1743 224 77 Arme;
957 1745 103 78 oh,
1094 1747 195 67 weich
1317 1749 374 69 Hosiannah
1717 1752 206 68 bricht
1954 1755 96 66 los
2081 1783 125 40 von
2241 1757 124 67 den

2018 1844 271 87 Lippen,

259 1914 141 79 Die,
413 1914 187 67 kaum
619 1917 256 68 bewußt
893 1921 163 67 ihrer
1072 1922 333 80 Schmach,
1427 1926 296 83 jauchzen
1742 1929 105 66 ihn
1872 1957 77 40 zu
1983 1932 132 66 sich
2135 1933 226 68 herab!

256 2001 164 78 Ach,
470 2028 69 40 es
586 2004 469 70 entschwinden
1103 2009 104 66 die
1254 2016 321 65 einsamen
1620 2016 209 84 Jahre,
1881 2018 85 66 da
2021 2018 340 70 lautersten

2008 2108 305 78 Wollens,

259 2176 196 67 Hohn
482 2204 67 40 er
571 2180 140 69 und
711 2180 281 69 Undank
1016 2183 281 80 bewirkt,
1311 2190 267 84 ringend
1602 2218 100 39 am
1729 2191 187 69 Rand
1941 2200 206 62 seiner
2156 2196 202 67 Kraft.

257 2263 98 78 Er,
407 2265 145 66 dem
594 2267 116 65 der
743 2269 163 66 Gott
945 2275 216 62 seinen
1203 2272 401 71 furchtbaren
1648 2277 148 68 Kuß
1829 2280 108 66 auf
1969 2281 104 68 die
2104 2282 256 69 Schläfe

422 2443 14 12 #
1830 2370 369 83 gezeichnet
2245 2411 82 7 —■

254 2437 262 68 Endlich
544 2440 311 69 dämmert
878 2449 133 62 sein
1037 2445 256 69 Traum:
1322 2449 239 68 Führer
1585 2453 130 66 und
1740 2454 228 69 Fackel
1999 2483 75 40 zu
2106 2460 163 66 sein!

252 2525 138 67 Aus
437 2531 206 64 seiner
691 2530 195 67 Liebe
934 2561 126 39 nun
1108 2535 164 68 sieht
1317 2563 68 41 er
1432 2539 103 67 die
1582 2542 358 68 wirklichen
1989 2545 267 69 Früchte

1919 2633 392 67 erwachsen:

253 2703 380 66 Wimmelnd
679 2705 161 66 wirft
887 2708 128 67 sich
1065 2714 134 61 sein
1250 2710 186 68 Geist
1481 2718 61 62 in
1578 2716 115 67 das
1728 2719 412 69 erwachende
2164 2723 188 66 Volk.

249 2788 125 66 Wo
423 2790 144 67 sind
615 2792 106 67 die
767 2793 205 80 Feste,
1021 2824 100 39 wo
1169 2798 335 70 Freunde?
1580 2804 155 66 Was
1783 2807 244 86 schlägt
2072 2808 127 68 ihm
2247 2811 107 67 die

1475 2888 136 70 Zeit
1663 2920 126 41 von
1844 2895 125 67 den
2017 2896 337 70 Türmen?

251 2962 158 67 Gibt
441 2991 67 41 er
540 2972 134 61 sein
708 2972 214 83 eignes
950 2971 315 70 Geschick
1297 3001 74 41 so
1422 2976 144 68 dem
1613 2986 473 79 gemeinsamen
2134 2987 220 82 preis?

248 3051 264 80 Brüder,
562 3081 68 40 er
676 3056 193 68 kennt
916 3060 118 66 alle
1072 3061 286 79 Wüsten,
1408 3070 61 60 in
1519 3066 207 67 denen
1772 3074 111 62 wir
1926 3071 381 70 schrecklich

1735 3156 499 71 verschmachtet
2267 3215 14 12 .
2335 3215 14 14 .

248 3226 132 66 Hat
426 3227 131 68 sich
604 3257 75 39 zu
709 3232 112 66 tief
853 3232 196 69 schon
1084 3236 261 68 erfühlt:
1381 3238 187 68 Eines
1599 3268 134 52 nur,
1766 3245 165 66 weiß
1961 3273 85 56 er,
2081 3260 96 55 tut
2209 3250 138 66 not!

247 3312 178 69 Aber
472 3323 133 61 sein
651 3320 336 84 göttliches
1035 3323 322 68 Schicksal
1404 3326 286 69 bewahrt
1742 3357 68 41 er
1866 3334 125 66 den
2046 3335 303 69 Reinsten

437 3494 12 11 .
1909 3422 116 66 der
2069 3423 201 67 Erde:

251 3489 138 63 Neu
436 3494 61 61 in
547 3492 143 67 dem
737 3499 230 81 jungen
1016 3498 238 67 Genoß
1298 3500 233 68 zündet
1578 3530 67 39 er
1690 3505 284 87 langsam
2021 3511 130 66 sich
2199 3537 101 41 an.

248 3570 173 89 Ewig
444 3602 73 39 so
541 3580 272 68 wandelt
839 3610 67 39 er
930 3583 104 67 hin
1062 3586 193 67 durch
1283 3587 114 66 der
1434 3588 197 70 Liebe
1654 3593 306 70 vielfache
1992 3596 352 70 Gestalten.
