3064 4572
230 774 309 67 vielleicht
569 774 286 66 Krausen
888 803 103 39 um
1026 778 104 66 die
1163 779 200 67 Hälse
1394 781 130 68 und
1558 783 612 84 Filetmanschetten,
2205 792 129 64 und

230 861 176 66 mehr
436 859 152 80 Zeit,
631 861 104 66 die
768 863 205 86 Nägel
1010 891 75 40 zu
1125 867 305 83 polieren,
1471 870 94 66 als
1595 870 160 68 auch
1787 875 63 63 in
1891 873 118 66 das
2042 874 292 71 Gekröse

230 948 113 65 der
380 945 134 68 Zeit
551 972 75 41 zu
667 948 274 68 schauen
980 953 130 66 und
1152 954 371 88 Blutdampf
1562 958 114 66 der
1713 958 506 71 Schlächtereien
2258 990 75 42 zu

227 1046 306 73 ertragen.
627 1035 192 68 Ihnen
878 1039 155 66 wird
1095 1048 100 60 ein
1242 1043 307 69 Weltbild
1610 1047 347 84 pasteliiert
2016 1054 115 63 wie
2192 1057 141 62 eine

221 1121 339 86 gebügelte
630 1124 324 69 Omelette
1021 1136 276 63 serviert.
1405 1133 539 70 Wahrscheinlich
2013 1138 155 66 wird
2236 1141 97 66 ihr

220 1209 228 84 Anzug
493 1209 159 68 auch
699 1211 275 87 farbiger
1019 1222 134 61 sein
1200 1223 117 61 wie
1364 1220 116 67 der
1524 1248 245 52 unsere,
1816 1223 513 71 wahrscheinlich

220 1294 506 86 phantastischer
786 1302 130 65 und
978 1303 171 68 nicht
1208 1333 75 40 so
1345 1307 295 68 idiotisch
1702 1308 399 72 beschränkt.
2193 1315 136 67 Das

217 1383 156 66 wird
436 1385 95 66 ihr
589 1388 436 70 wesentliches
1085 1394 148 67 Pius
1295 1401 154 62 sein.
1561 1399 137 66 Uns
1759 1400 254 66 werden
2083 1406 91 62 sie
2235 1404 93 67 als

217 1472 398 68 Drecksäcke
655 1475 372 84 bestaunen,
1076 1482 138 65 weil
1261 1486 92 64 sie
1400 1484 130 67 sich
1579 1489 62 62 in
1674 1486 500 70 Parfumwolken
2220 1518 72 58 ge-

216 1557 258 69 flüchtet
533 1560 232 70 haben.
859 1565 123 67 Die
1033 1568 243 68 Armen
1337 1573 254 66 werden
1655 1573 170 68 nicht
1885 1580 246 74 wissen,
2197 1578 131 67 daß

216 1645 208 69 neben
488 1649 329 82 anderem,
881 1659 110 61 wir
1050 1656 160 68 auch
1274 1658 118 67 das
1452 1660 279 68 kannten
1792 1663 151 77 und,
2008 1664 143 67 hols
2214 1667 113 66 der

212 1734 240 79 Teufel,
518 1736 103 68 die
690 1739 235 69 Höhen
988 1743 118 68 des
1161 1745 269 69 Daseins
1492 1748 379 86 abgeiaufen
1934 1752 212 67 haben
2207 1759 117 63 wie

213 1823 416 84 irgendeiner.
710 1825 108 69 Sie
865 1828 211 68 haben
1124 1838 326 64 seinerzeit
1495 1848 180 55 unter
1711 1838 153 66 Paul
1902 1839 215 87 Heyse
2163 1842 157 67 auch

212 1910 288 68 Büchner
523 1914 131 65 und
678 1914 446 88 Shakespeare
1148 1928 118 60 wie
1289 1927 791 84 zusammengeschossene
2097 1928 186 69 Kurio-

212 2001 227 63 sitäten
494 1999 131 68 sich
672 2001 269 69 lachend
988 2007 131 65 und
1165 2008 308 69 fröstelnd
1518 2025 373 73 vorgesetzt,
1958 2016 92 65 als
2111 2022 92 61 sie
2257 2023 62 61 in

215 2087 170 63 einer
429 2086 254 68 dünnen
730 2091 130 66 und
899 2092 412 70 lächerlichen
1345 2097 386 85 Lyrikwolke
1777 2101 198 67 saßen
2017 2105 150 77 und,
2202 2111 117 61 wie

213 2177 220 62 immer
470 2175 366 81 Dieselben,
876 2181 324 84 glaubten,
1238 2190 101 61 ein
1387 2186 437 69 barbarisches
1872 2190 447 86 Erdgelächter

211 2260 131 66 und
390 2261 103 66 die
540 2262 198 69 Dicke
785 2267 128 65 und
961 2269 173 67 Fülle
1180 2277 173 61 seien
1388 2275 504 84 Ungeschmack.
1971 2279 100 66 Ich
2120 2280 193 79 hoffe,

211 2345 174 67 diese
417 2349 407 85 Perspektive
869 2355 155 65 wird
1071 2369 180 55 unter
1297 2360 125 66 den
1469 2363 202 66 vielen
1712 2364 451 85 Perspektiven
2211 2369 104 66 die

207 2434 114 67 des
354 2435 278 70 falschen
666 2439 262 70 Traums
960 2469 295 60 gewesen
1287 2453 153 62 sein.
1519 2450 84 66 Es
1648 2455 167 64 wäre
1859 2478 77 41 zu
1982 2454 331 70 lächerlich

204 2521 130 66 und
367 2521 502 73 beschämender
899 2530 92 66 als
1024 2537 100 61 ein
1157 2533 367 70 Bankerott.
1593 2538 185 67 Auch
1811 2544 80 62 ist
1922 2567 69 41 es
2021 2543 289 68 wurscht.

206 2609 148 66 Man
401 2622 96 56 tut
541 2613 117 66 das
706 2614 274 88 Seinige.
1074 2619 185 67 Mehr
1311 2628 80 62 ist
1443 2651 117 40 uns
1607 2625 171 68 nicht
1819 2629 491 84 zugeschrieben

203 2702 61 61 in
312 2698 209 68 dieser
564 2702 535 89 übelbegrenzten
1132 2709 186 69 Welt.

295 2784 343 87 Irgendwie
685 2789 110 68 hat
826 2792 208 68 Kunst
1080 2801 139 62 eine
1250 2799 219 66 tiefere
1500 2799 320 86 Aufgabe,
1862 2803 91 66 als
1986 2831 115 40 nur
2146 2807 164 67 ihrer

201 2873 580 84 augenblicklichen
819 2879 488 74 Zuhörerschaft
1353 2900 193 54 etwas
1593 2915 75 39 zu
1716 2890 245 67 kitzeln.
2041 2892 108 69 Sie
2197 2893 72 69 be-

201 2958 217 69 deutet
465 2962 189 69 heute
701 2970 100 62 ein
848 2967 164 69 klein
1059 2976 207 81 wenig
1312 2973 262 68 Niveau.
1668 2975 261 70 Endlich
1986 2984 140 63 eine
2172 2981 89 67 An-

199 3046 467 93 schwemmung
724 3079 126 42 von
912 3056 301 70 Festland
1274 3066 84 61 im
1420 3062 262 69 Morast.
1791 3064 90 68 So
1944 3067 129 66 und
2136 3069 170 70 nicht

201 3135 227 68 anders
462 3137 264 88 beginnt
757 3142 114 68 der
885 3145 167 86 Weg
1080 3173 107 40 zur
1209 3149 222 67 Kultur
1462 3150 129 66 und
1623 3175 74 42 zu
1731 3153 124 67 den
1889 3156 378 69 menschheit-

199 3222 200 68 lichen
443 3226 365 87 Aufgaben.
902 3231 207 69 Etwas
1157 3236 215 68 Neues
1417 3241 80 63 ist
1541 3241 62 63 in
1650 3266 268 43 unseren
1965 3243 219 85 Tagen
2240 3250 61 63 in

202 3307 102 68 die
334 3311 169 69 Welt
546 3328 306 72 getreten,
902 3321 131 65 und
1078 3348 141 41 zum
1252 3325 336 66 erstenmal
1623 3330 221 83 zeigen
1885 3330 129 68 sich
2046 3333 212 67 Boden-

198 3399 187 75 sätze,
450 3403 104 64 auf
613 3403 207 68 denen
883 3408 160 67 nach
1106 3410 277 68 anderen
1433 3413 428 70 Grundrissen
1922 3419 94 66 als
2069 3420 232 68 seither

198 3481 116 66 das
362 3485 316 71 Gebäude
739 3492 114 68 der
914 3495 473 70 Erdbewohner
1444 3502 293 84 gemacht
1796 3506 250 67 werden
2108 3508 186 69 kann.

196 3568 120 66 Die
348 3570 318 91 Dichtung
711 3579 111 66 hat
869 3582 237 67 diesem
1149 3584 93 66 oft
1280 3586 131 66 und
1441 3588 141 65 früh
1612 3589 340 69 Ausdruck
1981 3594 311 87 gegeben,

193 3661 191 62 vieles
429 3666 366 80 präpariert,
845 3669 297 69 manches
1182 3671 196 68 schon
1408 3676 387 84 geschaffen.
1872 3680 185 67 Aber
2102 3710 68 39 es
2217 3688 78 63 ist

193 3744 165 68 noch
405 3751 102 62 ein
554 3751 298 70 Molekül.
947 3757 82 66 Es
1090 3758 155 68 fehlt
1304 3762 164 66 noch
1532 3763 116 68 das
1701 3765 401 71 Zusammen-
2163 3774 128 64 und

191 3832 707 76 Ineinanderschweifen
933 3845 112 67 der
1078 3846 173 80 Stile,
1303 3848 269 80 Geister,
1623 3854 224 77 Kunst,
1899 3857 273 69 Gefühle
2216 3887 73 39 zu

823 601 255 56 Kasimir
1402 602 75 59 Edschmid
1478 638 228 12 •

2264 616 72 54 53
