3168 4572
1450 1449 298 85 NEUE
1805 1430 576 94 GEDICHTE

1573 1255 162 69 Carl
1771 1250 216 67 Maria
2019 1241 244 69 Weber

1367 1756 285 73 WEIHE
1701 1745 402 77 UNSERER
2152 1736 312 72 NACHT

1130 1919 401 81 Entspannte
1581 1901 311 74 Gelenke,
1943 1901 62 61 in
2051 1886 307 73 Lauwind
2405 1882 310 86 gebettet,

1131 2005 242 69 Fühlen
1421 1996 132 70 sich
1601 1991 216 75 reifen,
1867 1987 307 81 langsam,
2225 2001 106 42 zur
2361 1975 142 64 Tat.

1131 2096 159 66 Was
1337 2091 131 66 laut
1515 2090 61 62 in
1624 2082 288 66 Räumen
1961 2070 221 84 schlug
2229 2091 81 41 an
2362 2065 372 64 Gebärden,

1136 2184 206 67 Faltet
1389 2175 131 70 sich
1569 2174 176 80 innig
1790 2192 107 40 zur
1945 2161 205 69 Geste
2199 2155 117 67 des
2363 2151 290 65 Traums.

1139 2363 276 65 Träume
1575 2377 12 39 :
1641 2347 85 67 oh
1773 2336 384 74 wachender
2203 2330 192 69 Lider
2425 2317 441 85 Verzückung!

1144 2448 210 69 Tiefer
1401 2436 336 73 durchlebt
1782 2437 81 61 ist
1909 2428 114 66 der
2071 2418 320 72 dreifache
2439 2410 253 71 Schritt.

1141 2531 411 76 Wachsende
1599 2526 200 67 Ferne
1846 2521 197 64 kennt
2090 2538 127 41 nun
2268 2509 143 65 kein
2461 2502 249 66 Harren

1152 2627 226 69 Schart
1425 2617 157 71 euch
1633 2615 194 66 heran
1876 2607 114 76 ihr,
2042 2602 213 66 Heere
2307 2596 116 66 des
2470 2596 240 62 Lichts!

1687 2954 525 81 AUFBRUCH

1160 3125 272 72 Trachte
1482 3146 133 51 nur,
1667 3111 144 70 dich
1859 3101 297 74 kühnlich
2203 3091 420 88 loszuringeln

1162 3221 138 64 Von
1351 3214 148 68 dem
1548 3209 193 71 Kern,
1793 3226 103 40 um
1946 3195 126 66 den
2122 3190 147 67 dem
2319 3186 193 66 Atem
2560 3185 327 61 schieicht:

1164 3306 163 70 Bald
1375 3307 170 62 wirst
1593 3297 85 66 du
1725 3292 201 66 hören
1973 3284 178 66 ferne
2181 3279 211 65 Türen
2443 3270 307 84 klingeln;

1167 3398 124 65 Die
1341 3391 222 68 Uhren
1612 3407 205 49 rasen,
1869 3373 176 88 jeder
2091 3371 206 64 Raum
2348 3360 293 69 erweicht
2689 3406 16 14 .
2748 3406 14 12 .

1172 3574 142 66 Wie
1361 3569 189 82 lange
1600 3558 185 77 noch,
1838 3552 105 70 auf
1990 3541 491 73 unfruchtbaren
2532 3531 286 73 Pfühlen,

1172 3660 211 69 Willst
1432 3656 84 66 du
1564 3644 388 74 zerstückeln
2002 3637 188 66 deine
2237 3631 209 66 kleine
2493 3627 135 64 Zeit
2644 3642 31 47 r

1176 3749 135 69 Laß
1360 3745 203 67 höher
1612 3738 166 77 dich,
1827 3739 95 61 ins
1972 3720 419 90 Ungemeßne
2440 3713 248 87 spülen,

1179 3839 91 67 Zu
1318 3829 373 93 gipfelnden
1738 3823 313 67 Ekstasen
2100 3816 90 63 sei
2237 3804 233 71 bereit!

1372 550 139 58 Carl
1546 545 187 58 Maria
1771 540 187 57 Weber
1991 566 13 13 •
2033 532 157 57 Neue
2232 527 257 58 Gedichte

826 566 75 56 80
