3064 4572
815 616 287 69 Johannes
1126 618 67 56 R.
1223 620 203 57 Becher
1461 654 13 13 •
1512 622 197 62 Eroica

2243 639 72 54 67

1069 1304 360 71 EROICA

876 1124 339 84 Johannes
1258 1130 83 69 R.
1384 1124 256 84 Becher

1242 1569 17 54 I

191 1710 157 57 Aber
398 1716 101 55 tief
542 1719 98 54 tief
685 1724 140 53 auch
881 1728 51 50 in
986 1730 207 55 meiner
1230 1730 195 59 Wüste
1474 1734 149 57 Gobi
1681 1738 373 61 brennendem
2114 1745 176 57 Dom-

190 1792 324 52 Atemlosen
555 1794 439 59 mexikanischen
1035 1799 439 63 Taxus-Hecken
1983 1815 287 66 fgestrüpp

191 1857 209 57 Meiner
438 1862 355 60 zerklüfteten
834 1869 147 68 Ufer,
1022 1872 197 59 Kretas
1259 1877 293 74 Labyrinth
1591 1885 113 55 und
1742 1885 301 72 Insel-Exil,

190 1937 211 51 Memer
439 1938 189 55 immer
666 1942 144 55 noch
850 1946 356 58 unendlicher
1243 1950 411 67 Alpen-Häno-e

189 2003 256 71 Lagertet
1585 2007 30 22 °

186 2076 150 55 Wild
376 2083 99 52 wie
516 2083 131 55 mild
687 2088 518 76 ineinandergefügt

185 2149 378 61 Reihenweise

184 2222 92 55 Bis
316 2227 82 53 ins
439 2225 161 58 letzte
642 2228 168 58 Glied
849 2233 101 56 der
986 2236 220 58 Welten
1245 2244 294 70 züngelnd,

182 2294 435 77 Körperkrampf
654 2305 111 54 und
805 2307 352 72 dionysische
1198 2312 177 75 Orgie

180 2368 107 56 Ihr!
329 2370 190 57 Hellas
558 2375 327 59 athletische
925 2380 252 60 Knaben.

177 2440 337 72 Hymnische
553 2446 193 59 Hirten
795 2451 229 75 (Olymp
1066 2479 163 35 euere
1270 2460 186 71 Brust)
1497 2464 273 71 glänzend
1817 2473 112 55 und
1969 2478 305 64 enghüftig.

179 2537 70 31 an
290 2520 408 72 erzmaschigen
739 2524 374 62 Panzerhemd
1225 2531 146 60 Päan
1413 2535 264 61 Gewitter
1710 2572 43 6 -
1789 2544 428 74 kampfsüchtig.

177 2592 186 51 Dlhgii
405 2592 98 54 der
541 2592 184 58 Zonen
772 2597 415 75 Sinter-Dürre,
1229 2606 265 75 brüchige
1535 2611 466 64 Kadaver-Poren
2042 2623 230 58 fieberte

1672 2689 81 55 ihr
1792 2690 228 71 heiliger
2060 2695 208 66 Regen.

175 2740 712 71 Malaien-Lippen-Küsten
927 2768 175 52 sogen
1141 2752 254 59 wühlend
1435 2758 128 55 dich
1604 2763 313 73 inbrünstig
1955 2789 68 35 an
2052 2775 215 52 meinen

181 2878 18 34 T
207 2879 43 21 ..,
486 2883 42 29 D
537 2887 11 10 .
1146 2896 27 16 „
1237 2898 19 14 ,
1371 2831 275 57 innersten
1685 2835 576 77 Raubtier-Gehegen.

167 2885 103 62 Jah
330 2902 96 35 aus
485 2885 459 63 Riesen-Phallus
1003 2895 175 57 schoß
1237 2898 398 63 Lawa-Samen
1676 2907 367 61 kataraktisch
2093 2915 171 58 durch

169 2954 241 71 Wange;
449 2954 180 61 Distel
670 2961 111 56 und
822 2972 320 53 entwässert
1932 2984 23 71 [
1955 2992 142 51 mein
2138 2989 124 59 Blut

168 3037 210 45 urunte
416 3034 189 64 weich,
647 3034 190 57 betaut
874 3060 125 34 vom
1040 3040 219 60 Schnee
1300 3046 101 56 des
1442 3048 228 58 Flaums.

1197 3292 38 51 II

165 3343 198 60 Brüllte
403 3352 86 53 ich

163 3414 261 61 Visionen
464 3424 381 74 schwangerer
882 3432 162 70 Stier,

271 3495 93 51 mit
405 3498 174 53 einem
608 3500 185 58 Bauch
834 3507 137 68 prall
1009 3530 108 34 von
1158 3511 99 56 der
1282 3512 386 77 Bespringung
1695 3523 152 55 eines
1875 3523 218 60 Dämon
2134 3531 114 55 auf-

159 3629 467 69 Zerstörerischen
654 3645 135 58 Blitz
817 3673 96 33 aus
951 3652 110 56 den
1091 3655 252 58 Hörnern
1371 3660 365 61 schleudernd
1764 3690 186 51 gegen
1978 3609 270 125 dllTrisle

156 3777 48 36 r
505 3793 24 11 ~
696 3791 12 12 ,
807 3723 344 61 Endlichkeit
1191 3753 189 34 euerer
1419 3734 346 74 alltäglichen
1804 3743 336 61 Landschaft

156 3786 261 68 uefraßig
452 3791 259 66 würgend
751 3793 200 59 Frucht
975 3799 133 57 Saat
1134 3803 169 56 Baum
1331 3807 111 54 und
1477 3831 67 33 an
1581 3812 99 54 der
1704 3814 317 71 elegischen
2043 3819 202 64 Quelle

983 3874 108 56 den
1130 3878 399 72 unschuldigen
1568 3884 135 57 Leib
1745 3890 151 56 eines
1936 3890 167 60 Gotts
2145 3939 7 10 .
2185 3940 13 10 .
2228 3941 13 9 .
