2651 3418
243 421 47 29 die
316 420 106 40 lustige
444 420 210 30 Chansonette
680 418 53 30 mit
759 417 69 29 dem
853 415 113 30 kecken
991 412 112 40 Stumpf-

243 468 140 36 n'aschen,
401 467 68 29 dem
486 466 225 40 geschminkten
725 464 119 30 kleinen
858 461 188 34 Miindchen,
1061 459 60 30 den

243 515 224 39 ausgelassenen
486 513 167 30 Geberden
674 511 62 31 und
757 511 70 28 dem
847 506 275 32 unverwiistlichen

243 561 138 30 L'acheln.
424 561 121 29 Diesem
568 559 117 30 Genius
706 558 38 30 ist
770 567 31 19 er
823 565 66 19 treu
914 553 157 39 geblieben
1091 552 31 29 in

243 609 76 29 alien
346 608 103 30 semen
472 607 144 35 Plakaten,
641 616 64 20 yon
726 605 100 28 denen
848 611 30 19 er
900 600 84 29 mehr
1006 600 38 27 als
1067 600 54 27 800

243 654 169 39 geschaffen
432 655 58 28 hat.
522 655 69 37 Mag
613 662 32 20 er
667 661 63 20 nun
751 649 66 30 cine
832 649 122 32 Mutter,
976 644 46 30 die
1038 645 85 30 ihren

243 702 134 29 Kindern
393 700 156 42 Spielzeug
571 699 134 34 schenkt,
727 694 165 34 darstellen,
915 701 66 29 mag
1003 700 31 20 er
1056 691 65 30 cine

243 749 138 38 Zeitung,
390 749 88 28 einen
484 746 104 36 Wein,
596 740 337 40 einTheatertelephon,
941 738 162 30 eineKunst-

244 794 180 40 ausstellung
446 793 150 39 anzeigen,
623 793 104 27 immer
751 788 99 38 bringt
875 795 31 20 er
933 784 111 30 wieder
1071 787 50 28 das

243 842 55 29 toll
350 839 295 42 einherspringende,

244 899 63 19 yon
327 897 98 21 unten
447 887 197 33 beleuchtete,

244 934 237 30 verfiilirerische
516 934 112 28 Frauen-

243 984 124 28 zimmer
384 992 63 19 yon
467 981 53 28 der
535 979 110 30 Pariser

243 1028 322 41 Spezialitatenbiihne,
592 1025 54 29 mit

244 1076 69 29 dem
334 1075 152 39 grazibsen
503 1071 141 31 L'acheln.

305 1123 115 29 Cheret
435 1121 49 30 hat
498 1129 56 21 vor
569 1117 77 30 alien

245 1169 131 29 anderen
400 1167 163 29 Kiinstlern
593 1163 53 30 dcs

244 1216 110 29 Plakats
390 1214 81 29 nicht
506 1222 57 20 nur
598 1209 47 30 die

245 1267 135 34 grbssere
408 1260 72 30 Zahl
513 1259 54 29 der
597 1266 33 29 ge-

246 1307 172 31 schaffenen
440 1306 116 30 Werke
577 1312 52 21 vor-

245 1366 59 25 aus,
320 1355 47 29 bei
381 1355 61 29 ihm
458 1353 36 29 ist
509 1351 74 30 auch
598 1349 48 29 die

245 1395 386 46 grbsstekiinstlerischeEin-

246 1447 179 31 heitlichkeit
461 1456 37 20 zu
534 1444 111 30 finden.

245 1495 40 29 Er
306 1495 51 29 hat
383 1505 63 19 yon
467 1492 122 38 Anfang
611 1499 35 19 an

247 1544 133 38 gespiirt,
396 1541 64 29 dass
477 1540 49 29 das
542 1537 105 33 Plakat,

246 1588 49 28 das
317 1587 63 29 sich
399 1585 166 41 ungesucht
585 1581 47 30 auf-

247 1634 134 39 drangen
396 1633 64 37 soil,
478 1632 85 30 keine
577 1638 52 21 vor-

248 1682 122 34 nehme,
395 1680 85 29 keine
510 1678 136 31 dezente,

248 1727 133 29 sondern
431 1726 65 30 cine
541 1723 90 31 markt-

248 1774 210 30 schreierische
485 1773 95 29 Kunst
601 1770 45 33 ist,

247 1820 112 30 under
374 1821 49 29 hat
438 1830 30 18 es
484 1818 96 30 sofort
596 1815 53 31 mit

248 1867 173 39 derjenigen
496 1865 136 29 Kulturer-

248 1913 163 39 scheinung
467 1922 57 30 eng
583 1919 50 20 ver-

247 1958 117 42 kniipft,
383 1960 48 29 bei
451 1959 52 30 der
526 1969 46 19 am
589 1966 40 20 we-

248 2006 119 40 nigsten
392 2017 61 19 yon
476 2003 153 32 Vornehm-

248 2052 77 37 heit,
353 2063 45 19 am
431 2052 126 30 meisten
587 2058 64 21 yon

248 2099 78 30 Chic
362 2110 36 19 zu
436 2098 137 31 erzahlen
602 2096 47 29 ist.

248 2146 111 29 Ferner
381 2147 50 29 hat
455 2157 32 18 er
514 2143 135 34 bedacht,

248 2192 65 30 dass
341 2193 111 30 seinem
473 2189 177 33 Kunstwerk

248 2239 87 29 keine
344 2240 85 38 lange
441 2238 209 30 Lebensdauer

249 2286 181 30 beschieden
455 2286 50 36 ist,
529 2284 121 31 under

248 2334 50 29 hat
319 2333 47 30 nic
392 2333 87 30 einen
502 2329 186 43 Augenblick
709 2325 139 32 versucht
870 2333 29 19 es
921 2324 204 30 monumental

248 2390 38 19 zu
312 2380 157 39 gestalten:
497 2375 227 43 wirkungsvoll,
754 2369 185 33 sensationell
965 2369 102 30 wollte
1095 2380 31 22 er

249 2437 31 19 es
309 2428 135 29 machen.
494 2427 39 29 So
562 2426 49 30 hat
640 2434 43 25 er,
708 2421 53 30 der
787 2427 76 21 erste
888 2417 157 29 Vertreter
1073 2418 53 29 dcs

248 2474 236 29 kiinstlerischen
512 2474 122 33 Plakats,
666 2468 94 42 gleich
782 2465 46 30 die
851 2463 275 40 Hauptbedingung

248 2520 50 31 fur
314 2520 50 30 em
378 2520 96 31 Plakat
488 2520 139 30 erkannt:
642 2528 31 20 es
689 2524 76 22 muss
778 2511 144 32 auffallen.
954 2509 37 29 Es
1004 2509 123 31 braucht

249 2568 64 29 sich
338 2567 83 29 nicht
449 2578 50 18 urn
529 2567 47 28 die
604 2563 165 42 jeweiligen
790 2555 276 40 Schonheitsregeln
1088 2567 38 19 zu

249 2615 165 36 kiimmern,
437 2624 90 19 wenn
549 2623 30 19 es
601 2623 56 19 nur
679 2609 119 32 auffallt.
839 2605 114 30 Cheret
971 2603 89 28 selbst
1082 2613 30 19 er-

249 2662 96 28 reicht
356 2661 49 28 das
418 2660 95 30 durch
524 2661 80 28 seine
615 2659 127 40 lustigen
752 2655 121 30 Farben.
888 2651 107 29 Wenn
1006 2659 68 19 man
1086 2650 40 28 sic

250 2717 172 21 zusammen
436 2707 54 29 mit
511 2706 98 30 seiner
623 2704 210 39 iibermiitigen
848 2698 174 37 Zeichnung
1042 2696 84 36 sieht,

250 2766 34 18 so
310 2755 93 29 meint
425 2764 68 19 man
513 2754 119 29 Becken
657 2752 63 31 und
740 2751 179 31 Tam-tam,
940 2743 49 30 das
1012 2743 114 29 Gesurr

251 2813 61 19 yon
331 2801 123 30 tausend
476 2801 175 29 animierten
667 2795 279 43 Faschingstimmen
967 2801 37 19 zu
1022 2790 103 29 horen.

1263 414 94 30 Noch
1381 412 32 33 in
1437 414 99 31 einem
1560 415 96 30 Punkt
1681 414 36 31 ist
1739 414 115 31 Cheret
1880 414 123 30 Meister
2023 413 63 31 und

1203 460 82 29 wohl
1313 462 172 30 unerreicht
1575 462 32 29 in
1634 462 53 28 der
1712 462 59 29 Art
1799 461 140 36 n'amlich,
1968 462 56 28 wie
2053 471 33 19 er

1203 506 48 29 die
1266 507 110 30 Schrift
1391 508 203 40 anzubringen
1609 508 95 30 weiss.
1733 509 89 30 Auch
1833 508 82 29 darin
1926 508 66 29 sind
2004 508 81 29 seine

1203 553 115 30 Plakate
1341 554 47 30 die
1410 555 403 41 zweckentsprechendsten,
1835 555 67 29 weil
1924 565 30 19 es
1970 554 116 30 einfach

1203 600 175 40 unmbglich
1398 601 51 37 ist,
1476 602 40 29 sic
1538 602 168 30 anzusehen
1728 602 80 30 ohne
1830 601 46 30 die
1899 602 109 30 Schrift
2032 602 54 29 mit

1203 646 231 31 aufzunehmen:
1468 649 40 29 sic
1535 649 92 29 bildet
1657 648 53 30 mit
1737 649 52 28 der
1818 648 189 40 Darstellung
2034 659 35 19 zu-

1203 703 132 20 sammen
1357 695 50 29 em
1429 695 186 30 dekoratives
1638 696 127 29 Ganzes.

1264 741 110 30 Wenn
1399 743 54 28 wir
1478 752 55 19 uns
1556 752 33 19 so
1611 742 271 40 vergegenwartigt
1902 742 105 35 haben,
2028 741 58 30 wie

1203 787 116 30 Cheret
1339 787 30 32 in
1391 789 96 29 seiner
1509 790 95 28 Kunst
1626 788 95 30 Inhalt
1740 788 64 30 und
1826 789 103 36 Form,
1952 788 134 30 Herstel-

1687 836 176 38 lungsweise
1881 836 63 29 und
1963 835 103 30 Zweck-

1688 881 166 40 massigkeit
1882 882 139 30 einander
2053 892 33 19 so

1689 929 200 40 entsprechen
1923 929 69 29 lasst
2023 928 63 30 und

1688 984 89 20 etwas
1815 986 33 19 so
1885 975 201 31 einheitlich.es

1687 1021 113 37 schafft,
1823 1033 33 19 so
1873 1023 142 29 mbchten
2035 1022 52 30 wir

1686 1069 52 30 ihn
1749 1069 83 29 nicht
1844 1080 56 18 nur
1912 1069 61 29 den
1986 1069 100 35 Vater,

1688 1116 132 29 sondern
1836 1126 49 29 gar
1906 1115 60 30 den
1987 1115 100 39 Kbnig

1688 1163 52 29 der
1756 1163 185 29 Plakatkunst
1957 1173 130 18 nennen.

1748 1210 37 28 Es
1807 1210 81 38 giebt
1910 1209 96 39 wenig
2025 1209 42 29 Ab-

1688 1256 173 39 wechslung
1889 1256 47 28 bei
1960 1256 76 35 ihm,
2063 1256 25 39 ja

1689 1312 31 20 er
1728 1302 126 30 arbeitet
1864 1312 84 29 sogar
1959 1301 114 31 zweifel-

1688 1349 45 29 los
1753 1350 77 28 nach
1850 1349 54 29 der
1918 1349 106 29 einmal
2039 1359 33 29 ge-

1689 1406 173 20 wonnenen
1915 1395 173 36 Schablone,

1688 1443 63 29 und
1766 1443 108 29 manch
1886 1442 140 30 Anderer
2039 1442 50 29 hat

1689 1489 57 30 viel
1765 1489 188 39 geistvollere
1972 1489 116 28 Werke

1689 1535 181 40 geschaffen,
1882 1536 68 29 aber
1965 1545 33 19 so
2015 1544 73 30 ganz

1689 1583 62 29 und
1761 1593 48 29 gar
1815 1582 112 30 Plakate
1935 1582 55 28 wie
1999 1582 89 34 seine,

1689 1630 66 29 sind
1783 1629 48 30 die
1860 1628 147 31 Arbeiten
2035 1627 54 30 der

1689 1676 131 29 anderen
1842 1676 90 30 nicht.

1749 1724 110 29 Gehen
1876 1725 53 29 wir
1945 1725 96 40 gleich
2051 1736 38 18 zu

1689 1770 97 29 einem
1808 1770 53 29 der
1878 1771 211 38 geistvolleren

1689 1817 155 36 Kiinstler,
1889 1817 98 30 einem
2033 1818 53 29 der

1689 1863 228 30 raffiniertesten
1956 1864 132 37 Meister,

1689 1910 46 29 die
1763 1920 30 19 es
1819 1911 27 38 je
1869 1911 135 38 gegeben
2031 1912 57 35 hat,

1689 1966 38 20 zu
1746 1957 97 29 Henri
1865 1957 37 29 dc
1917 1958 171 29 Toulouse-

1689 2004 127 29 Lautrec
1827 2003 83 30 iiber.
1930 2004 35 28 In
1976 2004 112 30 seinem

1689 2050 243 29 zeichnerischen
1951 2052 137 35 Kbnnen,

1689 2096 30 30 in
1746 2096 113 30 seinem
1883 2097 188 30 Phantasieen-

1689 2143 145 30 reichtum
1856 2144 80 29 steht
1956 2154 32 19 er
2008 2145 81 28 hoch

1689 2190 74 29 iiber
1794 2190 121 30 Cheret.
1970 2190 39 29 Er
2041 2191 48 29 hat

1689 2237 151 29 vielleicht
1858 2237 168 40 iiberhaupt
2041 2237 47 29 die

1689 2284 127 29 meisten
1837 2284 63 29 und
1920 2284 168 39 witzigsten

1207 2328 123 31 Einfalle
1365 2330 106 39 gehabt
1502 2341 62 20 yon
1595 2330 75 29 alien
1700 2330 267 31 Plakatzeichnern.
2014 2332 74 28 Was

1207 2373 59 38 ihn,
1297 2377 131 29 bewusst
1449 2378 75 28 oder
1551 2377 188 35 unbewusst,
1764 2387 70 19 zum
1855 2378 96 28 Plakat
1978 2378 109 34 fiihrte,

1207 2431 59 19 war
1288 2422 50 29 das
1361 2422 125 38 Gefiihl,
1508 2424 64 29 dass
1594 2433 30 20 es
1647 2423 65 29 cine
1727 2424 290 38 Augenblickskunst
2039 2425 49 35 sei,

1207 2466 66 30 cine
1296 2469 108 36 Kunst,
1432 2470 93 29 deren
1547 2471 193 38 Erzeugnisse
1770 2471 112 28 schnell
1906 2471 64 29 und
1992 2471 95 29 sicher

1207 2523 56 20 vor
1284 2514 70 30 dem
1376 2516 85 39 Auge
1484 2516 52 30 dcs
1557 2516 167 30 Publikums
1747 2517 236 31 verschwinden.

1269 2562 70 27 Man
1367 2563 82 28 stelle
1482 2563 62 29 sicli
1572 2563 88 29 einen
1688 2564 140 29 Kunstler
1856 2574 63 24 vor,
1947 2563 45 29 bei
2018 2562 68 28 dem

1207 2606 47 29 die
1264 2607 123 30 Einfalle
1399 2608 170 29 immerfort
1580 2609 143 39 sprudeln
1733 2609 62 28 und
1808 2609 47 28 bei
1867 2609 67 28 dem
1947 2608 139 29 mancher

1208 2653 144 29 Gedanke
1380 2654 80 30 wohl
1486 2654 108 35 albern,
1620 2654 76 28 oder
1720 2665 49 27 gar
1795 2654 225 38 abgeschmackt
2039 2654 46 32 ist,

1206 2699 63 28 und
1290 2700 167 39 iiberhaupt
1478 2709 56 19 nur
1556 2699 52 29 der
1630 2700 171 38 Beachtung
1822 2709 76 19 wert
1925 2700 45 35 ist,
1996 2710 90 19 wenn

1206 2754 32 19 er
1252 2744 30 30 in
1298 2746 53 29 der
1366 2746 61 29 Eile
1442 2746 112 29 schnell
1570 2756 36 18 an
1620 2755 56 19 uns
1699 2746 224 39 voriiberfliegt;
1945 2747 141 29 mancher

1206 2791 108 28 andere
1340 2791 112 28 wieder
1474 2791 54 28 wie
1552 2791 47 28 em
1621 2791 136 28 dummer
1779 2792 86 28 Witz
1889 2792 97 37 wirkt,
2011 2793 76 31 iiber

1458 2245 61 18 JUI.ES
1534 2245 86 14 CHERET

1252 2973 0 0 331
