2651 3418
271 425 72 33 chen,
363 429 42 27 em
422 440 61 27 paar
501 436 80 32 grime
596 432 133 27 Blattchen
748 442 46 16 vor
812 431 43 27 der
870 433 81 30 Brust,
971 431 39 27 em
1026 430 60 28 Lied
1102 430 49 28 auf

270 464 48 27 den
333 468 106 38 Lippen,
454 472 48 25 mit
516 470 129 35 frischem,
664 473 120 26 leichtem
796 473 101 30 Schritt,
917 472 53 27 voll
991 471 156 37 drangender

271 506 64 26 Hast
360 510 54 25 und
434 512 143 26 Sehnsucht
598 513 66 27 nach
683 514 84 25 Sonne
789 512 54 26 und
864 512 94 27 Flieder
979 512 53 27 und
1053 514 93 24 Rosen.

272 546 164 40 Ungeduldig
451 552 54 26 und
519 553 132 36 neugierig
665 552 55 27 und
735 552 79 27 kaum
826 552 70 27 mehr
907 559 99 20 warten
1016 552 131 32 kbnnend,

271 594 52 18 wie
337 589 106 32 Kinder,
458 602 78 16 wenn
552 602 24 16 es
590 593 191 26 Weihnachten
796 593 101 36 zugeht,
917 602 32 16 an
965 592 67 27 alien
1045 593 104 26 Thiiren

271 626 131 30 horchend
424 631 54 26 und
498 632 81 26 durch
599 633 40 26 die
663 632 213 27 Schliissellbcher
897 632 119 37 guckend
1029 653 62 7 ....
1118 635 30 24 Es

271 673 9 16 J
286 673 26 18 st
333 669 23 34 ja
383 669 67 28 doch
479 673 67 25 auch
574 673 43 26 das
642 673 191 26 Weihnachten
860 673 43 25 der
925 675 123 29 Grossen,
1070 673 79 27 dieser

273 707 226 31 wiederkehrende
513 713 158 36 Friihling..
685 734 6 6 .
709 712 47 27 mit
776 712 59 27 dem
853 712 92 27 blauen
960 712 95 28 Glanze
1070 714 79 26 seines

271 745 135 37 Himmels,
422 751 47 27 mit
480 751 49 27 den
541 751 160 27 funkelnden
713 752 118 26 Lichtern
842 753 79 25 seiner
933 755 93 29 Sonne,
1041 754 48 25 mit
1100 753 49 26 den

273 786 116 35 Blumen,
408 791 48 26 mit
477 791 81 27 denen
577 802 26 16 er
624 795 97 25 Garten
740 792 52 26 und
812 793 108 25 Wiesen
938 793 144 32 schmiickt,
1102 794 48 25 mit

273 826 57 27 dem
345 828 120 39 duftigen
485 832 80 31 Blust,
585 832 48 26 den
651 842 25 16 er
695 842 33 16 an
747 832 41 26 die
802 833 96 25 Baume
917 833 91 36 hangt,
1029 834 46 26 mit
1090 833 59 27 dem

272 865 161 31 Zwitschern
458 872 80 27 seiner
555 872 155 27 Schwalben
726 894 6 5 .
749 893 6 6 .
771 893 6 6 .
797 872 54 27 und
870 873 135 27 Wtinsche
1029 873 71 27 hatte
1124 883 27 17 er

272 906 73 27 wohl
365 909 144 29 ebensoviel
528 922 32 16 zu
580 911 121 32 erfiillen,
722 912 35 26 als
776 911 44 27 der
837 913 251 27 Weihnachtsmann
1109 913 41 27 bei

272 943 47 29 den
334 949 116 28 Kleinen.

333 989 103 27 Hannie
457 991 87 27 nickte
562 1001 58 21 nur,
639 992 54 26 und
710 994 23 33 je
752 993 90 26 weiter
861 993 35 25 sic
914 1002 44 17 aus
977 993 49 26 den
1041 995 109 25 Strassen

271 1028 197 33 ninauskamen,
489 1042 45 16 urn
554 1041 28 16 so
602 1031 79 27 stiller
699 1042 82 17 sassen
800 1032 35 27 sic
854 1032 41 32 da,
918 1032 52 27 und
992 1033 48 26 mit
1054 1043 46 17 urn
1121 1043 29 17 so

273 1066 196 31 ieuchtenderen
490 1072 93 36 Augen
605 1071 111 27 blickten
737 1072 34 26 sic
790 1072 28 26 in
839 1071 41 27 die
898 1071 151 27 leuchtende
1068 1073 83 27 Welt.

272 1104 29 26 Es
317 1117 56 18 war
388 1110 97 27 wieder
500 1111 72 26 bunt.
605 1113 31 24 Es
654 1112 49 36 gab
717 1111 97 27 wieder
828 1112 102 31 Farben,
952 1111 50 27 auf
1015 1112 43 27 das
1077 1113 74 36 lange

274 1144 131 42 eintbnige
426 1153 70 24 Grau
519 1151 41 26 dcs
578 1152 116 26 Winters
715 1152 55 26 hin.
807 1153 64 25 Hart
892 1152 54 26 und
967 1153 63 35 grell
1051 1152 100 28 freilich

273 1190 101 24 stiessen
389 1190 34 26 sic
437 1191 70 26 noch
522 1192 162 30 aneinander,
699 1192 68 26 ohne
781 1192 175 36 Uebergange,
976 1192 53 26 und
1041 1192 42 28 die
1097 1193 42 27 ein-

274 1224 86 29 zelnen
375 1231 99 26 Hauser
489 1231 105 27 standen
609 1231 26 26 in
651 1231 42 27 der
704 1231 155 27 Landschaft
874 1242 28 16 so
917 1238 62 21 Starr
992 1232 54 27 und
1062 1232 89 32 leblos,

274 1265 35 25 als
326 1267 33 26 ob
375 1270 34 26 sic
423 1270 70 27 noch
507 1270 119 37 gefroren
641 1281 96 21 waren,
755 1281 28 16 so
803 1278 40 19 tot
857 1271 53 26 und
925 1271 61 26 steif
997 1273 53 25 und
1068 1272 83 37 eckig,

273 1312 50 18 wie
338 1307 40 27 die
398 1310 63 36 grob
477 1311 170 36 geschnitzten
662 1311 213 26 Holzblbckchen
894 1312 67 25 einer
980 1312 158 38 Kinderspiel-

275 1345 136 30 schachtel.
443 1351 47 25 Em
498 1352 88 34 wenig
598 1350 167 37 aufsteigend,
777 1351 68 26 doch
856 1351 65 27 flach
933 1352 53 26 und
997 1351 63 28 eben
1072 1360 79 24 sonst,

275 1385 92 28 dehnte
382 1390 55 26 sich
451 1391 43 25 das
506 1391 71 26 Land
592 1391 65 26 nach
672 1391 67 26 links
754 1391 54 26 und
822 1391 81 26 rechts
918 1402 79 26 gegen
1013 1392 40 26 die
1064 1393 73 26 Eisen-

274 1424 170 32 bahndamme
459 1430 54 32 hin,
528 1430 50 27 fast
593 1430 113 27 schwarz
721 1432 77 30 noch,
818 1441 49 16 nur
886 1430 32 27 da
937 1431 54 26 und
1011 1431 58 26 dort
1088 1443 63 25 ganz

275 1466 122 32 plotzlich
411 1470 55 26 und
481 1470 173 26 unvermittelt
669 1481 51 16 yon
736 1472 82 25 einem
833 1471 101 36 langen,
955 1473 181 34 griin-werden-

273 1506 149 29 wollenden
433 1509 108 27 Streifen
555 1511 198 31 unterbrochen,
767 1512 28 25 in
805 1510 44 26 der
859 1513 75 24 Feme
945 1512 26 25 in
983 1511 169 37 lichtgrauem

273 1543 83 30 Dunst
371 1551 240 26 verschwimmend.

331 1588 118 28 Ueberall
465 1590 58 27 aber
538 1591 61 26 roch
615 1601 24 16 es
659 1591 51 26 wie
730 1590 66 27 nach
811 1590 102 26 keimen
928 1590 142 27 wollender
1084 1594 67 29 Saat,

273 1631 51 20 wie
339 1629 66 26 nach
424 1629 105 27 frischer
544 1630 93 32 Milch,
657 1630 207 31 lebenweckend,
885 1629 95 38 kraftig
998 1631 54 25 und
1072 1631 79 37 erdig,

273 1665 52 26 und
338 1667 26 26 in
376 1668 44 27 der
432 1669 62 26 Luft
505 1670 42 36 lag
559 1673 67 33 jenes
637 1670 67 31 leise,
716 1671 69 25 noch
795 1670 62 26 halb
868 1669 150 37 schlaferige
1030 1672 121 31 Blinzeln,

273 1704 43 26 das
331 1707 83 28 einem
429 1710 87 26 vollen
531 1711 140 26 Erwachen
686 1711 162 35 vorausgeht.

332 1747 137 29 Halensee!

335 1788 52 25 Der
398 1790 57 35 Zug
469 1789 63 27 hielt
546 1789 48 27 auf
602 1790 43 26 der
657 1797 47 19 erst
715 1800 47 16 vor
779 1789 103 27 kurzem
893 1789 76 37 fertig
979 1790 172 36 gewordenen

275 1830 103 26 grossen
389 1829 106 31 Briicke,
511 1836 74 19 unter
600 1830 43 26 der
658 1831 53 25 sich
726 1830 41 26 die
778 1830 224 36 Schienenstrange
1017 1830 42 26 der
1070 1832 65 35 Ring-

272 1864 53 26 und
341 1868 262 27 Vorort-Bahnlinien
619 1870 142 27 hinziehen.

331 1907 41 26 Sic
385 1918 124 27 sprangen
524 1910 38 26 ab.

332 1947 54 27 Vor
407 1949 60 31 vier,
488 1948 64 28 fiinf
568 1950 90 33 Jahren
679 1960 57 16 war
756 1950 55 26 hier
829 1949 69 27 Alles
918 1949 69 27 noch
1008 1949 143 27 kulturlose

274 1983 354 32 Grunewald-Landlichkeit
647 2010 6 6 .
670 2010 5 6 .
692 2010 6 7 .
719 1990 48 25 mit
787 1989 171 27 Eierschalen-
973 1990 53 26 und
1041 1990 98 27 Stullen-

275 2026 220 39 papier-Ausputz.
517 2030 49 26 Em
577 2040 59 26 paar
644 2029 83 27 kleine
737 2032 100 24 Hauser
848 2040 32 17 an
892 2030 42 26 der
945 2030 206 38 Bahnbbschung

273 2065 54 26 und
342 2066 43 28 das
401 2069 49 26 alte
466 2070 157 30 ,Wirtshaus
638 2080 42 16 am
695 2070 133 27 Halensee'
842 2081 56 16 war
913 2070 68 31 alles,
1049 2070 38 28 bis
1098 2072 54 26 sich

272 2103 80 29 neben
363 2108 94 27 diesem
469 2109 41 26 em
522 2119 58 27 paar
588 2110 274 36 Vergntigungslokale
870 2109 149 34 aufthaten;
1031 2112 121 26 zuniichst

276 2150 49 20 nur
346 2147 43 27 dcs
406 2149 244 37 Sonntagsverkehrs
671 2160 99 26 wegen.
798 2151 83 26 Nicht
897 2151 75 36 lange
988 2152 93 34 jedoch
1099 2153 52 25 und

273 2190 59 20 man
347 2186 53 38 fing
416 2190 67 25 auch
497 2190 143 35 gegeniiber
654 2190 54 26 und
723 2191 80 25 rechts
820 2191 51 26 und
883 2191 66 26 links
964 2191 85 27 davon
1065 2202 41 21 an,
1121 2202 30 17 zu

273 2224 89 29 bauen.
378 2229 48 26 Die
438 2230 85 25 Stadte
534 2230 153 35 hcutzutage
699 2230 99 36 pflegen
809 2231 55 26 sich
877 2233 32 33 ja,
921 2231 52 27 wie
984 2232 111 26 voreinst
1106 2241 46 17 urn

270 2262 103 30 Klbster
385 2269 53 26 und
452 2269 119 31 Kirchen,
584 2280 46 16 urn
643 2270 175 27 Wirtshauser
827 2270 54 27 und
893 2271 154 26 Tanzbbden
1061 2271 90 26 herum

271 2309 30 18 zu
315 2303 94 32 bilden.
432 2308 62 27 Und
508 2310 41 25 em
560 2310 58 33 Jahr
632 2317 81 29 spater
726 2311 69 25 hatte
809 2310 56 25 cine
876 2309 96 37 findige
984 2310 167 37 Spekulation

271 2343 40 25 die
326 2355 78 26 ganze
413 2349 112 36 Gegend
544 2350 81 25 schon
645 2351 48 24 mit
707 2350 120 35 Beschlag
847 2349 89 36 belegt.
965 2352 111 25 Strassen
1095 2352 53 26 und

272 2383 135 37 Bauplatze
428 2389 110 27 wurden
560 2389 153 36 abgesteckt,
732 2390 40 26 die
791 2389 103 27 kleinen
912 2390 235 38 halbversumpften

269 2423 76 28 Seeen
361 2428 183 37 ausgebaggert
559 2429 53 27 und
627 2430 27 26 in
668 2428 62 28 feste
743 2428 65 27 Ufer
822 2429 138 37 gedammt.
984 2430 68 27 Villa
1066 2431 81 26 neben

273 2464 63 26 Villa
352 2468 86 26 schoss
453 2479 96 27 empor.
579 2470 48 25 Die
646 2469 50 26 alte
710 2472 92 23 Strasse
821 2469 65 26 nach
902 2469 141 26 Paulsborn
1057 2471 91 26 wurde

269 2501 154 38 verbreitert,
444 2509 151 34 chaussiert;
617 2510 26 25 in
663 2509 43 27 der
720 2509 77 26 Mitte
816 2509 40 26 em
875 2508 136 37 bequemer
1029 2511 118 37 Reitweg

270 2545 125 37 angelegt.
423 2548 116 26 Bracken
554 2550 108 26 wurden
676 2549 102 36 gebaut.
806 2548 69 28 Alles
894 2550 26 24 in
941 2550 108 26 modern
1063 2561 70 26 gross-

268 2588 92 31 artiger
373 2587 100 38 Anlage
489 2589 52 26 und
556 2589 47 26 mit
618 2590 83 26 einem
711 2588 76 32 Eifer,
803 2589 35 26 als
853 2589 74 26 sollte
942 2589 95 28 binnen
1050 2591 84 34 Jahres-

268 2622 56 26 tnst
345 2626 82 28 schon
449 2628 43 27 der
513 2628 50 27 alte
584 2629 98 37 geniale
700 2628 123 28 Gedanke
843 2639 55 17 nun
919 2630 48 26 mit
988 2631 83 25 einem
1091 2631 55 27 Mai

268 2667 66 22 seine
352 2667 228 38 Vcrwirklichung
601 2668 98 27 finden:
722 2669 49 26 den
794 2678 96 27 ganzen
915 2671 160 27 Grunewald
1097 2672 49 26 den

268 2704 150 29 Westlichen
432 2710 130 25 Vororten
577 2709 105 37 entlang
699 2719 31 16 zu
744 2710 83 25 einem
842 2719 101 26 grossen
958 2711 171 27 Promenaden-

268 2742 61 32 park
350 2747 127 27 zwischen
500 2749 83 27 Berlin
605 2749 53 27 und
676 2749 121 27 Potsdam
810 2750 210 28 umzuwandeln.

326 2785 63 26 Eine
408 2788 119 37 Zeitlang
548 2789 70 27 hatte
638 2799 24 17 es
683 2789 68 27 derm
770 2790 67 26 auch
857 2791 167 36 ausgesehen,
1046 2793 52 26 wie
1119 2801 25 16 es

1227 430 127 29 vielleicht
1373 428 41 27 bei
1436 428 43 27 der
1497 425 166 38 Erschaffung
1685 425 43 27 der
1745 424 73 27 Welt
1839 423 150 37 ausgesehen
2009 421 81 28 haben

1228 481 68 26 mag,
1315 479 54 17 nun
1384 469 57 26 aber
1455 467 73 27 stand
1542 467 59 27 alles
1616 466 41 31 da,
1675 476 28 17 so
1718 463 121 29 schmuck
1859 463 52 27 und
1926 462 95 32 sauber,
2036 461 53 27 dass

1228 521 61 17 man
1303 510 54 27 sich
1370 519 49 18 nur
1433 508 88 27 freuen
1535 507 106 31 konnte,
1656 506 54 27 dass
1726 505 41 27 der
1778 504 107 28 Menseh
1896 504 46 26 mit
1954 501 137 28 ordnender

1228 551 77 28 Hand
1320 551 53 26 hier
1388 547 167 39 eingegriffen
1575 548 54 26 und
1651 547 39 27 die
1705 545 189 31 unfruchtbare,
1909 542 182 28 kummerliche

1229 594 85 26 Natur
1332 591 79 26 dieses
1430 588 163 28 Sandbodens
1611 598 31 17 zu
1659 587 83 27 einem
1760 585 141 28 bliihenden
1921 587 94 24 Garten
2034 592 39 16 um-

1229 631 144 39 gewandelt
1387 631 77 26 hatte.

1289 674 48 29 Es
1348 671 64 27 sieht
1423 671 53 27 hier
1486 670 90 26 immer
1586 678 45 18 aus
1646 668 34 27 als
1693 667 32 27 ob
1737 677 24 16 es
2001 662 91 26 meinte

1230 713 101 27 Hannie
1346 712 85 36 lustig,
1447 710 72 32 und
1533 710 42 26 ich
1590 708 105 28 komme
1708 708 49 26 mir
1772 707 76 26 selber
1861 714 64 28 ganz
1938 701 153 37 feiertaglich

1230 753 57 28 vor!
1303 773 6 6 .
1325 773 7 7 .
1348 773 5 6 .
1375 753 69 25 Vom
1458 750 81 27 Wald
1557 749 44 26 hat
1615 759 59 16 man
1694 751 23 33 ja
1731 750 58 34 jetzt
1802 745 99 28 freilich
1919 744 80 27 nichts
2014 742 78 27 mehr.

1231 793 67 27 Alles
1320 793 31 26 ist
1371 792 129 37 abgeperrt
1519 790 53 26 und
1592 790 147 35 eingezaunt
1758 808 6 6 .
1780 808 6 6 .
1802 807 6 6 .
1828 786 54 27 und
1896 806 6 6 .
1918 806 5 6 .
1940 805 5 5 .
1966 783 126 31 verboten,

1230 843 46 17 wo
1291 843 60 17 man
1364 833 61 36 geht
1440 831 51 27 und

1290 874 63 30 Als
1368 872 33 27 ob
1416 872 42 26 das
1473 870 141 38 iiberhaupt
1625 869 41 27 em
1676 867 80 28 Wald
1768 875 116 28 gewesen
1895 875 76 20 ware,
1988 863 38 27 die
2035 871 58 28 paar

1231 913 158 37 armseligen,
1405 913 102 26 diinnen
1717 908 82 27 lachte
1812 908 60 33 Jost.

1291 955 83 30 Nun
1387 953 37 36 ja!
1439 973 7 7 .
1462 973 6 6 .
1484 972 6 7 .
1506 962 32 16 an
1552 960 85 17 unsere
1651 947 184 28 siiddeutschen
1850 945 106 27 Walder
1970 941 76 29 darfst
2060 941 33 26 dv

1231 994 128 27 natiirlich
1376 993 71 26 nicht
1463 991 109 27 denken!
1599 990 67 27 Aber
1680 1009 49 6 ...
1745 998 24 16 es
1784 988 31 25 ist
1828 985 83 28 doch
1923 985 87 28 schon,
2025 981 69 27 nicht

1231 1035 88 30 wahr,
1339 1035 101 26 Schatz?
1464 1031 91 28 Gleich
1574 1040 57 27 sag,
1657 1029 54 27 dass
1733 1039 22 16 es
1777 1028 78 26 schbn
1873 1027 31 24 ist
1923 1024 53 27 und
1996 1023 53 26 dass
2071 1030 22 16 es

1232 1074 121 27 wirklich
1368 1074 40 26 em
1423 1079 73 30 guter
1510 1066 122 32 Gedanke
1645 1079 56 17 war

1292 1113 104 33 War's
1412 1112 77 28 auch!
1505 1112 53 26 und
1570 1132 43 7 ...
1625 1110 86 27 weisst
1724 1109 43 30 dv,
1782 1117 57 17 man
1854 1105 72 27 sollte
1941 1104 87 26 immer
2041 1100 54 27 hier

1233 1155 100 26 bleiben
1347 1153 105 27 konnen

1293 1195 71 31 Ich
1385 1204 55 16 war
1460 1193 47 26 mit
1528 1189 200 29 einverstanden!
1760 1185 96 28 Sofort!
1888 1182 75 29 Guck
1982 1180 62 31 mal,
2064 1180 30 25 da

1233 1234 97 27 driiben
1347 1255 47 6 ...
1410 1234 39 25 so!
1473 1232 53 26 und
1546 1241 28 17 so
1589 1232 40 24 em
1645 1228 127 28 Gartchen
1792 1236 54 16 urns
1861 1224 83 27 Haus!
1976 1223 50 28 Na,
2044 1228 53 18 wer

1233 1276 75 25 weiss
1324 1294 5 6 .
1346 1294 5 6 .
1368 1294 6 7 .
1389 1272 128 28 vielleicht
1530 1271 121 27 kommt's
1667 1269 65 27 auch
1745 1267 69 27 noch
1828 1264 92 28 einmal
1934 1273 27 16 so

1293 1314 103 26 Hannie
1416 1314 70 25 hatte
1507 1312 84 26 semen
1612 1311 63 26 Arm
1695 1316 161 29 genommen.
1891 1306 30 24 Es
1943 1302 96 27 machte
2062 1308 34 17 sic

1233 1355 142 36 gliicklich,
1391 1354 53 26 dass
1454 1355 53 32 Jost
1518 1362 28 16 so
1557 1350 86 27 froher
1654 1349 145 34 Stimmung
1808 1355 54 17 war
1872 1344 54 27 und
1938 1343 45 27 alle
1993 1338 86 29 Wider-

1233 1394 181 37 wartigkeiten
1430 1392 41 27 fiir
1486 1393 49 26 den
1549 1389 161 38 Augenblick
1723 1396 127 28 vergessen
1865 1394 29 17 zu
1909 1383 81 27 haben
2004 1379 91 28 schien.

1233 1438 70 23 Ganz
1319 1443 128 27 vergessen
1463 1433 68 26 hatte
1550 1442 25 16 er
1592 1432 34 25 sic
1640 1432 23 34 ja
1678 1429 79 30 nicht,
1778 1427 61 26 dazu
1854 1425 93 26 kannte
1960 1422 35 27 sic
2008 1420 44 27 ihn
2066 1427 30 17 zu

1233 1484 91 27 genau.
1357 1474 67 26 Aber
1443 1474 34 25 sic
1492 1472 90 27 wollte
1602 1471 80 26 schon
1701 1467 72 28 dafiir
1791 1476 97 26 sorgen,
1908 1464 53 26 dass
1976 1462 34 26 sic
2023 1460 73 27 heute

1233 1515 153 35 wenigstens
1402 1513 73 26 keine
1491 1512 89 27 Macht
1594 1511 71 26 mehr
1679 1509 60 26 ber
1753 1508 45 26 ihn
1811 1505 131 27 bekamen.

1293 1556 32 25 Es
1340 1563 114 18 musste
1469 1554 22 34 ja
1507 1552 65 27 auch
1586 1557 47 30 gut
1647 1549 114 27 werden!

1292 1594 61 26 Und
1368 1604 28 16 so
1413 1593 128 38 plauderte
1555 1592 35 26 sic
1600 1590 53 27 und
1664 1590 107 26 scherzte
1782 1586 51 27 und
1845 1585 81 26 lachte
1937 1583 42 29 sic,
1994 1589 50 18 wie
2056 1587 38 16 em

1234 1635 78 30 Kind,
1327 1634 62 26 iiber
1403 1633 110 26 hundert
1532 1631 54 28 und
1607 1629 105 28 tausend
1730 1629 103 25 dumme
1850 1624 52 27 und
1917 1623 76 35 kluge
2007 1622 90 31 Dinge,

1233 1685 55 16 was
1303 1675 40 26 ihr
1358 1674 90 36 gerade
1462 1673 27 26 in
1503 1672 49 26 den
1567 1672 61 25 Sinn
1642 1670 70 29 kam,
1731 1667 52 27 und
1802 1666 75 26 baute
1891 1663 51 27 sich
1956 1662 40 25 die
2011 1658 72 37 prach-

1233 1715 93 36 tigsten
1336 1713 183 28 Luftschlbsser
1531 1713 27 25 in
1569 1711 49 26 den
1625 1710 92 26 blauen
1725 1702 244 40 Friihlingshimmcl,
1977 1697 119 29 wahrend

1231 1756 54 32 Jost
1300 1754 51 26 still
1370 1753 116 27 lachelnd
1506 1753 113 28 zuhbrte,
1638 1750 51 26 wie
1708 1758 59 17 man
1784 1747 37 26 im
1834 1743 81 28 Wald
1933 1739 98 38 liegend
2049 1738 47 26 den

1233 1794 125 26 Marchen
1376 1793 104 31 zuhbrt,
1500 1792 41 27 die
1558 1791 43 27 der
1619 1789 83 28 Wind
1723 1786 79 28 durch
1821 1786 39 26 die
1877 1780 100 39 Wipfel
1999 1779 98 27 rauscht

1233 1835 62 26 oder
1309 1835 55 26 cine
1380 1834 94 35 Quelle
1488 1831 171 38 geschwatzig
1673 1825 228 38 voriiberplaudert.

1293 2034 39 25 Sic
1343 2042 88 18 waren
1442 2032 55 26 cine
1508 2029 116 37 Zeitlang
1634 2039 28 16 so
1673 2034 139 30 gegangen,
1824 2023 35 27 als
1870 2030 42 18 aus
1921 2020 67 26 einer
1994 2016 85 28 Neben-

1232 2080 88 20 strasse
1335 2073 40 27 em
1390 2073 149 35 zerlumpter
1552 2070 54 26 und
1621 2067 166 34 schmutziger
1800 2066 78 33 Junge
1898 2058 47 29 auf
1958 2068 34 17 sic
2005 2058 89 26 zukam

1232 2113 54 27 und
1301 2113 48 26 mit
1364 2112 162 37 klaglichster
1541 2111 104 25 Stimme
1659 2110 52 32 Jost
1725 2113 77 19 etwas
1817 2098 197 40 entgegenhielt:

1292 2154 94 31 Bitte,
1401 2150 191 31 Streichhblzer,
1607 2149 67 27 mem
1689 2145 76 27 Herr!

1292 2193 100 28 Hannie
1406 2191 89 27 zuckte
1514 2190 59 27 leise
1587 2196 151 20 zusammen.
1768 2183 62 28 Wie
1850 2182 39 26 em
1903 2180 60 26 Blitz
1981 2178 58 25 fuhr
2056 2178 39 22 ihr

1233 2233 43 27 der
1290 2232 123 28 Gedanke
1427 2242 32 16 an
1474 2231 49 26 den
1537 2227 70 29 Brief
1617 2238 51 17 yon
1679 2224 98 28 Konsul
1791 2216 210 34 Erdmannshbfer
2015 2216 78 26 durch

1233 2273 48 26 den
1296 2272 79 38 Kopf,
1390 2272 53 27 und
1458 2272 46 26 mit
1518 2270 55 26 ihm
1586 2268 41 26 die
1641 2276 77 28 ganze
1729 2267 84 33 Sorge,
1828 2262 39 26 die
1882 2261 34 25 sic
1927 2268 27 17 so
1965 2261 61 22 weit
2036 2262 58 27 weg

1231 2312 122 38 geglaubt
1367 2312 79 26 hatte.
1475 2310 42 27 Ob
1531 2311 53 32 Jost
1598 2328 5 6 .
1620 2328 6 5 .
1642 2327 6 5 .
1664 2305 65 28 auch
1745 2325 5 6 .
1767 2325 6 6 .
1789 2305 20 24 .?

1291 2353 75 26 Doch
1380 2351 71 27 nein!
1468 2360 25 17 er
1507 2349 98 28 wehrte
1618 2347 77 35 ruhig
1709 2344 41 27 ab:

1288 2393 96 34 Jedoch
1398 2392 43 25 der
1454 2393 81 33 Junge
1550 2387 48 28 lief
1608 2387 111 27 unbeirrt
1736 2383 81 27 neben
1835 2382 43 25 her
1898 2377 51 27 und
1966 2377 126 34 jammerte

1229 2433 101 27 weiter:
1342 2432 48 31 Ik
1397 2431 50 27 hab
1455 2430 63 26 keen
1524 2431 76 24 Vater
1607 2426 83 28 mehr!
1703 2416 368 43 Bitte,Streichhblzgen,bitte_

1289 2473 98 31 Nein,
1396 2471 40 27 ich
1567 2471 151 22 antwortete
1722 2465 51 33 Jost
1779 2470 54 17 nun
1839 2456 250 31 ziemlichenergiscti.

1288 2511 80 33 Und
1383 2511 68 26 mine
1465 2510 96 26 Mutter

1287 2553 92 29 Liegt
1393 2551 46 25 seit
1453 2550 82 25 einem
1550 2546 90 27 halben
1654 2543 58 35 Jahr
1726 2539 90 28 krankl
1838 2539 72 24 Kenn
1925 2538 39 21 ich

1288 2592 79 31 Wir
1378 2588 95 29 kaufen
1612 2585 64 35 legte
1687 2581 53 27 sich
1753 2583 58 33 jetzt
1821 2575 100 28 Hannie
1931 2578 46 20 m.t
1988 2568 87 28 freund-

1227 2632 79 26 licher
1320 2631 105 26 Stimme
1440 2630 37 24 ins
1491 2625 94 28 Mittel.
1982 2649 6 4 .
2049 2645 7 7 .

1287 2671 66 26 Aber
1367 2670 43 26 der
1422 2670 80 32 Junge
1521 2666 54 25 liess
1594 2663 70 27 nicht
1683 2659 30 27 ab
1734 2657 54 28 und
1802 2664 88 27 sprang
1904 2660 49 18 wie
1967 2658 40 17 em
2021 2655 51 18 win-

1226 2711 97 27 selnder
1336 2708 81 28 Hund
1431 2707 80 26 neben
1525 2705 55 25 her:
1603 2697 87 37 Ftinf
1699 2696 118 37 Pfennig!
1836 2690 70 31 Fiinf

1287 2752 51 28 So
1359 2746 68 28 kauf
1444 2746 54 26 ihm
1520 2743 67 27 doch
1612 2741 40 26 em
1673 2735 195 29 Schachtelchen
1979 2727 108 25 flusterte

1226 2791 110 28 Hannie,
1352 2786 98 32 damit
1464 2794 60 17 man
1538 2782 45 26 ihn
1597 2780 37 27 los

1270 2988 0 0 293
