1549 2540
1330 2304 54 52 5

179 230 42 26 ist
243 237 117 19 neuem
375 229 249 31 Menschentum
640 234 111 35 größte
769 234 129 35 Gefahr,
923 236 223 40 Vernichtung
1163 240 89 28 einer
1268 250 106 19 neuen

180 270 299 29 aufschwellenden
497 272 196 38 Geistigkeit,
718 275 204 39 Verbildung
946 279 89 28 eines
1048 279 140 35 Wertes,
1212 282 59 27 das
1288 283 86 27 noch

179 311 90 28 nicht
297 313 202 35 gesprochen
528 314 49 28 ist.
623 316 339 31 Reformsozialismus
992 321 154 29 bedeutet
1174 322 179 38 Verbürger-

179 352 130 37 lichung
339 354 59 27 des
428 360 142 30 ganzen
593 356 133 29 Volkes.
772 358 229 39 Verurteilung
1024 371 40 19 zu
1087 363 287 30 Unfruchtbarkeit

179 394 68 28 und
268 394 130 28 innerer
414 395 189 35 Ohnmacht,
628 398 224 29 Assimilation
875 410 41 19 an
939 402 64 27 den
1026 405 223 36 ungeplagten,
1273 406 80 28 wohl-

179 436 186 33 habenden,
396 443 51 30 ge-
477 439 67 26 und
566 440 204 27 verbildeten
793 439 113 38 Typus
929 443 58 28 des
1010 444 150 38 heutigen
1183 446 189 37 Bourgeois.

179 476 339 31 Reformsozialismus
541 481 155 28 bedeutet
711 481 216 40 Verewigung
949 485 59 28 des
1031 486 148 38 Bürgers.
1212 488 61 28 Die
1296 489 57 27 Dik-

177 519 86 26 tatur
298 519 58 26 des
387 519 220 35 Proletariats,
644 523 125 27 welche
803 524 59 28 des
892 526 266 31 Kommunismus
1192 530 180 28 wahrhafte

177 558 282 40 Verwirklichung
481 562 34 27 in
534 563 54 27 die
602 563 260 30 Menschenwelt
881 567 123 28 wirken
1027 570 91 32 wird,
1143 570 55 28 hat
1214 580 74 19 zum
1303 571 68 28 Ziel

177 600 89 28 nicht
288 610 61 18 nur
370 602 54 27 die
439 603 223 38 Vernichtung
685 605 59 27 der
765 606 277 37 kapitalistischen
1057 610 219 38 Bourgeoisie,
1301 613 69 28 also

178 642 90 27 einer
290 643 334 35 Klasseninstitution,
656 647 143 27 sondern
829 649 84 27 auch
944 650 52 27 die
1019 650 199 39 Ausrottung
1240 654 112 36 bürger-

177 683 108 27 lichen
309 683 152 29 Geistes
485 686 68 27 und
567 686 240 39 Auferstehung
830 690 58 27 des
904 690 181 29 Menschen
1107 702 59 19 aus
1190 695 75 26 dem
1280 695 72 28 Jahr-

177 724 251 37 hundertgrabe,
452 727 33 27 in
509 727 58 27 das
590 728 56 28 ihn
670 728 227 31 Grausamkeit
919 732 129 36 eigener
1069 733 227 39 Entwicklung
1318 742 35 31 ge-

177 767 108 26 stürzt.
329 767 61 27 Die
417 769 234 34 proletarische
673 770 150 29 Diktatur
844 773 76 28 muß
942 775 147 35 zugleich
1111 775 181 29 Feuerlohe
1316 787 54 17 um

176 815 107 19 neuen
305 808 265 29 Menschentums
594 811 86 37 Burg
703 813 78 32 sein,
805 813 53 28 die
882 815 189 29 stürzender
1092 817 87 28 Welt
1201 818 169 28 Einbruch

176 848 104 28 wehrt
301 850 67 27 und
390 850 260 37 Eindringendes
674 853 33 27 in
727 853 151 30 Reinheit
899 856 124 28 läutert.
1061 858 67 28 Der
1141 858 211 37 Heftpflaster-

176 890 202 28 sozialismus
414 892 42 27 ist
488 893 91 26 einer
608 895 195 28 verruchten
835 896 70 28 Zeit
939 897 174 29 Gewächs:
1148 900 33 27 in
1214 901 156 36 goldener

175 930 279 38 Mittelmäßigkeit
477 934 83 27 sieht
582 943 36 18 er
640 935 58 28 des
714 936 181 29 Menschen
910 938 182 38 Erfüllung;
1116 940 45 28 im
1177 941 193 29 Proletariat

175 972 87 27 weht
276 973 66 27 ihm
358 974 89 27 nicht
462 975 89 28 eines
567 975 151 35 frischen,
740 978 88 28 eines
845 988 106 18 neuen
967 980 267 30 Menschentums
1250 982 119 29 Hauch

174 1022 50 24 an,
249 1014 58 27 das
327 1015 139 36 gepflegt
485 1017 68 27 und
572 1017 130 36 gehütet
717 1020 133 27 werden
866 1022 84 31 muß,
976 1022 60 27 soll
1056 1022 312 40 Sumpfversinkung

174 1055 89 27 nicht
278 1055 150 36 Europas
445 1056 169 29 Schicksal
637 1060 142 28 werden.
814 1061 72 28 Den
902 1062 151 29 Arbeiter
1073 1064 57 27 mit
1149 1065 75 27 dem
1244 1071 123 31 ganzen

174 1095 254 38 Narrenbehang
456 1099 236 29 versinkender
719 1101 70 28 Zeit
817 1111 40 19 zu
887 1104 179 34 umhüllen,
1097 1105 103 28 dünkt
1229 1107 56 27 ihn
1309 1107 60 28 der

174 1136 226 39 Entwicklung
424 1138 87 29 Sinn.
556 1141 72 27 Daß
657 1142 59 28 der
739 1142 150 30 Sozialist
917 1154 42 18 an
982 1146 180 28 denselben
1184 1147 183 30 Fadheiten

174 1178 69 28 sein
260 1178 108 28 Selbst
383 1181 144 33 verliere,
553 1183 63 27 daß
633 1191 35 19 er
683 1184 68 28 sein
767 1184 86 28 Herz
868 1194 42 19 an
929 1187 64 27 den
1010 1186 90 29 Staat
1113 1189 253 29 verschleudere

174 1220 75 26 statt
278 1229 41 17 an
341 1220 59 28 das
424 1221 87 28 Volk
533 1224 67 27 und
622 1233 42 19 an
687 1225 53 27 die
762 1226 252 35 Mitmenschen,
1045 1229 65 28 daß
1132 1238 36 19 er
1190 1232 95 27 unter
1306 1231 61 28 der

174 1260 109 28 Firma
301 1261 152 33 „Nation“
473 1264 69 27 sich
562 1265 102 28 selbst
682 1269 144 34 vergotte
843 1269 67 26 und
925 1269 113 28 weiter
1052 1270 33 27 in
1102 1271 103 28 schon
1219 1272 147 28 bereiten

172 1302 160 36 Abgrund
370 1304 108 35 gleite,
520 1305 64 28 daß
624 1315 35 18 er
699 1307 430 40 Grenzpfahlstreitigkeiten
1170 1311 108 29 ferner
1315 1313 52 29 für

173 1344 100 26 etwas
297 1344 219 29 Beachtbares
546 1347 87 28 halte
662 1349 68 26 und
759 1349 70 28 sich
857 1359 66 19 von
953 1352 75 27 dem
1051 1352 224 38 Sichelwagen
1306 1355 59 27 des

173 1384 126 28 Staates
322 1385 52 27 für
397 1385 271 39 Sinnlosigkeiten
690 1390 229 29 niedersäbeln
941 1392 94 34 lasse,
1060 1394 58 27 das
1141 1395 42 27 ist
1205 1396 67 26 ihm
1288 1395 58 29 Ent-

170 1426 171 36 wicklung,
359 1426 200 36 Fortschritt,
577 1429 184 30 Evolution,
790 1432 338 30 Reformsozialismus
1144 1436 43 28 ist
1201 1436 146 28 National-

170 1467 212 33 sozialismus,
406 1469 41 27 ist
469 1469 338 37 Sozialpatriotismus,
831 1474 42 28 ist
895 1475 330 29 Konservativismus.
1270 1478 95 28 Denn

170 1509 95 26 unter
294 1509 59 26 der
375 1509 130 38 Flagge:
535 1521 84 19 neue
641 1513 70 28 Zeit
739 1514 66 28 läßt
828 1524 35 18 er
885 1516 273 37 Vergangenheit,
1191 1519 174 28 scheinbar

170 1549 218 37 Bekämpftes,
411 1552 34 26 in
465 1552 140 28 vielfach
625 1556 197 27 verstärkter
837 1557 107 33 Form,
969 1559 74 27 weil
1059 1559 52 28 für
1125 1559 63 28 alle
1203 1560 47 27 als
1267 1561 97 36 gültig

170 1591 221 35 proklamiert,
422 1593 284 30 aufmarschieren.
752 1597 145 29 Deshalb
920 1599 154 28 bedeutet
1097 1601 70 27 sein
1190 1601 77 27 Ruf:
1291 1611 54 18 vor-

170 1633 111 26 wärts!
311 1633 33 26 in
367 1633 169 29 Wahrheit
564 1637 178 28 rückwärts
774 1639 68 27 und
868 1648 88 19 zwar
978 1641 156 28 definitiv.
1183 1642 125 34 „Wenn
1330 1643 34 28 in

169 1673 134 36 Europa
314 1673 18 33 ‘,
356 1674 143 28 schreibt
515 1676 186 30 Alexander
720 1678 129 29 Herzen
871 1682 157 36 ungefähr
1047 1692 54 18 um
1122 1683 53 28 die
1190 1683 92 28 Mitte
1304 1685 58 27 des

170 1715 132 35 vorigen
325 1714 243 37 Jahrhunderts,
596 1720 106 33 „nicht
725 1721 52 26 ein
799 1725 233 26 unerwarteter
1054 1724 221 37 Umschwung
1297 1725 49 28 ein-

168 1756 80 32 tritt,
285 1756 58 27 der
372 1765 57 19 zur
457 1758 250 38 Wiedergeburt
736 1762 59 27 der
827 1764 243 29 menschlichen
1104 1765 259 29 Persönlichkeit

169 1796 88 28 führt
286 1798 68 27 und
381 1798 52 27 ihr
454 1799 94 29 Kraft
577 1802 80 35 gibt,
689 1803 53 27 die
765 1803 211 38 Bourgeoisie
1003 1815 39 18 zu
1065 1807 227 33 überwinden,
1325 1816 36 20 so

170 1838 84 27 wird
286 1840 81 26 trotz
401 1841 107 27 seiner
541 1843 95 27 edlen
670 1843 184 29 Vorfahren
888 1847 68 26 und
988 1848 106 27 seines
1126 1847 234 29 Christentums

168 1878 135 38 Europa
325 1889 39 18 zu
388 1880 102 29 China
512 1883 161 28 werden.“
713 1885 66 28 Der
798 1885 337 31 Reformsozialismus
1207 1889 155 29 darunter

168 1920 42 28 ist
236 1921 59 28 der
316 1924 141 34 gesamte
480 1924 54 27 die
555 1926 233 34 proletarische
811 1927 149 29 Diktatur
981 1930 207 27 ablehnende
1210 1931 81 27 oder
1314 1932 47 28 sie

168 1962 89 27 nicht
286 1963 32 26 in
341 1963 147 28 Klarheit
517 1967 68 26 und
607 1967 220 37 Konsequenz
856 1971 207 27 vertretende
1086 1970 210 30 Sozialismus
1320 1980 40 20 zu

168 2005 173 26 verstehen
411 2005 41 28 ist
468 2006 53 27 die
537 2007 250 39 Verhinderung
803 2010 59 28 der
873 2010 250 38 Wiedergeburt
1138 2013 60 28 der
1212 2014 127 28 mensch-

167 2044 108 28 lichen
299 2045 264 31 Persönlichkeit.

251 2087 210 36 Bourgeoisie
490 2089 192 29 bezeichnet
710 2092 53 27 die
786 2092 211 30 Erlebnisnot
1024 2095 89 27 einer
1135 2101 123 30 ganzen
1281 2095 77 34 Zeit,

167 2127 60 27 das
250 2127 111 29 Leben
392 2137 41 19 an
463 2130 64 27 den
550 2131 126 37 Dingen
706 2134 68 26 und
802 2143 41 18 an
867 2135 69 27 sich
960 2136 102 27 selbst
1083 2137 123 27 vorbei.
1251 2137 107 33 Wohl,

167 2168 179 37 Bourgeois
370 2170 69 28 sein
461 2171 88 29 heißt
570 2173 90 28 nicht
682 2174 85 28 ohne
782 2175 149 28 weiteres
955 2177 52 27 ein
1023 2177 183 28 schlechter
1221 2177 138 29 Mensch

168 2210 82 33 sein;
274 2210 210 37 Bourgeoisie
506 2213 88 28 heißt
616 2215 80 28 aber
718 2215 219 39 Preisgebung
960 2219 59 27 des
1043 2219 181 28 seelischen
1241 2219 116 33 Selbst,

167 2250 59 28 das
246 2252 89 28 nicht
355 2254 172 28 existieren
542 2255 95 33 kann,
661 2265 96 19 wenn
773 2266 34 19 es
823 2258 44 27 im
883 2258 214 30 Schaufelrad
1113 2261 58 27 des
1188 2261 170 28 Relativen
