1549 2540
1339 2309 52 49 3

190 235 241 28 traditioneller
464 235 237 38 Gefangenheit
734 237 69 27 und
839 237 214 29 historischer
1085 238 294 37 Kompliziertheit.

193 276 198 35 Gegenüber
413 276 66 28 den
501 278 83 36 ewig
601 278 173 37 Gestrigen
790 279 69 27 und
874 280 83 35 ewig
972 279 163 37 Heutigen
1151 281 114 28 erhebt
1280 282 34 27 in
1329 282 53 28 ihr

190 318 72 27 sich
295 318 211 36 gottgeballte
529 318 117 29 Wolke
674 320 159 36 jagender
860 320 351 38 Zukunftgläubigkeit.
1255 322 55 29 Sie
1340 324 41 27 ist

193 359 59 27 das
277 360 186 35 ungeheure
485 360 93 34 Nein,
602 362 179 35 entstiegen
805 362 65 26 den
892 363 240 28 verwundeten
1154 362 130 29 Herzen
1308 373 55 20 aus-

190 401 190 35 gebeuteter
417 401 208 28 Menschheit
669 403 184 27 verkündet
893 403 271 35 paradiesischen
1207 405 154 29 Zukunfts-

190 441 200 36 phantasten
412 443 69 27 und
504 443 65 28 den
591 443 190 28 Heuchlern
804 444 139 28 sozialer
964 445 416 36 Reparaturwerkstätten:

191 482 54 27 die
261 483 213 37 Möglichkeit
494 485 59 28 der
571 485 261 36 proletarischen
847 486 159 33 Diktatur,
1025 487 54 28 die
1091 487 289 38 Verwirklichung

189 523 93 28 einer
317 525 227 28 klassenlosen
580 526 260 29 sozialistischen
875 527 417 38 Menschengemeinschaft
1324 530 38 28 be-

191 565 121 33 deutet,
336 567 69 26 und
426 567 101 28 damit
546 567 150 28 radikale
712 567 142 37 Heilung
870 569 139 27 sozialer
1025 570 185 28 Krankheit
1225 570 52 34 ist,
1301 571 78 27 muß

190 607 87 27 allen
300 607 407 37 Verantwortungsvollen
729 609 121 28 Aufruf
872 619 57 17 zur
951 608 64 29 Tat
1038 611 78 27 sein.

273 647 115 35 Heute,
413 650 44 26 da
480 650 60 27 der
555 650 153 28 Versuch
732 650 53 28 die
809 651 212 28 Demokratie
1044 652 48 27 als
1115 651 263 35 Sklavenmarkt,

187 689 57 27 auf
276 690 76 27 dem
374 690 120 29 Leiber
525 692 69 26 und
617 691 119 28 Seelen
758 692 230 28 Entrechteter
1017 693 196 29 verhandelt
1242 695 138 27 werden

190 729 221 35 {Demokratie
473 732 239 37 Kapitalismus
777 732 240 37 Militarismus)
1037 736 143 27 entlarvt
1196 735 64 33 hat,
1284 736 77 27 über-

188 772 101 35 haupt
323 773 53 27 die
409 775 240 35 proletarische
681 775 152 27 Diktatur
868 776 85 27 noch
984 776 231 36 rechtfertigen
1248 777 130 36 wollen,

187 814 90 26 heißt
306 815 103 27 schon
432 814 122 29 Verrat
583 816 157 36 begehen.
785 816 83 29 Eine
891 817 111 27 solche
1026 816 268 38 Rechtfertigung
1317 818 63 28 soll

186 855 73 27 hier
281 856 91 27 nicht
394 857 252 27 unternommen
668 858 145 27 werden.
858 857 81 28 Hier
961 858 62 27 soll
1045 868 62 17 nur
1129 868 107 19 neuen
1258 859 120 37 Weges

186 895 124 29 Wesen
333 897 139 28 erkannt
494 899 70 26 und
585 898 198 36 gestärktem
799 898 122 28 Willen
943 899 34 27 in
999 899 109 28 klarer
1124 899 164 38 Richtung
1311 901 51 27 ein-

183 937 109 37 gefügt
314 939 143 27 werden.

269 979 63 27 Ein
356 979 100 33 Volk,
481 980 61 27 das
566 981 107 28 durch
696 981 54 28 die
774 981 122 28 Wucht
918 981 166 28 erlittener
1107 981 139 34 Leiden,
1272 983 106 27 durch

184 1020 190 37 Läuterung
389 1021 69 27 und
473 1021 316 38 Reinigungsdrang,
814 1023 105 27 durch
934 1022 226 38 Entrechtung
1176 1024 69 27 und
1257 1023 97 36 Empö-

183 1068 83 29 rung
289 1068 103 30 gegen
414 1071 60 19 aus
498 1063 64 28 den
583 1063 111 37 Fugen
717 1065 151 34 geratene
885 1063 88 28 Welt
995 1064 33 27 in
1051 1064 60 28 das
1134 1066 243 27 revolutionäre

184 1103 113 28 Geleis
320 1104 169 35 getrieben
512 1105 98 32 wird,
643 1105 44 27 ist
710 1106 49 26 als
781 1106 232 35 geschlossene
1036 1105 112 28 Masse
1171 1106 116 28 immer
1310 1107 68 27 voll

183 1144 243 29 traditioneller
444 1144 108 28 Scheu
568 1146 109 27 Altem
693 1148 193 35 gegenüber.
924 1146 69 28 Nur
1010 1147 63 32 die,
1099 1148 108 27 denen
1223 1147 153 28 Umsturz

182 1186 193 28 innerlichst
408 1186 151 37 Ereignis
592 1188 191 36 geworden,
818 1188 132 27 können
980 1188 162 27 wahrhaft
1166 1188 107 28 Gefäß
1303 1189 73 27 sein

181 1228 282 27 revolutionärem
494 1228 123 28 Geiste.
662 1228 118 28 Immer
811 1230 43 26 ist
884 1229 54 27 die
961 1229 260 37 Massenpsyche
1256 1230 33 27 in
1323 1231 54 27 ein

183 1268 338 37 Maschinengehäuse
544 1271 152 31 verbaut,
729 1270 121 27 dessen
873 1270 103 27 Werk
997 1271 85 27 nach
1105 1271 83 27 alter
1213 1270 141 29 Gewohn-

180 1309 69 29 heit
271 1310 206 28 abschnurrt.
514 1310 81 28 Hier
617 1311 55 27 hat
695 1311 61 27 das
776 1311 75 28 Alte
875 1311 89 27 seine
989 1311 167 28 stärksten
1172 1311 108 28 Wälle
1305 1313 69 27 und

181 1351 91 27 seine
298 1351 298 28 unterirdischsten
614 1351 169 29 Gewölbe,
814 1351 153 28 Umsturz
990 1353 81 26 aber
1093 1353 43 27 ist
1158 1362 67 18 von
1247 1354 40 26 eh
1307 1355 69 26 und

176 1393 35 36 je
235 1392 66 27 Ab-
332 1393 69 27 und
423 1393 186 31 Aufbruch,
641 1394 69 27 und
733 1402 62 19 nur
818 1394 53 27 die
893 1395 132 26 können
1048 1394 109 28 seiner
1178 1394 89 29 Ziele
1291 1395 63 28 Ver-

181 1433 187 28 wirklicher
390 1435 80 32 sein,
495 1435 104 27 deren
611 1434 99 28 Wille
728 1435 140 35 geladen
885 1435 41 28 ist
942 1436 58 27 mit
1016 1435 66 28 den
1096 1435 278 38 Feuergedanken

181 1483 65 19 von
270 1475 59 27 des
352 1475 191 28 Umsturzes
567 1475 90 28 Sinn,
692 1476 54 27 Ihr
769 1475 183 28 Charakter
976 1477 85 26 wird
1084 1477 115 28 immer
1221 1478 153 35 antilegal

179 1517 77 26 weil
277 1517 165 36 überlegal
465 1517 78 28 sein.
581 1517 66 28 Das
665 1517 191 28 Proletariat
877 1518 85 32 muß,
987 1527 96 18 wenn
1106 1527 34 18 es
1157 1519 90 27 seine
1263 1519 111 36 eigene

178 1558 122 27 soziale
330 1558 265 28 Beschaffenheit
623 1559 161 27 wahrhaft
813 1559 147 33 erkennt,
992 1559 62 27 die
1083 1560 290 28 revolutionäre

181 1598 159 29 Schicht
369 1600 204 27 schlechthin
603 1600 82 33 sein;
716 1600 88 27 denn
833 1600 89 28 seine
953 1600 248 37 Emanzipation
1230 1601 50 33 ist,
1312 1602 62 27 wie

178 1639 95 28 Marx
297 1640 89 37 zeigt,
410 1640 155 37 geknüpft
587 1650 41 18 an
651 1642 54 26 die
724 1641 249 36 Emanzipation
995 1651 66 18 von
1083 1642 102 28 allen
1201 1642 172 37 Sphären

179 1681 60 27 der
255 1680 224 30 Gesellschaft.
517 1682 110 28 Daher
647 1682 101 28 heißt:
772 1682 53 28 die
842 1682 150 28 Diktatur
1013 1683 58 27 des
1088 1683 207 28 Proletariats
1319 1685 36 27 ab-

177 1722 128 33 lehnen,
330 1723 53 27 die
405 1723 197 28 Revolution
624 1733 65 19 von
712 1724 59 28 der
794 1724 142 28 sozialen
959 1724 115 28 Bühne
1096 1725 184 35 überhaupt
1303 1734 53 18 ver-

177 1764 132 27 weisen,
354 1764 61 28 Die
437 1764 151 28 Diktatur
616 1766 58 26 des
698 1765 208 28 Proletariats
929 1766 155 27 bedeutet
1107 1766 161 27 demnach
1291 1766 62 27 Ver-

178 1805 154 37 nichtung
362 1806 59 27 der
442 1806 261 37 Vergangenheit
733 1816 54 17 um
816 1807 60 26 der
901 1806 141 28 Zukunft
1071 1807 122 33 willen,
1224 1807 150 37 Bergung

176 1846 69 27 und
268 1846 179 37 Sicherung
469 1847 56 27 auf
526 1847 219 28 schießenden
768 1847 132 28 Keimes
924 1856 60 19 vor
1006 1848 74 27 dem
1097 1847 275 30 Schlammmeere

176 1887 60 28 des
262 1887 211 30 Gewesenen,
509 1888 54 28 Sie
586 1889 108 28 macht
715 1889 59 28 das
799 1889 102 36 ewige
916 1888 104 28 Recht
1041 1889 59 27 des
1119 1888 128 29 Geistes
1271 1889 85 28 offen-

176 1929 130 37 kundig,
331 1929 133 28 Richter
485 1931 69 26 und
576 1930 204 27 Baumeister
802 1930 59 27 der
882 1929 227 29 Wirklichkeit
1131 1939 40 19 zu
1195 1931 78 27 sein.

260 1971 62 27 Die
343 1971 150 27 Diktatur
515 1971 58 28 des
590 1971 207 28 Proletariats
820 1971 41 28 ist
884 1971 53 28 die
953 1971 242 29 Proklamation
1218 1972 60 28 des
1294 1972 58 28 Pro-

172 2012 146 28 letariats
349 2013 47 26 als
425 2013 221 27 herrschende
669 2013 126 27 Klasse.
841 2012 54 28 Sie
924 2013 42 27 ist
999 2013 68 27 und
1095 2013 86 27 kann
1211 2022 62 18 nur
1302 2014 70 28 sein

174 2053 333 27 Klassenherrschaft.
554 2053 54 28 Sie
637 2054 76 28 muß
736 2055 80 27 aber
837 2054 146 36 zugleich
1005 2054 47 28 als
1075 2054 60 28 das
1159 2054 102 37 einzig
1284 2057 66 34 mög-

172 2094 96 33 liche,
292 2096 75 26 weil
389 2095 97 27 allein
508 2095 173 27 wirksame
703 2096 106 27 Mittel
832 2096 135 27 erkannt
989 2096 142 32 werden,
1156 2096 53 27 die
1229 2096 142 28 Klassen

174 2136 184 37 überhaupt
387 2136 241 28 abzuschaffen.
674 2137 45 27 Es
742 2138 89 26 nützt
853 2137 120 32 nichts,
1006 2137 53 27 die
1081 2137 203 27 klassenlose
1308 2137 42 28 Ge-

172 2178 170 27 sellschaft
371 2187 39 18 zu
439 2178 252 36 proklamieren;
723 2187 34 19 es
788 2179 67 35 gilt,
887 2178 46 28 sie
957 2187 40 18 zu
1018 2178 258 28 verwirklichen.
1324 2179 46 27 Es

172 2220 91 26 nützt
292 2219 119 32 nichts,
444 2219 53 27 die
521 2218 276 38 Gewaltlosigkeit
826 2228 40 19 zu
888 2220 203 32 verkünden,
1123 2228 76 19 man
1221 2221 77 26 muß
1324 2221 47 26 sie

171 2260 241 28 herbeiführen.
450 2260 45 27 Es
518 2262 89 26 nützt
628 2261 115 33 nichts,
767 2267 100 31 gegen
890 2261 64 27 den
977 2261 224 27 Militarismus
1225 2270 40 18 zu
1289 2261 81 33 sein,
