1586 2540
250 2315 43 39 14

242 237 60 27 das
323 237 145 36 gesunde
483 237 115 36 lustige
614 236 111 28 Leben
741 236 57 27 des
815 235 131 36 Alltags,
971 235 58 27 des
1045 233 191 28 friedlichen
1252 232 155 27 Mummen-

243 279 157 27 schanzes
424 279 84 27 nach
531 279 59 27 der
611 278 142 35 blutigen
776 276 119 28 Komik
918 276 58 27 des
993 275 221 36 Weltkrieges.
1249 273 78 28 Man
1350 274 83 27 wird

243 320 124 27 wieder
397 320 53 27 die
480 320 85 27 alten
588 319 153 27 Journale
773 319 103 30 lesen,
912 317 63 27 daß
1009 326 34 18 es
1077 315 265 29 unverständlich
1376 315 55 32 sei,

243 361 64 27 wie
534 361 51 27 ein
621 361 99 26 böser
756 357 122 29 Traum
1079 357 214 28 Gottseidank
1329 356 104 27 währt

243 402 212 28 Feindschaft
474 402 88 26 nicht
579 401 89 36 ewig,
693 400 53 27 die
764 401 107 26 ersten
887 399 306 36 Verbrüderungen.
1230 397 53 28 Sie
1300 397 133 27 werden

243 443 122 27 Photos
399 443 92 31 sehn,
526 442 56 27 auf
614 442 107 27 denen
750 442 62 27 alle
842 440 137 33 Feinde,
1014 440 80 27 Arm
1123 441 32 26 in
1178 440 78 26 Arm
1286 447 41 19 an
1351 438 65 28 sekt-

242 484 182 27 beladenen
454 482 144 29 Tischen
627 484 58 26 des
785 482 158 27 Friedens
976 482 101 27 sitzen
1106 482 69 27 und
1204 480 69 28 ihre
1303 480 130 26 ernsten

243 524 124 33 Orden,
401 523 156 34 Tressen,
593 524 124 28 Fräcke
750 524 68 27 und
840 522 86 29 Titel
955 524 119 35 zeigen.
1119 522 76 28 Und
1218 522 52 27 ein
1292 520 142 28 Lächeln

243 566 58 27 des
318 566 237 36 Wohlgefallen
571 566 83 27 wird
669 566 164 27 zwischen
849 565 64 27 den
927 564 301 36 neugeschmierten
1242 562 193 28 Maschinen

241 607 87 28 irren
351 608 68 27 und
441 607 53 28 die
517 607 126 36 Lippen
666 607 59 27 der
749 606 172 28 Getöteten
943 606 125 27 wieder
1089 605 57 27 mit
1169 605 75 27 dem
1259 604 94 27 Blute
1376 603 57 27 des

243 648 128 29 Lebens
396 649 258 27 durchwärmen.

326 699 57 27 Ich
406 699 126 27 zweifle
553 698 106 33 kaum,
684 698 64 27 daß
771 706 34 19 es
829 706 36 19 so
888 697 151 27 kommen
1062 696 91 26 wird.

326 748 45 28 Es
395 748 83 27 wird
502 757 36 18 so
561 748 142 27 aussehn
725 748 63 26 wie
811 748 45 26 du
878 747 95 35 sagst.

326 799 61 26 Die
410 799 94 26 einen
527 804 101 30 zogen
651 798 53 27 die
720 797 171 28 Gesichter
914 797 74 35 lang
1011 796 41 27 ob
1070 795 59 27 der
1143 794 204 31 Revolution,
1371 793 65 27 den

242 840 126 28 andern
402 840 122 36 stiegen
557 840 54 27 die
644 839 260 35 Börsenpapiere
937 839 93 26 unter
1063 836 165 28 Jauchzen
1260 835 69 27 und
1357 834 60 27 Auf-

243 882 244 35 munterungen,
532 880 37 28 In
603 881 84 27 eben
720 880 75 27 dem
825 879 113 28 Lande
966 878 154 28 versucht
1152 886 75 18 man
1256 877 97 26 heute
1383 875 52 27 die

245 922 245 37 Grundgesetze
513 922 59 28 der
587 921 271 28 Menschlichkeit
880 929 39 19 zu
941 919 258 28 verwirklichen.
1230 917 66 28 Auf
1317 917 119 27 beiden

245 963 110 28 Seiten
377 964 114 35 Angst!
537 964 206 35 Unleugbare
765 962 103 37 Angst
895 971 60 18 vor
978 962 74 26 dem
1077 960 118 32 Geiste,
1220 960 59 27 der
1300 957 137 28 Mensch

243 1005 134 27 werden
400 1005 75 32 will,
499 1005 150 27 verwirrt
670 1004 69 27 ihre
760 1004 225 27 Setzerkästen
1005 1002 124 32 Seelen,
1153 1001 70 27 ihre
1237 1000 124 27 Zensur
1381 999 37 26 be-

241 1046 139 28 lasteten
390 1045 151 33 Gehirne,
558 1046 69 26 ihre
643 1045 260 27 blutverklebten
914 1043 187 32 Gedanken,
1119 1041 318 29 blutnarkotisierten

244 1086 346 37 Geschäftsgewissen.

327 1137 61 27 Die
410 1136 170 28 Wahrheit
602 1136 66 27 läßt
690 1136 89 27 nicht
801 1134 105 28 Raum
929 1134 52 27 für
1002 1133 115 28 Mimik
1139 1132 86 27 noch
1247 1130 126 28 Politik,

326 1187 51 27 Du
400 1187 91 27 wirst
514 1195 41 18 an
577 1187 104 26 ihrem
703 1185 89 28 Dreh
815 1184 133 27 merken
972 1184 42 27 ob
1037 1183 54 27 die
1113 1181 170 28 Wahrheit
1305 1181 44 26 im
1372 1180 42 26 An-

242 1228 150 28 marsche
415 1228 41 27 ist
478 1228 81 27 oder
581 1227 107 28 Poker
710 1227 59 27 der
791 1225 129 37 Mystik,
959 1225 52 27 Du
1034 1224 90 27 wirst
1146 1232 42 18 an
1211 1223 113 26 deiner
1344 1221 93 27 beele

243 1273 133 33 spüren,
412 1270 42 26 ob
484 1269 53 27 die
559 1268 206 28 Menschheit
795 1268 94 27 einen
912 1265 69 38 Tag
1011 1265 103 28 erlebt
1144 1265 80 27 oder
1250 1263 53 27 die
1326 1263 109 31 Kaste,

245 1312 53 27 die
322 1320 34 18 es
380 1310 70 28 sein
472 1310 75 27 will.

329 1352 63 28 Wo
415 1352 103 27 bleibt
541 1352 96 26 deine
661 1350 115 28 Seele?

327 1394 63 27 Wo
413 1394 104 26 bleibt
539 1393 59 27 der
621 1392 148 28 Glaube?

326 1434 64 28 Wo
413 1434 103 28 bleibt
538 1434 59 27 das
623 1432 191 28 Gewissen?

329 1475 88 28 Oder
442 1475 54 27 ich
518 1475 87 36 frage
629 1475 76 27 dich
727 1482 73 24 nur,
832 1473 87 27 mein
941 1471 178 27 Kamerad;
1143 1479 52 18 wo
1218 1468 103 28 bleibt
1343 1468 95 27 deine

244 1517 184 32 Phantasie,
452 1517 76 26 dein
545 1515 208 33 Gedächtnis,
779 1515 76 27 dein
872 1514 131 27 Grauen
1026 1512 103 27 durch
1148 1511 91 27 diese
1258 1510 77 32 vier,
1359 1508 78 33 fünf,

245 1559 95 28 sechs
364 1558 117 27 Jahre?

329 1599 182 28 Schwenke
541 1599 42 26 ab
612 1598 85 27 nach
725 1597 108 28 rechts
919 1596 59 27 das
1009 1594 46 28 oft
1076 1594 84 27 links
1183 1593 141 36 genannt
1345 1590 92 32 wird,

245 1641 102 28 damit
370 1641 53 27 die
445 1640 124 27 Rechte
591 1639 89 28 nicht
702 1639 103 26 merkt
827 1638 63 27 wie
912 1637 53 27 die
988 1636 102 27 Linke
1112 1636 134 35 gaunert
1330 1633 33 26 in
1386 1632 53 27 die

245 1683 99 27 Arme
377 1683 60 26 der
465 1681 163 36 Bärtigen,
661 1681 59 26 der
742 1679 102 28 Väter
873 1679 58 26 mit
959 1677 67 28 und
1056 1677 85 26 ohne
1163 1675 114 31 Bakel,
1308 1674 129 31 Brillen,

245 1724 169 32 Bilanzen,
445 1723 137 27 Bücher,
628 1722 111 27 Preise
763 1721 64 28 den
851 1718 205 32 Fortschritt,
1087 1717 59 27 der
1169 1725 34 19 es
1226 1715 60 28 frei
1308 1715 66 27 läßt
1396 1715 43 27 ob

245 1766 59 27 der
327 1764 120 28 Schritt
468 1773 61 18 vor
551 1763 80 28 oder
656 1763 121 27 zurück
799 1762 82 36 geht,
905 1769 97 18 wenn
1025 1768 34 19 es
1084 1759 69 27 sich
1175 1766 62 19 nur
1257 1757 128 35 bewegt
1402 1771 18 2 -

244 1806 108 37 preise
376 1806 64 27 den
462 1806 121 35 großen
606 1798 345 34 Übermechanismus!

330 1847 109 27 Weißt
461 1847 45 27 du
529 1855 68 18 was
620 1846 141 27 Buddha
784 1844 88 37 sagt?

330 1889 37 27 In
390 1888 107 28 seiner
517 1888 118 27 letzten
656 1887 123 27 Stunde
803 1886 84 26 wird
909 1884 59 28 der
983 1883 137 28 Mensch
1144 1882 101 27 selbst
1266 1881 82 26 über
1371 1879 69 28 sein

245 1930 113 28 Leben
392 1929 220 28 entscheiden.
656 1928 108 28 Heute
796 1927 86 27 noch
914 1926 65 27 bist
1012 1925 44 27 du
1090 1924 53 28 ein
1173 1921 266 32 Vielwissender,

247 1972 120 27 dessen
389 1970 185 27 Theorieen
604 1970 59 27 das
687 1969 126 27 Genick
836 1968 88 27 eines
949 1966 120 28 Stieres
1092 1963 259 36 übertrumpfen,
1382 1962 60 27 der

247 2013 90 28 seine
362 2012 93 27 Seele
482 2012 103 27 lieber
606 2011 34 27 in
662 2011 76 26 Amt
760 2010 68 27 und
850 2008 148 28 Würden
1021 2007 83 27 sieht
1126 2006 47 27 als
1196 2006 44 26 im
1262 2004 99 27 Kleid
1383 2003 59 27 der

247 2053 181 33 Unschuld,
466 2053 52 27 die
556 2053 69 26 sich
661 2052 140 27 freihielt
833 2060 66 17 von
932 2050 60 27 der
1014 2048 204 35 Bestechung
1251 2045 104 27 durch
1388 2044 53 27 die

247 2096 120 28 Kultur
388 2095 59 27 des
471 2093 193 33 Schwertes,
687 2093 104 27 lieber
814 2091 103 28 durch
933 2090 224 35 Beförderung
1180 2086 262 37 emporschwebt

249 2138 48 27 als
321 2137 104 27 durch
448 2136 53 27 die
524 2135 95 28 Kraft
640 2135 59 27 des
722 2134 203 32 Idealismus,
949 2132 59 27 der
1030 2131 54 27 die
1106 2130 110 27 Bürde
1239 2128 59 27 der
1320 2127 103 27 Selbst-

246 2179 264 34 verantwortung
534 2177 56 27 auf
611 2177 70 26 sich
703 2176 113 27 nimmt
838 2175 68 26 und
928 2173 53 28 die
1001 2172 78 27 Last
1101 2172 89 27 eines
1206 2169 235 28 Jahrhunderts

247 2220 139 32 Kerker,
418 2218 159 33 Schafott,
609 2217 208 32 Frondienst,
850 2215 101 36 Spott,
982 2211 269 38 Zeitungsjauche
1275 2211 68 27 und
1366 2209 77 28 Gott

247 2262 103 27 näher
371 2261 50 32 ist,
445 2260 59 28 der
527 2259 84 28 auch
634 2259 90 27 einer
745 2258 49 27 ist.
