1549 2540
1283 2314 55 49 13

220 247 174 32 Kamerad,
419 247 44 27 du
486 247 105 33 weißt,
615 247 64 28 daß
702 247 52 28 ein
779 247 118 36 ewiges
922 247 80 27 1914
1024 255 60 19 uns
1100 247 230 28 bevorstünde.

138 289 71 27 Daß
238 289 95 26 keine
355 288 112 28 Macht
497 289 58 27 des
578 288 160 27 Himmels
767 288 68 27 und
864 288 59 27 der
945 288 111 28 Erden
1086 289 75 27 dem
1185 287 147 29 Schwert

138 331 54 26 die
208 329 108 37 Spitze
339 331 187 26 abbrechen
546 329 122 33 würde,
693 329 43 28 da
751 330 84 27 eben
851 329 165 37 Verträge,
1040 329 290 37 Schiedsgerichte,

138 371 181 28 nationaler
360 371 204 32 Pazifismus,
609 371 181 27 nationaler
825 370 142 34 Handel,
1004 371 163 28 nationale
1205 371 126 33 Politik,

138 413 163 27 nationale
324 413 108 27 Kunst
454 421 34 19 es
512 413 114 26 immer
648 412 125 27 wieder
794 412 159 33 schärfen,
976 413 115 26 immer
1113 413 124 27 wieder
1259 421 73 18 zum

139 453 138 28 Rasseln
299 455 135 36 bringen
456 453 143 27 werden.
630 453 52 27 Du
698 454 91 26 wirst
803 454 69 32 mir,
896 454 86 27 mein
999 454 139 32 Freund,
1163 455 150 35 entgegen-

139 496 117 32 halten,
280 496 64 27 daß
367 496 53 26 die
436 494 125 28 Völker
582 495 90 27 nicht
690 495 92 27 mehr
802 503 36 19 so
858 495 120 32 dumm,
1002 495 142 36 einfältig
1160 495 68 27 und
1242 494 72 28 lenk-

139 538 59 26 bar
228 537 98 27 seien.
371 536 71 27 Daß
472 536 54 27 die
555 536 169 28 infantilen
753 536 270 36 Widersprüche,
1061 537 54 27 die
1144 536 104 28 durch
1278 536 53 28 ein

139 578 239 36 Versprechen,
410 578 49 26 ein
489 577 257 36 Lohngeschenk
769 577 205 36 verflüchtigt
997 578 144 32 wurden,
1173 578 96 27 heute
1291 586 41 19 zu

138 620 174 27 bewußten
335 619 391 35 Protestorganisationen
748 618 254 36 aufgeschossen
1025 620 97 26 seien.
1154 619 71 27 Daß
1239 619 93 35 jeder

139 670 40 18 an
196 661 64 26 den
276 660 141 27 Frieden
428 660 194 36 Erwartung
638 660 89 27 einer
741 660 265 36 grundlegenden
1018 654 177 42 Änderung
1207 660 123 35 knüpft,

139 702 54 27 die
223 702 70 27 sein
316 701 86 28 Loos
432 701 84 28 nach
546 701 124 27 seinem
692 701 120 27 Willen
841 701 157 37 gestalten
1021 701 69 28 soll.
1136 700 54 28 Sie
1213 701 119 27 wollen

139 743 61 28 alle
232 743 243 27 mitherrschen.
522 742 54 27 Sie
606 743 120 27 wollen
755 743 62 26 alle
847 743 133 32 wissen,
1013 743 62 26 wie
1099 742 53 27 die
1174 741 160 37 Verträge

138 785 121 31 lauten,
284 785 62 26 wie
369 784 53 27 die
446 783 137 28 Gesetze
606 783 148 37 gemacht
780 784 140 32 werden,
945 785 62 26 wie
1031 784 53 27 die
1108 783 205 28 Gerichtsbar-

138 826 66 27 keit
240 825 209 28 entscheidet.
495 825 67 27 Das
593 824 101 37 Opfer
726 825 196 36 bemächtigt
955 825 70 28 sich
1058 825 59 27 der
1147 825 186 27 Schwerter

139 867 107 27 seiner
268 866 134 28 Henker
431 867 68 26 und
526 866 94 27 dreht
643 866 64 27 den
731 866 99 36 Spieß
852 875 67 18 um:
952 867 46 26 sie
1020 867 109 27 lassen
1152 866 69 27 sich
1243 866 90 27 nicht

139 908 258 27 einschüchtern.
442 907 112 28 Durch
583 907 69 28 List
682 908 89 27 nicht
804 908 86 27 noch
920 907 127 28 Gewalt
1080 908 164 27 betäuben
1278 907 54 28 die

139 948 224 37 Regierungen
387 948 155 33 Gehirne,
574 949 53 27 die
651 949 144 27 erwacht
817 949 82 27 sind.
945 948 173 37 Langsam,
1150 957 34 19 es
1206 948 125 33 heißt’s,

139 990 126 27 Bauen!
310 989 44 28 Es
385 990 55 36 gilt
470 990 58 27 das
552 989 189 37 Errungene
768 999 40 19 zu
830 990 190 33 bewahren;
1052 990 52 27 ein
1127 990 206 27 Fundament

139 1041 146 23 mauern,
320 1031 57 27 auf
405 1031 76 27 dem
514 1032 59 26 das
603 1040 84 19 neue
718 1030 159 29 Gebäude
907 1032 57 27 des
996 1031 126 27 Staates
1152 1040 65 18 von
1247 1031 85 27 allen

139 1072 152 36 Willigen
313 1072 211 36 aufgerichtet
546 1072 91 28 wird.
683 1072 112 28 Nichts
820 1072 73 28 darf
913 1073 150 28 verloren
1085 1073 96 35 gehn,
1209 1081 35 19 es
1266 1072 67 28 läßt

139 1114 70 27 sich
242 1114 203 27 verbessern.
489 1114 62 26 Die
585 1113 132 29 Staaten
753 1114 75 27 sind
864 1114 190 36 organische
1087 1114 152 32 Gebilde,
1277 1114 54 27 bei

139 1155 107 27 denen
276 1155 220 27 Rücksichten
526 1155 80 27 aller
634 1155 72 32 Art,
741 1155 318 32 leichtverletzliche,
1094 1155 238 36 empfindsame

139 1196 110 27 Zellen
285 1196 160 36 zwingen,
484 1196 61 27 alle
583 1196 271 28 Combinationen
890 1197 145 35 zugleich
1072 1196 183 27 übersehen
1292 1204 40 19 zu

139 1237 138 33 können,
301 1237 236 36 auszuspielen.
571 1237 45 28 Es
639 1238 56 36 gilt
717 1237 54 28 die
788 1239 98 35 große
902 1237 222 28 Reformation
1140 1238 59 26 der
1214 1237 94 27 Demo-

139 1279 110 27 kratie.
294 1279 61 27 Die
385 1279 150 36 gerechte
558 1278 190 36 Verteilung
778 1279 59 27 der
865 1279 132 32 Lasten,
1028 1279 79 27 freie
1134 1279 93 26 Bahn
1256 1279 76 26 dem

139 1317 190 39 Tüchtigen.
374 1319 221 28 Demokratie!
640 1319 143 28 Freiheit
805 1320 58 27 des
886 1320 266 27 Bekenntnisses!
1191 1319 142 28 Freiheit

140 1361 59 27 der
221 1361 210 28 öffentlichen
454 1361 155 36 Meinung
632 1361 68 28 und
723 1361 125 33 Presse,
873 1361 143 28 Freiheit
1038 1361 59 27 der
1118 1361 106 27 Wahl.

222 1402 90 27 Alles
335 1402 108 27 dieses
467 1402 84 27 wird
574 1402 118 27 einmal
715 1402 82 28 sein!
829 1402 67 28 Das
919 1402 80 28 freie
1019 1402 89 36 Spiel
1131 1402 59 27 der
1208 1401 123 33 Kräfte,

139 1444 145 35 langsam
318 1443 174 27 anhebend
526 1443 63 27 wie
619 1444 53 26 ein
702 1444 206 36 schwieriges
943 1443 203 28 chemisches
1176 1443 155 33 Produkt,

139 1485 84 27 wird
252 1484 62 28 alle
338 1484 133 28 Glieder
501 1484 59 28 der
581 1484 136 28 Familie
748 1485 156 27 einander
925 1485 136 32 nähern,
1091 1485 136 32 binden,
1258 1484 76 28 Luft

140 1526 159 32 schaffen,
334 1525 216 33 Gesundheit,
586 1526 189 33 Schönheit,
810 1526 184 33 Reichtum,
1029 1528 74 35 gute
1129 1526 202 35 Ernährung,

141 1566 264 33 Gelehrsamkeit,
430 1567 114 27 Arbeit
566 1568 33 26 in
617 1567 97 28 Hülle
737 1568 68 26 und
823 1568 92 27 Fülle
938 1568 54 27 bei
1014 1568 120 27 hohem
1149 1567 93 27 Lohn
1265 1566 68 28 und

139 1609 75 27 acht
237 1608 147 28 Stunden
407 1606 81 38 Tag,
524 1608 205 33 Sanatorien,
763 1608 199 37 Hospitäler,
993 1608 338 33 Volkshochschulen,

143 1649 243 28 Volkstheater!

222 1691 61 27 Mit
315 1691 143 27 welcher
487 1691 231 36 Begeisterung
751 1691 134 28 werden
914 1691 151 28 Arbeiter
1094 1691 68 28 und
1192 1691 138 32 Bauern,

141 1732 195 28 Proletarier
357 1732 68 27 und
447 1732 146 33 Arrives,
617 1732 225 28 Aristokraten
864 1733 69 27 und
955 1733 131 36 Bürger,
1108 1732 134 27 Dichter
1265 1731 68 28 und

139 1772 185 29 Techniker
343 1773 65 27 den
428 1782 108 19 neuen
552 1773 90 28 Staat
661 1774 284 36 hervorzaubern,’;
957 1783 61 19 nur
1032 1774 67 27 ihm
1115 1774 127 31 dienen,
1266 1773 67 26 ihm

140 1815 123 32 zahlen,
287 1815 138 32 denken,
451 1815 140 33 dichten,
615 1815 144 28 rechnen

222 1857 67 26 Das
325 1864 96 24 neue,
456 1857 160 27 herrliche
646 1856 208 28 Individuum
884 1857 60 27 der
972 1856 139 28 tausend
1140 1857 68 27 und
1237 1857 95 27 einen

141 1897 124 28 Glücke
288 1897 58 27 des
371 1897 139 27 Staates!

221 1939 67 27 Der
310 1938 132 28 Friede!
470 1938 270 37 Verständigung,
764 1938 174 37 gutmütige
953 1938 296 37 Handelsverträge
1265 1938 68 28 und

141 1980 280 37 Schiedsgerichte
489 1980 59 28 der
571 1980 99 36 Krieg
692 1980 42 28 ist
755 1980 185 36 unmöglich
962 1980 159 36 gemacht!
1146 1980 68 27 und
1236 1989 97 18 wenn

140 2022 89 27 einer
250 2021 166 32 losbricht,
441 2029 36 19 so
500 2022 42 26 ist
566 2022 53 26 die
641 2022 69 26 und
724 2021 53 28 die
793 2021 221 28 menschliche
1028 2020 176 37 Handlung
1221 2027 94 31 garan-

138 2063 86 32 tiert,
256 2062 304 28 Scheußlichkeiten
590 2063 284 35 ausgeschlossen,
906 2071 34 19 es
971 2063 83 27 wird
1087 2063 69 27 also
1183 2062 90 28 nicht
1296 2071 36 19 so

140 2105 148 26 schlimm
311 2104 134 27 werden
515 2104 217 36 Regulierung
755 2104 58 27 der
837 2104 157 33 Grenzen,
1018 2104 190 27 liebevolles
1231 2104 103 27 Unter

139 2146 54 27 die
208 2145 257 37 Armprothesen
487 2145 122 36 greifen
630 2145 64 28 den
709 2145 130 28 kleinen
856 2145 144 33 Staaten;
1025 2145 59 28 der
1099 2147 84 26 erste
1198 2145 135 36 kräftige

139 2187 156 36 Atemzug
317 2187 56 36 gilt
395 2187 75 27 dem
492 2186 139 33 Handel,
656 2187 75 27 dem
754 2187 258 33 Portemonnaie,
1037 2187 75 28 dem
1134 2187 127 36 Magen,
1286 2186 47 27 sei

140 2237 34 18 er
200 2229 86 27 noch
309 2237 36 19 so
369 2228 111 36 geistig
503 2228 150 27 benamst
738 2237 35 18 er
793 2228 103 27 bleibt
918 2227 113 33 Trieb,
1064 2227 163 29 Geschäft.
1272 2227 61 28 Die

139 2270 63 27 alte
226 2269 253 35 Geschäftigkeit
508 2270 84 27 wird
620 2269 124 28 wieder
766 2269 103 28 durch
892 2269 149 35 Europas
1066 2269 131 28 Staaten
1220 2269 112 32 rollen,
