2537 3909
1262 269 122 62 56

254 407 232 58 savant
533 407 78 57 de
655 421 222 59 percer
918 404 98 59 les
1064 403 373 77 épaisseurs
1478 404 324 76 glauques
1830 405 114 74 qui
1972 404 373 60 détenaient

249 484 95 57 les
397 501 186 57 corps
614 483 256 75 pollués
899 485 62 56 et
992 484 212 70 ravis;
1240 483 252 57 ceux-ci
1524 482 397 77 suppliaient
1949 484 98 57 les
2075 484 267 69 mortes,

247 562 85 57 ils
376 562 181 58 leurs
599 560 323 77 parlaient
969 577 251 42 comme
1266 560 341 71 autrefois,
1661 562 341 58 s'arrêtant
2046 578 166 57 pour
2237 578 71 41 en-

243 639 228 59 tendre
486 640 97 58 les
613 640 312 74 réponses
953 640 112 74 qui
1082 639 420 59 résonnaient
1525 657 77 41 en
1628 656 148 53 eux,
1841 640 349 74 reprenant
2236 656 71 40 en-

247 717 172 59 suite
449 713 436 80 l'imaginaire
909 717 303 77 dialogue
1235 736 13 53 ;
1277 719 62 56 et
1367 718 322 75 quelques
1720 734 150 54 uns,
1906 718 215 58 moins
2151 717 152 75 pudi-

245 814 164 59 ques
435 844 15 24 ,
503 797 402 58 accablaient
964 797 96 57 les
1120 798 193 57 deux
1370 797 319 76 d'injures
1743 798 61 57 et
1861 797 79 58 de
2005 812 330 56 menaces,

243 875 305 75 épuisant
579 875 142 57 leur
750 874 264 75 chagrin
1050 891 76 41 en
1148 873 364 59 convulsifs
1536 874 482 60 mouvements.
2051 874 284 69 Debout,

243 971 115 41 sur
387 954 65 57 la
480 953 259 71 colline,
765 952 262 58 l'ascète
1056 953 163 58 haut
1251 953 224 58 dressé
1522 954 162 57 dans
1717 969 71 41 sa
1835 952 153 59 robe
2038 953 77 58 de
2165 952 173 58 laine

241 1033 288 58 étendait
546 1032 98 58 les
673 1033 217 57 mains
922 1033 351 58 au-dessus
1289 1033 113 57 des
1426 1049 167 41 eaux
1624 1032 391 71 funéraires,
2030 1032 309 74 éployant

242 1112 116 57 des
395 1110 478 69 bénédictions,
924 1110 369 75 invoquant
1318 1112 96 57 les
1458 1110 202 59 dieux
1703 1127 125 58 que
1863 1110 95 59 les
2013 1109 323 58 dévouées

241 1189 259 58 avaient
529 1189 304 76 préservé
873 1189 115 57 des
1037 1188 310 59 insultes.

321 1288 29 34 «
381 1268 160 58 Très
584 1268 226 76 grand,
845 1266 303 73 disait-il,
1187 1284 126 60 que
1346 1266 291 60 s'atteste
1662 1269 182 57 votre
1873 1269 349 74 puissance
2256 1283 79 42 en

240 1347 348 58 l'honneur
632 1348 119 56 des
793 1362 199 59 pures
1041 1348 361 70 servantes,
1455 1347 265 58 dévotes
1774 1347 35 57 à
1867 1364 116 41 vos
2029 1345 301 75 temples.

240 1425 298 75 Lorsque
570 1424 254 70 affolés,
856 1440 133 41 aux
1018 1424 151 58 bras
1207 1424 79 58 de
1327 1442 118 42 vos
1489 1424 276 75 prêtres,
1795 1442 167 42 vous
1995 1423 343 76 requériez

240 1503 208 59 l'asile
482 1504 388 74 protecteur,
900 1503 159 58 elles
1075 1504 257 57 vinrent
1350 1520 147 41 vers
1527 1503 97 58 les
1654 1503 240 59 hordes
1924 1503 415 58 assaillantes

245 1585 61 57 et
332 1583 197 58 'leurs
572 1581 196 60 frêles
826 1599 229 60 gorges
1098 1581 222 60 furent
1371 1601 167 57 pour
1595 1599 165 41 vous
1803 1581 530 78 préservatrices,

240 1661 155 75 plus
426 1679 125 57 que
575 1661 98 59 les
703 1663 320 75 remparts
1054 1661 752 75 surannés.lmpavides!
1837 1678 165 42 vous
2024 1660 319 59 connûtes

238 1722 256 93 tapeur
528 1740 116 59 des
670 1739 254 77 injures
957 1757 126 58 que
1108 1758 164 42 vous
1315 1740 428 76 épargnèrent
1780 1740 97 59 les
1910 1740 178 57 doux
2129 1739 210 58 flancs

243 1819 225 58 offerts
495 1838 15 52 ;
544 1820 271 56 attestez
847 1823 180 54 votre
1077 1820 204 75 gloire
1326 1823 62 56 et
1418 1823 182 53 votre
1632 1819 353 69 clémence,
2019 1818 193 58 faites
2242 1834 63 42 re-

241 1898 185 58 vivre
459 1898 97 58 les
588 1898 256 58 chastes
876 1898 114 73 qui
1022 1900 386 57 moururent
1440 1898 79 58 de
1549 1914 165 42 vous
1747 1914 257 42 sauver.

320 1976 155 58 Aux
503 1976 252 75 prières
771 1976 77 58 de
878 1975 282 74 l'ascete,
1193 1978 97 58 les
1326 1976 283 77 éphèbes
1635 1976 315 59 mêlaient
2001 1976 61 58 le
2112 1975 224 57 chœur

242 2055 78 59 de
370 2055 180 59 leurs
591 2055 502 75 supplications.
1153 2054 315 71 Soudain,
1521 2055 37 57 à
1599 2055 63 57 la
1737 2054 258 60 surface
2066 2055 89 56 du
2209 2053 122 72 lac,

242 2150 254 42 comme
564 2135 77 57 de
713 2134 183 57 mille
956 2150 267 44 sources
1277 2135 480 69 saillissantes,
1820 2133 332 76 surgirent
2221 2133 114 58 des

241 2214 263 72 gouttes
565 2213 80 58 de
706 2229 162 59 sang
899 2232 11 49 ;
970 2213 160 58 elles
1212 2213 415 68 s'étalaient,
1703 2229 316 59 pourpres
2088 2211 243 75 pétales

237 2293 221 57 issues
491 2291 79 59 de
599 2293 259 75 plantes
890 2291 377 73 invisibles,
1309 2294 62 57 et
1403 2309 105 42 ces
1539 2291 250 75 pétales
1822 2309 66 41 se
1922 2290 298 60 sillèrent
2255 2291 78 58 de

237 2370 252 71 veines,
522 2370 82 57 ils
637 2370 405 76 s'élargirent
1073 2373 62 56 et
1174 2371 116 59 des
1313 2370 203 60 fleurs
1545 2370 377 75 naquirent,
1953 2369 382 58 illuminant

236 2448 145 59 l'air
414 2450 78 57 de
528 2450 180 57 leurs
741 2450 301 75 étranges
1075 2451 417 74 splendeurs.

316 2529 275 71 Calices,
617 2529 157 58 dont
791 2529 65 57 la
882 2545 190 42 nacre
1106 2530 310 75 évoquait
1445 2530 96 57 les
1566 2529 215 58 chairs
1813 2528 332 71 absentes,
2176 2528 118 75 hya-

236 2608 174 58 lines
445 2608 277 58 corolles
748 2608 160 58 dont
928 2608 58 58 le
1005 2608 266 75 parfum
1300 2608 307 59 suscitait
1647 2608 96 58 les
1764 2608 277 58 baumes
2084 2605 242 60 enfuis.

313 2685 177 60 Elles
518 2686 292 59 vivaient
857 2686 96 59 les
999 2686 203 59 fleurs
1249 2686 505 70 surnaturelles,
1797 2686 304 59 dressant
2148 2685 181 59 leurs

232 2765 226 76 pistils
510 2765 205 60 cimès
749 2766 157 71 d'or,
943 2768 62 56 et
1042 2766 182 59 leurs
1267 2768 169 76 tiges
1492 2766 371 78 s'agitaient
1903 2765 172 59 ainsi
2107 2782 124 58 que
2260 2780 68 42 se

231 2845 273 75 ployent
539 2845 281 59 desbras
852 2844 187 58 amis.
1050 2844 452 77 Agenouillés,
1520 2845 99 60 les
1630 2846 239 78 jeunes
1900 2845 302 59 hommes
2231 2843 97 58 les

230 2923 394 76 appelaient,
654 2923 338 77 proférant
1022 2940 155 42 avec
1232 2925 295 57 instance
1569 2925 99 60 les
1720 2940 191 42 noms
1955 2923 213 58 chéris
2213 2923 113 57 des

230 3005 318 70 amantes,
605 3009 63 53 et
725 3004 99 57 les
873 3003 202 59 fleurs
1135 3020 69 42 se
1267 3009 258 53 murent
1549 3022 130 40 aux
1736 3006 170 56 mots
1971 3003 345 59 entendus.

227 3083 417 69 Lentement,
671 3081 341 59 abaissant
1035 3083 177 58 leurs
1243 3099 315 42 rameaux
1593 3083 241 77 pareils
1874 3100 131 41 aux
2034 3081 135 59 cols
2206 3081 115 59 des

223 3178 268 60 cygnes,
547 3161 161 59 elles
754 3161 462 73 s'avançaient,
1289 3163 398 59 onduleuses
1746 3165 62 56 et
1851 3163 289 76 souples,
2171 3177 149 43 vers

223 3240 98 58 les
370 3240 312 58 adorants
726 3239 344 59 exstasiés.
1121 3240 375 76 Beaucoup,
1530 3259 124 59 que
1699 3241 301 77 poussait
2029 3241 145 59 leur
2199 3241 82 57 im-

223 3320 288 76 patiente
553 3320 369 70 tendresse,
981 3320 328 60 entraient
1361 3321 164 59 dans
1572 3323 98 59 les
1723 3321 174 73 flots,
1940 3324 62 57 et
2060 3320 259 61 ceux-là

223 3399 97 58 les
350 3398 207 59 fleurs
584 3400 100 59 les
727 3398 337 71 saisirent,
1110 3399 96 58 les
1252 3400 372 60 entraînant
1647 3401 227 77 pâmés
1903 3404 63 55 et
2018 3400 176 60 ravis
2236 3417 83 40 au

226 3476 160 60 fond
417 3479 87 57 du
537 3478 101 59 lac
669 3476 291 78 nuptial;
989 3478 96 58 les
1119 3481 222 56 autres
1370 3480 338 60 tendaient
1729 3481 181 60 leurs
1941 3481 218 59 mains
2189 3495 128 61 que

227 3558 98 58 les
351 3556 202 61 fleurs
583 3558 626 77 venaient/joindre,
1268 3559 87 60 ils
1384 3559 98 60 les
1510 3561 364 74 prenaient,
1920 3561 61 59 et
2034 3579 113 42 sur
2173 3561 144 59 leur
