2537 3909
1229 270 80 74 48

219 410 91 59 Le
341 410 237 59 monde
613 425 127 60 que
770 410 73 57 tu
877 409 251 77 ceignis
1161 410 78 57 de
1268 409 116 58 ton
1415 408 127 59 fort
1580 409 113 76 égo
1701 415 22 51 ï
1729 425 138 42 sine
1900 408 120 58 fait
2050 424 272 60 craquer

216 490 267 76 partout
505 489 64 58 la
609 489 314 58 ceinture.
959 490 94 57 La
1083 489 278 75 critique
1392 488 352 76 démasque
1782 488 65 58 la
1886 488 310 75 pauvreté
2242 488 79 58 de

214 573 115 53 ton
375 566 370 78 jugement,
788 569 62 57 et
887 568 98 58 les
1038 568 328 58 écrivains
1413 568 529 58 documentaires
1987 565 334 60 harcèlent

214 646 422 75 l'hypocrisie
691 646 79 59 de
821 649 67 56 ta
934 648 300 75 pudeur;
1282 648 62 58 et
1401 646 165 59 dans
1622 648 98 57 les
1777 645 365 76 faubourgs
2204 645 116 59 des

215 725 282 76 grandes
549 725 196 59 villes
792 725 64 60 la
907 725 371 59 révolution
1326 725 365 59 lentement
1744 742 68 40 se
1872 724 274 76 prépare
2204 723 114 76 qui

214 803 292 59 détruira
554 820 68 42 ce
672 820 126 59 que
841 805 75 56 tu
964 820 72 41 as
1067 804 280 58 amassé.
1382 803 89 58 Le
1513 803 131 58 mal
1676 804 78 57 de
1801 804 115 57 ton
1961 818 223 43 œuvre
2214 801 104 57 n'a

216 881 216 61 même
463 898 118 60 pas
610 883 288 58 l'excuse
929 881 235 60 banale
1196 884 88 57 du
1317 881 249 60 succès.

290 961 84 57 Et
402 963 72 55 tu
506 978 140 53 vas,
681 960 290 60 satisfait
997 963 317 75 pourtant
1344 961 167 59 dans
1541 961 98 59 les
1669 978 179 46 rues,
1884 961 321 74 occupant
2237 960 79 58 de

209 1040 112 57 ton
355 1040 293 59 catarrhe
679 1040 64 57 la
768 1040 264 76 largeur
1057 1041 90 58 du
1178 1039 284 72 trottoir,
1493 1041 319 75 opposant
1841 1040 66 57 ta
1939 1041 223 71 goutte
2191 1039 36 58 à
2251 1038 65 58 la

206 1120 264 57 marche
512 1119 116 58 des
675 1120 333 75 passants,
1038 1123 62 54 et
1149 1120 345 75 spéculant
1542 1137 115 40 sur
1697 1119 65 58 la
1791 1118 273 58 couleur
2091 1119 79 57 de
2200 1119 116 57 ton

201 1196 136 78 poil
371 1198 248 59 déteint
648 1214 167 60 pour
836 1199 291 75 imposer
1156 1199 36 57 à
1218 1199 65 58 la
1312 1198 201 71 foule,
1547 1214 153 43 avec
1726 1214 92 41 un
1843 1200 256 72 respect
2123 1196 186 70 indu,

202 1283 115 53 ton
350 1276 288 78 égoïsme
676 1276 374 60 insatiable.
1089 1278 99 58 Tu
1229 1292 138 58 vas,
1403 1278 440 58 chaudement
1881 1275 432 60 emmaillotté

204 1356 165 59 dans
411 1358 68 57 ta
522 1356 271 77 pelisse,
843 1356 208 59 calme
1095 1358 62 58 et
1201 1373 289 61 grognon
1536 1373 156 42 sans
1744 1355 144 58 voir
1941 1355 371 58 l'immense

204 1435 238 76 dégoût
472 1453 125 58 que
629 1436 269 59 soulève
926 1453 84 42 au
1039 1452 276 61 passage
1338 1439 62 56 la
1429 1438 332 75 puanteur
1791 1435 78 58 de
1892 1436 113 57 ton
2029 1434 144 59 âme
2198 1434 114 76 qui

204 1530 119 43 sue
352 1514 61 59 le
445 1515 201 58 crime
680 1515 89 58 du
802 1514 197 60 siècle
1030 1514 371 59 moribond.

1631 1701 182 56 PAUL
1852 1698 214 59 ADAM.
