2537 3909
1159 262 124 63 47

193 393 79 59 de
323 391 323 74 sinécure,
677 393 452 60 continuaient
1175 396 167 58 dans
1382 396 180 60 leurs
1607 396 267 61 feuilles
1912 397 388 76 publiques,

193 473 98 59 les
333 489 238 58 propos
619 472 77 59 de
743 473 267 59 taverne
1061 475 322 75 entrepris
1439 476 284 60 derrière
1764 476 299 72 l'Odéon,
2112 479 190 76 après

197 552 116 59 des
346 551 165 75 piles
544 551 77 58 de
652 569 368 58 soucoupes
1053 553 36 58 à
1118 553 182 59 l'œil.

275 631 105 58 Au
412 646 155 42 nom
597 631 76 58 de
715 632 166 57 cette
915 631 200 58 entité
1147 632 499 61 indéfinissable
1682 635 306 59 Liberté!
2020 636 84 58 ils
2142 636 128 58 atta-

196 710 274 73 quèrent
500 710 63 57 la
593 710 204 76 gloire
830 710 115 58 des
972 710 325 72 batailles,
1333 712 58 57 le
1422 712 154 59 luxe
1609 715 61 57 et
1701 713 63 59 la
1801 713 362 75 prospérité
2210 715 90 58 du

195 788 219 77 règne,
460 787 389 73 refusèrent,
903 806 82 43 en
1030 793 305 73 pressant
1372 791 340 77 l'opinion,
1758 793 197 77 qu'on
1988 793 175 59 levât
2201 793 99 60 les

195 868 242 75 impôts
492 868 201 59 utiles
737 870 37 58 à
817 868 65 60 la
924 868 317 61 réfection
1287 871 117 58 des
1452 872 278 73 armées,
1764 875 63 56 et
1875 871 427 77 préparèrent

197 964 155 42 avec
383 964 90 40 un
506 947 143 57 soin
666 947 254 76 jaloux,
936 947 64 59 la
1027 948 363 60 déchéance
1424 950 78 58 de
1529 950 64 58 la
1622 952 210 74 patrie
1860 952 83 57 où
1973 951 84 58 ils
2087 967 172 60 comp-

195 1027 207 57 taient
435 1042 66 42 se
530 1026 175 58 créer
741 1044 128 40 une
912 1027 195 59 situai
1119 1027 134 74 ion,
1288 1045 80 41 en
1399 1045 70 42 se
1508 1031 409 74 proclamant
1954 1046 344 43 sauveurs.

277 1103 532 77 Comprends-tu,
878 1106 309 60 vieillard
1250 1124 84 40 au
1408 1107 222 76 visage
1697 1107 175 73 béat,
1928 1125 256 42 comme
2229 1111 75 56 tu

196 1186 290 72 trempas
517 1185 163 58 dans
710 1186 219 58 toutes
962 1202 106 42 ces
1114 1186 257 71 hontes,
1406 1204 253 43 comme
1689 1188 69 59 tu
1800 1190 63 58 te
1891 1187 163 59 salis
2086 1188 35 58 à
2151 1190 153 57 tous

197 1280 107 42 ces
336 1263 238 59 crimes
602 1265 11 57 !
648 1263 187 60 Frais
858 1268 63 55 et
950 1281 146 43 rose
1128 1266 388 75 cependant,
1549 1268 71 58 tu
1654 1267 283 60 allumes
1968 1284 92 42 un
2091 1266 212 76 cigare

199 1346 60 55 et
284 1341 360 60 demandes
672 1360 153 42 avec
849 1342 391 78 inquiétude
1270 1361 84 42 au
1387 1345 173 59 valet
1584 1346 152 75 quel
1762 1348 98 56 est
1889 1346 60 57 le
1980 1362 202 42 menu
2215 1346 90 58 du

199 1422 133 59 soir
369 1422 62 59 et
463 1422 54 57 si
545 1422 64 57 la
638 1423 201 74 petite
873 1423 187 60 Clara
1084 1440 80 42 ne
1192 1423 85 59 t'a
1306 1425 188 75 point
1526 1426 200 58 laissé
1759 1426 79 58 de
1869 1425 191 59 lettre
2092 1441 84 42 au
2209 1442 66 42 sa-

199 1501 111 58 lon
343 1501 334 60 d'attente.

277 1580 84 59 Ce
392 1580 160 75 drap
583 1580 92 58 fin
705 1582 156 59 dont
887 1583 74 58 tu
991 1585 62 57 te
1085 1600 215 58 pares,
1325 1585 100 57 cet
1456 1601 71 41 or
1559 1601 124 59 que
1715 1585 72 57 tu
1820 1600 295 42 caresses
2148 1583 157 59 d'un

200 1658 181 77 doigt
428 1658 140 59 ridé
614 1660 162 62 dans
821 1661 60 58 le
938 1661 157 58 fond
1137 1662 90 59 du
1282 1665 292 73 gousset,
1611 1663 98 58 cet
1739 1661 264 60 énorme
2037 1662 232 59 chrono-

199 1738 205 59 mètre
441 1755 126 58 que
610 1742 72 54 tu
728 1738 273 61 exhibes
1032 1757 169 60 pour
1225 1740 212 61 forcer
1461 1741 444 58 l'admiration
1951 1741 78 58 de
2060 1741 212 60 Tinter-

195 1818 321 70 locuteur,
545 1835 79 41 ne
654 1826 148 52 sont
832 1820 271 72 vois-tu,
1131 1837 125 59 que
1284 1821 96 58 les
1413 1822 149 57 sûrs
1592 1821 344 76 stigmates
1968 1821 77 58 de
2072 1822 67 57 ta
2167 1839 106 58 per-

193 1897 263 60 versité.
492 1898 350 60 N'étais-tu
874 1916 120 59 pas
1028 1901 77 57 de
1147 1917 167 41 ceux
1355 1900 115 75 qui
1509 1900 479 75 proclamaient
2026 1903 240 58 Libéra-

195 1981 161 56 teur
383 1981 92 53 du
507 1980 361 57 territoire
894 1978 291 59 l'odieux
1232 1971 303 84 Adolphe
1569 1978 260 72 Thiers,
1860 1978 244 59 livrant
2135 1980 174 58 deux

195 2057 345 76 provinces
572 2058 62 58 et
665 2058 151 75 cinq
854 2057 334 60 milliards
1218 2075 160 60 poui
1418 2057 313 60 succéder
1771 2058 37 58 à
1843 2057 370 78 Bonaparte
2246 2061 62 57 et

195 2136 303 58 s'asseoir
529 2154 117 40 sur
670 2136 58 58 le
760 2136 184 60 trône
978 2137 78 57 de
1086 2136 271 60 France.

276 2216 98 58 Tu
403 2215 351 76 applaudis
779 2216 479 61 certainement
1288 2235 134 41 aux
1456 2231 368 45 massacres
1858 2217 77 59 de
1970 2216 235 76 Satory
2246 2218 62 59 et

196 2295 331 59 déclamas
568 2298 220 56 contre
836 2296 99 57 les
980 2296 214 68 curés,
1220 2297 62 57 et
1330 2296 260 60 soutins
1634 2295 271 59 l'article
1937 2296 59 68 7,
2031 2296 280 58 effaçant

1181 2352 13 16 y
1980 2352 15 14 y
2170 2357 14 10 o

196 2376 117 58 des
362 2375 315 58 cervelles
726 2375 356 58 humaines
1132 2376 66 57 la
1242 2375 376 76 possibilité
1667 2376 77 57 de
1795 2375 208 58 croire
2049 2376 37 57 à
2130 2375 145 76 quel-

195 2455 232 76 qu'UN
460 2455 113 75 qui
607 2453 124 71 fut,
760 2455 154 75 plus
947 2472 127 59 que
1104 2456 117 71 toi,
1251 2456 245 58 éternel
1529 2457 60 57 et
1621 2455 328 76 puissant.

272 2533 436 61 Maintenant,
762 2535 49 57 il
864 2533 263 60 t'arrive
1175 2551 231 43 encore
1467 2536 78 57 de
1594 2533 322 60 trembler
1970 2535 221 75 quand
2248 2533 63 61 le

196 2613 239 61 souffle
469 2613 85 59 du
588 2613 240 77 peuple
878 2631 193 59 passe
1121 2631 152 42 avec
1312 2615 61 58 le
1416 2615 287 76 drapeau
1731 2615 115 57 des
1891 2612 230 78 grèves
2157 2615 61 57 et
2250 2613 59 59 le

196 2695 90 57 cri
336 2693 77 59 de
456 2692 64 59 la
571 2693 280 59 douleur
901 2693 261 59 sociale.
1201 2693 100 58 Tu
1352 2692 172 60 feins
1574 2693 77 59 de
1695 2692 323 60 t'étonner
2062 2709 127 58 que
2239 2709 69 43 ce

192 2773 240 77 peuple
475 2772 460 79 indignement
976 2770 255 78 trompé
1277 2773 35 58 à
1350 2775 112 57 ton
1503 2773 198 77 profit
1731 2771 190 77 après
1946 2771 91 70 48,
2082 2772 227 76 saigné

193 2871 119 59 par
346 2859 96 53 tes
472 2853 223 59 ordres
728 2870 81 42 en
840 2852 175 71 1871,
1051 2852 237 60 affamé
1321 2853 238 75 depuis
1594 2870 116 60 par
1752 2851 299 58 l'avarice
2086 2852 89 57 du
2206 2869 68 40 ca-

192 2932 164 76 pital
389 2949 127 59 que
546 2933 73 58 tu
651 2931 351 60 confirmes
1030 2931 247 79 malgré
1303 2933 223 59 toutes
1551 2932 97 59 les
1678 2947 376 60 promesses
2087 2930 79 58 de
2206 2931 102 58 tes

193 3029 458 59 programmes
795 3015 73 54 tu
912 3011 170 60 feins
1133 3013 79 58 de
1244 3011 326 60 t'étonner
1622 3010 221 77 quand
1875 3010 47 58 il
1971 3010 244 75 gronde
2248 3012 63 57 et

193 3092 242 76 grince.
465 3092 128 57 Lui
623 3093 200 74 ayant
855 3091 103 60 ôté
990 3092 143 59 tout
1155 3091 220 76 espoir
1397 3092 164 59 dans
1583 3092 61 57 le
1674 3091 262 76 présent
1968 3092 62 56 et
2062 3088 249 61 détruit

196 3190 72 42 sa
296 3187 309 60 croyance
635 3171 334 74 aiiFutur,
988 3173 69 58 tu
1088 3171 323 76 comptais
1438 3171 163 77 qu'il
1621 3187 68 42 se
1711 3167 389 79 résignerait
2130 3168 181 60 enfin

196 3271 83 41 au
327 3251 340 77 désespoir
709 3250 257 73 absolu,
1001 3252 442 76 uniquement
1479 3251 311 60 désireux
1830 3250 78 57 de
1957 3248 262 59 nourrir
2243 3250 68 58 ta

195 3332 341 78 quiétude,
576 3332 78 59 de
713 3332 228 76 peiner
988 3332 164 59 dans
1209 3332 61 59 le
1319 3331 238 77 bagne,
1609 3327 362 62 d'attendre
2029 3328 63 58 la
2139 3331 172 57 mort

195 3413 167 59 dans
393 3412 60 59 le
502 3412 262 71 travail,
795 3412 323 76 puisqu'il
1148 3411 98 60 lui
1292 3411 291 77 répugne
1626 3410 77 58 de
1736 3407 200 61 sortir
1984 3407 78 59 de
2093 3407 65 60 la
2200 3407 111 61 -vie

195 3494 198 57 avant
423 3491 250 60 l'heure
705 3491 347 60 naturelle.

276 3571 90 61 Or
384 3571 137 60 rien
550 3589 80 42 ne
656 3589 67 42 se
747 3589 192 57 passe
974 3571 186 60 selon
1189 3587 126 59 que
1342 3572 73 57 tu
1446 3568 58 61 le
1537 3568 241 60 voulus
1805 3567 61 60 et
1888 3567 59 60 le
1977 3567 334 78 préparas.
