2537 3909
1278 206 78 62 64

279 336 127 57 Les
451 334 266 58 anciens
769 331 378 60 rédacteurs
2134 334 196 56 d'Art
1853 377 14 24 ,
1916 346 69 42 se
2037 331 296 57 retrouve-

280 415 166 65 ront,
480 414 150 57 tous
657 412 98 58 les
784 410 409 70 dimanches,
1241 410 78 57 de
1349 411 38 56 4
1418 409 34 57 à
1479 410 34 57 7
1541 410 260 63 heures,
1837 425 84 42 au
1952 407 138 60 café
2123 409 206 58 Guten-

279 494 180 72 herg,
489 490 78 58 35
592 490 192 57 Boni.
820 487 463 59 Poissonnière
1312 522 74 6 —
1418 486 461 75 prophétisons
1905 503 130 42 une
2065 485 303 60 nouvelle

285 570 166 58 série
477 569 195 58 d'Art
693 571 60 56 et
783 571 296 66 critique
1089 613 15 26 ,
1151 567 84 72 et,
1269 567 161 58 cette
1463 565 152 71 fois,
1642 566 61 59 le
1731 564 225 61 succès
1984 565 300 76 complet.

353 726 185 59 Dans
567 725 98 57 les
703 724 274 71 Débats,
1029 740 155 42 sous
1212 724 63 57 la
1324 722 335 77 signature
1702 724 78 57 de
1822 722 340 59 Monsieur
2206 721 168 58 Paul

275 804 419 76 Desjardins,
738 802 200 75 jeune
978 804 64 57 et
1080 801 367 60 désinvolte
1495 801 398 71 normalien,
1941 804 164 55 cette
2134 801 239 75 phrase

279 882 195 77 qu'on
503 881 464 60 n'inventerait
991 898 140 58 pas.

360 980 28 34 «
422 960 112 70 Or,
560 960 68 75 je
657 959 312 58 voudrais
1002 959 423 76 aujourd'hui
1474 957 188 78 (pour
1707 957 355 76 complaire
2110 957 35 59 à
2195 955 168 80 quelques

271 955 225 62 amis,
541 955 90 62 et
676 955 315 62 quoique
1036 955 90 62 la
1171 955 494 62 littérature
1710 955 90 62 ne
1845 955 180 62 soit
2070 955 135 62 pas
2250 955 134 62 mon

277 1117 226 60 affaire
534 1126 255 66 propre)
822 1116 312 75 indiquer
1160 1116 150 58 d'où
1339 1116 315 58 viennent
1684 1133 106 41 ces
1828 1116 240 74 jeunes
2098 1131 178 60 gens»
2316 1115 62 57 et

277 1213 68 40 ce
384 1195 114 75 qui
553 1211 35 41 a
642 1195 238 58 chance
938 1195 78 57 de
1068 1195 206 57 rester
1326 1193 215 74 d'eux,
1578 1195 145 58 tout
1775 1193 383 78 éphémères
2215 1191 163 76 qu'il

277 1275 235 58 soient.
548 1294 29 35 »

353 1354 55 57 Il
430 1352 199 59 serait
649 1351 322 76 peut-être
997 1352 153 75 plus
1179 1351 364 75 profitable,
1575 1369 168 58 pour
1766 1352 59 60 le
1869 1352 342 59 rédacteur
2260 1350 115 58 des

282 1453 28 34 «
342 1431 249 60 Débats
629 1451 28 35 »
679 1431 77 57 de
780 1431 280 58 méditer
1085 1431 476 58 sérieusement
1589 1449 116 39 sur
1721 1449 69 42 ce
1808 1431 113 76 qui
1952 1447 240 59 pourra
2222 1430 153 57 bien

279 1511 207 58 rester
506 1511 79 57 de
626 1510 98 57 lui
750 1544 73 5 —
851 1510 129 58 mis
1007 1510 36 57 à
1071 1511 142 74 part
1244 1510 61 57 le
1350 1510 313 57 souvenir
1688 1511 156 57 d'un
1875 1514 123 54 sot.
2048 1543 76 6 —
2162 1508 213 70 Jadis,

276 1590 88 58 M.
416 1588 391 77 Desjardins
837 1587 342 60 terminait
1208 1605 88 41 un
1321 1588 225 59 article
1578 1605 81 42 en
1687 1590 254 57 disant:
1982 1609 29 34 «
2037 1588 186 58 Nous
2242 1587 129 78 étudierons

271 1587 90 64 la
406 1587 405 64 prochaine
856 1587 180 64 fois
1081 1587 180 64 lame
1306 1587 90 64 de
1441 1587 90 64 M.
1576 1587 224 64 Sully
1845 1587 449 64 Prudhomme.
2339 1587 45 64 »

276 1746 187 60 Nous
506 1747 366 74 regrettons
925 1746 79 58 de
1053 1762 84 41 ne
1192 1746 279 74 pouvoir
1524 1746 97 58 lui
1677 1747 232 59 rendre
1964 1746 65 57 la
2082 1743 297 77 pareille,

273 1823 378 59 l'existence
681 1823 78 59 de
793 1840 117 41 son
941 1823 167 66 âme,
1143 1823 212 59 même
1388 1823 549 72 d'universitaire,
1988 1822 248 60 n'étant
2264 1839 118 59 pas

277 1902 492 59 suffisamment
795 1901 303 76 prouvée.

354 2061 128 57 Les
509 2060 338 58 Parisiens
876 2058 114 77 qui
1022 2061 229 57 eurent
1271 2060 60 58 le
1357 2061 75 58 27
1459 2061 260 76 janvier
1751 2058 130 79 1889
1914 2058 65 79 la
2008 2058 261 61 velléité
2304 2060 78 58 de

277 2137 438 75 reconquérir,
744 2154 116 58 par
890 2154 89 42 un
1006 2140 148 56 vote
1175 2137 275 73 célèbre,
1478 2140 146 57 leur
1652 2138 260 73 liberté,
1944 2140 159 58 l'ont
2132 2137 248 78 perdue

278 2217 255 59 définiti
543 2218 261 56 vement
830 2217 166 57 cette
1023 2216 205 60 année
1258 2234 149 42 vers
1424 2217 63 59 la
1540 2218 214 59 même
1787 2218 170 59 date.

354 2296 95 57 La
479 2295 134 57 fille
644 2295 184 57 Elisa
858 2297 63 56 et
943 2295 390 58 Thermidor
1355 2296 110 58 ont
1491 2296 89 57 du
1604 2297 279 76 prendre
1915 2297 37 59 à
1970 2296 144 58 leur
2141 2297 150 57 tour
2318 2295 61 59 le

275 2375 263 58 chemin
561 2373 79 60 de
683 2373 201 60 l'exil.

352 2532 89 60 M.
491 2531 262 76 Sulpice
783 2532 307 60 Bouchor
1120 2531 119 60 fait
1286 2532 409 76 représenter
1725 2551 132 42 aux
1905 2533 472 61 Marionnettes

275 2629 91 42 un
394 2611 290 76 mystère
715 2611 117 76 qui
869 2610 194 59 traite
1110 2611 155 58 d'un
1305 2611 277 60 curieux
1617 2629 106 43 cas
1779 2613 471 77 d'obstétrique
2292 2610 81 80 légendaire

273 2610 211 59 mis
554 2610 141 59 en
765 2610 281 59 vers
1116 2610 211 59 par
1397 2610 492 59 Bonasse
1959 2610 422 59 Lebel.

353 2848 199 61 Vient
584 2848 79 60 de
693 2850 283 75 paraître
1009 2867 13 39 :

354 2927 169 60 Chez
569 2927 174 60 Kolb
776 2944 14 42 :
848 2931 205 56 Robes
1077 2942 251 59 rouges
1356 2944 118 58 par
1502 2928 170 59 Paul
1690 2926 214 62 Adam
1924 2949 15 54 ;
1961 2931 153 58 chez
2141 2930 80 59 A.
2260 2926 85 77 Lemerrè
2357 2926 12 77 :

274 2926 492 60 Presque
836 2926 211 60 par
1117 2926 492 60 Francis
1679 2926 702 60 Poictevin.

353 3166 92 59 Le
477 3165 279 60 Théâtre
787 3165 165 59 d'art
982 3181 382 43 consacrera
1410 3181 74 42 sa
1513 3166 210 59 soirée
1768 3168 89 57 du
1886 3167 77 60 27
2007 3166 240 62 février
2281 3170 37 58 à
2364 3186 13 41 :

277 3266 28 36 «
339 3245 487 77 L'Après-midi
863 3243 157 60 d'un
1048 3243 334 75 faune.[de
1415 3243 325 78 Stéphane
1771 3243 374 76 Mallarmé,
2192 3250 63 58 et
2299 3266 83 41 au

277 3347 28 35 «
338 3325 290 74 Mystère
657 3326 77 60 de
751 3326 63 58 la
835 3325 167 59 Fille
1025 3341 134 42 aux
1189 3323 217 59 mains
1437 3326 354 75 coupées»,
1829 3327 78 59 de
1937 3327 225 60 Pierre
2195 3323 188 78 Quillard.

1324 3507 70 45 Le
1432 3507 227 48 Gérant:
1695 3509 143 46 J.-li.
1875 3510 314 45 BOUTHORS.

556 3599 143 42 Paris.
807 3599 159 50 Imp.Ii
981 3604 241 33 EAUDELOT
1251 3601 47 35 et
1329 3596 192 44 MÉLIÈS.
1549 3598 64 51 16,
1646 3609 84 30 rue
1759 3599 54 41 de
1846 3601 242 39 Yerneuii.
