2537 3909
533 479 272 171 AUX
896 479 1179 171 INTELLECTUELS

522 982 184 47 L'Etat
744 982 238 60 pourrait
1025 982 178 46 solder
1242 982 47 46 le
1326 981 177 57 talent,
1547 995 199 33 comme
1785 982 38 45 il
1866 982 148 46 solde
2051 982 52 47 la
2141 982 160 46 Baïon-

457 1047 164 52 nette;
658 1044 137 46 mais
830 1044 39 46 il
901 1044 222 47 tremble
1153 1043 159 48 d'être
1326 1043 206 62 trompé
1556 1057 98 47 par
1670 1044 250 47 l'homme
1953 1043 380 62 d'intelligence

459 1119 200 33 comme
691 1105 46 47 si
767 1105 103 46 l'on
898 1104 219 61 pouvait
1139 1105 299 60 longtemps
1462 1104 310 47 contrefaire
1793 1105 47 46 le
1866 1104 168 61 génie.

1604 1183 216 48 Honoré
1854 1184 62 47 de
1948 1184 226 47 BALZAC;.

294 1382 99 57 En
421 1381 276 76 perdant
725 1381 65 57 la
812 1380 139 69 Foi,
987 1396 131 42 une
1147 1396 145 42 race
1321 1378 152 78 perd
1500 1378 67 59 la
1593 1378 226 59 notion
1849 1378 78 57 de
1957 1377 167 58 l'Art
2149 1378 61 59 et
2243 1378 88 57 du

214 1461 209 70 Beau,
452 1458 441 60 l'avènement
949 1475 79 42 au
1072 1458 278 75 pouvoir
1393 1458 78 59 de
1514 1457 64 59 la
1631 1456 416 76 bourgeoisie
2105 1456 197 60 voltai-

211 1541 227 58 rienne
470 1538 177 60 avait
675 1537 403 60 matérialisé
1119 1537 277 76 l'esprit,
1434 1537 65 59 la
1536 1537 373 59 laïcisation
1967 1537 79 57 de
2077 1536 222 60 rensei-

211 1618 314 79 gnement
554 1616 344 77 aprosaïsé
921 1617 97 57 les
1048 1617 206 71 âmes,
1275 1616 586 60 l'envahissement
1891 1615 117 58 des
2035 1616 299 58 termites

214 1700 80 58 de
324 1698 65 58 la
419 1696 384 60 médiocrité
850 1696 239 58 achève
1153 1696 78 57 de
1289 1695 451 76 mesquiniser
1787 1695 98 58 les
1940 1695 396 58 sentiments

211 1777 450 76 cons'quence
694 1776 264 76 logique
996 1795 9 37 :
1038 1775 451 59 l'intellectuel
1522 1776 128 57 mis
1701 1792 82 41 au
1818 1775 128 58 ban
2008 1776 79 57 de
2117 1776 66 57 la
2234 1791 66 42 so-

242 1858 47 13 •r
309 1860 7 12 t
344 1857 11 13 ?

203 1860 182 57 ciete.

289 1937 52 57 11
374 1952 69 42 se
469 1936 234 57 trouve
737 1935 115 57 des
884 1933 400 77 vésaniques
1306 1950 166 58 pour
1517 1933 182 59 doter
1720 1932 315 58 l'institut
2065 1933 79 59 de
2185 1932 149 76 prix

210 2016 236 60 oiseux
489 2015 62 58 et
581 2030 92 42 un
704 2013 273 60 Yilliers
1033 2013 77 57 de
1176 2012 424 60 l'lsle-Adam
1646 2013 219 57 meurt
1909 2012 164 57 dans
2116 2012 186 61 l'indi-

209 2112 220 61 gence.
492 2095 92 58 La
629 2093 237 59 société
912 2110 70 42 se
1021 2092 286 76 putréfie
1338 2092 193 59 d'une
1557 2092 154 59 telle
1740 2091 310 76 syphillis
2084 2093 244 58 morale

207 2173 239 78 qu'elle
478 2173 104 58 n'a
614 2172 214 59 même
859 2189 120 59 pas
1031 2172 64 57 la
1134 2171 291 60 crânerie
1473 2171 79 58 de
1598 2171 298 58 s'avouer
1936 2187 106 41 ses
2069 2171 257 71 haines,

209 2255 121 59 elle
366 2271 69 41 se
474 2253 100 59 les
602 2251 355 60 dissimule
984 2267 159 42 sous
1176 2251 117 60 des
1326 2251 494 76 euphémismes
1851 2252 63 57 et
1943 2251 148 58 n'en
2139 2253 189 58 mord

206 2333 269 77 qu'avec
504 2332 153 75 plus
686 2331 79 58 de
797 2331 266 76 hargne.

286 2413 91 58 Le
404 2410 401 72 fait-divers,
837 2411 99 58 les
968 2427 293 54 courses,
1296 2410 96 59 les
1443 2408 406 60 exhibitions
1899 2410 77 58 de
2020 2408 304 75 femmes,

205 2492 178 60 voilà
408 2509 70 42 ce
510 2491 116 76 qui
657 2490 359 77 passionne
1045 2490 318 76 l'opinion
1393 2490 320 76 publique
1738 2509 12 38 :
1786 2491 98 57 est
1913 2490 321 76 dédaigné
2265 2492 61 59 le

201 2572 168 59 livre
398 2587 307 42 nouveau
737 2568 104 60 s'il
873 2586 80 42 ne
979 2568 181 77 parle
1188 2568 34 59 à
1274 2568 65 59 la
1365 2568 149 59 bête
1565 2585 84 42 ou
1698 2585 80 42 ne
1814 2570 396 72 scandalise,
2239 2571 87 72 et,

206 2669 155 42 sans
391 2651 60 58 le
483 2651 129 58 rire
659 2651 116 57 des
824 2651 164 68 sots,
1020 2648 271 60 l'œuvre
1330 2648 166 59 d'art
1527 2665 81 42 ne
1660 2665 69 42 se
1774 2665 348 60 remarque
2167 2651 154 60 mie.

202 2730 234 72 Aussi,
468 2730 302 76 l'époque
817 2727 314 61 s'embête
1162 2728 79 59 de
1274 2728 252 59 n'avoir
1555 2745 78 42 en
1668 2727 186 78 guise
1898 2730 77 57 de
2023 2730 303 59 Paraelet

206 2827 126 59 que
362 2810 61 58 le
450 2807 268 78 journal
750 2806 558 71 d'informations,
1332 2806 313 77 lacoulpe
1677 2807 292 60 entraîne
1999 2808 59 59 le
2082 2808 244 78 dégoût

209 2891 78 58 de
337 2888 376 70 soi-même,
755 2887 61 59 le
863 2887 227 76 spleen
1142 2888 61 58 et
1260 2887 569 60 l'abrutissement
1880 2888 331 78 cortègent
2265 2890 62 61 le

205 2968 442 78 scepticisme.
699 2966 56 60 Il
803 2966 145 60 faut
987 2967 231 59 visiter
1273 2967 98 59 les
1418 2966 320 60 Flandres
1787 2968 61 58 et
1890 2968 65 59 la
1994 2968 330 60 Hollande

202 3066 167 60 pour
399 3066 69 42 se
521 3047 237 60 rendre
803 3047 258 76 compte
1109 3047 79 59 de
1235 3046 64 60 la
1331 3045 346 77 quiétude,
1711 3046 89 60 du
1834 3047 301 60 bonheur
2164 3048 159 60 d'un

201 3140 166 66 pays
399 3128 253 59 aimant
677 3144 121 42 son
822 3128 100 58 art
943 3145 14 53 ;
988 3126 430 60 Amsterdam
1443 3142 36 42 a
1503 3126 59 58 le
1586 3126 172 60 culte
1777 3127 79 60 de
1881 3127 440 75 Rembrandt,

201 3208 262 61 Anvers
493 3207 173 60 celui
705 3207 80 59 de
835 3206 275 60 Rubens
1132 3224 14 53 ;
1181 3222 80 42 en
1292 3206 270 72 France,
1593 3206 63 58 la
1703 3206 209 61 classe
1938 3207 384 76 supérieure

206 3287 226 60 dresse
479 3287 116 59 des
639 3285 217 61 autels
906 3286 35 58 à
971 3285 63 59 la
1077 3285 137 59 fille
1261 3283 181 75 bête,
1477 3285 65 59 la
1580 3285 210 61 classe
1833 3286 359 62 inférieure
2238 3306 81 42 au

206 3366 171 60 litre.
