2537 3909
1219 262 75 57 34

206 396 302 58 retrouve
554 395 62 56 la
658 393 173 59 trace
882 393 87 58 du
1020 393 233 59 milieu
1298 392 277 76 élégant,
1607 392 371 75 intelligent
2027 409 82 40 ou
2156 392 118 59 hon-

209 473 147 60 nête
390 472 149 59 d'où
572 471 48 57 il
649 471 322 75 provient.

286 552 56 57 Il
375 551 208 58 arrive
615 548 172 59 ainsi
820 550 163 58 dans
1011 550 60 58 le
1103 550 241 58 monde
1376 548 187 60 muni
1596 548 156 59 d'un
1777 548 165 77 petit
1970 548 229 75 pécule
2236 548 77 59 de

210 631 190 76 goûts
432 627 369 76 distingués
849 628 62 58 et
957 628 212 59 même
1213 627 417 60 d'habitudes
1659 627 367 75 physiques
2072 627 113 75 qui
2215 627 98 57 lui

209 708 277 60 rendent
529 707 131 59 vite
691 706 174 58 aisée
911 706 65 58 la
1018 708 299 75 pratique
1364 708 77 58 de
1485 707 62 59 la
1594 706 333 75 politesse,
1965 706 89 57 du
2101 706 216 58 savoir

207 788 183 58 vivre
436 787 62 57 et
548 786 77 58 de
676 785 323 76 quelques
1046 786 221 60 autres
1324 786 180 58 riens
1556 785 113 75 qui
1720 785 288 75 plairont
2059 801 254 59 pourvu

213 865 196 76 qu'ils
437 863 214 59 soient
679 862 181 58 aidés
893 863 193 59 d'une
1110 867 315 56 tournure
1453 865 79 57 de
1564 879 186 58 corps
1782 861 445 59 satisfaisante
2255 863 61 57 et

210 942 493 76 indispensable
741 942 35 56 à
808 941 159 59 faire
997 943 209 59 valoir
1234 943 97 59 les
1371 943 250 59 bonnes
1653 941 326 58 manières
2011 946 62 53 et
2106 941 207 58 servis

213 1023 114 58 des
381 1021 323 75 quelques
755 1021 374 75 agréments
1182 1023 77 58 de
1307 1021 253 76 l'esprit
1607 1036 116 60 par
1770 1021 83 56 où
1898 1020 131 58 l'on
2068 1020 244 58 s'attire

211 1100 473 76 l'approbation
718 1098 77 59 de
831 1116 103 41 ses
966 1100 398 59 semblables
1397 1101 164 58 dans
1590 1098 145 59 leur
1766 1114 360 43 commerce
2159 1115 117 58 quo-

213 1180 208 57 tidien
435 1225 9 10 .

293 1256 54 58 Il
399 1274 43 57 y
502 1272 36 42 a
595 1272 183 42 assez
834 1256 137 58 loin
1025 1257 198 60 d'être
1255 1257 137 58 cela
1530 1256 111 76 qui
1668 1256 159 75 peut
1853 1254 355 77 s'acquérir
2237 1272 79 41 en

215 1351 253 44 somme
519 1336 62 57 et
630 1336 84 57 où
762 1335 49 58 il
860 1337 167 56 n'est
1076 1337 141 57 rien
1260 1337 156 57 dont
1457 1352 81 42 on
1584 1352 80 41 ne
1703 1335 228 76 puisse
1978 1351 68 42 se
2088 1351 229 60 passer

216 1431 153 42 avec
400 1430 91 42 un
539 1430 128 58 peu
713 1415 79 57 de
837 1413 207 76 génie,
1081 1431 83 42 ou
1216 1415 77 58 de
1335 1415 520 76 l'impertinence
1989 1415 149 57 àce
2190 1426 126 63 que

213 1491 444 78 j'appellerais
687 1508 93 41 un
809 1511 28 34 «
873 1492 264 60 homme
1169 1493 77 57 de
1277 1510 164 42 race.
1480 1514 28 34 »

300 1571 276 59 Celui-ci
609 1572 99 57 est
734 1587 91 42 un
854 1589 404 59 personnage
1288 1572 381 76 particulier
1698 1571 115 76 qui
1844 1589 36 40 a
1907 1587 252 43 comme
2190 1587 129 42 une

220 1649 376 61 conscience
629 1649 370 77 historique
1032 1651 77 57 de
1143 1667 72 42 sa
1242 1651 282 59 filiation
1555 1651 259 58 illustre
1846 1667 82 41 ou
1970 1649 347 70 inconnue,

219 1727 110 77 qui
374 1729 146 56 sent
562 1728 296 57 survivre
900 1746 78 41 en
1024 1728 98 59 lui
1169 1729 60 59 le
1278 1729 140 75 legs
1463 1731 116 57 des
1623 1729 199 58 vieux
1870 1728 154 75 âges
2073 1745 81 40 ou
2205 1728 116 57 des

220 1807 288 76 époques
553 1806 411 59 innommées
1013 1809 61 56 et
1119 1825 68 40 se
1236 1808 126 59 sait
1401 1807 225 77 appelé
1676 1808 35 57 à
1764 1807 274 58 réaliser
2088 1823 79 42 en
2224 1806 98 58 lui

220 1884 285 77 quelque
549 1884 202 75 gloire
784 1884 243 59 seciète
1071 1886 158 58 dont
1254 1887 409 76 l'obligation
1695 1888 97 57 est
1822 1902 210 42 venue
2062 1884 260 78 jusqu'à

220 1963 120 60 lui.
375 1963 53 57 11
460 1963 132 75 agit
623 1980 84 42 au
755 1980 156 42 nom
943 1963 236 60 d'êtres
1211 1966 305 75 disparus
1549 1967 157 57 dont
1753 1964 42 59 il
1851 1964 136 59 suit
2031 1964 65 58 la
2125 1963 165 59 tradi-

219 2042 141 58 tion
412 2043 246 57 muette
708 2058 84 41 ou
840 2043 251 57 notoire
1143 2060 78 42 en
1265 2043 98 59 les
1394 2043 202 59 fastes
1643 2044 114 58 des
1803 2043 261 75 Temps.
2106 2043 83 59 Ce
2220 2042 102 58 fut

221 2119 529 63 Chateaubriand
797 2138 115 59 par
975 2123 297 74 exemple
1320 2140 84 42 ou
1449 2123 268 59 Yilliers
1776 2123 79 57 de
1900 2122 423 58 l'isle-Adam

220 2201 139 76 qui,
392 2216 116 58 par
545 2216 129 42 une
704 2199 273 60 illusion
1023 2201 416 76 prodigieuse
1472 2202 61 57 et
1560 2201 307 71 sublime,
1902 2201 322 58 s'incarna
2253 2216 69 42 ce

221 2278 162 76 qu'il
411 2295 68 42 se
508 2278 249 75 croyait
789 2279 79 59 de
898 2281 181 57 toute
1110 2279 64 59 la
1204 2281 173 58 force
1410 2281 76 58 de
1516 2297 72 41 sa
1617 2279 219 77 royale
1866 2279 453 77 imagination.

221 2359 84 58 Ce
347 2359 149 56 sont
527 2373 230 44 encore
797 2357 322 61 certaines
1157 2358 482 76 personnalités
1679 2357 437 77 respectables
2157 2358 170 59 mais

219 2452 93 42 un
345 2452 128 59 peu
519 2434 389 77 maniaques
952 2453 119 59 par
1113 2437 113 75 qui
1254 2436 328 71 finissent,
1617 2453 80 42 en
1730 2437 78 57 de
1839 2436 200 59 vieux
2069 2437 61 57 et
2158 2453 126 41 mas-

221 2514 122 59 sifs
378 2514 236 71 hôtels,
649 2517 182 57 entre
879 2531 158 42 cour
1081 2518 62 56 et
1169 2516 246 76 jardin,
1446 2516 212 76 parmi
1707 2516 164 58 cette
1912 2514 251 77 époque
2210 2514 113 77 qui

220 2594 98 59 les
348 2592 132 71 nie,
508 2592 97 59 les
638 2593 151 75 plus
822 2593 235 60 hautes
1090 2597 61 56 et
1180 2596 97 57 les
1306 2596 154 75 plus
1493 2594 268 59 ducales
1791 2594 315 59 maisons.

296 2672 99 58 De
445 2671 189 58 l'avis
686 2672 78 58 de
807 2674 146 58 tout
1001 2690 165 42 ceux
1215 2676 113 73 qui
1372 2673 160 60 l'ont
1561 2673 320 76 approché
1928 2677 63 53 et
2021 2673 88 57 du
2158 2673 167 70 sien,

220 2751 89 58 M.
346 2751 77 58 de
459 2749 336 60 Concourt
831 2754 98 56 est
959 2768 92 42 un
1082 2752 265 60 homme
1392 2754 79 58 de
1521 2752 269 75 qualité.
1825 2751 346 59 Plusieurs
2201 2752 127 58 fois

221 2847 84 41 au
337 2846 192 42 cours
559 2829 79 59 de
671 2847 104 42 ses
808 2831 194 58 écrits
1030 2831 50 57 il
1112 2832 404 76 revendique
1542 2833 164 57 cette
1740 2829 394 78 disposition
2166 2832 130 58 d'es-

218 2908 132 76 prit
380 2909 62 57 et
474 2908 78 58 de
597 2926 272 54 mœurs,
902 2909 273 77 parfois,
1203 2928 166 59 pour
1399 2916 136 53 s'en
1566 2909 276 60 féliciter
1871 2909 191 59 sinon
2092 2927 165 59 pour
2284 2927 45 59 y

219 2987 322 59 attribuer
581 2988 284 58 certains
896 2987 325 61 déboires.

299 3066 94 58 La
426 3066 339 59 mauvaise
795 3067 183 58 issue
1002 3068 247 75 qu'eût,
1272 3085 129 41 une
1422 3067 321 76 première
1770 3067 149 73 fois,
1952 3068 36 58 à
2016 3068 63 58 la
2110 3068 215 71 scène,

218 3142 346 63 Henriette
621 3146 327 58 Maréchal
997 3147 101 57 fut
1146 3147 283 59 motivée
1476 3147 183 58 selon
1706 3147 281 59 l'auteur
2031 3165 118 59 par
2196 3165 132 40 une

223 3223 339 77 suspicion
590 3224 602 61 d'aristocratisme.

303 3303 82 58 Ce
436 3306 136 57 mot
627 3322 11 39 :
687 3321 171 42 nous
910 3320 292 44 sommes
1248 3307 115 58 des
1413 3304 438 74 aristocrates,
1891 3306 88 59 M.
2027 3307 80 57 de
2153 3304 129 61 Con-

223 3383 184 57 court
435 3382 59 58 le
522 3398 328 60 prononce
896 3384 274 60 souvent
1204 3387 63 56 et
1312 3401 78 42 en
1433 3384 377 75 particulier
1846 3383 302 77 lorsqu'il
2178 3400 111 43 con-

224 3463 166 57 state
420 3460 64 60 la
507 3463 415 76 répugnance
957 3464 77 59 de
1071 3481 118 42 son
1221 3466 156 73 goût
1409 3464 329 59 d'homme
1767 3463 152 61 bien
1951 3464 178 60 élevé
2158 3480 169 59 pour

221 3539 119 60 des
390 3540 388 61 recherches
828 3540 243 61 locales
1127 3558 126 60 que
1311 3542 396 61 nécessitent
1762 3542 99 61 les
1912 3543 204 60 livres
2166 3542 160 76 qu'il
