2537 3909
752 633 183 122 AD
1011 633 769 126 VIEILLARD!

273 1094 355 75 Songes-tu
658 1093 249 78 parfois
940 1111 81 42 au
1061 1096 194 75 passé
1303 1096 78 59 de
1421 1096 101 58 tes
1572 1112 119 42 ans
1734 1111 465 61 parcourus....

200 1172 229 61 décoré
483 1173 231 71 certes,
767 1173 61 60 le
879 1174 99 60 col
1058 1173 420 73 doctrinaire,
1524 1174 61 58 le
1645 1174 254 59 sourire
1961 1174 80 60 de
2107 1176 205 59 barbe

198 1253 281 60 blanche
508 1252 236 60 affable
775 1270 255 43 comme
1077 1254 57 59 si
1164 1256 73 57 tu
1269 1254 251 59 n'avais
1550 1270 118 59 pas
1699 1253 317 60 consumé
2045 1258 67 56 ta
2141 1256 106 58 vie
2277 1256 37 58 à

193 1332 286 77 piétiner
506 1331 349 61 l'honneur
884 1333 78 59 de
988 1333 65 57 la
1081 1350 146 42 race
1259 1336 62 56 et
1364 1333 37 59 à
1444 1332 187 60 offrir
1656 1332 61 60 le
1750 1350 162 59 sang
1955 1333 90 59 du
2074 1333 239 78 peuple

201 1428 80 42 en
314 1411 292 59 sacrifice
639 1428 84 41 au
763 1428 167 44 veau
972 1412 159 58 d'or.

272 1491 447 76 Rappelle-toi
733 1508 90 41 un
842 1508 155 60 peu,
1014 1491 130 59 bon
1157 1492 306 58 vieillard
1494 1491 559 76 lithographique.
2080 1492 232 60 Laisse

191 1588 92 42 un
313 1572 254 58 instant
596 1571 65 58 la
690 1588 189 59 prose
913 1572 79 58 de
1039 1572 403 75 Francisque
1470 1569 241 77 Sarcey
1741 1587 129 59 que
1898 1572 75 57 tu
2003 1572 311 76 dégustes

188 1667 156 43 avec
384 1667 131 42 une
562 1652 52 56 si
661 1651 130 58 fine
846 1651 495 76 gourmandise,
1401 1649 273 60 enfoncé
1721 1649 168 60 dans
1931 1652 62 58 le
2025 1651 288 59 fauteuil

189 1731 92 58 du
313 1731 207 59 cercle
551 1729 160 60 dont
739 1731 61 58 le
831 1731 265 59 velours
1129 1746 202 60 rouge
1364 1729 37 59 à
1431 1728 300 76 crépines
1772 1728 138 60 d'or
1943 1731 370 76 symbolise

189 1809 182 60 enfin
407 1809 61 59 le
499 1826 182 42 sacre
711 1809 80 59 de
819 1811 101 57 tes
948 1809 185 59 idées
1162 1808 511 75 triomphantes.

275 1888 443 76 Rappelle-toi
739 1888 65 59 la
835 1888 205 76 gloire
1073 1888 80 60 de
1186 1888 245 59 février
1465 1887 177 71 1848,
1678 1888 85 57 où
1793 1888 75 59 tu
1900 1888 412 74 contribuas,

192 1968 533 79 polytechnicien
779 1968 353 76 peut-être,
1200 1967 303 60 étudiant
1557 1967 276 60 chevelu
1882 1986 157 42 sans
2089 1971 224 71 doute,

196 2048 260 60 armant
488 2048 80 59 de
598 2047 308 60 cocardes
944 2048 100 59 les
1091 2048 285 59 bonnets
1421 2047 115 58 des
1567 2065 38 58 g
1614 2047 223 60 risette
1846 2065 29 40 s
1919 2065 168 59 pour
2127 2065 152 43 cons-

193 2145 168 59 puer
386 2127 61 58 le
479 2127 344 76 parapluie
854 2129 142 58 vert
1039 2127 79 60 de
1148 2127 207 58 Louis
1386 2126 308 76 Philippe
1726 2126 149 61 Roi.
1942 2128 335 60 Acclamas-

189 2209 77 59 tu
296 2225 156 43 avec
478 2208 338 59 virulence
845 2207 66 60 la
940 2209 259 58 cravate
1231 2207 79 58 de
1340 2207 381 58 Lamartine
1753 2208 61 57 et
1835 2207 98 60 les
1948 2207 367 76 épaulettes

193 2288 84 59 de
310 2288 368 76 Gavaignac
701 2288 12 57 !
741 2287 105 67 Et,
882 2303 167 60 pour
1081 2287 231 58 mieux
1350 2287 295 74 tromper
1688 2286 56 59 le
1774 2286 145 59 naïf
1962 2288 352 75 prolétaire

207 2383 127 60 que
362 2368 75 57 tu
488 2366 322 77 envoyais
843 2366 285 76 dépaver
1174 2366 97 59 les
1303 2381 154 42 rues
1490 2364 131 59 afin
1656 2364 80 60 de
1786 2367 65 58 te
1895 2382 243 61 gagner
2185 2385 132 42 une

196 2446 324 61 situation
567 2447 165 58 dans
763 2462 83 42 un
889 2446 525 77 gouvernement
1458 2444 184 73 neuf,
1679 2461 258 44 comme
1966 2450 73 54 tu
2086 2447 197 61 frater-

189 2527 186 60 nisas
435 2542 154 43 avec
638 2527 98 58 les
795 2526 219 58 mains
1072 2526 326 58 calleuses
1458 2526 62 57 et
1575 2523 315 62 t'enivras
1938 2526 379 61 d'absinthe

191 2606 302 70 humble,
523 2606 167 58 dans
720 2606 99 58 les
850 2604 300 60 cabarets
1190 2604 90 59 du
1322 2603 332 76 faubourg
1692 2603 507 78 Saint-Jacques
2220 2607 10 57 !

272 2686 169 61 Mais
470 2686 122 72 lui,
623 2684 219 60 moins
868 2684 147 60 bête
1035 2701 129 60 que
1193 2683 335 76 l'espérait
1556 2684 114 58 ton
1701 2684 326 60 ambition
2049 2684 266 74 d'alors,

195 2767 66 58 te
290 2766 194 59 brûla
513 2766 66 59 la
619 2766 317 76 politesse
981 2764 157 59 bien
1169 2764 198 59 avant
1386 2763 59 59 le
1489 2762 39 58 2
1570 2763 372 60 décembre.
1992 2764 99 58 En
2136 2766 179 71 vain,

197 2848 376 75 essayas-tu
605 2846 80 59 de
714 2846 295 59 l'exciter
1052 2844 221 60 contre
1303 2843 311 78 l'énergie
1645 2844 499 77 du-Bonaparte
2183 2846 102 59 ins-

192 2926 180 61 tallé.
412 2926 266 76 L'appel
723 2944 85 40 au
840 2925 250 76 Peuple
1117 2923 325 61 démentit
1471 2923 65 59 la
1566 2923 233 61 valeur
1842 2926 76 58 de
1961 2928 103 56 tes
2107 2926 178 59 décla-

193 3006 313 59 mations.
541 3006 54 57 11
624 3007 63 57 te
719 3005 199 59 fallut
948 3006 345 58 retourner
1320 3003 66 60 la
1415 3020 310 59 casaque,
1750 3003 370 76 applaudir,
2150 3021 172 60 pour

196 3087 62 60 le
285 3087 152 60 bien
483 3086 81 59 de
616 3087 117 57 ton
779 3086 255 72 avenir,
1070 3085 36 58 à
1143 3083 428 78 l'expédition
1619 3083 277 73 d'ltalie,
1931 3101 132 42 aux
2092 3101 193 44 excur-

196 3167 189 58 sions
419 3166 80 58 de
548 3165 205 60 Chine
786 3167 65 58 et
894 3166 92 58 du
1033 3163 335 78 Mexique,
1412 3163 373 76 vilipender
1830 3163 65 59 la
1950 3179 199 44 verve
2204 3166 119 61 des

201 3245 547 80 pamphlétaires,
781 3246 327 76 invoquer
1147 3243 264 73 l'ordre,
1456 3245 64 58 la
1551 3243 273 71 morale,
1866 3243 223 60 tandis
2121 3245 203 76 qu'au

197 3327 161 61 fond
390 3326 80 60 de
501 3327 116 67 toi,
650 3327 77 57 tu
757 3323 498 79 applaudissais
1284 3325 325 59 Flourens
1640 3322 266 61 fauteur
1931 3323 392 78 d'émeutes,

198 3410 393 57 renversant
616 3406 99 58 les
744 3406 298 60 voitures
1075 3405 80 59 de
1171 3405 285 76 vidange
1489 3405 166 58 dans
1679 3402 98 61 les
1806 3402 401 76 carrefours,
2237 3408 89 73 et,

197 3487 260 60 cachais
489 3504 160 43 sous
675 3486 99 61 les
798 3486 172 77 piles
1000 3485 80 62 de
1110 3485 382 61 mouchoirs
1976 3485 82 59 de
2075 3485 252 63 Roche-
