1602 2540
1304 2156 45 47 37

269 230 141 40 Befreier,
434 230 49 32 die
506 233 95 30 etwas
623 233 87 32 mehr
734 234 65 32 Fett
821 236 191 41 wünschten,
1036 237 135 33 konnten
1195 239 65 31 sich
1284 239 90 32 leicht

185 277 49 30 die
255 277 138 30 ersehnte
412 277 178 40 wollüstige
609 279 128 32 Illusion
757 282 187 31 verschaffen
966 283 97 32 durch
1084 284 186 40 Benützung
1290 287 83 30 einer

186 323 53 30 der
260 323 193 30 zahlreichen
473 324 111 31 bereits
607 327 313 40 angeschwängerten
941 329 130 41 Frauen,
1094 330 49 32 die
1165 331 56 31 der
1242 332 127 38 Hunger

184 369 146 30 ebenfalls
349 368 129 40 gefügig
496 371 141 37 gemacht
656 372 90 33 hatte.

266 415 47 29 Da
334 414 73 31 aber
426 415 49 31 die
495 416 204 40 Brotportion
718 419 59 31 den
797 422 135 39 meisten,
951 423 84 31 nicht
1052 424 32 30 in
1104 424 248 32 Lebensmittelbe-

183 461 114 30 triebeil
318 460 220 40 beschäftigten
559 463 145 33 Soldaten
724 466 85 31 nicht
828 468 112 31 reichte
959 469 65 30 und
1044 470 78 30 auch
1141 471 85 31 nicht
1245 471 58 32 alle
1323 471 46 31 als

182 507 335 32 Ortskommandanten
544 510 75 31 oder
644 511 363 40 Verpflegungsoffiziere
1031 515 336 33 Lebensmittelvorräte

182 551 279 40 beschlagnahmen
486 554 75 32 oder
584 557 235 39 unterschlagen
843 560 145 39 konnten,
1014 570 50 21 um
1089 562 49 30 die
1161 562 205 32 betreffenden

182 598 152 30 Mädchen
359 608 40 21 zu
426 600 53 30 der
503 602 221 37 gewünschten
750 604 194 39 Körperfülle
969 605 264 43 heranzumästen,
1260 619 105 21 waren

182 644 141 31 Bordelle
339 645 100 31 hinter
456 646 54 32 der
525 647 96 31 Front
636 649 206 38 eingerichtet.
881 651 42 31 Es
939 652 62 38 gab
1018 652 106 32 solche
1141 654 69 38 „für
1226 655 138 32 Herren“

179 691 64 29 und
278 690 106 31 solche
419 691 49 31 für
504 692 287 40 „Mannschaften“.
851 696 53 31 Bei
941 698 423 38 Truppenkonzentrationen

179 736 104 30 mußte
300 746 70 21 man
387 746 58 22 vor
460 738 143 31 letzteren
622 741 186 38 „anstehen“
826 743 31 29 in
876 742 55 31 der
946 742 66 41 Art,
1030 745 59 29 wie
1106 746 31 29 in
1154 746 210 32 Deutschland

179 791 56 21 vor
256 779 170 35 Kaufläden
452 784 48 31 bei
525 785 55 31 der
602 784 148 41 Ausgabe
774 797 62 22 von
861 788 207 33 Pflanzenfett.
1115 792 58 30 Die
1197 792 81 31 Taxe
1299 802 66 22 war

177 837 61 22 von
258 829 54 30 der
330 828 256 33 Militärbehörde
603 831 183 42 festgesetzt,
804 844 27 21 z.
852 835 34 30 B.
904 836 32 29 in
955 835 77 39 Riga
1049 845 59 30 pro
1127 837 150 33 Nummer
1294 840 70 38 2,30

179 873 86 32 Mark
289 875 51 37 (30
363 875 66 39 Pfg.
452 877 49 31 für
525 875 48 33 die
595 877 155 33 hinterher
771 888 72 22 vom
867 882 197 38 angestellten
1087 883 150 32 Sanitäter
1258 886 87 30 verab-

176 920 95 39 folgte
294 920 305 41 Protargolspritze).

257 966 71 31 Daß
355 967 55 32 das
434 967 65 32 Ziel
533 969 54 31 der
611 970 174 32 Deutschen
820 973 31 30 in
877 972 143 33 Rußland
1054 975 84 32 nicht
1165 976 194 40 Eroberung,

175 1012 134 30 sondern
333 1022 60 22 nur
414 1013 165 41 Befreiung
601 1016 55 31 der
677 1016 205 33 Randstaaten
904 1028 76 31 war,
1015 1030 50 21 um
1099 1021 82 31 diese
1214 1024 54 30 mit
1300 1023 59 31 den

175 1058 185 38 Segnungen
384 1059 161 33 deutscher
567 1061 158 40 Ordnung
746 1072 40 22 zu
809 1063 176 42 beglücken,
1009 1068 77 37 ging
1107 1068 97 31 schon
1227 1079 56 20 aus
1306 1070 54 29 der

174 1103 148 32 Tatsache
340 1105 121 40 hervor,
480 1106 61 31 daß
560 1109 81 29 trotz
659 1108 230 41 Leutemangels
908 1112 31 30 in
958 1112 55 32 der
1030 1113 96 32 Front
1145 1113 48 32 die
1211 1115 146 31 Soldaten

173 1150 84 31 nicht
280 1152 29 29 in
337 1152 53 30 der
414 1152 224 32 Schützenlinie
662 1155 205 32 konzentriert
892 1157 139 40 wurden,
1057 1160 136 30 sondern
1219 1162 61 30 daß
1309 1162 49 30 die

172 1196 110 38 riesige
300 1197 117 38 Etappe
434 1197 82 32 dicht
532 1200 54 30 mit
603 1200 58 30 den
679 1200 260 41 pflichteifrigsten
958 1204 64 30 und
1038 1204 317 42 felddienstfähigsten

171 1240 82 32 hatte
273 1243 156 30 sämtliche
451 1244 107 31 Felder
580 1245 53 31 der
655 1246 213 40 Bevölkerung
892 1249 262 41 beschlagnahmt,
1178 1261 50 21 um
1252 1253 105 31 besser

170 1285 115 33 Hütern
310 1288 98 32 dieser
430 1288 158 41 Ordnung
610 1290 115 34 besetzt
748 1302 75 22 war.
857 1293 33 32 In
913 1294 96 39 jedem
1033 1296 237 34 Kartoffelacker
1292 1300 64 40 (um

169 1333 184 31 rationieren
371 1344 39 21 zu
426 1336 137 39 können)
581 1338 91 30 stand
688 1339 48 30 ein
755 1339 161 32 deutscher
932 1341 235 42 Feldgendarm,
1185 1344 54 31 der
1258 1346 97 30 Diebe

169 1379 290 32 niederzuschießen
479 1381 90 33 hatte.
609 1382 116 41 Häufig
743 1385 194 33 entblödeten
957 1388 64 30 sich
1041 1389 131 31 nämlich
1193 1390 95 32 selbst
1306 1392 49 29 die

165 1423 200 38 eigentlichen
387 1426 136 32 Besitzer
543 1428 92 40 nicht,
655 1439 39 21 zu
715 1430 132 32 stehlen!

251 1471 53 31 Bei
332 1472 155 40 Smorgon
513 1474 115 40 gelang
654 1485 31 22 es
712 1477 97 31 einem
838 1479 165 31 deutschen
1032 1480 263 40 Feldgendarmen
1324 1485 30 29 in

168 1517 99 31 treuer
287 1517 164 41 Erfüllung
470 1519 54 32 der
542 1522 298 38 vorgeschriebenen
859 1524 120 41 Pflicht,
998 1536 39 21 an
1057 1527 96 31 einem
1173 1528 85 39 Tage
1277 1531 76 29 zwei

167 1561 144 33 deutsche
343 1564 314 36 Landsturmmänner
692 1568 53 32 des
779 1569 489 44 Reserve-Infanterie-Regiments
1293 1576 60 30 250

166 1607 79 32 beim
264 1609 120 31 Stehlen
405 1620 62 22 von
486 1613 28 38 je
531 1614 19 29 2
570 1613 101 31 Pfund
690 1614 169 33 Kartoffeln
880 1627 39 20 zu
939 1619 93 30 töten.

248 1655 51 31 Ob
321 1665 32 21 er
373 1657 55 30 das
449 1658 241 33 wohlverdiente
711 1660 125 33 Eiserne
856 1663 101 31 Kreuz
979 1664 24 30 II
1025 1665 89 31 dafür
1134 1667 134 31 erhalten
1290 1668 60 39 hat,

165 1701 79 29 weiß
264 1702 47 30 ich
330 1702 93 32 nicht.
465 1703 50 32 Ich
535 1706 79 30 weiß
633 1715 69 31 nur,
722 1707 61 31 daß
804 1708 53 31 der
877 1710 66 30 eine
961 1710 220 33 Landstürmer
1200 1714 38 29 42
1256 1713 95 37 Jahre

164 1745 41 30 alt
221 1755 75 31 war,
315 1749 66 30 eine
398 1748 79 32 Frau
496 1750 64 31 und
576 1752 89 31 sechs
682 1752 117 32 Kinder
816 1754 179 33 hinterließ?

245 1793 59 31 Die
327 1793 107 32 Arbeit
456 1795 54 32 der
531 1796 118 32 Herren
672 1798 145 32 Offiziere
840 1800 129 32 bestand
993 1803 40 29 im
1058 1803 120 39 Tragen
1202 1804 55 31 der
1278 1806 54 29 Ver-

163 1839 210 40 antwortung.
422 1841 94 31 Trotz
542 1842 98 32 dieser
677 1846 245 38 anstrengenden
949 1848 151 38 Tätigkeit
1136 1849 132 40 pflegten
1305 1853 44 29 sie

163 1882 73 32 aber
256 1886 66 31 ihre
344 1889 303 37 organisatorischen
669 1890 124 32 Talente
816 1892 51 30 auf
889 1893 113 31 andere
1022 1894 93 32 ihnen
1138 1899 90 28 sonst
1249 1897 100 31 ferner

162 1928 139 40 liegende
323 1933 126 39 Zweige
483 1935 53 31 des
560 1935 299 34 Wirtschaftslebens
895 1940 228 31 auszudehnen.
1171 1942 98 31 Ihrem
1305 1953 29 22 er-

162 1973 201 36 finderischen
386 1979 87 32 Geist
496 1981 63 31 und
579 1982 82 32 ihrer
683 1983 132 40 Energie
835 1985 162 31 verdankte
1019 1995 71 22 man
1112 1997 41 30 es,
1177 1988 61 31 daß
1261 1989 85 31 wohl

161 2019 66 34 kein
252 2023 161 34 deutscher
435 2027 128 32 Offizier
586 2030 31 30 in
642 2029 54 31 der
719 2030 119 39 Etappe
871 2041 39 21 zu
945 2033 83 30 einer
1050 2033 76 39 Zeit,
1161 2044 53 21 wo
1249 2045 31 22 es
1315 2037 32 30 in

163 2065 209 37 Deutschland
386 2072 97 32 selbst
497 2074 50 31 für
562 2074 168 40 Säuglinge
745 2076 85 31 keine
845 2077 94 31 Milch
957 2079 87 31 mehr
1056 2079 74 40 gab,
1146 2082 85 30 seine
1246 2081 101 32 Sahne
