1621 2540
1339 2170 61 45 47

260 271 103 31 Unsre
381 269 131 39 Tugend
533 269 73 30 aber
625 268 83 31 heißt
727 268 120 31 Demut.
888 267 158 39 Geduldig
1067 266 55 32 das
1142 265 163 31 Schlimme
1324 273 42 21 zu

178 320 119 37 tragen,
317 317 45 31 als
382 316 42 31 ob
444 324 32 24 es
496 315 56 31 das
571 313 99 32 Glück
689 316 99 29 wäre;
807 313 58 32 das
882 314 53 31 hat
954 323 59 22 uns
1032 313 74 38 Jesu
1125 322 63 21 von
1207 310 157 32 Nazareth

179 364 127 39 gelehrt.
349 363 65 31 Der
435 362 82 30 ohne
538 360 130 31 Murren
691 360 55 30 das
766 360 102 31 Kreuz
891 361 80 37 trug.
1013 360 67 30 Wir
1102 359 70 31 sind
1195 357 170 38 allerdings

181 411 81 30 noch
278 412 96 28 etwas
388 409 105 31 weiter
506 407 182 39 gekommen
705 406 45 31 als
767 416 40 29 er,
824 406 53 31 der
889 416 59 20 nur
965 406 55 30 das
1035 405 153 31 blühende
1205 403 140 32 Schwind-

181 456 183 31 suchtsalter
390 454 144 32 erreichte
560 452 65 32 und
649 461 61 22 nur
735 452 49 31 bis
808 452 158 39 Golgatha
989 452 67 30 kam
1148 460 93 22 unser
1268 448 97 32 Elend

181 503 108 30 nimmt
309 501 77 31 Gott
406 503 43 29 sei
470 500 90 31 Dank
579 499 84 31 nicht
682 507 37 22 so
738 497 116 31 schnell
875 498 48 30 ein
945 497 94 31 Ende.
1082 497 40 31 Es
1145 496 106 31 dauert
1272 503 94 23 unser

181 558 117 29 ganzes
315 548 110 30 Leben.
463 546 63 41 Oh,
543 547 61 30 wie
619 545 61 31 süß
698 545 39 30 ist
756 544 48 31 die
821 543 119 40 Armut,
957 553 65 21 wer
1041 545 43 29 sie
1101 543 84 31 nicht
1204 543 61 38 hat,
1282 542 82 31 weiß

182 595 100 30 nichts
298 604 63 21 von
379 594 54 31 der
449 593 151 39 Seligkeit,
614 600 63 23 von
695 590 54 31 der
765 590 236 39 Zufriedenheit,
1018 599 62 21 von
1098 589 53 30 der
1167 588 181 31 Bescheiden-

183 640 75 31 heit:
280 640 85 39 kurz,
386 640 54 30 der
461 639 91 31 kennt
573 638 55 30 das
649 635 100 32 Glück
770 636 92 30 nicht,
906 636 33 30 ln
959 635 141 31 früheren
1122 635 104 30 Zeiten
1246 643 68 22 war
1334 642 32 21 es

183 688 29 38 ja
232 686 168 38 allerdings
418 686 82 30 noch
519 684 105 31 besser
642 683 49 31 für
710 692 58 21 uns
787 682 45 31 als
850 683 80 38 jetzt.

266 750 49 30 Da
336 748 62 39 gab
420 756 31 23 es
473 746 216 39 Prügelstrafe.
731 745 50 30 Da
799 745 135 30 konnten
954 743 60 31 wir
1035 752 58 22 uns
1115 743 44 31 als
1180 743 114 38 mutige
1316 741 36 30 Be-

184 795 113 32 kenner
314 804 71 21 zum
403 793 149 39 Beispiele
569 801 125 22 unseres
712 792 101 30 Herrn
831 790 84 41 Jesu,
933 790 54 31 der
1004 798 57 22 uns
1080 788 56 32 das
1153 786 216 32 Himmelreich

185 842 163 31 verheißen
367 840 62 40 hat,
446 840 165 38 züchtigen
628 839 111 30 lassen.
778 837 80 38 Jetzt
875 836 75 31 muß
967 845 70 22 man
1055 835 98 31 schon
1173 834 114 31 Blödes
1305 836 64 36 tun,

185 888 59 31 wie
267 897 27 23 z.
317 887 35 31 B.
376 886 81 31 ohne
480 884 258 32 Gewerbeschein
760 884 189 30 Leierkasten
972 882 114 38 spielen
1112 880 76 32 oder
1210 890 39 22 an
1273 880 96 30 einem

187 933 195 31 öffentlichen
402 931 103 32 Platze
524 930 123 41 betteln,
667 940 52 20 um
739 931 51 29 auf
807 929 54 31 der
880 927 222 32 Polizeiwache
1122 936 39 22 zu
1180 926 93 33 Recht
1291 925 78 31 nach

186 988 141 22 unserem
350 978 173 39 Verlangen
545 976 178 40 gezüchtigt
745 985 40 22 zu
806 975 135 33 werden.
984 974 74 31 Und
1081 973 48 31 die
1152 972 144 31 deutsche
1318 973 36 31 Re-

186 1027 143 31 volution
354 1025 94 31 droht
473 1034 59 21 uns
559 1024 77 30 auch
662 1032 52 21 um
741 1022 64 31 dies
831 1021 100 31 Glück
954 1030 40 21 zu
1020 1020 140 38 bringen.
1207 1019 68 30 Wir
1300 1017 72 32 sind

187 1072 139 32 wirklich
350 1072 55 31 das
426 1071 70 30 Salz
517 1070 54 31 der
592 1069 88 32 Erde.

270 1127 68 31 Wir
361 1126 145 38 arbeiten,
543 1124 94 31 damit
663 1123 48 31 die
736 1122 134 31 anderen
894 1121 88 31 leben
1018 1120 132 32 können.
1195 1119 92 30 Ohne
1312 1126 62 22 uns

189 1173 89 31 hörte
294 1173 49 31 die
357 1171 80 31 Welt
454 1171 60 31 auf.
551 1171 68 30 Wie
633 1169 114 30 könnte
762 1169 27 39 je
806 1169 48 30 ein
870 1167 125 32 Reicher
1010 1166 137 32 Kloaken
1165 1163 208 32 ausräumen?

189 1219 86 32 Oder
299 1218 129 31 Straßen
451 1216 135 32 kehren?
628 1216 68 30 Wie
719 1213 202 32 bekömmlich
944 1212 70 31 sind
1038 1212 82 30 diese
1143 1210 214 38 Beschäftigun-

190 1266 75 39 gen!
310 1265 75 30 Was
409 1263 71 31 sind
504 1263 58 30 mir
586 1261 216 39 Nachtigallen
828 1260 75 31 oder
927 1258 113 40 Rosen,
1075 1266 92 22 wenn
1202 1256 49 31 ich
1277 1256 99 37 Dung

190 1311 121 31 riechen
333 1310 67 31 darf
420 1309 66 31 und
506 1308 95 31 Staub
621 1307 150 31 schlucke.

274 1373 77 40 Ach,
371 1372 64 31 und
452 1372 58 30 wie
528 1370 98 31 schön
644 1378 68 23 war
729 1378 31 22 es
779 1369 41 30 im
839 1368 121 39 Kriege,
977 1375 53 22 wo
1049 1375 72 22 man
1141 1375 58 20 uns
1218 1373 63 22 von
1299 1363 60 31 Gra-

191 1421 91 30 naten
302 1418 157 31 zerreißen
479 1417 71 39 ließ,
571 1426 59 22 uns
647 1416 32 30 in
699 1415 60 31 den
778 1413 100 31 Arsch
900 1415 58 29 trat
980 1412 69 39 (das
1070 1411 101 31 haben
1189 1411 59 31 wir
1268 1410 93 31 beson-

193 1466 70 31 ders
284 1465 100 40 gern),
407 1474 59 21 uns
487 1464 144 38 hungern
652 1462 65 31 und
740 1460 127 31 dürsten
889 1459 65 31 und
976 1458 109 31 frieren
1108 1458 71 39 ließ,
1202 1456 96 32 damit
1320 1456 60 30 wir

192 1522 60 21 nur
274 1514 30 38 ja
325 1512 74 37 Jesu
423 1510 108 32 Worte
553 1508 142 32 erfüllen:
719 1507 82 40 jeder
825 1506 99 31 dieser
946 1504 161 32 Aermsten
1131 1505 82 30 einer
1236 1503 39 31 ist
1298 1502 82 31 mein

194 1558 134 32 Bruder!
414 1557 70 30 Nur
506 1565 67 22 was
598 1555 56 30 das
679 1554 109 31 Stehen
813 1554 42 29 im
877 1552 126 31 Wasser
1027 1550 137 39 anlangt,
1190 1549 39 31 da
1253 1548 53 31 bin
1332 1547 49 31 ich

193 1606 59 30 mir
275 1602 193 40 zweifelhaft,
492 1602 42 31 ob
559 1611 31 21 es
614 1599 257 40 programmäßig
894 1607 77 22 war.
1016 1596 84 31 Aber
1124 1606 31 21 es
1178 1595 80 32 wird
1282 1594 99 31 schon

194 1652 151 31 stimmen.
387 1650 41 31 Es
445 1649 114 30 stimmt
579 1646 175 39 überhaupt
773 1646 107 29 immer
898 1644 83 31 alles.
1021 1644 66 30 Das
1107 1640 217 32 Himmelreich
1343 1640 40 29 ist

195 1707 92 21 unser
305 1696 99 31 schon
424 1696 51 30 auf
495 1693 112 32 Erden.
687 1692 174 30 Herrlicher
882 1691 44 30 als
947 1691 41 30 im
1010 1687 271 40 Schützengraben
1300 1686 81 31 kann

195 1754 31 21 es
246 1743 133 30 nämlich
399 1742 85 31 nicht
503 1741 85 30 mehr
608 1740 76 31 sein.
724 1738 103 31 Unser
846 1735 172 32 Feldwebel
1039 1735 53 30 hat
1112 1743 57 21 uns
1188 1732 113 39 geliebt
1322 1731 62 31 wie

196 1789 77 31 Gott
292 1789 104 30 selbst.
439 1787 42 31 Er
501 1786 156 38 züchtigte
677 1785 64 30 und
763 1783 100 38 prüfte
882 1792 59 21 uns
962 1781 129 39 schwer,
1113 1780 74 31 aber
1206 1780 60 29 wir
1286 1778 96 30 sahen

196 1837 65 30 sein
279 1835 83 30 Herz
380 1833 64 31 voll
463 1832 83 31 Güte
563 1832 65 30 und
646 1830 92 30 Liebe
757 1829 64 31 und
839 1828 109 30 Worte
967 1828 59 30 wie
1045 1825 74 41 Aas,
1141 1824 144 31 Mistvieh
1307 1823 77 30 oder

198 1881 192 33 Scheißkerle
403 1888 105 22 waren
523 1876 216 33 bezaubernde
752 1875 104 31 Musik
872 1875 31 30 in
919 1882 114 22 unsern
1048 1872 117 31 Ohren.
1201 1870 75 32 Und
1290 1878 93 22 wenn

198 1938 59 22 uns
275 1928 49 31 die
343 1926 141 39 Seligkeit
500 1924 85 31 nicht
602 1923 82 39 groß
702 1930 105 30 genug
825 1929 76 30 war,
920 1919 83 31 dann
1020 1917 141 32 befahlen
1180 1926 110 21 unsere
1307 1916 59 31 Vor-

198 1976 155 37 gesetzten
370 1973 86 30 einen
473 1970 133 39 Angriff,
625 1968 64 31 und
706 1969 60 30 wir
784 1966 121 31 durften
924 1974 91 22 unser
1032 1964 101 30 Leben
1151 1963 50 31 für
1218 1962 88 40 Gott,
1326 1961 60 31 den

199 2021 105 39 König
324 2019 65 31 und
409 2018 55 32 das
484 2015 166 32 Vaterland
670 2013 163 40 hingeben.
875 2013 29 30 O
926 2012 59 31 wie
1006 2011 119 38 traurig
1147 2009 71 30 sind
1239 2010 58 29 wir
1319 2008 68 38 alle,

200 2067 62 31 daß
285 2067 82 30 diese
388 2064 149 32 herrliche
557 2062 67 31 Zeit
647 2062 48 31 ein
718 2060 85 31 Ende
826 2058 129 32 nehmen
978 2056 118 34 mußte!
1140 2055 67 31 Wie
1228 2055 159 31 bedauern

199 2116 59 29 wir
279 2113 57 30 alle
357 2112 55 31 das
435 2109 87 32 Ende
542 2109 53 31 des
617 2107 142 39 Krieges!
