1615 2540
1364 2144 38 47 15

202 247 57 29 Die
278 243 78 31 alten
378 239 126 39 Führer,
526 238 41 30 im
589 236 131 32 Zeichen
743 236 54 32 der
817 235 183 33 Revolution
1023 238 133 37 ergraut,
1178 235 146 39 glaubten
1347 245 38 21 an

202 290 99 32 nichts
325 287 94 31 mehr.
467 285 58 30 Die
550 283 149 31 Literatur
733 282 111 32 wurde
877 291 58 22 zur
958 282 248 39 Pornographie,
1242 282 48 31 die
1316 282 53 30 Ver-

202 334 165 38 zweiflung
386 331 129 38 regierte
536 329 48 31 die
603 329 120 31 Politik.
765 329 141 38 Stolypin
925 329 109 30 wurde
1054 337 70 22 zum
1146 328 87 30 Stern
1256 328 54 30 der
1330 327 38 30 Or-

202 384 78 37 gien.
323 379 56 30 Ein
400 375 86 32 Ende
506 385 68 22 war
592 375 85 32 nicht
696 374 184 32 abzusehen.

284 426 32 30 In
339 422 125 32 solchen
488 421 241 40 Augenblicken,
753 420 172 41 Genossen,
949 421 122 31 erkennt
1094 430 70 22 man
1189 420 48 31 die
1259 419 127 31 wahren

203 472 124 32 Führer.
369 468 163 31 Wladimir
554 468 101 30 Ilitsch
678 468 105 30 mußte
805 466 117 32 damals
943 468 60 30 wie
1023 468 32 29 in
1077 467 96 39 jedem
1195 465 192 40 Augenblick

203 521 31 29 in
257 518 97 30 seiner
379 514 211 39 Verbannung
614 514 49 30 die
687 513 190 31 fühlbarsten
903 513 214 39 persönlichen
1143 513 243 37 Entbehrungen

204 561 238 39 durchmachen;
467 570 32 21 er
522 560 78 31 lebte
623 560 137 39 ärmlich,
785 560 83 31 seine
891 559 193 32 Gesundheit
1105 569 67 20 war
1197 558 189 38 erschüttert,

205 620 31 22 er
255 610 79 30 hatte
355 607 83 31 nicht
458 614 115 31 genug,
596 614 51 22 um
668 607 103 29 seinen
792 605 131 38 Hunger
943 614 40 21 zu
1004 605 109 38 stillen,
1135 614 56 21 vor
1212 604 77 31 allen
1313 604 56 29 Din-

204 666 57 29 gen
280 653 148 32 während
447 652 54 31 der
518 652 94 37 Jahre
630 652 99 30 seines
750 651 121 31 Pariser
889 650 220 31 Aufenthaltes.
1150 650 83 30 Aber
1254 659 31 21 er
1306 649 80 31 blieb

205 700 142 33 aufrecht.
392 697 283 33 Unerschütterlich
701 697 65 31 und
791 697 96 38 tapfer
921 696 73 31 hielt
1019 706 32 21 er
1085 696 65 30 sich
1188 696 50 29 auf
1274 696 113 29 seinem

205 749 120 29 Posten.
363 746 42 30 Er
421 744 89 31 allein
527 744 124 30 brachte
667 753 31 21 es
713 743 99 39 fertig,
828 744 66 29 eine
910 743 73 29 feste
999 741 130 38 Gruppe
1143 751 62 21 von
1222 741 166 38 Kämpfern

205 800 173 23 zusammen
404 800 39 21 zu
470 790 165 39 schließen,
674 789 81 30 denn
781 798 32 21 er
838 790 101 37 sagte:
976 787 209 39 „Verzweifelt
1209 787 93 39 nicht,
1341 788 48 29 die

205 840 178 30 schwarzen
406 837 84 38 Tage
514 836 125 30 werden
662 833 246 40 vorübergehen,
934 835 99 37 einige
1059 834 94 36 Jahre
1177 833 124 31 werden
1327 842 47 21 ver-

203 884 107 38 gehen,
335 883 63 30 und
421 891 62 22 von
506 890 107 21 neuem
636 880 125 31 werden
784 882 60 29 wir
866 890 39 21 an
929 880 53 30 der
1005 879 103 39 Spitze
1131 878 54 32 der
1209 879 180 38 Bewegung

204 930 74 39 sein,
301 929 48 30 die
389 927 315 31 Arbeiterrevolution
726 927 81 30 wird
830 926 114 31 wieder
966 925 220 31 auferstehen.“

285 976 57 29 Die
362 974 306 39 Emigrantenkreise,
686 974 31 30 in
736 973 96 30 denen
851 972 48 31 die
918 972 318 30 menschewistischen
1256 970 119 31 Intellek-

205 1021 108 31 tuellen
334 1020 48 31 die
400 1019 172 32 Oberhand
591 1020 113 38 hatten,
725 1018 129 31 standen
873 1028 58 21 uns
949 1018 72 31 sehr
1038 1017 141 31 feindlich
1200 1017 188 39 gegenüber.

204 1068 74 30 Man
297 1068 87 37 sagte
403 1075 68 30 uns,
490 1067 59 30 wir
568 1066 81 30 seien
669 1074 58 22 nur
749 1066 65 30 eine
833 1064 96 31 kleine
949 1064 93 39 Sekte,
1063 1073 69 21 man
1152 1063 100 31 könne
1273 1072 58 22 uns
1351 1071 39 22 an

206 1113 56 31 den
282 1114 133 37 Fingern
436 1112 159 32 abzählen.
635 1111 33 30 In
690 1111 82 30 einer
792 1110 255 31 humoristischen
1071 1110 182 38 Zeitschrift,
1273 1109 116 30 welche

205 1160 30 30 in
254 1160 85 30 Paris
358 1159 136 30 erschien
513 1158 64 30 und
595 1158 30 30 in
643 1158 54 30 der
714 1166 70 21 man
804 1157 47 30 die
870 1157 104 29 Zähne
991 1165 100 29 gegen
1110 1155 57 31 den
1187 1155 184 31 Bolschewis-

205 1214 68 22 mus
293 1205 145 38 fletschte,
457 1204 106 31 suchte
582 1213 70 21 man
673 1204 103 29 seinen
797 1201 87 32 Geist
902 1204 30 29 in
953 1201 160 39 Angriffen
1132 1211 98 28 gegen
1252 1201 48 30 die
1320 1202 53 28 Bol-

205 1251 143 31 schewik!
367 1260 38 21 zu
425 1251 80 29 üben
525 1250 63 30 und
607 1259 36 21 so
661 1249 56 31 bot
734 1258 70 21 man
823 1259 26 21 z.
871 1249 33 30 B.
924 1248 68 30 dem
1012 1249 47 29 ein
1078 1247 106 31 halbes
1202 1247 187 38 Königreich

205 1306 47 30 an,
290 1298 53 30 der
376 1297 78 30 nach
490 1296 104 38 Lenin,
640 1296 166 31 Kamenew
852 1294 63 30 und
951 1294 166 37 Sinovjew
1155 1294 86 30 einen
1277 1294 114 30 vierten

205 1343 230 31 Bolschewiken
457 1343 138 30 namhaft
615 1341 128 31 machen
765 1341 110 30 könne.

288 1390 58 29 Die
370 1388 284 31 bolschewistische
677 1386 139 40 Gruppe,
852 1387 87 38 sagte
962 1395 82 30 man,
1079 1386 42 30 sei
1148 1395 58 21 nur
1233 1395 54 21 aus
1312 1386 81 29 einer

208 1435 210 30 sonderbaren
435 1434 88 31 Sorte
537 1443 63 22 von
617 1433 98 31 Bären
732 1432 144 40 gebildet,
893 1433 48 30 die
957 1432 64 31 sich
1039 1432 47 30 die
1101 1432 101 38 Nägel
1219 1432 173 37 zerbeißen,

207 1482 62 29 und
289 1491 38 20 an
347 1480 96 31 denen
464 1480 56 31 das
539 1479 100 31 Leben
659 1478 190 39 vorbeigeht.
872 1479 59 30 Die
949 1478 238 39 Kooperativen,
1209 1478 48 30 die
1276 1477 102 31 Berufs-

206 1526 161 40 verbände,
386 1527 49 30 die
451 1526 97 39 legale
567 1526 116 39 Presse,
703 1525 72 31 alles
792 1534 67 22 war
876 1533 100 31 gegen
995 1524 48 31 die
1062 1524 218 38 Bolschewiki;
1300 1524 93 29 Lenin

209 1572 53 29 und
285 1571 79 31 seine
380 1572 125 30 Freunde
529 1572 138 29 erwarten
691 1571 44 29 die
756 1570 125 30 Ankunft
904 1571 49 29 des
977 1577 90 22 neuen
1084 1569 131 36 Messias,
1237 1570 48 29 der
1305 1576 90 23 neuen

208 1618 192 40 Revolution,
423 1618 116 31 welche
562 1617 127 31 niemals
713 1617 144 30 eintreten
880 1616 113 39 werde,
1018 1625 35 21 so
1078 1616 130 37 spottete
1231 1624 81 21 man.

291 1665 32 29 In
346 1665 102 30 diesen
468 1664 158 30 schweren
646 1664 105 37 Tagen
770 1663 113 31 leistete
903 1663 94 29 Lenin
1018 1662 48 30 für
1088 1661 46 30 die
1155 1661 240 30 Arbeiterklasse

212 1710 146 31 vielleicht
376 1710 87 31 mehr
480 1710 44 30 als
542 1710 106 38 jemals
666 1708 122 31 vorher.
828 1708 88 39 Jetzt,
935 1710 30 28 in
986 1717 129 21 unseren
1135 1708 104 37 Tagen
1260 1708 52 28 hat
1329 1706 65 30 sich

212 1756 63 30 eine
292 1757 175 38 ungeheure
484 1755 227 31 revolutionäre
727 1755 96 30 Welle
840 1754 146 38 erhoben,
1005 1754 89 29 heute
1109 1753 104 30 stehen
1233 1753 161 29 Millionen

213 1800 166 33 Menschen
397 1802 137 30 aufrecht
552 1802 41 30 im
610 1800 121 39 Kampf.
772 1800 127 30 Damals
918 1800 73 30 aber
1009 1799 143 30 schliefen
1171 1800 43 29 sie
1233 1799 57 29 alle
1308 1799 87 29 einen

212 1847 209 32 Todesschlaf.
468 1847 157 39 Stolypins
650 1846 179 31 Herrschaft
854 1846 105 30 lastete
984 1845 51 30 auf
1060 1844 54 31 der
1141 1845 92 30 Brust
1261 1844 53 30 der
1340 1844 38 29 Ar-

212 1891 193 34 beiterklasse
422 1894 60 31 wie
500 1894 47 30 ein
565 1892 176 32 Grabstein.
781 1893 57 29 Die
856 1892 79 30 alten
955 1891 125 38 Führer,
1099 1891 59 29 wie
1177 1889 136 31 Axelrod
1332 1889 65 30 und

214 1938 109 32 andere
341 1948 117 31 sangen
477 1940 53 31 der
547 1939 182 32 Revolution
748 1938 64 31 und
831 1938 53 30 der
901 1938 78 29 alten
997 1936 140 39 illegalen
1157 1935 238 39 Arbeiterpartei

215 1982 56 32 den
291 1984 217 41 Grabgesang.
550 1986 33 30 In
603 1986 96 30 einem
719 1984 126 30 solchen
866 1982 192 39 Augenblick
1078 1982 49 30 die
1148 1981 103 31 Fahne
1272 1982 53 31 der
1346 1982 35 31 Re-

213 2030 139 32 volution
379 2032 142 39 erheben,
558 2032 87 39 jeden
674 2031 240 32 Revisionismus
952 2028 65 31 und
1042 2028 269 39 Opportunismus
1350 2028 32 30 be-

214 2073 148 42 kämpfen,
379 2078 134 37 glauben
531 2078 64 30 und
610 2079 117 29 warten
745 2077 50 31 auf
811 2077 48 30 die
876 2075 124 39 Stunde,
1016 2075 116 31 welche
1148 2074 141 31 kommen
1307 2074 91 39 wird,
