3558 4381
1727 142 102 52 148

364 294 91 56 „Im
494 292 92 49 Mai
629 291 76 48 des
751 291 298 48 verflossenen
1076 288 163 48 Jahres
1275 287 143 51 1860
1460 286 149 49 haben
1650 284 93 49 vier

235 372 167 63 hiesige
418 368 478 48 Privat-Musiklehrer
925 374 127 41 unter
1072 366 342 63 Hinzuziehung
1443 364 113 49 noch
1579 362 163 48 zweier

238 447 197 51 anderen
460 444 173 49 Lehrer
662 446 76 45 für
760 444 84 47 den
870 442 256 49 Unterricht
1154 442 58 47 im
1239 439 386 66 Violoncellospiel
1650 438 90 47 und

237 526 61 45 im
328 524 225 61 Gesänge,
581 538 48 31 so
660 522 83 47 wie
773 520 119 47 eines
915 518 251 63 Mitgliedes
1195 518 77 48 des
1301 519 198 64 hiesigen
1523 517 219 47 Theater-

235 598 268 51 Orchesters
534 598 75 46 für
637 597 83 47 den
755 594 255 50 Unterricht
1039 594 57 47 im
1129 594 277 66 Violinspiel,
1451 594 78 47 mit
1557 592 150 48 Geneh-

234 674 188 64 migung
464 674 150 47 hohen
654 674 187 46 Senates
882 672 70 45 die
995 672 313 63 Begründung
1361 672 123 47 einer
1524 668 180 49 Musik-

235 750 195 50 schule
458 750 156 47 dahier
642 747 199 49 bekannt
869 748 226 63 gemacht.

361 828 89 54 „Es
478 827 53 45 ist
557 824 80 47 der
666 823 336 49 musicalischcn
1029 824 126 48 Welt
1176 823 121 48 nicht
1321 821 141 49 fremd
1486 820 257 64 geblieben,

238 903 101 48 dass
367 901 80 47 der
473 900 169 64 hiesige
671 899 554 65 Männergesang-Verein
1254 896 377 49 Liederkranz
1662 912 81 31 aus

237 979 101 48 dem
380 976 153 49 reinen
569 978 198 63 Ertrage
811 976 326 65 (Ueberschuss
1178 975 111 47 nach
1333 974 287 63 Bestreitung
1663 973 80 48 der

233 1053 189 64 Kosten)
452 1053 78 48 des
557 1054 59 47 im
646 1054 91 48 Juli
774 1053 138 49 1838
953 1053 329 62 abgehaltenen
1312 1050 314 65 Gesangfestes
1663 1050 53 48 da-

238 1130 113 57 bier,
393 1130 151 48 ferner
571 1130 143 48 durch
755 1131 42 46 in
828 1131 273 61 Erwartung
1133 1128 201 63 gestellte
1363 1128 249 63 freiwillige
1641 1126 77 47 Bei-

238 1210 146 61 träge,
413 1206 379 57 Vermächtnisse,
831 1205 217 47 Concerte
1079 1220 42 31 u.
1150 1220 33 31 s.
1212 1219 74 41 w.,
1326 1220 52 29 zu
1409 1204 200 47 welchen
1639 1202 84 47 letz-

234 1293 131 39 teren
394 1282 93 49 sich
516 1284 81 47 der
624 1282 300 49 Liederkranz
953 1280 137 48 selbst
1119 1281 76 46 für
1223 1280 70 47 die
1316 1280 221 63 jährliche
1566 1279 147 49 Abhal-

238 1369 114 54 tung
380 1360 119 47 eines
533 1359 179 47 solchen
743 1359 242 47 Concertes
1027 1356 322 65 verpflichtete,
1390 1356 71 48 die
1502 1357 241 47 Mozart-

238 1436 250 64 Stiftung
517 1434 252 64 begründet
798 1435 89 47 hat.
925 1435 95 46 Der
1049 1440 116 42 erste
1195 1434 266 64 Paragraph
1491 1435 122 47 ihrer
1642 1435 75 46 Sta-

237 1520 125 41 tuten
403 1519 108 40 setzt
552 1511 102 47 fest:
706 1511 152 56 „„Die
884 1511 397 64 Mozart-Stiftung
1322 1510 229 48 bezweckt
1580 1511 135 47 Unter-

234 1590 208 61 stützung
472 1586 332 48 musicalischer
826 1587 189 49 Talente
1046 1586 68 48 bei
1145 1587 120 47 ihrer
1289 1586 286 65 Ausbildung
1599 1587 41 46 in
1664 1586 79 47 der

817 1666 171 46 Ferner
1018 1665 133 47 heisst
1180 1680 45 30 es
1254 1665 57 45 im
1343 1662 37 64 §.
1413 1663 54 49 6:
1508 1662 234 57 „„Sobald

237 1740 69 49 die
328 1740 253 66 jährlichen
609 1741 161 47 Zinsen
802 1740 108 49 400
934 1741 66 47 Fl.
1023 1740 76 47 des
1124 1740 353 48 24-FI.-Fusses
1508 1740 235 63 betragen,

237 1817 95 48 tritt
361 1817 70 48 die
460 1818 198 63 Stiftung
684 1818 66 47 ins
778 1817 169 48 Leben.
995 1818 161 46 Dieser
1184 1818 169 63 Betrag
1380 1818 81 47 soll
1491 1817 78 48 das
1598 1817 116 48 Maxi-

237 1911 124 32 mum
392 1893 81 49 der
492 1895 251 63 jährlichen
773 1896 351 61 Unterstützung
1159 1895 92 47 sein
1295 1895 76 47 für
1399 1893 86 49 den
1514 1895 228 48 einzelnen

690 1971 189 48 Endlich
922 1970 80 49 der
1039 1971 38 63 §.
1110 1970 98 49 36:
1260 1972 160 56 „„Hat
1460 1971 78 48 das
1569 1972 173 64 Capital

235 2047 82 48 der
336 2047 397 65 Mozart-Stiftung
756 2047 70 48 die
849 2050 188 45 Summe
1058 2048 210 55 erreicht,
1291 2047 101 48 dass
1414 2048 91 47 sich
1531 2047 70 48 die
1617 2048 100 64 jähr-

234 2123 144 47 lichen
403 2124 163 47 Zinsen
607 2123 84 48 auf
727 2124 268 64 wenigstens
1027 2123 147 50 2000
1203 2124 67 47 Fl.
1315 2124 57 47 im
1405 2124 335 49 24-FI.-Fusse

234 2199 225 58 belaufen,
499 2216 50 32 so
590 2199 101 49 lässt
728 2199 80 49 der
835 2199 305 49 Liederkranz
1183 2201 81 47 ein
1310 2201 432 48 musicalisches

235 2277 497 48 Conservatorium
773 2277 43 48 in
845 2278 194 64 hiesiger
1067 2277 128 48 Stadt
1223 2279 66 46 ins
1317 2278 155 47 Leben

361 2353 177 56 „Schon
572 2353 82 47 seit
686 2353 102 48 dem
816 2353 141 48 Jahre
992 2353 136 48 1841
1176 2354 195 47 konnten
1408 2354 193 64 jährlich
1632 2354 110 49 400

234 2432 66 47 Fl.
323 2431 258 64 Stipendien
604 2431 204 63 gegeben
832 2431 209 55 werden;
1070 2431 204 64 dagegen
1305 2432 162 63 gehört
1496 2432 70 47 die
1592 2433 122 46 Beali-

232 2507 156 63 sirung
408 2508 119 46 eines
552 2508 416 47 Conservatoriums
997 2508 112 47 noch
1140 2526 53 29 zu
1223 2508 84 47 den
1340 2508 220 48 frommen
1588 2509 114 47 Wün-

230 2583 153 56 schen,
425 2584 99 46 weil
566 2583 139 47 durch
750 2583 78 48 das
872 2584 196 47 überaus
1105 2585 235 60 langsame
1372 2585 367 47 Heranwachsen

230 2660 75 47 des
334 2660 153 49 Fonds
516 2660 79 47 der
619 2662 300 63 Capitalstock
950 2662 113 47 noch
1096 2662 129 47 keine
1258 2662 146 48 2000
1432 2663 63 47 Fl.
1518 2662 222 64 jährliche

229 2737 160 47 Zinsen
419 2737 173 49 rentirt.
644 2738 170 47 Jedoch
851 2738 143 47 stellte
1035 2738 91 47 sich
1157 2738 79 47 das
1269 2739 258 62 Vermögen
1560 2739 69 47 bei
1660 2739 80 47 der

232 2832 21 29 e
268 2814 124 47 inun
408 2814 24 47 d
447 2815 367 63 zwanzigsten
841 2817 147 45 Bilanz
1006 2815 80 47 der
1103 2815 396 65 Mozart-Stiftung
1521 2817 58 47 im
1597 2817 141 47 Jahre

237 2889 135 50 1859
406 2892 81 47 auf
510 2890 202 56 36,625
746 2892 63 47 Fl.
849 2892 57 47 11
943 2893 98 54 Kr.,
1082 2892 91 47 und
1211 2892 111 48 nach
1353 2893 80 47 der
1461 2909 72 31 am
1571 2893 41 48 1.
1644 2894 61 46 De-

229 2968 180 47 cember
439 2968 139 48 1860
602 2968 384 48 veröffentlichten
1010 2969 629 65 zweiundzwanzigsten
1665 2972 48 45 Bi-

232 3045 93 47 lanz
366 3045 117 47 steht
522 3045 202 47 dasselbe
755 3046 108 63 jetzt
901 3046 82 47 auf
1007 3045 202 56 37,822
1245 3048 63 45 Fl.
1341 3046 68 47 52
1442 3048 98 54 Kr.,
1579 3046 159 49 mithin

228 3121 54 46 ist
310 3119 80 48 der
418 3121 150 47 Fonds
595 3135 81 33 von
713 3121 138 49 1859
883 3139 51 31 zu
972 3121 141 49 1860
1156 3140 72 31 um
1282 3123 140 48 1197
1456 3124 65 47 Fl.
1552 3124 64 47 41
1654 3125 82 47 Kr.

226 3196 286 65 gewachsen.

355 3275 162 55 „Jeder
541 3275 323 57 Kunstfreund,
893 3275 101 48 dem
1020 3276 95 47 eine
1140 3276 266 64 gründliche
1427 3278 309 48 musicalische

225 3350 198 65 Bildung
465 3353 76 45 für
578 3350 79 50 das
694 3351 409 49 heranwachsende
1133 3355 267 47 Geschlecht
1429 3355 64 47 als
1522 3355 70 47 ein
1622 3355 87 47 inte-

225 3429 238 62 grirender
492 3429 306 47 Bestandteil
840 3429 79 48 der
947 3430 256 65 Erziehung
1242 3431 89 49 und
1362 3433 81 47 der
1472 3431 264 65 Veredlung

225 3520 71 32 am
328 3506 178 46 Herzen
538 3506 207 64 gelegen,
789 3523 119 29 muss
938 3523 44 30 es
1010 3506 81 47 tief
1115 3506 239 66 beklagen,
1383 3509 101 48 dass
1514 3527 104 30 man
1650 3509 85 48 den

224 3581 195 50 schönen
440 3582 166 47 Zweck
632 3582 76 47 des
732 3582 352 49 Liederkranzes
1107 3584 119 48 nicht
1255 3586 187 52 allseitig
1472 3604 154 34 senug
1655 3604 52 34 ge-

1415 3628 26 22 ©
1467 3635 31 20 ,o
1599 3628 24 23 O
1655 3628 26 23 D

226 3659 195 64 würdigt
451 3660 89 47 und
572 3662 267 45 unterstützt
880 3660 92 55 hat,
1015 3660 99 47 dass
1143 3662 41 46 in
1216 3661 99 48 dem
1347 3664 179 48 reichen
1557 3664 148 48 Frank-

232 3735 86 46 furt
347 3736 211 47 während
601 3737 155 46 nächst
800 3736 70 48 23
911 3736 140 47 Jahre
1089 3737 114 47 noch
1244 3739 120 48 nicht
1392 3740 162 48 einmal
1585 3740 150 49 2000

232 3811 64 47 Fl.
319 3811 219 65 jährliche
566 3815 144 47 Rente
746 3812 328 65 aufzubringen
1104 3831 170 40 waren,
1305 3834 73 29 um
1409 3817 68 47 ein
1507 3819 201 64 segenrei-

228 3887 104 47 ches
355 3890 344 48 Kunst-Institut
720 3891 140 48 schon
884 3892 146 63 längst
1052 3891 65 47 ins
1140 3892 152 49 Leben
1316 3894 128 48 rufen
1465 3913 50 29 zu
1542 3896 194 48 können.

230 3965 73 53 Ja,
345 3965 143 47 dieser
529 3967 177 64 Mangel
750 3985 56 31 an
851 3970 356 63 Unterstützung
1248 3970 124 47 einer
1413 3980 137 55 guten
1590 3974 146 47 Sache

232 4047 118 57 tragt
392 4059 90 30 nun
525 4043 114 47 auch
684 4043 68 49 die
788 4045 184 58 Schuld,
1015 4045 100 49 dass
1146 4046 71 48 die
1248 4049 341 63 ursprüngliche
1617 4050 121 58 Idee,

1811 284 101 49 eine
1952 283 270 63 allgemeine
2262 280 216 50 deutsche
2520 280 309 50 musicalische
2878 280 253 50 Akademie
3161 279 96 51 hier
3286 279 42 51 in

1813 360 250 49 Frankfurt
2091 359 222 48 erblühen
2354 376 53 30 zu
2441 358 157 56 sehen,
2633 358 109 63 jetzt
2770 358 122 48 nicht
2923 359 128 47 mehr
3080 359 41 47 in
3153 374 179 47 grosser

1811 435 318 64 Ausdehnung
2157 453 79 29 zur
2266 434 396 64 Verwirklichung
2692 434 152 47 werde
2881 435 222 64 gelangen
3136 434 192 48 können.

1815 515 131 46 Denn
1975 529 79 31 zur
2079 513 99 47 Zeit
2206 512 80 47 der
2311 510 312 65 Begründung
2652 510 78 47 des
2756 510 149 47 Fonds
2937 512 76 45 für
3041 512 70 48 die
3133 513 195 47 Mozart-

1811 589 201 64 Stiftung
2053 587 246 49 bestanden
2336 588 43 47 in
2420 585 305 50 Deutschland
2770 603 87 29 nur
2899 585 41 47 in
2984 587 101 48 dem
3125 603 83 32 von
3248 603 81 32 uns

1814 667 95 45 fern
1951 667 249 62 gelegenen
2230 664 290 48 Oesterreich
2558 663 108 48 zwei
2700 663 393 57 Conservatorien,
3135 664 193 47 nämlich

1813 743 42 45 in
1879 743 123 62 Prag
2026 740 91 50 und
2139 743 42 45 in
2208 741 166 55 Wien;
2406 740 214 48 während
2652 739 155 48 dessen
2838 738 95 47 sind
2959 739 112 47 aber
3093 740 122 47 nicht
3238 758 60 29 we-

1814 819 128 62 niger
1984 819 65 47 als
2096 816 190 49 sieben
2331 818 336 47 Musikschulen
2711 814 284 57 entstanden,
3050 816 193 49 nämlich
3287 816 42 49 in

1811 894 242 63 Salzburg,
2093 894 169 57 Berlin,
2305 894 199 65 Leipzig,
2544 894 139 54 Köln,
2719 891 207 49 Dresden
2970 891 91 47 und
3089 893 241 63 Stuttgart.

1813 971 172 47 Dessen
2017 970 273 62 ungeachtet
2313 970 52 47 ist
2387 970 81 47 der
2491 969 303 49 Liederkranz
2824 968 114 48 nach
2968 966 102 48 dem
3102 968 119 48 oben
3250 985 53 31 an-

1814 1046 248 65 geführten
2086 1045 37 63 §.
2148 1045 70 50 36
2244 1045 79 48 der
2346 1048 208 47 Statuten
2578 1063 298 47 gezwungen,
2906 1045 98 47 eine
3024 1044 306 48 Musikschule

1814 1125 66 46 ins
1909 1122 156 49 Leben
2102 1140 52 31 zu
2197 1122 145 56 rufen,
2385 1122 56 49 da
2484 1122 81 49 der
2606 1122 281 49 betreffende
2918 1121 265 65 Paragraph
3213 1122 116 47 nach

1815 1200 141 63 §.40
2001 1200 50 47 in
2095 1199 198 48 keiner
2323 1199 191 48 Weise
2556 1200 105 46 und
2704 1216 64 30 zu
2812 1199 197 48 keiner
3048 1200 121 47 Zeit
3210 1199 123 48 eine

1814 1275 395 65 Abänderung
2250 1275 251 48 erleiden
2545 1275 140 48 darf.

1938 1354 154 54 „Nach
2124 1351 322 50 vorstehender
2471 1352 267 63 Darlegung
2768 1351 113 48 wird
2911 1369 104 30 man
3046 1369 91 30 nun
3168 1351 164 65 gewiss

1815 1427 123 50 nicht
1966 1429 202 48 darüber
2195 1436 207 48 staunen,
2450 1444 131 32 wenn
2625 1445 105 29 man
2766 1427 193 55 erfährt,
3000 1427 102 47 dass
3131 1427 70 47 die
3230 1444 75 30 vor-

1808 1505 179 64 jährige
2016 1505 344 64 Ankündigung
2398 1505 125 47 einer
2551 1505 101 47 Mus
2672 1503 185 49 kschule
2896 1503 157 49 dahier
3090 1503 169 65 gerade
3287 1503 43 47 in

1815 1582 249 48 Frankfurt
2092 1582 138 47 selbst
2258 1582 87 47 den
2378 1582 142 47 Effect
2561 1581 123 47 nicht
2723 1582 196 55 machte,
2962 1581 86 47 den
3081 1597 103 31 man
3215 1587 119 42 etwa

1816 1658 79 47 mit
1937 1660 80 47 der
2060 1660 322 64 urplötzlichen
2422 1657 419 65 Veröffentlichung
2887 1657 342 64 beabsichtigte.
3282 1658 52 46 In

1816 1736 354 48 unterrichteten
2210 1736 192 48 Kreisen
2446 1742 199 41 mussten
2686 1735 72 48 die
2799 1736 183 62 Fragen
3031 1733 303 49 auftauchen:

1819 1813 199 49 Warum
2062 1815 80 47 soll
2186 1813 109 49 aber
2337 1812 169 65 gerade
2543 1813 123 64 jetzt,
2722 1813 133 47 allwo
2906 1811 80 48 der
3028 1811 305 48 Liederkranz

1815 1890 172 47 nahezu
2017 1891 60 47 im
2109 1890 198 64 Begriffe
2333 1890 134 55 steht,
2496 1890 99 48 eine
2623 1888 309 49 Musikschule
2959 1888 68 47 ins
3055 1887 157 48 Leben
3243 1895 67 40 tre-

1814 1973 72 41 ten
1918 1967 144 47 lassen
2091 1984 52 31 zu
2176 1971 179 44 müssen
2474 1967 96 48 also
2611 1982 49 32 so
2702 1984 52 30 zu
2796 1982 138 48 sagen
2977 1966 43 47 in
3062 1964 82 49 der
3180 1964 153 49 eilften

1814 2043 173 48 Stunde
2069 2044 70 47 ein
2168 2044 174 47 solches
2370 2044 179 47 Institut
2576 2060 84 31 von
2686 2043 193 48 anderer
2900 2043 120 47 Seite
3045 2043 96 47 hier
3164 2041 145 49 errich-

1815 2128 62 40 tet
1900 2121 214 48 werden?
2143 2121 202 48 Warum
2378 2121 147 48 haben
2557 2119 70 49 die
2656 2121 91 47 vier
2770 2122 179 46 Herren
2973 2119 191 56 Lehrer,
3188 2119 146 64 längst

1815 2196 95 48 hier
1940 2197 213 48 wirksam
2185 2197 90 47 und
2305 2197 79 48 das
2411 2197 334 63 schwerfällige
2769 2196 287 48 Anwachsen
3080 2194 78 49 des
3180 2194 154 49 Fonds

1813 2274 81 47 der
1923 2274 398 64 Mozart-Stiltung
2357 2273 378 57 wahrnehmend,
2777 2272 71 49 die
2877 2272 309 49 Musikschule
3213 2271 121 49 nicht

1815 2351 137 48 schon
1982 2351 269 48 Vorjahren
2281 2351 229 48 eröffnet?
2539 2351 231 47 Erwartet
2799 2367 122 38 man,
2949 2349 102 49 dass
3081 2349 97 47 hier
3205 2349 128 47 zwei

1815 2428 335 48 Musikschulen
2175 2428 147 48 neben
2346 2428 216 48 einander
2587 2427 215 48 bestehen
2829 2428 210 47 können?
3070 2425 127 50 Oder
3221 2425 111 49 hofft

1818 2521 101 30 man
1950 2504 99 50 eine
2082 2505 326 64 Vereinigung,
2449 2521 113 48 resp.
2592 2504 186 47 rechnet
2806 2521 104 30 man
2940 2504 83 47 auf
3055 2503 128 47 einen
3207 2503 102 63 jähr-

1815 2582 142 47 lichen
1988 2583 226 47 Zuschuss
2256 2599 80 31 aus
2379 2582 81 47 der
2502 2582 135 48 Casse
2680 2582 79 47 der
2791 2580 433 64 Mozart-Stiltung?
3267 2580 65 47 Im

1816 2659 121 47 Falle
1959 2658 282 66 gegründete
2257 2659 212 47 Aussicht
2492 2659 81 47 auf
2591 2659 99 47 eine
2713 2659 152 47 solche
2891 2658 311 63 Vereinigung
3231 2673 75 31 vor-

1813 2734 195 56 handen,
2040 2752 93 30 was
2154 2752 136 48 sogar
2313 2735 417 49 wünschenswerth
2755 2739 137 51 wäre,
2923 2735 125 46 liesse
3078 2734 91 47 sich
3201 2734 110 47 aller-

1810 2812 130 64 dings
1982 2813 81 47 der
2106 2813 250 65 vorläufige
2387 2813 202 47 Versuch
2633 2813 173 63 einiger
2834 2813 208 47 Maassen
3083 2810 229 49 rechtferti-

1811 2906 116 45 gen;
1970 2889 206 66 dagegen
2208 2890 180 47 dürften
2426 2890 128 47 zwei
2586 2889 340 50 Musikschulen
2959 2890 75 46 für
3064 2889 71 47 die
3165 2888 169 63 hiesige

1810 2965 131 47 Stadt
1970 2966 89 49 und
2091 2966 183 49 nächste
2300 2966 275 64 Umgebung
2599 2966 114 47 doch
2745 2965 77 48 des
2846 2966 150 47 Guten
3026 2982 52 30 zu
3109 2964 80 47 viel
3220 2964 113 51 sein,

1809 3058 49 32 so
1900 3045 290 47 vortheilhaft
2230 3044 117 48 auch
2391 3050 124 42 sonst
2556 3045 42 46 in
2642 3044 93 47 rein
2766 3044 281 48 materiellen
3078 3041 228 49 Unterneh-

1813 3135 198 49 mungen
2044 3121 288 49 Concurrenz
2364 3121 161 47 immer
2552 3120 94 47 sein
2679 3137 117 47 mag.
2808 3127 17 17 14

2379 3198 202 64 (Schluss
2611 3196 141 65 folgt.)

1903 3429 199 54 Meister
2141 3427 176 55 Martin
2358 3426 99 56 und
2499 3427 136 55 seine
2676 3427 241 55 Gesellen.
2960 3427 130 71 Oper
3133 3444 93 37 von

2135 3523 58 53 M.
2236 3523 134 54 Horn
2413 3523 99 53 und
2556 3523 142 53 Wilh.
2742 3523 254 53 Tschirch.

1928 3662 105 47 Wir
2074 3662 202 49 erhalten
2320 3660 114 48 über
2463 3660 87 49 den
2588 3667 149 41 ersten
2767 3659 232 48 Eindruck
3031 3657 147 50 dieser
3205 3660 130 66 Opet

1808 3739 121 48 eines
1959 3739 144 48 durch
2135 3739 368 64 Composilionen
2536 3737 82 49 auf
2641 3737 148 47 einem
2820 3736 219 56 anderen,
3059 3735 168 66 jedoch
3251 3737 84 49 der

1809 3816 333 48 dramatischen
2174 3816 347 65 Musikgattung
2559 3813 291 49 verwandten
2883 3813 138 49 Felde
3063 3813 269 49 rühmlichst

1811 3893 259 49 bekannten
2100 3893 315 58 Tondichters,
2453 3892 79 48 des
2561 3893 153 46 Herrn
2747 3892 409 47 Musik-Directors
3187 3892 113 48 Wil-

1812 3972 145 47 helm
2002 3970 274 48 Tschirch
2320 3971 42 48 in
2406 3970 139 57 Gera,
2585 3985 87 32 von
2701 3968 253 65 Leipzig
2992 3968 211 65 folgende
3228 3968 78 49 Mit-

1812 4050 227 62 theilung:
