3558 4381
1720 101 99 48 147

216 240 187 52 worden
422 241 53 47 ist
499 238 91 49 und
611 238 93 49 sich
722 238 99 49 eine
842 240 247 64 glänzende
1113 240 211 47 Existenz
1353 238 256 65 geschaffen
1641 240 92 49 hat.

218 320 127 49 Aber
374 316 115 49 auch
520 332 57 32 an
607 316 346 65 Anerkennung
982 316 89 48 und
1098 316 350 63 Auszeichnung
1476 315 142 49 durch
1649 318 84 47 alle

216 396 322 63 Regierungen
567 393 143 47 seines
739 392 299 50 Vaterlandes
1080 392 79 47 hat
1195 409 46 30 es
1278 391 91 48 ihm
1400 392 122 48 nicht
1551 393 182 63 gefehlt.

214 473 66 46 Er
309 470 159 49 wurde
497 468 203 66 Mitglied
731 468 77 50 des
836 470 202 47 Instituts
1070 467 61 64 (in
1160 467 81 48 der
1272 468 339 47 musicalischen
1628 470 79 47 Sec-

214 550 92 47 tion
336 547 81 47 der
437 546 253 48 Akademie
719 546 81 48 der
819 547 200 47 schönen
1038 542 194 66 Künste)
1253 545 88 46 und
1371 546 136 47 vieler
1535 545 199 49 anderen

215 623 371 56 Gesellschaften,
615 625 211 47 Director
854 623 81 46 der
959 622 184 63 Capelle
1171 621 78 47 des
1272 622 174 63 Königs
1467 622 139 47 Louis
1628 622 80 47 Phi-

212 702 135 65 lippe,
370 701 108 64 jetzt
507 701 78 48 des
610 701 183 47 Kaisers
813 699 238 64 Napoleon
1075 698 95 55 111.,
1199 698 211 48 Director
1439 699 78 47 des
1542 699 165 47 Conser-

212 778 207 56 vatoires,
450 777 343 49 Commandeur
821 776 79 47 des
922 774 182 49 Ordens
1132 774 81 49 der
1235 774 325 66 Ehrenlegion,
1592 777 146 47 Ritter

219 854 80 49 des
328 854 260 66 belgischen
618 851 415 66 Leopold-Ordens
1063 868 41 30 u.
1128 867 33 32 s.
1192 867 55 32 w.

792 928 201 65 (Schluss
1023 927 141 65 folgt.)

624 1224 98 53 Aus
762 1224 273 54 Frankfurt
1075 1243 77 35 am
1191 1224 144 54 Main.

266 1366 425 48 [Theater-Angel
706 1367 233 47 egenheit
1028 1367 91 35 Die
1147 1378 116 24 neue
1291 1366 365 37 Privat-Musik-

873 1448 16 23 s
903 1436 52 34 ch
969 1447 26 23 u
1008 1435 70 47 le.]

315 1540 193 48 Endlich
530 1543 53 47 ist
609 1559 162 31 unsere
795 1544 466 62 Theater-Frage
1291 1543 176 63 gelös't,
1498 1541 90 49 und
1612 1559 122 32 zwar

216 1619 82 48 auf
320 1618 73 48 die
422 1620 300 48 ehrenvollste
755 1621 157 49 Weise
948 1623 79 45 für
1062 1620 72 48 die
1167 1620 227 64 bisherige
1427 1620 308 64 Verwaltung.

328 1696 88 47 Die
438 1696 186 65 Sitzung
647 1696 81 49 der
757 1696 391 66 gesetzgebenden
1175 1696 354 64 Versammlung
1552 1713 73 32 am
1650 1696 86 50 26.

211 1774 131 63 April
385 1778 224 44 erörterte
649 1792 79 30 vor
770 1776 146 47 einem
967 1775 225 65 gedrängt
1241 1775 222 64 gefüllten
1505 1774 201 49 Zuhörer-

215 1865 159 32 raume
404 1849 87 47 den
521 1850 83 47 auf
625 1850 80 47 der
734 1851 367 64 Tagesordnung
1140 1851 248 47 stehenden
1420 1851 315 64 Gegenstand:

225 1926 113 56 „Die
358 1926 348 65 Verlängerung
729 1928 80 48 der
827 1929 272 48 Concession
1123 1928 81 48 der
1228 1929 257 62 bisherigen
1515 1929 220 48 Theater-

214 2004 489 49 Actien-Gesellschaft
751 2006 91 47 und
889 2006 261 64 Erhöhung
1198 2005 80 48 der
1326 2006 280 49 Subvention
1654 2024 81 31 aus

648 2082 94 46 Der
771 2082 395 49 Berichterstatter
1194 2082 81 47 der
1305 2082 299 49 Commission
1636 2082 100 64 (Dr.

212 2156 243 65 Mappes)
488 2157 269 65 beantragte
786 2160 60 47 im
875 2160 179 47 Namen
1084 2160 261 48 derselben:
1386 2160 345 63 „Zustimmung

211 2251 81 31 zur
319 2236 309 64 Erneuerung
656 2236 81 47 der
761 2237 273 49 Concession
1065 2255 57 31 an
1151 2239 71 47 die
1254 2237 277 47 bestehende
1561 2237 146 49 Gesell-

212 2311 145 47 schaft
398 2311 82 47 auf
513 2314 129 45 sechs
668 2314 159 55 Jahre,
869 2330 100 31 vom
1007 2314 42 48 1.
1080 2314 260 48 November
1376 2312 137 50 1861
1552 2314 65 47 bis
1649 2312 85 50 31.

214 2387 207 49 October
456 2387 162 59 1867,
662 2397 133 40 unter
837 2390 87 48 den
966 2391 271 65 seitherigen
1268 2390 230 63 Auflagen
1527 2390 93 48 und
1648 2391 59 47 Be-

214 2463 282 67 dingungen,
527 2466 91 47 und
648 2467 312 65 Zusicherung
990 2469 122 47 eines
1133 2469 254 64 jährlichen
1418 2469 208 63 Beitrags
1654 2485 82 31 von

220 2542 199 57 10,000
450 2543 67 53 F|.
559 2561 79 29 zur
681 2545 518 66 Theaterführung
1240 2546 93 47 und
1373 2563 85 31 von
1489 2543 150 51 3000
1669 2546 67 47 Fl.

212 2636 102 31 zum
357 2620 817 61 Theater-Pensions-Fonds,
1222 2639 263 31 zusammen
1537 2620 199 59 13,000

212 2697 69 48 Fl.
310 2712 82 32 aus

329 2773 87 47 Die
446 2775 187 47 meisten
659 2775 183 49 Redner
870 2777 223 65 sprachen
1122 2777 92 47 sich
1247 2777 77 47 für
1352 2775 71 48 die
1452 2775 283 50 Subvention

214 2866 44 32 u.
281 2866 34 32 s.
338 2867 57 32 w.
419 2867 100 38 aus,
541 2852 148 65 einige
713 2852 442 66 bedingungsweise.
1185 2855 125 47 Herr
1333 2855 81 45 Dr.
1444 2870 36 32 v.
1512 2853 226 58 Guaita,

211 2927 159 50 dessen
385 2928 130 49 Rede
538 2928 71 49 die
633 2931 277 63 ungetheilte
926 2931 423 49 Aufmerksamkeit
1371 2931 81 48 der
1475 2931 229 49 Versamm-

214 3006 110 63 lung
366 3013 197 56 erregte,
612 3008 214 55 erklärte,
868 3008 118 57 dass,
1028 3010 123 47 hätte
1189 3025 51 32 er
1283 3008 117 49 noch
1443 3008 164 49 einmal
1645 3008 91 49 sich

214 3082 77 47 für
319 3081 71 48 die
419 3082 308 67 Oberleitung
756 3085 79 48 des
865 3086 222 47 Theaters
1126 3102 53 31 zu
1218 3085 306 57 entscheiden,
1568 3102 50 31 er
1645 3085 93 48 sich

211 3158 100 48 eine
352 3158 172 50 andere
567 3161 306 49 Liebhaberei
915 3163 179 49 wählen
1137 3162 184 56 würde;
1363 3162 137 57 denn,
1542 3163 86 47 wie
1667 3163 71 47 ein

214 3236 188 48 Freund
430 3253 85 32 von
544 3237 93 48 ihm
679 3239 162 65 richtig
883 3239 211 49 bemerkt
1128 3239 139 56 hätte,
1308 3256 106 32 man
1444 3238 154 50 werde
1628 3239 112 49 eher

212 3313 60 48 im
303 3314 316 65 zoologischen
644 3317 170 48 Garten
847 3318 79 47 mit
949 3317 85 49 den
1060 3318 198 48 Thieren
1283 3317 150 65 fertig,
1461 3318 65 48 als
1547 3317 43 48 in
1615 3317 125 48 einer

212 3392 319 47 Runstanstalt
562 3393 78 47 mit
670 3393 86 48 den
785 3394 263 49 Menschen.
1079 3394 185 49 Redner
1292 3394 241 50 schilderte
1561 3394 185 49 hierauf

212 3467 73 49 die
308 3469 288 64 Entstehung
619 3469 80 47 der
714 3471 197 64 jetzigen
930 3472 503 57 Actien-Gesellschaft,
1457 3472 173 48 welche
1653 3488 87 31 nur

214 3561 81 33 aus
323 3546 334 57 Patriotismus,
701 3565 75 30 um
809 3548 80 48 das
919 3549 200 49 Theater
1155 3547 87 49 den
1273 3548 195 48 Händen
1504 3548 231 66 niedriger

214 3623 291 63 Speculation
526 3642 55 29 zu
604 3626 264 55 entreissen,
891 3642 86 32 nur
999 3643 53 31 zu
1080 3642 143 41 „ver-,
1246 3626 123 48 nicht
1391 3643 53 31 zu

215 3699 93 48 sich
345 3702 256 48 constituirt
640 3703 133 50 habe.
828 3704 79 49 Bei
938 3703 86 50 den
1052 3704 259 49 schlechten
1341 3704 291 49 Einnahmen
1662 3703 78 50 des

216 3777 239 59 Theaters,
498 3779 93 48 und
621 3780 58 49 da
709 3798 62 40 es,
813 3780 220 50 wodurch
1062 3780 72 50 die
1165 3780 249 68 Ausgaben
1444 3782 92 48 sich
1568 3780 143 50 bedeu-

212 3854 108 48 tend
362 3860 357 61 vergrösserten,
762 3858 80 48 der
870 3859 230 48 Fremden
1142 3858 163 49 halber
1341 3859 80 48 das
1458 3876 143 48 ganze
1627 3859 115 48 Jahr

214 3932 224 49 hindurch
468 3934 169 65 spielen
668 3940 167 55 müsse,
864 3938 62 47 sei
955 3938 70 48 ein
1048 3937 168 48 Deficit
1244 3937 124 48 nicht
1387 3953 54 32 zu
1465 3937 274 49 vermeiden.

212 4009 66 48 Er
300 4010 226 61 ersuchte,
550 4013 117 49 auch
691 4014 60 48 im
773 4015 222 50 Interesse
1019 4014 80 51 der
1119 4015 167 59 Kunst,
1310 4015 58 49 da
1394 4031 163 34 unsere
1583 4014 156 50 besten

1807 242 232 55 Künstler,
2080 242 98 47 weil
2207 242 80 48 der
2323 261 168 47 engere
2520 246 251 50 Ausschuss
2799 250 79 48 der
2907 252 404 51 Theater-Actien-

1809 317 294 47 Gesellschaft
2143 317 134 48 ihnen
2321 320 149 48 bisher
2511 337 81 32 aus
2634 323 325 64 Ungewissheit
3001 329 129 47 keine
3171 329 139 49 festen

1810 395 408 63 Versprechungen
2249 395 117 48 habe
2395 398 188 47 machen
2615 398 197 59 können,
2846 402 233 65 fortgehen
3110 406 196 56 wollten,

1809 471 76 45 für
1913 469 86 47 den
2026 471 519 67 Commissions-Antrag
2575 492 50 30 zu
2656 475 226 59 stimmen,
2911 495 130 32 wenn
3063 497 102 32 man
3189 481 121 49 nicht

1809 547 164 48 anders
2002 546 71 48 die
2103 547 190 48 Absicht
2321 548 133 57 habe,
2492 551 79 48 das
2600 553 198 47 Theater
2831 571 52 29 zu
2912 556 196 48 ruiniren
3146 558 89 49 und
3265 576 45 32 es

1809 622 85 48 den
1926 623 191 47 Händen
2149 623 197 47 fremder
2371 626 300 64 Speculariten
2700 646 51 29 zu
2783 628 284 50 überliefern.
3098 660 57 6 —
3183 636 126 46 Nach

1810 698 102 48 dem
1942 701 198 45 Resume
2181 699 77 47 des
2287 701 411 50 Berichterstatters
2727 706 126 47 ward
2887 723 80 30 zur
2992 706 320 54 Abstimmung

1809 776 291 63 geschritten,
2131 776 90 47 und
2249 776 83 48 der
2362 778 535 69 Commissions-Antrag,
2936 783 72 47 die
3036 783 274 52 Subvention

1811 870 83 30 von
1945 852 196 57 13,000
2180 854 66 47 Fl.
2291 862 130 39 unter
2463 856 85 47 den
2590 857 266 65 seitherigen
2897 861 330 63 Bedingungen
3260 881 52 29 zu

1813 929 292 64 verwilligen,
2141 947 50 30 so
2234 931 85 45 wie
2357 929 82 48 der
2465 933 178 62 Antrag
2682 933 77 47 des
2798 936 146 48 Herrn
2982 938 81 47 Dr.
3094 938 220 56 Fester,

1814 1005 100 47 dem
1938 1007 165 47 Senate
2131 1024 80 30 zur
2233 1008 264 63 Erwägung
2526 1009 178 47 anheim
2735 1027 50 31 zu
2816 1012 161 62 geben,
3005 1014 58 47 ob
3094 1014 122 49 nicht
3241 1016 71 48 die

1816 1082 407 63 Concessionirung
2251 1083 119 48 eines
2392 1084 246 48 stehenden
2663 1085 155 49 Circus
2846 1088 90 46 und
2966 1089 68 47 die
3056 1091 259 49 Aufnahme

1814 1158 76 48 des
1914 1159 370 48 Theater-Chors
2305 1160 42 47 in
2371 1160 85 47 den
2479 1162 394 48 Pensions-Fonds
2902 1163 70 48 bei
3001 1168 288 62 entsprechen-

1811 1234 80 48 der
1915 1235 254 65 Erhöhung
2191 1235 80 50 der
2293 1237 276 48 Subvention
2597 1256 54 29 zu
2681 1239 253 65 empfehlen
2957 1242 77 56 sei,
3063 1258 216 47 angenom-

1814 1329 120 40 men,
1962 1312 71 48 die
2063 1313 191 65 übrigen
2284 1318 200 58 Anträge
2526 1315 112 49 aber
2672 1318 264 47 verworfen.
2958 1347 61 5 —
3042 1319 160 48 Dieser
3229 1322 57 47 Be-

1811 1389 170 47 schluss
2023 1388 78 48 des
2141 1390 387 64 gesetzgebenden
2573 1393 201 65 Körpers
2816 1409 122 32 muss
2978 1395 85 47 alle
3104 1397 211 48 Freunde

1813 1482 185 30 unserer
2026 1465 269 48 städtischen
2323 1468 419 49 Kunst-Interessen
2771 1472 234 55 erfreuen;
3042 1473 81 47 mit
3150 1472 165 49 diesem

1811 1543 264 48 Beschlüsse
2119 1544 53 47 ist
2211 1544 230 48 einerseits
2481 1562 209 31 unserem
2719 1548 198 48 Theater
2958 1549 69 48 ein
3063 1552 252 62 geregeltes

1811 1620 334 48 Fortschreiten
2177 1620 83 48 auf
2281 1620 102 48 dem
2408 1621 154 64 Wege
2590 1621 81 49 der
2698 1623 185 48 wahren
2905 1625 146 47 Kunst
3079 1626 237 64 gesichert,

1807 1698 301 47 andererseits
2131 1698 102 48 dem
2260 1698 461 66 ungerechtfertigten
2743 1700 221 64 Ehrgeize
2992 1703 89 47 und
3104 1703 79 47 der
3206 1704 83 63 Spc-

1810 1774 196 48 culation
2035 1774 70 47 ein
2136 1774 200 48 eiserner
2365 1774 156 65 Riegel
2552 1775 354 65 vorgeschoben.

1922 1850 128 48 Aber
2078 1851 116 49 auch
2224 1851 114 49 noch
2369 1853 100 47 eine
2497 1853 184 57 andere,
2709 1853 60 49 im
2788 1853 193 64 jetzigen
3001 1854 313 65 Augenblicke

1807 1927 425 50 beachtenswerlhe
2262 1929 269 64 Bedeutung
2562 1930 77 47 hat
2666 1930 81 47 der
2774 1931 237 47 Beschluss
3041 1931 76 47 des
3146 1940 143 56 gesetz-

1809 2005 238 62 gebenden
2077 2006 228 64 Körpers:
2347 2023 46 30 es
2434 2006 54 47 ist
2524 2007 44 46 in
2611 2006 261 50 demselben
2915 2009 68 47 ein
3023 2009 293 48 Vertrauens-

1811 2081 165 48 Votum
2020 2082 76 47 für
2136 2082 70 47 die
2235 2082 164 65 jetzige
2428 2082 371 65 Theaterleitung
2829 2084 245 57 enthalten,
3102 2085 68 47 ein
3202 2086 85 47 Ver-

1807 2160 397 56 trauens-Votum,
2243 2161 95 56 das,
2368 2162 57 46 im
2454 2161 179 47 Namen
2671 2161 111 48 aller
2817 2161 255 64 gebildeten
3116 2161 91 50 und
3236 2179 54 33 an-

1806 2235 235 65 ständigen
2084 2236 257 48 Bewohner
2383 2236 268 48 Frankfurts
2693 2239 381 62 ausgesprochen,
3122 2239 85 47 alle
3248 2237 71 50 die

1809 2312 385 66 nichtswürdigen
2224 2312 404 65 Verleumdungen
2657 2314 90 47 und
2776 2314 263 63 gehässigen
3066 2315 253 65 Anklagen,

1811 2390 155 47 womit
2008 2406 104 31 man
2157 2390 70 47 die
2256 2390 373 63 Theaterleitung
2656 2408 52 29 zu
2737 2394 177 44 stürzen
2957 2391 186 64 gesucht
3184 2392 139 59 hatte,

1810 2484 52 30 zu
1891 2466 242 49 Schanden
2164 2467 163 48 macht.
2387 2468 105 47 Wir
2520 2467 248 64 begrüssen
2804 2467 150 48 diesen
2985 2470 221 63 Ausgang
3240 2468 80 50 der

1810 2545 348 63 monatelangen
2183 2545 157 56 Krisis,
2369 2543 42 47 in
2441 2543 71 49 die
2543 2560 103 32 man
2676 2543 85 49 den
2784 2543 197 49 Bestand
3013 2545 75 47 des
3118 2545 201 64 hiesigen

1811 2621 222 48 Theaters
2061 2622 265 64 gewaltsam
2357 2621 378 63 hineingedrängt
2764 2621 137 57 hatte,
2931 2621 79 48 mit
3039 2639 74 30 um
3143 2639 47 31 so
3220 2623 73 47 auf-

1810 2697 267 64 richtigerer
2105 2697 198 57 Freude,
2346 2698 65 47 als
2451 2715 92 30 nun
2587 2697 261 48 hoffentlich
2888 2697 115 48 auch
3032 2697 70 48 die
3128 2698 164 49 Nieder-

1810 2775 287 64 trächtigkeit
2125 2776 82 47 der
2235 2791 254 48 anonymen
2516 2775 146 47 Briefe
2690 2775 71 47 ihr
2788 2773 129 50 Ende
2947 2775 191 48 erreicht
3165 2775 154 49 haben

1811 2851 137 57 wird;
1978 2852 119 47 denn
2127 2852 83 48 wir
2229 2852 248 47 zweifelten
2501 2851 91 48 und
2614 2851 198 48 zweifeln
2836 2851 158 48 keinen
3019 2852 304 64 Augenblick,

1811 2928 102 48 dass
1934 2928 121 48 diese
2077 2928 327 50 Schandbriefe
2426 2928 142 64 einzig
2591 2927 90 48 und
2703 2928 129 48 allein
2855 2927 85 48 den
2962 2928 164 47 Zweck
3151 2929 170 56 hatten,

1813 3006 71 48 die
1905 3007 165 65 jetzige
2100 3007 453 48 Theater-Direction
2586 3006 255 63 unmöglich
2870 3022 52 31 zu
2956 3006 204 48 machen.
3189 3007 130 48 Auch

1811 3082 71 48 die
1926 3082 301 66 unwürdigen
2257 3082 469 65 Verunglimpfungen
2768 3097 184 32 unseres
2981 3082 220 48 Theaters
3230 3083 90 48 und

1810 3161 147 48 seiner
1984 3161 196 63 Leitung
2209 3161 42 47 in
2281 3159 302 64 auswärtigen
2609 3159 218 56 Blättern,
2856 3175 49 31 so
2935 3158 85 48 wie
3049 3158 81 48 der
3159 3159 135 50 herab-

1813 3238 295 64 würdigende
2138 3239 115 55 Ton,
2294 3238 44 47 in
2368 3237 219 48 welchem
2616 3236 94 48 sich
2740 3236 191 49 manche
2961 3237 333 48 Theater-Kriti-

1813 3316 81 48 ker
1922 3316 208 64 gefallen,
2159 3314 181 49 dürften
2368 3332 110 38 nun,
2521 3313 59 50 da
2602 3312 131 65 jeder
2761 3313 159 65 Erfolg
2948 3313 175 48 solcher
3150 3313 140 50 Machi-

1813 3393 212 48 nationen
2054 3390 341 67 abgeschnitten
2425 3392 70 56 ist,
2524 3390 287 55 nachlassen;
2848 3390 82 47 wir
2959 3390 239 47 wünschen
3226 3389 93 48 dies

1814 3471 284 63 wenigstens,
2122 3468 92 48 und
2243 3468 123 48 nicht
2392 3468 176 48 sowohl
2596 3483 186 32 unseres
2804 3467 219 48 Theaters
3052 3483 174 47 wegen,
3255 3468 64 47 als

1811 3548 60 48 im
1900 3548 220 47 Interesse
2148 3545 82 49 der
2257 3545 127 49 Ehre
2422 3562 192 32 unserer
2639 3543 148 57 Stadt,
2829 3543 135 49 deren
3006 3543 184 63 geistige
3229 3543 91 48 und

1811 3624 188 50 sittliche
2027 3622 198 66 Bildung
2253 3623 145 48 durch
2434 3623 174 48 solches
2634 3622 195 48 Treiben
2867 3619 213 50 wahrlich
3109 3620 125 49 nicht
3259 3622 60 47 im

1810 3702 281 67 günstigsten
2115 3702 160 48 Lichte
2304 3700 237 50 erscheint.

1926 3778 156 49 Ueber
2110 3778 72 48 die
2211 3778 169 53 hiesige
2408 3775 379 52 Musikschule
2823 3771 89 50 und
2944 3773 70 47 ihr
3043 3771 278 53 Verhältniss

1811 3874 79 32 zur
1918 3855 512 65 Mozart-Stiftung
2458 3854 167 50 enthält
2647 3852 70 49 die
2749 3849 427 58 „Süddeutsche
3204 3852 80 49 Mu-

2241 3934 81 48 Nr.
2345 3933 62 49 17
2440 3933 128 48 einen
2596 3929 104 50 sehr
2729 3926 478 51 bemerkenswerthen
3236 3929 59 50 Ar-

1813 4013 106 49 tikel
1947 4029 86 33 von
2063 4013 52 49 F.
2144 4013 41 48 J.
2214 4010 247 60 Kunkel,
2498 4009 103 50 dem
2630 4008 83 49 wir
2740 4005 257 67 Folgendes
3027 4006 297 51 entnehmen:

2951 4074 66 78 [*]
