<?xml version="1.0" encoding="UTF-8"?>
<alto xmlns:xsi="http://www.w3.org/2001/XMLSchema-instance" xmlns="http://www.loc.gov/standards/alto/ns-v2#" xsi:schemaLocation="http://www.loc.gov/standards/alto/ns-v2# http://www.loc.gov/standards/alto/alto-v2.0.xsd" xmlns:xlink="http://www.w3.org/1999/xlink">
	<Description>
		<MeasurementUnit>mm10</MeasurementUnit>
		<sourceImageInformation>
			<fileName>//fileserver7/IN2/Princeton/Batch3/bmtnabc/1873/07/01_01/00000020.tif</fileName>
		</sourceImageInformation>
		<OCRProcessing ID="OCRPROCESSING_1">
			<preProcessingStep>
				<processingSoftware>
					<softwareCreator>CCS Content Conversion Specialists GmbH, Germany</softwareCreator>
					<softwareName>CCS docWORKS</softwareName>
					<softwareVersion>6.6-1.18</softwareVersion>
				</processingSoftware>
			</preProcessingStep>
			<ocrProcessingStep>
				<processingSoftware>
					<softwareCreator>ABBYY (BIT Software), Russia</softwareCreator>
					<softwareName>FineReader</softwareName>
					<softwareVersion>10.0</softwareVersion>
				</processingSoftware>
			</ocrProcessingStep>
		</OCRProcessing>
	</Description>
	<Styles>
		<TextStyle ID="TXT_0" FONTSIZE="15" FONTFAMILY="Times New Roman"/>
		<TextStyle ID="TXT_1" FONTSIZE="34" FONTFAMILY="Times New Roman"/>
		<TextStyle ID="TXT_2" FONTSIZE="15" FONTFAMILY="Times New Roman" FONTSTYLE="italics"/>
		<TextStyle ID="TXT_3" FONTSIZE="12" FONTFAMILY="Times New Roman"/>
		<ParagraphStyle ID="PAR_RIGHT" ALIGN="Right"/>
		<ParagraphStyle ID="PAR_LEFT" ALIGN="Left"/>
	</Styles>
	<Layout>
		<Page ID="P10" PHYSICAL_IMG_NR="10" HEIGHT="4193" WIDTH="2710" PRINTED_IMG_NR="14" PC="0.947">
			<TopMargin ID="P10_TM00001" HPOS="0" VPOS="0" WIDTH="2710" HEIGHT="575">
				<TextBlock ID="P10_TB00001" HPOS="991" VPOS="512" WIDTH="827" HEIGHT="54" STYLEREFS="TXT_0 PAR_RIGHT">
					<TextLine ID="P10_TL00001" HPOS="992" VPOS="513" WIDTH="826" HEIGHT="49">
						<String ID="P10_ST00001" HPOS="992" VPOS="516" WIDTH="76" HEIGHT="39" CONTENT="LA" WC="0.80" CC="30"/>
						<SP ID="P10_SP00001" HPOS="1068" VPOS="555" WIDTH="30"/>
						<String ID="P10_ST00002" HPOS="1098" VPOS="513" WIDTH="376" HEIGHT="49" CONTENT="CHRONIQUE" WC="0.99" CC="364000200"/>
						<SP ID="P10_SP00002" HPOS="1474" VPOS="562" WIDTH="34"/>
						<String ID="P10_ST00003" HPOS="1508" VPOS="514" WIDTH="310" HEIGHT="41" CONTENT="MUSICALE" WC="1.00" CC="00002050"/>
					</TextLine>
				</TextBlock>
				<TextBlock ID="P10_TB00002" HPOS="555" VPOS="528" WIDTH="53" HEIGHT="44" STYLEREFS="TXT_1 PAR_LEFT">
					<TextLine ID="P10_TL00002" HPOS="555" VPOS="528" WIDTH="53" HEIGHT="44">
						<String ID="P10_ST00004" HPOS="555" VPOS="528" WIDTH="53" HEIGHT="44" CONTENT="14" WC="1.00" CC="00"/>
					</TextLine>
				</TextBlock>
			</TopMargin>
			<LeftMargin ID="P10_LM00001" HPOS="0" VPOS="575" WIDTH="537" HEIGHT="2941"/>
			<RightMargin ID="P10_RM00001" HPOS="2257" VPOS="575" WIDTH="453" HEIGHT="2941"/>
			<BottomMargin ID="P10_BM00001" HPOS="0" VPOS="3516" WIDTH="2710" HEIGHT="677"/>
			<PrintSpace ID="P10_PS00001" HPOS="537" VPOS="575" WIDTH="1720" HEIGHT="2941">
				<TextBlock ID="P10_TB00003" HPOS="537" VPOS="655" WIDTH="1720" HEIGHT="2861" STYLEREFS="TXT_0 PAR_LEFT">
					<TextLine ID="P10_TL00003" HPOS="550" VPOS="656" WIDTH="1707" HEIGHT="57">
						<String ID="P10_ST00005" HPOS="550" VPOS="662" WIDTH="184" HEIGHT="40" CONTENT="oiseuses" WC="0.99" CC="10034300"/>
						<SP ID="P10_SP00003" HPOS="734" VPOS="702" WIDTH="21"/>
						<String ID="P10_ST00006" HPOS="755" VPOS="668" WIDTH="40" HEIGHT="32" CONTENT="et" WC="1.00" CC="00"/>
						<SP ID="P10_SP00004" HPOS="795" VPOS="702" WIDTH="20"/>
						<String ID="P10_ST00007" HPOS="815" VPOS="659" WIDTH="399" HEIGHT="53" CONTENT="emphatiquement" WC="1.00" CC="00041040102021"/>
						<SP ID="P10_SP00005" HPOS="1214" VPOS="712" WIDTH="19"/>
						<String ID="P10_ST00008" HPOS="1233" VPOS="656" WIDTH="275" HEIGHT="54" CONTENT="développées" WC="1.00" CC="04000000260"/>
						<SP ID="P10_SP00006" HPOS="1508" VPOS="712" WIDTH="17"/>
						<String ID="P10_ST00009" HPOS="1525" VPOS="658" WIDTH="71" HEIGHT="40" CONTENT="des" WC="1.00" CC="000"/>
						<SP ID="P10_SP00007" HPOS="1596" VPOS="712" WIDTH="22"/>
						<String ID="P10_ST00010" HPOS="1618" VPOS="658" WIDTH="227" HEIGHT="41" CONTENT="brochures" WC="0.99" CC="050255400"/>
						<SP ID="P10_SP00008" HPOS="1845" VPOS="712" WIDTH="21"/>
						<String ID="P10_ST00011" HPOS="1866" VPOS="658" WIDTH="226" HEIGHT="41" CONTENT="musicales" WC="1.00" CC="000006210"/>
						<SP ID="P10_SP00009" HPOS="2092" VPOS="712" WIDTH="27"/>
						<String ID="P10_ST00012" HPOS="2119" VPOS="660" WIDTH="76" HEIGHT="53" CONTENT="qui" WC="0.99" CC="002"/>
						<SP ID="P10_SP00010" HPOS="2195" VPOS="713" WIDTH="23"/>
						<String ID="P10_ST00013" HPOS="2218" VPOS="674" WIDTH="39" HEIGHT="26" CONTENT="se" WC="1.00" CC="00"/>
					</TextLine>
					<TextLine ID="P10_TL00004" HPOS="550" VPOS="731" WIDTH="697" HEIGHT="56">
						<String ID="P10_ST00014" HPOS="550" VPOS="733" WIDTH="243" HEIGHT="54" CONTENT="publiaient" WC="1.00" CC="0010002000"/>
						<SP ID="P10_SP00011" HPOS="793" VPOS="787" WIDTH="20"/>
						<String ID="P10_ST00015" HPOS="813" VPOS="736" WIDTH="21" HEIGHT="35" CONTENT="à" WC="0.52" CC="4"/>
						<SP ID="P10_SP00012" HPOS="834" VPOS="787" WIDTH="15"/>
						<String ID="P10_ST00016" HPOS="849" VPOS="731" WIDTH="40" HEIGHT="38" CONTENT="la" WC="1.00" CC="00"/>
						<SP ID="P10_SP00013" HPOS="889" VPOS="787" WIDTH="21"/>
						<String ID="P10_ST00017" HPOS="910" VPOS="731" WIDTH="138" HEIGHT="38" CONTENT="même" WC="0.98" CC="0710"/>
						<SP ID="P10_SP00014" HPOS="1048" VPOS="787" WIDTH="20"/>
						<String ID="P10_ST00018" HPOS="1068" VPOS="731" WIDTH="179" HEIGHT="51" CONTENT="époque." WC="0.99" CC="4050002"/>
					</TextLine>
					<TextLine ID="P10_TL00005" HPOS="605" VPOS="802" WIDTH="1651" HEIGHT="58">
						<String ID="P10_ST00019" HPOS="605" VPOS="805" WIDTH="60" HEIGHT="39" CONTENT="La" WC="0.75" CC="40"/>
						<SP ID="P10_SP00015" HPOS="665" VPOS="844" WIDTH="27"/>
						<String ID="P10_ST00020" HPOS="692" VPOS="803" WIDTH="178" HEIGHT="40" CONTENT="seconde" WC="0.99" CC="0042700"/>
						<SP ID="P10_SP00016" HPOS="870" VPOS="844" WIDTH="37"/>
						<String ID="P10_ST00021" HPOS="907" VPOS="802" WIDTH="221" HEIGHT="49" CONTENT="livraison," WC="0.99" CC="1030000277"/>
						<SP ID="P10_SP00017" HPOS="1128" VPOS="851" WIDTH="33"/>
						<String ID="P10_ST00022" HPOS="1161" VPOS="813" WIDTH="83" HEIGHT="41" CONTENT="que" WC="0.99" CC="020"/>
						<SP ID="P10_SP00018" HPOS="1244" VPOS="854" WIDTH="23"/>
						<String ID="P10_ST00023" HPOS="1267" VPOS="814" WIDTH="108" HEIGHT="27" CONTENT="nous" WC="0.98" CC="5300"/>
						<SP ID="P10_SP00019" HPOS="1375" VPOS="854" WIDTH="21"/>
						<String ID="P10_ST00024" HPOS="1396" VPOS="802" WIDTH="279" HEIGHT="40" CONTENT="connaissons" WC="0.99" CC="30370400150"/>
						<SP ID="P10_SP00020" HPOS="1675" VPOS="854" WIDTH="33"/>
						<String ID="P10_ST00025" HPOS="1708" VPOS="805" WIDTH="235" HEIGHT="39" CONTENT="seulement" WC="1.00" CC="035100000"/>
						<SP ID="P10_SP00021" HPOS="1943" VPOS="854" WIDTH="20"/>
						<String ID="P10_ST00026" HPOS="1963" VPOS="820" WIDTH="74" HEIGHT="39" CONTENT="par" WC="0.97" CC="060"/>
						<SP ID="P10_SP00022" HPOS="2037" VPOS="859" WIDTH="18"/>
						<String ID="P10_ST00027" HPOS="2055" VPOS="806" WIDTH="201" HEIGHT="54" CONTENT="l'analyse" WC="0.98" CC="046950604"/>
					</TextLine>
					<TextLine ID="P10_TL00006" HPOS="547" VPOS="872" WIDTH="1706" HEIGHT="59">
						<String ID="P10_ST00028" HPOS="547" VPOS="874" WIDTH="286" HEIGHT="54" CONTENT="que-Fréron" WC="0.99" CC="0098000210"/>
						<SP ID="P10_SP00023" HPOS="833" VPOS="928" WIDTH="31"/>
						<String ID="P10_ST00029" HPOS="864" VPOS="885" WIDTH="53" HEIGHT="27" CONTENT="en" WC="0.58" CC="08"/>
						<SP ID="P10_SP00024" HPOS="917" VPOS="928" WIDTH="35"/>
						<String ID="P10_ST00030" HPOS="952" VPOS="886" WIDTH="23" HEIGHT="26" CONTENT="a" WC="1.00" CC="0"/>
						<SP ID="P10_SP00025" HPOS="975" VPOS="928" WIDTH="38"/>
						<String ID="P10_ST00031" HPOS="1013" VPOS="872" WIDTH="165" HEIGHT="40" CONTENT="donnée" WC="0.99" CC="030500"/>
						<SP ID="P10_SP00026" HPOS="1178" VPOS="928" WIDTH="52"/>
						<String ID="P10_ST00032" HPOS="1230" VPOS="872" WIDTH="107" HEIGHT="40" CONTENT="dans" WC="0.99" CC="0060"/>
						<SP ID="P10_SP00027" HPOS="1337" VPOS="928" WIDTH="37"/>
						<String ID="P10_ST00033" HPOS="1374" VPOS="872" WIDTH="180" HEIGHT="41" CONTENT="l'Année" WC="0.99" CC="7400013" STYLEREFS="TXT_2"/>
						<SP ID="P10_SP00028" HPOS="1554" VPOS="928" WIDTH="34"/>
						<String ID="P10_ST00034" HPOS="1588" VPOS="873" WIDTH="218" HEIGHT="41" CONTENT="littéraire" WC="1.00" CC="0000054013" STYLEREFS="TXT_2"/>
						<SP ID="P10_SP00029" HPOS="1806" VPOS="928" WIDTH="38"/>
						<String ID="P10_ST00035" HPOS="1844" VPOS="878" WIDTH="207" HEIGHT="48" CONTENT="(octobre" WC="1.00" CC="00013002"/>
						<SP ID="P10_SP00030" HPOS="2051" VPOS="928" WIDTH="45"/>
						<String ID="P10_ST00036" HPOS="2096" VPOS="879" WIDTH="157" HEIGHT="52" CONTENT="1756)," WC="0.68" CC="073305" STYLEREFS="TXT_3"/>
					</TextLine>
					<TextLine ID="P10_TL00007" HPOS="550" VPOS="943" WIDTH="1707" HEIGHT="58">
						<String ID="P10_ST00037" HPOS="550" VPOS="943" WIDTH="245" HEIGHT="42" CONTENT="renfermait" WC="1.00" CC="3060000004"/>
						<SP ID="P10_SP00031" HPOS="795" VPOS="985" WIDTH="36"/>
						<String ID="P10_ST00038" HPOS="831" VPOS="957" WIDTH="86" HEIGHT="27" CONTENT="une" WC="0.95" CC="570"/>
						<SP ID="P10_SP00032" HPOS="917" VPOS="985" WIDTH="26"/>
						<String ID="P10_ST00039" HPOS="943" VPOS="943" WIDTH="197" HEIGHT="40" CONTENT="nouvelle" WC="0.99" CC="60500030"/>
						<SP ID="P10_SP00033" HPOS="1140" VPOS="985" WIDTH="38"/>
						<String ID="P10_ST00040" HPOS="1178" VPOS="943" WIDTH="193" HEIGHT="40" CONTENT="méthode" WC="0.99" CC="0040103"/>
						<SP ID="P10_SP00034" HPOS="1371" VPOS="985" WIDTH="33"/>
						<String ID="P10_ST00041" HPOS="1404" VPOS="944" WIDTH="50" HEIGHT="39" CONTENT="de" WC="1.00" CC="00"/>
						<SP ID="P10_SP00035" HPOS="1454" VPOS="985" WIDTH="39"/>
						<String ID="P10_ST00042" HPOS="1493" VPOS="943" WIDTH="168" HEIGHT="40" CONTENT="chiffrer" WC="0.98" CC="40576400"/>
						<SP ID="P10_SP00036" HPOS="1661" VPOS="985" WIDTH="34"/>
						<String ID="P10_ST00043" HPOS="1695" VPOS="945" WIDTH="40" HEIGHT="39" CONTENT="la" WC="1.00" CC="00"/>
						<SP ID="P10_SP00037" HPOS="1735" VPOS="985" WIDTH="26"/>
						<String ID="P10_ST00044" HPOS="1761" VPOS="946" WIDTH="117" HEIGHT="39" CONTENT="basse" WC="0.99" CC="05001"/>
						<SP ID="P10_SP00038" HPOS="1878" VPOS="985" WIDTH="34"/>
						<String ID="P10_ST00045" HPOS="1912" VPOS="947" WIDTH="206" HEIGHT="40" CONTENT="continue" WC="0.99" CC="50003720"/>
						<SP ID="P10_SP00039" HPOS="2118" VPOS="987" WIDTH="31"/>
						<String ID="P10_ST00046" HPOS="2149" VPOS="962" WIDTH="108" HEIGHT="39" CONTENT="pour" WC="0.98" CC="0033"/>
					</TextLine>
					<TextLine ID="P10_TL00008" HPOS="549" VPOS="1015" WIDTH="1708" HEIGHT="57">
						<String ID="P10_ST00047" HPOS="549" VPOS="1017" WIDTH="439" HEIGHT="53" CONTENT="l'accompagnement" WC="1.00" CC="0405349020000030"/>
						<SP ID="P10_SP00040" HPOS="988" VPOS="1070" WIDTH="31"/>
						<String ID="P10_ST00048" HPOS="1019" VPOS="1015" WIDTH="59" HEIGHT="41" CONTENT="du" WC="0.68" CC="06"/>
						<SP ID="P10_SP00041" HPOS="1078" VPOS="1070" WIDTH="28"/>
						<String ID="P10_ST00049" HPOS="1106" VPOS="1015" WIDTH="198" HEIGHT="41" CONTENT="clavecin." WC="0.99" CC="600034402"/>
						<SP ID="P10_SP00042" HPOS="1304" VPOS="1070" WIDTH="25"/>
						<String ID="P10_ST00050" HPOS="1329" VPOS="1015" WIDTH="120" HEIGHT="41" CONTENT="Cette" WC="0.99" CC="10140"/>
						<SP ID="P10_SP00043" HPOS="1449" VPOS="1070" WIDTH="31"/>
						<String ID="P10_ST00051" HPOS="1480" VPOS="1015" WIDTH="197" HEIGHT="40" CONTENT="méthode" WC="0.99" CC="0730000"/>
						<SP ID="P10_SP00044" HPOS="1677" VPOS="1070" WIDTH="21"/>
						<String ID="P10_ST00052" HPOS="1698" VPOS="1015" WIDTH="64" HEIGHT="40" CONTENT="fut" WC="0.99" CC="030"/>
						<SP ID="P10_SP00045" HPOS="1762" VPOS="1070" WIDTH="18"/>
						<String ID="P10_ST00053" HPOS="1780" VPOS="1016" WIDTH="40" HEIGHT="39" CONTENT="la" WC="0.86" CC="20"/>
						<SP ID="P10_SP00046" HPOS="1820" VPOS="1070" WIDTH="34"/>
						<String ID="P10_ST00054" HPOS="1854" VPOS="1030" WIDTH="123" HEIGHT="26" CONTENT="cause" WC="0.99" CC="10600"/>
						<SP ID="P10_SP00047" HPOS="1977" VPOS="1070" WIDTH="20"/>
						<String ID="P10_ST00055" HPOS="1997" VPOS="1018" WIDTH="128" HEIGHT="40" CONTENT="d'une" WC="0.98" CC="09070"/>
						<SP ID="P10_SP00048" HPOS="2125" VPOS="1070" WIDTH="21"/>
						<String ID="P10_ST00056" HPOS="2146" VPOS="1019" WIDTH="89" HEIGHT="53" CONTENT="polé" SUBS_TYPE="HypPart1" SUBS_CONTENT="polémique" WC="1.00" CC="0000"/>
						<HYP HPOS="2235" VPOS="1019" WIDTH="22" CONTENT="-"/>
					</TextLine>
					<TextLine ID="P10_TL00009" HPOS="554" VPOS="1087" WIDTH="1703" HEIGHT="55">
						<String ID="P10_ST00057" HPOS="554" VPOS="1088" WIDTH="147" HEIGHT="54" CONTENT="mique" SUBS_TYPE="HypPart2" SUBS_CONTENT="polémique" WC="0.99" CC="00050"/>
						<SP ID="P10_SP00049" HPOS="701" VPOS="1142" WIDTH="21"/>
						<String ID="P10_ST00058" HPOS="722" VPOS="1088" WIDTH="77" HEIGHT="53" CONTENT="qui" WC="0.98" CC="050"/>
						<SP ID="P10_SP00050" HPOS="799" VPOS="1142" WIDTH="22"/>
						<String ID="P10_ST00059" HPOS="821" VPOS="1088" WIDTH="219" HEIGHT="53" CONTENT="s'engagea" WC="0.99" CC="040090000"/>
						<SP ID="P10_SP00051" HPOS="1040" VPOS="1142" WIDTH="21"/>
						<String ID="P10_ST00060" HPOS="1061" VPOS="1088" WIDTH="104" HEIGHT="39" CONTENT="dans" WC="0.96" CC="8740"/>
						<SP ID="P10_SP00052" HPOS="1165" VPOS="1142" WIDTH="32"/>
						<String ID="P10_ST00061" HPOS="1197" VPOS="1088" WIDTH="37" HEIGHT="39" CONTENT="le" WC="1.00" CC="00"/>
						<SP ID="P10_SP00053" HPOS="1234" VPOS="1142" WIDTH="21"/>
						<String ID="P10_ST00062" HPOS="1255" VPOS="1088" WIDTH="212" HEIGHT="39" CONTENT="Mercure" WC="0.99" CC="0500504" STYLEREFS="TXT_2"/>
						<SP ID="P10_SP00054" HPOS="1467" VPOS="1142" WIDTH="19"/>
						<String ID="P10_ST00063" HPOS="1486" VPOS="1087" WIDTH="53" HEIGHT="40" CONTENT="de" WC="1.00" CC="00" STYLEREFS="TXT_2"/>
						<SP ID="P10_SP00055" HPOS="1539" VPOS="1142" WIDTH="17"/>
						<String ID="P10_ST00064" HPOS="1556" VPOS="1088" WIDTH="172" HEIGHT="40" CONTENT="France" WC="1.00" CC="002000" STYLEREFS="TXT_2"/>
						<SP ID="P10_SP00056" HPOS="1728" VPOS="1142" WIDTH="22"/>
						<String ID="P10_ST00065" HPOS="1750" VPOS="1095" WIDTH="120" HEIGHT="33" CONTENT="entre" WC="0.99" CC="15000"/>
						<SP ID="P10_SP00057" HPOS="1870" VPOS="1142" WIDTH="22"/>
						<String ID="P10_ST00066" HPOS="1892" VPOS="1088" WIDTH="139" HEIGHT="40" CONTENT="l'abbé" WC="0.99" CC="340000"/>
						<SP ID="P10_SP00058" HPOS="2031" VPOS="1142" WIDTH="24"/>
						<String ID="P10_ST00067" HPOS="2055" VPOS="1089" WIDTH="202" HEIGHT="41" CONTENT="Roussier" WC="0.88" CC="00200105"/>
					</TextLine>
					<TextLine ID="P10_TL00010" HPOS="545" VPOS="1159" WIDTH="1712" HEIGHT="55">
						<String ID="P10_ST00068" HPOS="545" VPOS="1168" WIDTH="41" HEIGHT="32" CONTENT="et" WC="0.93" CC="10"/>
						<SP ID="P10_SP00059" HPOS="586" VPOS="1200" WIDTH="20"/>
						<String ID="P10_ST00069" HPOS="606" VPOS="1160" WIDTH="50" HEIGHT="40" CONTENT="de" WC="0.81" CC="03"/>
						<SP ID="P10_SP00060" HPOS="656" VPOS="1200" WIDTH="21"/>
						<String ID="P10_ST00070" HPOS="677" VPOS="1160" WIDTH="280" HEIGHT="39" CONTENT="Morambert." WC="1.00" CC="0000000000"/>
						<SP ID="P10_SP00061" HPOS="957" VPOS="1200" WIDTH="37"/>
						<String ID="P10_ST00071" HPOS="994" VPOS="1159" WIDTH="159" HEIGHT="40" CONTENT="L'abbé" WC="0.99" CC="540000"/>
						<SP ID="P10_SP00062" HPOS="1153" VPOS="1200" WIDTH="33"/>
						<String ID="P10_ST00072" HPOS="1186" VPOS="1159" WIDTH="205" HEIGHT="40" CONTENT="Roussier" WC="0.88" CC="00500400"/>
						<SP ID="P10_SP00063" HPOS="1391" VPOS="1200" WIDTH="18"/>
						<String ID="P10_ST00073" HPOS="1409" VPOS="1159" WIDTH="238" HEIGHT="54" CONTENT="prétendait" WC="0.99" CC="0637150037"/>
						<SP ID="P10_SP00064" HPOS="1647" VPOS="1213" WIDTH="21"/>
						<String ID="P10_ST00074" HPOS="1668" VPOS="1173" WIDTH="84" HEIGHT="39" CONTENT="que" WC="0.97" CC="080"/>
						<SP ID="P10_SP00065" HPOS="1752" VPOS="1213" WIDTH="22"/>
						<String ID="P10_ST00075" HPOS="1774" VPOS="1173" WIDTH="45" HEIGHT="26" CONTENT="ce" WC="0.75" CC="21"/>
						<SP ID="P10_SP00066" HPOS="1819" VPOS="1213" WIDTH="22"/>
						<String ID="P10_ST00076" HPOS="1841" VPOS="1173" WIDTH="199" HEIGHT="27" CONTENT="nouveau" WC="0.99" CC="7050000"/>
						<SP ID="P10_SP00067" HPOS="2040" VPOS="1213" WIDTH="34"/>
						<String ID="P10_ST00077" HPOS="2074" VPOS="1164" WIDTH="183" HEIGHT="50" CONTENT="système" WC="0.99" CC="0603007"/>
					</TextLine>
					<TextLine ID="P10_TL00011" HPOS="548" VPOS="1231" WIDTH="1709" HEIGHT="55">
						<String ID="P10_ST00078" HPOS="548" VPOS="1231" WIDTH="58" HEIGHT="42" CONTENT="lui" WC="0.93" CC="890"/>
						<SP ID="P10_SP00068" HPOS="606" VPOS="1273" WIDTH="21"/>
						<String ID="P10_ST00079" HPOS="627" VPOS="1232" WIDTH="286" HEIGHT="53" CONTENT="appartenait," WC="0.99" CC="000054070107"/>
						<SP ID="P10_SP00069" HPOS="913" VPOS="1285" WIDTH="18"/>
						<String ID="P10_ST00080" HPOS="931" VPOS="1231" WIDTH="106" HEIGHT="53" CONTENT="qu'il" WC="0.99" CC="00431"/>
						<SP ID="P10_SP00070" HPOS="1037" VPOS="1285" WIDTH="19"/>
						<String ID="P10_ST00081" HPOS="1056" VPOS="1231" WIDTH="143" HEIGHT="41" CONTENT="l'avait" WC="0.99" CC="6400030"/>
						<SP ID="P10_SP00071" HPOS="1199" VPOS="1285" WIDTH="20"/>
						<String ID="P10_ST00082" HPOS="1219" VPOS="1232" WIDTH="162" HEIGHT="40" CONTENT="soumis" WC="1.00" CC="002000"/>
						<SP ID="P10_SP00072" HPOS="1381" VPOS="1285" WIDTH="14"/>
						<String ID="P10_ST00083" HPOS="1395" VPOS="1236" WIDTH="23" HEIGHT="35" CONTENT="à" WC="0.25" CC="7"/>
						<SP ID="P10_SP00073" HPOS="1418" VPOS="1285" WIDTH="22"/>
						<String ID="P10_ST00084" HPOS="1440" VPOS="1232" WIDTH="139" HEIGHT="40" CONTENT="l'abbé" WC="0.99" CC="430000"/>
						<SP ID="P10_SP00074" HPOS="1579" VPOS="1285" WIDTH="22"/>
						<String ID="P10_ST00085" HPOS="1601" VPOS="1232" WIDTH="198" HEIGHT="52" CONTENT="Laugier," WC="0.89" CC="00000007"/>
						<SP ID="P10_SP00075" HPOS="1799" VPOS="1285" WIDTH="24"/>
						<String ID="P10_ST00086" HPOS="1823" VPOS="1241" WIDTH="42" HEIGHT="31" CONTENT="et" WC="1.00" CC="00"/>
						<SP ID="P10_SP00076" HPOS="1865" VPOS="1285" WIDTH="20"/>
						<String ID="P10_ST00087" HPOS="1885" VPOS="1246" WIDTH="84" HEIGHT="40" CONTENT="que" WC="1.00" CC="000"/>
						<SP ID="P10_SP00077" HPOS="1969" VPOS="1286" WIDTH="21"/>
						<String ID="P10_ST00088" HPOS="1990" VPOS="1232" WIDTH="177" HEIGHT="42" CONTENT="celui-ci" WC="0.99" CC="10032403"/>
						<SP ID="P10_SP00078" HPOS="2167" VPOS="1286" WIDTH="22"/>
						<String ID="P10_ST00089" HPOS="2189" VPOS="1235" WIDTH="46" HEIGHT="40" CONTENT="de" SUBS_TYPE="HypPart1" SUBS_CONTENT="devait" WC="0.97" CC="04"/>
						<HYP HPOS="2235" VPOS="1235" WIDTH="22" CONTENT="-"/>
					</TextLine>
					<TextLine ID="P10_TL00012" HPOS="547" VPOS="1303" WIDTH="1706" HEIGHT="58">
						<String ID="P10_ST00090" HPOS="547" VPOS="1303" WIDTH="88" HEIGHT="42" CONTENT="vait" SUBS_TYPE="HypPart2" SUBS_CONTENT="devait" WC="0.99" CC="0004"/>
						<SP ID="P10_SP00079" HPOS="635" VPOS="1345" WIDTH="19"/>
						<String ID="P10_ST00091" HPOS="654" VPOS="1304" WIDTH="85" HEIGHT="41" CONTENT="être" WC="0.96" CC="7460"/>
						<SP ID="P10_SP00080" HPOS="739" VPOS="1345" WIDTH="20"/>
						<String ID="P10_ST00092" HPOS="759" VPOS="1304" WIDTH="182" HEIGHT="41" CONTENT="Fauteur" WC="0.99" CC="7040050"/>
						<SP ID="P10_SP00081" HPOS="941" VPOS="1345" WIDTH="28"/>
						<String ID="P10_ST00093" HPOS="969" VPOS="1305" WIDTH="49" HEIGHT="39" CONTENT="de" WC="0.93" CC="01"/>
						<SP ID="P10_SP00082" HPOS="1018" VPOS="1345" WIDTH="22"/>
						<String ID="P10_ST00094" HPOS="1040" VPOS="1303" WIDTH="175" HEIGHT="41" CONTENT="l'article" WC="1.00" CC="330500000"/>
						<SP ID="P10_SP00083" HPOS="1215" VPOS="1345" WIDTH="19"/>
						<String ID="P10_ST00095" HPOS="1234" VPOS="1317" WIDTH="52" HEIGHT="26" CONTENT="en" WC="1.00" CC="00"/>
						<SP ID="P10_SP00084" HPOS="1286" VPOS="1345" WIDTH="20"/>
						<String ID="P10_ST00096" HPOS="1306" VPOS="1303" WIDTH="197" HEIGHT="54" CONTENT="question" WC="0.99" CC="00100018"/>
						<SP ID="P10_SP00085" HPOS="1503" VPOS="1357" WIDTH="34"/>
						<String ID="P10_ST00097" HPOS="1537" VPOS="1312" WIDTH="55" HEIGHT="44" CONTENT="et," WC="0.97" CC="024"/>
						<SP ID="P10_SP00086" HPOS="1592" VPOS="1357" WIDTH="23"/>
						<String ID="P10_ST00098" HPOS="1615" VPOS="1319" WIDTH="74" HEIGHT="39" CONTENT="par" WC="0.98" CC="060"/>
						<SP ID="P10_SP00087" HPOS="1689" VPOS="1358" WIDTH="31"/>
						<String ID="P10_ST00099" HPOS="1720" VPOS="1307" WIDTH="276" HEIGHT="52" CONTENT="conséquent," WC="0.99" CC="51604070757"/>
						<SP ID="P10_SP00088" HPOS="1996" VPOS="1359" WIDTH="39"/>
						<String ID="P10_ST00100" HPOS="2035" VPOS="1307" WIDTH="218" HEIGHT="54" CONTENT="plagiaire." WC="0.99" CC="0000206324"/>
					</TextLine>
					<TextLine ID="P10_TL00013" HPOS="545" VPOS="1375" WIDTH="1706" HEIGHT="54">
						<String ID="P10_ST00101" HPOS="545" VPOS="1376" WIDTH="62" HEIGHT="39" CONTENT="De" WC="0.90" CC="20"/>
						<SP ID="P10_SP00089" HPOS="607" VPOS="1415" WIDTH="40"/>
						<String ID="P10_ST00102" HPOS="647" VPOS="1375" WIDTH="266" HEIGHT="40" CONTENT="Morambert" WC="0.93" CC="006000000"/>
						<SP ID="P10_SP00090" HPOS="913" VPOS="1415" WIDTH="35"/>
						<String ID="P10_ST00103" HPOS="948" VPOS="1375" WIDTH="195" HEIGHT="52" CONTENT="répondit" WC="0.99" CC="53005035"/>
						<SP ID="P10_SP00091" HPOS="1143" VPOS="1427" WIDTH="22"/>
						<String ID="P10_ST00104" HPOS="1165" VPOS="1387" WIDTH="82" HEIGHT="42" CONTENT="que" WC="1.00" CC="000"/>
						<SP ID="P10_SP00092" HPOS="1247" VPOS="1429" WIDTH="21"/>
						<String ID="P10_ST00105" HPOS="1268" VPOS="1375" WIDTH="174" HEIGHT="40" CONTENT="l'article" WC="0.99" CC="440042024"/>
						<SP ID="P10_SP00093" HPOS="1442" VPOS="1429" WIDTH="20"/>
						<String ID="P10_ST00106" HPOS="1462" VPOS="1375" WIDTH="102" HEIGHT="40" CONTENT="était" WC="0.98" CC="50015"/>
						<SP ID="P10_SP00094" HPOS="1564" VPOS="1429" WIDTH="28"/>
						<String ID="P10_ST00107" HPOS="1592" VPOS="1376" WIDTH="50" HEIGHT="39" CONTENT="de" WC="1.00" CC="00"/>
						<SP ID="P10_SP00095" HPOS="1642" VPOS="1429" WIDTH="31"/>
						<String ID="P10_ST00108" HPOS="1673" VPOS="1377" WIDTH="85" HEIGHT="49" CONTENT="lui;" WC="0.99" CC="0400"/>
						<SP ID="P10_SP00096" HPOS="1758" VPOS="1429" WIDTH="25"/>
						<String ID="P10_ST00109" HPOS="1783" VPOS="1377" WIDTH="106" HEIGHT="40" CONTENT="mais" WC="1.00" CC="0010"/>
						<SP ID="P10_SP00097" HPOS="1889" VPOS="1429" WIDTH="30"/>
						<String ID="P10_ST00110" HPOS="1919" VPOS="1378" WIDTH="203" HEIGHT="40" CONTENT="Roussier" WC="0.67" CC="00735115"/>
						<SP ID="P10_SP00098" HPOS="2122" VPOS="1429" WIDTH="32"/>
						<String ID="P10_ST00111" HPOS="2154" VPOS="1380" WIDTH="97" HEIGHT="40" CONTENT="n'en" WC="0.99" CC="0400"/>
					</TextLine>
					<TextLine ID="P10_TL00014" HPOS="544" VPOS="1446" WIDTH="1709" HEIGHT="56">
						<String ID="P10_ST00112" HPOS="544" VPOS="1448" WIDTH="166" HEIGHT="39" CONTENT="soutint" WC="0.99" CC="0330350"/>
						<SP ID="P10_SP00099" HPOS="710" VPOS="1487" WIDTH="21"/>
						<String ID="P10_ST00113" HPOS="731" VPOS="1461" WIDTH="72" HEIGHT="39" CONTENT="pas" WC="1.00" CC="000"/>
						<SP ID="P10_SP00100" HPOS="803" VPOS="1500" WIDTH="34"/>
						<String ID="P10_ST00114" HPOS="837" VPOS="1448" WIDTH="142" HEIGHT="39" CONTENT="moins" WC="1.00" CC="02000"/>
						<SP ID="P10_SP00101" HPOS="979" VPOS="1500" WIDTH="21"/>
						<String ID="P10_ST00115" HPOS="1000" VPOS="1460" WIDTH="75" HEIGHT="26" CONTENT="son" WC="0.95" CC="057"/>
						<SP ID="P10_SP00102" HPOS="1075" VPOS="1500" WIDTH="32"/>
						<String ID="P10_ST00116" HPOS="1107" VPOS="1447" WIDTH="90" HEIGHT="39" CONTENT="dire" WC="0.99" CC="0110"/>
						<SP ID="P10_SP00103" HPOS="1197" VPOS="1500" WIDTH="35"/>
						<String ID="P10_ST00117" HPOS="1232" VPOS="1456" WIDTH="42" HEIGHT="31" CONTENT="et" WC="1.00" CC="00"/>
						<SP ID="P10_SP00104" HPOS="1274" VPOS="1500" WIDTH="22"/>
						<String ID="P10_ST00118" HPOS="1296" VPOS="1446" WIDTH="163" HEIGHT="41" CONTENT="affirma" WC="1.00" CC="0000600"/>
						<SP ID="P10_SP00105" HPOS="1459" VPOS="1500" WIDTH="34"/>
						<String ID="P10_ST00119" HPOS="1493" VPOS="1448" WIDTH="51" HEIGHT="39" CONTENT="de" WC="1.00" CC="00"/>
						<SP ID="P10_SP00106" HPOS="1544" VPOS="1500" WIDTH="32"/>
						<String ID="P10_ST00120" HPOS="1576" VPOS="1448" WIDTH="97" HEIGHT="52" CONTENT="plus" WC="0.99" CC="0040"/>
						<SP ID="P10_SP00107" HPOS="1673" VPOS="1500" WIDTH="27"/>
						<String ID="P10_ST00121" HPOS="1700" VPOS="1462" WIDTH="83" HEIGHT="39" CONTENT="que" WC="1.00" CC="000"/>
						<SP ID="P10_SP00108" HPOS="1783" VPOS="1501" WIDTH="21"/>
						<String ID="P10_ST00122" HPOS="1804" VPOS="1449" WIDTH="42" HEIGHT="39" CONTENT="la" WC="1.00" CC="00"/>
						<SP ID="P10_SP00109" HPOS="1846" VPOS="1501" WIDTH="39"/>
						<String ID="P10_ST00123" HPOS="1885" VPOS="1450" WIDTH="272" HEIGHT="52" CONTENT="publication" WC="1.00" CC="05004300330"/>
						<SP ID="P10_SP00110" HPOS="2157" VPOS="1502" WIDTH="37"/>
						<String ID="P10_ST00124" HPOS="2194" VPOS="1451" WIDTH="59" HEIGHT="40" CONTENT="du" WC="0.98" CC="00"/>
					</TextLine>
					<TextLine ID="P10_TL00015" HPOS="542" VPOS="1518" WIDTH="1712" HEIGHT="57">
						<String ID="P10_ST00125" HPOS="542" VPOS="1519" WIDTH="241" HEIGHT="40" CONTENT="Sentiment" WC="1.00" CC="000003000" STYLEREFS="TXT_2"/>
						<SP ID="P10_SP00111" HPOS="783" VPOS="1559" WIDTH="20"/>
						<String ID="P10_ST00126" HPOS="803" VPOS="1520" WIDTH="101" HEIGHT="39" CONTENT="d'un" WC="0.99" CC="0400" STYLEREFS="TXT_2"/>
						<SP ID="P10_SP00112" HPOS="904" VPOS="1559" WIDTH="39"/>
						<String ID="P10_ST00127" HPOS="943" VPOS="1518" WIDTH="319" HEIGHT="53" CONTENT="harmoniphile" WC="0.79" CC="060262050000" STYLEREFS="TXT_2"/>
						<SP ID="P10_SP00113" HPOS="1262" VPOS="1571" WIDTH="29"/>
						<String ID="P10_ST00128" HPOS="1291" VPOS="1519" WIDTH="114" HEIGHT="38" CONTENT="avait" WC="0.99" CC="00035"/>
						<SP ID="P10_SP00114" HPOS="1405" VPOS="1571" WIDTH="35"/>
						<String ID="P10_ST00129" HPOS="1440" VPOS="1520" WIDTH="65" HEIGHT="38" CONTENT="été" WC="0.97" CC="503"/>
						<SP ID="P10_SP00115" HPOS="1505" VPOS="1571" WIDTH="26"/>
						<String ID="P10_ST00130" HPOS="1531" VPOS="1520" WIDTH="230" HEIGHT="53" CONTENT="entreprise" WC="0.99" CC="0700080403"/>
						<SP ID="P10_SP00116" HPOS="1761" VPOS="1573" WIDTH="22"/>
						<String ID="P10_ST00131" HPOS="1783" VPOS="1534" WIDTH="74" HEIGHT="39" CONTENT="par" WC="1.00" CC="000"/>
						<SP ID="P10_SP00117" HPOS="1857" VPOS="1573" WIDTH="27"/>
						<String ID="P10_ST00132" HPOS="1884" VPOS="1521" WIDTH="185" HEIGHT="54" CONTENT="Laugier" WC="0.52" CC="0569056"/>
						<SP ID="P10_SP00118" HPOS="2069" VPOS="1575" WIDTH="20"/>
						<String ID="P10_ST00133" HPOS="2089" VPOS="1531" WIDTH="41" HEIGHT="32" CONTENT="et" WC="0.66" CC="06"/>
						<SP ID="P10_SP00119" HPOS="2130" VPOS="1575" WIDTH="20"/>
						<String ID="P10_ST00134" HPOS="2150" VPOS="1523" WIDTH="104" HEIGHT="41" CONTENT="était" WC="0.97" CC="50806"/>
					</TextLine>
					<TextLine ID="P10_TL00016" HPOS="540" VPOS="1589" WIDTH="1713" HEIGHT="53">
						<String ID="P10_ST00135" HPOS="540" VPOS="1591" WIDTH="278" HEIGHT="40" CONTENT="entièrement" WC="1.00" CC="00312400160"/>
						<SP ID="P10_SP00120" HPOS="818" VPOS="1631" WIDTH="21"/>
						<String ID="P10_ST00136" HPOS="839" VPOS="1590" WIDTH="50" HEIGHT="39" CONTENT="de" WC="1.00" CC="00"/>
						<SP ID="P10_SP00121" HPOS="889" VPOS="1631" WIDTH="26"/>
						<String ID="P10_ST00137" HPOS="915" VPOS="1590" WIDTH="78" HEIGHT="40" CONTENT="lui." WC="0.97" CC="2606"/>
						<SP ID="P10_SP00122" HPOS="993" VPOS="1631" WIDTH="26"/>
						<String ID="P10_ST00138" HPOS="1019" VPOS="1589" WIDTH="117" HEIGHT="49" CONTENT="Quoi" WC="1.00" CC="0000"/>
						<SP ID="P10_SP00123" HPOS="1136" VPOS="1638" WIDTH="23"/>
						<String ID="P10_ST00139" HPOS="1159" VPOS="1589" WIDTH="107" HEIGHT="52" CONTENT="qu'il" WC="0.99" CC="03400"/>
						<SP ID="P10_SP00124" HPOS="1266" VPOS="1641" WIDTH="33"/>
						<String ID="P10_ST00140" HPOS="1299" VPOS="1603" WIDTH="51" HEIGHT="26" CONTENT="en" WC="1.00" CC="00"/>
						<SP ID="P10_SP00125" HPOS="1350" VPOS="1641" WIDTH="33"/>
						<String ID="P10_ST00141" HPOS="1383" VPOS="1591" WIDTH="80" HEIGHT="38" CONTENT="soit" WC="0.99" CC="0102"/>
						<SP ID="P10_SP00126" HPOS="1463" VPOS="1641" WIDTH="18"/>
						<String ID="P10_ST00142" HPOS="1481" VPOS="1591" WIDTH="49" HEIGHT="38" CONTENT="de" WC="1.00" CC="00"/>
						<SP ID="P10_SP00127" HPOS="1530" VPOS="1641" WIDTH="22"/>
						<String ID="P10_ST00143" HPOS="1552" VPOS="1598" WIDTH="105" HEIGHT="32" CONTENT="cette" WC="0.99" CC="20400"/>
						<SP ID="P10_SP00128" HPOS="1657" VPOS="1641" WIDTH="20"/>
						<String ID="P10_ST00144" HPOS="1677" VPOS="1591" WIDTH="275" HEIGHT="51" CONTENT="affirmation," WC="1.00" CC="000000803004"/>
						<SP ID="P10_SP00129" HPOS="1952" VPOS="1642" WIDTH="35"/>
						<String ID="P10_ST00145" HPOS="1987" VPOS="1607" WIDTH="76" HEIGHT="26" CONTENT="nos" WC="1.00" CC="000"/>
						<SP ID="P10_SP00130" HPOS="2063" VPOS="1642" WIDTH="23"/>
						<String ID="P10_ST00146" HPOS="2086" VPOS="1596" WIDTH="144" HEIGHT="38" CONTENT="recher" SUBS_TYPE="HypPart1" SUBS_CONTENT="recherches" WC="0.98" CC="503900"/>
						<HYP HPOS="2230" VPOS="1596" WIDTH="23" CONTENT="-"/>
					</TextLine>
					<TextLine ID="P10_TL00017" HPOS="541" VPOS="1661" WIDTH="1714" HEIGHT="58">
						<String ID="P10_ST00147" HPOS="541" VPOS="1662" WIDTH="94" HEIGHT="40" CONTENT="ches" SUBS_TYPE="HypPart2" SUBS_CONTENT="recherches" WC="0.99" CC="4000"/>
						<SP ID="P10_SP00131" HPOS="635" VPOS="1702" WIDTH="21"/>
						<String ID="P10_ST00148" HPOS="656" VPOS="1676" WIDTH="73" HEIGHT="26" CONTENT="sur" WC="0.97" CC="042"/>
						<SP ID="P10_SP00132" HPOS="729" VPOS="1702" WIDTH="20"/>
						<String ID="P10_ST00149" HPOS="749" VPOS="1676" WIDTH="46" HEIGHT="26" CONTENT="ce" WC="0.70" CC="50"/>
						<SP ID="P10_SP00133" HPOS="795" VPOS="1702" WIDTH="21"/>
						<String ID="P10_ST00150" HPOS="816" VPOS="1662" WIDTH="120" HEIGHT="52" CONTENT="sujet," WC="0.99" CC="035004"/>
						<SP ID="P10_SP00134" HPOS="936" VPOS="1714" WIDTH="27"/>
						<String ID="P10_ST00151" HPOS="963" VPOS="1670" WIDTH="93" HEIGHT="44" CONTENT="trop" WC="1.00" CC="0000"/>
						<SP ID="P10_SP00135" HPOS="1056" VPOS="1714" WIDTH="20"/>
						<String ID="P10_ST00152" HPOS="1076" VPOS="1662" WIDTH="178" HEIGHT="52" CONTENT="longues" WC="1.00" CC="0010200"/>
						<SP ID="P10_SP00136" HPOS="1254" VPOS="1714" WIDTH="23"/>
						<String ID="P10_ST00153" HPOS="1277" VPOS="1666" WIDTH="22" HEIGHT="35" CONTENT="à" WC="0.67" CC="3"/>
						<SP ID="P10_SP00137" HPOS="1299" VPOS="1714" WIDTH="33"/>
						<String ID="P10_ST00154" HPOS="1332" VPOS="1661" WIDTH="252" HEIGHT="53" CONTENT="développer" WC="1.00" CC="0000000005"/>
						<SP ID="P10_SP00138" HPOS="1584" VPOS="1714" WIDTH="27"/>
						<String ID="P10_ST00155" HPOS="1611" VPOS="1661" WIDTH="75" HEIGHT="48" CONTENT="ici," WC="0.97" CC="2424"/>
						<SP ID="P10_SP00139" HPOS="1686" VPOS="1714" WIDTH="24"/>
						<String ID="P10_ST00156" HPOS="1710" VPOS="1676" WIDTH="110" HEIGHT="26" CONTENT="nous" WC="0.99" CC="0400"/>
						<SP ID="P10_SP00140" HPOS="1820" VPOS="1714" WIDTH="25"/>
						<String ID="P10_ST00157" HPOS="1845" VPOS="1664" WIDTH="192" HEIGHT="40" CONTENT="donnent" WC="0.99" CC="0430020"/>
						<SP ID="P10_SP00141" HPOS="2037" VPOS="1714" WIDTH="21"/>
						<String ID="P10_ST00158" HPOS="2058" VPOS="1670" WIDTH="22" HEIGHT="35" CONTENT="à" WC="1.00" CC="0"/>
						<SP ID="P10_SP00142" HPOS="2080" VPOS="1714" WIDTH="26"/>
						<String ID="P10_ST00159" HPOS="2106" VPOS="1679" WIDTH="149" HEIGHT="40" CONTENT="penser" WC="1.00" CC="006000"/>
					</TextLine>
					<TextLine ID="P10_TL00018" HPOS="541" VPOS="1732" WIDTH="1714" HEIGHT="57">
						<String ID="P10_ST00160" HPOS="541" VPOS="1747" WIDTH="84" HEIGHT="40" CONTENT="que" WC="0.99" CC="010"/>
						<SP ID="P10_SP00143" HPOS="625" VPOS="1787" WIDTH="24"/>
						<String ID="P10_ST00161" HPOS="649" VPOS="1734" WIDTH="115" HEIGHT="40" CONTENT="Fétis" WC="0.79" CC="03410"/>
						<SP ID="P10_SP00144" HPOS="764" VPOS="1787" WIDTH="40"/>
						<String ID="P10_ST00162" HPOS="804" VPOS="1733" WIDTH="95" HEIGHT="40" CONTENT="s'est" WC="0.99" CC="04004"/>
						<SP ID="P10_SP00145" HPOS="899" VPOS="1787" WIDTH="34"/>
						<String ID="P10_ST00163" HPOS="933" VPOS="1734" WIDTH="165" HEIGHT="52" CONTENT="trompé" WC="1.00" CC="001000"/>
						<SP ID="P10_SP00146" HPOS="1098" VPOS="1787" WIDTH="20"/>
						<String ID="P10_ST00164" HPOS="1118" VPOS="1746" WIDTH="51" HEIGHT="27" CONTENT="en" WC="0.86" CC="02"/>
						<SP ID="P10_SP00147" HPOS="1169" VPOS="1787" WIDTH="23"/>
						<String ID="P10_ST00165" HPOS="1192" VPOS="1733" WIDTH="139" HEIGHT="51" CONTENT="niant," WC="0.98" CC="060604"/>
						<SP ID="P10_SP00148" HPOS="1331" VPOS="1787" WIDTH="21"/>
						<String ID="P10_ST00166" HPOS="1352" VPOS="1732" WIDTH="105" HEIGHT="40" CONTENT="dans" WC="1.00" CC="0000"/>
						<SP ID="P10_SP00149" HPOS="1457" VPOS="1787" WIDTH="21"/>
						<String ID="P10_ST00167" HPOS="1478" VPOS="1745" WIDTH="60" HEIGHT="27" CONTENT="ses" WC="1.00" CC="000"/>
						<SP ID="P10_SP00150" HPOS="1538" VPOS="1787" WIDTH="19"/>
						<String ID="P10_ST00168" HPOS="1557" VPOS="1733" WIDTH="165" HEIGHT="41" CONTENT="articles" WC="0.99" CC="06505000"/>
						<SP ID="P10_SP00151" HPOS="1722" VPOS="1787" WIDTH="21"/>
						<String ID="P10_ST00169" HPOS="1743" VPOS="1748" WIDTH="74" HEIGHT="26" CONTENT="sur" WC="0.98" CC="050"/>
						<SP ID="P10_SP00152" HPOS="1817" VPOS="1787" WIDTH="22"/>
						<String ID="P10_ST00170" HPOS="1839" VPOS="1735" WIDTH="201" HEIGHT="54" CONTENT="Laugier," WC="0.72" CC="08503004"/>
						<SP ID="P10_SP00153" HPOS="2040" VPOS="1789" WIDTH="23"/>
						<String ID="P10_ST00171" HPOS="2063" VPOS="1737" WIDTH="50" HEIGHT="40" CONTENT="de" WC="1.00" CC="00"/>
						<SP ID="P10_SP00154" HPOS="2113" VPOS="1789" WIDTH="25"/>
						<String ID="P10_ST00172" HPOS="2138" VPOS="1738" WIDTH="117" HEIGHT="40" CONTENT="Léris" WC="0.73" CC="04430"/>
					</TextLine>
					<TextLine ID="P10_TL00019" HPOS="540" VPOS="1805" WIDTH="1715" HEIGHT="53">
						<String ID="P10_ST00173" HPOS="540" VPOS="1813" WIDTH="40" HEIGHT="32" CONTENT="et" WC="0.70" CC="05"/>
						<SP ID="P10_SP00155" HPOS="580" VPOS="1845" WIDTH="34"/>
						<String ID="P10_ST00174" HPOS="614" VPOS="1806" WIDTH="51" HEIGHT="39" CONTENT="de" WC="1.00" CC="00"/>
						<SP ID="P10_SP00156" HPOS="665" VPOS="1845" WIDTH="40"/>
						<String ID="P10_ST00175" HPOS="705" VPOS="1806" WIDTH="280" HEIGHT="49" CONTENT="Morambert," WC="0.82" CC="0030000534"/>
						<SP ID="P10_SP00157" HPOS="985" VPOS="1855" WIDTH="30"/>
						<String ID="P10_ST00176" HPOS="1015" VPOS="1818" WIDTH="83" HEIGHT="40" CONTENT="que" WC="1.00" CC="000"/>
						<SP ID="P10_SP00158" HPOS="1098" VPOS="1858" WIDTH="20"/>
						<String ID="P10_ST00177" HPOS="1118" VPOS="1818" WIDTH="66" HEIGHT="26" CONTENT="ces" WC="1.00" CC="000"/>
						<SP ID="P10_SP00159" HPOS="1184" VPOS="1858" WIDTH="24"/>
						<String ID="P10_ST00178" HPOS="1208" VPOS="1806" WIDTH="109" HEIGHT="38" CONTENT="deux" WC="1.00" CC="0020"/>
						<SP ID="P10_SP00160" HPOS="1317" VPOS="1858" WIDTH="31"/>
						<String ID="P10_ST00179" HPOS="1348" VPOS="1805" WIDTH="190" HEIGHT="39" CONTENT="derniers" WC="0.99" CC="00064000"/>
						<SP ID="P10_SP00161" HPOS="1538" VPOS="1858" WIDTH="26"/>
						<String ID="P10_ST00180" HPOS="1564" VPOS="1813" WIDTH="174" HEIGHT="32" CONTENT="auteurs" WC="0.99" CC="0500360"/>
						<SP ID="P10_SP00162" HPOS="1738" VPOS="1858" WIDTH="26"/>
						<String ID="P10_ST00181" HPOS="1764" VPOS="1806" WIDTH="118" HEIGHT="40" CONTENT="aient" WC="0.98" CC="43060"/>
						<SP ID="P10_SP00163" HPOS="1882" VPOS="1858" WIDTH="26"/>
						<String ID="P10_ST00182" HPOS="1908" VPOS="1821" WIDTH="51" HEIGHT="26" CONTENT="eu" WC="1.00" CC="00"/>
						<SP ID="P10_SP00164" HPOS="1959" VPOS="1858" WIDTH="34"/>
						<String ID="P10_ST00183" HPOS="1993" VPOS="1808" WIDTH="40" HEIGHT="40" CONTENT="la" WC="0.83" CC="30"/>
						<SP ID="P10_SP00165" HPOS="2033" VPOS="1858" WIDTH="27"/>
						<String ID="P10_ST00184" HPOS="2060" VPOS="1809" WIDTH="195" HEIGHT="41" CONTENT="moindre" WC="0.99" CC="0037020"/>
					</TextLine>
					<TextLine ID="P10_TL00020" HPOS="542" VPOS="1875" WIDTH="1710" HEIGHT="58">
						<String ID="P10_ST00185" HPOS="542" VPOS="1884" WIDTH="93" HEIGHT="46" CONTENT="part" WC="0.99" CC="0031"/>
						<SP ID="P10_SP00166" HPOS="635" VPOS="1930" WIDTH="19"/>
						<String ID="P10_ST00186" HPOS="654" VPOS="1881" WIDTH="24" HEIGHT="36" CONTENT="à" WC="0.76" CC="2"/>
						<SP ID="P10_SP00167" HPOS="678" VPOS="1930" WIDTH="21"/>
						<String ID="P10_ST00187" HPOS="699" VPOS="1885" WIDTH="105" HEIGHT="33" CONTENT="cette" WC="1.00" CC="20000"/>
						<SP ID="P10_SP00168" HPOS="804" VPOS="1930" WIDTH="22"/>
						<String ID="P10_ST00188" HPOS="826" VPOS="1875" WIDTH="287" HEIGHT="54" CONTENT="publication." WC="1.00" CC="000001003354"/>
						<SP ID="P10_SP00169" HPOS="1113" VPOS="1930" WIDTH="25"/>
						<String ID="P10_ST00189" HPOS="1138" VPOS="1876" WIDTH="132" HEIGHT="40" CONTENT="Notre" WC="1.00" CC="00000"/>
						<SP ID="P10_SP00170" HPOS="1270" VPOS="1930" WIDTH="19"/>
						<String ID="P10_ST00190" HPOS="1289" VPOS="1876" WIDTH="195" HEIGHT="54" CONTENT="opinion," WC="0.99" CC="00063044"/>
						<SP ID="P10_SP00171" HPOS="1484" VPOS="1930" WIDTH="23"/>
						<String ID="P10_ST00191" HPOS="1507" VPOS="1876" WIDTH="118" HEIGHT="40" CONTENT="basée" WC="0.99" CC="00050"/>
						<SP ID="P10_SP00172" HPOS="1625" VPOS="1930" WIDTH="33"/>
						<String ID="P10_ST00192" HPOS="1658" VPOS="1890" WIDTH="73" HEIGHT="27" CONTENT="sur" WC="0.98" CC="050"/>
						<SP ID="P10_SP00173" HPOS="1731" VPOS="1930" WIDTH="19"/>
						<String ID="P10_ST00193" HPOS="1750" VPOS="1878" WIDTH="71" HEIGHT="40" CONTENT="des" WC="1.00" CC="000"/>
						<SP ID="P10_SP00174" HPOS="1821" VPOS="1930" WIDTH="23"/>
						<String ID="P10_ST00194" HPOS="1844" VPOS="1892" WIDTH="178" HEIGHT="39" CONTENT="preuves" WC="0.99" CC="0005028"/>
						<SP ID="P10_SP00175" HPOS="2022" VPOS="1931" WIDTH="20"/>
						<String ID="P10_ST00195" HPOS="2042" VPOS="1894" WIDTH="114" HEIGHT="27" CONTENT="assez" WC="1.00" CC="00004"/>
						<SP ID="P10_SP00176" HPOS="2156" VPOS="1931" WIDTH="22"/>
						<String ID="P10_ST00196" HPOS="2178" VPOS="1895" WIDTH="50" HEIGHT="38" CONTENT="po" SUBS_TYPE="HypPart1" SUBS_CONTENT="positives," WC="0.97" CC="00"/>
						<HYP HPOS="2228" VPOS="1895" WIDTH="24" CONTENT="-"/>
					</TextLine>
					<TextLine ID="P10_TL00021" HPOS="541" VPOS="1947" WIDTH="1714" HEIGHT="54">
						<String ID="P10_ST00197" HPOS="541" VPOS="1949" WIDTH="157" HEIGHT="52" CONTENT="sitives," SUBS_TYPE="HypPart2" SUBS_CONTENT="positives," WC="1.00" CC="00010004"/>
						<SP ID="P10_SP00177" HPOS="698" VPOS="2001" WIDTH="22"/>
						<String ID="P10_ST00198" HPOS="720" VPOS="1956" WIDTH="63" HEIGHT="33" CONTENT="est" WC="0.96" CC="305"/>
						<SP ID="P10_SP00178" HPOS="783" VPOS="2001" WIDTH="28"/>
						<String ID="P10_ST00199" HPOS="811" VPOS="1961" WIDTH="83" HEIGHT="40" CONTENT="que" WC="1.00" CC="000"/>
						<SP ID="P10_SP00179" HPOS="894" VPOS="2001" WIDTH="34"/>
						<String ID="P10_ST00200" HPOS="928" VPOS="1947" WIDTH="51" HEIGHT="40" CONTENT="de" WC="1.00" CC="00"/>
						<SP ID="P10_SP00180" HPOS="979" VPOS="2001" WIDTH="28"/>
						<String ID="P10_ST00201" HPOS="1007" VPOS="1947" WIDTH="119" HEIGHT="40" CONTENT="Léris" WC="0.66" CC="06531"/>
						<SP ID="P10_SP00181" HPOS="1126" VPOS="2001" WIDTH="30"/>
						<String ID="P10_ST00202" HPOS="1156" VPOS="1947" WIDTH="103" HEIGHT="40" CONTENT="était" WC="0.98" CC="60600"/>
						<SP ID="P10_SP00182" HPOS="1259" VPOS="2001" WIDTH="31"/>
						<String ID="P10_ST00203" HPOS="1290" VPOS="1947" WIDTH="217" HEIGHT="53" CONTENT="l'éditeur," WC="0.99" CC="0440430404"/>
						<SP ID="P10_SP00183" HPOS="1507" VPOS="2001" WIDTH="29"/>
						<String ID="P10_ST00204" HPOS="1536" VPOS="1949" WIDTH="260" HEIGHT="41" CONTENT="c'est-à-dire" WC="1.00" CC="230004140100"/>
						<SP ID="P10_SP00184" HPOS="1796" VPOS="2001" WIDTH="27"/>
						<String ID="P10_ST00205" HPOS="1823" VPOS="1949" WIDTH="38" HEIGHT="41" CONTENT="le" WC="0.96" CC="00"/>
						<SP ID="P10_SP00185" HPOS="1861" VPOS="2001" WIDTH="28"/>
						<String ID="P10_ST00206" HPOS="1889" VPOS="1951" WIDTH="211" HEIGHT="41" CONTENT="directeur" WC="0.99" CC="020160500"/>
						<SP ID="P10_SP00186" HPOS="2100" VPOS="2001" WIDTH="23"/>
						<String ID="P10_ST00207" HPOS="2123" VPOS="1952" WIDTH="52" HEIGHT="40" CONTENT="de" WC="1.00" CC="00"/>
						<SP ID="P10_SP00187" HPOS="2175" VPOS="2001" WIDTH="36"/>
						<String ID="P10_ST00208" HPOS="2211" VPOS="1966" WIDTH="44" HEIGHT="26" CONTENT="ce" WC="0.74" CC="50"/>
					</TextLine>
					<TextLine ID="P10_TL00022" HPOS="539" VPOS="2019" WIDTH="1716" HEIGHT="58">
						<String ID="P10_ST00209" HPOS="539" VPOS="2020" WIDTH="183" HEIGHT="53" CONTENT="journal," WC="0.98" CC="80135063"/>
						<SP ID="P10_SP00188" HPOS="722" VPOS="2073" WIDTH="23"/>
						<String ID="P10_ST00210" HPOS="745" VPOS="2020" WIDTH="160" HEIGHT="53" CONTENT="auquel" WC="1.00" CC="000002"/>
						<SP ID="P10_SP00189" HPOS="905" VPOS="2073" WIDTH="26"/>
						<String ID="P10_ST00211" HPOS="931" VPOS="2019" WIDTH="179" HEIGHT="53" CONTENT="Laugier" WC="0.58" CC="0059706"/>
						<SP ID="P10_SP00190" HPOS="1110" VPOS="2073" WIDTH="21"/>
						<String ID="P10_ST00212" HPOS="1131" VPOS="2027" WIDTH="40" HEIGHT="33" CONTENT="et" WC="0.73" CC="05"/>
						<SP ID="P10_SP00191" HPOS="1171" VPOS="2073" WIDTH="20"/>
						<String ID="P10_ST00213" HPOS="1191" VPOS="2019" WIDTH="51" HEIGHT="40" CONTENT="de" WC="1.00" CC="00"/>
						<SP ID="P10_SP00192" HPOS="1242" VPOS="2073" WIDTH="22"/>
						<String ID="P10_ST00214" HPOS="1264" VPOS="2020" WIDTH="263" HEIGHT="40" CONTENT="Morambert" WC="0.83" CC="040000063"/>
						<SP ID="P10_SP00193" HPOS="1527" VPOS="2073" WIDTH="23"/>
						<String ID="P10_ST00215" HPOS="1550" VPOS="2020" WIDTH="316" HEIGHT="54" CONTENT="collaborèrent," WC="1.00" CC="43050000440304"/>
						<SP ID="P10_SP00194" HPOS="1866" VPOS="2074" WIDTH="33"/>
						<String ID="P10_ST00216" HPOS="1899" VPOS="2023" WIDTH="51" HEIGHT="40" CONTENT="de" WC="1.00" CC="00"/>
						<SP ID="P10_SP00195" HPOS="1950" VPOS="2074" WIDTH="32"/>
						<String ID="P10_ST00217" HPOS="1982" VPOS="2025" WIDTH="153" HEIGHT="52" CONTENT="même," WC="0.97" CC="06274"/>
						<SP ID="P10_SP00196" HPOS="2135" VPOS="2077" WIDTH="22"/>
						<String ID="P10_ST00218" HPOS="2157" VPOS="2038" WIDTH="98" HEIGHT="27" CONTENT="sans" WC="0.99" CC="0040"/>
					</TextLine>
					<TextLine ID="P10_TL00023" HPOS="539" VPOS="2091" WIDTH="715" HEIGHT="53">
						<String ID="P10_ST00219" HPOS="539" VPOS="2093" WIDTH="145" HEIGHT="51" CONTENT="doute," WC="0.99" CC="004204"/>
						<SP ID="P10_SP00197" HPOS="684" VPOS="2144" WIDTH="33"/>
						<String ID="P10_ST00220" HPOS="717" VPOS="2104" WIDTH="83" HEIGHT="40" CONTENT="que" WC="0.99" CC="003"/>
						<SP ID="P10_SP00198" HPOS="800" VPOS="2144" WIDTH="31"/>
						<String ID="P10_ST00221" HPOS="831" VPOS="2091" WIDTH="183" HEIGHT="40" CONTENT="d'autres" WC="0.99" CC="04030420"/>
						<SP ID="P10_SP00199" HPOS="1014" VPOS="2144" WIDTH="20"/>
						<String ID="P10_ST00222" HPOS="1034" VPOS="2091" WIDTH="220" HEIGHT="39" CONTENT="écrivains." WC="0.99" CC="4550001604"/>
					</TextLine>
					<TextLine ID="P10_TL00024" HPOS="592" VPOS="2161" WIDTH="1661" HEIGHT="58">
						<String ID="P10_ST00223" HPOS="592" VPOS="2163" WIDTH="80" HEIGHT="40" CONTENT="Ces" WC="0.98" CC="500"/>
						<SP ID="P10_SP00200" HPOS="672" VPOS="2203" WIDTH="32"/>
						<String ID="P10_ST00224" HPOS="704" VPOS="2162" WIDTH="113" HEIGHT="39" CONTENT="deux" WC="0.98" CC="0062"/>
						<SP ID="P10_SP00201" HPOS="817" VPOS="2203" WIDTH="34"/>
						<String ID="P10_ST00225" HPOS="851" VPOS="2161" WIDTH="229" HEIGHT="40" CONTENT="livraisons" WC="0.99" CC="1700020080"/>
						<SP ID="P10_SP00202" HPOS="1080" VPOS="2203" WIDTH="21"/>
						<String ID="P10_ST00226" HPOS="1101" VPOS="2161" WIDTH="155" HEIGHT="46" CONTENT="furent," WC="0.98" CC="0452276"/>
						<SP ID="P10_SP00203" HPOS="1256" VPOS="2207" WIDTH="25"/>
						<String ID="P10_ST00227" HPOS="1281" VPOS="2161" WIDTH="217" HEIGHT="49" CONTENT="toutefois," WC="0.99" CC="0460005404"/>
						<SP ID="P10_SP00204" HPOS="1498" VPOS="2210" WIDTH="38"/>
						<String ID="P10_ST00228" HPOS="1536" VPOS="2163" WIDTH="58" HEIGHT="40" CONTENT="les" WC="1.00" CC="000"/>
						<SP ID="P10_SP00205" HPOS="1594" VPOS="2210" WIDTH="22"/>
						<String ID="P10_ST00229" HPOS="1616" VPOS="2164" WIDTH="135" HEIGHT="40" CONTENT="seules" WC="0.99" CC="044000"/>
						<SP ID="P10_SP00206" HPOS="1751" VPOS="2210" WIDTH="32"/>
						<String ID="P10_ST00230" HPOS="1783" VPOS="2164" WIDTH="209" HEIGHT="55" CONTENT="publiées," WC="1.00" CC="000015004"/>
						<SP ID="P10_SP00207" HPOS="1992" VPOS="2219" WIDTH="23"/>
						<String ID="P10_ST00231" HPOS="2015" VPOS="2174" WIDTH="41" HEIGHT="32" CONTENT="et" WC="0.76" CC="04"/>
						<SP ID="P10_SP00208" HPOS="2056" VPOS="2219" WIDTH="23"/>
						<String ID="P10_ST00232" HPOS="2079" VPOS="2180" WIDTH="43" HEIGHT="26" CONTENT="ce" WC="1.00" CC="00"/>
						<SP ID="P10_SP00209" HPOS="2122" VPOS="2219" WIDTH="24"/>
						<String ID="P10_ST00233" HPOS="2146" VPOS="2169" WIDTH="107" HEIGHT="40" CONTENT="n'est" WC="0.99" CC="02034"/>
					</TextLine>
					<TextLine ID="P10_TL00025" HPOS="541" VPOS="2233" WIDTH="1714" HEIGHT="53">
						<String ID="P10_ST00234" HPOS="541" VPOS="2247" WIDTH="85" HEIGHT="39" CONTENT="que" WC="0.98" CC="040"/>
						<SP ID="P10_SP00210" HPOS="626" VPOS="2286" WIDTH="30"/>
						<String ID="P10_ST00235" HPOS="656" VPOS="2244" WIDTH="207" HEIGHT="42" CONTENT="quatorze" WC="0.99" CC="02070500"/>
						<SP ID="P10_SP00211" HPOS="863" VPOS="2286" WIDTH="33"/>
						<String ID="P10_ST00236" HPOS="896" VPOS="2246" WIDTH="77" HEIGHT="27" CONTENT="ans" WC="0.99" CC="300"/>
						<SP ID="P10_SP00212" HPOS="973" VPOS="2286" WIDTH="33"/>
						<String ID="P10_ST00237" HPOS="1006" VPOS="2233" WIDTH="97" HEIGHT="53" CONTENT="plus" WC="0.99" CC="0600"/>
						<SP ID="P10_SP00213" HPOS="1103" VPOS="2286" WIDTH="32"/>
						<String ID="P10_ST00238" HPOS="1135" VPOS="2234" WIDTH="90" HEIGHT="40" CONTENT="tard" WC="0.99" CC="0600"/>
						<SP ID="P10_SP00214" HPOS="1225" VPOS="2286" WIDTH="35"/>
						<String ID="P10_ST00239" HPOS="1260" VPOS="2234" WIDTH="105" HEIGHT="52" CONTENT="qu'il" WC="0.98" CC="05400"/>
						<SP ID="P10_SP00215" HPOS="1365" VPOS="2286" WIDTH="22"/>
						<String ID="P10_ST00240" HPOS="1387" VPOS="2234" WIDTH="65" HEIGHT="40" CONTENT="fut" WC="1.00" CC="010"/>
						<SP ID="P10_SP00216" HPOS="1452" VPOS="2286" WIDTH="38"/>
						<String ID="P10_ST00241" HPOS="1490" VPOS="2234" WIDTH="75" HEIGHT="40" CONTENT="fait" WC="0.99" CC="0050"/>
						<SP ID="P10_SP00217" HPOS="1565" VPOS="2286" WIDTH="21"/>
						<String ID="P10_ST00242" HPOS="1586" VPOS="2248" WIDTH="84" HEIGHT="27" CONTENT="une" WC="0.97" CC="070"/>
						<SP ID="P10_SP00218" HPOS="1670" VPOS="2286" WIDTH="33"/>
						<String ID="P10_ST00243" HPOS="1703" VPOS="2238" WIDTH="201" HEIGHT="39" CONTENT="nouvelle" WC="1.00" CC="00400040"/>
						<SP ID="P10_SP00219" HPOS="1904" VPOS="2286" WIDTH="32"/>
						<String ID="P10_ST00244" HPOS="1936" VPOS="2239" WIDTH="218" HEIGHT="41" CONTENT="tentative." WC="0.99" CC="2005600024"/>
						<SP ID="P10_SP00220" HPOS="2154" VPOS="2286" WIDTH="40"/>
						<String ID="P10_ST00245" HPOS="2194" VPOS="2242" WIDTH="61" HEIGHT="38" CONTENT="Le" WC="1.00" CC="00" STYLEREFS="TXT_2"/>
					</TextLine>
					<TextLine ID="P10_TL00026" HPOS="539" VPOS="2306" WIDTH="1714" HEIGHT="59">
						<String ID="P10_ST00246" HPOS="539" VPOS="2307" WIDTH="192" HEIGHT="40" CONTENT="Journal" WC="0.99" CC="0500070" STYLEREFS="TXT_2"/>
						<SP ID="P10_SP00221" HPOS="731" VPOS="2347" WIDTH="28"/>
						<String ID="P10_ST00247" HPOS="759" VPOS="2306" WIDTH="53" HEIGHT="40" CONTENT="de" WC="1.00" CC="00" STYLEREFS="TXT_2"/>
						<SP ID="P10_SP00222" HPOS="812" VPOS="2347" WIDTH="20"/>
						<String ID="P10_ST00248" HPOS="832" VPOS="2306" WIDTH="194" HEIGHT="54" CONTENT="musique" WC="0.99" CC="2030800" STYLEREFS="TXT_2"/>
						<SP ID="P10_SP00223" HPOS="1026" VPOS="2360" WIDTH="37"/>
						<String ID="P10_ST00249" HPOS="1063" VPOS="2306" WIDTH="254" HEIGHT="54" CONTENT="historique," WC="0.99" CC="00007004607" STYLEREFS="TXT_2"/>
						<SP ID="P10_SP00224" HPOS="1317" VPOS="2360" WIDTH="37"/>
						<String ID="P10_ST00250" HPOS="1354" VPOS="2306" WIDTH="222" HEIGHT="54" CONTENT="théorique" WC="1.00" CC="300800000" STYLEREFS="TXT_2"/>
						<SP ID="P10_SP00225" HPOS="1576" VPOS="2360" WIDTH="35"/>
						<String ID="P10_ST00251" HPOS="1611" VPOS="2315" WIDTH="41" HEIGHT="32" CONTENT="et" WC="1.00" CC="00" STYLEREFS="TXT_2"/>
						<SP ID="P10_SP00226" HPOS="1652" VPOS="2360" WIDTH="17"/>
						<String ID="P10_ST00252" HPOS="1669" VPOS="2309" WIDTH="222" HEIGHT="54" CONTENT="pratique," WC="0.99" CC="600000269" STYLEREFS="TXT_2"/>
						<SP ID="P10_SP00227" HPOS="1891" VPOS="2363" WIDTH="32"/>
						<String ID="P10_ST00253" HPOS="1923" VPOS="2318" WIDTH="99" HEIGHT="45" CONTENT="etc.," WC="0.98" CC="03124"/>
						<SP ID="P10_SP00228" HPOS="2022" VPOS="2363" WIDTH="33"/>
						<String ID="P10_ST00254" HPOS="2055" VPOS="2320" WIDTH="127" HEIGHT="45" CONTENT="parut" WC="0.98" CC="09004"/>
						<SP ID="P10_SP00229" HPOS="2182" VPOS="2365" WIDTH="20"/>
						<String ID="P10_ST00255" HPOS="2202" VPOS="2326" WIDTH="51" HEIGHT="26" CONTENT="en" WC="0.78" CC="04"/>
					</TextLine>
					<TextLine ID="P10_TL00027" HPOS="540" VPOS="2378" WIDTH="1335" HEIGHT="56">
						<String ID="P10_ST00256" HPOS="540" VPOS="2378" WIDTH="161" HEIGHT="53" CONTENT="janvier" WC="0.99" CC="3060202"/>
						<SP ID="P10_SP00230" HPOS="701" VPOS="2431" WIDTH="28"/>
						<String ID="P10_ST00257" HPOS="729" VPOS="2392" WIDTH="123" HEIGHT="39" CONTENT="1770," WC="0.57" CC="34443"/>
						<SP ID="P10_SP00231" HPOS="852" VPOS="2431" WIDTH="27"/>
						<String ID="P10_ST00258" HPOS="879" VPOS="2391" WIDTH="99" HEIGHT="27" CONTENT="sous" WC="0.99" CC="0500"/>
						<SP ID="P10_SP00232" HPOS="978" VPOS="2431" WIDTH="17"/>
						<String ID="P10_ST00259" HPOS="995" VPOS="2378" WIDTH="40" HEIGHT="39" CONTENT="la" WC="0.50" CC="09"/>
						<SP ID="P10_SP00233" HPOS="1035" VPOS="2431" WIDTH="23"/>
						<String ID="P10_ST00260" HPOS="1058" VPOS="2378" WIDTH="207" HEIGHT="41" CONTENT="direction" WC="0.99" CC="000064200"/>
						<SP ID="P10_SP00234" HPOS="1265" VPOS="2431" WIDTH="22"/>
						<String ID="P10_ST00261" HPOS="1287" VPOS="2378" WIDTH="58" HEIGHT="40" CONTENT="du" WC="1.00" CC="00"/>
						<SP ID="P10_SP00235" HPOS="1345" VPOS="2431" WIDTH="21"/>
						<String ID="P10_ST00262" HPOS="1366" VPOS="2379" WIDTH="115" HEIGHT="40" CONTENT="sieur" WC="0.98" CC="70045"/>
						<SP ID="P10_SP00236" HPOS="1481" VPOS="2431" WIDTH="20"/>
						<String ID="P10_ST00263" HPOS="1501" VPOS="2379" WIDTH="100" HEIGHT="40" CONTENT="A***" WC="0.98" CC="0313"/>
						<SP ID="P10_SP00237" HPOS="1601" VPOS="2431" WIDTH="20"/>
						<String ID="P10_ST00264" HPOS="1621" VPOS="2379" WIDTH="50" HEIGHT="40" CONTENT="de" WC="1.00" CC="00"/>
						<SP ID="P10_SP00238" HPOS="1671" VPOS="2431" WIDTH="22"/>
						<String ID="P10_ST00265" HPOS="1693" VPOS="2379" WIDTH="95" HEIGHT="40" CONTENT="B***" WC="0.68" CC="2341"/>
						<SP ID="P10_SP00239" HPOS="1788" VPOS="2431" WIDTH="24"/>
						<String ID="P10_ST00266" HPOS="1812" VPOS="2380" WIDTH="63" HEIGHT="54" CONTENT="(?)." WC="0.56" CC="7260"/>
					</TextLine>
					<TextLine ID="P10_TL00028" HPOS="598" VPOS="2448" WIDTH="1658" HEIGHT="54">
						<String ID="P10_ST00267" HPOS="598" VPOS="2450" WIDTH="60" HEIGHT="40" CONTENT="La" WC="1.00" CC="00"/>
						<SP ID="P10_SP00240" HPOS="658" VPOS="2490" WIDTH="24"/>
						<String ID="P10_ST00268" HPOS="682" VPOS="2448" WIDTH="195" HEIGHT="42" CONTENT="faiblesse" WC="1.00" CC="000030000"/>
						<SP ID="P10_SP00241" HPOS="877" VPOS="2490" WIDTH="19"/>
						<String ID="P10_ST00269" HPOS="896" VPOS="2450" WIDTH="50" HEIGHT="39" CONTENT="de" WC="0.96" CC="00"/>
						<SP ID="P10_SP00242" HPOS="946" VPOS="2490" WIDTH="21"/>
						<String ID="P10_ST00270" HPOS="967" VPOS="2450" WIDTH="219" HEIGHT="40" CONTENT="rédaction" WC="0.99" CC="260043646"/>
						<SP ID="P10_SP00243" HPOS="1186" VPOS="2490" WIDTH="23"/>
						<String ID="P10_ST00271" HPOS="1209" VPOS="2450" WIDTH="50" HEIGHT="39" CONTENT="de" WC="1.00" CC="00"/>
						<SP ID="P10_SP00244" HPOS="1259" VPOS="2490" WIDTH="22"/>
						<String ID="P10_ST00272" HPOS="1281" VPOS="2462" WIDTH="45" HEIGHT="27" CONTENT="ce" WC="0.95" CC="00"/>
						<SP ID="P10_SP00245" HPOS="1326" VPOS="2490" WIDTH="19"/>
						<String ID="P10_ST00273" HPOS="1345" VPOS="2449" WIDTH="184" HEIGHT="53" CONTENT="journal," WC="0.98" CC="62654004"/>
						<SP ID="P10_SP00246" HPOS="1529" VPOS="2502" WIDTH="21"/>
						<String ID="P10_ST00274" HPOS="1550" VPOS="2453" WIDTH="23" HEIGHT="36" CONTENT="à" WC="0.17" CC="8"/>
						<SP ID="P10_SP00247" HPOS="1573" VPOS="2502" WIDTH="22"/>
						<String ID="P10_ST00275" HPOS="1595" VPOS="2463" WIDTH="77" HEIGHT="27" CONTENT="son" WC="0.99" CC="003"/>
						<SP ID="P10_SP00248" HPOS="1672" VPOS="2502" WIDTH="23"/>
						<String ID="P10_ST00276" HPOS="1695" VPOS="2452" WIDTH="147" HEIGHT="49" CONTENT="début," WC="0.99" CC="050504"/>
						<SP ID="P10_SP00249" HPOS="1842" VPOS="2502" WIDTH="26"/>
						<String ID="P10_ST00277" HPOS="1868" VPOS="2453" WIDTH="135" HEIGHT="40" CONTENT="nuisit" WC="0.99" CC="024003"/>
						<SP ID="P10_SP00250" HPOS="2003" VPOS="2502" WIDTH="17"/>
						<String ID="P10_ST00278" HPOS="2020" VPOS="2457" WIDTH="24" HEIGHT="36" CONTENT="à" WC="0.89" CC="1"/>
						<SP ID="P10_SP00251" HPOS="2044" VPOS="2502" WIDTH="21"/>
						<String ID="P10_ST00279" HPOS="2065" VPOS="2468" WIDTH="77" HEIGHT="27" CONTENT="son" WC="0.98" CC="050"/>
						<SP ID="P10_SP00252" HPOS="2142" VPOS="2502" WIDTH="20"/>
						<String ID="P10_ST00280" HPOS="2162" VPOS="2469" WIDTH="71" HEIGHT="26" CONTENT="suc" SUBS_TYPE="HypPart1" SUBS_CONTENT="succès" WC="0.98" CC="002"/>
						<HYP HPOS="2233" VPOS="2469" WIDTH="23" CONTENT="-"/>
					</TextLine>
					<TextLine ID="P10_TL00029" HPOS="540" VPOS="2522" WIDTH="1717" HEIGHT="57">
						<String ID="P10_ST00281" HPOS="540" VPOS="2525" WIDTH="66" HEIGHT="38" CONTENT="cès" SUBS_TYPE="HypPart2" SUBS_CONTENT="succès" WC="0.97" CC="600"/>
						<SP ID="P10_SP00253" HPOS="606" VPOS="2563" WIDTH="36"/>
						<String ID="P10_ST00282" HPOS="642" VPOS="2530" WIDTH="96" HEIGHT="32" CONTENT="tout" WC="0.99" CC="0005"/>
						<SP ID="P10_SP00254" HPOS="738" VPOS="2563" WIDTH="32"/>
						<String ID="P10_ST00283" HPOS="770" VPOS="2530" WIDTH="156" HEIGHT="32" CONTENT="autant" WC="0.99" CC="010034"/>
						<SP ID="P10_SP00255" HPOS="926" VPOS="2563" WIDTH="20"/>
						<String ID="P10_ST00284" HPOS="946" VPOS="2535" WIDTH="85" HEIGHT="40" CONTENT="que" WC="0.98" CC="060"/>
						<SP ID="P10_SP00256" HPOS="1031" VPOS="2575" WIDTH="19"/>
						<String ID="P10_ST00285" HPOS="1050" VPOS="2522" WIDTH="37" HEIGHT="41" CONTENT="le" WC="0.85" CC="20"/>
						<SP ID="P10_SP00257" HPOS="1087" VPOS="2575" WIDTH="23"/>
						<String ID="P10_ST00286" HPOS="1110" VPOS="2535" WIDTH="188" HEIGHT="40" CONTENT="manque" WC="0.99" CC="001050"/>
						<SP ID="P10_SP00258" HPOS="1298" VPOS="2575" WIDTH="30"/>
						<String ID="P10_ST00287" HPOS="1328" VPOS="2522" WIDTH="286" HEIGHT="41" CONTENT="d'exactitude" WC="0.99" CC="045002602300"/>
						<SP ID="P10_SP00259" HPOS="1614" VPOS="2575" WIDTH="35"/>
						<String ID="P10_ST00288" HPOS="1649" VPOS="2537" WIDTH="82" HEIGHT="27" CONTENT="aux" WC="0.96" CC="009"/>
						<SP ID="P10_SP00260" HPOS="1731" VPOS="2575" WIDTH="32"/>
						<String ID="P10_ST00289" HPOS="1763" VPOS="2525" WIDTH="187" HEIGHT="54" CONTENT="époques" WC="0.99" CC="7000500"/>
						<SP ID="P10_SP00261" HPOS="1950" VPOS="2579" WIDTH="23"/>
						<String ID="P10_ST00290" HPOS="1973" VPOS="2531" WIDTH="57" HEIGHT="36" CONTENT="où" WC="0.63" CC="07"/>
						<SP ID="P10_SP00262" HPOS="2030" VPOS="2579" WIDTH="23"/>
						<String ID="P10_ST00291" HPOS="2053" VPOS="2527" WIDTH="31" HEIGHT="40" CONTENT="il" WC="0.86" CC="02"/>
						<SP ID="P10_SP00263" HPOS="2084" VPOS="2579" WIDTH="33"/>
						<String ID="P10_ST00292" HPOS="2117" VPOS="2528" WIDTH="140" HEIGHT="40" CONTENT="devait" WC="0.99" CC="000009"/>
					</TextLine>
					<TextLine ID="P10_TL00030" HPOS="541" VPOS="2594" WIDTH="1714" HEIGHT="55">
						<String ID="P10_ST00293" HPOS="541" VPOS="2597" WIDTH="197" HEIGHT="50" CONTENT="paraître." WC="0.99" CC="093050360"/>
						<SP ID="P10_SP00264" HPOS="738" VPOS="2647" WIDTH="27"/>
						<String ID="P10_ST00294" HPOS="765" VPOS="2594" WIDTH="72" HEIGHT="40" CONTENT="On" WC="1.00" CC="00"/>
						<SP ID="P10_SP00265" HPOS="837" VPOS="2647" WIDTH="21"/>
						<String ID="P10_ST00295" HPOS="858" VPOS="2595" WIDTH="144" HEIGHT="39" CONTENT="devait" WC="0.99" CC="000910"/>
						<SP ID="P10_SP00266" HPOS="1002" VPOS="2647" WIDTH="18"/>
						<String ID="P10_ST00296" HPOS="1020" VPOS="2596" WIDTH="140" HEIGHT="38" CONTENT="même" WC="0.98" CC="0700"/>
						<SP ID="P10_SP00267" HPOS="1160" VPOS="2647" WIDTH="21"/>
						<String ID="P10_ST00297" HPOS="1181" VPOS="2608" WIDTH="52" HEIGHT="27" CONTENT="en" WC="0.84" CC="03"/>
						<SP ID="P10_SP00268" HPOS="1233" VPOS="2647" WIDTH="21"/>
						<String ID="P10_ST00298" HPOS="1254" VPOS="2608" WIDTH="132" HEIGHT="27" CONTENT="cesser" WC="1.00" CC="000000"/>
						<SP ID="P10_SP00269" HPOS="1386" VPOS="2647" WIDTH="17"/>
						<String ID="P10_ST00299" HPOS="1403" VPOS="2596" WIDTH="40" HEIGHT="39" CONTENT="la" WC="1.00" CC="00"/>
						<SP ID="P10_SP00270" HPOS="1443" VPOS="2647" WIDTH="22"/>
						<String ID="P10_ST00300" HPOS="1465" VPOS="2596" WIDTH="268" HEIGHT="52" CONTENT="publication" WC="0.99" CC="05003150600"/>
						<SP ID="P10_SP00271" HPOS="1733" VPOS="2648" WIDTH="31"/>
						<String ID="P10_ST00301" HPOS="1764" VPOS="2601" WIDTH="120" HEIGHT="48" CONTENT="après" WC="0.98" CC="90050"/>
						<SP ID="P10_SP00272" HPOS="1884" VPOS="2649" WIDTH="21"/>
						<String ID="P10_ST00302" HPOS="1905" VPOS="2599" WIDTH="37" HEIGHT="39" CONTENT="le" WC="1.00" CC="00"/>
						<SP ID="P10_SP00273" HPOS="1942" VPOS="2649" WIDTH="20"/>
						<String ID="P10_ST00303" HPOS="1962" VPOS="2601" WIDTH="182" HEIGHT="39" CONTENT="numéro" WC="0.99" CC="050501"/>
						<SP ID="P10_SP00274" HPOS="2144" VPOS="2649" WIDTH="20"/>
						<String ID="P10_ST00304" HPOS="2164" VPOS="2600" WIDTH="69" HEIGHT="40" CONTENT="d'a" SUBS_TYPE="HypPart1" SUBS_CONTENT="d'avril," WC="0.97" CC="540"/>
						<HYP HPOS="2233" VPOS="2600" WIDTH="22" CONTENT="-"/>
					</TextLine>
					<TextLine ID="P10_TL00031" HPOS="540" VPOS="2666" WIDTH="1715" HEIGHT="54">
						<String ID="P10_ST00305" HPOS="540" VPOS="2666" WIDTH="97" HEIGHT="48" CONTENT="vril," SUBS_TYPE="HypPart2" SUBS_CONTENT="d'avril," WC="0.98" CC="03251"/>
						<SP ID="P10_SP00275" HPOS="637" VPOS="2714" WIDTH="24"/>
						<String ID="P10_ST00306" HPOS="661" VPOS="2666" WIDTH="195" HEIGHT="52" CONTENT="lorsqu'il" WC="1.00" CC="000003222"/>
						<SP ID="P10_SP00276" HPOS="856" VPOS="2718" WIDTH="22"/>
						<String ID="P10_ST00307" HPOS="878" VPOS="2680" WIDTH="121" HEIGHT="39" CONTENT="passa" WC="1.00" CC="00000"/>
						<SP ID="P10_SP00277" HPOS="999" VPOS="2719" WIDTH="38"/>
						<String ID="P10_ST00308" HPOS="1037" VPOS="2680" WIDTH="84" HEIGHT="26" CONTENT="aux" WC="0.95" CC="660"/>
						<SP ID="P10_SP00278" HPOS="1121" VPOS="2719" WIDTH="22"/>
						<String ID="P10_ST00309" HPOS="1143" VPOS="2667" WIDTH="139" HEIGHT="39" CONTENT="mains" WC="1.00" CC="00200"/>
						<SP ID="P10_SP00279" HPOS="1282" VPOS="2719" WIDTH="19"/>
						<String ID="P10_ST00310" HPOS="1301" VPOS="2667" WIDTH="51" HEIGHT="39" CONTENT="de" WC="0.72" CC="05"/>
						<SP ID="P10_SP00280" HPOS="1352" VPOS="2719" WIDTH="28"/>
						<String ID="P10_ST00311" HPOS="1380" VPOS="2667" WIDTH="217" HEIGHT="51" CONTENT="Framery." WC="0.86" CC="06000004"/>
						<SP ID="P10_SP00281" HPOS="1597" VPOS="2719" WIDTH="28"/>
						<String ID="P10_ST00312" HPOS="1625" VPOS="2667" WIDTH="66" HEIGHT="39" CONTENT="En" WC="1.00" CC="00"/>
						<SP ID="P10_SP00282" HPOS="1691" VPOS="2719" WIDTH="22"/>
						<String ID="P10_ST00313" HPOS="1713" VPOS="2676" WIDTH="178" HEIGHT="44" CONTENT="prenant" WC="1.00" CC="0005020"/>
						<SP ID="P10_SP00283" HPOS="1891" VPOS="2720" WIDTH="17"/>
						<String ID="P10_ST00314" HPOS="1908" VPOS="2670" WIDTH="39" HEIGHT="39" CONTENT="la" WC="0.87" CC="20"/>
						<SP ID="P10_SP00284" HPOS="1947" VPOS="2720" WIDTH="21"/>
						<String ID="P10_ST00315" HPOS="1968" VPOS="2669" WIDTH="208" HEIGHT="42" CONTENT="direction" WC="0.99" CC="005040250"/>
						<SP ID="P10_SP00285" HPOS="2176" VPOS="2720" WIDTH="21"/>
						<String ID="P10_ST00316" HPOS="2197" VPOS="2673" WIDTH="58" HEIGHT="39" CONTENT="du" WC="1.00" CC="00"/>
					</TextLine>
					<TextLine ID="P10_TL00032" HPOS="540" VPOS="2737" WIDTH="1717" HEIGHT="59">
						<String ID="P10_ST00317" HPOS="540" VPOS="2737" WIDTH="194" HEIGHT="40" CONTENT="Journal" WC="1.00" CC="0000300" STYLEREFS="TXT_2"/>
						<SP ID="P10_SP00286" HPOS="734" VPOS="2777" WIDTH="21"/>
						<String ID="P10_ST00318" HPOS="755" VPOS="2737" WIDTH="53" HEIGHT="40" CONTENT="de" WC="0.51" CC="09" STYLEREFS="TXT_2"/>
						<SP ID="P10_SP00287" HPOS="808" VPOS="2777" WIDTH="25"/>
						<String ID="P10_ST00319" HPOS="833" VPOS="2738" WIDTH="193" HEIGHT="53" CONTENT="musique" WC="1.00" CC="0000005" STYLEREFS="TXT_2"/>
						<String ID="P10_ST00320" HPOS="1032" VPOS="2768" WIDTH="9" HEIGHT="21" CONTENT="," WC="0.55" CC="4"/>
						<SP ID="P10_SP00288" HPOS="1041" VPOS="2791" WIDTH="27"/>
						<String ID="P10_ST00321" HPOS="1068" VPOS="2737" WIDTH="205" HEIGHT="53" CONTENT="Framery" WC="0.98" CC="0100000"/>
						<SP ID="P10_SP00289" HPOS="1273" VPOS="2791" WIDTH="21"/>
						<String ID="P10_ST00322" HPOS="1294" VPOS="2737" WIDTH="38" HEIGHT="40" CONTENT="le" WC="0.84" CC="30"/>
						<SP ID="P10_SP00290" HPOS="1332" VPOS="2791" WIDTH="15"/>
						<String ID="P10_ST00323" HPOS="1347" VPOS="2737" WIDTH="121" HEIGHT="57" CONTENT="plaça" WC="0.99" CC="03060"/>
						<SP ID="P10_SP00291" HPOS="1468" VPOS="2794" WIDTH="15"/>
						<String ID="P10_ST00324" HPOS="1483" VPOS="2750" WIDTH="99" HEIGHT="27" CONTENT="sous" WC="1.00" CC="0000"/>
						<SP ID="P10_SP00292" HPOS="1582" VPOS="2794" WIDTH="17"/>
						<String ID="P10_ST00325" HPOS="1599" VPOS="2737" WIDTH="37" HEIGHT="40" CONTENT="le" WC="1.00" CC="00"/>
						<SP ID="P10_SP00293" HPOS="1636" VPOS="2794" WIDTH="24"/>
						<String ID="P10_ST00326" HPOS="1660" VPOS="2746" WIDTH="231" HEIGHT="46" CONTENT="patronage" WC="0.99" CC="000400090"/>
						<SP ID="P10_SP00294" HPOS="1891" VPOS="2794" WIDTH="19"/>
						<String ID="P10_ST00327" HPOS="1910" VPOS="2740" WIDTH="51" HEIGHT="40" CONTENT="de" WC="1.00" CC="00"/>
						<SP ID="P10_SP00295" HPOS="1961" VPOS="2794" WIDTH="19"/>
						<String ID="P10_ST00328" HPOS="1980" VPOS="2741" WIDTH="41" HEIGHT="40" CONTENT="la" WC="1.00" CC="00"/>
						<SP ID="P10_SP00296" HPOS="2021" VPOS="2794" WIDTH="16"/>
						<String ID="P10_ST00329" HPOS="2037" VPOS="2743" WIDTH="220" HEIGHT="53" CONTENT="dauphine" WC="0.80" CC="00500280"/>
					</TextLine>
					<TextLine ID="P10_TL00033" HPOS="543" VPOS="2808" WIDTH="1713" HEIGHT="54">
						<String ID="P10_ST00330" HPOS="543" VPOS="2808" WIDTH="426" HEIGHT="53" CONTENT="Marie-Antoinette," WC="1.00" CC="00001800000042004"/>
						<SP ID="P10_SP00297" HPOS="969" VPOS="2861" WIDTH="23"/>
						<String ID="P10_ST00331" HPOS="992" VPOS="2817" WIDTH="41" HEIGHT="31" CONTENT="et" WC="1.00" CC="00"/>
						<SP ID="P10_SP00298" HPOS="1033" VPOS="2861" WIDTH="20"/>
						<String ID="P10_ST00332" HPOS="1053" VPOS="2808" WIDTH="47" HEIGHT="41" CONTENT="fit" WC="0.94" CC="364"/>
						<SP ID="P10_SP00299" HPOS="1100" VPOS="2861" WIDTH="38"/>
						<String ID="P10_ST00333" HPOS="1138" VPOS="2808" WIDTH="39" HEIGHT="40" CONTENT="la" WC="1.00" CC="00"/>
						<SP ID="P10_SP00300" HPOS="1177" VPOS="2861" WIDTH="21"/>
						<String ID="P10_ST00334" HPOS="1198" VPOS="2821" WIDTH="211" HEIGHT="41" CONTENT="promesse" WC="1.00" CC="08000000"/>
						<SP ID="P10_SP00301" HPOS="1409" VPOS="2862" WIDTH="21"/>
						<String ID="P10_ST00335" HPOS="1430" VPOS="2812" WIDTH="24" HEIGHT="36" CONTENT="à" WC="0.84" CC="1"/>
						<SP ID="P10_SP00302" HPOS="1454" VPOS="2862" WIDTH="31"/>
						<String ID="P10_ST00336" HPOS="1485" VPOS="2821" WIDTH="62" HEIGHT="27" CONTENT="ses" WC="0.98" CC="060"/>
						<SP ID="P10_SP00303" HPOS="1547" VPOS="2862" WIDTH="20"/>
						<String ID="P10_ST00337" HPOS="1567" VPOS="2810" WIDTH="189" HEIGHT="40" CONTENT="abonnés" WC="0.99" CC="0007670"/>
						<SP ID="P10_SP00304" HPOS="1756" VPOS="2862" WIDTH="38"/>
						<String ID="P10_ST00338" HPOS="1794" VPOS="2811" WIDTH="240" HEIGHT="43" CONTENT="d'accorder" WC="0.99" CC="0304400005"/>
						<SP ID="P10_SP00305" HPOS="2034" VPOS="2862" WIDTH="36"/>
						<String ID="P10_ST00339" HPOS="2070" VPOS="2822" WIDTH="97" HEIGHT="33" CONTENT="tous" WC="0.99" CC="2020"/>
						<SP ID="P10_SP00306" HPOS="2167" VPOS="2862" WIDTH="27"/>
						<String ID="P10_ST00340" HPOS="2194" VPOS="2829" WIDTH="62" HEIGHT="26" CONTENT="ses" WC="1.00" CC="000"/>
					</TextLine>
					<TextLine ID="P10_TL00034" HPOS="542" VPOS="2880" WIDTH="916" HEIGHT="54">
						<String ID="P10_ST00341" HPOS="542" VPOS="2881" WIDTH="116" HEIGHT="40" CONTENT="soins" WC="0.98" CC="04333"/>
						<SP ID="P10_SP00307" HPOS="658" VPOS="2921" WIDTH="20"/>
						<String ID="P10_ST00342" HPOS="678" VPOS="2885" WIDTH="23" HEIGHT="35" CONTENT="à" WC="1.00" CC="0"/>
						<SP ID="P10_SP00308" HPOS="701" VPOS="2921" WIDTH="24"/>
						<String ID="P10_ST00343" HPOS="725" VPOS="2880" WIDTH="104" HEIGHT="41" CONTENT="faire" WC="1.00" CC="00300"/>
						<SP ID="P10_SP00309" HPOS="829" VPOS="2921" WIDTH="20"/>
						<String ID="P10_ST00344" HPOS="849" VPOS="2880" WIDTH="144" HEIGHT="41" CONTENT="mieux" WC="1.00" CC="01000"/>
						<SP ID="P10_SP00310" HPOS="993" VPOS="2921" WIDTH="23"/>
						<String ID="P10_ST00345" HPOS="1016" VPOS="2894" WIDTH="83" HEIGHT="40" CONTENT="que" WC="0.95" CC="047"/>
						<SP ID="P10_SP00311" HPOS="1099" VPOS="2934" WIDTH="20"/>
						<String ID="P10_ST00346" HPOS="1119" VPOS="2894" WIDTH="62" HEIGHT="26" CONTENT="ses" WC="1.00" CC="000"/>
						<SP ID="P10_SP00312" HPOS="1181" VPOS="2934" WIDTH="19"/>
						<String ID="P10_ST00347" HPOS="1200" VPOS="2880" WIDTH="258" HEIGHT="43" CONTENT="devanciers." WC="1.00" CC="00000010344"/>
					</TextLine>
					<TextLine ID="P10_TL00035" HPOS="597" VPOS="2952" WIDTH="1659" HEIGHT="59">
						<String ID="P10_ST00348" HPOS="597" VPOS="2953" WIDTH="107" HEIGHT="41" CONTENT="Sous" WC="0.99" CC="0400"/>
						<SP ID="P10_SP00313" HPOS="704" VPOS="2994" WIDTH="20"/>
						<String ID="P10_ST00349" HPOS="724" VPOS="2952" WIDTH="268" HEIGHT="55" CONTENT="l'impulsion" WC="1.00" CC="04000540000"/>
						<SP ID="P10_SP00314" HPOS="992" VPOS="3007" WIDTH="29"/>
						<String ID="P10_ST00350" HPOS="1021" VPOS="2953" WIDTH="50" HEIGHT="39" CONTENT="de" WC="1.00" CC="00"/>
						<SP ID="P10_SP00315" HPOS="1071" VPOS="3007" WIDTH="36"/>
						<String ID="P10_ST00351" HPOS="1107" VPOS="2965" WIDTH="77" HEIGHT="27" CONTENT="son" WC="0.99" CC="020"/>
						<SP ID="P10_SP00316" HPOS="1184" VPOS="3007" WIDTH="35"/>
						<String ID="P10_ST00352" HPOS="1219" VPOS="2965" WIDTH="219" HEIGHT="28" CONTENT="nouveau*" WC="0.98" CC="50308047"/>
						<SP ID="P10_SP00317" HPOS="1438" VPOS="3007" WIDTH="16"/>
						<String ID="P10_ST00353" HPOS="1454" VPOS="2954" WIDTH="235" HEIGHT="52" CONTENT="rédacteur," WC="0.99" CC="0600420024"/>
						<SP ID="P10_SP00318" HPOS="1689" VPOS="3007" WIDTH="38"/>
						<String ID="P10_ST00354" HPOS="1727" VPOS="2955" WIDTH="37" HEIGHT="40" CONTENT="le" WC="0.94" CC="01"/>
						<SP ID="P10_SP00319" HPOS="1764" VPOS="3007" WIDTH="19"/>
						<String ID="P10_ST00355" HPOS="1783" VPOS="2954" WIDTH="174" HEIGHT="54" CONTENT="journal" WC="0.99" CC="8362000"/>
						<SP ID="P10_SP00320" HPOS="1957" VPOS="3008" WIDTH="16"/>
						<String ID="P10_ST00356" HPOS="1973" VPOS="2958" WIDTH="80" HEIGHT="53" CONTENT="fut," WC="0.98" CC="0304"/>
						<SP ID="P10_SP00321" HPOS="2053" VPOS="3011" WIDTH="22"/>
						<String ID="P10_ST00357" HPOS="2075" VPOS="2972" WIDTH="49" HEIGHT="26" CONTENT="en" WC="0.51" CC="35"/>
						<SP ID="P10_SP00322" HPOS="2124" VPOS="3011" WIDTH="21"/>
						<String ID="P10_ST00358" HPOS="2145" VPOS="2960" WIDTH="111" HEIGHT="51" CONTENT="effet," WC="0.98" CC="078014"/>
					</TextLine>
					<TextLine ID="P10_TL00036" HPOS="543" VPOS="3024" WIDTH="1710" HEIGHT="59">
						<String ID="P10_ST00359" HPOS="543" VPOS="3026" WIDTH="147" HEIGHT="40" CONTENT="mieux" WC="0.98" CC="05006"/>
						<SP ID="P10_SP00323" HPOS="690" VPOS="3066" WIDTH="15"/>
						<String ID="P10_ST00360" HPOS="705" VPOS="3024" WIDTH="160" HEIGHT="54" CONTENT="rédigé," WC="0.99" CC="4502014"/>
						<SP ID="P10_SP00324" HPOS="865" VPOS="3078" WIDTH="15"/>
						<String ID="P10_ST00361" HPOS="880" VPOS="3032" WIDTH="40" HEIGHT="33" CONTENT="et" WC="0.76" CC="22"/>
						<SP ID="P10_SP00325" HPOS="920" VPOS="3078" WIDTH="20"/>
						<String ID="P10_ST00362" HPOS="940" VPOS="3024" WIDTH="38" HEIGHT="40" CONTENT="le" WC="1.00" CC="00"/>
						<SP ID="P10_SP00326" HPOS="978" VPOS="3078" WIDTH="19"/>
						<String ID="P10_ST00363" HPOS="997" VPOS="3024" WIDTH="125" HEIGHT="40" CONTENT="choix" WC="0.99" CC="30020"/>
						<SP ID="P10_SP00327" HPOS="1122" VPOS="3078" WIDTH="19"/>
						<String ID="P10_ST00364" HPOS="1141" VPOS="3025" WIDTH="71" HEIGHT="39" CONTENT="des" WC="1.00" CC="000"/>
						<SP ID="P10_SP00328" HPOS="1212" VPOS="3078" WIDTH="20"/>
						<String ID="P10_ST00365" HPOS="1232" VPOS="3024" WIDTH="164" HEIGHT="41" CONTENT="articles" WC="1.00" CC="00005000"/>
						<SP ID="P10_SP00329" HPOS="1396" VPOS="3078" WIDTH="20"/>
						<String ID="P10_ST00366" HPOS="1416" VPOS="3026" WIDTH="77" HEIGHT="52" CONTENT="qui" WC="0.97" CC="053"/>
						<SP ID="P10_SP00330" HPOS="1493" VPOS="3078" WIDTH="22"/>
						<String ID="P10_ST00367" HPOS="1515" VPOS="3026" WIDTH="38" HEIGHT="40" CONTENT="le" WC="0.77" CC="40"/>
						<SP ID="P10_SP00331" HPOS="1553" VPOS="3078" WIDTH="22"/>
						<String ID="P10_ST00368" HPOS="1575" VPOS="3028" WIDTH="294" HEIGHT="52" CONTENT="composaient" WC="0.99" CC="01003090806"/>
						<SP ID="P10_SP00332" HPOS="1869" VPOS="3080" WIDTH="17"/>
						<String ID="P10_ST00369" HPOS="1886" VPOS="3029" WIDTH="116" HEIGHT="41" CONTENT="offrit" WC="0.97" CC="577643"/>
						<SP ID="P10_SP00333" HPOS="2002" VPOS="3080" WIDTH="20"/>
						<String ID="P10_ST00370" HPOS="2022" VPOS="3031" WIDTH="97" HEIGHT="52" CONTENT="plus" WC="0.97" CC="0470"/>
						<SP ID="P10_SP00334" HPOS="2119" VPOS="3083" WIDTH="21"/>
						<String ID="P10_ST00371" HPOS="2140" VPOS="3032" WIDTH="91" HEIGHT="41" CONTENT="d'in" SUBS_TYPE="HypPart1" SUBS_CONTENT="d'intérêt" WC="0.98" CC="0300"/>
						<HYP HPOS="2231" VPOS="3032" WIDTH="22" CONTENT="-"/>
					</TextLine>
					<TextLine ID="P10_TL00037" HPOS="548" VPOS="3096" WIDTH="1709" HEIGHT="60">
						<String ID="P10_ST00372" HPOS="548" VPOS="3098" WIDTH="105" HEIGHT="40" CONTENT="térêt" SUBS_TYPE="HypPart2" SUBS_CONTENT="d'intérêt" WC="0.97" CC="64580"/>
						<SP ID="P10_SP00335" HPOS="653" VPOS="3138" WIDTH="31"/>
						<String ID="P10_ST00373" HPOS="684" VPOS="3111" WIDTH="86" HEIGHT="40" CONTENT="que" WC="0.97" CC="009"/>
						<SP ID="P10_SP00336" HPOS="770" VPOS="3151" WIDTH="33"/>
						<String ID="P10_ST00374" HPOS="803" VPOS="3110" WIDTH="76" HEIGHT="41" CONTENT="par" WC="1.00" CC="000"/>
						<SP ID="P10_SP00337" HPOS="879" VPOS="3151" WIDTH="20"/>
						<String ID="P10_ST00375" HPOS="899" VPOS="3096" WIDTH="38" HEIGHT="41" CONTENT="le" WC="0.96" CC="00"/>
						<SP ID="P10_SP00338" HPOS="937" VPOS="3151" WIDTH="38"/>
						<String ID="P10_ST00376" HPOS="975" VPOS="3098" WIDTH="133" HEIGHT="53" CONTENT="passé." WC="0.99" CC="000054"/>
						<SP ID="P10_SP00339" HPOS="1108" VPOS="3151" WIDTH="37"/>
						<String ID="P10_ST00377" HPOS="1145" VPOS="3097" WIDTH="58" HEIGHT="40" CONTENT="La" WC="1.00" CC="00"/>
						<SP ID="P10_SP00340" HPOS="1203" VPOS="3151" WIDTH="30"/>
						<String ID="P10_ST00378" HPOS="1233" VPOS="3097" WIDTH="183" HEIGHT="54" CONTENT="critique" WC="0.99" CC="10505061"/>
						<SP ID="P10_SP00341" HPOS="1416" VPOS="3151" WIDTH="37"/>
						<String ID="P10_ST00379" HPOS="1453" VPOS="3097" WIDTH="72" HEIGHT="40" CONTENT="des" WC="1.00" CC="000"/>
						<SP ID="P10_SP00342" HPOS="1525" VPOS="3151" WIDTH="22"/>
						<String ID="P10_ST00380" HPOS="1547" VPOS="3098" WIDTH="180" HEIGHT="41" CONTENT="théâtres" WC="0.99" CC="00600600"/>
						<SP ID="P10_SP00343" HPOS="1727" VPOS="3151" WIDTH="27"/>
						<String ID="P10_ST00381" HPOS="1754" VPOS="3099" WIDTH="190" HEIGHT="55" CONTENT="lyriques" WC="0.99" CC="10500500"/>
						<SP ID="P10_SP00344" HPOS="1944" VPOS="3154" WIDTH="25"/>
						<String ID="P10_ST00382" HPOS="1969" VPOS="3116" WIDTH="28" HEIGHT="40" CONTENT="y" WC="0.37" CC="6"/>
						<SP ID="P10_SP00345" HPOS="1997" VPOS="3156" WIDTH="29"/>
						<String ID="P10_ST00383" HPOS="2026" VPOS="3111" WIDTH="62" HEIGHT="33" CONTENT="est" WC="0.99" CC="001"/>
						<SP ID="P10_SP00346" HPOS="2088" VPOS="3156" WIDTH="19"/>
						<String ID="P10_ST00384" HPOS="2107" VPOS="3104" WIDTH="150" HEIGHT="42" CONTENT="traitée" WC="0.98" CC="3404365"/>
					</TextLine>
					<TextLine ID="P10_TL00038" HPOS="547" VPOS="3168" WIDTH="1709" HEIGHT="60">
						<String ID="P10_ST00385" HPOS="547" VPOS="3182" WIDTH="168" HEIGHT="27" CONTENT="comme" WC="0.99" CC="51000"/>
						<SP ID="P10_SP00347" HPOS="715" VPOS="3209" WIDTH="22"/>
						<String ID="P10_ST00386" HPOS="737" VPOS="3170" WIDTH="31" HEIGHT="40" CONTENT="il" WC="0.86" CC="20"/>
						<SP ID="P10_SP00348" HPOS="768" VPOS="3210" WIDTH="22"/>
						<String ID="P10_ST00387" HPOS="790" VPOS="3168" WIDTH="101" HEIGHT="42" CONTENT="était" WC="0.99" CC="21020"/>
						<SP ID="P10_SP00349" HPOS="891" VPOS="3210" WIDTH="29"/>
						<String ID="P10_ST00388" HPOS="920" VPOS="3169" WIDTH="249" HEIGHT="40" CONTENT="d'habitude" WC="1.00" CC="0200010600"/>
						<SP ID="P10_SP00350" HPOS="1169" VPOS="3210" WIDTH="20"/>
						<String ID="P10_ST00389" HPOS="1189" VPOS="3169" WIDTH="50" HEIGHT="39" CONTENT="de" WC="1.00" CC="00"/>
						<SP ID="P10_SP00351" HPOS="1239" VPOS="3210" WIDTH="20"/>
						<String ID="P10_ST00390" HPOS="1259" VPOS="3168" WIDTH="38" HEIGHT="40" CONTENT="le" WC="1.00" CC="00"/>
						<SP ID="P10_SP00352" HPOS="1297" VPOS="3210" WIDTH="30"/>
						<String ID="P10_ST00391" HPOS="1327" VPOS="3168" WIDTH="103" HEIGHT="40" CONTENT="faire" WC="0.99" CC="00640"/>
						<SP ID="P10_SP00353" HPOS="1430" VPOS="3210" WIDTH="32"/>
						<String ID="P10_ST00392" HPOS="1462" VPOS="3174" WIDTH="22" HEIGHT="34" CONTENT="à" WC="1.00" CC="0"/>
						<SP ID="P10_SP00354" HPOS="1484" VPOS="3210" WIDTH="25"/>
						<String ID="P10_ST00393" HPOS="1509" VPOS="3176" WIDTH="106" HEIGHT="33" CONTENT="cette" WC="0.98" CC="40161"/>
						<SP ID="P10_SP00355" HPOS="1615" VPOS="3210" WIDTH="22"/>
						<String ID="P10_ST00394" HPOS="1637" VPOS="3171" WIDTH="183" HEIGHT="53" CONTENT="époque," WC="0.99" CC="5010004"/>
						<SP ID="P10_SP00356" HPOS="1820" VPOS="3224" WIDTH="21"/>
						<String ID="P10_ST00395" HPOS="1841" VPOS="3172" WIDTH="250" HEIGHT="42" CONTENT="c'est-à-dire" WC="0.99" CC="421002440560"/>
						<SP ID="P10_SP00357" HPOS="2091" VPOS="3224" WIDTH="32"/>
						<String ID="P10_ST00396" HPOS="2123" VPOS="3178" WIDTH="133" HEIGHT="50" CONTENT="qu'on" WC="0.99" CC="02005"/>
					</TextLine>
					<TextLine ID="P10_TL00039" HPOS="542" VPOS="3240" WIDTH="1715" HEIGHT="61">
						<String ID="P10_ST00397" HPOS="542" VPOS="3242" WIDTH="62" HEIGHT="52" CONTENT="s'y" WC="0.94" CC="149"/>
						<SP ID="P10_SP00358" HPOS="604" VPOS="3294" WIDTH="32"/>
						<String ID="P10_ST00398" HPOS="636" VPOS="3242" WIDTH="123" HEIGHT="40" CONTENT="étend" WC="0.99" CC="03060"/>
						<SP ID="P10_SP00359" HPOS="759" VPOS="3294" WIDTH="38"/>
						<String ID="P10_ST00399" HPOS="797" VPOS="3243" WIDTH="221" HEIGHT="52" CONTENT="beaucoup" WC="0.99" CC="00042460"/>
						<SP ID="P10_SP00360" HPOS="1018" VPOS="3295" WIDTH="22"/>
						<String ID="P10_ST00400" HPOS="1040" VPOS="3255" WIDTH="72" HEIGHT="27" CONTENT="sur" WC="0.98" CC="040"/>
						<SP ID="P10_SP00361" HPOS="1112" VPOS="3295" WIDTH="19"/>
						<String ID="P10_ST00401" HPOS="1131" VPOS="3242" WIDTH="38" HEIGHT="40" CONTENT="le" WC="0.89" CC="20"/>
						<SP ID="P10_SP00362" HPOS="1169" VPOS="3295" WIDTH="32"/>
						<String ID="P10_ST00402" HPOS="1201" VPOS="3245" WIDTH="147" HEIGHT="49" CONTENT="poëme" WC="0.86" CC="00600"/>
						<SP ID="P10_SP00363" HPOS="1348" VPOS="3295" WIDTH="20"/>
						<String ID="P10_ST00403" HPOS="1368" VPOS="3240" WIDTH="71" HEIGHT="40" CONTENT="des" WC="1.00" CC="000"/>
						<SP ID="P10_SP00364" HPOS="1439" VPOS="3295" WIDTH="39"/>
						<String ID="P10_ST00404" HPOS="1478" VPOS="3243" WIDTH="163" HEIGHT="52" CONTENT="opéras," WC="0.99" CC="4050004"/>
						<SP ID="P10_SP00365" HPOS="1641" VPOS="3295" WIDTH="23"/>
						<String ID="P10_ST00405" HPOS="1664" VPOS="3243" WIDTH="138" HEIGHT="40" CONTENT="tandis" WC="0.99" CC="007043"/>
						<SP ID="P10_SP00366" HPOS="1802" VPOS="3295" WIDTH="41"/>
						<String ID="P10_ST00406" HPOS="1843" VPOS="3247" WIDTH="134" HEIGHT="52" CONTENT="qu'on" WC="0.98" CC="04238"/>
						<SP ID="P10_SP00367" HPOS="1977" VPOS="3299" WIDTH="27"/>
						<String ID="P10_ST00407" HPOS="2004" VPOS="3260" WIDTH="53" HEIGHT="26" CONTENT="ne" WC="0.73" CC="50"/>
						<SP ID="P10_SP00368" HPOS="2057" VPOS="3299" WIDTH="19"/>
						<String ID="P10_ST00408" HPOS="2076" VPOS="3247" WIDTH="64" HEIGHT="40" CONTENT="dit" WC="0.98" CC="040"/>
						<SP ID="P10_SP00369" HPOS="2140" VPOS="3299" WIDTH="35"/>
						<String ID="P10_ST00409" HPOS="2175" VPOS="3260" WIDTH="82" HEIGHT="41" CONTENT="que" WC="1.00" CC="001"/>
					</TextLine>
					<TextLine ID="P10_TL00040" HPOS="541" VPOS="3313" WIDTH="1711" HEIGHT="59">
						<String ID="P10_ST00410" HPOS="541" VPOS="3313" WIDTH="209" HEIGHT="52" CONTENT="quelques" WC="1.00" CC="00030006"/>
						<SP ID="P10_SP00370" HPOS="750" VPOS="3365" WIDTH="21"/>
						<String ID="P10_ST00411" HPOS="771" VPOS="3322" WIDTH="113" HEIGHT="32" CONTENT="mots" WC="0.99" CC="0300"/>
						<SP ID="P10_SP00371" HPOS="884" VPOS="3365" WIDTH="14"/>
						<String ID="P10_ST00412" HPOS="898" VPOS="3315" WIDTH="50" HEIGHT="39" CONTENT="de" WC="1.00" CC="00"/>
						<SP ID="P10_SP00372" HPOS="948" VPOS="3365" WIDTH="18"/>
						<String ID="P10_ST00413" HPOS="966" VPOS="3315" WIDTH="39" HEIGHT="40" CONTENT="la" WC="1.00" CC="00"/>
						<SP ID="P10_SP00373" HPOS="1005" VPOS="3365" WIDTH="21"/>
						<String ID="P10_ST00414" HPOS="1026" VPOS="3313" WIDTH="217" HEIGHT="55" CONTENT="musique." WC="0.99" CC="46020704"/>
						<SP ID="P10_SP00374" HPOS="1243" VPOS="3368" WIDTH="22"/>
						<String ID="P10_ST00415" HPOS="1265" VPOS="3313" WIDTH="116" HEIGHT="40" CONTENT="Dans" WC="0.98" CC="4060"/>
						<SP ID="P10_SP00375" HPOS="1381" VPOS="3368" WIDTH="14"/>
						<String ID="P10_ST00416" HPOS="1395" VPOS="3313" WIDTH="58" HEIGHT="40" CONTENT="les" WC="0.99" CC="200"/>
						<SP ID="P10_SP00376" HPOS="1453" VPOS="3368" WIDTH="16"/>
						<String ID="P10_ST00417" HPOS="1469" VPOS="3313" WIDTH="188" HEIGHT="41" CONTENT="derniers" WC="0.99" CC="00025050"/>
						<SP ID="P10_SP00377" HPOS="1657" VPOS="3368" WIDTH="22"/>
						<String ID="P10_ST00418" HPOS="1679" VPOS="3317" WIDTH="219" HEIGHT="52" CONTENT="numéros," WC="0.99" CC="50040004"/>
						<SP ID="P10_SP00378" HPOS="1898" VPOS="3369" WIDTH="20"/>
						<String ID="P10_ST00419" HPOS="1918" VPOS="3316" WIDTH="204" HEIGHT="56" CONTENT="Framery" WC="0.76" CC="0400029"/>
						<SP ID="P10_SP00379" HPOS="2122" VPOS="3372" WIDTH="21"/>
						<String ID="P10_ST00420" HPOS="2143" VPOS="3318" WIDTH="82" HEIGHT="42" CONTENT="ima" SUBS_TYPE="HypPart1" SUBS_CONTENT="imagina" WC="0.97" CC="009"/>
						<HYP HPOS="2225" VPOS="3318" WIDTH="27" CONTENT="-"/>
					</TextLine>
					<TextLine ID="P10_TL00041" HPOS="539" VPOS="3384" WIDTH="1714" HEIGHT="61">
						<String ID="P10_ST00421" HPOS="539" VPOS="3384" WIDTH="101" HEIGHT="52" CONTENT="gina" SUBS_TYPE="HypPart2" SUBS_CONTENT="imagina" WC="0.97" CC="9200"/>
						<SP ID="P10_SP00380" HPOS="640" VPOS="3436" WIDTH="21"/>
						<String ID="P10_ST00422" HPOS="661" VPOS="3385" WIDTH="50" HEIGHT="40" CONTENT="de" WC="1.00" CC="00"/>
						<SP ID="P10_SP00381" HPOS="711" VPOS="3436" WIDTH="21"/>
						<String ID="P10_ST00423" HPOS="732" VPOS="3398" WIDTH="41" HEIGHT="26" CONTENT="se" WC="1.00" CC="00"/>
						<SP ID="P10_SP00382" HPOS="773" VPOS="3436" WIDTH="21"/>
						<String ID="P10_ST00424" HPOS="794" VPOS="3387" WIDTH="129" HEIGHT="39" CONTENT="servir" WC="0.99" CC="000052"/>
						<SP ID="P10_SP00383" HPOS="923" VPOS="3436" WIDTH="23"/>
						<String ID="P10_ST00425" HPOS="946" VPOS="3387" WIDTH="50" HEIGHT="39" CONTENT="de" WC="1.00" CC="00"/>
						<SP ID="P10_SP00384" HPOS="996" VPOS="3436" WIDTH="22"/>
						<String ID="P10_ST00426" HPOS="1018" VPOS="3387" WIDTH="39" HEIGHT="40" CONTENT="la" WC="0.91" CC="10"/>
						<SP ID="P10_SP00385" HPOS="1057" VPOS="3436" WIDTH="23"/>
						<String ID="P10_ST00427" HPOS="1080" VPOS="3386" WIDTH="196" HEIGHT="42" CONTENT="notation" WC="0.99" CC="06802307"/>
						<SP ID="P10_SP00386" HPOS="1276" VPOS="3436" WIDTH="31"/>
						<String ID="P10_ST00428" HPOS="1307" VPOS="3399" WIDTH="74" HEIGHT="40" CONTENT="par" WC="0.98" CC="004"/>
						<SP ID="P10_SP00387" HPOS="1381" VPOS="3439" WIDTH="26"/>
						<String ID="P10_ST00429" HPOS="1407" VPOS="3385" WIDTH="168" HEIGHT="41" CONTENT="chiffres" WC="0.99" CC="50076500"/>
						<SP ID="P10_SP00388" HPOS="1575" VPOS="3439" WIDTH="29"/>
						<String ID="P10_ST00430" HPOS="1604" VPOS="3400" WIDTH="109" HEIGHT="40" CONTENT="pour" WC="0.98" CC="0160"/>
						<SP ID="P10_SP00389" HPOS="1713" VPOS="3440" WIDTH="20"/>
						<String ID="P10_ST00431" HPOS="1733" VPOS="3396" WIDTH="150" HEIGHT="32" CONTENT="mettre" WC="1.00" CC="000400"/>
						<SP ID="P10_SP00390" HPOS="1883" VPOS="3440" WIDTH="30"/>
						<String ID="P10_ST00432" HPOS="1913" VPOS="3403" WIDTH="99" HEIGHT="26" CONTENT="sous" WC="1.00" CC="0000"/>
						<SP ID="P10_SP00391" HPOS="2012" VPOS="3440" WIDTH="31"/>
						<String ID="P10_ST00433" HPOS="2043" VPOS="3390" WIDTH="58" HEIGHT="40" CONTENT="les" WC="0.98" CC="230"/>
						<SP ID="P10_SP00392" HPOS="2101" VPOS="3440" WIDTH="39"/>
						<String ID="P10_ST00434" HPOS="2140" VPOS="3405" WIDTH="113" HEIGHT="40" CONTENT="yeux" WC="0.98" CC="0046"/>
					</TextLine>
					<TextLine ID="P10_TL00042" HPOS="540" VPOS="3457" WIDTH="1713" HEIGHT="59">
						<String ID="P10_ST00435" HPOS="540" VPOS="3457" WIDTH="50" HEIGHT="40" CONTENT="de" WC="0.61" CC="52"/>
						<SP ID="P10_SP00393" HPOS="590" VPOS="3497" WIDTH="24"/>
						<String ID="P10_ST00436" HPOS="614" VPOS="3471" WIDTH="62" HEIGHT="27" CONTENT="ses" WC="1.00" CC="000"/>
						<SP ID="P10_SP00394" HPOS="676" VPOS="3498" WIDTH="20"/>
						<String ID="P10_ST00437" HPOS="696" VPOS="3457" WIDTH="181" HEIGHT="42" CONTENT="lecteurs" WC="0.99" CC="00400060"/>
						<SP ID="P10_SP00395" HPOS="877" VPOS="3499" WIDTH="33"/>
						<String ID="P10_ST00438" HPOS="910" VPOS="3459" WIDTH="58" HEIGHT="40" CONTENT="les" WC="1.00" CC="000"/>
						<SP ID="P10_SP00396" HPOS="968" VPOS="3499" WIDTH="20"/>
						<String ID="P10_ST00439" HPOS="988" VPOS="3473" WIDTH="192" HEIGHT="40" CONTENT="passages" WC="0.98" CC="50306906"/>
						<SP ID="P10_SP00397" HPOS="1180" VPOS="3513" WIDTH="19"/>
						<String ID="P10_ST00440" HPOS="1199" VPOS="3461" WIDTH="68" HEIGHT="38" CONTENT="des" WC="0.97" CC="081"/>
						<SP ID="P10_SP00398" HPOS="1267" VPOS="3513" WIDTH="23"/>
						<String ID="P10_ST00441" HPOS="1290" VPOS="3461" WIDTH="147" HEIGHT="52" CONTENT="opéras" WC="1.00" CC="006000"/>
						<SP ID="P10_SP00399" HPOS="1437" VPOS="3513" WIDTH="19"/>
						<String ID="P10_ST00442" HPOS="1456" VPOS="3472" WIDTH="73" HEIGHT="27" CONTENT="sur" WC="0.97" CC="105"/>
						<SP ID="P10_SP00400" HPOS="1529" VPOS="3513" WIDTH="17"/>
						<String ID="P10_ST00443" HPOS="1546" VPOS="3459" WIDTH="182" HEIGHT="53" CONTENT="lesquels" WC="0.99" CC="30900031"/>
						<SP ID="P10_SP00401" HPOS="1728" VPOS="3513" WIDTH="21"/>
						<String ID="P10_ST00444" HPOS="1749" VPOS="3461" WIDTH="158" HEIGHT="52" CONTENT="portait" WC="0.98" CC="0394006"/>
						<SP ID="P10_SP00402" HPOS="1907" VPOS="3513" WIDTH="21"/>
						<String ID="P10_ST00445" HPOS="1928" VPOS="3475" WIDTH="43" HEIGHT="27" CONTENT="sa" WC="0.94" CC="10"/>
						<SP ID="P10_SP00403" HPOS="1971" VPOS="3513" WIDTH="23"/>
						<String ID="P10_ST00446" HPOS="1994" VPOS="3462" WIDTH="196" HEIGHT="54" CONTENT="critique." WC="0.99" CC="432040003"/>
						<SP ID="P10_SP00404" HPOS="2190" VPOS="3516" WIDTH="28"/>
						<String ID="P10_ST00447" HPOS="2218" VPOS="3464" WIDTH="35" HEIGHT="42" CONTENT="Il" WC="0.44" CC="55"/>
					</TextLine>
				</TextBlock>
			</PrintSpace>
		</Page>
	</Layout>
</alto>
