2710 4193
669 539 56 52 36

1114 550 75 40 Lk
1220 548 374 51 CHRONIQUE
1625 548 310 42 MUSICALE

1044 690 206 39 Fanchon
1275 689 116 40 Dans
1412 690 59 40 les
1493 691 156 41 Gardes
1672 692 221 53 françaises

1040 761 102 39 iS'en
1164 773 51 28 va
1235 762 214 40 réclamer
1469 776 76 27 son
1566 770 148 34 amant
1734 776 13 28 :

1041 830 83 42 Des
1145 832 153 52 fraises,
1323 834 69 40 des
1416 834 157 54 fraises,
1597 835 71 40 des
1689 835 155 53 fraises,

1039 903 85 41 Lui
1141 905 165 54 répond
1327 918 47 28 ce
1393 906 108 42 beau
1521 914 273 47 garnement.

1041 1119 157 50 Quand
1207 1121 51 54 je
1270 1134 221 41 parcours
1513 1135 70 28 ces
1592 1122 146 55 folles
1746 1133 163 42 pages,

1037 1193 55 40 Je
1108 1194 235 42 reconnais
1368 1201 95 34 tous
1482 1208 70 28 ces
1573 1196 162 50 lurons,

1037 1264 196 55 Bergers
1252 1267 213 50 sournois,
1493 1267 208 54 effrontés
1712 1279 160 41 pages,

1042 1338 244 42 Dénichant
1306 1339 158 41 merles
1480 1346 42 34 et
1543 1340 231 47 tendrons;

1032 1553 191 52 Satyres
1244 1554 288 54 transformés
1553 1566 50 28 en
1625 1554 170 50 drilles,

1031 1624 101 40 S'en
1154 1624 163 53 allant,
1339 1625 75 40 dès
1437 1627 40 38 le
1489 1626 128 52 point
1631 1626 59 39 du
1698 1625 131 54 jour,

1036 1695 201 52 Chasser,
1262 1697 199 40 derrière
1483 1698 63 40 les
1563 1697 269 53 charmilles,

1032 1767 144 41 Gibier
1195 1768 71 41 des
1285 1769 105 53 bois,
1412 1770 135 53 gibier
1566 1770 208 41 d'amour.

1029 1984 41 40 Il
1091 1985 130 40 cache
1242 1998 153 27 encore
1414 1998 50 28 sa
1472 1985 221 54 fauvette,

1033 2057 59 39 Le
1112 2070 93 40 gros
1229 2058 137 40 Lucas
1386 2072 96 26 sous
1505 2071 75 27 son
1600 2057 187 55 chapeau
1808 2072 7 37 ;

1029 2129 67 39 La
1115 2128 160 55 Harpe
1294 2131 65 39 dit
1381 2143 12 27 :
1416 2130 38 40 O
1475 2143 70 27 ma
1565 2138 183 33 musette
1762 2133 7 37 !

1026 2200 147 42 Barré
1191 2202 64 41 dit
1278 2215 11 28 :
1323 2203 105 41 Mon
1449 2204 94 53 père
1564 2202 101 41 était
1685 2211 73 44 pot
1774 2206 7 37 î

1020 2420 202 42 Aimable
1242 2423 196 53 musique
1458 2424 53 40 de
1519 2424 166 54 poche!

1019 2493 148 51 Alors,
1193 2506 51 27 en
1264 2506 70 29 ces
1353 2500 134 48 temps
1508 2495 197 54 ingénus,

1023 2563 69 40 Un
1112 2563 62 41 air
1195 2578 198 28 nouveau
1414 2565 52 41 de
1488 2566 62 40 M.
1574 2566 145 42 Doche

1013 2633 252 45 M'ouvrait
1282 2638 75 40 des
1378 2640 175 40 mondes
1571 2640 223 40 inconnus.

1014 2850 147 52 Aussi,
1186 2852 174 53 lorsque
1368 2852 38 54 f
1411 2854 179 39 entends
1609 2853 152 41 bruire

1015 2922 154 41 L'écho
1192 2923 187 40 lointain
1400 2925 103 40 d'un
1513 2924 241 55 flageolet,

1009 2994 52 40 Je
1081 3008 65 28 me
1166 2996 238 52 surprends
1430 2999 26 38 à
1488 2998 302 40 reconstruire

1017 3067 95 41 Une
1129 3070 164 52 époque
1317 3081 106 29 avec
1442 3083 58 26 un
1522 3071 190 52 couplet.

1000 3284 55 41 Je
1073 3297 106 29 vous
1199 3286 158 51 revois,
1376 3285 209 42 sensibles
1592 3286 205 55 femmes,

996 3358 118 41 Avec
1134 3371 77 28 vos
1228 3358 202 41 manches
1450 3360 27 38 à
1496 3359 142 54 gigot
1648 3373 17 37 ;

993 3431 63 40 Et
1077 3443 106 29 vous
1188 3464 10 19 ,
1223 3429 184 42 Enfants
1428 3428 133 43 chéris
1581 3432 72 39 des
1672 3430 163 52 dames,

992 3502 274 42 Roucoulant
1288 3504 109 40 dans
1418 3510 120 34 votre
1545 3502 145 53 jabot.
