2710 4193
1238 878 348 68 VARIA

765 1071 454 75 Correspondance.
1250 1071 30 75 ̶
1311 1071 152 75 Faits
1496 1080 173 46 divers.
1800 1071 284 60 ̶
2084 1071 1 75 Nouvelles.

1615 1506 109 39 Paris,
1750 1505 42 32 26
1812 1504 76 42 juin
1917 1502 97 44 1873.

842 1656 98 36 Mon
967 1652 94 38 cher
1085 1651 222 44 Directeur,

983 1785 21 23 E
1023 1771 81 38 vais
1124 1770 107 37 droit
1257 1782 49 23 au
1334 1768 84 37 fait.
1444 1768 59 36 Ne
1531 1764 172 39 serait-il
1731 1763 114 49 point
1874 1761 102 47 juste
1995 1766 37 30 et
2052 1758 222 37 honorable

983 1838 169 36 d'élever
1181 1847 80 25 une
1291 1842 128 29 statue
1441 1837 21 33 à
1499 1831 159 38 Rossini
1684 1831 97 34 dans
1803 1829 36 35 la
1866 1826 145 50 prairie
2038 1825 53 36 du
2117 1824 157 37 Grutli?

985 1906 74 35 Les
1080 1902 256 50 populations
1359 1899 241 38 allemandes
1618 1898 47 35 de
1684 1897 36 35 la
1739 1894 136 38 Suisse
1898 1905 40 25 se
1960 1899 93 29 sont
2085 1890 88 49 déjà
2204 1902 44 24 co-

983 1970 75 37 tisé
1078 1980 103 37 pour
1204 1966 124 38 écrire
1346 1967 37 36 le
1402 1977 96 25 nom
1519 1965 47 35 de
1593 1962 169 37 Schiller
1780 1960 98 36 dans
1900 1970 41 25 ce
1957 1958 82 36 lieu
2060 1958 121 38 sacré»
2198 1956 30 36 Il
2250 1969 22 35 y

983 2034 177 50 apparaît
1179 2045 49 24 en
1249 2034 137 35 lettres
1415 2032 86 35 d'or
1521 2042 51 25 au
1592 2028 103 37 flanc
1719 2026 159 37 sombre
1905 2026 95 34 d'un
2020 2022 156 38 rocher.

1031 2099 182 48 Schiller,
1246 2110 50 25 en
1317 2097 103 45 effet,
1445 2109 21 24 a
1488 2094 189 48 composé
1700 2105 67 24 sur
1788 2092 36 35 le
1846 2089 102 50 sujet
1981 2088 226 49 légendaire
2228 2089 46 34 de

983 2166 228 37 Guillaume
1230 2165 90 36 Tell
1338 2175 79 24 une
1438 2162 176 48 tragédie
1636 2158 255 48 romantique
1905 2168 78 36 que
1999 2154 36 49 je
2057 2166 62 25 me
2134 2154 140 48 garde-

554 2233 56 36 rai
631 2232 256 48 d'apprécier,
915 2239 218 42 supposant
1148 2232 151 46 d'après
1319 2229 55 37 les
1390 2227 258 38 intolérables
1670 2223 247 38 traductions
1931 2221 69 48 qui
2022 2232 49 25 en
2104 2220 173 37 existent

552 2298 146 49 qu'elle
729 2299 100 36 n'est
850 2299 130 36 lisible
999 2311 78 36 que
1106 2298 96 36 dans
1224 2297 36 36 le
1281 2303 106 29 texte
1409 2292 182 50 original.

601 2365 103 36 Mais
721 2365 161 37 Rossini
903 2365 154 37 n'a-t-il
1094 2377 82 36 pas,
1210 2362 58 38 lui
1306 2359 119 49 aussi,
1449 2359 157 49 glorifié
1640 2358 37 36 le
1699 2357 216 36 libérateur
1934 2355 48 37 de
2009 2355 38 36 la
2066 2355 148 45 Suisse,
2239 2353 35 36 le

551 2431 146 37 faisant
717 2431 106 48 dieu,
844 2433 47 35 de
911 2431 145 49 simple
1074 2432 118 47 géant
1230 2427 98 51 qu'il
1352 2426 111 48 était,
1487 2433 38 29 et
1543 2424 221 37 l'éclairant
1785 2423 47 36 de
1859 2422 137 35 lueurs
2020 2420 257 49 d'apothéose

551 2509 70 37 par
639 2498 36 36 le
697 2504 291 43 rayonnement
1009 2497 47 36 de
1077 2507 41 25 sa
1138 2494 186 48 musique
1345 2490 330 39 incandescente?
1695 2490 57 35 La
1769 2488 192 49 partition
1982 2488 48 36 de
2047 2486 230 37 Guillaume

558 2565 88 36 Tell
660 2565 97 36 n'est
776 2563 205 37 d'ailleurs
1018 2575 69 36 pas
1119 2562 224 36 seulement
1384 2560 35 36 la
1460 2556 235 50 biographie
1716 2556 95 35 d'un
1830 2555 118 36 héros
1973 2570 16 16 «
2013 2554 48 36 né
2082 2553 65 46 ici,
2171 2565 104 35 quia

550 2629 71 37 fait
642 2630 112 36 telles
769 2631 153 42 choses,
941 2637 38 29 et
997 2628 69 48 qui
1079 2636 59 28 est
1153 2634 107 29 mort
1289 2627 50 37 là,
1371 2636 48 25 en
1447 2624 155 35 Tannée
1623 2629 99 29 tant.
1748 2637 17 15 »
1792 2621 107 45 Non,
1932 2630 41 25 sa
2006 2617 270 49 signification

553 2704 58 29 est
626 2697 87 47 plus
729 2697 132 45 haute,
884 2704 38 28 et
942 2707 72 24 son
1036 2693 128 37 cercle
1181 2692 171 36 d'action
1373 2690 90 49 plus
1481 2697 121 30 vaste.
1623 2690 53 34 La
1694 2687 173 36 mélodie
1882 2698 25 36 y
1926 2684 156 49 déploie
2100 2695 80 25 une
2201 2683 75 36 aile

552 2763 99 35 dont
677 2763 248 47 l'envergure
947 2772 148 26 couvre
1134 2760 70 34 des
1233 2758 181 36 mondes.
1439 2756 132 35 Ecrite
1593 2755 97 34 dans
1709 2753 37 35 la
1767 2751 144 48 langue
1933 2749 242 37 universelle
2204 2749 70 36 des

553 2840 111 36 sons,
685 2829 75 37 elle
777 2841 20 24 a
826 2827 35 37 la
879 2826 204 37 sublimité
1101 2824 95 36 d'un
1218 2823 101 37 livre
1346 2822 115 44 saint,
1498 2821 118 36 d'une
1635 2827 105 29 sorte
1759 2819 47 35 de
1828 2817 106 37 bible
1951 2815 244 50 patriotique
2223 2819 52 33 où

554 2904 92 29 tous
673 2896 56 36 les
748 2894 165 50 peuples
933 2892 203 50 opprimés
1164 2897 174 42 peuvent
1367 2888 73 37 lire
1473 2887 195 36 l'histoire
1687 2885 48 36 de
1754 2886 107 35 leurs
1881 2883 206 38 douleurs.
2109 2882 168 48 Chaque

553 2974 97 38 page
686 2975 26 35 y
747 2960 72 38 fait
864 2959 99 38 écho
1001 2961 21 33 à
1054 2970 56 24 un
1149 2956 217 37 sentiment
1410 2955 213 48 généreux,
1673 2951 143 49 depuis
1856 2952 58 36 les
1933 2949 217 50 premières
2176 2949 101 37 dont

553 3029 256 47 s'échappent
824 3025 84 50 déjà
927 3026 54 36 les
993 3024 91 50 plus
1105 3023 92 36 fiers
1218 3022 76 37 cris
1313 3022 48 36 de
1381 3031 227 38 vengeance
1631 3026 139 29 contre
1790 3018 37 36 la
1849 3015 185 49 tyrannie
2054 3015 220 47 étrangère,

550 3095 156 49 jusqu'à
739 3094 119 38 celles
883 3094 49 35 de
958 3092 37 36 la
1013 3090 56 37 fin
1100 3089 69 50 qui
1192 3090 172 36 éclatent
1397 3099 49 25 en
1466 3086 261 38 victorieuses
1748 3083 183 39 fanfares.
1957 3082 64 36 On
2042 3095 25 35 y
2089 3088 188 30 retrouve

551 3174 93 26 avec
665 3163 35 35 la
722 3162 119 36 noble
862 3160 138 36 fureur
1020 3158 118 37 d'une
1173 3156 173 49 tempête
1379 3156 36 35 le
1451 3153 141 38 souffle
1619 3151 180 38 embrasé
1833 3149 70 49 qui
1933 3148 146 50 inspira
2099 3148 37 37 la
2164 3149 85 36 Mar-

551 3229 176 37 seillaise
742 3231 7 35 !

602 3297 52 35 Et
675 3302 203 30 comment
900 3294 332 38 n'aurions-nous
1248 3302 68 39 pas
1336 3290 47 36 de
1405 3288 329 37 reconnaissance
1751 3299 102 38 pour
1869 3285 36 37 le
1923 3284 163 38 chantre
2107 3283 47 36 de
2173 3290 102 29 cette

551 3360 150 49 grande
735 3361 148 48 épopée
909 3361 48 36 de
990 3360 38 36 la
1065 3358 226 38 délivrance
1327 3356 96 36 d'un
1445 3355 164 48 peuple,
1632 3366 104 25 nous
1762 3353 69 48 qui
1853 3363 123 26 avons
1996 3358 85 29 tant
2108 3349 167 36 souffert

554 3439 49 25 au
624 3438 95 24 nom
742 3426 48 35 de
812 3443 18 14 «
868 3426 170 36 l'amour
1060 3426 107 36 sacré
1187 3426 48 35 de
1256 3424 36 36 la
1318 3422 147 50 patrie!
1488 3438 17 14 »
1546 3421 161 36 L'ltalie
1731 3433 21 23 a
1792 3429 135 26 connu
1960 3416 107 36 aussi
2087 3416 55 36 les
2170 3416 104 36 dou~
