<?xml version="1.0" encoding="UTF-8"?>
<alto xmlns:xsi="http://www.w3.org/2001/XMLSchema-instance" xmlns="http://www.loc.gov/standards/alto/ns-v2#" xsi:schemaLocation="http://www.loc.gov/standards/alto/ns-v2# http://www.loc.gov/standards/alto/alto-v2.0.xsd" xmlns:xlink="http://www.w3.org/1999/xlink">
	<Description>
		<MeasurementUnit>mm10</MeasurementUnit>
		<sourceImageInformation>
			<fileName>//fileserver7/IN2/Princeton/Batch3/bmtnabc/1873/07/01_01/00000041.tif</fileName>
		</sourceImageInformation>
		<OCRProcessing ID="OCRPROCESSING_1">
			<preProcessingStep>
				<processingSoftware>
					<softwareCreator>CCS Content Conversion Specialists GmbH, Germany</softwareCreator>
					<softwareName>CCS docWORKS</softwareName>
					<softwareVersion>6.6-1.18</softwareVersion>
				</processingSoftware>
			</preProcessingStep>
			<ocrProcessingStep>
				<processingSoftware>
					<softwareCreator>ABBYY (BIT Software), Russia</softwareCreator>
					<softwareName>FineReader</softwareName>
					<softwareVersion>10.0</softwareVersion>
				</processingSoftware>
			</ocrProcessingStep>
		</OCRProcessing>
	</Description>
	<Styles>
		<TextStyle ID="TXT_0" FONTSIZE="34" FONTFAMILY="Times New Roman"/>
		<TextStyle ID="TXT_1" FONTSIZE="16" FONTFAMILY="Times New Roman"/>
		<TextStyle ID="TXT_2" FONTSIZE="16" FONTFAMILY="Times New Roman" FONTSTYLE="italics"/>
		<ParagraphStyle ID="PAR_RIGHT" ALIGN="Right"/>
		<ParagraphStyle ID="PAR_LEFT" ALIGN="Left"/>
	</Styles>
	<Layout>
		<Page ID="P31" PHYSICAL_IMG_NR="31" HEIGHT="4193" WIDTH="2710" PRINTED_IMG_NR="35" PC="0.889">
			<TopMargin ID="P31_TM00001" HPOS="0" VPOS="0" WIDTH="2710" HEIGHT="540">
				<TextBlock ID="P31_TB00001" HPOS="1947" VPOS="463" WIDTH="88" HEIGHT="73" STYLEREFS="TXT_0 PAR_RIGHT">
					<TextLine ID="P31_TL00001" HPOS="1947" VPOS="463" WIDTH="88" HEIGHT="73">
						<String ID="P31_ST00001" HPOS="1947" VPOS="463" WIDTH="88" HEIGHT="73" CONTENT="35" WC="1.00" CC="00"/>
					</TextLine>
				</TextBlock>
				<TextBlock ID="P31_TB00002" HPOS="820" VPOS="493" WIDTH="671" HEIGHT="45" STYLEREFS="TXT_1 PAR_LEFT">
					<TextLine ID="P31_TL00002" HPOS="820" VPOS="493" WIDTH="671" HEIGHT="45">
						<String ID="P31_ST00002" HPOS="820" VPOS="495" WIDTH="78" HEIGHT="40" CONTENT="LA" WC="0.71" CC="14"/>
						<SP ID="P31_SP00001" HPOS="898" VPOS="535" WIDTH="31"/>
						<String ID="P31_ST00003" HPOS="929" VPOS="493" WIDTH="158" HEIGHT="42" CONTENT="CLEF" WC="0.99" CC="1100"/>
						<SP ID="P31_SP00002" HPOS="1087" VPOS="535" WIDTH="33"/>
						<String ID="P31_ST00004" HPOS="1120" VPOS="495" WIDTH="86" HEIGHT="42" CONTENT="DU" WC="0.75" CC="40"/>
						<SP ID="P31_SP00003" HPOS="1206" VPOS="537" WIDTH="35"/>
						<String ID="P31_ST00005" HPOS="1241" VPOS="495" WIDTH="250" HEIGHT="43" CONTENT="CAVEAU" WC="0.99" CC="212000"/>
						<SP ID="P31_SP00004" HPOS="1491" VPOS="538" WIDTH="0"/>
					</TextLine>
				</TextBlock>
			</TopMargin>
			<LeftMargin ID="P31_LM00001" HPOS="0" VPOS="540" WIDTH="658" HEIGHT="3004"/>
			<RightMargin ID="P31_RM00001" HPOS="2035" VPOS="540" WIDTH="675" HEIGHT="3004"/>
			<BottomMargin ID="P31_BM00001" HPOS="0" VPOS="3544" WIDTH="2710" HEIGHT="649"/>
			<PrintSpace ID="P31_PS00001" HPOS="658" VPOS="540" WIDTH="1377" HEIGHT="3004">
				<TextBlock ID="P31_TB00003" HPOS="658" VPOS="643" WIDTH="936" HEIGHT="2901" STYLEREFS="TXT_2 PAR_LEFT">
					<TextLine ID="P31_TL00003" HPOS="670" VPOS="644" WIDTH="788" HEIGHT="54">
						<String ID="P31_ST00006" HPOS="670" VPOS="645" WIDTH="63" HEIGHT="40" CONTENT="Et" WC="1.00" CC="00"/>
						<SP ID="P31_SP00005" HPOS="733" VPOS="685" WIDTH="22"/>
						<String ID="P31_ST00007" HPOS="755" VPOS="644" WIDTH="122" HEIGHT="41" CONTENT="voilà" WC="0.99" CC="45000"/>
						<SP ID="P31_SP00006" HPOS="877" VPOS="685" WIDTH="12"/>
						<String ID="P31_ST00008" HPOS="889" VPOS="645" WIDTH="233" HEIGHT="53" CONTENT="pourquoi" WC="0.98" CC="65035155"/>
						<SP ID="P31_SP00007" HPOS="1122" VPOS="698" WIDTH="3"/>
						<String ID="P31_ST00009" HPOS="1125" VPOS="645" WIDTH="56" HEIGHT="53" CONTENT="je" WC="1.00" CC="00"/>
						<SP ID="P31_SP00008" HPOS="1181" VPOS="698" WIDTH="23"/>
						<String ID="P31_ST00010" HPOS="1204" VPOS="659" WIDTH="106" HEIGHT="28" CONTENT="vous" WC="0.98" CC="3600"/>
						<SP ID="P31_SP00009" HPOS="1310" VPOS="698" WIDTH="21"/>
						<String ID="P31_ST00011" HPOS="1331" VPOS="646" WIDTH="127" HEIGHT="52" CONTENT="aime," WC="0.98" CC="00504"/>
					</TextLine>
					<TextLine ID="P31_TL00004" HPOS="673" VPOS="717" WIDTH="679" HEIGHT="57">
						<String ID="P31_ST00012" HPOS="673" VPOS="717" WIDTH="38" HEIGHT="41" CONTENT="O" WC="0.63" CC="3"/>
						<SP ID="P31_SP00010" HPOS="711" VPOS="758" WIDTH="23"/>
						<String ID="P31_ST00013" HPOS="734" VPOS="718" WIDTH="179" HEIGHT="42" CONTENT="timbres" WC="0.99" CC="2061500"/>
						<SP ID="P31_SP00011" HPOS="913" VPOS="760" WIDTH="19"/>
						<String ID="P31_ST00014" HPOS="932" VPOS="718" WIDTH="119" HEIGHT="56" CONTENT="naïfs" WC="0.99" CC="30600"/>
						<SP ID="P31_SP00012" HPOS="1051" VPOS="774" WIDTH="20"/>
						<String ID="P31_ST00015" HPOS="1071" VPOS="718" WIDTH="60" HEIGHT="41" CONTENT="du" WC="1.00" CC="00"/>
						<SP ID="P31_SP00013" HPOS="1131" VPOS="774" WIDTH="26"/>
						<String ID="P31_ST00016" HPOS="1157" VPOS="719" WIDTH="195" HEIGHT="54" CONTENT="Caveau," WC="0.99" CC="0060144"/>
					</TextLine>
					<TextLine ID="P31_TL00005" HPOS="665" VPOS="791" WIDTH="720" HEIGHT="43">
						<String ID="P31_ST00017" HPOS="665" VPOS="791" WIDTH="69" HEIGHT="42" CONTENT="Ow" WC="0.41" CC="74"/>
						<SP ID="P31_SP00014" HPOS="734" VPOS="833" WIDTH="85"/>
						<String ID="P31_ST00018" HPOS="819" VPOS="805" WIDTH="68" HEIGHT="29" CONTENT="me" WC="0.56" CC="08"/>
						<SP ID="P31_SP00015" HPOS="887" VPOS="834" WIDTH="20"/>
						<String ID="P31_ST00019" HPOS="907" VPOS="798" WIDTH="208" HEIGHT="36" CONTENT="retrouve" WC="1.00" CC="30500000"/>
						<SP ID="P31_SP00016" HPOS="1115" VPOS="834" WIDTH="19"/>
						<String ID="P31_ST00020" HPOS="1134" VPOS="793" WIDTH="251" HEIGHT="41" CONTENT="moi-même" WC="1.00" CC="00013000"/>
					</TextLine>
					<TextLine ID="P31_TL00006" HPOS="659" VPOS="865" WIDTH="733" HEIGHT="44">
						<String ID="P31_ST00021" HPOS="659" VPOS="865" WIDTH="129" HEIGHT="42" CONTENT="Dans" WC="0.98" CC="4600"/>
						<SP ID="P31_SP00017" HPOS="788" VPOS="907" WIDTH="16"/>
						<String ID="P31_ST00022" HPOS="804" VPOS="880" WIDTH="57" HEIGHT="28" CONTENT="un" WC="0.57" CC="80"/>
						<SP ID="P31_SP00018" HPOS="861" VPOS="908" WIDTH="21"/>
						<String ID="P31_ST00023" HPOS="882" VPOS="873" WIDTH="207" HEIGHT="36" CONTENT="amusant" WC="1.00" CC="0100000"/>
						<SP ID="P31_SP00019" HPOS="1089" VPOS="909" WIDTH="19"/>
						<String ID="P31_ST00024" HPOS="1108" VPOS="880" WIDTH="254" HEIGHT="28" CONTENT="renouveau" WC="1.00" CC="040000080"/>
						<SP ID="P31_SP00020" HPOS="1362" VPOS="909" WIDTH="15"/>
						<String ID="P31_ST00025" HPOS="1377" VPOS="872" WIDTH="15" HEIGHT="33" CONTENT="!" WC="0.47" CC="5"/>
					</TextLine>
					<TextLine ID="P31_TL00007" HPOS="669" VPOS="1081" WIDTH="797" HEIGHT="56">
						<String ID="P31_ST00026" HPOS="669" VPOS="1084" WIDTH="194" HEIGHT="53" CONTENT="Caveau," WC="0.99" CC="0410604"/>
						<SP ID="P31_SP00021" HPOS="863" VPOS="1137" WIDTH="99"/>
						<String ID="P31_ST00027" HPOS="962" VPOS="1083" WIDTH="150" HEIGHT="40" CONTENT="disons" WC="0.99" CC="000600"/>
						<SP ID="P31_SP00022" HPOS="1112" VPOS="1137" WIDTH="10"/>
						<String ID="P31_ST00028" HPOS="1122" VPOS="1082" WIDTH="154" HEIGHT="54" CONTENT="plutôt" WC="0.98" CC="604050"/>
						<SP ID="P31_SP00023" HPOS="1276" VPOS="1137" WIDTH="20"/>
						<String ID="P31_ST00029" HPOS="1296" VPOS="1081" WIDTH="170" HEIGHT="53" CONTENT="bocage" WC="0.99" CC="006000"/>
						<SP ID="P31_SP00024" HPOS="1466" VPOS="1137" WIDTH="0"/>
					</TextLine>
					<TextLine ID="P31_TL00008" HPOS="668" VPOS="1154" WIDTH="645" HEIGHT="56">
						<String ID="P31_ST00030" HPOS="668" VPOS="1158" WIDTH="72" HEIGHT="38" CONTENT="Au" WC="0.81" CC="30"/>
						<SP ID="P31_SP00025" HPOS="740" VPOS="1196" WIDTH="12"/>
						<String ID="P31_ST00031" HPOS="752" VPOS="1157" WIDTH="166" HEIGHT="53" CONTENT="galant" WC="1.00" CC="000120"/>
						<SP ID="P31_SP00026" HPOS="918" VPOS="1210" WIDTH="19"/>
						<String ID="P31_ST00032" HPOS="937" VPOS="1162" WIDTH="42" HEIGHT="34" CONTENT="et" WC="1.00" CC="00"/>
						<SP ID="P31_SP00027" HPOS="979" VPOS="1210" WIDTH="4"/>
						<String ID="P31_ST00033" HPOS="983" VPOS="1154" WIDTH="153" HEIGHT="54" CONTENT="facile" WC="1.00" CC="100000"/>
						<SP ID="P31_SP00028" HPOS="1136" VPOS="1210" WIDTH="23"/>
						<String ID="P31_ST00034" HPOS="1159" VPOS="1157" WIDTH="154" HEIGHT="38" CONTENT="accès!" WC="1.00" CC="000005"/>
					</TextLine>
					<TextLine ID="P31_TL00009" HPOS="661" VPOS="1226" WIDTH="840" HEIGHT="55">
						<String ID="P31_ST00035" HPOS="661" VPOS="1228" WIDTH="115" HEIGHT="53" CONTENT="Clef" WC="1.00" CC="0000"/>
						<SP ID="P31_SP00029" HPOS="776" VPOS="1281" WIDTH="10"/>
						<String ID="P31_ST00036" HPOS="786" VPOS="1228" WIDTH="273" HEIGHT="51" CONTENT="charmante?" WC="1.00" CC="0000500207"/>
						<SP ID="P31_SP00030" HPOS="1059" VPOS="1281" WIDTH="27"/>
						<String ID="P31_ST00037" HPOS="1086" VPOS="1233" WIDTH="217" HEIGHT="35" CONTENT="rouvrant" WC="1.00" CC="00010000"/>
						<SP ID="P31_SP00031" HPOS="1303" VPOS="1281" WIDTH="18"/>
						<String ID="P31_ST00038" HPOS="1321" VPOS="1226" WIDTH="180" HEIGHT="54" CONTENT="laçage" WC="1.00" CC="000100"/>
					</TextLine>
					<TextLine ID="P31_TL00010" HPOS="671" VPOS="1298" WIDTH="762" HEIGHT="54">
						<String ID="P31_ST00039" HPOS="671" VPOS="1298" WIDTH="68" HEIGHT="41" CONTENT="OU" WC="0.42" CC="37"/>
						<SP ID="P31_SP00032" HPOS="739" VPOS="1339" WIDTH="22"/>
						<String ID="P31_ST00040" HPOS="761" VPOS="1298" WIDTH="229" HEIGHT="54" CONTENT="gazouille" WC="0.99" CC="408080000"/>
						<SP ID="P31_SP00033" HPOS="990" VPOS="1352" WIDTH="24"/>
						<String ID="P31_ST00041" HPOS="1014" VPOS="1298" WIDTH="170" HEIGHT="54" CONTENT="Vesprit" WC="0.90" CC="6000000"/>
						<SP ID="P31_SP00034" HPOS="1184" VPOS="1352" WIDTH="4"/>
						<String ID="P31_ST00042" HPOS="1188" VPOS="1298" WIDTH="221" HEIGHT="54" CONTENT="français" WC="1.00" CC="00000000"/>
						<SP ID="P31_SP00035" HPOS="1409" VPOS="1352" WIDTH="9"/>
						<String ID="P31_ST00043" HPOS="1418" VPOS="1300" WIDTH="15" HEIGHT="36" CONTENT="!" WC="0.61" CC="3"/>
					</TextLine>
					<TextLine ID="P31_TL00011" HPOS="665" VPOS="1519" WIDTH="739" HEIGHT="55">
						<String ID="P31_ST00044" HPOS="665" VPOS="1520" WIDTH="42" HEIGHT="41" CONTENT="Il" WC="1.00" CC="00"/>
						<SP ID="P31_SP00036" HPOS="707" VPOS="1561" WIDTH="22"/>
						<String ID="P31_ST00045" HPOS="729" VPOS="1524" WIDTH="107" HEIGHT="36" CONTENT="n'est" WC="1.00" CC="02000"/>
						<SP ID="P31_SP00037" HPOS="836" VPOS="1561" WIDTH="16"/>
						<String ID="P31_ST00046" HPOS="852" VPOS="1533" WIDTH="85" HEIGHT="41" CONTENT="pas" WC="0.97" CC="305"/>
						<SP ID="P31_SP00038" HPOS="937" VPOS="1574" WIDTH="20"/>
						<String ID="P31_ST00047" HPOS="957" VPOS="1520" WIDTH="54" HEIGHT="40" CONTENT="de" WC="1.00" CC="00"/>
						<SP ID="P31_SP00039" HPOS="1011" VPOS="1574" WIDTH="21"/>
						<String ID="P31_ST00048" HPOS="1032" VPOS="1520" WIDTH="137" HEIGHT="40" CONTENT="Paris" WC="0.99" CC="30600"/>
						<SP ID="P31_SP00040" HPOS="1169" VPOS="1574" WIDTH="17"/>
						<String ID="P31_ST00049" HPOS="1186" VPOS="1533" WIDTH="56" HEIGHT="27" CONTENT="au" WC="0.83" CC="03"/>
						<SP ID="P31_SP00041" HPOS="1242" VPOS="1574" WIDTH="24"/>
						<String ID="P31_ST00050" HPOS="1266" VPOS="1519" WIDTH="138" HEIGHT="41" CONTENT="Caire" WC="0.99" CC="00106"/>
					</TextLine>
					<TextLine ID="P31_TL00012" HPOS="669" VPOS="1592" WIDTH="666" HEIGHT="55">
						<String ID="P31_ST00051" HPOS="669" VPOS="1595" WIDTH="164" HEIGHT="40" CONTENT="Lèvres" WC="1.00" CC="000000"/>
						<SP ID="P31_SP00042" HPOS="833" VPOS="1635" WIDTH="20"/>
						<String ID="P31_ST00052" HPOS="853" VPOS="1607" WIDTH="26" HEIGHT="26" CONTENT="n" WC="1.00" CC="0"/>
						<SP ID="P31_SP00043" HPOS="879" VPOS="1635" WIDTH="17"/>
						<String ID="P31_ST00053" HPOS="896" VPOS="1600" WIDTH="141" HEIGHT="47" CONTENT="ayant" WC="0.99" CC="08000"/>
						<SP ID="P31_SP00044" HPOS="1037" VPOS="1647" WIDTH="7"/>
						<String ID="P31_ST00054" HPOS="1044" VPOS="1593" WIDTH="230" HEIGHT="54" CONTENT="fredonné" WC="1.00" CC="00000000"/>
						<SP ID="P31_SP00045" HPOS="1274" VPOS="1647" WIDTH="20"/>
						<String ID="P31_ST00055" HPOS="1294" VPOS="1592" WIDTH="41" HEIGHT="41" CONTENT="la" WC="0.68" CC="42" STYLEREFS="TXT_1"/>
					</TextLine>
					<TextLine ID="P31_TL00013" HPOS="673" VPOS="1665" WIDTH="603" HEIGHT="55">
						<String ID="P31_ST00056" HPOS="673" VPOS="1665" WIDTH="184" HEIGHT="42" CONTENT="Famille" WC="0.99" CC="0700102" STYLEREFS="TXT_1"/>
						<SP ID="P31_SP00046" HPOS="857" VPOS="1707" WIDTH="20"/>
						<String ID="P31_ST00057" HPOS="877" VPOS="1666" WIDTH="51" HEIGHT="40" CONTENT="de" WC="0.87" CC="02" STYLEREFS="TXT_1"/>
						<SP ID="P31_SP00047" HPOS="928" VPOS="1707" WIDTH="17"/>
						<String ID="P31_ST00058" HPOS="945" VPOS="1666" WIDTH="331" HEIGHT="54" CONTENT="FApothicaire," WC="0.67" CC="7040324402507" STYLEREFS="TXT_1"/>
					</TextLine>
					<TextLine ID="P31_TL00014" HPOS="673" VPOS="1738" WIDTH="720" HEIGHT="52">
						<String ID="P31_ST00059" HPOS="673" VPOS="1739" WIDTH="70" HEIGHT="41" CONTENT="Ou" WC="0.53" CC="63"/>
						<SP ID="P31_SP00048" HPOS="743" VPOS="1780" WIDTH="21"/>
						<String ID="P31_ST00060" HPOS="764" VPOS="1738" WIDTH="267" HEIGHT="52" CONTENT="Turlurette," WC="0.65" CC="00042544717" STYLEREFS="TXT_1"/>
						<SP ID="P31_SP00049" HPOS="1031" VPOS="1790" WIDTH="23"/>
						<String ID="P31_ST00061" HPOS="1054" VPOS="1752" WIDTH="55" HEIGHT="28" CONTENT="ou" WC="0.69" CC="60"/>
						<SP ID="P31_SP00050" HPOS="1109" VPOS="1790" WIDTH="20"/>
						<String ID="P31_ST00062" HPOS="1129" VPOS="1739" WIDTH="96" HEIGHT="41" CONTENT="Lon" WC="0.74" CC="204" STYLEREFS="TXT_1"/>
						<SP ID="P31_SP00051" HPOS="1225" VPOS="1790" WIDTH="19"/>
						<String ID="P31_ST00063" HPOS="1244" VPOS="1739" WIDTH="73" HEIGHT="41" CONTENT="lan" WC="0.61" CC="380" STYLEREFS="TXT_1"/>
						<SP ID="P31_SP00052" HPOS="1317" VPOS="1790" WIDTH="21"/>
						<String ID="P31_ST00064" HPOS="1338" VPOS="1739" WIDTH="55" HEIGHT="43" CONTENT="la," WC="0.96" CC="037" STYLEREFS="TXT_1"/>
					</TextLine>
					<TextLine ID="P31_TL00015" HPOS="666" VPOS="1957" WIDTH="627" HEIGHT="56">
						<String ID="P31_ST00065" HPOS="666" VPOS="1957" WIDTH="45" HEIGHT="42" CONTENT="Il" WC="1.00" CC="00"/>
						<SP ID="P31_SP00053" HPOS="711" VPOS="1999" WIDTH="16"/>
						<String ID="P31_ST00066" HPOS="727" VPOS="1957" WIDTH="120" HEIGHT="56" CONTENT="suffit" WC="0.99" CC="060002"/>
						<SP ID="P31_SP00054" HPOS="847" VPOS="2013" WIDTH="14"/>
						<String ID="P31_ST00067" HPOS="861" VPOS="1959" WIDTH="129" HEIGHT="40" CONTENT="d'une" WC="0.99" CC="52000"/>
						<SP ID="P31_SP00055" HPOS="990" VPOS="2013" WIDTH="19"/>
						<String ID="P31_ST00068" HPOS="1009" VPOS="1959" WIDTH="284" HEIGHT="52" CONTENT="ritournelle," WC="1.00" CC="002000000004"/>
					</TextLine>
					<TextLine ID="P31_TL00016" HPOS="666" VPOS="2033" WIDTH="790" HEIGHT="55">
						<String ID="P31_ST00069" HPOS="666" VPOS="2033" WIDTH="119" HEIGHT="40" CONTENT="D'un" WC="0.98" CC="0700"/>
						<SP ID="P31_SP00056" HPOS="785" VPOS="2073" WIDTH="22"/>
						<String ID="P31_ST00070" HPOS="807" VPOS="2046" WIDTH="148" HEIGHT="42" CONTENT="vague" WC="0.99" CC="00005"/>
						<SP ID="P31_SP00057" HPOS="955" VPOS="2088" WIDTH="21"/>
						<String ID="P31_ST00071" HPOS="976" VPOS="2041" WIDTH="40" HEIGHT="33" CONTENT="et" WC="0.87" CC="20"/>
						<SP ID="P31_SP00058" HPOS="1016" VPOS="2088" WIDTH="21"/>
						<String ID="P31_ST00072" HPOS="1037" VPOS="2034" WIDTH="288" HEIGHT="41" CONTENT="tremblotant" WC="1.00" CC="00064000000"/>
						<SP ID="P31_SP00059" HPOS="1325" VPOS="2088" WIDTH="20"/>
						<String ID="P31_ST00073" HPOS="1345" VPOS="2035" WIDTH="111" HEIGHT="51" CONTENT="solo," WC="0.98" CC="06054"/>
					</TextLine>
					<TextLine ID="P31_TL00017" HPOS="670" VPOS="2107" WIDTH="784" HEIGHT="55">
						<String ID="P31_ST00074" HPOS="670" VPOS="2107" WIDTH="128" HEIGHT="40" CONTENT="Pour" WC="1.00" CC="2000"/>
						<SP ID="P31_SP00060" HPOS="798" VPOS="2147" WIDTH="18"/>
						<String ID="P31_ST00075" HPOS="816" VPOS="2121" WIDTH="57" HEIGHT="41" CONTENT="qu" WC="1.00" CC="00"/>
						<SP ID="P31_SP00061" HPOS="873" VPOS="2162" WIDTH="20"/>
						<String ID="P31_ST00076" HPOS="893" VPOS="2107" WIDTH="185" HEIGHT="41" CONTENT="aussitôt" WC="1.00" CC="01000043"/>
						<SP ID="P31_SP00062" HPOS="1078" VPOS="2162" WIDTH="10"/>
						<String ID="P31_ST00077" HPOS="1088" VPOS="2107" WIDTH="55" HEIGHT="54" CONTENT="je" WC="1.00" CC="00"/>
						<SP ID="P31_SP00063" HPOS="1143" VPOS="2162" WIDTH="19"/>
						<String ID="P31_ST00078" HPOS="1162" VPOS="2121" WIDTH="67" HEIGHT="27" CONTENT="me" WC="1.00" CC="00"/>
						<SP ID="P31_SP00064" HPOS="1229" VPOS="2162" WIDTH="21"/>
						<String ID="P31_ST00079" HPOS="1250" VPOS="2107" WIDTH="204" HEIGHT="54" CONTENT="rappelle" WC="1.00" CC="01900000"/>
					</TextLine>
					<TextLine ID="P31_TL00018" HPOS="670" VPOS="2179" WIDTH="833" HEIGHT="56">
						<String ID="P31_ST00080" HPOS="670" VPOS="2180" WIDTH="76" HEIGHT="41" CONTENT="Un" WC="0.79" CC="04" STYLEREFS="TXT_1"/>
						<SP ID="P31_SP00065" HPOS="746" VPOS="2221" WIDTH="23"/>
						<String ID="P31_ST00081" HPOS="769" VPOS="2180" WIDTH="176" HEIGHT="41" CONTENT="homme" WC="1.00" CC="10000" STYLEREFS="TXT_1"/>
						<SP ID="P31_SP00066" HPOS="945" VPOS="2221" WIDTH="22"/>
						<String ID="P31_ST00082" HPOS="967" VPOS="2194" WIDTH="111" HEIGHT="41" CONTENT="pour" WC="0.97" CC="0355" STYLEREFS="TXT_1"/>
						<SP ID="P31_SP00067" HPOS="1078" VPOS="2235" WIDTH="21"/>
						<String ID="P31_ST00083" HPOS="1099" VPOS="2180" WIDTH="105" HEIGHT="41" CONTENT="faire" WC="0.99" CC="00450" STYLEREFS="TXT_1"/>
						<SP ID="P31_SP00068" HPOS="1204" VPOS="2235" WIDTH="23"/>
						<String ID="P31_ST00084" HPOS="1227" VPOS="2194" WIDTH="62" HEIGHT="27" CONTENT="un" WC="0.34" CC="57" STYLEREFS="TXT_1"/>
						<SP ID="P31_SP00069" HPOS="1289" VPOS="2235" WIDTH="24"/>
						<String ID="P31_ST00085" HPOS="1313" VPOS="2179" WIDTH="190" HEIGHT="42" CONTENT="tableau." WC="0.99" CC="00100047" STYLEREFS="TXT_1"/>
					</TextLine>
					<TextLine ID="P31_TL00019" HPOS="674" VPOS="2399" WIDTH="792" HEIGHT="50">
						<String ID="P31_ST00086" HPOS="674" VPOS="2399" WIDTH="139" HEIGHT="50" CONTENT="Quels" WC="0.99" CC="10300"/>
						<SP ID="P31_SP00070" HPOS="813" VPOS="2449" WIDTH="21"/>
						<String ID="P31_ST00087" HPOS="834" VPOS="2399" WIDTH="138" HEIGHT="40" CONTENT="éclats" WC="1.00" CC="010000"/>
						<SP ID="P31_SP00071" HPOS="972" VPOS="2449" WIDTH="21"/>
						<String ID="P31_ST00088" HPOS="993" VPOS="2399" WIDTH="54" HEIGHT="40" CONTENT="de" WC="1.00" CC="00"/>
						<SP ID="P31_SP00072" HPOS="1047" VPOS="2449" WIDTH="21"/>
						<String ID="P31_ST00089" HPOS="1068" VPOS="2400" WIDTH="93" HEIGHT="39" CONTENT="rire" WC="1.00" CC="0000"/>
						<SP ID="P31_SP00073" HPOS="1161" VPOS="2449" WIDTH="22"/>
						<String ID="P31_ST00090" HPOS="1183" VPOS="2401" WIDTH="26" HEIGHT="38" CONTENT="à" WC="1.00" CC="0"/>
						<SP ID="P31_SP00074" HPOS="1209" VPOS="2449" WIDTH="24"/>
						<String ID="P31_ST00091" HPOS="1233" VPOS="2399" WIDTH="44" HEIGHT="40" CONTENT="la" WC="1.00" CC="00"/>
						<SP ID="P31_SP00075" HPOS="1277" VPOS="2449" WIDTH="22"/>
						<String ID="P31_ST00092" HPOS="1299" VPOS="2399" WIDTH="167" HEIGHT="40" CONTENT="ronde!" WC="1.00" CC="000000"/>
					</TextLine>
					<TextLine ID="P31_TL00020" HPOS="668" VPOS="2472" WIDTH="841" HEIGHT="51">
						<String ID="P31_ST00093" HPOS="668" VPOS="2472" WIDTH="72" HEIGHT="41" CONTENT="Où" WC="0.59" CC="08" STYLEREFS="TXT_1"/>
						<SP ID="P31_SP00076" HPOS="740" VPOS="2513" WIDTH="22"/>
						<String ID="P31_ST00094" HPOS="762" VPOS="2486" WIDTH="308" HEIGHT="37" CONTENT="courez-vous," WC="0.99" CC="049001562007" STYLEREFS="TXT_1"/>
						<SP ID="P31_SP00077" HPOS="1070" VPOS="2523" WIDTH="26"/>
						<String ID="P31_ST00095" HPOS="1096" VPOS="2472" WIDTH="224" HEIGHT="41" CONTENT="monsieur" WC="0.99" CC="01803005" STYLEREFS="TXT_1"/>
						<SP ID="P31_SP00078" HPOS="1320" VPOS="2523" WIDTH="20"/>
						<String ID="P31_ST00096" HPOS="1340" VPOS="2473" WIDTH="169" HEIGHT="39" CONTENT="l'abbé?" WC="0.99" CC="1300004" STYLEREFS="TXT_1"/>
					</TextLine>
					<TextLine ID="P31_TL00021" HPOS="669" VPOS="2543" WIDTH="864" HEIGHT="54">
						<String ID="P31_ST00097" HPOS="669" VPOS="2546" WIDTH="95" HEIGHT="39" CONTENT="Sur" WC="1.00" CC="000"/>
						<SP ID="P31_SP00079" HPOS="764" VPOS="2585" WIDTH="19"/>
						<String ID="P31_ST00098" HPOS="783" VPOS="2545" WIDTH="60" HEIGHT="41" CONTENT="Ce" WC="0.66" CC="60" STYLEREFS="TXT_1"/>
						<SP ID="P31_SP00080" HPOS="843" VPOS="2586" WIDTH="21"/>
						<String ID="P31_ST00099" HPOS="864" VPOS="2545" WIDTH="244" HEIGHT="49" CONTENT="mouchoir," WC="0.99" CC="030230302" STYLEREFS="TXT_1"/>
						<SP ID="P31_SP00081" HPOS="1108" VPOS="2594" WIDTH="30"/>
						<String ID="P31_ST00100" HPOS="1138" VPOS="2545" WIDTH="108" HEIGHT="40" CONTENT="belle" WC="0.99" CC="00630" STYLEREFS="TXT_1"/>
						<SP ID="P31_SP00082" HPOS="1246" VPOS="2594" WIDTH="24"/>
						<String ID="P31_ST00101" HPOS="1270" VPOS="2543" WIDTH="263" HEIGHT="54" CONTENT="Raimonde," WC="0.67" CC="231453007" STYLEREFS="TXT_1"/>
					</TextLine>
					<TextLine ID="P31_TL00022" HPOS="675" VPOS="2618" WIDTH="572" HEIGHT="41">
						<String ID="P31_ST00102" HPOS="675" VPOS="2618" WIDTH="80" HEIGHT="41" CONTENT="Cet" WC="0.99" CC="020"/>
						<SP ID="P31_SP00083" HPOS="755" VPOS="2659" WIDTH="19"/>
						<String ID="P31_ST00103" HPOS="774" VPOS="2618" WIDTH="177" HEIGHT="41" CONTENT="abbé-là" WC="0.99" CC="0005500"/>
						<SP ID="P31_SP00084" HPOS="951" VPOS="2659" WIDTH="20"/>
						<String ID="P31_ST00104" HPOS="971" VPOS="2630" WIDTH="102" HEIGHT="29" CONTENT="sera" WC="1.00" CC="0000"/>
						<SP ID="P31_SP00085" HPOS="1073" VPOS="2659" WIDTH="21"/>
						<String ID="P31_ST00105" HPOS="1094" VPOS="2618" WIDTH="153" HEIGHT="40" CONTENT="tombé." WC="0.99" CC="200004"/>
					</TextLine>
					<TextLine ID="P31_TL00023" HPOS="673" VPOS="2838" WIDTH="756" HEIGHT="54">
						<String ID="P31_ST00106" HPOS="673" VPOS="2839" WIDTH="93" HEIGHT="49" CONTENT="Que" WC="1.00" CC="000"/>
						<SP ID="P31_SP00086" HPOS="766" VPOS="2888" WIDTH="22"/>
						<String ID="P31_ST00107" HPOS="788" VPOS="2840" WIDTH="54" HEIGHT="39" CONTENT="de" WC="1.00" CC="00"/>
						<SP ID="P31_SP00087" HPOS="842" VPOS="2888" WIDTH="28"/>
						<String ID="P31_ST00108" HPOS="870" VPOS="2839" WIDTH="149" HEIGHT="41" CONTENT="Tircis" WC="1.00" CC="000000"/>
						<SP ID="P31_SP00088" HPOS="1019" VPOS="2888" WIDTH="21"/>
						<String ID="P31_ST00109" HPOS="1040" VPOS="2845" WIDTH="40" HEIGHT="34" CONTENT="et" WC="0.75" CC="05"/>
						<SP ID="P31_SP00089" HPOS="1080" VPOS="2888" WIDTH="21"/>
						<String ID="P31_ST00110" HPOS="1101" VPOS="2839" WIDTH="53" HEIGHT="40" CONTENT="de" WC="1.00" CC="00"/>
						<SP ID="P31_SP00090" HPOS="1154" VPOS="2888" WIDTH="20"/>
						<String ID="P31_ST00111" HPOS="1174" VPOS="2838" WIDTH="255" HEIGHT="54" CONTENT="Grégoire!" WC="1.00" CC="000004000"/>
					</TextLine>
					<TextLine ID="P31_TL00024" HPOS="671" VPOS="2911" WIDTH="863" HEIGHT="55">
						<String ID="P31_ST00112" HPOS="671" VPOS="2913" WIDTH="204" HEIGHT="41" CONTENT="Combien" WC="1.00" CC="0000000"/>
						<SP ID="P31_SP00091" HPOS="875" VPOS="2954" WIDTH="23"/>
						<String ID="P31_ST00113" HPOS="898" VPOS="2913" WIDTH="54" HEIGHT="40" CONTENT="de" WC="1.00" CC="00"/>
						<SP ID="P31_SP00092" HPOS="952" VPOS="2954" WIDTH="20"/>
						<String ID="P31_ST00114" HPOS="972" VPOS="2912" WIDTH="185" HEIGHT="54" CONTENT="baisers," WC="1.00" CC="00000004"/>
						<SP ID="P31_SP00093" HPOS="1157" VPOS="2966" WIDTH="24"/>
						<String ID="P31_ST00115" HPOS="1181" VPOS="2912" WIDTH="56" HEIGHT="40" CONTENT="de" WC="0.82" CC="03"/>
						<SP ID="P31_SP00094" HPOS="1237" VPOS="2966" WIDTH="19"/>
						<String ID="P31_ST00116" HPOS="1256" VPOS="2911" WIDTH="278" HEIGHT="55" CONTENT="glouglous!" WC="1.00" CC="0086000000"/>
					</TextLine>
					<TextLine ID="P31_TL00025" HPOS="670" VPOS="2985" WIDTH="830" HEIGHT="53">
						<String ID="P31_ST00117" HPOS="670" VPOS="2985" WIDTH="94" HEIGHT="41" CONTENT="Elle" WC="1.00" CC="0100" STYLEREFS="TXT_1"/>
						<SP ID="P31_SP00095" HPOS="764" VPOS="3026" WIDTH="20"/>
						<String ID="P31_ST00118" HPOS="784" VPOS="2986" WIDTH="113" HEIGHT="40" CONTENT="aime" WC="0.97" CC="7400" STYLEREFS="TXT_1"/>
						<SP ID="P31_SP00096" HPOS="897" VPOS="3026" WIDTH="21"/>
						<String ID="P31_ST00119" HPOS="918" VPOS="2989" WIDTH="24" HEIGHT="36" CONTENT="à" WC="0.24" CC="7" STYLEREFS="TXT_1"/>
						<SP ID="P31_SP00097" HPOS="942" VPOS="3026" WIDTH="21"/>
						<String ID="P31_ST00120" HPOS="963" VPOS="2986" WIDTH="100" HEIGHT="51" CONTENT="rire," WC="0.98" CC="44003" STYLEREFS="TXT_1"/>
						<SP ID="P31_SP00098" HPOS="1063" VPOS="3037" WIDTH="24"/>
						<String ID="P31_ST00121" HPOS="1087" VPOS="2986" WIDTH="82" HEIGHT="40" CONTENT="elle" WC="0.99" CC="0030" STYLEREFS="TXT_1"/>
						<SP ID="P31_SP00099" HPOS="1169" VPOS="3037" WIDTH="21"/>
						<String ID="P31_ST00122" HPOS="1190" VPOS="2985" WIDTH="114" HEIGHT="40" CONTENT="aime" WC="1.00" CC="0000" STYLEREFS="TXT_1"/>
						<SP ID="P31_SP00100" HPOS="1304" VPOS="3037" WIDTH="18"/>
						<String ID="P31_ST00123" HPOS="1322" VPOS="2990" WIDTH="23" HEIGHT="36" CONTENT="à" WC="0.53" CC="4" STYLEREFS="TXT_1"/>
						<SP ID="P31_SP00101" HPOS="1345" VPOS="3037" WIDTH="22"/>
						<String ID="P31_ST00124" HPOS="1367" VPOS="2986" WIDTH="133" HEIGHT="52" CONTENT="boire," WC="0.98" CC="034404" STYLEREFS="TXT_1"/>
					</TextLine>
					<TextLine ID="P31_TL00026" HPOS="671" VPOS="3058" WIDTH="814" HEIGHT="42">
						<String ID="P31_ST00125" HPOS="671" VPOS="3058" WIDTH="94" HEIGHT="42" CONTENT="Elle" WC="1.00" CC="0000" STYLEREFS="TXT_1"/>
						<SP ID="P31_SP00102" HPOS="765" VPOS="3100" WIDTH="23"/>
						<String ID="P31_ST00126" HPOS="788" VPOS="3059" WIDTH="113" HEIGHT="41" CONTENT="aime" WC="1.00" CC="0000" STYLEREFS="TXT_1"/>
						<SP ID="P31_SP00103" HPOS="901" VPOS="3100" WIDTH="23"/>
						<String ID="P31_ST00127" HPOS="924" VPOS="3062" WIDTH="22" HEIGHT="37" CONTENT="à" WC="0.53" CC="4" STYLEREFS="TXT_1"/>
						<SP ID="P31_SP00104" HPOS="946" VPOS="3100" WIDTH="21"/>
						<String ID="P31_ST00128" HPOS="967" VPOS="3058" WIDTH="176" HEIGHT="40" CONTENT="chanter" WC="0.99" CC="2607020" STYLEREFS="TXT_1"/>
						<SP ID="P31_SP00105" HPOS="1143" VPOS="3100" WIDTH="21"/>
						<String ID="P31_ST00129" HPOS="1164" VPOS="3071" WIDTH="169" HEIGHT="28" CONTENT="comme" WC="0.99" CC="02005" STYLEREFS="TXT_1"/>
						<SP ID="P31_SP00106" HPOS="1333" VPOS="3100" WIDTH="19"/>
						<String ID="P31_ST00130" HPOS="1352" VPOS="3071" WIDTH="111" HEIGHT="29" CONTENT="nous" WC="0.99" CC="0300" STYLEREFS="TXT_1"/>
						<SP ID="P31_SP00107" HPOS="1463" VPOS="3100" WIDTH="14"/>
						<String ID="P31_ST00131" HPOS="1477" VPOS="3062" WIDTH="8" HEIGHT="36" CONTENT="!" WC="0.45" CC="5" STYLEREFS="TXT_1"/>
					</TextLine>
					<TextLine ID="P31_TL00027" HPOS="669" VPOS="3280" WIDTH="786" HEIGHT="57">
						<String ID="P31_ST00132" HPOS="669" VPOS="3280" WIDTH="95" HEIGHT="44" CONTENT="J'en" WC="0.95" CC="2757" STYLEREFS="TXT_1"/>
						<SP ID="P31_SP00108" HPOS="764" VPOS="3324" WIDTH="21"/>
						<String ID="P31_ST00133" HPOS="785" VPOS="3289" WIDTH="144" HEIGHT="47" CONTENT="guette" WC="0.99" CC="000430" STYLEREFS="TXT_1"/>
						<SP ID="P31_SP00109" HPOS="929" VPOS="3336" WIDTH="23"/>
						<String ID="P31_ST00134" HPOS="952" VPOS="3295" WIDTH="60" HEIGHT="28" CONTENT="un" WC="0.33" CC="48" STYLEREFS="TXT_1"/>
						<SP ID="P31_SP00110" HPOS="1012" VPOS="3336" WIDTH="21"/>
						<String ID="P31_ST00135" HPOS="1033" VPOS="3289" WIDTH="108" HEIGHT="48" CONTENT="petit" WC="0.99" CC="50010" STYLEREFS="TXT_1"/>
						<SP ID="P31_SP00111" HPOS="1141" VPOS="3337" WIDTH="21"/>
						<String ID="P31_ST00136" HPOS="1162" VPOS="3280" WIDTH="52" HEIGHT="42" CONTENT="de" WC="1.00" CC="00" STYLEREFS="TXT_1"/>
						<SP ID="P31_SP00112" HPOS="1214" VPOS="3337" WIDTH="21"/>
						<String ID="P31_ST00137" HPOS="1235" VPOS="3294" WIDTH="103" HEIGHT="28" CONTENT="mon" WC="0.99" CC="030" STYLEREFS="TXT_1"/>
						<SP ID="P31_SP00113" HPOS="1338" VPOS="3337" WIDTH="21"/>
						<String ID="P31_ST00138" HPOS="1359" VPOS="3283" WIDTH="96" HEIGHT="51" CONTENT="âge!" WC="0.99" CC="0033" STYLEREFS="TXT_1"/>
					</TextLine>
					<TextLine ID="P31_TL00028" HPOS="670" VPOS="3354" WIDTH="924" HEIGHT="55">
						<String ID="P31_ST00139" HPOS="670" VPOS="3357" WIDTH="83" HEIGHT="40" CONTENT="Dit" WC="0.99" CC="003"/>
						<SP ID="P31_SP00114" HPOS="753" VPOS="3397" WIDTH="16"/>
						<String ID="P31_ST00140" HPOS="769" VPOS="3356" WIDTH="120" HEIGHT="51" CONTENT="Lise," WC="0.99" CC="00104"/>
						<SP ID="P31_SP00115" HPOS="889" VPOS="3407" WIDTH="23"/>
						<String ID="P31_ST00141" HPOS="912" VPOS="3370" WIDTH="57" HEIGHT="26" CONTENT="au" WC="1.00" CC="00"/>
						<SP ID="P31_SP00116" HPOS="969" VPOS="3407" WIDTH="17"/>
						<String ID="P31_ST00142" HPOS="986" VPOS="3354" WIDTH="111" HEIGHT="41" CONTENT="bord" WC="1.00" CC="0000"/>
						<SP ID="P31_SP00117" HPOS="1097" VPOS="3407" WIDTH="19"/>
						<String ID="P31_ST00143" HPOS="1116" VPOS="3355" WIDTH="102" HEIGHT="40" CONTENT="d'un" WC="1.00" CC="0200"/>
						<SP ID="P31_SP00118" HPOS="1218" VPOS="3407" WIDTH="7"/>
						<String ID="P31_ST00144" HPOS="1225" VPOS="3354" WIDTH="128" HEIGHT="55" CONTENT="frais" WC="1.00" CC="00000"/>
						<SP ID="P31_SP00119" HPOS="1353" VPOS="3409" WIDTH="20"/>
						<String ID="P31_ST00145" HPOS="1373" VPOS="3354" WIDTH="221" HEIGHT="40" CONTENT="ruisseau." WC="1.00" CC="050000004"/>
					</TextLine>
					<TextLine ID="P31_TL00029" HPOS="672" VPOS="3429" WIDTH="719" HEIGHT="53">
						<String ID="P31_ST00146" HPOS="672" VPOS="3432" WIDTH="62" HEIGHT="39" CONTENT="Sa" WC="0.93" CC="10"/>
						<SP ID="P31_SP00120" HPOS="734" VPOS="3471" WIDTH="24"/>
						<String ID="P31_ST00147" HPOS="758" VPOS="3431" WIDTH="106" HEIGHT="40" CONTENT="voix" WC="0.98" CC="0503"/>
						<SP ID="P31_SP00121" HPOS="864" VPOS="3471" WIDTH="18"/>
						<String ID="P31_ST00148" HPOS="882" VPOS="3431" WIDTH="177" HEIGHT="40" CONTENT="charme" WC="0.98" CC="405080"/>
						<SP ID="P31_SP00122" HPOS="1059" VPOS="3471" WIDTH="24"/>
						<String ID="P31_ST00149" HPOS="1083" VPOS="3429" WIDTH="40" HEIGHT="40" CONTENT="le" WC="0.85" CC="02"/>
						<SP ID="P31_SP00123" HPOS="1123" VPOS="3471" WIDTH="17"/>
						<String ID="P31_ST00150" HPOS="1140" VPOS="3429" WIDTH="251" HEIGHT="53" CONTENT="voisinage," WC="0.99" CC="4000160024"/>
					</TextLine>
					<TextLine ID="P31_TL00030" HPOS="677" VPOS="3500" WIDTH="762" HEIGHT="44">
						<String ID="P31_ST00151" HPOS="677" VPOS="3504" WIDTH="94" HEIGHT="40" CONTENT="Car" WC="1.00" CC="000"/>
						<SP ID="P31_SP00124" HPOS="771" VPOS="3544" WIDTH="116"/>
						<String ID="P31_ST00152" HPOS="887" VPOS="3504" WIDTH="99" HEIGHT="40" CONTENT="Une" WC="0.96" CC="064" STYLEREFS="TXT_1"/>
						<SP ID="P31_SP00125" HPOS="986" VPOS="3544" WIDTH="22"/>
						<String ID="P31_ST00153" HPOS="1008" VPOS="3500" WIDTH="84" HEIGHT="42" CONTENT="fille" WC="0.98" CC="11049" STYLEREFS="TXT_1"/>
						<SP ID="P31_SP00126" HPOS="1092" VPOS="3544" WIDTH="22"/>
						<String ID="P31_ST00154" HPOS="1114" VPOS="3508" WIDTH="63" HEIGHT="33" CONTENT="est" WC="0.96" CC="540" STYLEREFS="TXT_1"/>
						<SP ID="P31_SP00127" HPOS="1177" VPOS="3544" WIDTH="18"/>
						<String ID="P31_ST00155" HPOS="1195" VPOS="3514" WIDTH="59" HEIGHT="26" CONTENT="un" WC="0.82" CC="03" STYLEREFS="TXT_1"/>
						<SP ID="P31_SP00128" HPOS="1254" VPOS="3544" WIDTH="23"/>
						<String ID="P31_ST00156" HPOS="1277" VPOS="3500" WIDTH="162" HEIGHT="41" CONTENT="oiseau." WC="0.99" CC="3000254" STYLEREFS="TXT_1"/>
					</TextLine>
				</TextBlock>
			</PrintSpace>
		</Page>
	</Layout>
</alto>
