3497 4356
359 178 1417 203 Miedeirlicinischc
1923 188 1148 264 Musik-Zeitung

983 483 117 117 für
1187 483 558 119 EratstfrraiÄ?
1806 521 138 84 ituit
1999 491 397 122 limstlfr.

157 719 391 70 Herausgegeben
596 741 89 32 von
737 724 238 50 Professor
1029 720 67 58 L.
1143 719 266 80 Bischof.
1606 729 174 66 Verlag
1834 732 82 47 der
1968 727 84 56 M.
2100 727 623 82 DuMont-Schauberg'
2727 736 136 47 sehen
2907 736 374 67 Buchhandlung.

226 869 81 54 Nr.
348 869 45 53 7.

1377 865 173 78 KÖLN,
1593 878 72 55 13.
1709 879 218 54 Februar
1970 882 136 54 1864.

2800 887 97 54 \II.
2939 888 271 72 Jahrgang.

248 1049 232 34 Inhalt.

534 1051 192 34 Pariser
759 1052 163 34 Briefe
958 1052 203 48 (Schluss).
1296 1056 94 34 Aus
1432 1057 204 34 Bremen
1681 1056 111 45 (Eine
1822 1057 75 37 alte
1927 1060 102 45 Oper
2055 1061 77 34 und
2161 1062 58 33 ein
2250 1074 116 24 neues
2396 1062 245 47 Oratorium).
2685 1066 83 34 Von
2797 1066 41 37 F.
2868 1066 200 38 Pietzer.
3196 1071 94 37 Aus

146 1109 196 36 Aachen
373 1109 546 50 (Abonnements-Concerte).
947 1114 86 33 Von
1061 1114 44 34 N.
1216 1114 165 36 Concert
1405 1117 38 33 in
1472 1117 160 35 Breslau
1663 1124 110 28 unter
1801 1119 42 36 R.
1876 1119 198 48 Wagner's
2102 1123 177 47 Leitung.
2416 1126 174 47 Tages-
2619 1127 93 34 und
2755 1128 533 48 Unterhaltungsblatt

147 1169 180 42 Weimar,
359 1169 97 45 „Die
809 1181 78 25 von
916 1173 41 34 F.
987 1173 126 35 Hiller
1245 1174 329 37 Musik-Director
1603 1176 41 35 C.
1674 1178 192 44 Kummer,
1898 1181 298 47 Auszeichnung
2303 1183 253 47 Königsberg,
2586 1185 60 36 die

147 1230 124 43 Wien,
303 1228 39 36 J.
371 1228 214 36 Offenbach
690 1231 236 47 Mayseder's
954 1234 211 47 gedruckte
1196 1235 143 35 Werke
1446 1237 166 42 Lüttich,
1641 1237 479 38 Conservatoire-Concert
2224 1242 106 36 Nach
2363 1242 137 46 Wien).

704 1386 201 56 Pariser
947 1388 182 55 Briefe.

714 1517 186 46 (Schluss.
921 1520 38 37 S.
980 1520 62 36 Nr.
1064 1517 53 48 4.)

267 1618 142 48 Unter
453 1618 86 47 den
588 1618 291 50 öffentlichen
922 1622 252 47 Concerten
1218 1623 157 47 stehen
1422 1625 142 47 durch
1611 1626 70 48 die

145 1696 256 48 zahlreiche
423 1697 362 48 Zuhörerschaft
816 1698 89 47 und
939 1700 127 47 ihren
1103 1700 194 49 Einfluss
1330 1702 83 47 auf
1437 1702 85 48 den
1550 1705 105 47 Fort-

145 1775 159 47 schritt
333 1773 122 49 eines
484 1775 338 64 gediegeneren
855 1777 309 48 Geschmacks
1194 1780 70 47 die
1296 1778 214 51 Concerts
1531 1797 120 51 popu-

145 1848 139 52 laires
324 1851 198 48 obenan.
580 1852 75 48 Sie
700 1853 242 65 begannen
986 1856 207 63 Anfangs
1235 1856 264 49 November
1541 1875 38 32 v.
1617 1860 67 56 J.;

145 1928 146 66 gleich
315 1928 44 48 in
378 1928 80 48 der
475 1937 149 41 ersten
649 1931 152 47 Probe
821 1931 218 49 brachten
1058 1932 71 48 die
1147 1933 539 66 Orchester-Mitglieder

147 2007 101 48 dem
282 2007 240 48 wackeren
555 2008 277 66 Pasdeloup,
862 2010 104 48 dem
997 2011 157 48 Stifter
1183 2012 90 47 und
1306 2013 269 64 Dirigenten
1607 2015 77 48 des

145 2086 219 56 Instituts,
395 2086 101 48 eine
528 2087 224 48 herzliche
783 2088 197 49 Ovation
1013 2090 90 48 und
1138 2090 319 50 überreichten
1490 2093 92 47 ihm
1615 2093 69 47 ein

145 2161 318 50 diamantenes
493 2164 168 56 Kreuz,
694 2182 74 29 um
802 2166 148 47 hinter
980 2166 80 48 der
1091 2167 298 50 kaiserlichen
1422 2170 162 54 Gunst,
1615 2170 71 49 die

145 2239 76 49 ihn
253 2257 101 29 zum
387 2241 148 47 Ritter
564 2241 80 48 der
675 2242 312 65 Ehrenlegion
1030 2244 206 49 erhoben
1277 2246 141 57 hatte,
1457 2247 123 47 nicht
1610 2266 50 29 zu-

148 2317 112 48 rück
303 2335 53 30 zu
401 2318 195 48 bleiben.
655 2321 85 45 Die
773 2321 222 48 Concerte
1028 2322 151 48 finden
1213 2323 292 50 bekanntlich
1536 2327 118 47 Sonn-

145 2401 102 58 tags
291 2394 42 47 in
376 2394 87 49 den
496 2397 383 65 Mittagsstunden
921 2399 121 47 Statt
1083 2401 88 47 und
1217 2401 80 48 der
1338 2418 156 47 grosse
1526 2403 158 48 Circus

147 2473 238 65 Napoleon
431 2474 53 47 ist
525 2482 108 41 stets
677 2474 238 52 überfüllt.
989 2478 82 48 Die
1116 2481 303 63 Programme
1464 2482 218 48 brachten

148 2558 133 40 unter
312 2551 232 48 Anderem
577 2553 146 64 gleich
755 2571 79 29 zur
859 2554 259 66 Eröffnung
1149 2557 361 49 Mendelssohn's
1536 2561 147 47 Musik

144 2646 102 30 zum
261 2631 531 48 Sommernachtstraum
811 2633 90 47 und
920 2633 99 48 eine
1032 2634 202 49 Sinfonie
1246 2637 41 46 in
1305 2636 170 49 ZMwr
1485 2638 99 64 (Nr.
1592 2639 33 47 4
1632 2637 52 65 3)

147 2723 83 32 von
253 2708 41 48 J.
319 2707 191 66 Haydn;
541 2708 120 48 dann
689 2709 220 50 Weber's
931 2712 499 60 Oberon-Ouverture,
1455 2716 200 49 Mendels-

147 2785 152 47 sohn's
331 2785 393 60 Violin-Concert,
755 2789 190 66 gespielt
973 2807 84 31 von
1090 2791 180 49 Sivori
1303 2792 89 48 und
1427 2794 80 47 mit
1535 2794 147 49 einem

147 2862 59 47 im
253 2863 375 49 buchstäblichen
661 2865 138 49 Sinne
841 2868 456 56 tausendstimmigen
1330 2871 146 48 Bravo
1519 2872 158 52 aufge-

1212 2915 25 19 O
1601 2918 24 19 D

147 2957 241 41 nommen;
432 2942 212 48 Mozart's
675 2944 203 48 Sinfonie
906 2947 43 47 in
980 2945 172 50 D-dur
1188 2948 90 47 und
1312 2949 296 49 Beethoven's
1639 2951 42 47 in

154 3015 164 51 A-dur
348 3018 44 48 in
436 3019 146 48 einem
633 3020 90 49 und
769 3022 264 49 demselben
1079 3024 241 60 Concerte,
1364 3027 102 48 dem
1499 3027 183 61 dritten,

145 3095 286 50 dazwischen
456 3098 116 48 noch
600 3099 309 66 Meyerbeer's
933 3103 240 48 Polonaise
1203 3121 80 32 aus
1307 3104 82 50 der
1411 3107 268 48 Struensee-

147 3174 165 55 Musik,
342 3175 70 47 ein
440 3175 179 65 Adagio
649 3193 86 32 von
768 3178 163 67 Haydn
964 3179 80 48 mit
1074 3180 115 49 allen
1216 3182 436 51 Saiten-Instrumen-

145 3260 73 40 ten
251 3250 118 68 (eine
401 3254 273 50 Concession
707 3273 54 31 an
794 3257 80 48 das
905 3259 259 57 Publicum,
1208 3262 193 47 welches
1441 3263 120 47 diese
1592 3264 58 47 Ge-

144 3332 565 66 sammt-Ausführungen
746 3337 222 62 verlangt,
1006 3335 71 49 die
1114 3337 290 49 bekanntlich
1443 3339 80 48 das
1561 3340 88 49 Con-

143 3408 246 49 servatoire
420 3410 306 64 aufgebracht
755 3412 94 64 hat)
882 3414 90 47 und
1004 3414 360 51 Mendelssohn's
1391 3418 249 48 Hebriden.

265 3488 91 47 Das
388 3488 138 48 vierte
558 3489 196 50 Concert
797 3508 96 31 war
936 3492 145 48 durch
1126 3493 85 48 den
1258 3494 183 48 kühnen
1474 3495 203 49 Versuch

145 3565 332 66 merkwürdig,
519 3567 85 49 den
638 3569 255 66 Pasdeloup
939 3572 197 54 machte,
1175 3572 87 48 den
1295 3574 208 47 Parisern
1536 3574 143 47 nichts

144 3641 276 68 Geringeres
450 3647 64 47 als
544 3645 72 49 die
647 3648 159 48 Suite
836 3649 42 47 in
1685 3641 1 68 D
1108 3667 82 30 von
1221 3652 119 47 Joh.
1373 3652 121 47 Seb.
1531 3652 143 47 Bach

143 3723 334 48 vorzuführen!
507 3725 113 47 Hier
649 3725 258 49 offenbarte
935 3727 92 47 sich
1058 3727 113 48 aber
1201 3729 105 46 sehr
1337 3729 215 56 deutlich,
1584 3747 93 30 was

140 3796 71 50 ich
246 3799 139 48 schon
416 3800 65 48 oft
510 3801 42 47 in
586 3803 178 48 meinen
798 3804 178 47 Briefen
1010 3803 252 67 behauptet
1297 3805 135 56 habe,
1475 3807 100 47 dass
1606 3807 70 47 die

143 3878 416 66 Ausschmückung
583 3880 80 48 der
688 3881 707 67 Kammermusik-Programme
1425 3884 91 48 und
1549 3902 94 32 man-

140 3954 108 48 cher
280 3956 453 51 Concert-Matineen
768 3963 78 45 mit
875 3960 277 50 Bach'schen
1179 3961 368 50 Ciavierstücken
1574 3964 99 46 eitel

141 4031 277 51 Modesache
442 4034 55 48 ist
520 4036 89 47 und
635 4038 159 48 weiter
816 4038 162 54 nichts,
1009 4039 117 47 denn
1160 4039 119 47 nicht
1305 4057 87 29 nur
1415 4039 79 49 das
1518 4055 154 50 grosse

143 4111 312 50 musicalische
497 4113 239 50 Publicum
782 4133 83 32 von
900 4118 142 58 Paris,
1086 4116 196 50 sondern
1315 4119 115 48 auch
1464 4118 69 49 die
1564 4119 81 47 mei-

1777 1404 95 39 sten
1903 1397 202 47 Musiker
2133 1399 95 47 sind
2261 1400 112 47 über
2397 1400 79 48 das
2500 1401 335 50 Achselzucken
2868 1405 67 47 bei
2965 1406 156 47 Bach's
3146 1409 144 47 Musik

1778 1475 115 46 noch
1937 1475 122 46 nicht
2096 1475 174 48 hinaus.
2328 1477 103 47 Man
2478 1479 130 47 hörte
2651 1479 71 48 die
2765 1490 229 53 genannte
3026 1484 124 47 Suite
3191 1486 87 46 still-

1777 1551 288 62 schweigend
2099 1554 87 45 und
2226 1554 303 49 aufmerksam
2575 1574 72 37 an,
2692 1559 69 45 ein
2791 1559 194 48 Zeichen
3027 1576 81 32 von
3144 1562 152 47 Beifall

1780 1630 98 45 liess
1907 1630 90 47 sich
2030 1648 70 29 am
2133 1631 209 48 Schlüsse
2373 1634 153 47 keiner
2554 1635 200 63 einzigen
2780 1637 225 47 Nummer
3037 1640 159 55 hören,
3226 1658 70 30 am

1784 1706 125 47 Ende
1938 1709 69 45 ein
2038 1709 264 48 schwacher
2327 1711 219 64 Applaus,
2575 1712 80 47 der
2684 1712 208 50 offenbar
2924 1716 127 47 mehr
3076 1716 80 48 der
3181 1720 87 46 Aus-

1781 1785 206 63 führung
2017 1786 64 46 als
2111 1786 101 47 dem
2242 1787 174 49 Werke
2446 1790 105 62 galt.
2581 1790 100 48 Und
2713 1791 71 47 die
2817 1792 144 47 Kritik
2994 1794 80 48 der
3106 1796 162 48 musica-

1780 1862 166 47 lischen
1975 1863 201 47 Blätter?
2226 1865 256 56 „Gestehen
2509 1867 80 46 wir
2613 1885 85 29 nur
2928 1870 132 49 heisst
3084 1889 46 30 es
3154 1872 145 55 darin,

1791 1940 128 56 „dass
1950 1940 119 48 diese
2101 1942 146 46 Musik
2283 1942 122 48 nicht
2433 1942 85 48 den
2551 1945 256 65 geringsten
2839 1947 105 49 Beiz
2988 1949 74 45 für
3102 1966 80 31 uns
3224 1951 76 47 hat

1781 2016 93 48 und
1914 2035 85 29 nur
2029 2018 70 47 ein
2138 2020 391 64 archäologisches
2561 2023 218 47 Interesse
2819 2034 165 56 erregt.
3042 2027 119 46 Herr
3192 2029 81 47 Pas-

1781 2095 165 66 deloup
1978 2096 52 47 ist
2059 2114 51 29 zu
2142 2097 151 56 lohen,
2333 2097 101 48 dass
2464 2116 49 31 er
2542 2101 162 48 einmal
2737 2102 98 47 eine
2866 2103 149 47 Probe
3045 2103 143 50 davon
3220 2123 51 47 ge-

1781 2171 145 66 geben
1951 2173 92 55 hat,
2076 2173 257 50 hoffentlich
2361 2175 173 49 kommt
2557 2194 48 30 er
2628 2178 112 47 aber
2761 2178 122 49 nicht
2911 2180 106 47 sehr
3045 2182 63 46 oft
3136 2181 168 49 darauf

1780 2251 183 47 zurück.
2024 2251 152 47 Wenn
2209 2269 103 30 man
2344 2253 106 57 will,
2493 2255 54 45 ist
2576 2255 77 47 das
2687 2256 166 47 freilich
2885 2258 236 49 classische
3150 2260 146 48 Musik

1781 2327 362 66 (wahrhaftig?),
2175 2328 110 49 aber
2316 2331 190 63 populär
2535 2332 112 47 wird
2678 2333 61 47 sie
2768 2333 71 49 nie
2862 2335 198 48 werden.
3093 2337 82 47 Die
3197 2354 74 31 vor-

1777 2406 229 48 treffliche
2031 2407 306 65 Ausführung
2369 2426 97 31 war
2495 2411 171 65 nöthig,
2698 2429 74 30 um
2805 2415 190 45 manche
3018 2415 166 48 Stellen
3216 2432 78 32 vor

1778 2483 173 64 einiger
1983 2483 245 48 modernen
2261 2486 254 48 Heiterkeit
2551 2506 49 29 zu
2958 2491 122 57 Nun,
3123 2491 79 49 das
3245 2493 54 47 ist

1780 2562 270 63 wenigstens
2081 2562 242 66 aufrichtig
2353 2566 293 62 gesprochen.

1897 2641 90 47 Das
2045 2639 235 49 Publicum
2330 2641 143 48 dieser
2524 2643 221 48 Concerte
2794 2653 214 40 erneuert
3057 2646 110 56 sich,
3222 2646 72 49 die

1780 2717 226 48 Fremden
2049 2735 375 48 ausgenommen,
2467 2737 85 31 nur
2590 2722 165 63 wenig,
2794 2722 89 47 und
2925 2722 79 50 das
3042 2725 151 47 macht
3221 2725 70 48 die

1777 2796 288 64 Aufstellung
2095 2797 80 47 der
2200 2798 300 64 Programme
2528 2799 254 66 schwierig.
2815 2801 58 47 Es
2905 2801 75 48 hat
3008 2802 120 47 seine
3158 2802 108 50 Lieb-

1778 2873 119 65 linge
1930 2881 129 40 unter
2082 2873 85 48 den
2195 2874 321 66 Componisten
2548 2877 90 47 und
2671 2893 83 32 von
2786 2877 125 49 ihren
2941 2878 207 50 Werken
3179 2881 113 47 auch

1778 2952 169 48 wieder
1983 2953 122 47 seine
2134 2953 235 65 Mignons;
2411 2954 119 49 diese
2572 2965 217 39 erwartet
2826 2973 47 31 es
2916 2958 77 47 mit
3037 2957 257 66 Ungeduld,

1778 3047 74 29 um
1897 3032 63 46 sie
2003 3047 70 31 wo
2116 3032 193 63 möglich
2349 3032 81 47 auf
2454 3032 311 66 Dacapo-Ruf
2794 3036 108 45 zwei
2933 3036 89 47 Mal
3052 3053 51 30 zu
3136 3036 156 48 hören.

1776 3107 79 47 Bei
1898 3108 183 47 solchen
2128 3107 273 49 Umständen
2453 3108 118 50 kann
2622 3128 86 31 nur
2749 3111 70 48 ein
2862 3112 223 65 Dirigent,
3134 3112 156 48 dessen

1776 3186 206 63 Stellung
2011 3202 48 32 so
2092 3186 80 48 fest
2201 3186 41 47 in
2274 3186 80 48 der
2384 3187 144 47 Gunst
2557 3187 77 48 des
2665 3188 260 48 Publicums
2962 3189 69 56 ist,
3070 3189 83 49 wie
3184 3191 80 47 Pas-

1776 3263 218 65 deloup's,
2038 3263 81 48 der
2145 3264 133 47 Kälte
2316 3264 80 47 der
2424 3266 208 47 Zuhörer
2662 3267 132 47 Trotz
2839 3267 165 56 bieten,
3048 3283 93 32 was
3183 3268 105 47 sehr

1776 3340 306 56 ehrenwerth,
2106 3340 111 49 aber
2241 3358 73 31 um
2340 3358 48 31 so
2411 3352 235 55 gewagter
2671 3361 111 37 war,
2812 3344 62 47 als
2899 3344 199 65 Haydn's
3122 3344 168 51 C-dur-

1773 3418 201 49 Sinfonie
2018 3418 91 48 und
2153 3419 356 48 Mendelssohn's
2544 3420 389 50 .A-c?wr-Sinfonie
2979 3423 144 48 neben
3170 3424 118 49 Bach

1772 3497 83 47 auf
1878 3497 100 48 dem
2011 3498 300 63 Programme
2339 3498 205 49 standen.
2577 3500 93 46 Vor
2699 3500 146 47 Allem
2878 3500 153 47 rächte
3059 3502 91 47 sich
3181 3502 111 48 aber

1772 3574 79 47 das
1897 3573 236 48 Publicum
2177 3574 141 47 durch
2377 3574 83 48 den
2516 3577 300 48 stürmischen
2862 3578 307 63 Dacapo-Ruf
3205 3594 82 32 von

1772 3652 296 48 Beethoven's
2101 3652 288 48 Balletmusik
2422 3671 99 29 zum
2556 3655 313 49 Prometheus.

1888 3732 47 45 In
1979 3729 85 48 den
2111 3729 236 66 folgenden
2391 3730 252 50 Concerten
2684 3733 130 48 hörte
2853 3749 103 32 man
2996 3734 294 47 Beethoven's

1772 3808 447 54 Pastoral-Sinfonie,
2276 3808 183 48 Gluck's
2509 3809 260 48 Ouvertüre
2824 3827 77 30 zur
2957 3810 231 65 Iphigenie
3244 3813 41 46 in

1771 3885 143 56 Aulis,
1956 3902 234 47 gemessen
2229 3885 89 47 und
2364 3885 76 47 mit
2482 3888 255 63 prächtiger
2770 3889 127 47 Fülle
2925 3887 82 49 der
3034 3888 226 48 Saiten-In-

1768 3970 250 41 strumente
2058 3970 319 56 vorgetragen,
2424 3964 216 48 während
2683 3967 58 45 im
2784 3967 154 47 Finale
2980 3965 79 47 der
3087 3965 200 49 Sinfonie

1770 4042 237 46 Posaunen
2040 4042 86 45 und
2163 4042 181 46 Hörner
2374 4043 121 47 nicht
2532 4044 161 47 immer
2732 4043 314 66 befriedigten,
3087 4044 198 48 Weber-

1771 4118 183 47 Berlioz'
1996 4118 340 65 Aufforderung
2379 4137 99 30 zum
2529 4120 166 56 Tanze,
2740 4122 70 47 die
3085 4120 89 49 und
3216 4122 71 48 die

3023 4199 31 50 7
