3591 4361
1796 105 102 48 122

307 252 199 51 welchen
546 249 148 50 hohen
739 248 90 50 und
875 246 377 52 wohlverdienten
1281 247 135 63 Rang
1453 261 160 32 unsere
1653 243 160 48 Bühne

307 331 171 47 damals
519 334 132 40 unter
691 326 86 48 den
816 326 190 48 Bühnen
1036 322 462 54 Norddeutschlands,
1540 319 272 50 namentlich

310 413 132 40 unter
470 403 78 47 der
579 403 228 47 Direction
844 402 76 47 des
956 402 81 45 Dr.
1061 398 304 56 Albrecht,
1404 398 226 47 einnahm.
1686 395 126 47 Viele

311 482 80 47 der
418 479 265 48 classischen
712 480 201 46 Dramen
943 493 80 31 von
1054 474 204 57 Schiller,
1287 475 331 64 Shakespeare,
1647 473 164 54 Göthe,

306 557 185 62 Lessing
522 555 91 47 und
642 554 211 48 Anderen
885 552 187 48 wurden
1105 550 43 47 in
1187 552 207 63 häufiger
1422 552 141 62 Folge
1590 548 222 66 gegeben,

306 633 115 47 eben
457 648 48 31 so
546 632 70 47 die
650 629 165 50 Stücke
854 644 83 31 von
978 627 186 59 Iffland,
1207 628 195 62 Ziegler,
1445 627 243 54 Schröder,
1729 627 80 45 Dr.

303 707 235 58 Albrecht,
581 707 89 47 und
707 704 271 48 namentlich
1014 703 72 48 die
1117 703 172 47 Kinder
1317 703 80 47 der
1425 701 384 49 Kotzebue'schen

302 785 145 55 Muse,
489 799 48 32 so
578 783 81 45 wie
699 780 61 47 sie
801 780 116 48 nach
955 779 80 48 der
1064 779 143 48 Reihe
1244 795 78 32 ans
1352 779 256 62 Tageslicht
1642 785 167 47 traten;

304 859 148 48 ferner
480 858 70 47 die
579 856 179 64 Opern:
807 860 176 52 „Axur,
1012 855 150 62 König
1191 872 81 30 von
1550 853 88 47 und
1680 853 103 55 „Pal-

487 950 84 30 von
605 933 177 55 Salieri,
842 935 123 53 „Der
1416 947 82 30 von
1544 929 265 57 Cherubini,

302 1009 89 48 und
421 1009 272 47 namentlich
724 1009 71 47 die
816 1006 327 51 Mozart'schen
1163 1008 173 62 Opern,
1376 1005 112 56 „Die
1510 1005 299 65 Entführung

302 1101 80 34 aus
411 1085 103 48 dem
1058 1085 128 53 „Don
1412 1082 91 49 und
1550 1082 113 56 „Die
1690 1085 91 46 Zau-

589 1161 163 48 sowie
805 1161 112 56 „Die
1299 1174 82 32 von
1409 1160 235 62 Zumsteg,
1696 1159 113 56 „Die

298 1239 240 48 heimliche
724 1254 81 30 von
837 1237 247 52 Cimarosa,
1408 1251 85 31 von
1525 1236 283 64 Wranitzky,

312 1316 205 56 „Zemire
556 1314 90 48 und
859 1311 91 48 und
989 1312 174 55 „Raoul
1503 1329 83 32 von
1632 1314 175 64 Gretry.

298 1392 174 47 Ferner
500 1390 70 47 die
598 1389 256 48 komischen
884 1389 184 63 Opern:
1108 1389 122 53 „Der
1260 1389 171 47 Doctor
1461 1387 89 49 und
1582 1389 79 47 der
1684 1390 92 63 Apo-

572 1467 200 62 „Betrug
825 1465 144 48 durch
1474 1466 333 65 „Hieronymus

583 1540 90 48 und
726 1542 121 55 „Das
890 1541 129 48 rothe
1392 1559 81 30 von
1517 1542 289 56 Dittersdorf,

306 1620 113 56 „Die
440 1618 287 49 Schwestern
748 1635 84 32 von
1044 1617 90 48 und
1174 1620 121 53 „Das
1719 1636 83 31 von

297 1696 192 49 Wenzel
515 1696 182 57 Müller,
738 1697 121 55 „Der
887 1695 157 48 Teufel
1074 1695 53 47 ist
1284 1695 132 48 oder:
1456 1696 113 54 „Die
1599 1711 174 32 verwan-

294 1772 149 48 delten
722 1787 84 32 von
832 1771 179 49 Weisse
1033 1770 89 48 und
1146 1770 147 48 Adam
1319 1772 160 55 Hiller,
1517 1772 113 55 „Die

294 1866 84 31 von
400 1850 161 54 Hiller,
1201 1863 83 34 von
1308 1848 211 55 Hensler,
1547 1850 146 47 Musik
1717 1866 82 31 von

1215 1907 13 15 *

292 1926 174 54 Kauer,
500 1924 112 56 „Die
636 1924 160 47 beiden
1087 1923 112 56 „Die
1670 1926 131 48 oder:

304 2002 115 56 „Die
865 2002 90 47 und
995 2002 122 56 „Der
1498 2018 84 32 von
1613 2003 158 48 Schika-

292 2077 184 62 neder*)
503 2093 40 31 u.
572 2092 32 31 s.
636 2092 39 29 w

377 2153 127 56 „Alle
532 2156 236 61 grösseren
800 2153 277 48 Concerte
1116 2153 161 48 fanden
1317 2153 217 48 ebenfalls
1563 2154 58 47 im
1663 2156 97 53 „Na-

840 2231 86 47 wie
953 2229 172 50 damals
1154 2247 133 31 unser
1309 2231 381 64 Schauspielhaus
1721 2250 51 45 ge-

289 2313 145 42 nannt
461 2304 176 59 wurde,
664 2305 129 49 Statt.
849 2307 113 47 Eine
989 2307 126 47 Serie
1144 2323 83 31 von
1258 2307 250 47 Concerten
1539 2308 43 47 in
1613 2307 85 48 den
1728 2325 47 30 er-

288 2391 98 40 sten
414 2383 171 48 Jahren
616 2383 115 47 hiess
765 2383 72 48 die
877 2421 17 19 „
904 2382 246 49 Academie

783 2496 10 11 .
570 2459 85 47 Die
680 2459 219 48 Concerte
920 2460 59 46 im
997 2460 409 64 Schauspielhause
1430 2460 216 47 brachten
1671 2462 128 45 thcils

284 2543 457 56 zusammengesetzte
757 2537 321 53 Musikstücke,
1103 2537 224 63 Vorträge
1343 2553 83 31 von
1449 2538 228 47 einzelnen
1699 2539 74 46 Vir-

284 2620 175 50 tuosen,
490 2612 91 48 und
609 2613 129 47 theils
768 2613 245 48 bestanden
1044 2613 224 48 dieselben
1307 2614 43 47 in
1388 2614 81 47 der
1498 2614 300 65 Aufführung

288 2707 83 30 von
404 2690 219 49 Cantaten
661 2690 70 47 bei
773 2692 226 47 festlichen
1031 2692 372 63 Gelegenheiten,
1444 2692 89 47 und
1563 2708 84 31 von
1679 2693 90 47 Ora-

287 2766 143 49 torien
472 2782 56 33 an
570 2766 284 49 christlichen
884 2768 254 62 Festtagen.
1193 2768 130 48 Auch
1366 2784 55 31 an
1454 2768 340 63 Gelegenheits-

292 2843 313 64 Componisten
625 2844 134 47 fehlte
781 2860 45 32 es
842 2844 134 48 nicht.
1004 2845 97 47 Der
1116 2844 385 49 Musik-Director
1522 2845 80 47 der
1620 2845 177 56 Bühne,

292 2921 84 46 Fr.
419 2921 200 55 Hiller,
659 2921 118 49 steht
814 2921 115 49 öfter
969 2923 63 47 als
1060 2923 177 47 solcher
1265 2930 216 56 genannt,
1521 2937 48 33 so
1601 2924 84 47 wie
1715 2925 82 46 Dr.

288 2996 270 50 Albrecht
585 2998 108 47 oder
720 2999 119 48 seine
863 2999 151 48 Gattin
1046 3000 62 47 als
1131 2999 235 48 Verfasser
1395 2999 77 48 des
1501 3001 180 47 Textes.
1712 3000 86 47 Die

291 3074 156 63 Opern
501 3074 121 54 „Der
1011 3075 90 48 und
1152 3078 124 54 „Der
1305 3076 126 65 Kopf
1463 3076 118 47 ohne

291 3149 190 48 wurden
504 3167 82 30 von
611 3150 100 47 dem
741 3151 169 49 damals
939 3154 181 63 längere
1140 3154 99 47 Zeit
1262 3154 97 47 hier
1380 3154 304 48 anwesenden
1709 3154 58 48 Ca-

291 3226 271 65 pellmeister
594 3226 179 48 Wölfl
805 3244 77 32 aus
914 3230 136 47 Wien
1080 3231 267 64 componirt.

377 3306 124 54 „Aus
531 3302 83 49 den
631 3304 399 66 Ankündigungen
1058 3306 78 48 der
1160 3309 220 47 Concerte
1407 3306 115 50 sieht
1550 3324 124 39 man,
1696 3306 101 50 dass

288 3379 93 49 sich
411 3379 308 49 fortwährend
758 3381 110 48 viele
896 3382 240 49 Virtuosen
1176 3384 139 48 hören
1356 3385 174 55 Hessen,
1574 3384 91 48 und
1696 3382 101 50 dass

289 3457 83 49 fast
398 3457 86 47 alle
511 3457 304 47 Instrumente
843 3466 220 41 vertreten
1087 3476 167 32 waren.
1282 3464 169 45 Ausser
1474 3462 208 64 Sängern
1705 3460 90 48 und

288 3534 309 64 Sängerinnen
633 3534 131 48 hörte
800 3551 103 32 man
934 3536 238 48 Virtuosen
1201 3537 81 49 auf
1305 3539 78 47 der
1413 3539 193 56 Violine,
1635 3539 162 56 Harfe,

289 3611 127 47 Flöte
445 3610 91 48 und
565 3611 296 58 Harmonica,
898 3612 81 49 auf
1002 3612 100 49 dem
1131 3615 158 56 Piano,
1327 3615 292 57 Violoncello,
1652 3616 120 48 Clari-

289 3692 137 51 nette,
457 3688 160 63 Fagott
649 3688 90 47 und
769 3690 149 56 Horn,
947 3688 92 49 und
1069 3706 91 32 was
1190 3691 129 47 dabei
1351 3691 243 50 besonders
1625 3694 76 47 für
1724 3692 71 49 die

292 3762 284 65 Tüchtigkeit
616 3763 76 50 des
721 3766 269 48 Orchesters
1036 3766 76 48 des
1152 3768 454 50 National-Theaters
1646 3779 149 56 zeugt,

294 3838 69 57 ist,
391 3838 100 49 dass
519 3840 69 47 die
616 3842 453 57 Instrumentalisten,
1098 3843 70 49 die
1196 3845 90 47 sich
1319 3845 140 48 hören
1489 3847 172 57 liessen,
1691 3865 101 30 zum

353 3953 40 47 *)
424 3956 93 40 »Die
544 3955 100 46 Jagd
649 3958 17 17 a
705 3956 76 35 und
811 3960 101 40 ,Das
941 3956 105 35 rothe
1348 3954 82 35 sind
1465 3957 50 34 im
1551 3958 103 35 März
1698 3958 97 38 1860

419 4016 50 34 im
498 4016 194 35 dresdener
720 4017 220 36 Hoftheater
966 4029 74 23 neu
1068 4016 202 36 einstudirt
1297 4017 164 45 gegeben
1490 4019 160 38 worden»

1886 258 185 48 Grossen
2103 243 156 48 Theile
2302 243 114 48 eben
2447 240 255 65 Mitglieder
2743 242 143 47 dieses
2924 242 270 48 Orchesters
3232 258 167 33 waren.

1886 319 130 48 Auch
2067 319 351 48 durchreisende
2461 318 309 48 musicalische
2808 318 303 48 Celebritäten
3154 318 247 49 verfehlten

1886 395 284 65 gewöhnlich
2201 397 138 56 nicht,
2367 397 91 45 sich
2490 395 145 63 einige
2662 394 95 46 Zeit
2787 394 42 46 in
2861 395 166 47 Altona
3058 395 302 49 aufzuhalten.

1971 472 188 54 „Neben
2188 472 86 48 den
2303 473 119 47 oben
2452 472 262 47 erwähnten
2745 469 338 48 musicalischen
3107 472 263 47 Aufführun-

1883 563 88 47 gen
1992 548 60 45 im
2076 549 438 47 Nalional-Theater
2543 547 88 46 und
2663 547 41 45 iti
2737 545 227 47 kleineren
2989 547 196 48 Localen
3212 547 187 48 wurden

1883 638 84 33 von
2004 624 139 48 1797
2178 642 54 30 an
2262 625 199 47 ziemlich
2497 623 288 64 regelmässig
2825 621 41 47 in
2898 621 80 47 der
3010 624 389 63 Hauptkirche

1884 695 132 65 (auch
2046 701 217 46 zuweilen
2302 700 42 47 in
2377 700 80 47 der
2486 701 273 46 Ottensener
2786 695 183 65 Kirche)
3013 714 56 31 an
3110 699 86 47 den
3239 699 136 48 christ-

1883 774 145 48 lichen
2072 776 301 64 Hauptfesten
2418 775 228 65 geistliche
2693 773 209 49 Musiken
2944 789 83 31 von
3076 773 101 48 dem
3229 775 172 48 Cantor

1881 851 101 47 Jun
1997 853 83 62 gel
2095 869 205 31 aussen
2330 853 282 63 aufgeführt.
2649 850 241 50 Dieselben
2922 854 179 43 müssen
3129 868 52 30 zu
3210 851 186 65 Anfang

1882 926 147 48 indess
2058 928 44 48 in
2129 929 106 47 sehr
2265 929 191 47 kleinem
2485 930 222 62 Umfange
2729 926 203 66 gegeben
2965 926 186 47 worden
3180 929 117 47 sein:
3327 928 72 48 die

1879 1004 113 47 Zahl
2027 1004 81 48 der
2133 1005 351 48 Mitwirkenden
2514 1005 190 48 bestand
2733 1011 147 42 zuerst
2907 1020 80 32 aus
3015 1004 104 47 acht
3148 1004 111 48 oder
3285 1004 113 48 zehn

1881 1080 223 63 Sängern,
2133 1080 90 47 und
2254 1080 339 65 grösstenteils
2625 1098 153 30 waren
2809 1098 46 30 es
2883 1096 86 32 nur
2993 1080 406 57 Vocal-Concerte,

1879 1157 297 47 vermuthlich
2216 1159 44 45 in
2303 1157 271 64 Begleitung
2618 1157 80 47 der
2726 1159 162 63 Orgel,
2930 1174 83 30 von
3055 1159 211 47 Männer-
3308 1159 90 47 und

1881 1231 407 50 Knabenstimmen
2319 1234 287 62 ausgeführt.
2662 1234 161 63 Später
2851 1234 165 64 jedoch
3055 1234 196 48 nahmen
3283 1234 115 48 auch

1881 1309 119 48 diese
2025 1310 223 48 Concerte
2277 1310 98 48 eine
2405 1312 208 61 grössere
2635 1310 274 62 Bedeutung
2938 1326 74 38 an,
3043 1326 129 31 wenn
3198 1311 62 47 sie
3283 1311 115 48 auch

1879 1385 122 48 nicht
2030 1386 162 47 immer
2226 1404 48 29 so
2314 1386 120 47 stark
2476 1385 168 48 besetzt
2673 1402 171 39 waren,
2888 1385 85 45 wie
3015 1387 384 47 ausnahmsweise

1878 1479 72 30 am
1982 1471 147 39 ersten
2157 1463 409 64 Weihnachlstage
2604 1461 159 57 1803,
2795 1479 55 30 an
2881 1462 219 47 welchem
3132 1462 151 48 Chöre
3312 1480 81 32 aus

1875 1538 218 49 Händel's
2122 1541 185 47 Messias
2338 1556 81 31 von
2453 1540 168 63 fünfzig
2654 1541 227 46 Personen
2926 1555 233 48 gesungen
3191 1540 203 48 wurden.

1875 1615 65 47 Im
1966 1616 122 47 März
2124 1615 140 49 1802
2298 1616 89 47 und
2424 1615 140 49 1803
2597 1615 159 48 wurde
2785 1616 99 47 eine
2914 1615 375 59 Passionsmusik,
3309 1632 85 33 von

1873 1693 330 64 Jungclaussen
2232 1692 138 48 selbst
2397 1692 270 65 componirt,
2696 1692 286 64 aufgeführt.

1962 1770 164 54 „Eines
2156 1770 280 47 besonderen
2469 1770 196 47 Instituts
2701 1785 80 32 aus
2815 1768 134 65 jener
2975 1770 98 45 Zeit
3102 1771 179 46 müssen
3312 1770 84 47 wir

1873 1844 217 50 ebenfalls
2118 1847 255 63 gedenken,
2410 1847 191 47 nämlich
2632 1846 78 48 des
2738 1862 48 32 so
2817 1853 259 57 genannten
3121 1846 238 64 „Sänger-

2141 1924 161 46 Zuerst
2343 1923 173 47 scheint
2563 1922 207 48 derselbe
2825 1923 79 47 mit
2947 1922 320 63 Chorsängern
3316 1922 78 49 des

1873 1999 221 49 Theaters
2137 1999 166 49 besetzt
2344 2017 211 47 gewesen
2590 2018 53 30 zu
2686 2001 115 54 sein;
2844 2001 59 47 im
2932 1999 141 47 Jahre
3110 1998 142 48 1800
3283 1999 111 49 aber

1873 2076 160 47 erhielt
2061 2076 80 47 der
2171 2077 172 47 Cantor
2368 2077 408 62 Jungclaussen
2814 2076 71 47 die
2916 2076 196 62 Leitung
3142 2074 251 49 desselben.

1875 2152 82 47 Die
1976 2152 255 63 Mitglieder
2255 2152 191 48 wirkten
2471 2153 41 46 in
2537 2152 85 48 den
2649 2152 477 48 Kirchen-Concerten
3158 2151 92 48 und
3272 2151 119 49 beim

1873 2229 345 64 Choralsingen,
2260 2229 89 47 und
2387 2246 169 47 sangen
2594 2228 306 48 allmonatlich
2931 2228 112 48 oder
3071 2234 139 50 sonst,
3251 2244 48 32 so
3330 2229 63 47 oft

1872 2322 45 30 es
1936 2307 202 63 verlangt
2157 2307 143 52 ward,
2321 2307 43 47 in
2390 2307 85 47 den
2495 2308 207 46 Häusern
2728 2305 80 49 der
2831 2305 373 55 Subscribenten,
3219 2307 173 47 welche

1872 2382 142 47 dieses
2038 2384 177 46 Institut
2237 2387 324 44 unterstützten
2588 2382 89 48 und
2700 2382 138 48 dafür
2861 2382 243 48 monatlich
3129 2382 103 47 acht
3247 2382 120 48 Schil-

1873 2460 118 63 linge
2023 2459 247 48 bezahlten.
2307 2498 10 11 .
2348 2497 10 10 .
2389 2497 10 12 .

1958 2538 89 54 „Es
2070 2537 54 47 ist
2147 2537 215 53 bekannt,
2381 2537 99 48 dass
2503 2537 114 48 nach
2643 2537 224 62 Lessing's
2890 2535 266 49 Aufenthalt
3177 2534 43 48 in
3245 2535 108 49 Ham-

1874 2613 116 63 burg
2020 2613 163 63 (1767
2220 2614 64 47 bis
2321 2613 160 66 1770)
2522 2614 143 47 durch
2706 2613 156 48 dessen
2893 2612 198 48 Einfluss
3125 2612 90 47 und
3246 2612 142 48 durch

1870 2689 85 48 den
1997 2694 209 61 späteren
2237 2692 211 47 Director
2483 2690 231 50 Schröder
2754 2690 70 47 die
2855 2690 161 47 Bühne
3057 2689 199 48 daselbst
3294 2689 94 48 sich

1869 2768 121 47 eines
2020 2766 316 49 bedeutenden
2370 2768 334 63 Aufschwungs
2731 2768 213 47 erfreute.
2997 2766 84 47 Die
3123 2766 266 49 classischen

1873 2843 176 48 Werke
2079 2860 82 31 von
2192 2844 332 65 Shakespeare,
2552 2845 206 62 Lessing,
2789 2844 149 47 Göthe
2970 2843 90 47 und
3090 2843 190 47 Schiller
3311 2843 52 48 ka-

1870 2938 102 29 men
2004 2921 98 47 hier
2128 2929 148 41 zuerst
2310 2939 77 31 zur
2418 2923 214 62 Geltung,
2677 2921 90 47 und
2805 2938 84 30 von
2921 2921 157 64 Opern
3115 2928 150 39 zuerst
3292 2921 66 47 Mo-

1868 2999 131 47 zart's
2025 2999 327 63 „Entführung
2376 3015 79 31 aus
2477 2999 102 47 dem
2829 2998 117 48 dann
2971 2996 82 49 der
3086 2999 131 54 „Don

1870 3074 92 48 und
2002 3076 233 63 „Figaro's
2574 3078 207 45 Letztere
2811 3075 127 64 Oper
2969 3075 53 47 ist
3050 3074 43 48 in
3124 3074 168 48 Altona
3319 3076 73 47 nie

1869 3169 78 29 zur
1973 3153 304 64 Aufführung
2305 3154 299 63 gekommen;
2636 3153 207 64 dagegen
2874 3153 180 47 dürften
3086 3151 192 49 manche
3309 3169 52 31 an-

1869 3227 106 50 dere
2005 3230 234 48 classische
2272 3230 178 50 Werke
2491 3230 98 47 ihre
2629 3238 116 40 erste
2775 3229 302 63 Aufführung
3116 3229 45 48 in
3203 3245 189 32 unserer

1870 3306 187 64 Gegend
2089 3306 261 65 überhaupt
2392 3307 83 47 auf
2508 3324 254 30 unserem
2794 3307 199 47 Theater
3035 3305 146 48 erlebt
3223 3306 165 48 haben.

1873 3384 116 47 Was
2016 3384 59 47 im
2094 3384 231 66 Uebrigen
2356 3385 71 47 die
2444 3385 290 63 Repertoires
2762 3384 44 48 in
2837 3384 244 63 Hamburg
3112 3382 92 49 und
3233 3382 43 49 in
3307 3384 54 47 Al-

1869 3468 106 40 tona
2008 3459 233 57 brachten,
2269 3469 160 56 zeugte
2458 3478 83 30 von
2566 3461 102 47 dem
2695 3460 283 48 besonderen
3003 3460 282 47 Geschmack
3313 3459 79 49 des

1869 3536 255 66 damaligen
2157 3539 279 57 Publicums,
2474 3539 198 48 welcher
2701 3537 232 50 entweder
2964 3537 142 47 durch
3138 3536 85 48 den
3253 3539 113 45 senti-

1869 3615 226 48 mentalen
2118 3616 380 65 Rühr-Apparat,
2521 3615 86 48 den
2632 3616 70 47 die
2725 3615 483 63 Schauspiel-Dichter
3237 3615 43 47 in
3303 3615 58 48 Be-

1869 3709 197 47 wegung
2094 3701 182 50 setzten,
2305 3694 111 48 oder
2444 3694 144 47 durch
2612 3692 309 64 Vorführung
2949 3691 80 48 der
3058 3691 213 50 niederen
3297 3694 62 47 Ko-

1870 3768 88 47 mik
1985 3768 238 65 befriedigt
2245 3770 183 48 werden
2455 3779 184 45 musste,
2655 3768 90 49 und
2771 3770 150 47 ferner
2945 3768 260 65 überhaupt
3227 3768 164 56 davon,

1869 3845 117 57 dass,
2015 3846 219 49 trotzdem
2264 3847 71 48 die
2367 3847 169 65 Wiege
2565 3847 81 47 der
2676 3846 142 48 durch
2847 3846 189 63 Lessing
3076 3846 315 65 begründeten

1868 3939 49 31 so
1962 3931 255 56 genannten
2262 3923 283 66 hamburger
2582 3923 166 49 Schule
2791 3940 83 30 uns
2908 3940 50 32 so
2999 3925 119 47 nahe
3161 3941 113 38 war,
3317 3923 71 49 die

1872 4001 486 49 Hanswurst-Periode
2408 4002 42 48 in
2499 4001 81 48 der
2624 4001 267 48 Geschichte
2941 4001 80 48 der
3062 4001 327 64 Dramaturgie
