2524 4383
1140 4145 82 47 105

659 740 100 46 Sei«
780 739 200 58 gegrüßt
1013 742 46 44 in
1090 739 172 45 Deiner
1295 739 220 54 Kindheit
1549 763 50 6 —-—

658 801 145 43 Eines
834 799 177 57 bringst
1041 798 101 44 Du:
1173 794 515 59 Einsgefinntheiu

658 858 114 44 Wir
803 855 96 56 sind
933 859 93 43 eine
1056 855 154 56 Faust,
1243 857 68 43 die
1343 851 189 60 schlägt,

660 916 78 44 All
770 917 70 44 ein
871 916 184 45 Nacken
1088 927 101 39 nur,
1224 917 79 41 der
1334 910 151 59 trägt.

658 973 102 46 Alle
792 975 120 44 einer
944 976 193 43 Mutter
1168 971 157 55 Sohn,
1633 971 1 55 »

660 1033 77 44 All
770 1034 67 43 ein
869 1033 170 52 Knecht
1071 1032 45 44 in
1147 1027 298 57 Heeresfron.

659 1092 170 44 Keiner
860 1092 96 43 will
987 1102 48 33 es
1067 1092 173 41 anders
1271 1087 163 55 haben,

660 1149 166 56 Liegen
859 1149 64 44 all
955 1149 60 43 im
1047 1143 414 60 Schützengrabem

660 1207 178 53 Hatten
872 1204 117 58 sonst
1020 1206 128 56 wohl
1178 1205 91 44 viel
1300 1203 247 54 Gesichter:

659 1265 252 48 Leutnant,
943 1263 338 46 Arbeitsmann
1314 1266 93 41 und
1438 1260 200 58 Dichter.

660 1323 146 53 Heute
838 1322 90 57 gilt
960 1335 90 32 nur
1082 1323 93 43 eine
1207 1322 172 51 Miene,

662 1379 89 46 Die
782 1384 98 40 dem
912 1380 144 56 besten
1089 1379 170 55 Spiele
1290 1382 139 51 diene,

663 1434 126 60 Böse
820 1440 169 43 Mine
1019 1435 82 59 für
1133 1440 68 42 die
1231 1436 180 54 Feinde,

662 1495 311 58 Sprengstoss
999 1494 83 55 für
1114 1497 68 44 die
1212 1494 355 57 Haßgemeinda

662 1553 245 57 Deutscher
939 1552 170 58 schützt,
1143 1567 105 32 was
1280 1552 248 56 Deutscher
1558 1552 131 58 baut,

661 1614 173 52 Wehrt
867 1612 79 56 sich
980 1626 90 32 nur
1102 1617 78 40 der
1213 1614 155 54 eignen
1401 1612 146 53 Haut.

661 1671 119 45 Will
814 1673 114 54 nicht
959 1671 190 45 buntem
1181 1671 334 55 Gallierhahne

660 1727 179 53 Federn
872 1729 153 55 reißen
1059 1742 89 32 aus
1179 1733 80 40 der
1288 1728 173 54 Fahne.

661 1789 131 54 Mag
824 1792 79 40 der
935 1785 109 48 Bär
1076 1789 84 44 mit
1192 1791 197 40 wunden
1420 1785 166 56 Tatzen

663 1847 258 55 Ungestutzt
954 1849 106 52 nach
1094 1845 153 54 Hause
1279 1845 189 54 kratzen.

660 1903 131 55 Laßt
824 1907 68 42 die
924 1904 129 56 gelbe
1083 1899 363 58 Löwenmähnu

662 1960 214 47 Drinnen
904 1962 96 56 sitzt
1033 1975 89 32 nur
1153 1963 67 42 die
1252 1957 177 60 Hyäne.

661 2020 187 46 Wollen
881 2022 150 43 Eins
1062 2024 79 40 der
1170 2019 133 45 Welt
1336 2017 255 47 verleiden:

662 2076 289 60 Adlersiügel
982 2092 52 40 zu
1066 2076 297 56 befchneidem

663 2137 178 54 Unsern
872 2137 135 45 Atem
1037 2149 53 41 zu
1122 2132 279 59 bedrängen,

663 2194 183 56 Unsern
878 2194 272 56 Herzschlag
1183 2190 362 59 einzuzwängem

662 2252 308 55 Deutschland
1003 2251 87 55 auf
1120 2257 80 40 der
1229 2252 148 54 Brust
1407 2264 54 41 zu
1492 2251 171 46 knieen:

662 2313 110 54 Erst
803 2311 244 57 Besiegten
1080 2310 100 54 sei’s
1212 2311 247 52 verziehen.

661 2367 314 57 Deutschland
1007 2370 97 44 will
1138 2370 82 43 mit
1253 2368 193 44 breitem
1476 2366 157 47 Tritte

662 2427 239 54 Schreiten
933 2427 147 56 große
1111 2426 356 56 Ehrenschritta

663 2487 105 44 Und
801 2485 106 46 weil
939 2488 225 51 Manches
1197 2498 90 31 uns
1318 2486 228 55 gelungen

662 2545 135 53 Trotz
829 2550 99 39 dem
958 2544 124 45 Neid
1116 2549 79 39 des
1226 2543 321 55 Nibelungem

662 2602 158 45 Karls
852 2607 78 40 des
963 2602 194 56 Großen
1189 2600 457 56 Kronenspannung,

661 2660 205 56 Luthers
899 2657 217 60 mächtige
1147 2661 327 54 Ermannung,

664 2719 205 53 Goethes
902 2719 154 53 Glanz
1090 2722 92 41 und
1213 2718 169 53 Heines
1415 2715 213 56 Gleißen,

662 2777 274 46 Bismarcks
966 2774 681 56 Reichszusammenschweißem

661 2833 166 73 Hosen
860 2838 104 48 wir,
998 2835 94 55 daß
1126 2837 107 50 auch
1267 2838 88 40 das
1386 2833 254 56 Schwerste

660 2893 212 56 Frol)lich
907 2892 183 56 schließe
1121 2906 62 32 an
1217 2898 89 39 das
1337 2893 146 53 Erste.

660 2951 107 46 Vor
800 2956 79 41 des
910 2951 182 52 Reiches
1122 2951 419 55 Festungsmauern

662 3010 162 57 Stehn
857 3010 257 55 mitErnst
1144 3010 103 53 wir,
1282 3010 114 54 nicht
1429 3009 44 44 in
1506 3007 234 47 Trauern.

660 3068 172 45 Treten
866 3069 62 44 all
961 3071 84 41 den
1078 3068 190 56 gleichen
1300 3065 206 56 Marsch,
1551 3065 2 59 :

662 3126 244 52 Freunden
938 3123 82 58 füß
1053 3129 94 42 und
1178 3125 199 53 Feinden
1410 3122 174 59 barsch.

1130 3200 24 23 W

662 3241 161 47 Neues
853 3242 151 57 Jahr,
1038 3254 90 33 aus
1159 3242 171 44 Deiner
1361 3237 150 50 Blüte

662 3298 130 55 Fällt
826 3303 68 42 ein
927 3299 147 47 Blatt
1109 3313 61 32 an
1201 3301 143 49 jedem
1377 3299 118 56 Tag,

665 3361 105 43 Mit
801 3359 272 56 gelassenem
1106 3355 196 49 Gemüte

662 3418 107 45 Tun
803 3422 92 39 und
928 3419 186 50 nehmen
1146 3418 90 43 wir
1267 3421 84 39 den
1384 3415 195 56 Schlag.

660 3476 183 53 Kannst
874 3488 89 32 uns
996 3478 115 49 nicht
1144 3475 127 55 mehr
1302 3472 272 57 überfallen,

664 3534 77 45 Ob
774 3535 67 43 die
872 3529 190 60 Lösung
1094 3536 109 53 nah,
1238 3531 58 46 ob
1330 3531 151 57 ferne:

663 3593 116 45 Nur
810 3593 68 44 ein
910 3590 193 47 Muskel
1134 3593 45 43 in
1213 3603 89 32 uns
1335 3592 120 43 allen
1489 3613 55 7 «—-

662 3651 78 47 So
773 3651 211 57 bewegen
1016 3651 90 44 wir
1139 3648 298 47 die-Sterne!

881 519 103 33 eues
1014 505 140 60 Jahr
1182 530 59 17 —-
1270 504 140 57 Jahr
1441 507 80 43 des
1551 502 336 58 Entfcheidens,

910 565 137 57 Jahr
1079 569 79 41 des
1187 565 222 55 Ringens,
1441 562 141 56 Jahr
1612 566 80 42 des
1722 561 223 47 Leidens!

910 624 218 57 Fragend
1161 622 119 53 stehn
1313 623 90 44 wir
1435 634 62 31 an
1530 626 80 41 der
1638 621 178 57 Wiege,

910 685 128 43 Was
1069 683 44 43 in
1146 679 92 46 Dir
1268 679 259 57 verborgen
1560 681 125 55 liege.

1771 3646 156 55 Franz
1950 3642 219 59 Dülberg
