2738 4371
1367 4142 83 49 118

352 472 160 95 Das
544 507 255 58 preußische
830 506 155 59 Ideal
1016 508 51 56 ist
1097 511 80 42 des
1211 510 245 44 modernen
1488 505 247 60 Menschen
1765 508 123 55 Zgerr
1918 511 263 54 geworden.
2211 505 109 47 Das
2341 507 108 47 war

355 578 203 62 möglich,
591 580 106 47 weil
728 594 49 31 er
798 581 301 46 vollkommen
1120 575 360 62 unschöpferisch
1513 584 97 41 und
1642 579 107 47 weil
1777 594 49 32 es
1849 577 139 59 älter,
2020 577 185 59 stärker,
2238 580 122 45 edler
2381 581 67 55 ist.

352 655 101 46 Der
486 659 213 41 moderne
730 653 182 55 Mensch
945 653 98 45 will
1076 653 195 58 erliegen
1304 653 73 45 bis
1407 666 83 41 zur
1511 652 515 59 Selbstvergeisenheitx
2058 656 91 43 das
2172 652 162 57 leistete
2355 653 94 55 ihm

352 731 82 42 der
455 729 161 55 Krieg,
650 726 79 46 als
761 730 89 42 das
872 723 307 60 Verhängnis
1201 730 80 41 der
1305 727 298 55 allgemeinen
1624 726 332 58 Vermehrung.
2009 726 106 46 Und
2139 739 47 33 er
2209 726 96 46 will
2328 726 121 46 einer

352 800 129 58 Lage
512 799 168 58 endlich
713 798 173 47 einmal
908 798 258 59 gewachsen
1189 798 118 56 fein:
1339 802 89 42 das
1461 799 161 57 leistete
1655 800 94 55 ihm
1781 803 88 42 das
1892 798 259 58 preußische
2171 798 166 57 Ideal,
2370 798 79 47 als

354 875 68 44 die
445 877 255 42 errettende
721 870 155 57 Kraft
900 875 92 42 und
1015 872 207 56 Tugend.
1267 872 94 45 Ein
1386 871 373 55 Menschenalter
1782 871 127 57 schon
1933 896 53 8 —-
2009 872 132 53 Freie
2162 872 259 47 Studenten-

356 945 162 58 schaftz
551 938 466 64 Kulturpädagogik,
1059 944 369 57 Wandervogel,
1470 942 436 60 staatsbürgerliche
1936 946 262 55 Erziehung
2229 969 56 40 —-k
2317 946 132 53 hatte

354 1023 91 43 das
479 1018 260 58 preußische
769 1018 152 58 Ideal
963 1022 93 42 und
1090 1016 176 59 speziell
1292 1017 149 56 Fichte
1473 1017 92 57 fast
1595 1031 102 41 zum
1728 1017 299 48 Dominieren
2058 1017 232 57 gebracht.
2339 1016 109 47 Das

354 1088 263 61 unerhörte
650 1096 79 41 des
751 1092 197 56 Krieges
980 1092 65 55 ist,
1078 1090 94 57 daß
1206 1094 100 42 dem
1338 1090 285 57 preußischen
1645 1090 155 57 Ideal
1831 1093 92 43 und
1946 1090 149 56 Fichte
2125 1094 80 41 der
2236 1093 213 42 moderne

356 1165 123 57 Geist
511 1165 156 56 selber,
711 1168 92 42 und
847 1168 88 42 das
967 1163 126 57 heißt
1133 1165 51 55 ja
1227 1165 73 53 ihr
1331 1163 327 57 feindseligster
1699 1162 261 58 Gegensatz,
2004 1165 47 43 in
2093 1165 141 43 einem
2271 1161 178 59 großen

352 1236 204 56 Rausche
589 1235 384 60 anheimgefallen
1015 1238 66 55 ist.
1126 1238 73 43 Er
1231 1238 50 54 ist
1313 1241 89 41 das
1433 1236 153 56 Weib,
1631 1240 90 42 das
1760 1240 99 42 dem
1901 1233 430 60 stärkstengManne
2369 1234 78 57 sich

354 1310 171 58 ergibt.
570 1310 113 46 Von
714 1314 99 42 dem
845 1306 149 61 hängt
1026 1322 48 33 es
1105 1322 95 34 nun
1231 1309 77 57 ab,
1341 1322 108 33 was
1481 1322 91 32 aus
1603 1310 74 57 ihr
1709 1312 103 52 noch
1845 1313 184 43 werden
2061 1310 136 45 kann.

354 1653 152 95 Der
536 1690 149 57 Krieg
716 1688 121 48 kann
869 1690 117 55 nicht
1017 1690 127 55 mehr
1177 1687 207 59 schaffen,
1430 1690 69 45 ein
1532 1690 86 44 wie
1649 1690 140 55 hoher
1819 1690 142 45 Wert
2006 1702 48 32 er
2086 1688 133 58 selbst
2250 1687 75 55 sei.
2376 1690 73 44 Er

355 1765 123 43 wird
511 1761 431 59 weltgeschichtliche
973 1762 176 57 Folgen
1181 1763 163 56 haben,
1377 1759 82 60 für
1493 1764 68 44 die
1584 1761 248 57 Geschichte
1862 1766 79 42 des
1962 1761 245 58 Menschen
2238 1761 209 47 bedeutet

356 1848 48 33 er
436 1837 163 55 wenig.
660 1835 81 46 Da
773 1834 199 58 herrscht
1005 1839 102 51 noch
1142 1837 68 44 die
1241 1833 420 59 Selbsttäuschung
1692 1839 80 41 der
1803 1834 329 58 Berauschtem
2182 1834 89 46 Die
2303 1834 143 58 Fülle,

354 1909 69 44 die
456 1908 56 55 sie
542 1906 175 59 fühlen,
751 1908 162 57 halten
945 1908 56 54 sie
1023 1906 83 57 für
1132 1904 301 61 schöpferisch.
1478 1909 71 44 Es
1572 1909 52 55 ist
1652 1908 113 45 aber
1795 1909 92 44 eine
1913 1906 106 59 jähe
2039 1908 410 57 Jugendwallung

355 1981 123 45 einer
512 1982 244 46 alternden
777 1981 150 46 Welt.
972 1979 101 57 Auf
1095 1981 113 48 1870
1238 1979 185 59 folgten
1440 1982 75 44 die
1539 1977 370 59 Gründerjahre
1941 1981 127 56 Ietzt
2090 1982 120 44 wird
2235 1979 214 57 dasselbe

354 2055 63 44 im
448 2052 232 57 Weltstile
712 2052 171 59 folgen,
926 2057 133 51 durch
1091 2052 171 57 Masse,
1309 2055 164 53 Macht
1514 2057 94 42 und
1641 2053 146 52 Feuer
1823 2053 334 55 unkenntlicher
2188 2056 261 54 geworden.

354 2123 226 48 Daneben
613 2125 94 46 lebt
740 2131 89 41 das
860 2125 180 58 Junge,
1081 2130 107 51 nach
1221 2127 85 45 wie
1337 2139 111 34 vor:
1488 2128 68 44 die
1596 2139 141 33 neuen
1767 2128 179 54 Werte,
1993 2130 80 42 der
2104 2139 108 33 neue
2243 2124 203 58 Mensch,

352 2199 72 44 die
457 2212 108 32 neue
596 2198 149 47 Welt.
791 2199 127 45 Aber
956 2203 90 42 das
1086 2199 149 46 bleibt
1267 2200 174 56 geheim
1483 2203 94 42 und
1622 2198 231 58 mißkennt
1895 2203 109 43 oder
2035 2198 287 57 verwechselt
2355 2198 93 56 sich.

354 2271 72 44 Es
458 2272 51 56 ist
541 2272 126 56 mehr
699 2275 156 43 davon
886 2274 46 44 in
964 2275 80 50 der
1076 2275 145 54 echten
1263 2276 94 42 und
1389 2271 178 58 großen
1599 2271 266 48 Dcscadenee
1902 2275 93 43 und
2036 2273 61 45 im
2129 2268 320 61 europäischen

354 2343 296 55 Nil)ilismus
693 2344 78 47 als
815 2346 46 44 in
893 2346 65 44 all
990 2349 100 41 dem
1121 2344 253 58 positiven,
1420 2358 107 33 was
1557 2346 98 55 jetzt
1687 2346 306 56 triumphiert
2035 2348 92 43 und
2171 2346 69 45 die
2269 2344 179 57 Außen-

355 2416 197 57 Zukunft
583 2415 226 59 glänzend
843 2417 224 58 gestalten
1099 2419 136 45 wird.
1292 2419 72 44 Es
1397 2414 131 49 wäre
1559 2417 176 55 sinnlos
1767 2418 163 55 hieran
1960 2430 54 41 zu
2045 2419 225 52 erinnern,
2315 2429 134 34 wenn

354 2490 118 56 nicht
505 2491 69 44 die
605 2489 306 58 verzweifelte
941 2489 244 59 Hoffnung
1216 2490 160 56 bliebe,
1411 2490 94 57 daß
1541 2493 208 53 mancher
1779 2492 200 55 dadurch
2012 2503 63 33 an
2107 2489 79 57 sich
2219 2488 135 58 selbst
2385 2504 42 32 er-

354 2563 154 45 innert
540 2567 91 41 und
665 2564 46 45 in
744 2563 160 53 seinem
925 2563 285 56 Einsamsten
1241 2567 94 42 und
1359 2563 166 57 Besten
1557 2560 201 60 bestärkt
1790 2564 137 45 wird.
1973 2562 100 47 Der
2102 2562 124 57 Geist
2256 2563 194 56 braucht

356 2637 105 53 noch
493 2634 195 58 tausend
719 2635 163 58 Jahre
914 2635 322 58 unterirdische
1266 2635 181 58 Arbeit,
1493 2635 75 47 bis
1600 2649 49 33 er
1680 2639 116 52 dazu
1828 2634 92 59 reif
1946 2640 245 54 geworden
2223 2637 65 56 ist,
2332 2634 118 58 seine

354 2706 365 59 Erdherrschaft
751 2715 285 49 anzutreten.
1811 2706 2 59 «
2388 2706 2 59 l

1977 2794 169 44 Rudolf
2163 2794 197 45 Pannwitz
