2662 4272
1251 3941 76 40 225

949 436 299 67 Hunger
1300 436 321 67 Schiller

1031 570 149 47 Eine
1235 571 310 54 Bornotiz

284 686 176 93 Wir
504 720 147 53 hatten
693 721 77 46 den
813 721 152 45 Sturm
1012 726 81 45 und
1136 721 157 55 Drang
1333 723 202 54 entdeckt;
1579 722 350 55 historisierendes
1974 720 329 57 llberraschtsein

281 788 126 53 befiel
442 800 94 33 uns.
598 788 91 46 Bei
725 789 104 45 aller
866 787 240 55 Zremdheit
1139 789 76 45 des
1253 788 204 55 Rekoko,
1492 790 75 44 der
1601 789 171 53 peinlich
1808 789 220 54 bewußten
2064 787 240 55 Kraftgeste

277 854 75 45 der
398 854 321 55 ,,genialischen«
765 855 191 52 Dichter:
1034 855 79 45 wir
1151 855 170 54 spiirten
1360 856 97 53 doch
1499 855 162 55 Größe.
1727 857 94 45 Der
1859 856 155 54 heitere
2053 855 135 54 Glanz
2228 854 75 45 des

280 921 154 54 jungen
465 921 181 59 Goethe,
677 921 65 47 die
773 921 150 47 dunkle
956 921 200 48 Wirrnis
1186 921 194 56 Lenzens,
1408 923 83 54 sein
1522 921 339 56 Wahusiuustod
1889 923 74 54 auf
1994 923 113 45 einer
2139 921 165 53 Straße

282 988 229 46 Moskans
551 1020 11 14 .
592 1020 13 13 .
634 1001 29 33 .:
702 989 80 45 wir
819 988 178 53 nahmen
1039 989 108 54 diese
1183 988 149 46 Daten
1367 989 205 54 ergriffen
1609 989 85 54 hin.

423 1067 122 49 Aber
589 1080 93 33 was
726 1068 85 53 sind
855 1067 106 54 diese
1007 1067 217 54 geröteten
1268 1066 344 60 Leidenschaft-en,
1655 1067 66 46 die
1763 1067 206 46 tebenden
2014 1066 160 47 Werte
2219 1066 82 45 nnd

281 1133 191 55 Szenen?
520 1159 52 6 —
617 1135 94 45 Der
754 1135 112 54 Tanz
909 1146 68 34 um
1019 1137 79 44 den
1144 1133 369 55 KraftnrenschentD
1585 1133 95 46 Der
1723 1133 199 47 tlbermut
1965 1135 77 45 des
2085 1133 216 53 Lachens?

283 1201 86 46 Die
413 1201 298 54 Verhöhnuug
754 1202 76 45 des
874 1201 265 46 Jntellekts?
1212 1201 67 54 Jst
1325 1201 92 44 dies
1456 1201 135 53 unse
1611 1213 58 32 re
1713 1200 282 55 Opposition?

423 1278 150 55 Dieser
606 1277 239 48 Studenten
877 1278 176 54 Kampf:
1103 1291 47 33 er
1182 1278 251 53 vergeudete
1468 1278 284 54 Jntensitäteu
1786 1290 55 35 an
1875 1277 313 56 Richtigkeiteu
2224 1276 79 45 wie

279 1346 235 54 ästhetische
555 1346 177 54 Gesetze.
802 1346 110 54 Jhre
955 1344 333 57 Leidenschaften
1331 1356 145 34 waren
1520 1344 167 54 Triebe,
1727 1345 108 53 ohne
1878 1344 304 56 Gegenstände;
2225 1345 75 45 der

281 1412 181 54 Primat
497 1413 75 46 des
605 1412 202 55 Gefiihls:
858 1412 245 55 schlimmere
1136 1411 223 46 Reaktion
1393 1412 69 45 als
1494 1412 75 45 der
1605 1411 207 54 oerhaßte
1843 1410 350 47 Rationalismus
2227 1412 74 44 der

279 1480 256 53 Aufkläreu
605 1480 120 45 Man
766 1480 142 45 wende
953 1478 106 54 nicht
1100 1478 80 54 ein,
1222 1479 84 53 daß
1351 1478 88 46 eine
1480 1477 266 46 Generation
1787 1476 75 56 sich
1903 1490 85 33 von
2028 1478 77 45 den
2145 1478 155 55 Fesseln

281 1558 83 33 von
401 1545 315 56 Schulmeistern
751 1545 189 55 befreite,
976 1546 56 44 da
1066 1546 52 53 sie
1153 1544 233 56 gegeniiber
1424 1544 113 49 einer
1574 1544 315 45 vertrockneten
1925 1544 272 54 Hirnlichkeit
2235 1544 66 54 ihr

282 1613 150 54 junges
481 1612 115 45 Blut
641 1612 132 54 pries.
850 1612 135 54 Hatte
1035 1612 105 54 diese
1190 1611 275 55 Hirnlichkeit
1514 1610 100 54 doch
1665 1610 245 55 wenigstens
1958 1610 212 55 Richtung
2218 1612 82 44 nnd

281 1679 161 46 Willen
475 1678 168 55 gehabt.
705 1678 87 46 Die
826 1676 337 57 Propagierung
1198 1690 84 33 von
1314 1677 228 56 (,,reiner«)
1577 1678 162 54 Kraft?
1805 1677 121 49 Aber
1963 1678 80 45 das
2078 1678 47 55 ist
2158 1678 44 54 ja
2236 1678 65 45 die

279 1745 318 55 Hypertrophie
628 1746 76 45 des
735 1744 334 56 Asthetizismns
1098 1745 56 46 da
1183 1744 134 56 Kraft
1347 1756 79 34 nur
1455 1745 66 45 ein
1553 1744 156 46 Mittel
1738 1743 62 57 ist.

422 1823 170 53 Zwecke
625 1823 230 55 allerdings
888 1822 147 54 hatten
1069 1823 65 46 die
1170 1821 200 47 Stiirmer
1403 1823 82 45 nnd
1519 1821 204 56 Driinger
1757 1822 122 55 nicht,
1911 1822 103 47 aber
2050 1822 98 54 auch
2184 1821 117 46 keine

281 1890 130 54 Ziele.
474 1890 77 46 Sie
585 1890 162 45 blieben
781 1890 74 54 auf
888 1890 68 54 ihr
992 1889 201 46 Grlebuis
1227 1889 254 55 beschränkt.
1543 1889 91 46 Nie
1669 1901 144 34 waren
1848 1890 52 54 sie
1936 1888 228 56 Wissende.
2225 1889 77 45 Sie

281 1970 145 33 waren
455 1956 153 54 reicher
638 1958 83 44 nnd
748 1956 180 54 heiterer
958 1956 69 46 als
1054 1956 90 54 ihre
1174 1956 311 55 Widersacher:
1527 1956 54 54 sie
1607 1968 145 34 waren
1784 1956 185 55 Jugend.
2026 1956 76 46 Sie
2133 1956 168 55 spiirteu

279 2024 68 47 die
382 2024 117 47 Grde
534 2024 68 45 als
638 2023 185 55 siuulikhe
859 2022 298 55 Wirklichkeit
1192 2024 83 45 und
1311 2024 250 53 eutnahmen
1596 2022 67 54 ihr
1701 2022 159 56 Frische
1896 2024 82 44 und
2017 2022 146 55 Kraft.
2224 2022 77 46 Sie

281 2090 141 55 flohen
453 2104 46 41 zu
533 2090 66 54 ihr
633 2104 81 32 aus
748 2090 322 46 Konventionen
1102 2091 84 45 nnd
1219 2090 156 55 steriler
1407 2089 269 56 Zivilisation
1708 2089 68 56 (sie
1814 2089 123 55 fielen
1971 2090 76 54 auf
2083 2089 218 53 Ronssean

281 2159 100 46 dort
418 2158 153 53 hinein,
608 2170 66 33 wo
712 2170 46 33 er
794 2170 70 33 am
903 2157 189 54 flachsteu
1129 2157 78 55 ists.
1274 2156 120 54 Doch
1435 2158 53 54 sie
1528 2158 135 54 gaben
1702 2158 73 45 der
1816 2156 115 47 Grde
1971 2156 132 54 nichts
2139 2156 158 55 zurück;

281 2226 53 53 sie
369 2225 216 55 steigerten
623 2226 53 53 sie
711 2224 108 54 nicht
855 2236 87 44 zum
978 2224 130 55 Geist.

422 2303 119 45 Man
576 2303 141 46 wollte
751 2303 65 47 die
852 2302 186 55 Freiheit
1073 2328 54 6 -——
1164 2302 76 46 des
1276 2301 205 55 Dichtens
1516 2303 83 45 nnd
1638 2302 297 55 Gmpfiudensz
1973 2314 96 34 man
2108 2301 170 54 identifi-

277 2370 126 54 zierte
437 2370 185 54 Freiheit
655 2370 75 46 mit
763 2369 167 48 Natur.
991 2370 101 45 Das
1127 2369 138 54 Recht
1297 2374 74 44 der
1405 2368 337 55 Persönlichkeit
1774 2370 120 45 ward
1930 2369 207 55 gekiiudet
2172 2379 129 44 gegen

279 2438 80 44 den
399 2437 166 54 Zwang
601 2438 75 47 der
713 2436 281 55 Gesellschaft,
1033 2436 67 46 als
1139 2436 132 54 dessen
1309 2435 384 56 Manifestatioueu
1730 2448 98 34 man
1866 2435 134 46 Staat
2039 2436 83 45 nnd
2163 2434 138 55 Gesetz

277 2504 147 54 ansah.
488 2503 120 46 Man
643 2502 105 48 wies
784 2504 75 54 auf
897 2503 64 46 die
998 2502 167 55 Ratnr,
1200 2515 67 34 wo
1302 2504 54 54 sie
1393 2515 69 34 am
1498 2503 175 55 reinsten
1713 2503 70 55 sei:
1839 2503 55 45 im
1934 2502 247 46 Triebleben
2218 2503 83 43 und

280 2570 425 54 Unbekiimmertseim
756 2569 122 49 Aber
914 2570 56 45 da
1008 2569 45 55 ist
1088 2570 45 54 ja
1170 2569 151 46 Ratnr
1358 2582 80 34 nur
1483 2570 207 53 wertvoll,
1725 2581 135 42 wenn
1879 2569 69 54 ihr
1987 2569 171 55 Gegner
2193 2567 108 54 nicht

277 2637 120 54 Geist
425 2637 62 54 ist,
516 2638 176 54 sondern
721 2635 172 47 Gewalt
924 2636 103 56 (also
1058 2636 100 53 auch
1189 2635 280 55 Physischess
1527 2635 193 55 Goethes
1750 2635 102 55 Götz
1886 2637 48 53 ist
1965 2635 181 54 dadurch
2178 2634 123 46 allein

279 2704 119 53 mehr
439 2704 69 46 als
549 2703 179 54 iiblicher
771 2703 277 55 Raubrittey
1088 2703 83 55 daß
1213 2704 66 46 die
1321 2702 224 56 Zustände,
1584 2715 129 43 gegen
1754 2703 66 46 die
1861 2715 47 34 er
1951 2702 198 55 kämpfen
2189 2703 112 54 muß,

281 2771 217 55 miserabel
535 2771 101 55 sind.

422 2850 94 47 Der
553 2849 167 55 Rausch
756 2848 130 55 dieser
921 2847 175 55 Dichter
1135 2848 240 55 begeisterte
1412 2861 98 42 uns;
1546 2863 47 35 er
1630 2847 213 56 zerwehte,
1880 2848 55 45 da
1972 2861 45 33 er
2054 2848 249 55 substanzlos

282 2929 109 42 war;
422 2929 47 33 es
497 2917 83 54 gab
609 2916 147 46 keinen
784 2915 174 47 Willen.
1015 2916 109 45 Rnn
1151 2916 121 55 sehen
1301 2917 80 45 wir
1409 2918 78 45 den
1521 2915 222 55 Gegensatz
1773 2928 45 42 zu
1848 2915 131 54 jenem
2009 2915 189 54 deutlich,
2229 2917 72 43 der

278 2983 104 53 auch
413 2983 68 46 ein
514 2983 223 55 Rasender
770 2995 107 42 war,
911 2983 102 46 aber
1045 2983 155 55 wußte,
1232 2983 189 54 weshalb
1454 2995 46 35 er
1534 2985 118 52 raste.

422 3064 166 53 Jnnger
631 3062 191 53 Schiller:
880 3063 295 53 zermarterter
1217 3061 220 55 Jüngling,
1506 3061 91 45 dem
1654 3057 107 49 aller
1800 3060 228 55 Sehnsucht
2072 3061 231 55 Kampfrnf

281 3129 99 53 auch
411 3129 241 54 ,,Zreiheit«
689 3129 128 54 heißt.
878 3128 119 57 Auch
1028 3141 46 33 er
1106 3129 66 45 ein
1206 3128 244 54 Gliihender
1481 3128 131 53 hoher
1647 3128 183 54 Jugend,
1863 3128 205 55 brausend
2102 3128 102 46 iiber
2238 3127 65 45 die

281 3195 124 47 Welt
434 3196 187 54 gestürzt.
678 3195 119 54 Doch
827 3209 46 35 er
901 3196 221 55 verströmt
1151 3195 106 56 seine
1286 3194 279 55 Leidenschaft
1593 3194 105 53 nicht
1729 3195 161 54 unniitzz
1922 3195 51 54 sie
2004 3195 46 54 ist
2082 3194 85 54 ihm
2196 3193 107 54 nicht

279 3262 142 54 Spiel;
460 3275 45 33 er
542 3262 133 53 macht
711 3263 51 53 sie
799 3262 207 55 dienstbar
1048 3263 72 45 der
1155 3263 123 45 Jdee.
1341 3262 94 46 Der
1474 3262 110 46 Jdee
1619 3261 97 54 muß
1754 3261 67 46 die
1857 3261 122 47 Welt
2015 3261 288 54 unterwerfen

278 3330 184 53 werden,
523 3330 104 46 alles
692 3329 215 56 Tierische,
968 3331 105 45 alles
1135 3328 288 57 Menschliche.
1512 3328 100 46 Aus
1671 3329 172 54 unseren
1904 3327 212 56 Gefiihlen
2176 3327 129 56 lassen

280 3397 74 54 sich
410 3395 118 49 keine
579 3397 222 54 Heimateu
855 3396 147 47 bauen.
1090 3396 175 53 Schiller
1318 3396 163 55 steigert
1532 3395 81 56 sein
1668 3394 201 47 Grlebuis
1922 3407 83 33 von
2055 3396 74 45 der
2180 3393 93 56 Pri-
