5085 6878
4881 6756 80 39 219

149 212 113 51 Eau
301 216 63 47 de
400 212 231 57 Cologne
667 211 92 48 No,
797 210 117 48 4711
957 212 97 46 und
1094 208 241 58 Syphilis.
1405 209 126 49 Gott
1570 208 87 48 hat

149 297 103 51 den
302 296 280 52 Menschen
631 310 92 35 aus
788 293 167 49 einem
1019 293 243 57 Klumpen
1334 294 319 58 geschaffen;

152 383 94 49 der
304 378 553 58 Romanschriftsteller
916 377 86 49 hat
1061 378 79 50 ihn
1197 381 90 47 mit
1343 377 309 56 Klümpchen

152 464 340 52 beschmutzt.
556 463 109 49 Das
699 460 153 60 heißt,
893 463 90 48 der
1021 463 132 57 feige
1190 477 64 35 an
1291 461 364 50 Größenwahn

153 551 233 49 leidende
430 547 227 57 Tagdieb
704 546 204 57 betrügt
958 548 78 48 die
1084 546 139 52 Welt
1270 547 91 50 mit
1407 544 218 59 gedruck-

156 638 101 43 tem
308 632 183 55 Papier
540 632 98 46 und
687 631 236 50 besudelt
971 634 72 47 sie
1093 634 91 47 mit
1230 632 424 48 Dilettantismus.

249 713 322 57 Liebesidyll.
650 712 82 59 Er,
781 713 86 51 Sie
930 716 95 49 und
1093 717 88 47 der
1229 715 227 48 Andere:
1524 713 130 48 feine

154 798 356 51 Gesellschaft
584 797 224 61 Dichter,
881 798 158 58 große
1112 799 210 49 Dichter
1394 797 260 50 natürlich,

152 881 180 59 Maler,
369 881 260 61 Offiziere,
666 883 277 52 Gräfinnen
981 886 97 47 und
1116 882 235 50 Zuhälter
1390 886 46 46 in
1475 882 150 49 Glace-

140 967 390 50 handschuhen.
592 967 195 51 Herren
825 970 100 47 und
955 969 315 48 italienische
1306 967 348 57 Sängerinnen

152 1064 95 37 ans
283 1050 277 50 Wannsee.
631 1052 173 59 Kluge,
844 1052 440 49 außerordentlich
1322 1052 149 58 kluge
1512 1047 108 51 Men-

154 1135 173 49 schen.
392 1135 68 55 Es
494 1137 161 51 riecht
688 1138 129 47 nach
849 1136 236 48 Leichen,
1148 1135 142 49 Nach
1326 1135 329 48 vierhundert

153 1215 177 53 Seiten
400 1221 128 47 wird
599 1218 249 51 Hochzeit
915 1221 226 56 gefeiert.
1246 1217 90 51 Ein
1408 1218 248 49 ehrlicher

152 1299 220 53 Mensch
420 1304 141 49 hätte
614 1306 91 47 das
752 1306 316 47 mindestens
1116 1303 165 58 gleich
1322 1317 85 34 am
1458 1303 198 53 Anfang

153 1387 231 58 besorgt-
448 1387 138 57 Spaß
621 1388 115 49 muß
771 1389 124 56 sein,
929 1389 99 49 und
1064 1388 97 49 den
1193 1388 133 49 kann
1362 1400 116 35 man
1515 1385 142 55 ruhig

156 1471 81 49 für
283 1471 106 49 fünf
435 1471 149 50 Mark
632 1474 295 54 verlangen.
1007 1471 128 50 Was
1199 1473 112 47 sind
1374 1470 282 54 überhaupt

154 1554 224 58 lumpige
413 1556 108 48 fünf
548 1554 152 50 Mark
738 1556 77 48 für
851 1556 79 50 die
969 1554 243 50 deutsche
1250 1552 214 56 Kultur?
1533 1551 121 49 Man

156 1640 243 48 verkauft
445 1654 143 35 zwar
634 1640 135 50 faule
814 1639 169 50 Witze
1061 1670 61 6 —
1200 1639 76 48 ich
1325 1637 132 49 weiß
1506 1637 149 50 nicht,

157 1723 68 47 ob
269 1721 133 51 Herr
447 1723 147 57 Bong
638 1726 72 47 sie
758 1728 89 52 gut
892 1724 204 50 bezahlt
1141 1753 63 6 —
1250 1724 122 47 aber
1422 1720 232 48 niemand

156 1807 133 48 wird
331 1820 186 43 wagen
560 1808 127 48 auch
732 1823 90 34 nur
864 1808 94 48 den
1003 1807 243 49 Schatten
1292 1809 141 46 eines
1475 1803 153 55 Kunst-

155 1890 211 50 werkes
400 1906 60 33 zu
497 1891 297 50 verkaufen.
861 1891 136 49 Aber
1033 1891 203 56 schöne,
1272 1888 155 58 große
1466 1887 166 49 Seifen-

156 1973 195 58 blasen,
402 1976 164 48 worin
617 1975 106 49 sich
777 1975 212 49 Gefühle
1040 1974 303 55 verbergen,
1395 1974 78 45 die
1525 1972 131 48 hoch

152 2058 54 48 in
246 2057 81 49 die
367 2057 148 49 Lüfte
557 2057 197 50 fliehen.
826 2057 204 49 Höhere
1069 2056 588 56 Töchterschulgefühle.

157 2138 522 60 Tanzlehrerbildung
757 2144 99 46 und
933 2138 699 57 Papageigeisteserziehung
1646 2155 8 30 :

154 2235 64 38 so
262 2225 362 50 oberflächlich
670 2227 99 47 wie
814 2227 174 54 irgend
1033 2223 244 60 möglich;
1341 2230 144 43 sonst
1527 2224 128 48 aber

144 2309 143 48 nach
330 2306 120 50 Maß
493 2311 303 55 angefertigt
837 2307 99 49 wie
980 2322 55 35 es
1081 2307 105 50 sich
1232 2311 166 46 ziemt.

894 2470 25 23 *

247 2639 612 58 Verwechslungshalber
921 2642 123 48 reist
1104 2655 114 34 man
1280 2642 129 48 nach
1470 2642 188 48 Italien.

147 2722 187 50 Italien
377 2754 63 6 —
488 2737 139 36 wers
674 2724 136 50 nicht
851 2726 195 48 wissen
1095 2725 172 49 sollte!
1331 2757 63 5 —
1452 2729 69 46 ist
1569 2725 92 49 das

154 2805 146 52 Land
334 2808 88 48 der
460 2807 172 50 Sonne
665 2809 97 48 und
801 2809 87 48 der
922 2808 171 49 Liebe.
1159 2808 126 50 Wer
1322 2808 127 50 nach
1483 2808 175 50 Italien

157 2890 138 60 geht,
326 2890 87 50 hat
445 2891 512 50 selbstverständlich
991 2894 144 48 einen
1170 2891 245 51 Schmerz
1447 2908 62 34 zu
1541 2907 89 35 ver-

153 2987 207 45 gessen,
394 2974 595 57 Lungenschwindsucht
1024 2991 59 35 zu
1117 2976 180 60 heilen,
1333 2977 326 57 Langeweile

156 3057 389 59 totzuschlagen
586 3060 125 48 oder
749 3061 129 48 auch
914 3062 110 48 eine
1063 3060 155 50 Liebe
1257 3076 61 34 zu
1355 3062 304 55 befestigen.

160 3138 47 49 O
249 3141 134 49 bella
426 3141 168 50 Italia!
673 3142 154 50 Jeder
876 3144 245 50 deutsche
1164 3144 319 56 Analphabet
1528 3145 129 48 wird

160 3224 109 49 liier
318 3240 114 33 zum
481 3225 233 50 Dichter:
783 3228 139 51 jeder
973 3227 279 50 Geometer
1305 3242 117 35 zum
1470 3227 187 50 Maler:

154 3309 147 52 jeder
345 3308 358 57 Saitenrasper
751 3325 114 35 zum
910 3309 256 62 Musiker;
1243 3311 386 51 Homosexualis-

155 3404 116 37 mus
314 3394 92 48 mit
449 3392 546 62 Gitarrengeklimper;
1057 3394 466 51 Blumenmädchen
1571 3398 88 48 mit

156 3471 421 54 Mondenschein.
643 3476 143 49 Auch
821 3481 80 45 ein
940 3476 171 52 Ochse
1150 3479 115 48 muß
1300 3494 114 35 zum
1451 3478 208 50 Dichter

157 3559 230 49 werden.
450 3558 127 50 Paul
614 3559 177 57 Heyse
826 3564 65 46 ist
925 3564 48 46 in
1008 3562 172 50 Italien
1218 3563 207 50 Dichter
1461 3577 167 42 gewor-

160 3641 124 48 den!
363 3641 159 52 Santa
568 3643 181 50 Lucia!
814 3644 160 51 Santa
1019 3645 181 50 Lucia!
1279 3646 115 50 Wie
1441 3650 90 47 das
1582 3649 77 47 die

156 3723 203 51 Herzen
411 3732 187 50 erregt.
676 3727 202 51 Tränen
933 3731 158 48 rollen
1142 3730 46 49 in
1243 3733 94 46 den
1389 3730 116 50 Golf
1557 3746 101 33 von

161 3805 191 58 Neapel
406 3812 99 46 und
557 3812 272 49 ertrinken.
911 3810 44 50 O
1006 3814 195 48 bella
1254 3814 221 49 Italia
1527 3854 11 9 .
1591 3854 9 8 .
1651 3853 9 9 .

154 3891 160 51 flucht
358 3895 86 48 auf
486 3895 280 50 italienisch
814 3898 77 47 die
938 3897 329 59 unschuldige
1313 3898 315 51 Geheimrats-

157 3975 217 58 tochter,
418 3978 135 49 beim
595 3980 214 48 Anblick
856 3982 91 50 des
990 3980 221 52 Mondes
1257 3983 259 57 seufzend,
1562 3985 96 47 und

156 4061 92 47 der
280 4058 319 54 Referendar
624 4093 63 6 —
715 4063 93 49 der
840 4064 210 49 Dichter
1085 4068 48 46 in
1166 4063 235 53 Windeln
1432 4098 63 6 —
1527 4067 134 49 sinkt

155 4143 87 49 auf
279 4145 80 49 die
395 4144 126 55 Knie
560 4148 188 48 nieder.
817 4147 125 50 Wer
980 4150 123 49 aber
1141 4164 116 35 zum
1292 4149 334 51 Schmerzver-

153 4241 189 42 gessen
412 4231 46 47 in
529 4231 95 48 den
676 4231 225 57 „Garten
1266 4234 130 57 eilte,
1465 4236 193 49 ersäuft

157 4312 173 49 seinen
375 4313 240 53 Kummer
660 4317 63 47 im
767 4314 201 52 Chianti
1011 4319 126 47 oder
1174 4318 195 51 schießt
1411 4320 109 49 sich
1559 4320 77 48 bei-

155 4396 134 47 nahe
326 4398 109 48 eine
472 4397 157 58 Kugel
670 4401 155 47 durch
867 4403 92 46 den
1000 4401 152 56 Kopf:
1211 4403 128 49 dann
1379 4403 156 57 hängt
1573 4405 87 48 der

154 4475 220 54 Himmel
414 4481 163 49 voller
615 4482 193 59 Geigen
847 4486 98 48 und
987 4487 92 49 das
1118 4486 295 60 „herrliche,
1451 4489 180 56 tugend-

155 4562 156 57 hafte,
348 4564 163 56 kluge,
546 4567 365 56 jungfräuliche
1278 4602 62 5 —
1378 4574 77 46 ein
1494 4570 165 50 Pfund

154 4645 127 50 Lulu
323 4650 98 47 und
457 4653 131 45 zwei
625 4649 212 52 Gramm
874 4652 158 50 Jeane
1073 4655 148 48 d'Arc
1258 4686 63 6 —
1356 4656 107 50 fällt
1499 4656 160 49 ihrem

157 4729 199 51 kleinen
389 4731 201 51 Goethe
624 4748 83 34 um
743 4738 94 46 den
872 4735 138 50 Hals.
1074 4737 242 58 Vorhang
1350 4738 122 51 fällt.
1523 4740 136 48 Aber

157 4812 93 50 der
288 4814 272 51 blecherne
604 4815 152 51 Mond
798 4821 281 47 erleuchtet
1117 4822 127 47 auch
1284 4823 254 49 fernerhin
1582 4824 77 48 die

157 4898 134 47 alten
337 4897 247 53 Kulissen.

897 4984 22 22 #

250 5147 627 58 Wachsfigurenkabinett
958 5155 66 47 im
1105 5154 307 56 bayrischen
1496 5153 132 51 Ober-

157 5233 182 50 walde.
403 5232 328 59 Umgebung:
768 5236 93 48 frei
897 5237 130 48 nach
1059 5236 302 58 Defregger.
1412 5238 246 54 Kostüme

155 5330 103 35 von
301 5315 209 60 Herzog
550 5320 48 46 in
638 5317 187 51 Berlin.
900 5320 93 49 Die
1039 5320 198 59 Kirche,
1284 5324 108 48 drei
1435 5322 193 50 Bauern-

153 5398 187 52 häuser
375 5416 92 36 aus
500 5402 202 60 Pappe;
757 5405 77 48 ein
870 5409 347 51 sogenanntes
1254 5405 405 59 Gemeindeamt,

153 5484 83 46 die
274 5484 309 59 Dorfkneipe
627 5490 100 47 und
765 5488 87 48 auf
888 5489 88 49 der
1014 5489 212 50 Anhöhe
1268 5492 94 47 den
1401 5491 258 50 Adelssitz

157 5568 89 45 der
282 5566 195 53 Herren
514 5585 49 35 v.
599 5570 60 50 H.
727 5571 146 50 Dazu
908 5571 166 51 haben
1107 5575 98 47 wir
1240 5576 145 48 einen
1421 5574 237 59 Kurator,

156 5652 303 55 manchmal,
511 5669 152 43 sogar
715 5659 164 48 zweie
931 5651 173 60 (wenn
1158 5658 89 49 der
1297 5657 163 50 Autor
1510 5662 148 53 guter

150 5732 179 49 Laune
394 5730 107 65 ist);
586 5742 142 48 einen
793 5741 224 60 Doktor;
1102 5742 216 49 sittliche
1388 5741 268 60 Jungfern;

154 5816 487 66 Bauernburschen;
705 5827 144 47 einen
914 5829 184 55 jungen
1146 5825 360 62 Schloßherrn,
1570 5828 88 48 der

153 5900 198 50 Tolstoi
391 5904 238 49 nachäfft.
700 5906 118 51 Man
854 5912 224 49 arbeitet
1116 5927 93 34 nur
1247 5911 130 50 nach
1417 5911 216 49 erstklas-

154 5986 144 55 sigen
335 5985 338 52 Schablonen.
741 5991 155 52 Jedes
932 5994 211 52 Gesicht
1178 5998 111 48 eine
1325 5994 185 50 Larve.
1564 5994 94 50 Die

157 6067 271 59 Handlung
472 6072 118 55 liegt
631 6075 65 46 im
739 6073 180 64 Zufall;
997 6096 93 33 nur
1163 6082 89 48 der
1325 6079 196 58 Betrug
1594 6084 64 45 ist

157 6153 229 48 schlecht
432 6155 233 49 verhüllt.
744 6157 93 51 Die
886 6160 133 52 Welt
1069 6166 162 48 voller
1282 6163 374 59 Mißgeburten,

155 6240 91 45 mit
288 6237 165 50 denen
504 6240 88 46 der
638 6238 248 59 Schöpfer
963 6246 112 49 kein
1140 6248 283 51 Erbarmen
1487 6248 171 49 kennt.

155 6318 477 60 Kinderspielzeug:
696 6324 127 57 Haß,
883 6326 169 60 Liebe,
1113 6331 545 60 Sonntagspredigten,

156 6402 520 61 Vergewaltigungen
721 6401 214 61 (Modell
984 6414 90 50 des
1122 6417 133 48 alten
1304 6417 201 52 Herren
1554 6430 103 37 von

157 6486 210 56 Jasnaja
410 6484 250 64 Poljana),
706 6491 194 60 Einzug
942 6496 96 49 des
1080 6496 334 56 Sozialismus
1456 6534 64 6 —
1566 6505 91 47 das

157 6572 160 49 Sieißt:
381 6573 461 53 Leichenschmaus
890 6607 62 7 —
998 6577 316 62 Raufereien,
1362 6585 295 54 Kirmessen

1791 207 98 49 und
1935 203 326 58 Tanzmusik,
2307 202 307 58 Kuhgebrüll
2693 200 99 49 und
2873 196 420 54 Giockenläuten,

1788 289 329 50 Dorfklatsch
2164 288 100 47 und
2307 291 160 51 grüne
2515 285 225 59 Wiesen,
2787 279 359 51 Windmühlen
3193 278 100 49 und

1786 372 376 50 Tannenwald:
2220 371 346 56 blödsinniges
2606 366 329 60 Feuerwerk,
2979 366 178 47 womit
3178 376 115 34 man

1790 460 96 46 den
1924 454 341 51 Großstädter
2303 469 102 34 von
2449 455 87 48 der
2573 453 228 49 Naivität
2843 453 89 47 des
2970 447 324 51 Landlebens

1789 556 61 34 zu
1891 542 322 53 überzeugen
2252 539 238 55 gedenkt.
2559 538 123 55 Kein
2721 536 108 58 Zug
2868 536 181 48 echten
3089 533 205 47 Lebens

1789 627 205 54 bewegt
2052 623 80 48 die
2193 623 261 49 feiernden
2501 621 218 50 Dörfler.
2795 621 124 48 Kein
2965 616 176 51 Hauch
3192 629 101 35 von

1790 708 160 53 Kunst
1998 705 301 50 durchweht
2348 710 78 47 die
2477 705 281 50 Gestalten.
2837 704 138 49 Alles
3040 704 120 55 liegt
3227 701 66 46 im

1787 791 292 50 Aeußeren:
2140 804 126 35 vom
2307 790 433 57 Feiertagsanzug
2787 804 115 33 zum
2948 787 317 57 ewig-christ-

1790 875 300 50 lich-blauen
2139 873 234 51 Himmel.
2454 874 103 49 Nur
2626 875 76 48 die
2755 872 326 49 Windmühle
3149 868 144 50 dreht

1791 959 105 51 sich
1933 959 152 54 lustig
2117 959 67 49 im
2218 958 179 55 Kreise
2436 960 99 48 und
2569 958 139 49 weht
2748 959 95 48 den
2880 955 414 59 umgrenzenden

1790 1042 228 49 Bäumen
2061 1042 187 48 frische
2288 1042 116 50 Luft
2443 1057 78 34 zu.
2594 1043 139 48 Alles
2775 1043 155 48 bleibt
2978 1038 288 51 unentschie-

1792 1128 109 55 den,
1936 1128 248 55 unsinnig,
2220 1127 304 56 langweilig.
2592 1125 155 49 Jeder
2782 1123 157 50 Zufall
2978 1129 62 46 ist
3077 1136 186 34 voraus-

1791 1209 238 57 zusehen,
2073 1212 128 47 eben
2246 1213 116 48 weil
2409 1224 115 35 man
2567 1225 92 34 nur
2724 1212 76 46 die
2863 1209 219 49 infamen
3125 1206 136 56 Expe-

1792 1294 165 48 diente
2004 1295 215 48 anderer
2265 1293 225 50 Modelle
2532 1295 226 48 benutzt.
2835 1293 93 48 Die
2972 1292 133 48 Erde
3152 1292 107 47 wim-

1789 1378 122 48 melt
1943 1392 96 34 vor
2073 1378 293 49 unlauteren
2401 1379 294 48 Absichten.
2761 1377 145 49 Blind
2939 1377 87 48 hat
3056 1390 116 34 man
3207 1376 66 48 fal-

1790 1461 120 50 sche
1952 1460 198 51 Farben
2196 1463 349 57 aufgetragen.
2622 1461 256 49 Darunter
2936 1462 106 54 lugt
3104 1472 159 36 unvor-

1789 1545 183 56 sichtig
2002 1544 359 53 Geisteselend
2388 1546 215 49 hervor:
2649 1545 347 53 Kunstarmut.
3058 1543 92 49 Die
3182 1557 84 35 zer-

1788 1632 222 46 rütteten
2084 1630 349 49 Verhältnisse
2510 1631 88 51 des
2670 1628 440 59 Pharisäertums;
3205 1629 88 47 des

1787 1711 441 53 Philisterreiches
2280 1713 160 49 haben
2495 1715 142 48 einen
2693 1712 391 49 verderblichen
3138 1709 105 51 Wol-

1788 1792 285 55 kenhandel
2112 1800 46 47 in
2200 1799 89 47 der
2327 1797 176 54 Kultur
2540 1796 299 57 eingeführt.
2910 1796 216 48 Leichen
3170 1796 93 47 wol-

1787 1882 79 48 len
1900 1881 104 49 sich
2040 1882 76 49 als
2147 1880 287 50 Herrscher
2471 1882 98 47 und
2604 1880 196 49 Herren
2839 1880 315 55 aufdrängen
3192 1880 100 47 und

1789 1964 207 50 merken
2033 1965 151 55 nicht,
2219 1996 64 4 —
2317 1963 94 49 daß
2449 1979 93 33 aus
2578 1964 140 48 ihren
2752 1963 414 49 Totenschädeln
3205 1965 89 46 der

1786 2047 243 50 Schatten
2075 2049 159 46 selbst
2276 2049 141 50 jeder
2455 2046 248 49 Vernunft
2747 2046 254 49 entflohen
3047 2046 80 49 ist.

2715 2210 127 51 Curt
2882 2211 351 49 Seidel-Turin

1795 2946 201 103 Die
2073 2952 538 95 Literatur
2689 2952 108 95 in
2848 2952 448 97 Trauer

1887 3147 93 49 Die
2027 3147 254 50 Literatur
2330 3151 61 48 ist
2442 3151 109 48 eine
2598 3149 197 60 Wittib,
2847 3155 71 45 sie
2969 3155 195 45 trauert
3215 3164 82 36 um

1791 3231 178 49 Albert
2001 3230 244 58 Traeger.
2310 3233 93 49 Die
2433 3233 191 59 Partei,
2659 3235 87 48 der
2781 3250 54 33 er
2864 3237 76 47 als
2970 3234 193 50 Führer
3196 3235 102 49 fast

1792 3317 78 46 ein
1902 3315 178 50 halbes
2116 3316 344 53 Jahrhundert
2495 3319 114 56 lang
2641 3318 299 59 angehörte,
2976 3321 86 49 hat
3099 3333 62 35 an
3199 3321 73 49 sei-

1792 3413 112 33 nem
1975 3399 380 51 Grabdenkmal
2421 3403 93 47 das
2581 3401 232 50 Gelübde
2882 3408 237 44 erneuert
3185 3405 63 57 „i
3266 3416 31 33 n

1792 3483 270 48 seinem
2102 3481 253 51 Geiste
2397 3486 124 47 den
2558 3484 454 56 politischen
3053 3485 245 57 Kampf

1795 3566 637 50 weiterzuführen
2483 3568 111 47 für
2647 3569 123 46 den
2823 3568 463 50 Fortschritt

1792 3651 129 46 und
1968 3651 110 47 für
2128 3652 121 47 des
2294 3652 268 48 Volkes
2610 3652 225 53 Recht
2883 3669 28 33 u
2934 3669 28 33 n
2987 3657 25 45 d
3062 3653 162 49 Woh
3245 3656 14 46 1
3281 3685 17 6 -

1792 3730 191 51 fahrt

1886 3817 93 50 Die
2017 3822 226 54 garstige
2280 3819 186 50 Politik
2501 3823 86 48 hat
2624 3823 316 57 wenigstens
2981 3825 93 47 den
3115 3823 179 49 Trost:

1792 3901 128 57 „daß
1958 3901 258 58 Traegers
2253 3902 132 51 Erbe
2423 3905 237 56 gewahrt
2697 3906 173 57 bleibt,
2911 3908 97 48 und
3053 3906 95 50 daß
3188 3908 109 48 sein

1792 3984 291 51 Wahlkreis
2115 3988 87 48 der
2234 3987 173 50 Partei
2443 3988 137 51 nicht
2609 3990 240 49 verloren
2882 4004 268 44 gegangen

1884 4068 137 50 Aber
2055 4071 77 48 die
2162 4070 257 52 Literatur
2448 4072 119 49 muß
2600 4072 213 52 trostlos
2842 4089 82 33 um
2957 4074 83 50 ihn
3074 4079 222 46 trauern.

1793 4152 104 48 Der
1948 4152 351 53 Gerichtssaal
2349 4156 85 49 hat
2488 4157 97 48 den
2633 4156 287 60 Heimgang
2972 4160 90 49 des
3113 4160 97 49 fei
3229 4175 30 34 n
3279 4190 19 7 -

1793 4238 157 49 sinn
1969 4238 15 46 i
2002 4251 33 43 g
2054 4253 27 34 e
2100 4254 30 33 n
2180 4238 223 51 Juristen
2452 4242 127 54 glatt
2629 4242 372 58 verschmerzt,
3068 4246 101 47 und
3220 4243 77 50 für

1793 4321 79 48 die
1923 4322 244 49 deutsche
2211 4321 132 51 Frau
2390 4326 62 47 ist
2498 4325 88 47 der
2634 4324 72 48 St
2726 4339 28 34 a
2775 4338 49 34 m
2845 4331 282 45 mvater
3178 4327 120 48 der

1792 4404 517 55 jugendlichen
2377 4409 209 49 Alten
2654 4410 283 55 überhaupt
3003 4425 92 41 gar
3161 4412 137 48 nicht

1792 4489 419 53 gestorben.
2283 4489 115 50 Und
2437 4493 100 48 wie
2578 4497 145 50 sagte
2766 4497 70 46 sie
2880 4497 88 47 das
3011 4508 57 35 so
3109 4497 162 54 ergrei-

1792 4573 116 47 fend
1952 4572 182 51 schön:

1853 4741 114 57 „Ich
2010 4744 138 57 aber,
2193 4747 108 47 eine
2346 4746 243 48 deutsche
2632 4746 146 60 Frau,

1854 4823 85 50 Ich
1980 4826 133 48 fühle
2157 4827 183 50 keinen
2387 4828 248 49 Schmerz
2683 4832 97 46 und
2828 4832 146 48 keine
3023 4832 210 50 Trauer.

1853 4907 78 49 Du
1972 4909 262 57 großer
2276 4911 234 51 Barde
2548 4913 100 49 bist
2691 4929 92 37 uns
2824 4916 138 49 nicht
3001 4918 295 55 gestorben,

1854 4991 95 58 Du,
1996 4994 88 47 der
2130 5007 59 35 so
2235 4997 74 47 oft
2357 4997 88 47 der
2490 4995 199 52 Frauen
2734 4997 110 51 Lob
2893 5013 278 45 gesungen,

1854 5075 144 51 Beim
2048 5077 377 51 schäumenden
2475 5079 162 51 Pokal
2689 5083 89 49 des
2830 5083 203 52 Geistes

2548 5163 239 52 Schwert
2834 5167 399 58 geschwungen,

1853 5241 94 51 Mit
1991 5246 127 46 allen
2166 5246 196 49 Frauen
2410 5249 132 48 lebst
2593 5250 60 48 du
2703 5253 136 55 ewig

1882 5409 87 51 Sie
2015 5414 130 48 wird
2191 5417 89 47 mit
2324 5416 108 48 sich
2476 5417 218 51 handeln
2741 5420 186 50 lassen,
3006 5423 98 47 Auf
3149 5422 147 49 Ehre.

1789 5493 174 58 Einige
2005 5499 217 47 tausend
2264 5497 154 51 Jahre
2460 5504 204 46 müssen
2709 5505 72 47 sie
2823 5504 317 59 nachlassen,
3183 5504 76 50 Ma-

1792 5579 160 48 dame.
2030 5579 141 50 Nein.
2234 5580 238 53 Niemals.
2538 5585 153 61 Aber,
2741 5586 259 59 Madame,
3051 5590 38 48 's
3140 5593 64 47 ist
3249 5593 48 51 ja

1789 5662 160 51 allens
2009 5663 118 51 bloß
2172 5663 354 62 Uffmachung.
2604 5669 177 54 Nichts
2839 5671 204 51 Echtes.
3120 5673 177 50 Nichts

1786 5743 229 53 Echtes?
2095 5746 61 61 O,
2206 5753 133 46 mein
2387 5751 322 58 Tyrtäus
2759 5756 116 48 der
2927 5756 323 49 schwarz-

1790 5834 530 55 rot-goldenen
2384 5834 186 61 Zeit,
2633 5840 99 47 wie
2783 5839 235 50 schmäht
3062 5857 57 33 er
3169 5841 128 51 dich.

1787 5911 123 55 Kein
1953 5914 280 53 Jahrzehnt
2277 5919 134 52 lasse
2455 5921 78 48 ich
2576 5922 145 49 nach.
2795 5922 116 50 Und
2956 5926 87 48 das
3088 5925 206 51 Geistes

1790 5996 255 63 Schwert,
2079 6002 92 48 das
2205 6003 65 47 du
2301 6016 60 36 so
2393 6004 296 51 hinreißend
2720 6006 157 49 schön
2913 6010 383 58 geschwungen

1786 6082 133 57 hast,
1967 6086 159 55 wiegt
2173 6086 147 50 allein
2370 6088 159 49 schon
2575 6089 78 48 für
2703 6093 198 48 meinen
2949 6092 163 51 Preis.
3195 6094 102 60 Sie,

1787 6170 110 45 wat
1933 6168 85 49 det
2052 6166 423 54 Jeistesschwert
2510 6174 56 56 is,
2602 6175 90 47 det
2726 6174 166 53 jehört
2932 6178 159 48 schon
3129 6181 169 56 längst

1790 6263 182 43 mangs
2003 6252 98 49 olle
2129 6251 167 53 Eisen.
2361 6254 161 50 Dafor
2553 6257 134 52 übt's
2719 6257 131 51 keen
2883 6259 223 52 Sechser
3138 6264 160 50 mehr.

1789 6334 138 48 Aber
1974 6349 54 34 er
2075 6350 113 36 war
2228 6340 50 51 ja
2324 6339 129 48 doch
2500 6343 78 46 ein
2628 6344 164 56 einzig
2838 6343 288 54 Gearteter.
3206 6347 91 50 Ein

1790 6418 210 58 Kämpe,
2069 6423 76 46 ein
2218 6420 212 59 Sänger.
2517 6423 105 50 Der
2692 6427 154 50 letzte
2917 6428 169 59 Zeuge
3161 6434 137 46 einer

1790 6499 711 59 stahlgepanzerten
2568 6507 171 51 Zeit.
2819 6511 166 51 Weeß
3050 6515 95 60 ich,
3212 6515 86 47 det

1788 6588 85 51 hat
1932 6590 48 51 ja
2044 6590 45 46 in
2157 6590 89 49 der
2290 6589 327 58 Morjenpost
2666 6596 284 51 jestanden.
3030 6598 142 49 Oder
3222 6603 76 44 ins

3426 196 288 58 Tageblatt.
3790 198 65 48 Er
3898 212 111 34 war
4055 199 90 47 der
4187 196 200 57 Sänger
4431 196 91 50 des
4566 196 230 49 edelsten
4840 195 65 48 Fa-

3431 282 365 60 milienglücks,
3851 284 89 48 der
3990 281 388 58 Bannerträger
4428 281 89 47 des
4569 278 360 60 Fortschritts;

3427 378 54 33 er
3512 366 85 48 hat
3632 369 107 45 sein
3774 367 171 49 Leben
3981 367 119 56 lang
4132 367 78 49 für
4245 366 223 50 Freiheit
4502 364 106 48 und
4636 362 300 51 Volkswohl

3429 452 286 52 gestritten.
3799 451 292 56 Gekäißpft.
4172 451 198 50 Lassen
4438 449 86 49 Sie
4592 448 160 49 schon
4824 448 107 48 drei

3429 532 374 52 Jahrtausende
3839 535 144 49 nach.
4052 533 62 61 O,
4149 537 181 54 quälen
4366 533 87 51 Sie
4489 534 133 49 mich
4658 533 138 49 nicht
4831 532 81 48 län-

3428 630 103 41 ger.
3604 616 84 49 Ich
3730 620 83 46 bin
3858 621 112 50 jene
4018 621 244 48 deutsche
4307 619 149 59 Frau,
4502 619 86 49 auf
4633 619 79 46 die
4756 632 54 33 er
4859 617 80 48 die

3430 702 322 47 reizendsten
3801 702 189 49 Toaste
4042 704 342 56 ausgebracht
4435 705 101 48 hat.
4620 702 121 48 Drei
4795 699 117 50 Jahr-

3432 787 259 45 tausende.
3764 784 186 53 Rasch.
4021 787 277 49 Bedenken
4340 788 101 57 Sie,
4483 788 97 49 daß
4624 788 78 48 die
4744 786 168 50 Litera-

3431 881 77 36 tur
3550 882 83 34 um
3666 869 82 47 ihn
3791 874 209 45 trauert.
4072 871 93 50 Die
4205 872 272 49 Literatur.
4549 872 72 49 So
4667 871 140 49 seh'n
4850 869 87 50 Sie

3424 967 111 35 aus.
3605 952 94 48 Die
3737 952 270 51 Literatur.
4078 956 265 49 Lachhaft.
4414 956 113 49 Und
4571 958 131 48 doch
4742 958 197 48 trauert

3430 1038 73 49 sie
3549 1051 98 35 um-
3680 1037 95 48 ihn.
3852 1035 105 51 Der
4002 1038 101 49 Dr.
4147 1038 147 50 Wie
4317 1054 49 34 m
4385 1055 25 33 e
4433 1056 24 33 r
4499 1041 87 49 hat
4635 1056 54 34 es
4737 1044 201 53 gesagt.

3426 1123 95 47 Am
3564 1121 653 56 Dreifaltigkeitskirchhof.
4292 1123 259 50 Anläßlich
4597 1127 89 46 der
4729 1124 180 50 Enthül-

3428 1210 117 53 lung
3595 1208 90 48 des
3738 1206 412 50 Grabdenkmals
4199 1209 77 47 für
4328 1209 95 48 den
4475 1207 464 59 Unvergeßlichen.

3427 1291 104 49 Der
3571 1289 87 50 Dr.
3699 1288 268 51 Wiemer?

3522 1375 67 49 Es
3636 1379 65 48 ist
3750 1377 45 47 in
3846 1377 94 46 den
3989 1376 190 47 letzten
4226 1374 260 59 Monaten,
4537 1378 94 49 seit
4680 1377 259 56 Traegers

3427 1461 127 56 Tod,
3619 1463 188 47 allerlei
3874 1475 90 34 zur
4026 1458 335 59 Erheiterung
4410 1462 87 47 der
4547 1461 260 49 Literatur
4849 1475 60 43 ge-

3428 1545 238 50 schehen.
3743 1544 193 51 Etliche
3982 1542 218 51 Meister
4246 1545 110 48 sind
4403 1543 189 58 fünfzig
4641 1547 298 53 geworden.

3427 1630 302 59 Schnitzler,
3778 1629 221 61 Dreyer,
4049 1628 175 59 Fulda,
4277 1626 127 52 Otto
4451 1627 151 52 Ernst
4653 1631 102 49 und
4806 1626 102 52 Con-

3430 1718 90 47 rad
3552 1714 507 51 Alberti-Sittenfeld.
4127 1713 110 51 Das
4268 1713 430 58 Komödienhaus,
4727 1728 87 34 wo
4850 1715 91 48 der

3427 1800 265 51 Librettist
3732 1800 191 50 Lothar
3965 1801 171 57 „das
4179 1797 316 56 Szepter

3428 1885 138 50 hatte
3602 1885 140 50 seine
3774 1885 212 49 Pforten
4018 1886 92 48 mit
4143 1883 205 56 Dreyer
4380 1885 101 47 und
4514 1881 158 50 Fulda
4707 1881 234 51 eröffnet.

3429 1970 102 48 Der
3576 1971 265 48 lächelnde
3881 1970 176 54 Knabe
4100 1984 114 34 war
4257 1983 145 34 zwar
4446 1968 139 50 nicht
4621 1966 323 56 lebensfähig

3431 2057 100 48 und
3578 2056 78 47 die
4351 2053 89 48 hat
4489 2052 135 49 nicht
4673 2051 270 56 gezündet,

3430 2139 124 49 aber
3591 2140 78 47 die
3700 2138 207 58 Presse,
3945 2139 78 49 die
4061 2139 78 48 die
4177 2139 193 56 ihrigen
4406 2136 138 51 nicht
4579 2134 219 59 verläßt,
4832 2134 110 50 Lob

3432 2224 99 48 und
3566 2222 263 57 Zuspruch
3862 2223 417 49 verschwendet.
4348 2220 121 50 Man
4503 2222 143 49 hätte
4685 2222 76 47 sie
4795 2222 148 46 unter

3429 2307 207 54 Kuratel
3702 2308 177 48 stellen
3945 2311 200 53 mögen.
4227 2306 174 51 Selbst
4464 2308 89 47 der
4620 2303 323 57 gefürchtete

3429 2392 176 49 Alfred
3636 2391 348 52 schmunzelte
4017 2392 293 51 allerliebst.
4374 2391 137 49 Aber
4538 2392 98 48 das
4668 2404 112 34 war
4814 2388 131 50 auch

3428 2479 111 47 eine
3581 2476 662 57 Doppelgeburtstagsfeier
4284 2477 99 47 und
4424 2489 91 43 gar
4557 2476 138 47 nicht
4735 2488 60 35 so
4836 2476 84 46 ein-

3430 2560 128 50 fach.
3637 2559 503 58 Bedeutungsvoller
4186 2562 66 46 im
4302 2559 229 54 Rahmen
4602 2559 89 49 des
4758 2556 155 58 Regie-

3432 2647 364 56 rungsantritts
3846 2647 140 47 eines
4034 2643 258 59 Kollegen,
4360 2645 89 47 der
4501 2647 77 47 die
4628 2642 173 55 Krone
4849 2642 93 50 des

3429 2730 235 56 Erfolges
3699 2730 95 50 mit
3835 2730 112 47 dem
3988 2728 200 56 Purpur
4228 2730 91 48 des
4359 2729 210 56 eifrigen
4609 2726 209 51 Beifalls
4858 2741 58 33 zu-

3429 2814 257 57 gesichert
3763 2814 307 49 bekommen
4152 2813 189 49 wollte.
4467 2812 109 50 Das
4654 2811 288 57 königliche

3430 2898 432 56 Schauspielhaus
3893 2897 86 50 hat
4017 2900 110 48 eine
4162 2896 350 50 Ehrenschuld
4548 2896 397 56 eingelöst,

3428 2984 83 49 die
3549 2997 55 37 es
3644 2985 162 48 einem
3845 2984 420 56 gegenüber
4303 2983 158 58 hatte,
4501 2983 90 47 der
4630 2981 168 48 selber
4836 2994 107 35 von

3432 3068 90 49 der
3571 3067 258 51 Literatur
3883 3069 200 56 borgte.
4171 3066 90 51 Ein
4333 3066 374 57 breitflüssiges
4779 3063 165 51 Stück

3432 3155 179 48 wurde
3661 3154 285 57 ungekürzt
3993 3155 247 57 gegeben,
4304 3153 203 50 Szenen
4556 3153 242 57 schlugen
4846 3150 99 59 ein,

3433 3237 179 50 Beifall
3663 3238 213 49 schwoll
3927 3253 105 35 von
4078 3238 101 50 Akt
4228 3254 63 34 zu
4340 3238 119 60 Akt,
4509 3239 123 48 aber
4687 3238 79 48 die
4817 3235 98 50 Dar-

3433 3323 219 57 stellung
3698 3324 150 48 stand
3893 3323 89 48 auf
4028 3322 160 50 hoher
4236 3322 145 49 Stufe
4443 3354 63 5 —
4569 3324 99 47 und
4730 3321 221 50 schaute

3432 3405 175 49 herab.
3686 3405 106 51 Das
3855 3421 62 34 zu
3981 3407 223 56 erleben,
4267 3407 89 49 hat
4420 3406 83 50 ein
4566 3405 195 50 Band
4819 3418 129 44 grau

3429 3492 214 47 werden
3675 3493 225 47 müssen.
3967 3490 104 50 Der
4101 3489 165 55 Ruhm
4303 3492 132 47 wird
4465 3489 342 59 verramscht,
4843 3489 104 49 und

3432 3588 55 34 es
3519 3572 116 50 muß
3672 3575 185 49 manch
3893 3577 153 53 einer,
4085 3578 90 46 der
4212 3590 62 34 zu
4309 3575 216 50 Lebzeit
4562 3576 89 47 der
4685 3574 261 50 Literatur

3432 3672 93 34 nur
3557 3658 85 49 auf
3669 3660 83 48 die
3789 3658 255 56 Schleppe
4077 3663 234 53 getreten
4344 3659 103 58 hat,
4481 3674 92 36 aus
4604 3661 121 47 dem
4757 3658 157 50 Schat-

3431 3741 227 50 tenreich
3700 3743 308 58 auferstehn,
4045 3744 117 48 weil
4207 3743 107 49 sich
4358 3744 167 48 dieser
4567 3745 102 47 und
4710 3745 141 52 jener
4893 3744 52 48 in

3431 3828 78 47 ein
3559 3827 359 49 vorteilhaftes
3964 3825 149 52 Licht
4161 3831 179 46 setzen
4387 3828 122 48 will.
4587 3826 97 52 Die
4733 3828 213 48 kuriose

3428 3909 271 51 Literatur.
3764 3911 111 49 Ihre
3907 3912 376 50 bedeutendste
4317 3911 172 50 Söhne
4524 3913 111 49 sind
4672 3916 107 45 erst
4812 3911 107 49 fünf-

3430 3995 83 58 zig
3543 3997 300 59 geworden,
3878 3997 125 47 aber
4036 3999 75 46 sie
4144 4000 196 48 trauert
4375 4011 84 35 um
4490 3995 248 58 Traeger.
4783 3995 131 50 Trau-

3430 4083 76 45 ert
3535 4078 132 50 noch
3697 4094 85 33 um
3808 4078 99 50 ihn.
3967 4078 123 51 Man
4121 4082 132 47 wird
4284 4080 77 50 ihr
4390 4081 98 50 das
4516 4078 428 59 Trauergewand

3431 4177 102 35 von
3571 4165 95 47 den
3700 4163 240 50 Gliedern
3973 4163 172 52 reißen
4177 4168 226 55 müssen,
4438 4166 89 49 der
4555 4163 199 52 Närrin.
4818 4162 125 52 Man

3428 4249 135 47 wird
3613 4247 74 50 ihr
3736 4249 242 50 ernstlich
4061 4263 119 35 zum
4226 4248 144 50 Tanz
4422 4249 280 57 aufspielen
4753 4249 191 49 lassen.

3429 4331 162 50 Lacht
3629 4332 79 49 Ihr
3747 4336 75 46 ins
3861 4332 227 60 Gesicht,
4128 4334 89 48 der
4251 4332 173 51 Törin.
4493 4333 106 50 Der
4637 4333 308 49 Genarrten.

3432 4414 83 50 Sie
3553 4421 195 45 trauert
3781 4432 83 33 um
3902 4420 95 48 den
4030 4417 114 50 Tod
4177 4417 276 58 Traegers.
4520 4418 68 50 Es
4625 4420 149 47 leben
4809 4418 135 50 noch

3430 4502 249 48 hunderte
3745 4501 329 51 Dilettanten.
4154 4502 151 50 Seine
4368 4503 268 56 politische
4699 4502 249 50 Tendenz

3429 4585 86 49 hat
3563 4588 108 47 eine
3719 4586 225 55 lyrische
3989 4586 400 58 Verschnürung
4453 4589 90 48 des
4608 4586 338 50 Innenlebens

3431 4670 257 56 begleitet.
3787 4671 303 57 Allerdings.
4190 4672 138 48 Aber
4397 4674 78 46 die
4543 4671 404 56 Verschnürung

3428 4768 114 33 war
3581 4754 433 52 bindfadendünn.
4086 4755 94 50 Die
4221 4757 266 55 politische
4528 4754 280 57 Sendung?

3523 4836 439 59 Bruttogewicht:
4029 4841 88 48 der
4165 4840 364 53 Liberalismus

3523 4921 159 51 Tara:
3734 4924 84 48 die
3853 4922 138 51 Pose

3524 5005 406 58 Nettogewicht:
3996 5011 78 48 die
4120 5008 157 56 große
4325 5007 211 50 Phrase.

4480 5175 192 56 Joseph
4723 5177 156 48 Adler

3432 5937 427 51 Verantwortlich
3905 5938 77 48 für
4028 5941 79 47 die
4152 5938 405 58 Schriftleitung:

3431 6020 276 50 Herwarth
3747 6019 219 51 Waiden
4023 6015 15 63 /
4089 6021 171 53 Berlin
4299 6023 67 48 W
4405 6026 29 46 9
