5085 6878
4837 6720 75 36 211

188 207 287 48 laschende
516 205 461 50 Geschicklichkeit
1021 207 66 47 im
1128 209 362 48 manierlichen
1532 207 160 49 Essen

192 290 290 47 erworben.
551 288 140 48 Nach
734 288 184 47 Ablauf
961 289 88 48 der
1095 289 197 52 Woche
1337 291 128 49 aßen
1510 295 72 45 sie
1628 293 64 44 im

190 371 167 51 Hotel.

284 456 66 50 Es
387 470 110 34 war
537 459 77 45 die
652 456 212 51 Absicht
903 456 169 51 Baron
1115 459 294 59 Frangarts,
1446 459 246 49 zunächst

186 541 100 48 alle
356 538 221 49 äußeren
647 537 436 61 Veränderungen
1157 544 85 47 auf
1315 544 92 47 den
1482 542 207 53 Knaben

188 623 197 47 wirken
456 636 61 33 zu
589 620 198 62 lassen;
865 624 166 50 dieser
1105 628 148 47 sollte
1325 624 109 51 Zeit
1508 626 182 56 haben,

189 707 95 48 alle
353 704 223 50 Gesetze
651 707 88 49 der
808 707 170 60 Form,
1048 711 76 47 die
1194 709 84 50 ihn
1352 712 92 47 das
1515 709 174 57 ruhige

187 789 219 55 Beispiel
460 788 177 50 Baron
695 790 254 59 Frangart
1011 795 161 48 selbst
1236 794 175 57 lehrte,
1474 796 47 45 in
1584 792 105 50 sich

187 871 382 52 aufzunehmen.
636 873 120 52 Erst
789 890 153 35 wenn
979 892 54 34 er
1071 878 49 49 in
1158 878 85 49 der
1280 877 223 50 äußeren
1538 877 152 49 Form

185 969 59 35 so
281 960 88 51 gut
409 960 98 46 wie
548 959 348 50 vollkommen
936 965 160 54 wäre,
1135 963 176 48 wollte
1349 961 252 58 Frangart
1642 962 47 47 in

183 1042 141 46 seine
365 1042 371 57 empfängliche
778 1044 331 54 Kindesseele
1152 1046 112 52 jene
1308 1044 178 50 Werte
1526 1046 163 55 legen,

187 1124 77 49 die
312 1127 141 47 seine
518 1128 177 55 eigene
740 1127 179 55 Kultur
985 1129 356 60 ausmachten;
1410 1129 98 48 und
1573 1141 115 36 zum

182 1205 246 54 Schlüsse
469 1215 106 44 erst
617 1213 175 49 wollte
833 1227 56 33 er
931 1213 278 55 gleichsam
1250 1213 108 51 sich
1403 1214 159 48 selbst
1604 1210 85 50 auf

185 1293 96 46 den
329 1292 212 55 Knaben
588 1296 323 57 übertragen,
964 1297 168 48 indem
1182 1311 54 35 er
1283 1297 105 48 ihm
1437 1294 248 50 einflößen

178 1376 199 58 würde,
403 1378 108 47 sich
535 1378 79 48 für
642 1381 144 46 einen
811 1381 355 55 bevorzugten
1193 1382 100 47 und
1321 1380 155 48 durch
1501 1379 184 49 Gottes

182 1458 182 51 Gnade
395 1461 433 50 bevorrechteten
857 1461 283 52 Menschen
1171 1478 62 34 zu
1264 1464 194 60 halten;
1489 1475 195 35 wovon

183 1556 57 35 er
286 1544 109 48 sich
441 1546 74 49 als
562 1544 252 58 Wirkung
863 1549 143 46 einen
1057 1547 245 49 erhöhten
1347 1547 159 56 Stolz,
1572 1548 113 46 eine

182 1630 207 54 strenge
457 1628 560 59 Selbstbeherrschung
1082 1633 98 46 und
1247 1630 277 49 Harmonie
1593 1629 90 47 des

180 1707 223 53 Wesens
448 1713 308 60 versprach;
800 1715 144 50 diese
989 1715 150 48 sollte
1187 1716 129 47 dann
1360 1713 196 49 wieder
1601 1711 83 50 auf

181 1795 111 49 eine
329 1795 318 58 nochmalige
686 1796 292 59 Veredlung
1018 1801 88 46 der
1141 1797 222 50 äußeren
1402 1795 153 50 Form
1594 1810 60 35 zu-

178 1877 352 62 rückwirken;
582 1882 131 47 dann
760 1882 202 48 mochte
1013 1883 91 47 das
1149 1881 310 48 verfeinerte
1506 1878 141 50 Form-

176 1961 171 56 gefühl
391 1964 195 47 wieder
634 1965 94 48 den
775 1966 47 47 in
882 1966 83 48 die
1011 1963 148 50 Seele
1220 1963 236 57 gelegten
1518 1977 163 36 neuen

175 2042 388 59 Wertgefühlen
612 2046 284 51 Sicherheit
944 2047 284 61 verleihen;
1280 2048 139 48 diese
1462 2048 218 48 würden

177 2127 387 52 solchermaßen
601 2133 193 48 seinem
833 2131 228 49 Glauben
1098 2144 63 35 an
1199 2132 111 47 eine
1347 2130 332 57 priviligierte

176 2209 231 60 Stellung
446 2215 85 47 die
573 2213 381 57 Berechtigung
999 2214 179 56 geben.
1257 2212 115 51 Und
1421 2228 59 36 so
1529 2215 149 48 sollte

175 2296 109 48 sich
316 2298 108 48 dies
454 2298 124 49 alles
607 2299 46 47 in
685 2300 164 47 einem
876 2299 180 48 immer
1085 2298 323 49 bestimmter
1438 2299 206 48 werden-

178 2379 95 48 den
313 2379 252 55 Kreislauf
601 2381 89 48 der
725 2380 372 58 Verfeinerung
1131 2381 182 49 immer
1352 2396 105 35 von
1495 2395 184 35 neuem

170 2462 264 54 abspielen
480 2501 56 10 ..
572 2502 11 10 .
658 2461 114 52 Und
832 2478 152 35 wenn
1031 2467 88 47 der
1162 2463 178 56 Knabe
1402 2463 276 61 „Nummer

172 2545 250 50 achtzehn
429 2546 27 19 44
500 2547 85 49 auf
625 2547 175 50 solche
843 2546 191 61 Weise,
1079 2549 165 58 gleich
1288 2552 166 47 einem
1499 2552 179 46 immer

170 2629 161 49 feiner
375 2629 385 56 geschliffenem
809 2631 158 59 Stein,
1015 2634 45 47 in
1109 2634 127 49 allen
1281 2632 177 50 Teilen
1508 2634 170 50 seines

170 2711 222 56 Wesens
429 2717 177 55 streng
640 2717 99 47 und
776 2717 388 49 unverrückbar
1201 2717 331 57 abgeglichen
1569 2718 109 49 sein

171 2797 180 49 würde
385 2837 10 9 .
432 2836 10 10 .
478 2835 11 10 .
551 2797 163 61 Dann,
745 2800 50 52 ja
825 2800 133 49 dann
987 2800 177 50 wollte
1195 2815 53 35 er
1280 2800 82 50 ihn
1397 2801 132 49 nach
1561 2801 117 49 dem

170 2878 173 50 Süden
391 2882 227 58 bringen,
662 2883 134 50 nach
847 2884 113 49 dem
1008 2883 187 50 Schloß
1247 2886 89 47 der
1381 2883 295 60 Frangarts,

165 2965 106 47 nnd
313 2966 113 49 dort
469 2966 93 49 das
601 2966 196 58 Letzte,
837 2966 245 61 Höchste,
1131 2982 111 35 was
1284 2982 68 38 er,
1391 2966 138 51 Fritz
1569 2982 105 35 von

169 3045 251 59 Frangart
444 3049 176 59 besaß,
647 3054 147 46 unter
817 3051 96 48 der
940 3055 167 45 satten
1136 3051 172 50 Sonne
1340 3053 89 49 des
1458 3051 217 61 Südens,

170 3132 188 50 restlos
386 3134 100 47 und
515 3133 213 56 gerecht
755 3137 89 47 mit
874 3136 99 47 ihm
1003 3135 166 58 teilen,
1192 3165 64 7 —
1284 3136 216 49 nämlich
1531 3137 143 51 jenes

170 3215 125 49 reife
324 3216 114 49 edle
473 3220 134 46 satte
640 3231 105 35 von
773 3219 128 48 aller
935 3218 159 51 rohen
1130 3218 120 50 Gier
1283 3220 216 49 befreite
1534 3219 115 50 Sich-

166 3298 416 60 selbstgenügen,
615 3303 91 48 das
737 3300 80 49 ihn
844 3303 139 57 jetzt,
1014 3305 50 46 in
1097 3303 254 49 einsamer
1376 3303 162 49 Höhe,
1567 3317 103 35 von

170 3383 94 48 den
289 3380 286 53 Menschen
602 3388 200 47 trennte
833 3426 11 9 .
880 3424 11 9 .
927 3424 11 11 .
997 3385 164 61 Dann,
1190 3386 94 51 ach
1311 3388 152 56 dann,
1491 3388 183 48 würde

167 3479 27 35 e
214 3479 24 34 r
282 3466 130 49 auch
454 3468 139 48 nicht
640 3468 143 49 mehr
826 3471 196 47 einsam
1070 3471 133 58 sein;
1253 3483 55 35 er
1350 3471 182 50 würde
1579 3470 93 48 mit

167 3550 164 48 einem
382 3549 451 58 Gleichgestellten
880 3552 165 60 leben,
1098 3554 96 48 den
1245 3568 54 34 er
1350 3552 107 50 sich
1508 3554 164 49 selbst

165 3633 297 56 geschaffen
491 3633 160 59 hatte,
683 3637 102 47 wie
821 3638 79 46 ein
931 3634 217 52 Meister
1181 3637 91 49 mit
1307 3639 193 47 seinem
1533 3637 108 49 edel-

165 3718 114 47 sten
318 3715 176 60 Werk,
534 3719 100 48 wie
673 3718 81 50 ein
796 3717 158 52 Vater
993 3722 90 49 mit
1125 3722 194 48 seinem
1360 3719 165 61 Sohn;
1569 3720 101 49 und

163 3801 154 48 somit
359 3802 180 48 würde
585 3816 54 34 er
684 3803 133 49 dann
863 3804 130 49 auch
1036 3804 93 50 das
1170 3803 164 51 Werk
1381 3805 90 49 der
1512 3804 156 50 Liebe

166 3883 302 59 vollbracht,
517 3885 215 49 nämlich
781 3886 107 49 sich
953 3901 129 42 ganz
1146 3891 100 46 und
1309 3901 93 42 gar
1464 3901 170 43 wegge-

163 3965 214 52 schenkt
408 3966 186 51 haben.

237 4050 161 49 Jeden
419 4055 221 46 zweiten
658 4052 125 57 Tag,
801 4065 154 38 wenn
978 4053 171 50 Baron
1169 4053 252 57 Frangart
1441 4057 90 46 mit
1556 4056 112 47 dem

159 4133 212 55 Knaben
403 4136 225 57 ausfuhr,
659 4142 174 44 zuerst
865 4140 65 46 im
962 4137 153 49 Hotel
1148 4142 206 56 speiste,
1391 4141 129 47 dann
1550 4138 87 50 Ein-

161 4218 151 50 käufe
342 4219 217 59 machte,
587 4236 82 33 um
700 4220 81 49 ihn
811 4225 90 45 mit
932 4225 113 45 dem
1075 4221 147 51 Wert
1255 4224 87 47 der
1375 4222 162 58 Dinge
1567 4225 101 47 und

160 4303 88 49 mit
278 4303 94 49 den
397 4305 310 48 wertvollen
736 4304 197 58 Dingen
962 4311 233 46 vertraut
1224 4321 62 34 zu
1313 4307 239 60 machen;
1583 4307 82 48 ihn

159 4387 136 47 dann
325 4390 98 45 und
455 4402 168 44 wann,
655 4389 124 50 aber
808 4405 93 33 nur
931 4390 353 58 gelegentlich,
1317 4406 83 33 um
1431 4393 114 52 jede
1575 4390 61 50 Er-

158 4471 224 55 müdung
405 4485 65 34 zu
497 4474 315 56 vermeiden,
844 4487 98 35 vor
971 4476 76 47 ein
1080 4474 218 51 schönes
1327 4473 113 51 Bild
1469 4474 193 60 führte;

160 4566 97 35 vor
293 4555 76 46 ein
408 4556 110 48 edel
555 4556 250 55 gebautes
842 4556 141 50 Haus
1021 4559 100 48 und
1163 4559 130 49 dann
1330 4560 198 48 wieder
1565 4573 98 35 vor

156 4638 80 46 ein
263 4635 513 65 häßlich-modernes,
800 4671 65 6 —
890 4644 179 45 immer
1098 4656 93 34 nur
1222 4644 178 47 darauf
1425 4644 237 56 bedacht,

156 4719 167 50 nichts
355 4735 64 34 zu
452 4722 258 60 predigen,
748 4726 223 48 sondern
1003 4726 124 49 alles
1164 4727 155 48 durch
1357 4727 106 49 sich
1501 4727 160 50 selbst

154 4803 199 49 wirken
399 4820 62 34 zu
506 4805 195 61 lassen;
748 4806 80 49 ihn
876 4809 85 48 auf
1004 4812 190 55 streng,
1241 4810 123 49 aber
1408 4811 254 48 vornehm

159 4887 291 57 gekleidete
501 4887 199 51 Damen
752 4891 345 50 aufmerksam
1145 4892 223 59 machte,
1421 4895 101 47 und
1569 4897 83 45 tein

152 4973 222 48 anderes
410 4970 106 51 Mal
549 4974 89 48 auf
668 4976 115 46 eine
816 4975 164 48 lasciv
1019 4976 328 56 aufgeputzte
1381 4976 158 61 Frau;
1579 4976 80 49 ihn

152 5058 149 47 einen
344 5055 103 50 Akt
491 5070 104 36 von
642 5055 221 51 Carmen
911 5058 226 50 anhören
1183 5058 111 60 ließ,
1340 5063 100 45 und
1487 5064 172 53 später

154 5141 143 48 einen
328 5139 184 50 halben
544 5154 103 35 von
681 5142 137 48 einer
851 5139 139 57 Oper
1026 5143 87 48 der
1146 5158 162 34 neuen
1337 5141 196 62 Musik;
1568 5147 92 45 mit

149 5224 104 50 ihm
282 5226 47 47 in
364 5225 88 48 der
482 5224 379 50 Frauenkirche
895 5226 172 49 betete
1099 5228 101 47 und
1235 5229 78 47 ihn
1348 5242 61 34 zu
1443 5230 216 48 anderer

148 5307 110 50 Zeit
285 5309 101 48 wie
416 5308 205 56 zufällig
647 5310 47 47 in
724 5312 109 46 eine
861 5323 129 34 neue
1015 5309 184 54 Kirche
1228 5312 190 60 führte;
1448 5312 101 47 ihm
1579 5317 77 45 ein

149 5406 125 42 paar
300 5392 165 51 Verse
495 5407 90 35 aus
616 5392 228 51 Goethes
875 5394 286 57 „Iphigenie
1168 5395 27 17 44
1224 5397 192 58 vorlas,
1449 5398 98 47 und
1581 5399 76 46 ein

146 5489 124 41 paar
311 5477 141 56 Tage
495 5476 225 50 nachher
763 5478 110 49 eine
917 5476 140 52 Seite
1104 5493 91 35 aus
1243 5479 87 49 der
1376 5480 278 58 „Jungfrau

146 5572 103 35 von
291 5558 219 52 Orleans
517 5561 26 19 44
587 5556 147 60 (oder
776 5575 93 44 gar
911 5577 92 35 aus
1048 5563 115 48 dem
1207 5566 312 47 monotonen
1563 5579 60 33 un-

143 5644 319 49 männlichen
527 5645 387 58 Versgewinsel
982 5647 321 57 irgendeines
1372 5648 279 47 modernen

143 5722 284 63 Lyrikers),
468 5760 61 5 —
570 5745 153 36 wenn
769 5745 54 35 er
869 5732 106 50 dies
1016 5732 124 47 alles
1184 5731 47 46 in
1275 5732 166 48 seiner
1488 5731 163 49 stillen

143 5810 186 49 noblen
371 5811 92 48 Art
505 5817 87 53 tat,
635 5815 91 49 sah
767 5831 55 34 er
865 5820 251 54 gespannt
1159 5815 84 48 auf
1286 5816 90 48 das
1419 5813 198 51 Mienen-

142 5896 126 53 spiel
317 5895 89 48 des
452 5894 226 63 Knaben,
727 5901 88 47 der
877 5901 298 48 seinerseits
1240 5901 90 46 mit
1392 5898 258 50 lebhaften

137 5978 180 56 Augen
358 5979 127 48 alles
526 5981 100 46 und
669 5981 80 49 ihn
794 5985 162 50 selbst
999 5985 284 58 verfolgte;
1330 5985 99 47 und
1474 5982 173 50 Baron

139 6060 253 58 Frangart
424 6077 114 35 war
570 6063 114 50 sehr
721 6080 61 34 zu
815 6069 210 50 frieden.

233 6144 146 50 Denn
418 6147 46 47 in
504 6147 88 48 der
629 6146 98 51 Tat
764 6151 172 50 schien
977 6155 88 46 der
1104 6152 165 58 Junge
1307 6150 158 58 große
1503 6150 116 49 Fort-

140 6228 212 51 schritte
413 6246 64 33 zu
536 6234 243 58 machen;
847 6235 149 59 nicht,
1045 6236 94 50 daß
1190 6253 53 34 er
1289 6240 49 46 in
1387 6236 258 49 lebhaften

134 6312 219 51 Worten
385 6315 221 49 darüber
631 6317 296 55 geplaudert
958 6320 139 52 hätte
1121 6353 63 5 —
1209 6324 134 47 denn
1374 6336 55 35 er
1458 6319 185 59 sprach

132 6399 138 49 nicht
309 6399 117 58 viel,
464 6400 132 49 nach
639 6402 112 48 dem
790 6400 220 57 Beispiel
1050 6409 168 49 seines
1258 6406 268 51 Erziehers
1563 6436 78 27 —,

135 6483 124 48 aber
306 6486 141 47 seine
491 6483 178 57 Augen
717 6486 225 60 redeten,
1001 6490 100 48 und
1164 6492 72 48 sie
1300 6493 215 48 redeten
1573 6492 69 48 im

130 6565 156 50 Sinne
325 6567 89 48 des
447 6566 287 49 Erziehers.

1951 208 197 48 Soweit
2175 208 95 48 ließ
2297 210 108 48 sich
2431 209 125 50 alles
2583 211 87 54 gut
2697 221 77 34 an.
2834 205 102 49 Der
2965 205 175 54 Knabe
3170 208 158 49 selbst

1826 291 156 48 fühlte
2019 291 106 49 sich
2159 304 93 36 nur
2288 307 64 34 an
2392 294 93 48 den
2524 290 407 57 Nachmittagen,
2973 290 77 47 die
3091 302 53 35 er
3180 291 148 47 allein

1827 374 293 57 zubrachte,
2170 376 250 50 zunächst
2469 376 117 49 sehr
2639 376 285 48 verlassen.
3007 372 138 48 Aber
3200 373 128 48 nach

1827 459 95 48 den
1962 461 173 46 ersten
2175 457 57 49 W
2233 458 8 11 T
2246 459 178 59 ochen,
2466 473 152 36 wenn
2662 460 89 49 das
2792 457 203 50 Wetter
3035 456 137 48 nicht
3214 470 114 33 zum

1823 540 286 51 Ausfahren
2147 542 181 58 einlud,
2366 542 90 50 saß
2495 558 55 34 er
2586 544 261 48 zufrieden
2884 544 47 47 in
2966 542 194 48 seinem
3198 538 98 49 Zim-

1822 638 125 35 mer.
2012 623 66 49 Er
2112 626 167 50 stellte
2313 627 108 48 sich
2451 641 97 35 vor
2581 630 96 47 den
2708 624 213 61 größten
2954 624 221 57 Spiegel,
3209 624 119 47 übte

1821 705 408 60 Verbeugungen
2276 713 93 55 ein,
2431 712 259 54 probierte
2755 710 408 55 Kopfhaltungen
3228 707 100 48 und

1822 791 247 60 kopierte,
2099 796 92 46 mit
2228 796 117 46 dem
2369 794 183 51 Talent
2586 797 139 48 eines
2760 795 229 48 seltenen
3025 791 273 56 Schauspie-

1820 876 116 56 lers,
1980 873 162 61 Gang,
2186 875 306 56 Redeweise
2537 880 98 47 und
2681 878 294 50 Benehmen
3021 879 92 49 des
3152 874 174 51 Baron

1820 957 276 59 Frangart!

1909 1040 181 53 Nichts
2132 1059 112 35 war
2289 1046 307 48 natürlicher
2642 1047 98 47 und
2785 1045 129 50 doch
2959 1044 230 57 zugleich
3235 1045 59 48 ab-

1819 1124 277 52 stoßender
2118 1128 77 49 als
2225 1129 77 48 die
2328 1130 108 57 Art,
2462 1128 92 50 mit
2583 1130 88 48 der
2701 1131 164 48 dieser
2893 1128 164 57 Junge
3084 1144 97 33 vor
3211 1128 115 49 dem

1816 1208 204 57 Spiegel
2059 1210 203 60 „Baron
2302 1211 249 58 Frangart
2591 1214 162 48 lernte
2759 1213 26 19 44
2825 1207 81 59 (so
2944 1216 188 46 nannte
3174 1227 53 34 er
3268 1224 55 36 es

1818 1287 197 62 selbst).
2089 1294 114 50 Und
2248 1298 109 47 sein
2405 1296 257 49 Geschick
2710 1299 46 46 in
2806 1298 167 49 dieser
3021 1295 276 58 Schauspie-

1816 1378 122 47 lerei
1982 1392 112 35 war
2142 1381 47 47 in
2238 1381 89 48 der
2371 1378 100 51 Tat
2516 1381 285 60 vollendet;
2851 1381 96 49 alle
2993 1380 298 50 Aeußerlich-

1816 1460 171 50 keiten
2015 1464 215 48 wurden
2259 1465 48 48 in
2338 1464 88 49 der
2455 1464 276 49 kürzesten
2760 1463 110 50 Zeit
2903 1464 107 50 sein
3039 1463 284 57 Eigentum.

1908 1543 170 51 Denn:
2114 1545 95 50 Die
2241 1547 215 49 formale
2494 1547 361 50 Gewandtheit
2893 1549 167 47 dieses
3094 1547 227 58 Knaben,

1816 1642 64 34 an
1908 1629 89 48 der
2025 1629 106 50 sich
2158 1629 172 50 Baron
2360 1629 252 58 Frangart
2644 1631 237 57 erfreute,
2912 1634 73 46 sie
3014 1646 113 35 war
3157 1631 166 49 nichts

1814 1712 221 51 anderes
2064 1714 79 48 als
2177 1717 79 45 ein
2286 1713 250 58 Ergebnis
2570 1717 168 47 seiner
2768 1714 553 59 Beobachtungsgabe.

1812 1792 96 53 Mit
1946 1796 166 49 dieser
2147 1795 537 60 Beobachtungsgabe
2720 1800 184 55 gelang
2942 1812 54 36 es
3036 1798 100 49 ihm
3174 1799 145 57 auch,

1812 1893 97 35 vor
1943 1881 250 55 geistigen
2229 1879 327 52 Erlebnissen
2592 1882 229 57 stehend,
2859 1881 172 50 Baron
3067 1881 253 57 Frangart

1812 1976 62 34 zu
1906 1961 264 50 täuschen.
2233 1962 183 51 Dieser
2449 1965 178 49 suchte
2657 1968 101 45 wie
2792 1966 248 48 natürlich
3078 1966 96 49 den
3208 1965 85 48 Ein-

1812 2045 159 48 druck
2002 2046 85 50 auf
2115 2048 116 46 dem
2259 2046 210 50 Gesicht
2503 2049 89 48 des
2620 2048 211 54 Knaben
2860 2063 61 34 zu
2952 2049 165 56 lesen;
3151 2050 166 48 dieser

1810 2128 122 48 aber
1974 2128 140 49 hatte
2157 2128 83 50 ihn
2283 2134 130 47 stets
2456 2132 160 48 schon
2660 2132 191 48 vorher
2896 2132 89 50 mit
3031 2135 163 46 einem
3237 2136 81 45 nie

1808 2213 186 47 müden
2030 2212 214 50 Instinkt
2281 2216 48 46 in
2364 2215 94 48 der
2497 2212 172 52 Miene
2712 2216 89 48 des
2841 2214 172 50 Baron
3052 2215 266 58 Frangart,

1808 2308 58 37 so
1895 2296 304 51 beherrscht
2234 2298 139 49 diese
2404 2298 129 49 auch
2565 2301 108 48 sein
2707 2299 220 58 mochte,
2959 2300 225 58 gelesen,
3217 2299 102 50 und

1806 2380 100 56 gab
1951 2382 74 48 sie
2067 2395 100 34 nun
2206 2380 89 50 auf
2336 2384 194 47 seinem
2591 2384 212 55 eigenen
2865 2382 211 51 Gesicht
3135 2383 182 58 richtig

1805 2463 211 50 wieder.
2078 2463 173 51 Daher
2280 2464 120 50 kam
2434 2466 76 49 die
2540 2469 185 54 stetige
2753 2466 311 58 Täuschung
3093 2469 90 48 des
3214 2467 68 51 Ba-

1807 2560 92 36 ron
1935 2546 253 59 Frangart
2229 2549 125 48 über
2393 2552 174 47 seinen
2606 2549 237 62 Zögling;
2899 2552 207 49 wieviel
3148 2552 166 49 dieser

1806 2631 243 49 innerlich
2077 2634 47 48 in
2154 2632 106 49 sich
2286 2633 259 61 aufnahm,
2574 2633 95 51 ließ
2699 2636 109 48 sich
2833 2635 140 50 nicht
3003 2636 309 60 feststellen;

1805 2714 259 53 vielleicht
2112 2718 206 57 einiges,
2363 2717 256 50 vielleicht
2667 2719 180 50 nichts.
2907 2750 64 6 —
3034 2719 279 49 Jedenfalls

1806 2799 124 49 aber
1969 2802 151 48 stand
2159 2800 115 58 fest,
2318 2800 93 50 daß
2453 2816 55 34 er
2548 2800 173 52 Baron
2763 2802 252 58 Frangart
3059 2804 254 51 durchaus

1805 2882 137 49 nicht
1979 2884 101 48 und
2120 2886 46 46 in
2208 2883 198 50 keinem
2448 2884 137 51 Falle
2628 2887 298 49 absichtlich
2966 2888 251 49 täuschte.

2542 3048 23 23 $

1896 3214 243 54 Indessen
2188 3218 154 50 nahte
2394 3220 79 49 die
2523 3219 124 60 Zeit,
2697 3236 86 35 wo
2833 3220 173 51 Baron
3056 3221 253 59 Frangart

1802 3302 79 46 die
1918 3299 420 60 Entschleierung
2377 3306 168 46 seiner
2583 3304 270 51 Illusionen
2895 3307 207 48 erleben
3144 3308 164 49 sollte.

1892 3384 201 57 Anfang
2138 3385 89 50 des
2268 3384 149 51 März
2456 3418 65 6 —
2562 3389 110 48 also
2712 3392 134 47 zwei
2886 3388 228 61 Monate,
3158 3391 123 49 nach-

1801 3468 115 47 dem
1951 3482 55 35 er
2042 3469 94 49 den
2172 3469 213 54 Knaben
2418 3472 394 56 aufgenommen
2847 3474 140 51 hatte
3020 3505 66 6 —
3117 3474 192 49 konnte

1800 3564 55 36 er
1901 3552 163 49 einem
2111 3553 303 55 plötzlichen
2462 3555 189 49 rauhen
2697 3555 243 51 Wechsel
2984 3558 93 48 der
3123 3557 154 50 Witte-

1798 3648 129 43 rung
1953 3636 137 49 nicht
2115 3637 347 50 widerstehen
2490 3640 99 49 und
2620 3640 83 49 fiel
2733 3640 49 49 in
2812 3640 266 51 schweres
3108 3640 199 51 Fieber.

1795 3716 70 51 Er
1906 3719 91 49 bat
2043 3718 391 59 Schlagintweit
2479 3736 62 35 zu
2589 3724 107 48 sich
2745 3725 99 47 und
2892 3729 266 46 vertraute
3206 3726 97 50 ihm

1800 3801 95 49 den
1971 3802 210 54 Knaben
2258 3820 78 35 an.
2412 3804 309 58 Schlagintw
2722 3822 7 10 r
2735 3810 81 56 eit,
2865 3809 89 48 der
2998 3811 93 48 mit
3136 3811 169 47 seiner

1797 3884 160 51 Braut
1998 3888 137 49 nicht
2176 3891 191 53 gerade
2410 3890 118 48 sehr
2566 3891 251 58 glücklich
2859 3907 62 34 zu
2964 3896 107 47 sein
3115 3894 190 57 schien,

1797 3983 113 35 war
1958 3971 249 49 während
2258 3975 88 47 der
2396 3974 187 50 letzten
2633 3973 110 52 Zeit
2793 3978 78 48 ein
2924 3980 225 52 einziges
3197 3975 108 51 Mai

1797 4053 208 59 flüchtig
2048 4070 60 34 zu
2154 4056 99 47 ihm
2300 4056 306 58 gekommen
2652 4055 103 53 und'
2794 4061 143 49 hatte
2983 4061 146 49 dabei
3174 4061 130 50 auch

1798 4139 95 46 den
1937 4136 211 60 Zögling
2194 4142 91 48 des
2326 4140 169 50 Baron
2544 4142 251 57 Frangart
2843 4144 199 50 kennen
3090 4147 213 55 gelernt.

1794 4219 66 50 Er
1891 4223 147 49 sollte
2071 4223 101 48 ihm
2202 4239 99 34 nun
2330 4228 47 46 in
2412 4226 88 48 der
2528 4225 144 50 Nähe
2704 4230 167 46 seiner
2904 4230 211 55 eigenen
3147 4229 120 49 Woh-

1794 4319 150 44 nung,
1975 4307 255 50 vielleicht
2263 4312 46 46 in
2339 4311 141 46 einer
2512 4314 155 53 guten
2698 4310 239 63 Pension,
2971 4313 112 49 eine
3114 4313 156 50 Unter-

1793 4388 144 51 kunft
1971 4390 190 49 suchen
2191 4395 101 46 und
2324 4393 106 51 sich
2464 4395 65 47 im
2564 4395 211 56 übrigen
2809 4398 89 48 mit
2933 4397 100 49 ihm
3067 4398 207 49 beschäf-

1794 4474 160 60 tigen;
2015 4473 172 51 Baron
2227 4475 253 58 Frangart
2521 4479 99 55 gab
2662 4479 88 49 hm
2793 4481 162 57 einige
2999 4482 302 57 allgemeine

1792 4555 366 63 Erklärungen,
2199 4563 101 48 wie
2344 4575 55 35 er
2440 4561 172 50 bisher
2654 4565 91 47 mit
2791 4565 115 47 dem
2950 4564 197 59 Jungen
3192 4581 72 34 um-

1791 4653 267 46 gegangen
2092 4647 88 54 sei,
2214 4645 97 48 und
2347 4659 54 34 er
2434 4646 145 48 sollte
2611 4648 128 47 auch
2771 4662 104 35 von
2909 4647 391 59 Schlagintweit

1791 4738 58 36 so
1892 4726 237 56 gehalten
2172 4730 228 47 werden.
2517 4728 182 50 Dieser
2763 4732 197 49 erfüllte
3020 4732 280 60 Frangarts

1789 4805 231 54 Wunsch
2056 4813 47 47 in
2138 4814 142 50 jeder
2315 4810 192 53 Weise.

1883 4892 104 50 Der
2023 4897 150 55 junge
2205 4895 172 50 Baron
2414 4897 157 49 erhob
2608 4898 106 49 sich
2751 4901 130 47 nach
2917 4901 244 50 vierzehn
3197 4902 68 50 Ta-

1788 4989 113 47 gen,
1963 4982 136 45 trotz
2158 4981 139 48 einer
2357 4981 215 50 leichten
2637 4981 660 65 Gehirnhautentzündung,

1790 5061 196 50 welche
2031 5064 90 50 das
2162 5063 183 51 Fieber
2385 5065 244 57 begleitet
2671 5065 155 60 hatte,
2871 5082 123 35 vom
3037 5069 230 55 Kranken-

1785 5145 161 55 lager.
2015 5144 66 51 Er
2119 5147 229 49 schickte
2387 5163 62 34 zu
2490 5148 390 59 Schlagintweit
2920 5154 99 48 und
3059 5152 95 50 ließ
3196 5155 100 48 ihm

1790 5229 306 58 ausrichten,
2132 5245 54 34 er
2219 5235 150 55 möge
2407 5233 101 48 ihm
2549 5235 95 47 den
2682 5234 209 55 Knaben
2930 5237 228 56 bringen.
3211 5238 85 49 Sie

1787 5311 184 50 kamen
2015 5313 130 50 denn
2187 5315 126 48 auch
2355 5329 297 38 zusammen
2694 5332 78 35 an.
2845 5318 103 51 Der
2991 5320 174 54 Knabe
3205 5323 61 47 be-

1786 5395 179 55 grüßte
2013 5399 94 47 den
2152 5400 183 55 jungen
2381 5398 173 51 Baron
2600 5404 93 47 mit
2735 5403 139 49 einer
2920 5405 171 49 lauten
3136 5406 129 49 Herz-

1784 5478 204 51 lichkeit
2019 5482 89 48 des
2137 5481 188 61 Tones,
2360 5484 78 49 die
2471 5486 165 48 dieser
2663 5501 62 34 an
2755 5488 99 48 ihm
2883 5489 135 49 nicht
3048 5490 247 55 gewöhnt

1781 5577 129 35 war.
1986 5563 66 51 Er
2098 5566 147 50 hörte
2292 5570 174 46 seinen
2513 5567 370 54 Wortschwall
2933 5577 230 45 erstaunt
3213 5590 78 34 an.

1877 5646 154 59 „Nun,
2040 5649 26 17 44
2101 5649 164 57 fragte
2301 5666 53 34 er
2389 5654 97 56 ihn,
2522 5656 131 55 „wie
2687 5655 85 49 hat
2810 5670 54 36 es
2903 5656 73 48 dir
3010 5657 81 47 bei
3125 5657 165 49 Herrn

1783 5730 388 58 Schlagintweit
2202 5735 260 57 gefallen?
2468 5738 27 17 44
2528 5769 63 5 —
2627 5738 152 60 „Fein
2816 5738 172 59 war's,
3024 5740 131 51 Herr
3191 5742 67 50 Ba-

1782 5828 106 46 ron,
1926 5816 116 50 sehr
2082 5819 115 49 fein.
2204 5820 26 17 44
2266 5851 63 5 —
2365 5821 231 58 „Anders
2635 5826 100 45 wie
2772 5824 82 49 bei
2892 5824 133 49 mir?
3033 5826 26 18 44
3097 5857 63 5 —
3197 5827 94 58 „Ja

1785 5934 10 9 .
1832 5936 11 10 .
1879 5937 9 9 .
1925 5899 291 52 schließlich
2252 5942 11 10 .
2299 5944 10 9 .
2346 5944 11 9 .
2408 5907 89 47 mit
2551 5907 115 46 dem
2717 5906 388 58 Kirchengehen
3155 5909 133 51 hat's

1780 5983 89 47 der
1901 5981 132 52 Herr
2067 5985 390 58 Schlagintweit
2491 5991 136 48 nicht
2664 6004 58 36 so
2760 5994 101 47 viel
2896 5997 102 45 wie
3033 5996 87 47 der
3154 5994 132 50 Herr

1777 6063 172 52 Baron
1986 6108 9 9 .
2033 6108 9 11 .
2080 6110 9 9 .
2163 6073 138 47 Aber
2341 6074 99 47 fein
2483 6074 157 49 war's
2685 6113 10 10 .
2738 6114 11 10 .
2793 6114 11 10 .
2810 6075 27 19 44

1868 6149 173 52 Baron
2085 6152 280 59 Frangarts
2408 6156 287 51 Erstaunen
2738 6162 198 50 wuchs.
3013 6161 107 52 Das
3165 6163 82 49 We-

1774 6247 91 37 sen
1913 6237 88 48 des
2045 6237 197 58 Jungen
2289 6240 173 50 schien
2509 6256 133 42 ganz
2706 6246 280 49 verändert
3050 6262 61 34 zu
3160 6251 123 48 sein.

1774 6317 222 51 Wessen
2035 6320 206 53 Allüren
2284 6338 177 35 waren
2505 6327 106 48 dies
2653 6325 131 51 nur?
2858 6331 109 47 Ach
3009 6333 275 57 richtig...

1773 6401 107 51 Das
1911 6418 113 35 war
2057 6418 58 36 so
2152 6408 77 47 die
2262 6408 92 52 Art
2387 6423 103 34 von
2523 6408 388 59 Schlagintweit
2947 6416 175 59 selbst,
3158 6419 124 47 oder

1771 6489 250 48 vielmehr
2064 6492 111 46 eine
2216 6497 119 51 gute
2378 6492 160 57 Kopie
2582 6495 183 50 davon.
2836 6496 138 53 Jetzt
3017 6503 88 47 der
3146 6500 102 49 Ton-

1770 6572 86 51 fall
1899 6610 121 12 ...
2087 6571 115 53 Und
2248 6577 140 50 diese
2431 6576 318 63 Bewegung,
2795 6595 132 44 ganz
2971 6599 168 40 genau
3180 6588 101 46 wie

3457 211 80 48 bei
3577 210 389 58 Schlagintweit
4011 252 8 8 .
4064 253 9 8 .
4119 253 7 8 .
4195 212 169 50 Baron
4407 213 250 58 Frangart
4700 221 259 46 erzitterte

3457 294 171 57 heftig,
3674 297 75 49 als
3793 312 54 32 er
3894 297 386 49 solchermaßen
4349 299 94 48 den
4505 296 359 58 Schauspieler
4912 304 49 48 in

3460 378 115 48 dem
3616 377 195 59 Jungen
3859 380 261 51 erkannte.

3550 460 164 60 „Herr
3773 463 186 60 Baron,
4025 468 62 47 ist
4149 466 152 49 Ihnen
4347 465 257 50 vielleicht
4649 466 137 49 nicht
4830 481 131 43 ganz

3703 547 163 56 fragte
3906 550 87 47 der
4030 549 179 59 Junge,
4247 553 87 46 der
4373 550 78 49 ihn
4492 550 129 49 nach
4659 552 166 47 seiner
4860 550 101 49 Ge~

3456 625 261 54 wohnheit
3751 644 164 42 genau
3953 633 358 62 beobachtete,
4348 636 97 58 „da
4479 639 211 46 müssen
4726 636 96 48 wir
4855 635 106 51 halt

3461 710 89 47 das
3578 708 172 53 Mädel
3780 715 157 58 rufen,
3967 718 156 50 damit
4153 721 73 46 sie
4257 718 153 50 Ihnen
4441 718 257 50 vielleicht
4726 720 78 48 ein
4836 718 125 50 Glas

3456 789 216 52 Wasser
3703 796 169 58 bringt
3902 837 50 13 ..
4091 800 96 50 Mit
4215 801 326 59 Bestürzung
4570 807 255 46 erinnerte
4853 802 108 50 sich

3455 873 170 51 Baron
3670 878 250 58 Frangart
3964 884 81 48 bei
4093 885 173 50 diesen
4310 885 234 61 Worten,
4606 890 101 48 wie
4770 888 191 50 schnell

3457 960 98 47 und
3595 962 103 47 wie
3737 967 88 51 gut
3866 966 87 47 der
3996 966 162 58 Junge
4198 983 97 35 vor
4336 973 335 49 zweieinhalb
4715 971 245 51 Monaten

3456 1045 79 47 ein
3577 1044 343 55 dialektfreies
3957 1048 407 55 Schriftdeutsch
4400 1056 197 55 gelernt
4635 1057 156 50 hatte.
4843 1056 118 49 Und

3452 1132 125 50 jetzt
3607 1166 10 11 .
3645 1167 10 10 .
3687 1166 10 9 .
3730 1130 167 49 dieses
3926 1131 241 58 Behagen
4199 1150 62 34 an
4295 1140 87 47 der
4411 1138 306 54 Redeweise
4748 1141 183 58 Schlag-

3453 1212 251 49 intweits!
3779 1212 91 47 Bei
3910 1213 386 59 Schlagintweit
4335 1222 161 49 selbst
4538 1224 204 50 mochte
4784 1225 174 49 Baron

3450 1294 253 59 Frangart
3750 1298 92 48 das
3884 1311 158 43 gerne
4084 1300 180 61 leiden,
4325 1306 63 50 da
4428 1319 113 36 war
4599 1323 59 36 es
4718 1309 239 61 original;

3450 1381 125 49 aber
3605 1382 82 48 bei
3724 1381 192 50 diesem
3953 1381 214 61 Jungen,
4201 1386 198 50 welche
4435 1390 331 61 abstoßende,
4802 1407 156 35 wenn

3451 1465 130 48 auch
3616 1479 199 42 genaue
3852 1464 186 57 Kopie!

3546 1547 181 58 „Nein!
3736 1549 26 18 44
3794 1553 313 49 antwortete
4140 1566 55 34 er
4226 1552 314 52 abwehrend
4571 1557 81 48 auf
4682 1558 77 50 die
4790 1558 168 58 Frage

3454 1634 90 47 des
3583 1632 212 59 Jungen,
3837 1636 126 56 „mir
4003 1636 66 48 ist
4107 1648 132 42 ganz
4277 1636 152 59 wohl,
4467 1652 131 42 ganz
4635 1656 40 33 w
4676 1656 11 9 T
4691 1642 81 48 ohl
4810 1681 11 10 .
4860 1680 12 11 .

3544 1715 139 59 „Sag
3731 1717 116 59 mal,
3899 1718 180 58 Junge,
4085 1718 28 19 44
4163 1719 166 56 fragte
4378 1734 55 35 er
4483 1721 97 59 ihn,
4646 1724 112 57 „bei
4820 1740 137 34 wem

3450 1802 232 48 würdest
3721 1803 62 48 du
3819 1805 124 51 jetzt
3980 1804 157 47 lieber
4173 1804 219 58 bleiben,
4428 1805 83 49 bei
4544 1805 166 51 Herrn
4747 1808 180 59 Schlag-

3450 1884 196 49 intweit
3690 1887 125 47 oder
3856 1886 81 49 bei
3980 1883 134 52 mir?
4122 1887 27 19 44

3544 1966 107 60 „Ja,
3689 1970 92 49 das
3815 1970 197 50 kommt
4048 1972 107 49 halt
4190 1972 181 49 darauf
4406 1987 63 34 an
4509 2012 10 9 .
4557 2012 10 10 .
4605 2012 10 10 .
4683 1973 104 50 Das
4823 1975 134 49 weiß

3450 2053 79 46 ich
3570 2065 91 42 gar
3702 2054 137 49 nicht
3880 2055 143 50 recht
4064 2095 11 9 .
4117 2094 9 10 .
4172 2096 10 10 .
4257 2055 87 49 Ich
4385 2061 53 44 tu
4478 2058 132 48 mich
4655 2059 49 52 ja
4743 2059 49 48 in
4834 2060 124 50 alles

3446 2134 361 62 hineinlernen,
3851 2137 79 49 ich
3972 2176 11 11 .
4026 2176 13 11 .

3541 2217 53 49 In
3632 2218 173 52 Baron
3843 2220 251 59 Frangart
4132 2225 173 56 jagten
4345 2224 109 49 sich
4497 2226 79 49 die
4619 2226 314 55 unglücklich-

3447 2304 114 46 sten
3606 2302 297 52 Gedanken.
3980 2305 104 50 Das
4144 2321 114 37 war
4319 2309 110 49 also
4494 2310 90 48 der
4645 2309 313 60 „niedrigste

3445 2380 217 54 Mensch
3670 2386 26 19 44
3700 2426 11 18 ,
3775 2401 62 34 an
3905 2390 93 47 den
4064 2405 55 34 er
4163 2392 108 48 sich
4319 2392 414 58 „wegschenken
4740 2393 28 19 44
4814 2393 144 50 hatte

3445 2469 204 49 wollen.
3710 2469 105 50 Der
3844 2472 278 57 niedrigste
4151 2472 216 53 Mensch
4397 2513 11 11 .
4439 2514 12 11 .
4482 2515 9 10 .
4550 2476 141 50 Aber
4721 2479 93 49 das
4843 2491 115 37 war

3448 2552 128 49 doch
3616 2566 92 44 gar
3748 2554 115 50 kein
3904 2554 233 62 Mensch,
4182 2559 90 48 das
4313 2574 112 34 war
4469 2561 130 49 doch
4642 2563 79 48 ein
4759 2562 199 49 kleines

3442 2634 120 50 Tier
3595 2640 90 46 mit
3718 2635 258 64 Mimicry,
4013 2641 166 50 dieser
4214 2640 164 59 Junge
4411 2682 11 10 .
4457 2684 10 9 .
4500 2686 11 9 .
4577 2642 116 52 Und
4731 2646 91 50 das
4858 2642 66 52 Mi-

3442 2719 167 58 micry
3642 2722 219 50 bestand
3897 2724 128 48 eben
4058 2728 46 46 in
4140 2728 193 48 seinem
4367 2726 196 62 Talent,
4599 2728 107 50 sich
4744 2732 47 46 in
4830 2730 127 49 alles

3444 2802 442 61 „hineinzulernen
3894 2807 27 19 44
3925 2846 11 19 ,
3980 2807 431 59 hineinzuspielen
4461 2850 11 11 .
4521 2850 10 10 .
4579 2851 12 10 .
4656 2811 142 60 Nein,
4845 2827 74 34 wa-

3443 2901 112 35 rum
3584 2890 149 48 sollte
3765 2905 55 33 er
3850 2893 125 56 „das
4007 2892 161 50 Werk
4202 2894 89 50 der
4322 2894 156 50 Liebe
4486 2894 26 20 44
4545 2910 62 34 zu
4642 2894 139 52 Ende
4814 2897 111 48 brin-

3441 2984 113 46 gen,
3599 2987 154 34 wenn
3803 2988 56 36 es
3908 2977 114 49 dem
4067 2976 197 58 Jungen
4315 2979 129 48 doch
4493 2993 91 36 nur
4632 2982 113 48 eine
4791 2980 129 50 Lern-

3442 3054 217 57 aufgabe
3691 3057 168 54 auflud
3891 3097 11 10 .
3932 3097 10 10 .
3976 3098 11 10 .
4052 3058 144 62 Nein,
4229 3060 137 51 nicht
4396 3065 183 48 weiter
4613 3103 51 9 ..
4696 3102 11 8 .
4774 3063 178 50 Sofort

3439 3137 172 53 mußte
3655 3141 76 49 ein
3772 3140 142 52 Ende
3954 3145 240 53 gemacht
4234 3147 231 48 werden.

3533 3223 116 57 „Ich
3679 3225 203 50 möchte
3909 3230 89 46 mit
4029 3227 154 50 Ihnen
4214 3230 265 58 sprechen,
4510 3230 440 61 Schlagintweit/'

3438 3306 201 57 begann
3671 3307 172 51 Baron
3875 3309 253 58 Frangart
4161 3313 128 48 nach
4323 3315 139 48 einer
4495 3314 166 49 Weile
4697 3319 252 46 starrsten

3439 3388 354 62 Schweigens,
3859 3394 194 58 „gehen
4102 3397 99 47 wir
4251 3398 77 48 ins
4378 3396 222 50 Zimmer
4650 3399 260 49 nebenan!
4917 3398 28 21 44

3437 3470 69 53 Es
3537 3474 242 55 geschah.

3530 3556 173 50 Baron
3748 3557 253 59 Frangart
4050 3565 191 47 atmete
4293 3564 90 48 tief
4448 3567 101 47 und
4615 3564 333 51 schmerzlich

3438 3639 96 50 auf.
3610 3640 448 61 „Schlagintweit!
4066 3645 27 19 44
4137 3647 96 48 rief
4276 3661 54 34 er
4375 3649 213 56 endlich,
4632 3650 171 58 „bitte,
4848 3653 78 46 ret-

3438 3728 84 45 ten
3563 3724 86 50 Sie
3689 3725 148 60 mich,
3878 3728 228 50 befreien
4149 3728 85 50 Sie
4277 3731 132 48 mich
4452 3771 11 10 .
4505 3770 11 11 .
4557 3771 12 11 .
4610 3746 99 36 vor
4754 3735 195 48 diesem

3434 3805 155 61 Echo,
3628 3823 98 36 vor
3767 3811 193 49 diesem
3997 3811 205 59 Spiegel
4237 3827 97 36 vor
4374 3816 168 49 dieser
4577 3816 368 50 wechselnden

3430 3888 205 63 Maske,
3676 3907 96 36 vor
3815 3895 190 49 diesem
4047 3893 342 54 Chamäleon!
4434 3937 10 10 .
4488 3937 10 10 .
4657 3898 259 59 Schlagint-

3434 3976 122 49 weit
3596 3978 233 58 schwieg
3867 3980 246 50 bestürzt.
4188 3981 114 58 „Ich
4348 3982 183 50 dachte
4575 4024 9 7 .
4627 4022 11 10 .
4682 4023 10 9 .
4698 3984 27 19 4i
4768 3985 177 48 wollte

3434 4073 55 35 er
3528 4062 259 48 erwidern
3821 4101 10 9 .
3870 4103 11 11 .
3922 4103 10 8 .
4000 4063 174 60 „Nein,
4179 4065 28 18 44
4248 4066 309 49 unterbrach
4595 4068 81 50 ihn
4720 4069 87 48 der
4846 4067 65 50 Ba-

3434 4157 106 44 ron,
3605 4146 110 57 „ich
3764 4146 132 50 habe
3945 4147 132 50 mich
4128 4149 317 49 schrecklich
4511 4152 286 58 getäuscht,
4865 4152 79 49 ich

3431 4227 135 49 kann
3599 4229 133 49 mich
3767 4231 137 51 nicht
3936 4232 384 56 wegschenken
4356 4250 64 36 an
4455 4234 97 59 ihn,
4588 4249 53 35 er
4676 4236 137 49 kann
4851 4237 92 49 das

3434 4311 275 51 Geschenk
3748 4315 137 49 nicht
3930 4319 194 57 tragen,
4169 4331 54 36 es
4267 4318 65 49 ist
4370 4318 102 49 ihm
4515 4334 62 34 zu
4621 4319 221 61 schwer,
4887 4336 57 36 es

3431 4398 65 47 ist
3533 4398 125 50 alles
3697 4412 63 34 zu
3798 4398 219 59 schwer,
4057 4401 140 57 alles,
4237 4402 124 49 alles
4401 4442 10 9 .
4451 4442 10 9 .
4501 4442 10 9 .
4577 4402 240 52 Befreien
4857 4403 87 50 Sie

3430 4479 134 49 mich
3600 4495 104 35 von
3745 4483 99 47 ihm
3885 4521 11 11 .
3934 4521 12 10 .
3985 4484 37 48 .!
4029 4484 28 18 44

3523 4563 391 59 Schlagintweit
3954 4568 184 58 begriff
4176 4571 138 48 nicht
4356 4584 148 45 ganz,
4544 4572 122 49 aber
4708 4587 112 34 war
4859 4586 55 36 so-

3428 4649 165 55 gleich
3627 4650 177 59 bereit,
3843 4652 125 51 alles
4003 4650 259 60 Mögliche
4300 4668 61 36 zu
4401 4659 102 46 tun.
4572 4655 137 58 „Soll
4748 4656 77 49 ich
4860 4656 81 49 ihn

3430 4733 313 50 ermorden?
3750 4734 27 20 44
3815 4735 165 50 schrie
4019 4751 55 35 er
4110 4737 121 61 laut,
4270 4740 125 56 „soll
4432 4740 79 48 ich
4546 4739 85 50 ihn
4668 4743 74 46 ins
4782 4739 121 56 Gym-

3429 4820 198 46 nasium
3677 4818 252 51 stecken?
4014 4820 105 51 Soll
4173 4822 79 49 ich
4301 4861 11 10 .
4361 4862 10 10 .
4422 4861 11 11 .
4483 4823 155 58 Alles,
4686 4838 116 35 was
4854 4822 86 49 Sie

3425 4904 191 50 wollen
3663 4942 11 11 .
3719 4944 13 12 .
3861 4936 65 6 —
3969 4905 117 60 „Ich
4149 4906 164 49 danke
4374 4906 154 51 Ihnen
4590 4906 208 58 lebhaft,
4860 4906 80 50 ich

3429 4987 165 49 danke
3637 4987 154 50 Ihnen
3834 4989 207 58 lebhaft,
4048 4991 27 18 44
4119 4992 276 49 erwiderte
4441 4992 88 47 der
4572 4994 150 53 junge
4765 4991 173 49 Baron

3427 5074 89 46 mit
3553 5072 422 51 schmerzlichem
4014 5074 237 58 Lächeln,
4295 5087 89 47 „es
4431 5075 111 48 darf
4580 5074 201 58 kosten,
4822 5087 114 37 was

3428 5169 56 36 es
3516 5156 119 58 will,
3672 5158 77 47 ich
3782 5158 179 49 werde
3995 5158 78 48 für
4107 5160 139 47 seine
4281 5157 219 51 Zukunft
4537 5172 203 43 sorgen.
4774 5190 64 6 —
4871 5158 65 50 Er

3425 5242 93 46 soll
3549 5254 54 35 es
3631 5241 135 49 nicht
3796 5243 272 55 entgelten,
4099 5241 94 49 daß
4223 5241 77 49 ich
4328 5242 132 48 mich
4488 5243 270 56 getäuscht
4788 5243 148 48 habe.

3422 5322 178 51 Nichts
3636 5326 131 47 wird
3802 5325 130 48 mich
3964 5340 171 44 reuen,
4170 5326 124 47 aber
4329 5325 86 50 Sie
4450 5330 208 46 müssen
4695 5329 80 46 ihn
4809 5327 102 48 fort-

3422 5408 214 57 bringen
3679 5423 103 35 von
3826 5409 121 57 hier,
3992 5409 115 57 fort,
4152 5410 78 47 ich
4275 5409 136 50 kann
4454 5409 81 50 ihn
4595 5411 137 49 nicht
4792 5412 143 47 mehr

3423 5493 174 60 sehen,
3644 5495 171 47 diesen
3862 5494 305 55 armseligen
4212 5493 245 57 Kopisten
4503 5534 10 10 .
4559 5534 12 10 .
4616 5532 11 10 .
4676 5494 123 52 Fort
4846 5496 91 46 mit

3423 5577 116 59 ihm,
3582 5592 92 34 nur
3713 5577 125 49 fort!
3848 5577 9 17 4
3865 5577 9 17 '
3914 5608 61 5 —
4020 5576 96 59 „Er
4160 5578 63 49 ist
4266 5580 123 49 jetzt
4434 5581 77 47 ein
4554 5577 212 50 bißchen
4814 5593 88 34 ver-

3419 5661 194 57 wöhnt,
3659 5662 87 48 der
3790 5660 179 59 Junge,
3976 5661 27 18 44
4046 5666 148 52 sagte
4238 5661 391 59 Schlagintweit
4673 5664 259 56 mitleidig,

3420 5747 157 57 „aber
3627 5745 90 48 das
3764 5747 212 47 werden
4039 5749 96 44 wir
4200 5746 160 50 schon
4423 5747 282 58 deichseln;
4770 5747 160 47 hören

3421 5828 101 59 Sie,
3562 5828 131 48 Herr
3736 5828 205 58 Baron/
3948 5830 10 18 4
4002 5831 166 47 schrie
4215 5846 54 33 er
4320 5863 64 5 —
4440 5847 99 34 nun
4584 5834 107 46 sein
4732 5829 199 50 Mitleid

3422 5915 191 48 diesem
3652 5915 322 49 zuwendend
4010 5945 64 5 —
4108 5914 191 60 „hören
4339 5915 101 59 Sie,
4482 5918 89 46 das
4609 5918 63 46 ist
4714 5918 45 45 in
4801 5914 99 48 Ord-

3417 6012 149 43 nung,
3614 5998 90 48 das
3749 6001 63 45 ist
3859 5998 196 48 einfach
4103 6001 230 57 erledigt,
4375 6001 147 47 keine
4568 5998 180 59 Sorge,
4797 6014 133 42 ganz

3417 6083 100 48 und
3551 6095 93 43 gar
3677 6082 228 57 erledigt,
3940 6083 158 49 hören
4134 6083 85 50 Sie
4257 6085 143 57 doch,
4433 6083 133 48 Herr
4600 6082 199 50 Baron!
4807 6084 26 18 44
4867 6115 63 6 —

3416 6165 113 59 „Ich
3574 6166 164 47 danke
3783 6166 151 49 Ihnen
3977 6168 280 58 nochmals,
4297 6168 405 56 Schlagintweit,
4709 6168 10 18 4
4726 6177 10 9 '
4781 6170 119 46 erwi-

3417 6251 143 46 derte
3595 6251 166 47 dieser
3793 6251 46 47 in
3876 6251 259 55 dumpfem
4164 6252 126 49 Ton.
4353 6251 114 48 Und
4502 6267 53 34 er
4590 6252 199 49 schrieb
4828 6252 99 48 ihm

3413 6334 80 48 für
3533 6334 99 48 alle
3676 6333 138 50 Fälle
3874 6329 175 60 (wenn
4096 6352 44 33 z.
4185 6335 56 49 B.
4288 6334 389 58 Schlagintweit
4742 6337 183 47 einmal

3412 6420 193 54 gerade
3649 6419 147 47 keine
3837 6417 334 60 Möglichkeit
4217 6420 141 48 mehr
4403 6420 166 49 haben
4617 6421 162 56 sollte,
4829 6421 96 46 den

3412 6501 199 56 Jungen
3650 6516 61 34 zu
3752 6498 245 62 behüten)
4038 6507 77 47 die
4157 6504 225 50 Adresse
4425 6505 90 49 des
4555 6504 154 49 Pater
4753 6503 136 48 Bona-

3411 6590 219 46 ventura
3676 6590 46 46 in
3768 6584 273 54 Ghamfort
4084 6588 98 56 auf,
4228 6602 82 35 um
4373 6588 163 56 gleich
4600 6590 66 48 im
4728 6600 195 38 voraus
