3594 4404
379 129 1473 214 lederrheinisehe
1999 129 1209 269 Musik-Zeitung

752 414 196 89 für
1001 414 879 86 Kunstfreunde
1931 416 241 84 und
2230 409 595 91 Künstler.

197 610 454 87 Herausgegeben
692 631 105 39 von
842 610 275 56 Professor
1159 610 58 54 L.
1251 607 248 77 Bischoff.
1673 605 201 88 Verlag
1917 605 92 58 der
2048 609 66 55 M.
2147 610 571 74 DuMont-Schernberg
2718 612 8 16 1
2730 609 165 57 sehen
2935 608 445 89 Buchhandlung.

588 1034 111 61 Joh.
738 1035 112 60 Seb.
889 1035 179 60 Bach’s
1108 1037 200 58 Werke.

281 1163 88 49 Die
414 1163 226 52 Arbeiten
685 1165 82 50 der
816 1165 453 53 Bach-Gesellschaft
1317 1165 230 51 schreiten
1592 1165 146 68 rüstig

154 1251 244 57 vorwärts,
441 1248 95 52 und
577 1249 71 51 die
684 1249 298 52 Theilnahme
1012 1251 180 50 wächst
1223 1251 73 49 für
1327 1251 79 50 das
1439 1251 101 50 edle
1569 1249 140 51 Unter-

154 1332 216 60 nehmen,
421 1332 80 52 das
546 1334 108 51 weit
694 1334 117 51 über
845 1336 98 50 sein
972 1336 254 52 Vaterland
1268 1334 161 52 hinaus
1471 1336 81 49 des
1585 1336 151 49 Kern-

153 1414 251 54 Menschen
435 1423 138 45 unter
601 1418 89 51 den
720 1418 326 52 Tonmeistern
1077 1436 186 51 grosses
1293 1418 160 52 Leben
1484 1418 97 52 und
1603 1419 99 51 Wir-

153 1501 91 52 ken
275 1501 261 68 verewigen
567 1502 99 51 soll.
725 1503 78 50 An
835 1521 103 43 uns,
981 1503 87 51 den
1110 1505 238 67 Jüngeren
1390 1503 95 52 und
1515 1505 188 67 Empfan-

154 1583 194 69 genden,
391 1586 58 49 ist
489 1602 50 35 es
582 1605 110 42 nun,
739 1587 157 51 diesen
934 1588 216 52 Werken
1181 1588 239 68 Wirkung
1462 1607 60 31 zu
1567 1587 168 69 geben,

153 1670 104 49 dass
289 1668 62 51 sie
383 1670 356 70 wiederklingen
770 1672 94 51 und
894 1673 153 50 ferner
1076 1673 71 50 die
1173 1673 176 54 Frucht
1380 1673 209 68 bringen,
1618 1673 117 50 dazu

155 1752 83 51 der
268 1752 191 51 Meister
491 1753 62 51 sie
585 1755 228 68 gepflanzt
842 1756 93 51 hat.
993 1757 223 50 Künstler
1255 1757 97 50 und
1402 1756 168 51 allerlei
1614 1756 122 51 Volk

151 1844 122 44 trete
306 1837 157 64 herzu,
504 1837 88 51 den
624 1839 256 52 köstlichen
910 1841 193 50 Schrein
1134 1860 56 31 zu
1223 1841 154 50 öffnen
1409 1840 96 51 und
1536 1859 82 32 aus
1650 1841 64 50 sei-

149 1939 93 34 nen
263 1921 300 51 Edelsteinen
588 1940 57 32 zu
668 1924 197 59 wählen,
896 1941 96 33 was
1015 1925 158 66 jedem
1204 1925 202 51 ziemlich
1438 1925 71 49 ist.
1541 1925 86 49 Ihn
1658 1944 52 32 zu-

154 2004 212 68 gänglich
409 2024 57 30 zu
511 2005 207 62 machen,
760 2006 58 51 ist
861 2007 106 51 kein
1006 2007 164 61 Mittel,
1214 2009 65 49 als
1326 2015 179 45 ernstes
1534 2007 204 51 Erleben

151 2088 98 53 und
280 2088 421 62 Wiederbeleben;
747 2090 71 51 die
847 2091 141 52 Mühe
1029 2094 83 49 der
1139 2091 201 69 Uebung
1383 2098 127 63 trägt
1541 2094 195 66 goldene

150 2173 192 52 Frucht.
374 2174 64 49 Es
469 2174 150 67 liegen
643 2192 85 33 uns
753 2175 116 67 jetzt
901 2176 125 51 drei
1058 2176 212 51 Bände
1301 2178 150 49 dieser
1476 2178 257 49 Gesammt-

154 2256 223 69 Ausgabe
408 2277 95 31 vor.
529 2258 174 70 (Ueber
725 2259 89 52 den
836 2260 151 52 Inhalt
1010 2261 80 51 des
1122 2269 204 43 ersten
1357 2261 58 51 ist
1444 2263 84 51 der
1548 2263 188 49 Bericht

153 2342 47 49 in
228 2343 81 48 Nr.
342 2340 74 51 96
461 2342 94 50 und
590 2342 73 50 98
714 2343 81 51 der
837 2344 156 51 früher
1035 2362 89 34 von
1165 2362 86 33 uns
1292 2345 443 69 herausgegebenen

157 2424 306 52 Rheinischen
491 2427 389 68 Musik-Zeitung,
920 2428 159 68 Jahrg.
1109 2429 74 60 11.,
1233 2428 173 62 1852,
1447 2449 56 31 zu
1542 2429 168 69 verglei-

157 2509 130 51 chen.
333 2509 114 51 Die
491 2510 373 70 Redaction.)

277 2594 99 50 Der
405 2594 214 51 zweite
652 2596 142 58 Band,
825 2597 185 68 Anfang
1047 2596 153 52 1853
1236 2598 282 60 erschienen,
1559 2598 175 51 enthält

150 2677 255 53 wiederum
452 2678 153 51 zehn
656 2679 623 64 Kirchen-Cantaten,
1330 2682 80 51 Nr.
1474 2682 261 60 11—20,

151 2763 113 50 XVI
295 2761 96 50 und
423 2759 116 52 327
574 2763 171 51 Seiten.
805 2763 77 51 Sie
913 2764 115 61 sind,
1075 2766 85 50 wie
1200 2766 72 50 die
1319 2766 80 50 des
1430 2773 172 52 ersten,
1645 2783 90 33 nur

151 2846 296 52 Bruchtheile
478 2863 82 33 aus
592 2847 89 51 den
710 2848 334 69 vollständigen
1076 2850 113 50 zwei
1221 2851 114 51 oder
1360 2851 243 49 mehreren
1627 2851 80 49 Kir-

153 2931 454 67 chen-Jahrgängen,
654 2932 143 51 deren
841 2933 131 52 Fülle
1011 2935 131 49 allein
1188 2936 142 49 schon
1383 2935 46 52 in
1468 2936 267 49 Erstaunen

155 3022 132 54 setzt,
328 3031 137 34 wenn
508 3034 106 33 man
656 3034 82 50 gar
779 3017 123 51 nicht
944 3018 81 51 der
1057 3017 196 70 übrigen
1282 3020 185 52 Werke
1499 3018 234 70 (Ciavier-,

155 3098 184 68 Orgel-,
357 3098 421 68 Geigen-Sonaten,
804 3101 162 51 Suiten
991 3101 105 69 etc.)
1128 3102 215 68 gedenkt.
1374 3102 105 51 Und
1507 3102 47 51 in
1585 3102 151 51 dieser

153 3181 428 69 überwältigenden
610 3185 169 67 Menge
825 3185 149 51 seiner
1005 3186 179 51 Thaten
1226 3187 60 50 ist
1325 3187 137 50 kaum
1504 3186 102 51 eine
1651 3187 84 50 der

154 3267 201 52 anderen
371 3267 192 50 ähnlich.
593 3269 138 49 Denn
760 3270 118 49 auch
908 3288 99 33 wer
1035 3270 96 51 sich
1162 3271 44 51 in
1237 3271 89 51 den
1355 3271 122 51 alten
1494 3270 241 52 Sebastian

155 3347 205 71 gänzlich
407 3349 307 69 hineingelebt
758 3351 94 60 hat,
894 3370 52 33 so
988 3354 105 50 dass
1139 3371 53 33 er
1233 3355 72 49 die
1344 3355 229 67 geliebten
1603 3356 131 66 Züge

154 3435 173 52 wieder
355 3435 155 60 kennt,
555 3453 75 33 wo
672 3453 51 33 er
762 3436 137 51 ihnen
931 3436 231 69 begegnet
1206 3439 44 51 in
1292 3439 89 51 den
1410 3439 323 52 tiefhallenden

154 3520 264 58 Schlüssen,
449 3519 87 51 den
567 3519 291 52 brausenden
888 3521 158 51 Tiefen
1071 3521 132 68 jener
1232 3524 417 67 Tonwandlungen
1681 3542 52 33 so

154 3604 99 51 fern
284 3604 95 51 und
408 3604 104 58 nah,
543 3604 323 51 erschütternd
897 3605 94 52 und
1033 3605 179 52 lieblich
1349 3606 62 69 ja,
1453 3608 144 50 selbst
1634 3625 100 33 wer

154 3688 94 51 sich
278 3705 58 34 an
376 3686 231 51 einzelnen
637 3686 334 69 Herbigkeiten
1014 3689 400 53 Sebastianischen
1458 3692 275 68 Eigensinns

154 3770 90 52 den
273 3772 132 68 Kopf
430 3775 221 47 zerstösst
692 3772 94 50 und
827 3789 57 32 an
925 3772 87 52 den
1047 3774 353 52 unerbittlichen
1432 3775 270 70 Consequen-

153 3872 86 33 zen
284 3863 212 61 strenger
548 3855 364 69 Durchführung
955 3874 89 33 nur
1091 3857 89 52 den
1225 3858 301 53 arbeitenden
1566 3859 136 51 Schul-

153 3939 189 51 meister
364 3958 57 32 zu
447 3940 234 51 erkennen
696 3939 202 69 befähigt
927 3939 73 62 ist,
1032 3940 88 51 den
1145 3942 207 67 genialen
1377 3944 226 69 Schöpfer
1618 3943 111 51 aber

151 4023 127 51 nicht
306 4023 197 67 begreift
531 4045 102 31 —:
673 4026 105 50 Alle
807 4029 185 47 müssen
1024 4024 118 52 doch
1173 4026 422 63 übereinstimmen,
1640 4029 88 51 den

153 4106 277 53 Reichthum
459 4108 150 52 seiner
638 4111 155 50 Kunst
823 4128 56 33 zu
917 4108 303 64 bewundern,
1260 4109 71 52 die
1372 4112 86 51 alle
1487 4112 241 69 Regionen

1837 1003 81 51 des
1948 1002 263 52 Tonlebens
2257 1003 249 70 erschöpft,
2545 1004 42 51 in
2634 1005 115 51 allen
2793 1007 231 61 heimisch,
3070 1008 347 70 selbstständig,

1835 1088 135 50 frisch
2001 1088 95 51 und
2128 1106 88 32 neu
2251 1088 172 60 waltet,
2468 1089 46 50 in
2556 1089 87 50 den
2674 1089 289 69 wichtigsten
2994 1093 315 69 Grundzügen
3345 1093 74 51 die

1833 1190 121 33 neue
1978 1173 99 50 Zeit
2107 1173 43 50 in
2183 1173 93 50 sich
2307 1177 127 63 trägt
2464 1173 95 51 und
2590 1173 72 52 die
2688 1174 166 60 Quelle
2884 1174 108 51 alles
3015 1177 172 49 Besten
3216 1178 72 59 ist,
3319 1195 101 34 was

1833 1257 72 51 die
1937 1261 215 65 späteren
2178 1258 127 68 Tage
2336 1257 261 52 erworben.
2629 1259 65 50 So
2724 1258 59 51 ist
2812 1276 50 33 es
2895 1258 230 61 wirklich;
3158 1261 69 51 die
3258 1280 51 32 so
3342 1280 52 49 ge-

1832 1348 203 45 nannten
2065 1342 303 51 Romantiker
2397 1342 99 51 sind
2528 1361 81 33 aus
2643 1343 89 51 den
2765 1342 419 53 überströmenden
3217 1346 202 61 Quellen

1832 1425 150 50 seiner
1998 1426 316 51 Enharmonik
2340 1427 203 60 ernährt,
2576 1427 70 51 die
2677 1427 97 51 sein
2798 1427 349 70 strahlsinniger
3173 1431 131 51 Geist
3334 1450 84 33 aus

1834 1510 83 50 der
1941 1510 490 67 gleichschwebenden
2449 1512 308 69 Temperatur
2782 1513 317 61 entwickelte;
3131 1515 126 52 diese
3281 1517 105 51 Tem-

1832 1601 190 61 peratur
2053 1593 266 61 wiederum,
2351 1595 86 49 wie
2469 1595 64 51 sie
2562 1596 117 50 nach
2700 1597 262 68 Zerlösung
2991 1599 83 50 der
3099 1600 319 52 Kirchentöne

1830 1677 300 68 nothwendig
2172 1679 267 67 geworden,
2483 1679 59 50 ist
2581 1680 122 49 seine
2733 1681 276 67 Erfindung,
3052 1682 89 51 wie
3183 1685 117 49 auch
3333 1685 84 51 der

1832 1761 268 67 Fingersatz
2154 1761 97 51 und
2282 1762 70 50 die
2383 1762 277 51 Virtuosität
2700 1764 124 50 seine
2853 1765 263 69 Erfindung
3145 1767 72 60 ist,
3258 1770 163 51 soweit

1830 1864 108 32 man
1969 1846 124 50 eines
2124 1846 250 51 Einzelnen
2403 1847 374 68 Kerngedanken
2820 1849 59 49 im
2907 1850 328 67 Zeitgewande
3264 1854 129 51 Erfin-

1833 1929 128 67 dung
1999 1947 183 33 nennen
2228 1929 112 51 darf.
2399 1930 77 51 An
2507 1930 291 69 dergleichen
2837 1949 129 34 muss
3010 1952 107 33 man
3161 1935 73 51 die
3273 1936 146 69 junge

1832 2014 137 51 Welt
2011 2014 227 60 erinnern,
2286 2014 73 51 die
2404 2014 93 51 sich
2542 2015 163 67 klüger
2749 2016 97 50 hält
2887 2018 65 49 als
2996 2016 88 52 den
3127 2019 144 52 Alten
3312 2039 106 35 vom

1830 2099 168 66 Berge,
2058 2098 113 50 oder
2201 2098 73 50 die
2305 2099 121 49 ohne
2456 2099 75 51 ihn
2570 2100 142 51 meint
2742 2101 82 49 auf
2849 2100 89 52 den
2970 2101 144 69 Gipfel
3146 2104 84 52 der
3258 2105 159 52 Kunst

1832 2183 224 67 gelangen
2089 2201 56 33 zu
2177 2184 199 51 können.

1957 2267 131 50 Aber
2119 2268 117 49 auch
2265 2268 103 51 dem
2401 2268 148 51 Volke
2580 2269 99 51 sind
2709 2269 126 51 seine
2864 2270 184 52 Werke
3079 2273 225 67 gegeben.
3347 2277 67 52 Es

1828 2349 60 50 ist
1915 2349 74 51 ein
2018 2349 139 51 böses
2175 2350 283 60 Vorurtheil,
2487 2369 90 32 von
2609 2353 150 49 faulen
2774 2352 368 54 Halbkünstlern
3171 2357 242 59 erfunden,

1830 2433 65 51 als
1924 2433 65 51 sei
2020 2433 82 52 der
2131 2434 91 51 alte
2252 2434 123 51 Bach
2406 2453 89 32 nur
2525 2435 75 50 für
2641 2437 71 49 die
2744 2437 265 52 Gelehrten.
3056 2439 88 50 Die
3191 2458 52 33 so
3285 2458 104 52 spre-

1830 2517 132 59 chen,
2007 2517 152 51 haben
2204 2518 78 51 ihn
2322 2519 126 50 nicht
2487 2519 231 68 ergriffen,
2764 2521 113 52 oder
2914 2522 73 51 nie
3032 2524 231 60 versucht,
3309 2526 106 52 dem

1830 2602 149 51 Volke
2011 2621 57 32 zu
2100 2602 170 67 geben,
2296 2621 98 33 was
2425 2603 81 51 des
2536 2606 177 49 Volkes
2742 2606 70 50 ist.
2867 2607 165 51 Bach's
3062 2609 350 68 Zeitgenossen,

1832 2686 71 50 die
1935 2687 238 67 freudigen
2202 2688 158 50 Hörer
2390 2688 148 50 seines
2570 2689 215 60 Wortes,
2826 2709 158 33 waren
3023 2692 124 52 nicht
3180 2695 234 67 gelehrter

1830 2769 65 51 als
1926 2769 100 58 wir,
2056 2769 113 51 aber
2199 2771 63 49 sie
2293 2771 194 51 standen
2517 2772 83 50 mit
2623 2773 167 51 Einfalt
2821 2775 94 49 und
2938 2775 284 69 Hingebung
3252 2777 43 51 in
3326 2778 84 50 der

1829 2855 186 58 Kirche,
2056 2856 94 49 und
2178 2872 51 33 er
2258 2863 169 60 wagte,
2470 2856 136 51 ihnen
2638 2876 57 31 zu
2724 2857 167 67 geben,
2937 2876 160 34 woran
3127 2861 66 51 sie
3222 2879 156 52 empor-

1832 2938 214 51 klimmen
2077 2940 217 49 möchten
2337 2959 56 30 zu
2425 2941 223 49 höherem
2680 2942 339 54 Verständniss.
3064 2945 141 52 Diese
3238 2946 142 51 Canta-

1828 3029 94 53 ten,
1969 3022 86 50 wie
2086 3022 63 50 sie
2180 3022 119 51 noch
2329 3022 140 51 heute
2500 3041 72 32 am
2605 3023 158 51 selben
2794 3026 118 50 Orte
2953 3026 88 51 wie
3080 3045 85 34 vor
3208 3029 206 53 hundert

1828 3106 173 50 Jahren
2031 3106 71 50 ein
2134 3106 344 51 Schüler-Chor
2505 3115 307 61 vorzutragen
2844 3110 159 68 pflegt,
3044 3129 163 35 waren
3238 3114 172 52 damals

1829 3190 249 61 bestimmt,
2114 3209 82 32 vor
2236 3191 95 50 und
2370 3191 117 51 nach
2526 3191 83 51 der
2639 3190 190 70 Predigt
2868 3211 303 36 vernommen
3202 3217 57 31 zu
3290 3217 90 33 wer-

1829 3274 114 59 den;
1985 3274 98 49 eine
2115 3274 259 67 Erhöhung
2403 3274 84 50 der
2515 3275 209 69 Liturgie
2768 3277 61 50 im
2859 3280 351 67 evangelischen
3239 3283 169 59 Geiste,

1829 3358 72 50 die
1932 3359 117 49 auch
2079 3375 85 33 uns
2195 3377 57 31 zu
2284 3359 122 49 Gute
2437 3359 218 51 kommen
2685 3361 132 59 wird,
2857 3361 48 68 je
2935 3365 134 51 mehr
3099 3365 92 51 sich
3225 3365 79 51 das
3335 3383 48 33 er-

1829 3441 249 51 wachende
2107 3441 264 51 Bedürfniss
2402 3443 117 49 nach
2539 3443 271 69 lebendiger
2834 3448 344 67 Sonntagsfeier
3210 3449 175 52 verbrei-

1828 3533 67 43 tet
1926 3525 94 52 und
2050 3525 191 52 vertieft.
2384 3526 137 51 Zwar
2553 3528 99 50 sind
2684 3529 65 49 sie
2778 3529 126 52 nicht
2931 3531 44 50 in
3006 3531 103 51 dem
3140 3533 139 51 Sinne
3309 3534 100 51 rein

1828 3609 228 61 kirchlich,
2097 3609 85 52 wie
2227 3609 71 51 die
2340 3610 207 52 schönen
2583 3613 125 51 alten
2736 3614 168 52 Lieder
2944 3632 83 34 vor
3056 3617 104 50 dem
3194 3615 194 71 dreissig-

1820 3693 210 67 jährigen
2060 3693 197 68 Kriege;
2305 3693 113 52 aber
2448 3694 83 52 der
2559 3697 312 68 rhythmische
2902 3698 183 60 Choral,
3126 3718 76 33 wo
3235 3718 52 33 er
3319 3702 96 52 sich

1824 3777 130 50 Bahn
1985 3775 163 61 bricht,
2191 3777 116 52 wird
2350 3778 127 52 nicht
2506 3779 104 51 dem
2642 3780 122 51 alten
2792 3782 125 50 Bach
2958 3783 114 51 oder
3114 3784 106 51 dem
3252 3785 135 53 künst-

1824 3860 224 51 lerischen
2092 3862 215 68 Gesänge
2347 3862 197 70 Eintrag
2597 3864 133 60 thun,
2788 3866 203 52 sondern
3041 3867 221 53 vielmehr
3312 3871 103 50 eine

1823 3944 239 70 brünstige
2079 3946 144 50 Liebe
2246 3948 283 61 entzünden,
2559 3949 113 50 Gott
2703 3949 44 50 in
2770 3951 198 52 tausend
2985 3953 195 69 Zungen
3210 3972 57 33 zu
3296 3954 97 70 prei-

1825 4047 82 33 sen
1936 4028 96 53 und
2060 4029 92 52 ihm
2187 4048 57 33 zu
2274 4029 245 70 lobsingen
2559 4033 115 60 „mit
2698 4032 227 71 Cymbeln
2954 4036 96 52 und

1825 4113 106 55 Und
1969 4114 43 52 in
2055 4114 103 54 dem
2201 4132 193 52 grossen
2437 4116 291 54 Welt-Chor
2769 4118 80 54 des
2884 4121 333 68 Evangeliums
3265 4123 155 54 haben

3019 4204 60 53 11

2962 814 59 59 11.
3061 813 286 75 Jahrgang.

229 813 83 61 Nr.
350 815 66 59 11.

1443 799 177 87 KÖLN,
1662 812 73 59 18.
1776 811 140 59 März
1956 807 146 61 1854.
