3413 4356
1681 178 68 52 86

193 318 258 63 Einleitung
477 335 52 30 zu
558 332 204 31 unserem
793 315 263 48 Textbuche
1084 316 76 49 des
1458 333 55 29 zu
1541 315 136 57 lesen,

193 393 191 47 welches
412 393 68 47 ich
510 391 257 63 beizulegen
795 391 117 46 mich
943 391 179 47 beehre.

304 468 73 47 Ob
421 466 77 49 das
535 469 179 53 Decret,
755 466 96 55 „die
882 468 208 47 Vorliebe
1131 464 424 66 (Ueberschätzung)
1602 465 75 46 für

189 544 121 47 Bach
334 546 173 43 müsse
799 541 72 64 *]),
885 559 77 30 zur
972 544 301 61 Ausführung
1288 542 208 47 kommen
1510 541 167 55 werde,

191 634 118 30 inuss
330 617 68 46 ich
421 617 102 47 sehr
545 617 277 55 bezweifeln;
854 619 94 44 fürs
969 619 131 45 Erste
1122 619 143 45 sicher
1285 617 134 47 nicht.
1448 619 94 44 Hat
1564 616 111 47 doch

187 694 137 47 schon
365 692 68 47 die
461 694 300 63 Herausgabe
802 692 75 46 des
918 700 145 39 ersten
1099 692 176 49 Bandes
1317 692 80 47 der
1439 694 236 53 Cantaten,

186 784 81 30 von
296 766 142 48 denen
470 767 153 46 früher
649 784 153 30 ausser
830 783 82 30 von
945 767 85 46 mir
1057 769 103 47 sehr
1181 767 174 64 wenige
1385 769 41 44 in
1454 767 193 46 Deutsch-

186 843 101 47 land
318 843 202 64 gegeben
544 842 181 47 worden
753 842 112 55 sind,
896 843 95 47 eine
1015 843 234 64 vielfältige
1270 843 305 63 Ausführung
1598 842 79 47 der

188 920 249 45 herrlichen
468 918 214 47 Cantate:
724 918 180 56 „Bleibe
934 918 70 47 bei
1199 920 116 48 nach
1343 920 90 45 sich
1463 935 211 46 gezogen.

183 995 116 45 Dass
325 993 121 46 Bach
475 1009 235 47 vergessen
739 993 179 47 werden
949 993 173 57 würde,
1152 1010 128 30 wenn
1311 993 70 47 die
1409 993 266 49 Directoren

183 1070 78 45 der
283 1068 397 64 Gesang-Vereine
701 1070 70 45 die
795 1070 173 47 Werke
998 1070 79 47 der
1099 1086 194 31 neueren
1316 1070 329 47 Kirchen-Com-

182 1144 202 63 ponisten
424 1144 79 46 mit
544 1144 216 64 gleichem
800 1144 124 47 Eifer
971 1144 88 47 und
1103 1144 196 64 gleicher
1345 1144 198 64 Sorgfalt
1584 1143 91 47 und

181 1219 342 64 Mühewaltung
540 1221 278 54 aufführten,
842 1237 118 31 muss
983 1222 65 46 ich
1072 1221 139 47 leider
1231 1221 213 47 ebenfalls
1472 1237 47 31 so
1543 1221 131 62 lange

182 1296 272 54 bezweifeln,
497 1296 65 45 bis
598 1296 70 47 ein
695 1296 486 64 Kirchen-Componist
1209 1296 188 55 auftritt,
1446 1296 80 47 der
1560 1294 114 49 eben

182 1388 47 31 so
259 1372 193 62 religiös,
493 1387 47 32 so
583 1372 128 47 wahr
748 1372 88 46 und
871 1388 47 31 so
959 1372 81 47 tief
1076 1373 84 46 wie
1189 1372 121 48 Bach
1344 1372 68 54 ist,
1449 1371 110 48 oder
1599 1372 75 46 ihn

186 1445 237 49 übertrifft.
464 1447 72 45 Bis
564 1445 70 49 die
662 1447 152 47 Zeiten
844 1447 91 47 sich
964 1447 80 47 der
1071 1448 85 47 Art
1184 1448 232 64 gestalten,
1447 1447 99 48 dass
1575 1447 98 47 eine

182 1523 147 47 solche
352 1522 309 63 Erscheinung
685 1523 192 63 möglich
901 1524 68 56 ist,
1000 1524 180 47 werden
1204 1525 81 46 wir
1310 1541 80 30 uns
1412 1523 119 48 wohl
1559 1523 114 47 noch

182 1599 157 45 immer
367 1614 55 30 an
451 1597 84 48 den
565 1598 119 47 alten
709 1600 147 46 Herrn
887 1599 188 48 wenden
1100 1604 178 43 müssen
1302 1599 90 47 und
1414 1599 169 47 vollauf
1604 1599 69 47 bei

178 1673 91 46 ihm
299 1672 77 47 des
404 1673 267 47 Herrlichen
701 1674 89 47 und
817 1674 289 48 Erlabenden
1145 1675 247 55 vorfinden,
1432 1691 132 30 wenn
1592 1674 82 47 wir

179 1748 115 48 auch
329 1749 122 56 alles,
498 1766 93 31 was
628 1749 91 47 ihm
761 1752 61 45 als
850 1750 245 64 Ergebniss
1137 1752 145 47 seiner
1307 1752 99 47 Zeit
1447 1749 226 57 anklebte,

179 1824 256 63 beseitigen.
463 1825 275 47 Jedermann
761 1826 76 47 hat
865 1826 97 47 eine
986 1828 209 47 Vorliebe
1226 1828 77 45 für
1325 1828 128 47 einen
1475 1826 198 58 Meister,

177 1917 75 30 vor
281 1900 128 47 Allen
438 1900 79 47 der
537 1901 195 64 jüngere
753 1903 234 54 Künstler;
1016 1903 68 47 ich
1108 1903 108 47 ehre
1239 1903 90 47 und
1349 1903 173 47 schätze
1537 1901 136 65 jeden

176 1976 332 57 Enthusiasten,
536 1978 69 47 ich
635 1979 125 47 freue
789 1979 117 47 mich
935 1980 113 47 über
1075 1979 90 49 ihn.
1195 1981 63 45 Er
1287 1979 113 48 wird
1428 1979 137 48 schon
1594 1980 80 46 mit

177 2053 79 47 der
282 2054 95 46 Zeit
417 2070 99 30 zum
559 2054 230 48 Urtheilen
830 2055 235 56 kommen;
1108 2055 76 48 das
1226 2056 181 47 blasirte
1439 2055 233 48 Völkchen

178 2129 95 47 nie.
325 2129 74 47 Ich
443 2129 73 47 bin
555 2130 69 46 ein
664 2130 228 65 bejahrter
918 2133 154 54 Mann,
1115 2131 110 49 aber
1263 2133 114 47 noch
1418 2133 134 45 heute
1595 2131 77 47 des

174 2204 344 48 Enthusiasmus
546 2206 83 46 voll
659 2206 91 46 und
779 2206 113 47 auch
924 2207 120 46 einer
1073 2207 229 56 Vorliebe,
1340 2206 111 48 aber
1480 2207 77 46 mit
1586 2209 58 45 Be-

174 2280 245 48 wusstsein.
450 2281 148 47 Heisst
626 2298 45 30 es
692 2281 49 64 ja
770 2282 110 47 doch
912 2284 113 45 auch
1049 2284 59 45 im
1134 2284 351 47 Westöstlichen
1508 2284 162 54 Divan,

184 2355 103 56 „das
336 2359 58 44 sei
445 2359 303 55 unerlässlich,
797 2359 99 48 dass
934 2376 100 31 man
1072 2360 79 47 das
1179 2360 231 48 Hässliche
1438 2360 121 47 nicht
1586 2360 84 47 wie

174 2431 76 48 das
278 2432 177 49 Schöne
483 2434 131 47 leben
837 2436 106 48 Wie
965 2436 68 47 ich
1059 2436 120 48 Bach
1202 2436 241 56 anschaue,
1471 2436 201 47 darüber

172 2508 115 47 habe
315 2508 70 49 ich
416 2510 114 47 mich
559 2511 114 47 öfter
701 2512 374 64 ausgesprochen.
1131 2514 73 45 Ich
1245 2514 145 45 meine
1428 2529 45 30 es
1501 2512 168 49 redlich

173 2585 76 47 mit
278 2585 78 48 der
383 2587 148 46 Kunst
559 2587 89 46 und
677 2587 140 48 wirke
845 2588 43 47 in
917 2588 69 47 ihr
1014 2588 114 50 nach
1160 2588 174 47 meinen
1364 2588 186 49 Kräften
1579 2588 91 47 und

174 2661 79 47 mit
280 2661 170 48 meiner
479 2662 152 47 besten
654 2665 211 47 Einsicht.
904 2666 131 47 Mehr
1066 2666 117 47 kann
1213 2681 102 32 man
1344 2666 122 47 nicht
1494 2666 148 47 verlan-

173 2754 99 47 gen.
319 2738 97 47 Wo
445 2738 67 47 ich
543 2738 102 57 irre,
682 2740 115 63 gebe
831 2741 68 47 ich
938 2741 115 48 mich
1085 2759 109 47 gern
1225 2742 243 64 gefangen;
1512 2741 154 48 dessen

169 2813 121 47 kann
319 2813 90 47 und
437 2813 103 49 darf
564 2815 66 47 ich
661 2816 115 47 mich
805 2816 111 48 aber
938 2817 208 55 rühmen,
1176 2817 99 47 dass
1305 2818 86 55 ich,
1420 2834 47 31 so
1500 2818 81 47 viel
1612 2835 54 30 an

173 2889 85 46 mir
285 2889 67 56 ist,
391 2891 83 45 mir
511 2891 160 48 immer
700 2892 117 47 mein
847 2893 172 47 Urtheil
1049 2893 289 65 unbefangen
1368 2893 90 49 und
1489 2895 78 47 frei
1597 2911 46 31 er-

172 2966 151 47 halten
351 2966 134 57 habe,
523 2967 91 47 und
656 2968 97 47 dass
790 2969 120 47 wohl
941 2969 186 49 Gründe
1156 2969 117 49 mich
1303 2971 118 47 eines
1451 2972 217 46 Besseren

169 3041 216 48 belehren
414 3042 193 58 können,
656 3046 105 47 alles
790 3046 182 47 Andere
1014 3046 117 48 mich
1172 3046 111 48 aber
1319 3047 186 48 niemals
1539 3047 127 47 darin

172 3118 222 48 wankend
422 3121 187 47 machen
637 3121 127 49 wird.
795 3123 206 65 Genug!-
1002 3123 237 47 —Haben
1261 3123 74 48 Sie
1359 3124 309 64 Gelegenheit,

172 3194 179 49 Freund
394 3197 244 48 Schneider
677 3197 144 49 davon
861 3216 54 29 zu
962 3201 321 55 unterrichten,
1335 3199 100 49 dass
1475 3217 86 31 nur
1597 3199 71 49 die

177 3278 18 37 \
214 3270 256 49 erhältnisse
513 3273 117 47 mich
658 3273 271 65 abgehalten
958 3276 166 55 haben,
1166 3276 92 47 sein

173 3345 312 59 aufzuführen,
510 3349 91 47 und
624 3349 91 47 ihm
738 3350 92 47 dies
852 3352 296 56 anzudeuten,
1178 3367 47 32 so
1249 3350 183 50 werden
1454 3353 73 47 Sie
1550 3353 116 47 mich

173 3422 198 48 dadurch
393 3424 101 47 sehr
517 3425 302 65 verpflichten.
850 3429 60 46 Es
934 3428 111 47 wird
1071 3428 114 47 mich
1209 3428 103 48 sehr
1336 3429 172 57 freuen,
1534 3446 132 30 wenn

174 3516 69 29 ein
272 3499 184 48 falscher
484 3503 243 57 Verdacht,
766 3503 85 48 den
880 3522 49 29 er
957 3513 116 39 etwa
1104 3505 143 64 hegen
1277 3505 184 56 könnte,
1504 3507 42 47 in
1575 3507 93 47 ihm

172 3574 419 69 niedergeschlagen
640 3579 169 48 würde.
871 3582 73 47 Ich
993 3582 152 48 werde
1194 3582 138 48 Ihnen
1379 3582 140 48 dafür
1565 3583 105 47 sehr

173 3649 204 49 dankbar
405 3653 106 47 sein.

1205 3735 309 46 Mosewius.

239 4054 37 47 *]
304 4057 242 44 Aeusserung
574 4068 71 24 von
675 4058 38 34 F.
743 4058 40 34 B.
812 4059 38 33 in
878 4058 81 36 dem
987 4061 91 35 oben
1108 4062 217 37 erwähnten
1353 4063 158 37 Artikel.

2150 343 46 56 L.
2256 343 268 56 Holle’s
2581 343 267 73 Verlag

1749 466 41 47 in
1823 466 330 47 Wolfenbüttel
2195 465 120 48 fährt
2357 466 85 46 fort
2483 465 42 47 in
2569 466 80 46 der
2679 465 371 48 unermüdlichen
3079 466 146 47 Betrei-

1750 541 125 64 bung
1909 541 76 47 des
2016 542 296 63 begonnenen
2342 540 216 56 Werkes,
2600 541 70 47 die
2713 541 263 47 classischen
3006 541 242 47 Tonsetzer

1745 617 43 46 in
1820 616 253 47 wohlfeilen
2102 616 245 64 Ausgaben
2376 616 80 46 mit
2484 615 230 63 würdiger
2742 617 299 63 Ausstattung
3067 633 54 30 zu
3150 633 74 30 ver-

1748 691 298 48 öffentlichen.
2083 692 85 46 Die
2197 699 214 39 neuesten
2440 691 227 62 Vorlagen
2698 708 84 30 von
2811 692 254 49 Weber's
3094 692 157 64 Opern

1747 767 91 47 und
1867 769 358 47 Beethoven's
2261 767 225 47 kleineren
2519 767 337 47 Ciaviersachen
2893 767 132 47 nebst
3055 769 194 47 Clavier-

1745 843 141 47 Duo's
1914 842 97 47 sind
2040 842 168 47 wieder
2235 843 98 46 eine
2364 842 194 46 Gewähr
2586 841 152 56 dafür,
2776 842 84 47 wie
2900 842 82 47 viel
3011 842 70 46 die
3109 842 142 47 Liebe

1745 936 76 28 zur
1849 918 145 47 Sache
2023 918 149 56 wirkt,
2201 920 79 45 mit
2309 918 175 47 kleinen
2507 918 173 47 Mitteln
2705 918 185 47 Grosses
2919 936 52 29 zu
3001 918 247 47 erreichen.

1758 995 226 53 „Kleine
2258 993 97 47 sind
2383 993 122 46 nicht
2531 993 198 64 gemeint
2751 1001 116 39 etwa
2888 1010 85 30 von
2995 993 255 47 wohlfeilen

1745 1070 498 63 Herstellungskosten;
2293 1070 115 47 denn
2450 1070 131 63 jeder
2623 1071 185 46 Kenner
2855 1070 130 55 sieht,
3034 1070 101 47 dass
3173 1070 78 47 das

1745 1144 151 47 starke
1926 1144 155 47 weisse
2111 1144 175 64 Papier,
2327 1144 71 47 die
2427 1146 343 63 mannigfachen
2801 1147 155 62 Typen
2994 1144 91 47 und
3112 1144 134 47 vieles

1747 1219 167 49 andere
1942 1221 207 47 Beiwerk
2178 1221 102 47 dem
2309 1221 335 47 Unternehmer
2672 1221 113 47 eben
2815 1221 156 47 nicht
2999 1219 251 49 wohlfeil

1745 1315 52 29 zu
1825 1297 155 47 stehen
2011 1297 226 56 kommen,
2279 1297 85 47 wie
2406 1297 82 46 wir
2525 1296 116 47 denn
2671 1298 116 46 auch
2820 1297 288 56 vernehmen,
3151 1296 102 49 dass

1748 1383 73 36 Um
1862 1372 75 47 des
1974 1379 136 56 guten
2148 1372 183 63 Papiers
2373 1372 147 47 willen
2562 1372 136 48 schon
2740 1373 97 47 eine
2879 1372 375 63 Mehr-Ausgabe

1745 1465 83 29 von
1857 1448 175 64 einigen
2061 1448 211 47 Hundert
2300 1448 197 47 Thalern
2535 1465 144 47 gegen
2718 1448 166 47 andere
2924 1449 204 47 ähnliche
3157 1449 62 47 Un-

1745 1523 357 65 ternehmungen
2134 1524 96 47 hier
2257 1523 293 63 nothwendig
2577 1541 208 47 gewesen
2813 1524 68 47 ist.
2920 1525 86 46 Die
3046 1524 203 55 „kleinen

1947 1600 95 46 sind
2072 1599 214 48 vielmehr
2315 1600 82 47 der
2423 1600 318 64 compendiöse
2769 1600 91 47 und
2888 1600 115 49 doch
3032 1602 190 47 vollkom-

1748 1693 101 29 men
1879 1675 208 56 saubere,
2111 1675 224 49 deutliche
2356 1675 174 56 Druck,
2561 1677 194 47 welcher
2784 1693 46 31 es
2859 1677 194 64 möglich
3084 1677 166 55 macht,

1745 1752 99 47 dass
1872 1769 35 30 z.
1936 1753 51 47 B.
2016 1752 256 48 Weber's
2310 1752 225 47 Oberon
2566 1752 108 63 jetzt
2703 1753 75 46 für
2812 1753 20 47 1
2870 1753 147 47 Thlr.
3047 1753 100 48 auf
3179 1752 69 48 85

1744 1828 190 48 Seiten
1962 1829 263 64 vollständig
2253 1828 206 65 gegeben
2487 1828 68 57 ist,
2586 1846 221 47 wogegen
2836 1829 70 48 die
2930 1829 320 64 Schlesinger'-

1741 1904 106 47 sche
1874 1904 217 65 Ausgabe
2120 1905 76 47 für
2230 1905 99 47 157
2357 1905 150 47 Seiten
2531 1905 83 47 auf
2634 1905 323 47 schlechterem
2980 1906 164 64 Papier
3171 1904 84 48 mit

1741 1980 65 47 oft
1839 1979 332 48 undeutlichem
2209 1980 157 47 Druck
2412 1980 28 47 6
2454 1976 11 26 1
2496 2008 16 27 2
2553 1980 123 48 Thlr.
2721 1980 156 48 kostet.
2931 1980 103 48 Und
3076 1998 48 30 so
3166 1981 85 47 alle

1743 2055 191 66 übrigen
1962 2056 262 65 Ausgaben.
2280 2058 102 47 Von
2412 2056 215 49 Weber's
2656 2058 157 63 Opern
2850 2059 145 63 liegen
3029 2056 224 50 vollendet

1741 2149 79 31 vor
1843 2133 69 47 die
1933 2134 408 63 Ciavier-Auszüge
2362 2150 86 31 von
2464 2134 276 54 Freischütz,
2765 2134 206 57 Oberon,
2989 2134 262 65 Euryanthe

1743 2207 90 47 und
1862 2209 227 56 Preciosa,
2117 2209 171 47 welche
2315 2225 310 31 zusammen
2657 2205 99 62 3%
2780 2210 123 47 Thlr.
2929 2210 173 55 kosten,
3124 2209 94 47 wäh-

1745 2284 111 48 rend
1882 2285 64 47 sie
1974 2285 43 48 in
2046 2285 87 48 den
2162 2286 169 47 älteren
2360 2285 248 65 Ausgaben
2644 2285 91 48 sich
2773 2286 113 47 über
2921 2285 64 49 18
3018 2286 123 47 Thlr.
3171 2285 53 47 be-

1743 2360 162 48 laufen.

1854 2439 102 45 Von
1985 2437 85 49 den
2100 2439 477 47 Beethoven'schen
2602 2437 210 50 Werken
2835 2437 147 65 geben
3011 2437 72 49 die
3110 2454 112 32 neue-

1740 2520 95 42 sten
1863 2514 154 48 Bände
2046 2514 68 63 (3,
2147 2515 48 54 4,
2227 2515 48 63 5)
2319 2515 197 47 kleinere
2547 2515 583 65 Clavier-Compositionen,
3159 2515 58 48 Ba-

1741 2591 210 62 gatellen,
1971 2590 309 56 Variationen,
2300 2590 443 65 Jugend-Arbeiten,
2774 2597 234 41 worunter
3037 2591 212 47 manches

1741 2667 301 54 Werthvolle,
2086 2682 92 32 was
2209 2667 77 47 mit
2322 2667 200 48 Unrecht
2561 2668 62 46 oft
2661 2666 253 48 übersehen
2950 2666 136 56 wird;
3131 2666 118 48 dann

1739 2742 70 47 die
1839 2745 196 45 Duetten
2067 2743 76 46 für
2173 2743 174 47 Ciavier
2376 2743 89 47 und
2491 2743 174 47 Violine
2694 2743 110 47 oder
2830 2743 261 59 Violoncelli
3123 2743 128 47 meist

1740 2818 214 56 bekannt,
1984 2820 113 47 doch
2121 2820 116 48 auch
2267 2820 97 47 hier
2385 2821 253 47 Selteneres
2661 2820 90 47 und
2769 2821 358 53 Verschollenes,
3156 2835 94 32 was

1741 2895 80 48 der
1840 2895 426 55 Wiederbelebung
2289 2895 228 55 bedürftig
2545 2897 66 47 ist.
2643 2897 76 46 Bei
2752 2896 85 47 den
2867 2897 200 47 Duetten
3095 2896 54 47 ist
3178 2895 71 48 die

2238 2942 25 17 o
2490 2944 24 17 o

1743 2972 353 48 Ciavierstimme
2129 2973 200 64 zugleich
2360 2973 223 56 Partitur;
2627 2972 69 48 die
2736 2973 207 47 Bevision
2987 2972 141 48 durch
3164 2975 86 45 Fr.

1739 3049 145 47 Liszt
1913 3049 52 47 ist
1993 3049 115 47 auch
2139 3049 96 47 eine
2265 3049 322 64 Empfehlung,
2616 3049 149 47 indem
2797 3049 82 47 wir
2909 3048 128 50 darin
3066 3049 71 47 die
3161 3049 60 47 Ge-

1740 3126 126 45 währ
1901 3124 80 49 der
2011 3124 282 49 Correctheit
2335 3126 96 47 hier
2468 3126 90 48 wie
2595 3126 42 47 in
2681 3124 87 49 den
2811 3126 213 47 früheren
3065 3124 188 50 Bänden

2582 3187 8 8 *

1741 3202 242 48 erblicken.

1853 3279 170 47 Ausser
2064 3278 85 48 den
2192 3287 257 56 genannten
2489 3279 346 65 Hauptwerken
2891 3295 188 31 unserer
3133 3278 120 47 alten

1740 3356 186 45 Heroen
2051 3354 116 47 denn
2197 3354 116 49 auch
2342 3357 253 47 Mozart's
2637 3354 89 49 und
2770 3354 241 66 Ilaydn's
3056 3354 195 47 Clavier-

1739 3430 91 47 und
1854 3432 402 48 Orchesterwerke
2277 3432 97 47 sind
2398 3432 142 48 durch
2566 3433 169 46 Ilolle's
2759 3432 169 63 Verlag
2950 3432 44 45 in
3015 3430 234 49 ähnlicher

1741 3507 218 48 löblicher
1989 3508 158 49 Weise
2176 3514 159 42 erneut
2343 3509 149 47 —hat
2520 3508 70 48 die
2618 3516 184 40 neueste
2826 3507 422 66 Veröffentlichung

1740 3584 70 47 ein
1853 3602 111 47 paar
2004 3584 176 48 minder
2225 3585 242 55 bekannte,
2510 3584 70 48 die
2623 3585 82 47 wir
2742 3584 122 48 nicht
2897 3603 53 28 zu
2992 3583 258 49 übersehen

1741 3659 154 48 bitten.
1946 3662 236 53 Kuhlau,
2224 3660 158 50 dessen
2412 3662 249 47 Blüthezeit
2698 3668 118 41 etwa
2845 3662 80 47 auf
2954 3659 140 50 1815
3179 3660 70 49 25

1739 3754 52 30 zu
1821 3744 145 41 setzen
1997 3738 53 47 ist
2079 3737 50 64 (-f-
2164 3737 141 49 1832
2336 3738 42 47 in
2408 3737 352 66 Kopenhagen),
2797 3738 77 48 hat
2902 3737 214 49 manches
3145 3744 108 57 gute

1741 3814 136 47 Stück
1908 3815 268 64 componirt,
2219 3814 79 48 das
2336 3814 85 48 den
2450 3814 263 50 Liebhaber
2751 3815 114 47 noch
2896 3815 134 47 heute
3060 3814 190 57 erfreut,

1740 3908 33 30 z.
1805 3891 48 46 B.
1884 3890 71 48 die
1984 3890 216 50 köstliche
2229 3891 168 47 Sonate
2426 3891 79 47 mit
2531 3891 238 47 Polonaise
2792 3891 43 47 in
3163 3890 88 56 46,

1741 3966 69 49 die
1839 3968 92 48 sich
1961 3969 116 47 auch
2107 3968 136 48 heute
2276 3969 117 47 noch
2423 3969 63 47 als
2514 3968 156 48 nobles
2699 3968 269 49 Salonstück
2996 3968 106 48 sehr
3130 3968 121 48 Wohl

1740 4045 161 64 eignet.
1945 4045 129 48 Auch
2105 4045 120 48 seine
2255 4045 157 65 Opern
2441 4046 141 47 Lulu
2622 4045 91 48 und
2749 4044 378 66 Räuberburgf
3156 4044 98 49 sind
