3472 4389
1828 175 0 0 206

367 260 131 56 „Nun
526 257 136 58 dann,
673 264 15 18 1,
730 257 87 49 rief
838 259 56 48 AI
925 259 171 57 Mahdi,
1129 276 74 40 „so
1226 260 198 52 verbiete
1445 263 69 48 ich
1538 264 84 48 Dir
1644 280 78 33 aus-

243 335 245 56 drücklich,
527 348 84 33 von
661 334 133 47 heute
837 350 55 32 an
936 336 80 47 mit
1057 336 174 48 meinen
1269 339 185 49 Söhnen
1484 340 130 48 Musa
1656 341 90 47 und

241 415 155 46 Ilarun
426 410 113 47 noch
572 410 148 48 ferner
748 426 259 33 zusammen
1035 429 51 30 zu

572 495 268 41 antwortete
869 489 214 48 Ibrahim.

344 562 129 48 Aber
494 562 71 50 die
589 564 159 48 beiden
774 565 184 48 Prinzen
981 566 151 47 hatten
1157 566 75 48 ihn
1263 584 82 47 gar
1373 586 52 30 zu
1456 585 127 47 gern,
1614 570 104 47 führ-

234 649 72 38 ten
337 641 73 46 ihn
443 641 209 48 heimlich
683 641 69 48 bei
781 642 90 46 sich
902 642 87 55 ein,
1020 642 90 49 und
1139 660 47 31 es
1217 645 126 48 ward
1374 646 169 47 wieder
1574 647 144 61 fortge-

230 732 175 49 sungen
434 716 92 48 und
558 717 351 64 lortgetrunkcn.

346 796 72 46 Da
459 795 99 47 liess
595 793 80 47 der
718 795 155 45 Khalif
908 795 85 47 den
1034 797 366 62 ungehorsamen
1430 800 175 62 Sänger
1646 802 98 46 eine

230 871 97 47 Zeit
354 871 105 62 lang
487 871 43 46 in
560 870 127 48 einen
730 871 212 48 düsteren
973 873 180 47 Kerker
1195 875 186 57 werfen,
1424 876 85 48 den
1541 877 199 48 Ibrahim

231 946 69 47 ein
330 945 125 48 Grab
492 953 185 50 nannte,
720 947 89 47 und
854 948 114 47 nach
1011 948 81 49 der
1133 948 235 50 endlichen
1412 950 331 69 Begnadigung

230 1023 97 47 liess
356 1038 48 32 er
432 1022 75 48 ihn
537 1023 117 49 hoch
685 1026 91 47 und
805 1026 162 48 theuer
993 1027 254 56 schwören,
1289 1028 71 47 die
1390 1031 186 46 Prinzen
1621 1031 122 48 nicht

227 1099 171 49 wieder
424 1116 54 30 zu
507 1101 152 48 sehen.
690 1102 110 48 Bald
832 1102 166 48 darauf
1020 1103 123 49 starb
1171 1105 57 47 AI
1259 1105 169 48 Mahdi.
1478 1106 105 48 Sein
1614 1107 126 50 Sohn

226 1177 135 47 Musa
401 1176 172 66 bestieg
612 1185 132 40 unter
784 1178 101 47 dem
926 1181 178 47 Namen
1148 1181 55 47 AI
1233 1181 120 48 Hadi
1397 1181 128 64 (785
1612 1183 127 66 780)

227 1253 84 47 den
344 1253 168 48 Thron.
568 1253 198 48 Ibrahim
796 1252 195 68 verbarg
1019 1257 109 56 sich,
1158 1273 74 31 um
1263 1259 151 47 seinen
1445 1259 84 47 Eid
1560 1279 51 29 zu
1642 1262 72 47 hal-

226 1338 90 48 ten,
358 1331 111 47 aber
511 1329 80 49 der
620 1331 157 48 Khalif
817 1332 237 49 entdeckte
1095 1334 93 47 sein
1219 1336 215 48 Versteck
1480 1338 92 47 und
1603 1338 108 48 über-

225 1408 151 47 häufte
404 1407 75 47 ihn
508 1407 80 48 mit
617 1409 154 47 Ehren
803 1409 87 47 und
922 1411 371 49 Reichthümern.

337 1483 237 47 Ibrahim's
615 1484 124 49 Sohn
780 1486 132 48 Isaak
958 1487 169 48 erzählt
1174 1487 144 49 davon
1372 1489 366 64 Wunderdinge.

233 1560 162 55 „Eines
424 1562 148 64 Tages
600 1562 160 48 erhielt
803 1563 117 48 mein
955 1564 137 47 Vater
1120 1581 101 32 vom
1251 1566 212 50 Khalifen
1500 1568 238 56 150,000

217 1638 173 48 Dinare
419 1639 82 46 auf
523 1639 179 48 einmal.
756 1640 152 47 Wenn
939 1640 81 50 der
1047 1642 161 48 Khalif
1231 1644 156 64 länger
1415 1646 154 63 gelebt
1598 1647 137 60 hätte,

219 1731 48 31 so
297 1714 198 48 konnten
526 1717 82 45 wir
638 1715 71 49 die
737 1718 192 48 Mauern
958 1736 186 31 unseres
1172 1722 181 47 Hauses
1382 1738 82 32 von
1497 1723 117 48 Gold
1644 1724 90 49 und

220 1790 147 50 Silber
409 1792 163 48 bauen.
635 1793 75 47 Ich
753 1793 120 49 habe
913 1797 164 47 einmal
1123 1797 261 58 berechnet,
1428 1799 101 48 dass
1571 1817 48 30 er
1663 1802 69 47 24

217 1869 230 48 Millionen
478 1870 259 49 Drachmen
769 1872 346 63 eingenommen
1147 1875 77 47 hat
1252 1893 155 32 ausser
1434 1878 170 48 seinem
1637 1896 64 31 mo-

220 1947 222 48 natlichen
468 1948 165 47 Gehalt
659 1964 83 32 von
779 1949 199 57 10,000
1006 1952 260 49 Drachmen
1298 1953 89 48 und
1419 1954 100 48 dem
1552 1955 179 49 reichen

221 2024 197 64 Ertrage
446 2024 146 47 seiner
620 2024 281 51 Ländereien
942 2028 91 47 und
1077 2028 84 48 den
1198 2029 261 66 prächtigen
1504 2033 200 48 Geschen-

367 2100 197 47 —Aber
588 2101 197 49 Ibrahim
813 2121 95 30 war
930 2104 204 65 dagegen
1158 2107 116 48 auch
1298 2108 106 47 sehr
1425 2112 309 62 grossmüthig

216 2176 90 49 und
330 2178 451 49 verschwenderisch.
812 2181 105 47 Sein
944 2183 125 45 Haus
1092 2198 98 33 war
1213 2185 245 63 prachtvoll
1490 2185 90 50 und
1609 2189 123 47 seine

216 2254 127 47 Tafel
371 2254 160 47 immer
561 2255 75 45 für
666 2255 212 48 Freunde
907 2258 91 47 und
1029 2258 173 48 fremde
1224 2261 135 47 Gäste
1387 2261 145 56 offen;
1560 2261 63 49 sie
1652 2264 54 47 ko-

216 2338 112 40 stete
357 2330 91 47 ihm
480 2329 203 58 30,000
715 2333 261 49 Drachmen
1007 2336 258 49 monatlich.
1306 2339 225 48 Desshalb
1562 2340 145 48 hinter-

217 2409 99 47 liess
358 2424 50 32 er
448 2409 115 47 auch
601 2409 71 48 bei
701 2410 168 48 seinem
902 2411 126 49 Tode
1067 2430 53 31 zu
1151 2414 189 65 Bagdad
1383 2416 57 47 im
1471 2418 141 48 Jahre
1650 2419 81 47 der

215 2484 235 48 lledschra
487 2484 101 49 188
620 2484 128 65 (810
774 2504 40 31 n.
841 2488 63 48 Ch
913 2505 51 38 r.,
995 2505 49 31 er
1073 2489 78 48 hat
1181 2491 93 47 also
1304 2493 115 47 auch
1449 2494 115 47 noch
1597 2503 133 40 unter

214 2562 161 49 Harun
404 2562 39 47 al
475 2562 194 49 Raschid
791 2564 106 49 786
940 2565 65 48 bis
1042 2566 108 50 800
1180 2597 85 29 —,
1304 2569 102 48 dem
1450 2570 180 50 Bruder
1671 2574 56 47 AI

214 2640 171 56 lladi's,
415 2639 167 64 gelebt)
625 2658 86 30 nur
753 2640 148 51 3000
931 2644 188 58 Dinare,
1161 2662 159 33 wovon
1358 2648 113 47 noch
1508 2649 106 49 700
1646 2651 54 46 Di-

214 2733 110 31 nare
344 2733 56 31 an
424 2716 226 50 Schulden
681 2719 176 48 bezahlt
879 2721 184 47 werden
1094 2729 213 43 mussten.
1391 2725 59 48 So
1477 2728 104 45 weit
1604 2728 121 47 Abul

211 2792 246 50 Faradsch.
485 2795 85 47 Ein
587 2795 169 65 greiser
772 2796 173 65 Sänger
962 2799 40 47 in
1023 2800 172 63 Algier,
1214 2801 198 49 Hadschi
1433 2804 203 57 Brahim,
1654 2822 47 30 er-

208 2871 144 47 zählte
379 2872 152 46 Herrn
561 2872 55 49 A.
642 2872 414 51 Christianowitsch
1086 2877 114 47 noch
1232 2877 210 65 folgende
1464 2881 261 50 Tradition:

334 2949 123 54 „Der
478 2964 155 48 grosse
654 2949 201 49 Ibrahim
878 2959 148 56 sagte:
1067 2990 16 20 „
1105 2955 173 53 „Musik
1303 2971 186 50 vermag

306 3026 62 46 Er
409 3041 95 32 war
545 3026 212 50 sterblich
799 3029 188 48 verliebt
1026 3031 42 47 in
1109 3031 70 48 die
1217 3032 167 49 schöne
1414 3036 209 57 Rmekia,
1654 3036 70 50 die

211 3101 135 48 stolze
375 3102 202 47 Geliebte
607 3105 507 58 Ilarun-al-Raschid's,
1158 3109 91 47 und
1288 3109 185 50 brachte
1511 3112 73 47 ihr
1612 3114 113 48 einst

211 3178 70 49 ein
313 3178 421 51 Abendständchen.
785 3184 90 48 Das
906 3201 120 31 muss
1053 3186 105 47 sehr
1185 3187 140 49 schön
1362 3205 212 48 gewesen
1612 3192 109 47 sein.

208 3256 65 46 Er
302 3255 188 64 besang,
530 3256 91 47 sich
666 3257 78 47 mit
781 3258 79 49 der
889 3260 163 51 Kuitra
1082 3261 275 66 begleitend,
1400 3265 72 48 die
1514 3269 206 48 reizende

208 3332 248 50 Schönheit
502 3333 146 49 seiner
696 3335 255 50 Gebieterin
1001 3340 90 48 und
1138 3342 121 47 seine
1308 3342 413 52 leidenschaftliche

212 3410 135 47 Liebe
376 3427 51 30 zu
456 3411 93 54 ihr;
579 3427 70 31 ein
682 3412 117 47 Kuss
826 3429 82 31 von
942 3416 187 48 Rmekia
1158 3418 149 64 wiege
1336 3421 70 47 ein
1438 3439 162 46 ganzes
1632 3425 57 46 Le-

211 3486 86 47 ben
327 3504 41 29 in
400 3487 142 47 Gluck
573 3491 89 46 aul.
701 3490 173 62 Lange,
906 3490 63 48 bis
998 3492 71 47 tiel
1101 3493 42 47 in
1174 3495 68 48 die
1273 3497 146 48 Nacht
1447 3498 169 56 hinein,
1649 3518 46 29 er-

208 3563 136 64 klang
374 3563 69 47 die
471 3565 190 49 Stimme
690 3566 76 48 des
795 3567 194 64 Sängers
1031 3586 78 31 vor
1150 3571 80 48 der
1266 3575 129 47 Thür
1431 3576 80 48 der
1551 3578 167 47 stolzen

207 3641 263 57 Schönheit,
499 3642 243 51 und—die
770 3645 124 47 Thür
916 3647 167 47 öünete
1111 3647 89 50 sich
1231 3651 105 49 ihm.
1367 3653 198 50 Seitdem
1590 3664 128 54 sagte

211 3717 220 48 Ibrahim:
473 3755 16 18 „
512 3719 174 55 „Musik
715 3736 184 49 vermag

939 3801 50 47 II.

653 3873 161 48 Isaak
857 3876 106 48 Ben
1005 3876 263 50 Ibrahim.

323 3948 125 47 Isaak
497 3949 122 49 hatte
661 3951 58 47 im
762 3953 156 47 llausc
960 3956 143 47 seines
1134 3957 162 48 Vaters
1337 3959 97 49 eine
1471 3962 245 64 glänzende

208 4022 257 67 Erziehung
492 4027 202 48 erhalten
723 4028 91 48 und
840 4031 157 49 wurde
1019 4033 123 48 einer
1165 4034 80 49 der
1274 4038 438 62 ausgezeichnetsten

1819 266 193 49 Männer
2032 268 147 47 seiner
2197 269 112 49 Zeit.
2338 270 64 48 Er
2425 285 96 33 war
2549 270 123 48 nicht
2700 270 118 50 bloss
2840 274 176 63 Sänger
3046 276 89 49 und
3160 279 183 50 Meister

1820 344 83 46 auf
1938 343 85 48 den
2064 344 353 58 Instrumenten,
2458 345 194 48 sondern
2696 348 116 48 auch
2855 350 205 56 Dichter,
3104 354 239 51 Gelehrter

1820 419 90 47 und
1941 421 407 66 Rechtskundiger.
2399 425 48 45 In
2478 423 81 48 der
2588 424 146 47 Musik
2766 426 79 47 soll
2878 444 48 29 er
2957 429 114 47 auch
3103 431 99 47 eine
3234 433 108 49 feste

1819 496 195 48 Theorie
2044 497 257 64 begründet
2331 500 165 57 haben,
2536 500 171 48 welche
2734 518 83 32 von
2849 503 56 48 da
2935 520 55 32 an
3030 508 143 64 gültig
3206 509 133 48 blieb.

1816 572 134 49 Seine
1979 574 171 47 Nuba's
2182 574 91 49 und
2303 575 163 48 Lieder
2496 576 166 48 konnte
2694 594 103 32 man
2830 579 89 47 ihm
2953 598 86 30 nur
3067 583 142 48 durch
3245 586 91 49 List

1816 649 292 50 ablauschen.
2168 654 60 44 Er
2275 652 155 49 blühte
2477 663 132 38 unter
2658 655 85 47 den
2794 656 210 50 Khalifen
3049 661 54 46 AI
3146 663 188 48 Mamun

1816 725 127 63 (813
2030 726 128 64 833)
2201 729 90 48 und
2336 730 129 48 stand
2508 731 42 47 in
2593 731 114 48 noch
2755 732 198 49 höherer
2991 734 146 50 Gunst
3180 739 70 47 bei
3283 741 52 46 AI

1818 802 191 49 Whatik
2060 805 127 62 (842
2273 806 144 64 847).
2486 809 94 47 Der
2624 810 182 47 Erstere
2847 819 239 54 gestattete
3128 815 90 47 ihm
3263 818 80 46 auf

1812 878 122 47 seine
1966 881 130 52 Bitte,
2129 880 67 48 bei
2230 881 372 51 Feierlichkeiten
2634 900 70 31 am
2738 885 120 49 Hofe
2888 887 123 49 nicht
3042 890 129 47 mehr
3203 901 131 40 unter

1811 956 87 47 den
1937 957 222 65 Sängern,
2206 960 196 48 sondern
2446 969 134 40 unter
2620 961 85 48 den
2747 964 220 49 Männern
3011 965 82 49 der
3127 970 174 48 Wissen-

1811 1033 159 56 schaft,
2012 1040 151 58 später
2204 1044 134 41 unter
2379 1037 84 48 den
2506 1046 146 39 ersten
2685 1040 405 63 Rechtsgelehrlen
3121 1045 77 48 des
3231 1047 78 47 Rei-

1812 1110 105 47 ches
1943 1127 54 31 zu
2027 1112 277 50 erscheinen.
2345 1112 156 50 Damit
2529 1131 95 32 war
2653 1115 81 48 der
2765 1117 272 65 Ehrgeizige
3065 1121 114 48 noch
3213 1124 121 47 nicht

1810 1186 229 49 zufrieden
2072 1188 88 47 und
2191 1191 249 65 verlangte,
2480 1192 70 47 die
2581 1193 170 47 Tracht
2780 1193 80 49 der
2889 1195 253 50 Abassiden
3173 1209 160 52 tragen

1812 1262 91 50 und
1947 1265 102 47 dem
2082 1266 174 48 Gebete
2298 1284 72 31 am
2403 1268 185 66 Freitag
2630 1271 41 46 in
2715 1271 82 47 der
2826 1272 128 48 Nähe
2996 1273 78 49 des
3122 1276 208 51 Khalifen

1812 1342 80 47 auf
1917 1341 262 51 demselben
2212 1345 124 47 Chor
2374 1345 272 49 beiwohnen
2676 1365 50 28 zu
2759 1347 176 51 dürfen.
2994 1352 68 47 Da
3094 1355 240 47 erwiderte

1811 1419 92 46 ihm
1928 1419 55 47 AI
2007 1421 188 47 Mamun
2221 1422 187 47 lachend
2430 1440 11 30 :
2482 1422 122 56 „Das
2625 1423 109 64 geht
2761 1441 51 31 zu
2846 1427 120 55 weit,
2991 1427 152 50 Isaak!
3176 1431 159 48 Denke

1810 1494 122 49 nicht
1962 1497 130 46 mehr
2120 1496 167 58 daran;
2318 1499 67 47 ich
2418 1499 87 47 will
2539 1499 81 47 Dir
2648 1499 112 49 aber
2792 1502 75 46 für
2897 1503 144 49 Deine
3065 1506 270 66 Entsagung

1818 1572 236 58 100,000
2087 1576 261 48 Drachmen

1928 1652 95 47 Der
2042 1651 151 49 Khalif
2219 1653 53 47 AI
2294 1654 193 49 Whatik
2516 1662 150 57 sagte:
2708 1657 87 55 „So
2826 1657 63 48 oft
2917 1658 68 47 ich
3015 1660 128 48 Isaak
3174 1661 157 63 singen

1809 1727 127 56 höre,
1966 1727 166 63 glaube
2163 1728 69 48 ich
2262 1729 100 50 eine
2389 1747 118 32 neue
2529 1732 278 65 Eroberung
2832 1736 75 44 für
2939 1737 116 46 mein
3084 1738 136 47 Reich
3253 1757 52 43 ge-

1811 1804 153 49 macht
1990 1822 52 29 zu
2073 1804 165 51 haben.
2298 1808 155 47 Wenn
2497 1825 50 30 er
2587 1808 70 48 ein
2690 1811 108 47 Lied
2844 1827 82 32 von
2967 1812 81 48 Ibn
3085 1816 245 51 Sureidsch

1806 1880 135 67 singt,
1981 1883 55 47 ist
2064 1900 46 29 es
2140 1884 100 55 mir,
2284 1886 63 47 als
2376 1886 60 47 sei
2468 1886 146 47 dieser
2644 1887 172 48 wieder
2856 1889 339 60 auferstanden,
3240 1893 90 51 und

1807 1959 68 47 ich
1908 1959 113 48 höre
2049 1961 123 48 seine
2200 1962 204 49 Stimme.
2436 1964 104 47 Sein
2576 1964 139 49 Besitz
2747 1966 52 47 ist
2830 1967 70 47 ein
2933 1968 161 56 Glück,
3126 1971 78 47 das
3236 1971 69 48 kei-

1806 2054 81 31 ner
1917 2037 174 48 meiner
2120 2038 272 66 Vorgänger
2420 2041 167 64 gehabt
2621 2042 89 48 hat.
2750 2043 180 50 Könnte
2961 2062 101 31 man
3094 2047 236 63 irgendwo

1805 2114 155 64 langes
1988 2113 174 58 Leben,
2190 2117 181 63 Jugend
2404 2118 89 47 und
2527 2119 312 50 Fröhlichkeit
2867 2121 182 58 kaufen,
3090 2141 48 30 so
3170 2126 160 48 würde

1804 2189 68 48 ich
1895 2190 62 47 sie
1980 2190 85 49 alle
2091 2192 75 45 für
2188 2192 75 48 ihn
2294 2211 75 29 um
2394 2194 71 47 die
2492 2195 148 47 Hälfte
2666 2197 168 47 meines
2855 2199 188 47 Reiches

1920 2267 77 48 Bei
2028 2268 80 47 der
2150 2270 249 47 Nachricht
2439 2288 82 32 von
2564 2272 169 49 seinem
2775 2274 127 48 Tode
2945 2277 87 45 rief
3067 2277 80 48 der
3179 2279 156 49 Khalif

1804 2343 266 49 Mutawakil
2101 2344 124 64 (847
2243 2347 198 64 —8G1)
2472 2366 101 30 aus:
2614 2352 124 53 „Der
2760 2352 155 48 Thron
2948 2353 76 48 hat
3047 2354 128 50 einen
3199 2373 104 47 gros-

1801 2437 77 32 sen
1910 2422 129 48 Theil
2069 2424 143 47 seines
2244 2425 189 47 Glanzes

2522 2504 77 47 III.

2431 2579 228 48 Hubaba.

1918 2653 237 50 Mubaba
2191 2672 95 30 war
2315 2673 80 30 aus
2425 2656 182 50 Medina
2639 2658 88 48 und
2759 2659 191 64 gehörte
2980 2660 144 50 einem
3157 2664 167 48 Manne

1798 2729 44 49 in
1875 2730 118 57 Irak,
2036 2733 202 47 Namens
2281 2733 83 47 Ihn
2407 2735 225 56 Romana,
2672 2735 111 48 oder
2826 2738 113 47 nach
2981 2739 214 48 Anderen
3240 2742 82 48 Ibn

1798 2808 140 55 Mina,
1969 2808 81 49 der
2077 2810 62 48 sie
2168 2811 281 49 vortrefflich
2482 2813 307 49 unterrichten
2821 2815 98 47 liess
2944 2818 89 47 und
3058 2816 70 49 ihr
3151 2818 71 48 die
3246 2819 51 48 be-

1797 2885 281 50 rühmtesten
2097 2888 192 58 Lehrer,
2314 2890 83 47 wie
2420 2890 82 48 Ihn
2520 2890 264 60 Sureidsch,
2808 2894 150 47 Malek
2991 2912 41 30 u.
3062 2912 32 30 s.
3127 2912 72 39 w.,
3232 2896 88 49 und

1795 2979 82 32 von
1903 2965 180 47 Frauen
2113 2965 73 48 die
2215 2968 311 62 Sängerinnen
2560 2969 258 48 Dschemila
2850 2971 88 47 und
2971 2973 350 50 Azza-al-Meila

1795 3040 105 65 gab.
1931 3041 204 49 Ilubaba
2166 3043 158 48 wurde
2355 3044 98 48 eine
2482 3062 155 47 grosse
2661 3046 220 64 Sängerin
2907 3048 89 48 und
3024 3050 270 65 Lautenspie-

1796 3117 124 49 lerin.
1976 3117 74 49 Sie
2093 3135 95 32 war
2225 3120 140 48 schön
2409 3121 88 49 und
2538 3123 354 64 liebenswürdig
2938 3126 89 47 und
3068 3128 124 48 hatte
3221 3129 99 47 eine

1796 3195 279 49 wunderbar
2117 3199 276 48 melodische
2435 3201 204 49 Stimme.
2699 3201 72 47 Ihr
2814 3203 182 48 wahrer
3035 3205 147 48 Name
3226 3223 95 32 war

1795 3272 133 65 Alija,
1966 3272 86 49 den
2083 3275 178 47 Namen
2293 3276 219 57 Hubaba,
2541 3276 42 50 d.
2614 3279 25 45 i.
2671 3277 221 58 Geliebte,
2936 3281 163 49 erhielt
3126 3284 62 47 sie
3217 3300 99 32 vom

1793 3350 210 49 Khalifen
2032 3352 140 56 Jesid,
2202 3351 82 50 der
2312 3354 62 48 sie
2403 3355 41 46 in
2474 3356 153 47 seinen
2660 3356 151 47 Palast
2840 3359 231 48 aufnahm.

1908 3427 78 49 Als
2016 3427 23 47 d
2049 3429 114 48 ieser
2185 3430 160 48 Khalif
2366 3431 64 48 sie
2459 3431 93 48 und
2582 3432 99 49 eine
2710 3432 169 50 andere
2907 3435 220 50 ebenfalls
3156 3454 135 47 ausge-

1791 3504 227 49 zeichnete
2049 3507 238 64 Sängerin,
2324 3509 215 56 Seilama,
2585 3511 75 47 für
2700 3511 226 48 schweres
2972 3514 110 48 Geld
3129 3515 187 63 gekauft

1793 3582 138 56 halte,
1969 3584 89 47 rief
2080 3600 50 32 er
2159 3601 104 32 aus:
2324 3587 102 55 „Ich
2470 3586 136 56 habe,
2647 3587 188 50 seitdem
2867 3590 68 47 ich
2968 3590 231 57 herrsche,
3244 3592 71 49 nie

1791 3660 99 48 eine
1931 3676 48 32 so
2011 3662 156 47 wahre
2200 3664 180 48 Freude
2421 3665 186 63 gehabt,
2653 3666 62 48 als
2746 3666 148 48 heute.
2949 3669 116 48 Jetzt
3095 3670 118 48 kann
3245 3670 66 47 ich

1792 3737 79 47 mit
1899 3737 100 48 dem
2033 3740 187 48 Dichter
2248 3756 163 49 sagen:
2451 3744 131 54 „„Er
2625 3744 78 47 hat
2743 3744 87 48 den
2872 3745 315 51 Wanderstab
3227 3764 83 30 von

1789 3815 91 47 sich
1912 3817 231 62 geworfen
2190 3817 90 49 und
2318 3819 77 47 hat
2423 3820 90 47 sich
2544 3820 43 48 in
2619 3821 182 48 Freude
2831 3821 91 48 und
2954 3824 145 48 Glück
3131 3825 151 48 nieder-

1790 3891 219 65 gelassen,
2058 3895 86 47 wie
2186 3893 81 49 der
2310 3895 281 58 Wanderer,
2637 3897 80 47 der
2760 3897 42 49 in
2845 3900 122 48 seine
3010 3902 185 49 Heimat
3237 3919 50 30 zu-

1865 4063 37 49 *)
1930 4065 90 35 Man
2048 4066 108 46 sieht,
2185 4077 40 26 es
2251 4066 66 37 hat
2344 4066 99 37 auch
2471 4067 286 38 Farinelli's
2783 4071 40 34 in
2852 4071 118 37 Asien
2997 4074 188 45 gegeben!
