3472 4389
1632 155 104 50 207

237 299 121 51 Jcsid
404 298 133 48 liebte
570 297 199 49 Hubaba
813 298 92 47 sein
950 311 161 49 ganzes
1141 295 155 48 Leben
1338 296 121 62 lang,
1500 296 143 47 zumal

124 381 188 52 seitdem
357 395 49 30 er
444 379 62 45 sie
553 377 233 48 belauscht
828 376 141 54 hatte,
1011 374 85 47 wie
1125 374 62 47 sie
1216 390 134 47 sang:
1406 373 67 55 „0
1503 372 143 48 Jesid!

128 459 146 49 meine
305 453 140 50 Liebe
475 472 50 29 zu
557 454 68 47 dir
655 454 53 46 ist
735 470 48 31 so
820 468 145 49 gross,
1008 451 100 48 dass
1152 451 68 47 ich
1263 467 56 32 an
1361 448 102 48 dem
1505 451 139 62 Tage,

128 553 70 31 wo
230 533 82 46 wir
344 548 81 31 uns
453 539 149 40 zuerst
630 532 156 53 sahen,
832 531 80 47 last
955 546 77 30 vor
1063 527 146 48 Glück
1238 525 243 67 gestorben

131 616 92 45 Der
250 609 160 49 Sultan
440 609 140 47 schob
623 607 127 49 sacht
779 608 70 46 die
882 605 244 64 Vorhänge
1157 605 78 47 der
1266 604 128 48 Thür
1421 621 77 30 zur
1528 604 119 47 Seite

129 688 89 50 und
250 685 237 65 gewahrte
529 685 71 47 die
630 683 221 63 Sängerin
895 684 81 46 auf
1013 682 100 47 dem
1149 683 140 46 Divan
1333 680 193 64 liegend,
1568 679 79 48 das

132 765 181 50 Gesicht
343 763 114 48 nach
489 763 80 47 der
598 767 453 58 entgegengesetzten
1088 759 155 48 Wand
1271 759 250 65 gewendet.
1580 759 68 46 Da

132 861 47 30 er
200 840 99 56 sah,
315 840 100 47 dass
438 839 61 47 sie
523 839 74 47 ihn
622 838 122 48 nicht
766 844 215 41 erwartet
1006 837 138 54 halte,
1168 835 90 49 und
1282 837 93 47 also
1399 834 78 48 das
1500 835 149 47 Ganze

134 920 99 49 kein
266 918 296 47 berechnetes
592 917 120 64 Spiel
745 933 109 38 war,
898 932 48 30 so
988 914 153 47 wuchs
1176 914 122 47 seine
1327 913 211 63 Neigung
1567 928 82 32 von

132 999 96 61 Tag
258 1013 52 28 zu
341 995 113 63 Tag.
499 993 202 48 llubaba
731 992 207 48 verstand
969 992 122 47 seine
1113 990 319 47 Leidenschaft
1460 1007 51 29 zu
1543 989 80 47 näh-

134 1092 78 30 ren
246 1073 88 47 und
369 1072 292 48 beherrschte
692 1072 74 45 ihn
797 1087 113 46 ganz
942 1068 90 48 und
1063 1084 95 47 gar.

250 1148 212 48 Indessen
492 1148 140 48 sahen
670 1146 71 49 die
772 1145 291 65 Omajjaden,
1106 1144 270 48 namentlich
1417 1143 236 56 Moslema,

136 1228 119 49 eines
285 1227 79 46 der
396 1227 208 63 Häupter
632 1224 257 55 derselben,
932 1223 84 48 den
1047 1223 157 47 Sultan
1246 1223 78 45 mit
1352 1221 274 63 Missvergnü-

138 1323 83 31 »cn
265 1305 43 46 in
346 1304 169 47 Lüsten
557 1303 93 47 und
687 1301 277 50 Wohlleben
1008 1300 269 56 versunken,
1319 1299 89 47 sich
1454 1315 85 30 nur
1581 1314 74 29 um

137 1354 25 16 o

137 1383 121 48 seine
288 1381 208 47 Geliebte
537 1381 89 46 und
656 1381 148 62 wenig
847 1380 110 47 oder
1002 1395 83 46 gar
1125 1377 123 48 nicht
1289 1394 73 29 um
1409 1376 77 47 das
1515 1374 140 47 Reich

139 1462 255 45 kümmern.
438 1459 74 47 Sie
543 1458 209 47 machten
783 1458 90 47 ihm
905 1463 149 40 ernste
1084 1454 350 63 Vorstellungen
1467 1452 88 47 und
1588 1468 45 30 er-

140 1540 205 45 innerten
373 1534 76 49 ihn
474 1552 55 30 an
553 1535 79 47 das
655 1534 229 48 Schicksal
908 1534 143 46 seines
1078 1533 288 62 Vorgängers
1390 1531 146 47 Omar
1560 1527 100 65 [der

141 1632 83 31 von
268 1614 134 46 ihnen
444 1613 206 64 vergiftet
686 1612 189 48 worden
912 1627 94 30 war
1044 1611 58 45 im
1133 1609 139 47 Jahre
1307 1606 105 48 720
1444 1624 40 29 n.
1517 1602 141 66 Chr.].

144 1694 91 44 Das
268 1690 175 56 wirkte,
486 1689 90 49 und
605 1689 122 48 Jesid
773 1690 132 46 fasste
947 1686 85 49 den
1067 1685 276 53 Entschluss,
1385 1682 103 50 dem
1522 1682 138 49 Wein

143 1769 89 48 und
263 1768 147 48 seiner
439 1768 226 64 geliebten
696 1768 219 60 Sängerin
952 1783 51 29 zu
1035 1771 230 57 entsagen.
1321 1764 71 45 Da
1420 1759 240 66 versprach

143 1845 205 50 llubaba
377 1845 101 47 dem
505 1845 188 47 Dichter
722 1845 52 46 El
797 1844 156 48 Ahues
984 1841 188 48 tausend
1195 1839 275 48 Goldstücke
1496 1839 75 44 liir
1594 1837 68 46 ein

142 1940 141 33 neues
310 1924 129 56 Lied,
470 1922 90 47 und
589 1940 72 31 am
693 1922 212 49 nächsten
937 1920 201 62 Freitag,
1162 1917 100 49 dem
1295 1917 192 64 heiligen
1512 1915 126 48 Feier-

142 2010 105 55 tage
279 2000 69 48 bei
381 2000 85 48 den
498 2000 229 56 Moslems,
772 1997 150 54 befahl
961 1997 62 47 sie
1064 1996 126 47 einer
1232 1995 122 47 ihrer
1381 1991 284 55 Sclavinnen,

143 2080 120 47 Acht
291 2096 52 30 zu
373 2079 165 63 geben,
581 2094 131 32 wann
744 2077 80 47 der
853 2075 160 49 Khalif
1033 2091 102 30 zum
1168 2072 173 49 Gebete
1370 2072 149 63 ginge.
1575 2071 91 45 Zur

143 2156 286 65 gemeldeten
461 2155 174 47 Stunde
679 2154 137 48 nahm
859 2154 63 45 sie
965 2152 96 46 ihre
1089 2151 148 47 Laute
1282 2149 89 47 und
1401 2149 143 47 stellte
1572 2146 91 47 sich

146 2234 81 45 auf
252 2232 86 46 den
371 2231 123 62 Weg
532 2230 77 47 des
639 2231 199 51 Sultans,
880 2227 91 49 und
1002 2225 156 48 sobald
1197 2241 50 31 er
1275 2225 155 52 nahte,
1470 2223 197 46 stimmte

146 2310 63 48 sie
238 2309 79 48 das
345 2307 112 49 Lied
487 2307 78 47 des
598 2306 207 47 Dichters
835 2321 71 32 an.
940 2303 153 50 Gleich
1126 2302 70 47 bei
1228 2301 101 47 dem
1360 2309 147 39 ersten
1530 2298 141 49 Verse

148 2387 169 49 schloss
344 2385 121 47 Jesid
498 2383 71 47 die
599 2386 180 61 Augen,
816 2400 77 29 um
922 2382 62 47 sie
1014 2380 121 48 nicht
1164 2396 51 29 zu
1246 2378 156 54 sehen,
1444 2376 90 48 und
1567 2376 105 46 riel:

161 2465 137 56 „Halt
326 2462 89 55 ein,
447 2461 223 48 llubaba!
701 2461 99 47 lass'
1012 2456 199 49 —Aber
1240 2456 64 47 sie
1333 2455 103 48 fuhr
1467 2455 86 47 fort
1583 2451 89 49 und

151 2541 212 65 gelangte
391 2556 56 31 zu
476 2538 100 49 dem
611 2538 137 47 Vers:

412 2630 100 46 „Das
540 2629 129 36 Leben
694 2629 51 35 ist
771 2627 108 35 nicht
905 2625 128 36 Leben
1062 2625 98 34 ohne
1187 2624 137 34 Liebe:

409 2699 188 35 Verachte
623 2697 214 35 neidischer
865 2694 174 37 Grämler
1067 2704 107 36 arges

155 2778 72 46 Da
256 2774 220 63 bezwang
515 2773 90 47 sich
637 2771 80 47 der
747 2770 158 48 Khalif
938 2768 122 48 nicht
1100 2766 145 56 mehr,
1288 2771 165 41 stürzte
1496 2762 80 47 auf
1615 2761 60 47 sie

155 2871 52 29 zu
238 2851 92 48 und
359 2851 106 47 rief:
506 2848 105 57 „Bei
641 2848 151 55 Allah,
823 2847 59 47 du
914 2846 100 47 hast
1041 2846 163 52 Recht,
1246 2842 90 47 und
1365 2841 81 48 der
1477 2838 198 48 Himmel

156 2928 220 51 verderbe

274 3007 158 50 Wenn
463 3022 49 31 er
542 3005 62 46 sie
635 3003 157 64 singen
816 3002 148 58 hörte,
993 3016 49 30 so
1074 2996 247 67 geberdete
1343 2994 91 49 sich
1456 2993 79 48 der
1555 2992 93 47 Kha-

158 3086 50 47 lif
231 3085 63 48 oft
325 3086 84 46 wie
442 3081 298 63 wahnsinnig.
809 3079 143 56 „Hast
981 3078 58 46 du
1073 3076 164 64 jemals
1274 3073 128 48 einen
1435 3069 244 50 Menschen

442 3161 144 63 fragte
616 3176 49 30 er
693 3159 62 46 sie
786 3158 128 55 einst,
950 3156 109 56 „auf
1094 3153 86 47 den
1225 3151 70 48 die
1340 3148 146 50 Musik
1530 3147 151 48 solche

161 3241 236 63 Wirkung
421 3239 195 54 machte,
641 3237 85 47 wie
754 3236 81 48 auf
1055 3232 113 47 —0
1195 3229 63 65 ja,
1289 3232 269 44 antwortete
1582 3225 74 46 llu-

161 3317 136 57 baba,
327 3317 118 47 mein
477 3323 142 40 erster
641 3314 175 47 Lehrer
847 3328 95 32 war
971 3308 261 51 entzückter
1254 3304 91 48 und
1370 3303 312 53 bezauberter,

164 3396 62 48 als
256 3396 76 50 du,
364 3410 132 31 wenn
527 3410 49 30 er
607 3392 115 47 mich
749 3392 157 62 singen
940 3389 143 47 hörte.
1115 3387 92 47 Das
1237 3388 177 58 ärgerte
1446 3380 85 47 den
1558 3378 93 48 Kha-

162 3473 126 56 lifen;
318 3490 50 31 er
396 3472 102 48 liess
527 3469 86 51 den
639 3472 138 46 Mann
801 3485 81 31 aus
905 3466 183 49 Medina
1120 3464 131 47 holen
1282 3459 88 50 und
1402 3459 73 47 ihn
1507 3457 146 64 gebun-

162 3549 85 50 den
277 3567 78 32 vor
383 3549 93 49 sich
509 3548 206 64 bringen.
772 3547 133 47 Dann
950 3549 167 42 musste
1149 3538 198 49 llubaba
1375 3537 173 61 singen,
1594 3532 88 48 und

156 3628 131 65 jener
316 3629 143 46 Arme
490 3624 157 49 wurde
686 3641 48 32 so
774 3622 205 49 dadurch
1025 3619 257 62 aufgeregt,
1331 3614 97 47 dass
1459 3629 48 30 er
1535 3627 147 49 gegen

164 3707 120 47 seine
313 3704 159 50 Bande
509 3712 118 41 raste
670 3702 90 48 und
799 3718 72 31 am
901 3699 132 48 Ende
1063 3698 85 47 wie
1178 3694 104 50 halb
1313 3690 95 50 todt
1437 3688 247 51 niederfiel.

162 3784 122 47 Jesid
315 3783 148 48 lachte
491 3782 308 63 ausgelassen,
837 3779 100 47 liess
965 3778 123 47 seine
1117 3773 181 49 kesseln
1322 3772 119 45 lösen
1473 3767 91 48 und
1595 3765 90 65 gab

166 3860 90 47 ihm
296 3859 190 50 tausend
528 3858 292 49 Goldstücke.
875 3855 131 49 Auch
1050 3850 202 51 Hubaba
1296 3844 272 51 beschenkte
1610 3844 76 47 ihn

167 3938 211 47 reichlich
409 3935 91 50 und
528 3935 159 49 sandle
717 3937 75 47 ihn
824 3934 114 48 nach
970 3932 183 49 Medina
1180 3927 181 50 zurück.

284 4015 85 47 Ein
401 4013 191 48 anderes
622 4013 90 48 Mal
757 4012 162 64 sprach
950 4008 120 51 Jesid
1115 4024 51 31 zu
1210 4005 90 47 ihr:
1355 3999 110 58 „Die
1497 3996 189 49 Weisen

167 4108 157 47 sagen,
354 4108 46 32 es
429 4090 117 65 gäbe
578 4090 74 47 für
675 4090 87 49 den
787 4088 246 49 Menschen
1058 4087 158 48 keinen
1240 4080 197 65 einzigen
1461 4078 100 61 Tag
1585 4074 81 48 voll-

1723 296 268 47 kommener
2023 294 366 65 Glückseligkeit,
2418 308 46 31 es
2493 298 111 41 trete
2634 292 158 47 immer
2822 297 139 42 etwas
2991 285 247 50 Störendes

1721 372 297 48 dazwischen.
2071 373 99 47 Den
2201 371 175 66 Spruch
2408 368 86 48 will
2535 368 67 47 ich
2646 383 187 48 morgen
2862 367 164 48 einmal
3058 363 81 49 auf
3165 362 71 49 die

1719 448 151 48 Probe
1911 449 180 54 stellen;
2141 448 67 47 icli
2249 449 88 46 will
2377 447 85 47 den
2505 459 168 49 ganzen
2718 445 97 60 Tag
2857 442 221 64 glücklich
3121 440 112 55 sein,

1719 525 221 64 glücklich
1968 525 78 46 mit
2067 525 84 55 dir,
2173 525 143 46 meine
2340 522 223 54 Geliebte,
2592 519 90 48 und
2707 519 151 47 werde
2880 519 225 64 gebieten,
3129 518 102 47 dass

1719 602 225 49 Niemand
1976 602 114 48 mich
2121 605 134 51 störe,
2286 619 72 30 um
2390 616 93 31 was
2512 598 81 48 auf
2617 595 151 50 Erden
2799 612 46 32 es
2874 597 113 45 auch

1836 680 59 46 Es
1933 679 214 64 geschah,
2189 678 84 47 wie
2310 678 80 47 der
2425 675 158 49 Khalif
2620 674 178 55 wollte;
2839 688 50 32 er
2930 670 118 49 blieb
3091 672 110 62 abge-

1719 758 226 47 schlossen
1989 773 83 31 von
2116 755 110 47 aller
2258 755 125 47 Welt
2424 754 79 46 mit
2545 750 200 49 Hubaba
2787 749 145 48 allein.
2982 748 123 47 Nach
3148 748 81 47 der

1722 833 209 49 Mahlzeit
1962 833 86 47 biss
2079 832 200 48 Hubaba
2309 832 40 47 in
2380 830 125 49 einen
2531 828 308 64 Granatapfel,
2870 826 68 47 ein
2964 825 123 47 Kern
3111 823 118 48 blieb

1723 910 69 47 ihr
1817 912 41 45 in
1883 909 79 47 der
1987 909 144 47 Kehle
2152 908 181 47 stecken
2359 905 89 48 und
2472 905 61 47 sie
2555 904 221 48 erstickte.
2805 901 121 50 Jesid
2954 918 94 32 war
3071 900 126 48 wahn-

1724 988 145 63 sinnig
1898 1003 78 30 vor
2004 985 226 50 Schmerz.
2288 984 106 47 Drei
2424 984 126 61 Tage
2592 981 103 60 lang
2734 980 108 47 hielt
2878 997 49 31 er
2965 978 71 48 die
3063 976 169 50 Leiche

1726 1064 78 48 der
1834 1063 235 49 Geliebten
2100 1064 41 46 in
2171 1063 152 47 seinen
2354 1061 190 51 Armen,
2587 1056 216 47 bedeckte
2841 1056 68 46 ihr
2949 1056 162 46 Antlitz
3154 1055 79 47 mit

1728 1143 173 45 Küssen
1934 1140 88 47 und
2052 1140 155 47 suchte
2243 1138 63 48 sie
2335 1135 141 50 durch
2519 1135 152 46 seinen
2702 1133 148 47 Odem
2880 1131 166 47 wieder
3074 1149 51 29 zu
3157 1131 52 49 be-

1729 1218 144 48 leben.
1903 1216 190 49 Endlich
2124 1215 218 50 brachten
2371 1214 75 47 ihn
2476 1211 70 49 die
2569 1209 320 66 dringendsten
2916 1209 144 47 Bitten
3090 1207 143 49 seiner

1733 1295 209 50 Freunde
1971 1295 152 55 dahin,
2164 1294 91 47 sich
2298 1294 64 46 los
2400 1309 51 29 zu
2494 1290 164 47 reissen
2693 1287 89 47 und
2815 1286 70 48 die
2913 1285 324 63 Einwilligung

1729 1390 78 32 zur
1837 1375 265 61 üestattung
2129 1389 51 29 zu
2212 1369 160 66 geben.
2428 1367 74 47 Ihr
2532 1367 178 63 Körper
2751 1364 157 48 wurde
2946 1364 42 47 in
3024 1361 213 48 kostbare

1733 1450 231 50 Gewände
1999 1449 171 65 gehüllt
2203 1447 89 49 und
2335 1446 252 64 beigesetzt.
2643 1445 90 46 Der
2763 1441 158 48 Khalif
2956 1441 136 62 folgte
3134 1439 100 48 dem

1731 1530 125 50 Zuge
1895 1529 40 45 in
1971 1534 240 39 stummem
2243 1525 210 47 Schmerz
2485 1522 65 47 bis
2578 1538 51 29 zu
2659 1520 80 47 der
2771 1519 275 48 Buhestätte.
3101 1517 133 47 Dann

1732 1613 136 39 setzte
1910 1620 47 31 er
1995 1602 90 49 sich
2129 1602 81 47 auf
2245 1601 78 47 das
2353 1599 123 49 Grab
2521 1597 89 47 und
2655 1596 136 48 brach
2834 1594 78 49 das
2947 1594 289 64 grauenvolle

1735 1681 267 64 Schweigen
2046 1680 78 46 mit
2164 1679 85 47 den
2295 1677 217 49 Worten:
2552 1675 139 56 „Jetzt
2730 1674 116 47 kann
2885 1671 67 48 ich
2982 1686 137 47 sagen
3151 1670 83 47 wie

1740 1761 200 46 Kotsei'r:
1981 1757 221 55 „„Wenn
2231 1773 45 30 es
2305 1755 128 47 einen
2462 1755 135 44 Trost
2626 1752 74 46 für
2731 1750 116 47 mein
2879 1750 117 45 Herz
3025 1747 110 65 gibt,
3159 1746 78 48 das

1736 1837 122 47 seine
1881 1835 139 48 Liebe
2043 1849 233 48 vergessen
2298 1832 97 55 soll,
2424 1846 47 32 so
2502 1831 53 46 ist
2582 1845 45 30 es
2655 1827 70 48 die
2756 1825 345 63 Verzweiflung,
3130 1823 113 49 aber

1738 1915 121 48 nicht
1902 1912 70 49 die
2002 1910 340 65 Fühllosigkeit.
2399 1908 92 47 Der
2527 1905 199 57 Freund,
2768 1903 79 49 der
2889 1903 133 47 heute
3062 1919 52 30 zu
3158 1902 85 46 mir

1741 1992 189 54 kommt,
1961 1990 118 47 kann
2108 2004 164 48 sagen:
2303 1987 68 46 Da
2399 1985 98 47 sitzt
2523 1983 70 49 ein
2624 1983 153 54 Mann,
2808 1981 71 47 aul
2909 1980 154 47 dessen
3090 1977 152 48 Grabe

1740 2071 134 47 heule
1903 2067 111 49 oder
2044 2082 187 47 morgen
2263 2063 68 49 die
2362 2061 248 49 Nachteule
2639 2060 214 47 krächzen

1856 2145 159 62 Einige
2053 2145 117 61 läge
2201 2141 114 48 nach
2345 2140 79 48 der
2456 2140 264 59 Bestattung
2751 2137 146 46 wollte
2926 2150 47 30 er
3001 2133 120 47 seine
3152 2132 58 48 Ge-

1740 2222 133 47 liebte
1897 2222 113 46 noch
2034 2220 164 47 einmal
2220 2218 152 46 sehen.
2401 2217 64 45 Er
2486 2216 101 44 liess
2610 2212 77 47 das
2705 2212 124 47 Grab
2853 2211 164 48 öffnen.
3059 2208 187 56 „Denke

1743 2316 56 31 an
2067 2302 158 55 sagten
2262 2293 120 47 seine
2413 2288 211 50 Freunde
2651 2305 53 29 zu
2739 2288 92 46 ihm
2856 2315 82 29 —,
2992 2286 136 54 „sieb,
3157 2300 93 33 was

1746 2392 80 32 aus
1855 2375 155 47 deiner
2041 2372 233 48 Geliebten
2305 2367 244 67 geworden

1873 2452 100 57 „Sie
2002 2451 54 48 ist
2086 2451 84 46 mir
2198 2450 69 47 nie
2296 2447 192 51 schöner
2516 2442 368 65 vorgekommen,
2927 2442 61 47 als

1746 2531 88 47 rief
1855 2546 48 32 er
1933 2530 40 47 in
2006 2527 179 48 halbem
2221 2524 256 49 Wahnsinn
2507 2537 92 33 aus.
2632 2521 98 47 Nur
2761 2518 77 48 mit
2867 2518 138 48 Mühe
3036 2517 215 48 brachten

1746 2610 75 47 ihn
1853 2607 217 48 Moslema
2100 2603 89 48 und
2220 2602 169 49 andere
2418 2602 206 61 Häupter
2651 2597 80 47 der
2754 2594 270 66 Omajjaden
3055 2594 193 65 hinweg.

1863 2683 127 48 Aber
2018 2682 68 47 ein
2114 2677 334 52 schleichendes
2472 2674 165 50 Fieber
2671 2673 148 47 zehrte
2848 2673 82 46 seit
2950 2672 150 65 jenem
3130 2672 125 62 Tage

1748 2781 55 30 an
1834 2763 106 47 ihm.
1972 2761 84 48 Die
2080 2756 392 64 Lieblingssclavin
2498 2753 79 47 der
2602 2751 328 49 Verblichenen
2961 2756 165 40 musste
3149 2756 106 40 stets

1751 2858 75 30 um
1856 2839 74 47 ihn
1959 2838 92 47 sein
2084 2834 87 50 und
2203 2836 90 45 ihm
2325 2828 304 52 fortwährend
2660 2844 82 31 von
2773 2828 68 46 ihr
2869 2827 218 47 erzählen.
3132 2824 125 47 Einst

1752 2918 104 64 ging
1887 2933 49 31 er
1966 2916 78 47 mit
2072 2914 69 47 ihr
2170 2912 140 47 durch
2343 2911 84 47 den
2451 2908 147 47 Palast
2629 2904 87 48 und
2742 2904 100 47 kam
2866 2903 179 63 zufällig
3069 2902 41 47 in
3133 2900 119 49 eines

1751 3012 84 32 von
1865 2994 85 49 den
1973 2994 229 46 Zimmern
2231 2987 253 49 llubaba's.
2523 2985 139 55 „liier
2692 2998 92 31 war
2813 2982 66 47 ich
2912 2980 77 47 mit
3173 2978 85 47 rief

1754 3090 48 30 er
1825 3088 91 32 aus.
1949 3071 84 47 Die
2058 3068 135 64 junge
2215 3065 172 49 Sclavin
2410 3062 158 63 sprach
2592 3078 49 29 zu
2667 3059 89 46 ihm
2778 3058 72 47 die
2866 3057 141 47 Verse
3025 3054 77 50 des
3120 3054 108 47 Dich-

1754 3161 115 38 ters:
1910 3149 113 56 „Um
2055 3147 85 47 den
2170 3145 211 47 Schmerz
2410 3140 75 47 des
2527 3139 232 47 trostlosen
2791 3134 259 48 Liebenden
3093 3151 52 29 zu
3190 3148 46 32 er-

1755 3245 188 35 neuern,
1986 3223 104 49 darf
2113 3239 48 31 er
2190 3238 84 32 nur
2303 3220 70 46 die
2406 3220 171 45 Bäume
2606 3214 156 53 sehen,
2800 3229 69 31 wo
2905 3212 121 47 seine
3055 3209 203 48 Geliebte

1755 3305 198 53 wohnte,
1983 3303 70 46 die
2083 3317 88 30 nun
2203 3298 85 48 öde
2320 3295 86 49 und
2437 3294 223 47 verlassen
2870 3292 93 45 Der
2985 3288 157 48 Khalif
3163 3302 70 31 zer-

1759 3383 100 48 lloss
1889 3380 44 49 in
1964 3379 224 47 Thränen.

1870 3454 219 51 Vierzehn
2118 3453 126 62 Tage
2255 3448 255 49 —Andere
2538 3463 160 46 sagen:
2729 3443 157 64 vierzig
2917 3443 124 61 Tage
3145 3439 111 47 nach

1757 3535 234 50 llubaba's
2022 3530 124 49 Tode
2174 3528 124 49 starb
2337 3528 80 47 der
2448 3524 154 48 Khalif
2631 3539 76 31 vor
2735 3521 226 47 Schmerz.
3012 3519 61 46 Er
3104 3514 154 49 wurde

1756 3632 56 30 an
1842 3614 120 46 ihrer
1990 3609 119 48 Seite
2138 3624 78 31 zur
2249 3605 129 48 Buhe
2410 3599 268 63 bestattet*).

1822 3906 35 44 *)
1885 3904 50 35 Es
1963 3912 76 23 war
2066 3897 145 38 Jesid
2236 3896 48 34 IL
2312 3889 220 52 (720—724
2557 3903 37 26 n.
2623 3889 115 46 Chr.).
2795 3888 70 34 Die
2901 3883 367 37 Geschichtsbücher

1885 3963 223 46 bestätigen,
2139 3972 76 21 was
2242 3958 60 35 die
2325 3955 207 44 Tradition,
2561 3954 71 32 wie
2654 3951 108 40 oben,
2791 3947 152 44 crz<ihltj
2973 3945 123 34 indem
3126 3946 50 33 sie
3207 3944 44 33 be

1886 4025 164 35 richten:
2204 4017 99 36 starb
2440 4014 113 34 Gram
2589 4011 91 35 über
2707 4010 70 34 den
2818 4007 69 35 lod
2924 4007 104 33 einer
3057 4004 211 43 Geliebten,

1889 4081 177 37 während
2094 4081 65 34 das
2188 4076 115 36 Reich
2331 4085 74 25 von
2433 4075 266 43 Empörungen
2729 4068 179 35 zerrissen
2939 4064 158 37 wurde.-
