3228 4310
191 4244 74 36 724

204 86 121 57 Die
371 84 180 56 letzte
597 78 247 58 Stunde

204 196 88 33 Von
317 195 176 34 Gustave
518 191 185 34 Flaubert

202 278 80 27 Aus
306 277 46 26 dem
418 272 186 30 Nachlab

258 359 48 29 Ich
327 358 77 28 habe
425 357 50 29 auf
495 357 99 27 meine
611 355 63 27 Uhr
694 353 133 35 geblickt
848 353 58 28 und
925 351 173 31 berechnet,

200 409 122 29 wieviel
340 408 64 28 Zeit
421 409 58 26 mir
494 407 78 28 noch
590 414 37 19 zu
642 405 88 28 leben
749 404 86 32 übrig
853 402 89 34 blieb,
959 401 46 28 ich
1023 401 77 27 habe

200 459 143 34 gesehen,
367 457 56 29 daß
446 466 33 20 es
500 457 90 28 kaum
614 454 77 29 noch
715 455 67 28 eine
802 453 116 29 Stunde
944 460 73 20 war.
1062 450 38 28 Es

200 511 72 32 liegt
291 509 76 28 noch
387 516 100 25 genug
504 507 109 32 Papier
633 505 49 29 auf
701 506 131 27 meinem
848 502 120 34 Tische,
989 509 34 21 so
1044 500 55 29 daß

201 561 46 27 ich
274 561 27 27 in
327 558 62 29 Eile
414 558 57 28 alle
497 557 227 32 Erinnerungen
752 556 115 26 meines
894 553 121 28 Lebens
1041 551 59 28 und

200 612 57 27 alle
278 609 168 29 Umstände
468 607 197 29 aufzeichnen
689 605 89 33 kann,
802 605 47 28 die
874 604 82 28 diese
979 603 121 28 dumme

200 661 60 28 und
283 659 135 33 logische
442 658 190 32 Verkettung
655 664 61 21 von
740 655 104 33 Tagen
870 654 59 29 und
953 652 147 33 Nächten,

200 719 61 20 von
283 710 119 28 Tränen
423 709 59 28 und
504 708 121 28 Lachen
648 705 165 31 beeinflußt
833 705 107 33 haben,
964 704 46 28 die
1030 710 70 20 man

200 762 47 28 die
268 760 145 29 Existenz
434 760 83 28 eines
536 757 168 29 Menschen
724 765 37 19 zu
782 763 118 21 nennen
922 754 103 34 pflegt.

273 810 82 29 Mein
378 809 131 29 Zimmer
531 810 38 27 ist
592 809 116 31 niedrig
731 807 59 28 und
813 814 66 25 eng,
903 806 99 27 meine
1024 803 57 28 Fen-

199 865 64 26 ster
284 863 66 27 sind
371 861 59 28 fest
449 859 214 35 geschlossen;
686 857 47 29 ich
752 857 79 28 habe
855 857 54 28 das
929 854 154 29 Schlüssel-

199 912 67 29 loch
286 911 159 34 sorgfältig
464 911 53 28 mit
538 909 185 29 Brotkrume
744 907 168 35 verstopft;
936 906 47 28 die
1004 905 96 32 Kohle

199 963 163 28 entzündet
387 962 63 28 sich
474 963 88 33 jetzt;
587 961 53 27 der
663 959 68 29 Tod
752 959 78 28 wird
854 958 64 28 also
941 957 158 33 kommen;

199 1013 46 29 ich
268 1013 79 29 kann
373 1012 47 29 ihn
441 1010 104 35 gefaßt
570 1011 59 28 und
655 1010 85 33 ruhig
765 1010 163 32 erwarten,
951 1006 149 29 während

199 1064 47 29 ich
270 1064 36 28 all
334 1064 46 28 die
402 1062 65 30 Zeit
490 1062 74 28 über
589 1062 119 27 meinen
732 1059 86 29 Blick
843 1059 50 28 auf
917 1059 54 28 das
996 1057 103 28 Leben

199 1115 104 34 richte,
333 1115 54 27 das
415 1113 233 32 entschwindet,
696 1111 60 28 und
785 1110 50 28 auf
863 1110 47 27 die
939 1108 159 33 Ewigkeit,

199 1167 46 27 die
267 1166 79 27 naht.

608 1222 10 28 I

272 1282 71 28 Man
369 1282 94 33 pflegt
487 1282 86 27 einen
598 1279 168 29 Menschen
789 1278 151 33 glücklich
965 1286 37 20 zu
1027 1285 53 19 nen-

195 1342 68 25 nen,
290 1333 53 28 der
364 1330 404 34 fünfundzwanzigtausend
791 1328 141 29 Franken
955 1327 124 29 Einkom-

196 1392 69 20 men
291 1383 60 34 hat,
397 1383 53 28 der
477 1382 103 32 schön,
608 1380 85 35 groß,
719 1379 241 35 gutgewachsen
988 1380 46 33 ist,
1060 1379 39 27 im

196 1433 121 30 Schöße
334 1435 99 28 seiner
450 1432 123 29 Familie
592 1432 71 33 lebt,
680 1431 56 29 alle
757 1431 126 28 Abende
902 1431 45 27 ins
966 1429 133 28 Theater

197 1484 81 34 geht,
307 1484 90 34 lacht,
427 1483 101 34 trinkt,
558 1482 118 34 schläft,
707 1481 49 35 ißt,
787 1482 60 28 und
875 1483 53 31 gut
957 1480 141 28 verdaut.

197 1535 56 29 Die
278 1534 126 30 Ansicht
429 1536 38 27 ist
493 1534 49 34 alt,
585 1534 74 28 aber
686 1532 125 29 deshalb
855 1531 82 29 nicht
962 1531 137 32 weniger

196 1586 105 29 falsch.

272 1635 76 30 Was
370 1636 78 28 mich
472 1635 122 34 betrifft,
616 1643 35 20 so
674 1634 78 28 habe
775 1633 46 28 ich
844 1632 86 29 mehr
953 1632 44 29 als
1022 1632 61 27 fünf-

197 1687 335 33 undzwanzigtausend
576 1685 100 28 Frank
722 1684 199 28 Einkommen
977 1682 121 34 gehabt,

197 1739 98 28 meine
319 1737 122 29 Familie
465 1745 65 21 war
553 1739 53 30 gut
627 1744 97 26 gegen
748 1735 94 35 mich;
868 1734 47 28 ich
936 1734 79 28 habe
1039 1732 60 29 fast

196 1788 57 30 alle
272 1788 133 29 Theater
425 1787 138 34 Europas
582 1786 149 35 gesehen;
754 1785 45 29 ich
819 1785 78 29 habe
919 1783 179 35 getrunken,

196 1839 47 29 ich
265 1839 79 29 habe
368 1838 186 34 geschlafen,
579 1837 46 29 ich
649 1837 79 29 habe
753 1844 62 21 von
839 1837 54 27 der
918 1835 118 29 Geburt
1060 1843 38 20 an

195 1890 127 29 niemals
342 1890 54 29 das
415 1890 156 32 geringste
590 1887 199 30 Unwohlsein
811 1887 149 34 gekannt;
980 1886 49 28 ich
1048 1886 49 28 bin

195 1941 106 28 weder
319 1941 148 33 einäugig,
484 1939 77 29 noch
578 1938 89 29 hinke
682 1939 56 33 ich,
755 1938 79 28 noch
849 1937 80 29 habe
945 1936 47 29 ich
1009 1937 89 28 einen

195 1990 116 30 Buckel
333 2014 5 5 .
361 2014 5 5 .
389 2014 5 5 .
433 1990 68 29 Und
523 1990 46 28 ich
588 1990 50 28 bin
658 1998 35 20 so
714 1988 159 34 glücklich,
896 1986 56 30 daß
975 1987 46 29 ich
1041 1988 57 26 mir

193 2042 101 31 heute,
314 2043 52 26 mit
387 2040 157 30 neunzehn
565 2040 120 33 Jahren,
708 2040 53 30 das
782 2039 101 28 Leben
906 2038 116 28 nehme.

630 2140 23 28 II

270 2199 90 29 Eines
377 2199 102 33 Tages
496 2218 37 2 —
552 2199 45 28 ich
616 2207 74 24 war,
710 2200 59 27 wie
787 2199 45 28 ich
853 2198 78 28 mich
950 2199 147 33 erinnere,

195 2251 118 28 damals
339 2250 75 29 zehn
441 2250 92 29 Jahre
557 2251 40 27 alt
620 2268 37 3 —
683 2252 149 26 umarmte
858 2250 99 27 meine
982 2247 116 29 Mutter

195 2301 79 28 mich
300 2302 141 27 weinend
469 2301 59 28 und
554 2303 88 30 sagte
668 2301 65 32 mir,
762 2300 44 28 ich
834 2300 74 28 solle
936 2301 87 26 unter
1051 2299 46 27 die

195 2352 164 31 Kastanien
379 2352 113 32 spielen
511 2351 107 34 gehen,
637 2352 46 29 die
702 2352 57 27 den
779 2350 102 32 Rasen
902 2350 53 29 des
973 2349 107 29 Schlos-

195 2411 52 21 ses
268 2404 125 27 säumen
418 2426 5 5 .
447 2426 6 4 .
475 2426 6 4 .
503 2398 51 37 (O,
574 2403 61 27 wie
658 2404 125 27 müssen
807 2402 43 28 sie
875 2402 57 27 seit
957 2401 52 27 der
1033 2399 65 29 Zeit

194 2453 187 33 gewachsen
398 2449 93 37 sein!)
528 2453 49 28 Ich
594 2454 69 32 ging
681 2453 58 34 hin,
758 2453 73 28 aber
848 2453 37 27 da
900 2452 98 28 meine
1016 2450 82 29 Lelia

195 2503 79 28 mich
301 2504 66 29 dort
392 2503 81 29 nicht
498 2503 168 35 aufsuchte,
710 2503 151 29 fürchtete
886 2502 54 34 ich,
987 2503 42 28 sie
1055 2503 41 27 sei

194 2554 107 34 krank,
324 2555 58 28 und
405 2555 71 33 ging
496 2556 45 27 ins
562 2554 85 29 Haus
668 2554 123 28 zurück.
832 2554 82 27 Alles
937 2561 66 20 war
1026 2561 53 19 ver-

195 2605 117 36 lassen;
341 2606 66 28 eine
437 2604 93 34 große
560 2605 160 29 schwarze
750 2604 146 33 Draperie
928 2612 66 20 war
1023 2603 74 28 über

195 2656 56 28 das
271 2655 245 34 Eingangsgitter
537 2658 165 33 gespannt;
725 2655 46 28 ich
794 2656 78 32 stieg
895 2656 26 26 in
945 2655 54 28 das
1018 2653 59 28 Zim-

193 2714 67 21 mer
277 2707 115 28 meiner
411 2706 193 36 Schwester;
625 2707 37 28 da
681 2706 48 29 fiel
748 2707 58 28 mir
823 2707 56 33 ein,
900 2705 58 29 daß
976 2706 44 28 sie
1039 2705 59 29 seit

193 2757 86 29 mehr
300 2757 43 29 als
362 2757 70 28 acht
449 2757 106 33 Tagen
576 2756 82 29 nicht
679 2765 69 21 zum
768 2755 123 35 Spielen
912 2755 184 35 gekommen

192 2812 77 24 War.

269 2858 50 30 Ich
335 2860 78 31 stieg
430 2859 66 29 also
515 2860 27 26 in
559 2859 44 28 ihr
621 2858 140 28 Zimmer.
779 2858 77 28 Dort
874 2858 59 28 traf
952 2858 45 28 ich
1018 2858 77 27 zwei

192 2908 128 35 Frauen,
347 2910 46 27 die
416 2909 101 33 häufig
539 2918 37 20 an
602 2910 69 28 dem
695 2909 62 28 Tor
781 2909 53 29 des
858 2908 162 28 Schlosses
1046 2916 49 20 um

192 2959 92 29 milde
301 2959 106 30 Gaben
426 2960 130 32 gebeten
574 2960 119 34 hatten;
712 2961 43 28 sie
772 2959 110 29 hielten
902 2962 99 26 etwas
1016 2958 60 28 Leb-

193 3011 82 31 loses
298 3011 26 27 in
347 3010 82 29 ihren
450 3011 123 30 Armen,
596 3011 54 29 das
672 3012 43 27 s>ie
736 3012 26 26 in
786 3011 46 27 ein
855 3009 116 29 weißes
990 3009 104 28 Laken

192 3060 112 29 hüllten
329 3084 5 5 .
357 3084 5 5 .
385 3084 5 4 .
435 3061 63 28 Das
521 3070 66 19 war
612 3062 58 28 sie!

267 3110 73 30 Man
365 3112 50 28 hat
441 3112 78 28 mich
543 3112 113 28 seither
682 3112 43 28 oft
750 3112 129 32 gefragt,
903 3119 119 20 warum
1048 3110 47 28 ich

193 3163 115 32 traurig
327 3164 53 26 sei.

618 3214 39 27 III

267 3270 64 30 Das
352 3280 68 20 war
442 3272 58 28 sie!
543 3271 102 29 Meine
669 3272 194 28 Schwester!
907 3271 74 28 Tot!
1007 3270 86 28 Ohne

190 3321 220 30 Lebensatem!

267 3371 76 30 Bald
369 3373 69 28 kam
467 3374 46 27 die
539 3373 110 34 Nacht;
679 3382 26 23 o,
733 3375 58 26 wie
820 3374 69 32 lang
917 3373 58 28 und
1002 3373 91 27 bitter

192 3430 67 21 war
277 3423 59 28 sie!

267 3473 55 29 Die
349 3474 107 28 beiden
484 3474 336 33 schwarzgekleideten
847 3474 117 28 Frauen
993 3474 100 32 legten

192 3524 58 28 den
279 3523 117 34 Körper
425 3525 28 27 in
483 3525 55 29 das
564 3524 71 30 Bett
663 3526 115 27 meiner
807 3524 194 32 Schwester;
1049 3524 43 28 sie

190 3577 139 26 streuten
351 3574 128 29 Blumen
502 3575 130 29 darüber
657 3576 58 27 und
739 3575 206 33 besprengten
968 3574 48 29 ihn
1041 3575 52 27 mit

192 3623 225 37 Weihwasser;
439 3625 43 29 als
505 3625 78 28 dann
606 3626 45 28 die
670 3625 103 29 Sonne
795 3625 82 29 ihren
897 3625 114 29 letzten
1030 3627 46 26 röt-

190 3674 98 29 lichen
315 3674 170 30 Schimmer
510 3677 28 27 in
568 3677 53 28 das
649 3676 136 28 Gemach
813 3676 159 33 geworfen
998 3676 93 31 hatte,

198 3726 53 28 der
275 3726 138 33 glanzlos
437 3735 66 19 war
526 3727 59 27 wie
612 3727 54 28 das
690 3727 85 33 Auge
799 3728 83 28 eines
905 3726 192 33 Leichnams,

199 3775 46 30 als
267 3777 53 27 der
341 3776 66 34 Tag
430 3785 37 19 an
490 3777 56 28 den
571 3777 150 29 Scheiben
744 3777 159 28 erloschen
927 3785 75 25 war,
1026 3777 55 27 zün-

199 3827 90 28 deten
308 3829 42 26 sie
366 3829 78 26 zwei
460 3827 97 28 kleine
572 3827 119 30 Kerzen
706 3836 46 22 an,
769 3829 47 26 die
835 3827 50 28 auf
900 3828 69 27 dem
985 3826 95 29 Nacht-

199 3878 76 27 tisch
293 3878 137 31 standen,
447 3878 121 28 knieten
587 3878 104 27 nieder
707 3878 60 28 und
782 3878 106 29 hießen
906 3878 78 27 mich
1001 3877 97 33 gleich

200 3927 87 29 ihnen
309 3928 101 28 beten.

275 3978 49 27 Ich
349 3978 118 34 betete;
512 3987 27 23 o,
568 3978 68 28 sehr
663 3980 89 31 innig,
798 3987 34 20 so
859 3980 79 31 innig
964 3980 59 26 wie
1053 3977 46 28 ich

202 4027 127 29 konnte!
373 4029 78 27 Aber
472 4029 98 28 nichts
590 4029 133 32 geschah
744 4050 5 5 .
773 4027 4 34 .
800 4052 5 4 .
825 4028 84 29 Lelia
931 4031 84 30 regte
1036 4027 64 29 sich

204 4075 94 29 nicht!

279 4125 41 27 So
340 4126 99 28 kniete
458 4128 45 26 ich
522 4128 98 33 lange,
637 4129 56 26 den
712 4128 76 32 Kopf
806 4128 50 28 auf
875 4130 57 25 den
949 4127 152 32 feuchten,

206 4174 101 27 kalten
329 4174 103 27 Laken
456 4176 52 26 des
533 4175 121 30 Bettes;
679 4177 46 26 ich
748 4178 123 31 weinte,
895 4177 108 29 jedoch
1028 4176 73 29 leise

1180 73 60 28 und
1257 71 78 29 ohne
1355 66 125 38 Ängste.
1502 69 49 28 Ich
1570 69 132 33 glaubte,
1724 75 89 20 wenn
1834 67 46 28 ich
1900 66 183 31 nachsänne,

1180 130 90 21 wenn
1292 121 46 29 ich
1361 122 122 31 weinte,
1506 128 91 21 wenn
1621 120 47 29 ich
1690 120 55 28 mir
1768 119 46 28 die
1838 117 91 29 Seele
1951 118 52 28 mit
2025 116 40 29 Ge-

1179 173 91 28 beten
1293 172 59 28 und
1375 171 203 28 Gelöbnissen
1603 171 141 31 zerrisse,
1768 177 34 20 so
1827 169 107 27 würde
1958 169 55 27 mir
2038 169 47 27 ein

1179 222 116 33 Hauch,
1324 223 46 27 ein
1396 221 95 33 Blick,
1519 222 67 27 eine
1613 220 181 33 Bewegung
1823 219 100 28 dieses
1951 218 134 32 Körpers

1180 281 61 20 von
1265 271 207 30 undeutlicher
1495 271 90 28 Form
1608 271 134 31 werden,
1765 278 62 19 von
1850 269 68 28 dem
1940 276 69 21 man
2031 276 55 20 nur

1180 323 64 28 hier
1270 323 66 28 eine
1361 322 151 33 Rundung
1538 320 205 35 unterschied,
1765 321 51 28 die
1843 320 47 28 die
1917 319 79 33 Kopf
2021 320 64 28 sein

1181 372 102 29 mußte
1314 373 59 27 und
1402 374 110 27 weiter
1540 374 92 26 unten
1663 372 65 28 eine
1759 370 172 33 Erhöhung,
1963 370 46 28 die
2040 369 46 28 die

1179 422 82 29 Füße
1286 431 37 20 zu
1349 424 63 27 sein
1437 423 153 28 schienen.
1615 421 47 28 Ich
1690 429 111 25 armes,
1825 420 160 34 gläubiges
2010 419 76 32 Kind

1179 476 160 26 vertraute
1367 473 115 32 darauf,
1512 472 55 29 daß
1595 473 55 28 das
1679 471 99 29 Gebet
1806 472 86 27 einen
1921 469 165 30 Leichnam

1181 525 69 27 dem
1272 523 103 29 Leben
1398 523 285 29 wiedererwecken
1705 522 124 33 könnte,
1833 529 13 12 N
1853 529 35 21 so
1911 521 60 28 viel
1994 520 74 29 Glau-

1180 574 58 29 ben
1258 575 58 27 und
1335 574 209 33 Arglosigkeit
1562 572 95 30 besaß
1678 572 60 28 ich!

1256 624 37 35 O,
1315 633 70 19 man
1408 624 80 28 kann
1512 624 80 28 nicht
1615 623 217 33 aussprechen,
1857 623 59 27 wie
1941 622 60 28 viel
2024 621 47 28 Bit-

1180 678 83 26 teres
1287 676 59 27 und
1370 674 150 30 Düsteres
1545 675 65 28 eine
1634 682 34 21 so
1693 673 186 29 verbrachte
1905 671 96 30 Nacht
2025 671 61 33 hat,

1181 727 65 27 eine
1267 725 106 34 Nacht,
1397 725 46 29 die
1464 725 94 28 damit
1578 725 133 32 hingeht,
1730 724 48 28 bei
1802 724 98 28 einem
1921 722 165 29 Leichnam

1180 785 36 19 zu
1234 776 101 33 beten,
1354 784 36 19 zu
1408 777 131 32 weinen,
1559 776 55 27 das
1633 774 105 29 Nichts
1759 774 119 28 wieder
1896 782 69 20 zum
1984 773 103 29 Leben

1180 826 163 29 erwecken
1372 835 36 20 zu
1434 826 127 28 wollen!
1607 824 71 30 Man
1705 824 80 30 weiß
1812 824 90 33 nicht,
1927 833 67 21 was
2021 824 66 28 eine

1178 876 99 30 Nacht
1296 877 63 29 voll
1380 876 122 30 Tränen
1524 877 60 28 und
1604 875 191 29 Schluchzen
1817 875 74 29 alles
1914 883 38 20 an
1973 873 94 29 Fürch-

1180 928 158 29 terlichem
1356 928 59 28 und
1433 927 249 29 Schrecklichem
1699 927 88 33 birgt,
1808 927 66 28 eine
1893 925 98 30 Nacht
2006 925 81 28 beim

1179 978 130 29 Scheine
1326 979 117 28 zweier
1458 977 226 33 Totenkerzen,
1702 978 28 27 in
1747 976 207 29 Gesellschaft
1971 976 116 28 zweier

1179 1029 117 29 Frauen
1326 1030 54 27 mit
1408 1031 200 26 monotonem
1636 1027 162 34 Singsang,
1846 1027 89 28 feilen
1965 1026 122 28 Tränen

1181 1081 57 27 und
1269 1079 163 34 grotesker
1461 1078 273 30 Psalmodiererei!
1783 1077 72 29 Man
1886 1077 79 28 weiß
1996 1076 89 34 nicht,

1180 1139 68 21 was
1263 1132 67 28 eine
1348 1130 104 30 solche
1467 1129 99 30 Nacht
1584 1129 53 29 der
1651 1129 229 33 Verzweiflung
1897 1129 61 28 und
1970 1127 118 29 Trauer

1181 1181 74 30 alles
1277 1183 45 27 ins
1344 1181 82 28 Herz
1448 1182 122 27 drückt:
1596 1181 69 28 dem
1687 1179 97 33 Kinde
1806 1188 62 20 von
1888 1178 117 29 Trauer
2027 1178 60 28 und

1180 1231 159 37 Kummer;
1357 1233 69 28 dem
1443 1233 110 32 jungen
1571 1230 94 29 Mann
1684 1239 63 20 von
1765 1230 233 34 Zweifelsucht;
2018 1229 69 28 dem

1180 1283 108 29 Greise
1313 1291 62 20 von
1397 1282 244 33 Verzweiflung!

1254 1333 63 29 Der
1339 1333 67 34 Tag
1428 1334 105 28 nahte!

1255 1385 82 29 Aber
1364 1385 44 29 als
1434 1393 34 20 es
1491 1384 72 28 licht
1589 1384 117 34 wurde,
1731 1383 45 29 als
1803 1383 76 28 auch
1905 1383 46 28 die
1978 1382 108 29 beiden

1178 1435 217 29 Totenkerzen
1425 1435 159 28 erlöschen
1616 1434 135 31 wollten,
1782 1435 39 27 da
1851 1433 157 28 verließen
2039 1432 48 29 die

1181 1487 110 28 beiden
1320 1485 119 30 Frauen
1471 1486 55 28 das
1554 1484 141 34 Zimmer,
1726 1485 59 28 und
1817 1485 45 28 ich
1891 1484 80 28 blieb
2001 1483 88 29 allein

1182 1537 123 29 zurück.
1343 1537 51 28 Ich
1411 1537 49 28 lief
1477 1536 100 29 hinter
1594 1536 88 28 ihnen
1699 1536 63 33 her,
1782 1536 70 32 hing
1871 1534 78 29 mich
1969 1543 36 19 an
2026 1534 63 28 ihre

1183 1588 136 28 Schürze
1341 1588 60 28 und
1420 1587 82 29 faßte
1521 1586 187 33 krampfhaft
1729 1586 75 28 nach
1827 1586 83 28 ihren
1932 1585 158 31 Kleidern:

1258 1638 120 35 „Meine
1639 1638 100 34 fragte
1764 1637 46 28 ich
1836 1638 52 31 sie,
1912 1637 56 33 „ja,
1992 1637 98 26 meine

1182 1690 181 29 Schwester
1387 1690 97 29 Lelia!
1528 1689 60 28 Wo
1612 1690 38 28 ist

1258 1741 51 30 Sie
1335 1740 134 29 blickten
1493 1740 80 28 mich
1597 1739 203 29 verwundert
1824 1748 47 19 an.

1258 1791 122 35 „Meine
1406 1790 194 30 Schwester!
1648 1790 47 29 Ihr
1719 1790 75 29 habt
1818 1789 79 29 mich
1923 1790 90 28 beten
2039 1797 36 24 ge-

1183 1842 117 35 heißen,
1322 1843 47 28 ich
1392 1842 79 29 habe
1493 1842 134 34 gebetet,
1652 1842 93 28 damit
1770 1842 43 28 sie
1838 1840 253 33 wiederkomme,

1183 1894 49 29 Ihr
1251 1894 74 29 habt
1346 1894 79 28 mich

1259 1945 83 34 „Das
1365 1953 67 20 war
1458 1944 77 29 doch
1559 1945 47 28 für
1631 1944 62 28 ihre

1260 1996 66 29 Ihre
1344 1995 114 30 Seele?
1472 1995 77 30 Was
1566 1995 167 28 bedeutete
1751 1993 79 30 das?
1846 1992 73 29 Man
1935 1993 83 28 hatte
2037 1992 55 28 mir

1184 2049 44 28 oft
1254 2056 62 20 von
1342 2047 75 28 Gott
1442 2046 202 33 gesprochen,
1671 2045 126 28 niemals
1823 2052 62 20 von
1913 2044 53 27 der
1992 2042 98 28 Seele.

1256 2098 84 34 Gott,
1363 2099 55 27 das
1438 2097 150 29 verstand
1610 2096 46 28 ich
1677 2096 206 32 wenigstens;
1906 2094 79 28 denn
2003 2093 86 27 hätte

1178 2159 69 20 man
1272 2149 78 29 mich
1375 2148 130 34 gefragt,
1528 2155 69 21 was
1621 2148 55 28 das
1701 2148 52 29 sei,
1778 2154 70 26 nun,
1874 2153 34 21 so
1932 2143 85 30 hätte
2040 2143 46 28 ich

1176 2200 101 30 Lelias
1304 2199 142 34 Hänfling
1476 2206 192 26 genommen,
1697 2197 58 28 ihm
1785 2198 54 27 mit
1865 2196 61 28 den
1956 2194 128 29 Händen

1180 2250 64 30 den'
1262 2251 80 33 Kopf
1366 2249 210 35 eingedrückt,
1602 2249 60 28 und
1685 2250 125 31 gesagt:
1836 2246 102 31 „Auch
1966 2245 46 29 ich
2038 2245 49 28 bin

1327 2302 83 27 Aber
1429 2302 46 27 die
1493 2299 113 30 Seele?
1626 2299 55 28 Die
1701 2297 114 30 Seele?
1852 2297 78 29 Was
1948 2298 37 28 ist
2007 2296 79 28 das/

1254 2353 49 28 Ich
1320 2361 67 20 war
1404 2352 80 28 kühn
1502 2359 109 26 genug,
1631 2352 41 27 sie
1692 2349 118 29 danach
1828 2358 36 19 zu
1879 2348 116 33 fragen,
2013 2348 75 28 aber

1178 2406 42 27 sie
1242 2405 110 32 gingen
1375 2403 78 29 ohne
1477 2403 144 28 Antwort
1641 2401 70 29 fort.

1253 2455 66 28 Ihre
1348 2454 104 28 Seele!
1501 2453 76 33 Nun,
1606 2454 44 27 sie
1676 2452 100 28 haben
1805 2451 78 28 mich
1913 2449 172 33 getäuscht,

1178 2507 84 27 diese
1291 2505 127 29 Frauen.
1467 2504 77 29 Was
1575 2503 45 29 ich
1650 2503 73 28 aber
1752 2501 115 32 wollte,
1897 2509 66 20 war
1992 2499 93 32 Lelia,

1176 2557 93 33 Lelia,
1294 2557 46 28 die
1365 2557 53 28 mit
1444 2557 56 26 mir
1526 2555 51 28 auf
1603 2555 69 28 dem
1697 2554 102 30 Rasen
1825 2553 60 28 und
1909 2553 39 27 im
1974 2550 111 29 Walde

1176 2608 117 33 spielte,
1314 2608 47 27 die
1381 2607 49 28 auf
1451 2607 68 28 dem
1537 2604 92 30 Moos
1646 2606 58 33 lag,
1722 2604 128 28 Blumen
1871 2602 134 34 pflückte
2024 2602 61 28 und

1176 2660 44 28 sie
1240 2659 79 28 dann
1341 2659 26 27 in
1390 2658 57 28 den
1469 2656 91 29 Wind
1582 2656 89 28 warf.
1711 2655 93 32 Lelia,
1825 2656 100 26 meine
1947 2652 137 29 hübsche

1176 2710 98 28 kleine
1303 2708 180 30 Schwester
1513 2708 53 28 mit
1596 2708 58 28 den
1682 2705 116 35 großen
1828 2705 110 29 blauen
1968 2704 115 32 Augen,

1174 2761 92 32 Lelia,
1285 2761 47 27 die
1349 2759 78 29 mich
1447 2759 117 29 abends
1584 2760 159 29 umarmte,
1760 2765 91 20 wenn
1869 2757 43 28 sie
1931 2756 53 27 mit
2003 2754 80 28 ihrer

1173 2811 117 33 Puppe,
1314 2811 96 28 ihrem
1434 2813 105 26 teuren
1566 2808 188 29 Lämmchen
1780 2808 59 27 und
1867 2807 95 28 ihrem
1989 2804 74 29 Hänf-

1175 2863 60 32 ling
1260 2862 130 33 gespielt
1415 2861 93 29 hatte.
1552 2861 93 27 Arme
1670 2858 195 30 Schwester!
1911 2856 76 28 Dich
2014 2864 52 20 ver-

1174 2914 102 32 langte
1300 2914 45 28 ich
1370 2912 207 29 lautweinend
1602 2909 124 35 zurück,
1751 2910 60 28 und
1836 2909 84 28 diese
1944 2908 122 28 barbari-

1175 2964 92 28 schen
1291 2963 96 29 Leute
1411 2964 208 27 antworteten
1642 2962 72 27 mir:
1740 2959 102 36 „Nein,
1866 2960 39 27 du
1926 2959 89 28 wirst
2039 2959 44 27 sie

1175 3016 47 27 nie
1239 3014 224 30 wiedersehen,
1483 3014 37 28 du
1539 3013 70 29 hast
1629 3011 82 30 nicht
1728 3011 48 28 für
1795 3012 44 27 sie
1857 3010 134 34 gebetet,
2011 3017 53 20 son-

1175 3066 73 28 dern
1270 3065 47 28 für
1338 3065 63 28 ihre
1422 3064 105 29 Seele!
1570 3063 59 28 Für
1651 3065 100 26 etwas
1772 3061 231 32 Unbekanntes,
2027 3060 55 28 das

1174 3117 198 28 unbestimmt
1400 3117 38 27 ist
1485 3116 60 27 wie
1594 3115 54 28 das
1676 3112 90 30 Wort
1813 3113 83 28 einer
1942 3110 140 30 fremden

1173 3167 152 33 Sprache:
1354 3167 37 27 du
1417 3166 68 29 hast
1511 3166 46 28 für
1583 3166 86 27 einen
1694 3163 116 34 Hauch,
1836 3163 47 28 für
1909 3164 47 27 ein
1980 3161 101 29 Wort,

1172 3218 46 28 für
1239 3219 54 28 das
1310 3217 115 32 Nichts,
1443 3217 75 28 kurz
1537 3216 46 28 für
1601 3216 63 28 ihre
1681 3214 90 29 Seele

1248 3269 66 28 ihre
1342 3268 98 34 Seele,
1467 3268 63 28 ihre
1558 3267 99 33 Seele,
1686 3266 46 28 ich
1759 3265 149 28 verachte
1936 3265 53 31 sie,
2018 3263 62 28 ihre

1172 3320 99 34 Seele,
1297 3319 46 28 ich
1367 3319 137 29 bedaure
1530 3319 53 33 sie,
1610 3317 47 28 ich
1682 3317 62 28 will
1768 3316 82 28 nicht
1873 3314 88 29 mehr
1986 3314 94 28 daran

1173 3371 129 28 denken.
1341 3369 77 29 Was
1439 3370 55 27 soll
1518 3368 46 29 ich
1585 3370 54 27 mit
1660 3368 80 28 ihrer
1761 3366 114 29 Seele?
1918 3364 85 30 Wißt
2024 3363 55 31 Ihr.

1172 3430 69 20 was
1263 3422 54 28 das
1341 3422 47 31 ist,
1412 3421 62 28 ihre
1498 3418 113 30 Seele?
1653 3418 47 29 Ihr
1723 3418 74 28 Leib
1822 3419 38 28 ist
1884 3425 43 25 es,
1952 3416 58 28 den
2034 3415 47 28 ich

1172 3472 77 35 will;
1277 3472 84 28 ihren
1389 3471 95 33 Blick,
1510 3470 45 28 ihr
1580 3470 113 33 Leben,
1720 3469 85 32 kurz,
1833 3468 60 29 sie!
1937 3466 69 29 Und
2033 3465 48 28 Ihr

1172 3523 75 28 habt
1267 3524 57 26 mir
1346 3522 97 29 nichts
1465 3530 63 20 von
1551 3521 38 28 all
1611 3521 70 28 dem
1701 3518 267 34 zurückgegeben.

1248 3573 93 29 Diese
1366 3572 119 29 Frauen
1511 3571 100 29 haben
1637 3570 78 29 mich
1742 3569 177 34 getäuscht;
1946 3571 61 30 gut,
2036 3568 45 28 ich

1174 3624 79 29 habe
1272 3625 44 28 sie
1333 3623 161 28 verflucht.

1251 3674 109 29 Dieser
1383 3673 93 29 Fluch
1502 3675 37 27 ist
1564 3673 50 28 auf
1637 3672 79 28 mich
1741 3670 258 34 zurückgefallen,
2025 3669 57 28 den

1175 3725 151 29 törichten
1346 3724 216 33 Philosophen,
1585 3724 52 28 der
1658 3723 80 28 nicht
1763 3723 47 27 ein
1832 3721 91 28 Wort
1942 3719 139 34 begreift,

1176 3776 79 28 ohne
1281 3784 33 20 es
1339 3784 38 20 zu
1402 3775 248 33 buchstabieren,
1676 3782 38 20 an
1738 3773 89 28 keine
1853 3771 89 29 Seele
1969 3771 112 33 glaubt,

1176 3826 79 29 ohne
1274 3827 43 28 sie
1336 3834 36 20 zu
1391 3825 100 28 fühlen
1512 3825 59 28 und
1590 3825 109 28 keinen
1717 3823 75 29 Gott
1810 3822 141 33 fürchtet,
1971 3822 112 28 dessen

1176 3876 151 34 Schlägen
1352 3884 32 20 er
1407 3876 98 33 gleich
1529 3876 69 28 dem
1622 3874 203 29 Prometheus
1851 3874 55 28 des
1929 3866 156 38 Aschylos

1178 3928 47 28 die
1247 3927 81 29 Stirn
1351 3927 95 28 bietet
1468 3926 60 29 und
1550 3926 58 28 den
1631 3934 33 20 er
1687 3933 36 20 zu
1745 3923 70 29 sehr
1838 3922 172 34 verachtet,
2034 3930 50 20 um

1177 3977 48 29 ihn
1246 3986 37 19 zu
1302 3977 125 28 lästern.

1609 4076 38 27 IV

1256 4126 53 29 Oft
1338 4128 86 31 sagte
1453 4126 47 28 ich
1530 4126 66 32 mir,
1625 4133 91 20 wenn
1746 4124 47 28 ich
1822 4124 49 27 die
1902 4123 103 28 Sonne
2038 4130 32 20 er-

1179 4176 128 29 blickte:
1331 4175 147 34 „Warum
1500 4174 176 29 bescheinst
1700 4174 40 27 du
1763 4173 88 30 jeden
1872 4172 68 32 Tag
1965 4179 34 20 so
2022 4170 63 28 viel

2165 64 145 32 Jammer,
2337 62 97 30 ziehst
2459 71 34 21 so
2520 63 59 27 viel
2605 62 188 29 Schmerzen
2819 70 56 21 ans
2899 61 87 31 Licht
3011 63 59 27 und

2165 113 67 29 hast
2257 121 35 21 so
2318 114 60 28 viel
2403 111 146 31 törichtes
2573 112 94 29 Elend
2692 113 41 28 im

2241 163 52 28 Oft
2313 167 88 29 sagte
2420 163 47 28 ich
2485 172 36 19 zu
2540 163 56 28 mir
2615 163 106 32 selbst,
2740 170 92 21 wenn
2852 161 47 29 ich
2918 162 81 28 mich
3019 163 34 28 be-

2165 214 134 29 trachte:
2321 213 118 34 „Wozu
2460 213 60 29 bist
2542 214 38 27 du
2603 212 59 29 da?
2705 212 128 29 Warum
2854 212 159 29 trocknest
3033 212 38 28 du

2165 266 90 33 nicht,
2277 265 37 27 da
2335 264 38 28 du
2394 265 120 32 weinst,
2537 265 87 27 deine
2644 262 123 29 Tränen
2788 263 95 28 durch
2904 263 86 27 einen
3010 264 47 26 ein-

2165 317 97 32 zigen,
2285 314 120 29 sichern
2428 315 60 27 und
2513 314 197 28 unfehlbaren
2732 313 111 32 Schuß,
2867 313 110 28 dessen
3001 320 54 21 ver-

2165 365 222 33 hängnisvolle
2415 363 113 34 Folgen
2555 363 81 30 nicht
2664 364 108 28 einmal
2799 363 74 29 Gott
2900 363 172 28 abwenden

2241 466 53 29 Oft
2316 468 89 31 sagte
2427 466 46 27 ich
2499 466 64 33 mir,
2587 473 91 19 wenn
2702 464 45 28 ich
2771 464 37 28 all
2832 464 46 28 die
2904 464 94 28 Leute
3021 464 35 28 be-

2168 516 159 34 trachtete,
2379 516 47 29 die
2459 515 87 34 eilen,
2597 516 100 27 einem
2727 514 118 28 Namen
2896 513 178 35 nachjagen,

2166 568 100 28 einem
2295 567 92 33 Tron,
2417 569 99 26 einem
2544 565 224 35 Tugendideal;
2798 584 37 2 —
2864 565 75 28 alles
2967 564 106 33 Dinge,

2168 618 46 27 die
2241 617 85 28 mehr
2352 618 75 27 oder
2453 618 139 32 weniger
2620 616 68 28 hohl
2716 617 59 27 und
2802 616 115 29 sinnlos
2946 616 66 27 sind
3038 634 35 2 —

2166 676 91 21 wenn
2279 668 47 28 ich
2350 668 104 28 diesen
2477 668 117 28 Wirbel
2617 667 64 33 sah,
2704 668 83 27 diese
2809 666 149 33 glühende
2981 666 94 31 Lava,

2168 719 101 29 dieses
2295 719 126 27 unreine
2447 718 104 30 Chaos
2578 727 62 19 von
2667 716 129 34 Freude,
2824 716 118 34 Laster,
2966 716 109 32 Taten,

2167 769 159 34 Gefühlen,
2351 768 81 29 Stoff
2459 769 59 28 und
2542 768 273 29 Leidenschaften:
2841 767 130 34 „Wohin
2997 766 79 29 zieht

2168 820 74 29 alles
2267 819 88 29 dies?
2399 818 131 29 Worauf
2571 820 79 27 wird
2695 819 101 28 dieser
2840 817 236 29 übelriechende

2168 870 96 29 Staub
2291 868 223 31 niederfallen?
2561 869 68 29 Und
2656 871 36 26 da
2721 869 47 28 ihn
2797 871 78 27 stets
2903 869 55 28 der
2984 868 92 28 Wind

2168 923 154 31 tortträgt,
2350 922 27 26 in
2405 921 54 28 das
2487 920 83 28 Grab
2597 929 62 19 von
2688 920 151 28 welchem
2865 918 105 29 Nichts
2997 918 79 28 wird

2168 981 32 19 er
2224 972 48 28 ihn

2245 1022 108 29 Oefter
2382 1023 77 27 noch
2486 1025 88 30 sagte
2603 1022 46 28 ich
2677 1022 56 27 mir
2761 1021 81 28 beim
2866 1019 130 30 Anblick
3024 1020 54 28 der

2169 1073 136 34 Wälder,
2326 1074 53 28 der
2396 1073 61 28 viel
2474 1073 203 33 gepriesenen
2697 1071 105 35 Natur,
2823 1072 100 28 dieser
2944 1071 134 28 schönen

2169 1124 113 34 Sonne,
2304 1125 47 28 die
2370 1124 89 31 jeden
2479 1124 109 27 Abend
2607 1122 172 34 untergeht,
2801 1122 63 29 sich
2886 1122 89 31 jeden
2994 1120 64 30 Mor-

2169 1184 58 25 gen
2249 1175 81 31 hebt,
2354 1176 45 27 die
2421 1183 37 19 an
2480 1175 99 28 einem
2602 1173 234 29 tränenreichen
2858 1172 84 34 Tage
2964 1172 115 33 gerade

2170 1234 35 20 so
2229 1226 103 33 glänzt
2354 1227 60 27 wie
2437 1234 37 20 an
2499 1226 99 27 einem
2620 1224 200 34 glücklichen,
2845 1224 82 28 beim
2950 1223 130 28 Anblick

2171 1278 53 28 der
2252 1277 127 34 Bäume,
2409 1277 55 28 des
2492 1275 134 34 Meeres,
2657 1275 54 29 des
2740 1284 63 19 von
2833 1274 132 29 Sternen
2995 1273 68 33 glän-

2170 1328 118 28 zenden
2308 1327 164 35 Himmels;
2492 1328 60 27 wie
2571 1327 44 28 oft
2635 1327 79 28 habe
2735 1325 47 29 ich
2802 1327 57 26 mir
2881 1325 39 28 da
2941 1326 27 27 in
2989 1325 75 28 bitte-

2171 1387 48 20 rer
2236 1378 226 33 Verzweiflung
2480 1379 125 32 gesagt:
2626 1376 120 36 „Wozu
2765 1378 37 27 ist
2822 1376 74 29 alles
2914 1376 65 28 dies

2606 1480 26 28 V

2246 1532 53 29 Ein
2328 1532 148 28 Gedanke
2505 1532 38 28 ist
2571 1532 56 28 mir
2652 1531 195 33 gekommen,
2876 1530 59 28 und
2963 1530 54 29 das
3043 1530 38 27 ist

2172 1584 53 28 der
2245 1585 118 31 einzige
2385 1581 242 36 Gewissensbiß,
2647 1582 53 29 der
2721 1581 79 29 mich
2822 1583 26 29 je
2870 1580 123 34 gequält
3012 1579 68 35 hat;

2172 1635 78 28 denn
2276 1635 46 28 ich
2349 1634 79 29 habe
2455 1635 46 27 nie
2528 1633 268 29 Gewissensbisse
2821 1632 123 33 gehabt,
2970 1631 38 29 da
3034 1631 47 28 ich

2171 1685 119 34 glaube,
2308 1684 57 29 daß
2386 1685 46 28 die
2452 1684 168 29 Menschen
2640 1684 107 28 weder
2766 1685 53 32 gut
2838 1682 77 29 noch
2936 1680 146 35 schlecht,

2171 1737 106 29 weder
2297 1736 138 33 schuldig
2453 1735 77 29 noch
2551 1735 181 33 unschuldig
2750 1734 81 35 sind;
2852 1733 46 29 ich
2916 1732 89 34 weiß,
3024 1731 57 29 daß

2172 1787 47 29 ich
2248 1788 82 28 nicht
2360 1795 54 21 aus
2445 1788 132 27 meinem
2606 1785 122 34 Willen,
2760 1785 134 29 sondern
2925 1793 56 20 aus
3013 1783 72 29 dem.

2171 1839 92 28 Trieb
2290 1839 113 28 heraus
2431 1838 119 34 handle,
2596 1846 57 19 aus
2680 1838 83 27 einer
2791 1836 202 33 allgemeinen
3021 1833 41 30 Ge-

2171 1891 84 30 walt,
2277 1891 98 27 einem
2396 1889 201 33 Verhängnis,
2620 1889 54 29 das
2693 1887 123 29 stärker
2837 1888 39 28 ist
2895 1886 46 29 als
2962 1886 62 28 ich!
3046 1903 36 3 —

2172 1941 49 28 Ich
2248 1941 107 28 werde
2382 1941 47 27 nie
2455 1940 76 29 über
2559 1940 46 28 die
2632 1938 216 29 Dummheiten
2874 1939 134 31 trauern,
3035 1936 48 28 die

2171 1993 79 27 mein
2274 1991 94 29 Feind
2391 1990 139 34 begehen
2553 1990 123 28 könnte.
2699 2007 38 3 —
2760 1988 49 28 Ich
2832 1988 82 28 finde
2937 1987 77 34 also,
3035 1987 48 28 ich

2170 2042 84 28 hätte
2275 2042 88 28 leben
2383 2043 135 28 müssen,
2536 2041 60 27 wie
2615 2040 47 27 ich
2681 2040 113 32 sterbe,
2813 2038 68 27 froh
2901 2038 60 27 und
2981 2037 100 33 ruhig;

2172 2094 115 26 anstatt
2314 2100 37 19 zu
2378 2092 121 27 weinen
2527 2091 60 27 und
2615 2089 75 29 Gott
2716 2097 37 20 zu
2779 2086 190 34 verfluchen,
2996 2086 86 28 hätte

2172 2143 45 28 ich
2244 2143 75 28 über
2346 2142 48 29 ihn
2421 2141 105 28 lachen
2553 2141 59 28 und
2639 2140 60 28 ihm
2722 2139 97 28 Trotz
2843 2138 101 28 bieten
2968 2136 113 35 sollen;

2170 2193 47 30 ich
2243 2193 85 29 hätte
2356 2194 99 27 meine
2483 2192 123 28 Tränen
2636 2192 26 27 in
2689 2190 123 29 Lachen
2840 2188 164 33 ersticken,
3033 2187 48 29 die

2169 2244 213 29 Wirklichkeit
2413 2251 171 25 vergessen
2617 2242 106 33 sollen,
2754 2241 61 28 und
2846 2240 37 28 da
2913 2239 47 28 ich
2990 2238 89 29 keiae

2169 2296 93 29 Liebe
2283 2296 102 28 finden
2404 2294 124 33 konnte,
2549 2293 84 29 hätte
2655 2293 45 27 ich
2722 2291 79 29 mich
2822 2300 38 20 an
2881 2291 47 28 die
2947 2289 134 29 Wollust

2166 2347 103 29 halten
2288 2347 106 28 sollen.

2250 2425 78 25 Diese
2347 2423 186 26 unvollendete
2552 2422 147 32 Erzählung
2718 2421 102 26 schrieb
2840 2421 121 25 Flaubert
2981 2420 99 25 Januar

2168 2470 61 23 1837
2254 2470 34 22 im
2313 2467 73 25 Alter
2408 2474 52 18 von
2485 2465 123 25 fünfzehn
2631 2464 107 25 Jahren.
2780 2463 172 25 Autorisierte
2981 2461 83 25 Ueber-

2164 2512 110 30 setzung
2293 2517 53 17 von
2365 2509 30 25 E.
2410 2508 40 26 W.
2466 2507 144 26 FISCHER

2249 2550 196 26 Nachdruck
2465 2550 155 24 verboten

2168 2863 116 62 Die
2338 2861 326 63 Perseïden
2716 2861 123 61 und
2888 2860 99 60 die

2170 2947 310 62 Leoniden

2164 3065 73 29 Eine
2264 3065 287 29 kulturhistorische
2575 3064 176 28 Novellette
2777 3072 61 19 von

2164 3117 77 28 Paul
2262 3117 189 28 Scheerbart

2239 3209 42 29 Es
2301 3209 67 28 sind
2387 3217 61 20 nun
2469 3208 144 29 dreizehn
2631 3207 92 29 Jahre
2740 3206 63 28 her.

2240 3260 32 28 In
2293 3259 80 30 Genf
2390 3268 84 22 wars
2493 3277 37 4 —
2549 3260 40 27 im
2606 3258 69 29 Juni
2696 3257 55 29 des
2772 3256 112 30 Jahres
2906 3256 78 28 1898.

2237 3310 79 29 Dort
2328 3310 83 29 hatte
2427 3308 233 30 Mademoiselle
2676 3307 158 29 Dorothee
2850 3307 150 34 Klumpke
3015 3306 58 29 den

2166 3363 208 29 Astronomen
2415 3360 121 34 Caspar
2576 3368 75 20 vom
2671 3359 125 29 Pariser
2816 3357 260 30 Observatorium

2166 3413 120 30 kennen
2309 3413 128 33 gelernt.
2478 3411 51 28 Sie
2553 3410 94 29 saßen
2670 3411 84 28 eines
2775 3410 126 29 Abends
2924 3410 40 27 im
2984 3408 92 28 Hotel

2166 3464 37 29 de
2220 3463 28 29 la
2267 3463 78 29 Paix
2361 3462 178 35 gegenüber
2558 3462 70 28 dem
2645 3460 182 30 Montblanc
2846 3460 60 28 und
2924 3458 151 34 sprachen

2163 3523 62 20 von
2253 3513 321 30 wissenschaftlichen
2603 3511 240 29 Ballonfahrten.

2238 3564 75 36 „Die
2612 3565 87 31 sagte
2721 3561 110 29 Mister
2853 3560 129 34 Caspar,
3004 3559 69 35 „hat

2162 3616 64 29 sich
2245 3615 78 29 noch
2339 3615 89 33 lange
2446 3615 82 28 nicht
2547 3622 58 25 eng
2621 3621 101 26 genug
2739 3613 54 28 mit
2812 3612 69 29 dem
2897 3610 174 29 Luftballon

2166 3667 190 28 verbunden.
2393 3665 51 29 Sie
2462 3665 98 28 ahnen
2579 3665 27 31 ja
2624 3664 151 34 garnicht,
2790 3662 144 29 Mistress
2952 3661 102 32 Klump-

2164 3717 46 34 ke,
2239 3716 119 29 welche
2387 3716 96 33 große
2511 3715 87 29 Serie
2627 3723 63 20 von
2718 3714 186 28 Problemen
2934 3713 53 28 mit
3016 3711 58 29 den

2164 3768 126 29 Ballons
2316 3767 78 29 noch
2422 3775 36 20 zu
2485 3768 85 26 lösen
2598 3768 95 26 wäre.
2740 3764 63 28 Der
2828 3764 168 28 Astronom
3022 3761 52 29 hat

2164 3819 57 28 alle
2238 3818 239 33 Veranlassung,
2498 3817 63 29 sich
2580 3815 150 30 zunächst
2749 3817 54 27 mit
2820 3815 57 28 den
2897 3813 119 33 Dingen
3036 3820 37 20 zu

2165 3869 154 33 befassen,
2335 3869 47 28 die
2400 3870 26 27 in
2446 3876 127 21 unserer
2589 3865 207 34 Atmosphäre
2815 3865 75 28 sind.
2906 3864 50 29 Ich
2974 3864 100 27 meine

2165 3919 89 31 nicht,
2280 3919 57 29 daß
2362 3928 32 19 er
2419 3927 54 20 nur
2497 3916 280 34 meteorologische
2802 3914 126 30 Studien
2955 3914 117 28 treiben

2165 3971 65 28 soll.
2270 3970 82 28 Aber
2375 3988 37 3 —
2434 3968 93 30 sehen
2551 3967 51 29 Sie
2622 3986 38 3 —
2682 3967 64 29 hier
2767 3967 26 27 in
2818 3973 128 21 unserer
2967 3964 84 28 Atmo-

2165 4020 111 34 sphäre
2302 4020 64 33 gibt
2391 4028 33 20 es
2446 4018 157 29 Millionen
2628 4017 108 35 Dinge,
2763 4018 47 27 die
2834 4016 58 27 wir
2916 4013 78 30 noch
3019 4021 54 25 gar

2165 4071 81 29 nicht
2269 4071 94 27 näher
2382 4070 121 28 kennen
2526 4069 119 33 gelernt
2663 4068 100 28 haben
2784 4085 35 3 —
2843 4066 60 29 und
2925 4065 47 29 die
2996 4063 79 29 doch

2165 4120 267 34 augenscheinlich
2455 4127 55 25 gar
2535 4118 82 28 nicht
2640 4126 37 19 zu
2701 4125 128 20 unserer
2850 4115 118 33 großen
2994 4112 79 29 Erde
