3228 4310
150 4230 60 27 726

267 71 172 34 Herwarth,
457 79 50 19 wo
526 70 65 28 Dus
609 77 59 21 nun
687 69 59 27 mal
769 67 100 34 weißt,
889 68 46 28 ich
954 67 50 28 bin
1020 66 72 28 heut

194 131 53 20 zur
277 121 226 33 Ruth-Elfriede
532 122 129 31 gerannt
689 137 38 3 —
754 119 62 28 wie
847 119 46 27 ein
923 117 167 28 Primaner.

192 173 89 29 Einer
468 171 103 28 wollte
597 170 46 29 ich
669 170 79 28 mein
775 169 81 28 Herz
882 167 208 29 ausschütten.

191 224 83 29 Aber
298 225 43 27 sie
365 222 104 34 glaubt
493 223 55 27 mir
571 220 80 29 nicht
674 219 95 34 mehr,
793 221 62 26 erst
879 226 90 20 wenn
992 217 46 28 ich
1063 218 27 27 in

191 275 67 28 vier
281 273 138 29 Wochen
445 281 37 20 zu
508 272 44 28 ihr
577 270 90 30 käme
693 271 53 27 mit
772 270 69 28 dem
865 267 137 34 gleichen
1029 267 41 28 Ge-

191 324 60 29 fühl
274 324 46 28 für
481 321 88 29 Merk
594 321 52 29 Dir
670 321 59 27 und
754 319 154 32 Kurtchen
931 318 75 29 bitte
1032 317 58 28 den

188 374 75 34 Tag,
289 383 32 20 es
345 381 66 21 war
435 374 133 32 gestern,
592 372 56 28 den
672 369 210 30 neunzehnten
906 367 182 29 Dezember.

190 424 49 29 Ich
257 425 48 28 bin
324 425 29 30 ja
370 423 59 29 fest
446 423 176 33 überzeugt,
642 420 55 29 daß
714 421 79 27 mein
811 419 82 29 Herz
910 418 80 28 mich
1008 416 81 30 nicht

187 475 134 33 betrügt,
338 474 46 28 ich
405 473 79 28 kann
504 474 40 27 im
564 472 124 28 Grunde
707 471 99 28 bauen
826 469 50 29 auf
896 470 79 27 mein
997 468 90 33 Herz,

188 526 82 33 aber,
288 532 90 20 wenn
394 524 79 28 mich
491 524 54 28 das
563 522 63 28 hier
642 523 39 27 im
698 520 83 30 Stich
797 520 70 34 läßt,
886 523 77 25 dann
980 518 108 29 werde

186 575 48 29 ich
254 573 225 30 oberflächlich.

261 675 49 29 Ich
336 675 78 28 habe
442 681 37 22 an
505 674 122 28 Tristan
653 672 214 34 geschrieben:
896 670 98 29 Süßer
1020 668 50 29 Tri-

184 729 79 32 stan,
284 725 106 30 nachts
410 724 208 29 versammeln
637 722 64 30 sich
722 722 56 29 alle
798 722 100 28 meine
915 719 171 30 Vorfahren

183 778 30 27 in
240 777 131 28 meinem
397 775 73 34 Zelt,
497 775 116 31 Kalifen
642 774 59 28 und
730 771 180 30 Derwische
939 771 60 29 und
1025 769 40 30 Pa-

183 827 92 29 schas
294 828 27 27 in
337 825 100 30 hohen
455 825 172 29 Turbanen.
665 823 69 29 Und
751 823 77 28 auch
846 823 46 28 ein
910 821 174 34 Häuptling,

184 878 54 28 der
256 878 56 27 mir
331 877 53 28 das
402 876 124 29 Tanzen
545 874 177 30 beibrachte
740 874 75 28 über
835 874 46 28 die
900 872 110 29 Leiber
1031 872 53 28 der

180 928 222 33 Ungläubigen,
426 926 88 30 droht
538 927 56 27 mir
618 933 58 21 nun
700 926 54 27 mit
776 923 103 29 Allahs
904 922 89 30 Zorn.
1018 921 49 29 Tri-

181 980 79 33 stan,
281 978 38 28 du
334 978 63 30 bist
417 978 46 28 ein
484 976 215 33 Ungläubiger.
739 975 83 29 Aber
842 974 47 29 ich
907 973 78 30 liebe
1008 971 75 35 dich,

176 1029 134 34 Tristan,
328 1028 59 28 und
399 1029 54 27 mit
470 1028 70 28 dem
552 1026 97 29 Golde
663 1026 103 28 deiner
777 1024 124 29 Locken
914 1023 110 30 blende
1037 1022 46 29 ich

180 1080 56 30 das
255 1079 85 33 Auge
361 1079 53 28 des
435 1078 150 29 Gesetzes
604 1078 39 27 im
663 1076 112 33 Koran.
815 1075 68 28 Und
902 1076 100 27 meine
1022 1074 40 28 Pa-

179 1130 78 29 läste
280 1130 59 28 und
363 1130 98 27 meine
486 1127 289 30 Dromedarherden
800 1125 135 31 schenke
958 1124 46 30 ich
1028 1124 53 34 dir,

180 1181 47 29 die
253 1180 127 29 werden
407 1188 58 20 vor
491 1179 44 28 dir
560 1177 206 33 niederknien,
793 1177 115 33 zottige
935 1175 146 34 Sklaven,

176 1239 91 21 wenn
298 1230 36 29 du
362 1231 44 28 sie
434 1230 158 32 besteigen
620 1229 103 28 willst.
770 1227 69 29 Und
867 1227 47 28 die
942 1225 139 30 Schnüre

176 1283 116 27 meiner
313 1281 121 35 wilden,
458 1280 109 29 blauen
590 1279 110 28 Perlen
724 1277 88 30 sollst
835 1277 38 29 du
898 1285 49 20 um
973 1277 107 28 deinen

176 1331 125 30 Nacken
331 1333 108 31 tragen
469 1331 60 28 und
559 1331 120 28 meinen
710 1328 79 34 Ring
818 1330 92 26 nimm
941 1328 54 28 mit
1026 1326 53 29 der

176 1382 238 33 Sinthflutperle.
463 1380 68 30 Und
560 1380 47 29 ich
637 1379 134 30 schenke
803 1380 44 28 dir
877 1379 80 27 mein
987 1377 90 34 Herz,

178 1434 55 28 das
260 1432 111 30 kannst
401 1432 47 28 Du
479 1433 28 27 in
539 1432 46 28 die
615 1430 89 30 Hand
735 1430 129 29 nehmen
895 1429 61 29 und
986 1428 92 29 damit

175 1483 140 34 gaukeln.
355 1483 30 29 In
408 1483 59 28 ihm
488 1482 128 34 spiegelt
638 1481 64 29 sich
726 1481 53 29 der
801 1479 177 30 brennende
999 1478 60 29 Dor-

174 1535 185 28 nenstrauch
383 1534 54 30 des
456 1533 130 33 heiligen
608 1531 118 34 Berges
748 1531 60 29 und
831 1531 46 28 die
896 1529 101 30 Nacht
1017 1530 60 28 und

173 1585 64 28 ihre
266 1584 195 34 unsäglichen
490 1583 119 30 Sterne.
656 1582 50 29 Ich
733 1582 77 29 liebe
841 1581 76 34 dich,
945 1580 132 29 Tristan.

714 1632 78 30 Tino
815 1641 62 20 von
900 1631 129 34 Bagdad

247 1737 109 29 Lieber
372 1735 165 31 Herwarth
557 1737 60 28 und
634 1735 94 29 liebes
747 1733 163 35 Kurtchen,
932 1733 57 30 daß
1009 1734 68 27 eine

171 1787 95 33 Karte
282 1787 131 30 ironisch
431 1787 116 28 lächeln
565 1786 90 34 kann,
672 1785 52 30 hat
740 1787 56 27 mir
811 1785 80 29 Eure
906 1784 170 34 bewiesen,

171 1838 78 29 auch
274 1839 66 28 eine
364 1839 135 32 gewisse
522 1837 214 30 zuschauende
760 1834 220 31 Väterlichkeit
1004 1833 72 35 geht

170 1897 64 21 von
264 1889 56 29 den
348 1888 209 34 abgeklärten,
585 1886 312 35 temperamentlosen
924 1885 133 29 Buchsta-

171 1940 59 28 ben
258 1947 64 26 aus,
347 1939 98 29 lauter
471 1938 232 30 Greisenhaare.
749 1937 47 29 Ihr
822 1937 73 29 habt
921 1938 46 28 sie
992 1935 83 30 wohl

168 1998 180 21 zusammen
373 1989 205 34 angefertigt?
620 1988 233 34 Abgeklärtheit
876 1987 70 29 muß
969 1987 88 29 kolos-

169 2041 45 30 sal
243 2040 122 29 schwer
394 2041 74 33 sein,
515 2041 56 28 mir
598 2041 199 32 wenigstens.
844 2038 77 30 Dein
969 2038 83 28 Hand-

170 2091 196 35 schriftsbild,
388 2091 174 35 Herwarth,
582 2092 41 27 ist
646 2090 78 29 doch
744 2092 87 28 sonst
852 2090 47 28 ein
919 2088 133 35 Sympho-

169 2142 179 29 niekonzert
394 2142 75 28 öder
498 2143 65 27 eine
590 2141 194 29 Pantomime
832 2140 59 29 und
918 2139 155 33 Kurtchen

168 2194 185 32 präsentiert
391 2194 64 27 sein
496 2191 233 35 Selbstporträt,
768 2191 85 32 jeder
891 2189 183 31 Haarstrich

168 2245 103 28 seiner
294 2243 101 29 Zeilen
437 2245 38 27 ist
501 2252 41 20 er.
585 2243 64 28 Vor
693 2241 78 30 allen
795 2241 119 35 Dingen
957 2243 39 28 ist
1040 2249 33 21 es

170 2295 66 28 eine
258 2293 161 30 Frechheit
442 2302 62 21 von
525 2293 83 30 Euch
632 2293 119 35 beiden,
774 2292 83 29 Euch
880 2301 34 21 so
939 2292 133 29 erhaben

167 2345 78 28 über
265 2346 78 27 mein
366 2344 186 30 Geständnis
574 2353 37 20 zu
630 2344 179 29 benehmen.

953 2393 70 29 Else

165 2665 221 62 Lothar
432 2666 123 61 und
602 2666 267 62 Gertrud

157 2787 124 41 von
335 2768 325 62 Kunowski

242 2901 31 28 In
322 2902 117 33 einigen
486 2902 127 29 Bänden
663 2904 99 28 seines
792 2902 114 34 großen
936 2902 134 30 Werkes

160 2951 125 34 ~Durch
330 2952 96 32 Kunst
470 2961 68 20 zum
714 2954 165 33 begleitete
906 2954 162 28 Lothar

265 3002 234 32 Kunowski
521 3004 94 28 schon
636 3004 156 29 mehrfach
814 3006 53 27 mit
888 3005 68 28 dem
977 3004 91 29 Wort

163 3054 105 27 seinen
300 3053 274 35 Kunstunterrieht,
606 3055 73 28 über
712 3055 110 28 dessen
853 3055 120 33 Anfang
1005 3055 60 28 und

161 3102 215 36 •Fortführung,
425 3104 196 35 Grundlagen
653 3106 59 28 und
745 3105 134 30 Gesetze
909 3107 74 30 jetzt
1016 3108 47 27 ein

159 3153 115 33 großes
303 3154 84 28 Buch
417 3156 53 28 mit
500 3156 101 28 vielen
630 3156 212 33 Abbildungen
872 3159 90 27 unter
995 3157 69 29 dem

161 3203 78 30 Titel
270 3204 181 34 „Unsere
499 3206 288 32 Kunstschule
837 3216 62 20 von
948 3208 115 29 Lothar

158 3255 63 28 und
243 3255 133 30 Gertrud
399 3265 61 20 von
483 3257 168 32 Kunowski
656 3259 5 9 1
666 3258 6 10 '
695 3255 125 37 (Verlag
840 3259 46 28 für
909 3258 136 29 National-

161 3303 229 36 stenographie)
411 3308 140 33 vorliegt.
574 3307 73 30 Man
670 3309 94 30 findet
787 3309 63 29 hier
874 3309 57 29 den
955 3309 94 30 klassi-

162 3356 92 28 schen
271 3356 62 29 Fall
353 3357 52 29 der
421 3357 79 29 Frau
515 3358 45 29 als
577 3358 148 34 Trägerin
745 3360 53 28 der
816 3360 70 29 Idee
903 3360 54 29 des
975 3360 66 29 Man-

157 3414 68 21 nes.
262 3407 118 35 Dieser,
401 3417 55 21 aus
477 3409 54 29 der
550 3409 171 34 Erfahrung
742 3412 54 27 mit
818 3411 52 29 der
891 3410 103 30 Griffel
1016 3419 31 21 er-

158 3459 135 26 tasteten
316 3458 85 29 Idee:
426 3468 33 20 es
481 3459 121 30 besteht
627 3461 65 28 eine
717 3461 209 33 rhythmische
951 3462 93 32 Korre-

156 3508 162 31 spondenz
335 3509 154 29 zwischen
508 3510 56 29 den
581 3509 127 35 Dingen.
744 3511 54 29 Ein
817 3511 175 34 Rhythmus
1009 3513 53 28 der

161 3556 90 31 Maße
274 3560 59 27 und
359 3560 52 28 der
435 3559 171 34 Helligkeit.
648 3562 81 29 Alles
752 3563 38 28 ist
815 3563 39 27 im
878 3563 182 28 Verhältnis.

159 3607 75 31 Dies
262 3609 50 28 auf
341 3610 46 28 die
415 3610 189 35 Entstehung
632 3612 54 30 des
714 3612 104 31 Bildes
846 3615 214 32 transponiert,

157 3659 101 32 ergibt
285 3659 81 29 beim
392 3660 150 30 Zeichnen
567 3663 59 27 das
653 3662 183 30 Verfahren:
864 3664 117 32 Kontur
1009 3673 35 20 an-

157 3710 166 32 zeigender
339 3710 282 38 Formstrich,
638 3713 155 29 Halten
813 3715 54 29 des
881 3715 104 33 Auges
1003 3715 59 28 und

162 3760 52 28 der
229 3759 98 35 Hand,
342 3769 62 21 von
421 3762 37 28 da
476 3762 203 29 Visieren
696 3765 59 28 und
773 3764 163 29 Erreichen
954 3765 90 29 korre-

158 3810 241 32 spondierender
421 3812 119 30 Punkte
561 3815 54 27 mit
637 3814 230 33 rhythmischen
890 3815 171 34 Sprüngen.

161 3859 107 29 Gewiß
289 3862 79 27 wird
388 3870 173 27 gemessen,
583 3864 74 28 aber
679 3865 81 29 nicht
782 3866 205 29 schematisch
1008 3868 53 26 mit

161 3910 69 27 dem
251 3910 103 30 Lineal
377 3921 61 20 von
460 3913 101 30 Punkt
582 3923 36 20 zu
641 3914 110 36 Punkt,
773 3916 165 29 räumliche
959 3917 85 32 Kraft-

159 3960 200 30 linienbündel
381 3963 53 28 der
455 3963 91 29 Form
568 3965 249 36 zerschneidend,
837 3967 133 28 sondern
994 3969 48 27 tän-

157 4010 121 28 zerisch
300 4012 38 27 im
361 4012 171 33 Rhythmus
558 4015 56 28 den
638 4014 97 33 Raum
759 4017 216 29 abschreitend
997 4026 65 20 von

157 4060 157 31 optischer
329 4063 194 29 Assoziation
540 4073 37 20 zu
595 4065 204 30 Assoziation.
836 4067 64 29 Das
916 4068 86 29 Licht
1021 4069 38 29 ist

369 4120 37 20 zu
425 4113 56 28 den
496 4114 319 34 korrspondierenden
831 4117 150 36 Punkten,
996 4120 63 27 'und

173 4157 50 28 •die
239 4158 195 35 Fingerzeige
451 4164 54 27 des
520 4164 103 30 Lichts
639 4174 61 19 von
717 4165 100 30 Punkt
832 4175 36 20 zu
882 4167 111 34 Punkt,
1010 4176 61 21 von

1168 65 97 32 Kante
1288 73 36 20 zu
1347 65 97 31 Kante
1467 65 106 28 führen
1595 73 37 20 zu
1655 65 57 28 den
1737 63 258 35 „Brennpunkten
2020 63 52 28 der

1305 116 84 28 darin
1408 116 47 28 die
1471 114 307 29 Oberflächenwerte
1797 114 183 33 eingehängt
1996 112 76 29 sind.

1168 166 55 29 Die
1251 167 67 28 sind
1344 166 78 28 nach
1447 165 92 29 Form
1567 166 60 28 und
1654 164 112 29 Valeur
1794 165 158 28 bestimmt
1979 162 93 30 durch

1167 216 67 33 jene
1259 216 190 29 Visierlinien
1472 216 58 29 des
1554 215 112 34 Lichts,
1692 223 62 20 von
1782 214 97 29 denen
1905 213 90 30 keine
2020 214 35 28 ab-

1168 267 99 29 strakt
1314 268 47 28 ist.
1427 266 169 32 Kunowski
1624 266 52 30 hat
1705 266 47 28 die
1780 265 210 33 Erscheinung
2019 264 52 28 der

1166 317 248 37 „schwebenden
1705 315 170 33 begrifflich
1898 314 173 33 festgelegt.

1166 368 76 29 Jene
1262 369 205 28 interessante
1484 367 219 34 Erscheinung,
1722 365 56 29 daß
1798 366 85 30 jeder
1901 364 100 30 Strich
2021 364 51 29 auf

1167 419 69 28 dem
1259 418 111 33 Papier
1395 418 189 33 Wirkungen
1611 416 186 33 hervorruft,
1824 416 46 28 die
1897 416 74 27 weit
1996 415 75 28 über

1165 471 84 27 seine
1314 470 115 28 lineare
1492 468 209 33 Ausdehnung
1747 465 229 34 hinauswallen,
2022 465 49 28 die

1163 519 205 29 Flächenteile
1418 521 28 26 in
1495 518 243 29 verschiedenen
1770 515 299 34 Helligkeitsgraden

1165 571 179 28 erscheinen
1371 570 112 29 lassen.
1530 565 168 37 (Aehnlich,
1724 568 61 27 wie
1813 575 91 20 wenn
1933 574 69 20 man
2031 566 40 27 im

1164 621 119 29 Dunkel
1312 622 66 27 eine
1406 620 111 29 Fläche
1548 620 53 28 mit
1630 620 98 27 einem
1756 615 313 35 Phosphorhölzchen

1163 668 191 36 bestreicht.)
1391 670 130 30 Meister
1540 671 61 27 wie
1620 668 201 34 Schongauer
1843 667 121 29 stellten
1986 666 83 30 diese

1163 722 139 34 geheime
1324 721 86 33 Kraft
1433 722 28 28 in
1483 721 83 29 ihren
1590 720 117 29 Dienst.
1748 719 59 28 Auf
1829 719 99 28 einem
1949 717 103 33 papier-

1163 773 120 29 weißen
1301 772 131 29 Himmel
1450 771 203 29 vermochten
1672 771 43 29 sie
1736 770 53 28 mit
1808 769 80 28 ihrer
1908 767 79 28 Hilfe
2008 767 61 28 und

1163 827 98 27 einem
1287 823 101 30 Strich
1415 823 57 29 den
1497 822 138 33 Heiligen
1661 822 66 27 eine
1753 820 78 29 noch
1857 818 114 30 hellere
1997 817 54 29 Glo-

1163 876 73 29 riole
1260 884 37 20 zu
1319 875 108 34 geben.
1470 873 67 29 Van
1561 872 87 33 Gogh
1672 872 102 32 bringt
1798 872 66 27 eine
1887 869 104 29 Sonne
2016 869 35 27 da-

1163 926 93 29 durch
1283 926 99 33 fertig,
1411 924 56 29 daß
1497 933 32 20 er
1557 931 62 21 von
1647 924 97 27 einem
1771 921 146 29 Zentrum
1945 918 106 32 Radial-

1161 978 113 28 striche
1297 975 155 34 ausgehen
1474 974 71 35 läßt,
1567 974 60 29 und
1650 982 34 21 so
1704 972 159 29 bekommt
1886 971 47 28 die
1954 969 96 33 Hellig-

1161 1029 61 29 keit
1243 1029 40 27 im
1302 1027 146 29 Zentrum
1469 1027 66 28 eine
1556 1024 139 34 Brisanz,
1717 1022 56 29 daß
1795 1023 47 28 die
1863 1022 107 33 Augen
1991 1020 61 29 flim-

1160 1088 95 20 mern.
1291 1077 188 33 Kunowskis
1495 1076 163 29 Verdienst
1676 1076 38 27 ist
1735 1082 42 26 es,
1798 1074 84 28 diese
1900 1071 167 34 gleichsam

1161 1129 190 30 esoterische
1368 1127 196 34 Eigenschaft
1584 1126 53 28 der
1654 1125 85 29 Linie
1758 1126 27 26 in
1805 1124 57 28 den
1879 1123 77 29 eben
1975 1129 74 25 ange-

1159 1180 120 30 führten
1300 1179 117 34 Begriff
1439 1180 129 32 geprägt
1588 1185 37 20 zu
1646 1176 110 34 haben,
1777 1183 35 21 so
1833 1173 57 30 daß
1914 1173 53 29 der
1987 1171 60 30 Leh-

1159 1241 49 19 rer
1226 1232 93 28 damit
1336 1230 160 33 operieren
1512 1229 91 28 kann.
1641 1227 87 28 Denn
1747 1226 37 29 da
1803 1225 53 28 der
1875 1223 117 34 Begriff
2011 1230 55 21 aus

1159 1283 69 28 dem
1256 1280 245 30 künstlerischen
1530 1278 144 29 Schaffen
1703 1276 182 34 hergeleitet
1913 1276 47 33 ist,
1987 1273 79 29 wird

1158 1333 64 29 sich
1248 1334 46 27 ein
1319 1330 241 30 künstlerisches
1584 1328 142 29 Schauen
1752 1326 91 30 leicht
1868 1325 117 29 wieder
2013 1324 34 28 da-

1157 1392 54 21 ran
1238 1383 142 33 knüpfen.
1425 1381 43 29 So
1494 1379 185 31 entwickeln
1706 1379 46 28 die
1780 1377 205 29 Gerüstlinien
2011 1382 55 21 aus

1158 1435 53 28 der
1229 1432 269 35 Papierhelligkeit
1520 1432 46 28 die
1587 1429 186 30 Oberfläche
1792 1429 53 28 der
1864 1427 128 33 Körper,
2010 1426 56 28 frei

1157 1486 60 28 und
1246 1484 91 30 leicht
1367 1483 135 29 entsteht
1533 1483 44 28 sie
1606 1481 45 29 als
1681 1478 215 31 Widerschein
1926 1486 54 20 aus
2012 1476 52 29 der

1156 1535 156 35 Dynamik
1330 1535 52 28 der
1401 1535 123 28 inneren
1540 1532 101 34 Form,
1658 1531 80 28 wird
1756 1530 82 29 nicht
1857 1530 53 28 mit
1929 1527 135 30 Semmel

1156 1587 61 29 und
1240 1586 195 33 Knetgummi
1459 1585 84 28 einer
1566 1582 125 29 Schicht
1713 1580 97 33 Kohle
1834 1580 76 29 oder
1936 1578 128 33 Graphit

1156 1636 205 35 unorganisch
1380 1635 177 34 eingetupft.

1230 1688 59 29 Auf
1320 1688 83 28 diese
1433 1686 55 30 Art
1516 1693 75 21 vom
1620 1683 128 30 Schüler
1777 1680 287 35 hervorgebrachte

1156 1738 80 30 Akte
1265 1738 129 29 werden
1425 1737 96 29 schon
1551 1735 67 30 früh
1650 1736 28 27 in
1709 1732 270 33 Zusammenhang
2009 1731 55 28 mit

1154 1789 120 34 Dingen
1292 1791 53 27 der
1359 1787 137 30 Umwelt
1511 1786 158 35 gebracht.
1685 1785 144 29 Dadurch
1845 1782 135 30 entsteht
1996 1784 68 29 jene

1153 1841 157 34 Totalität,
1328 1839 47 29 die
1390 1847 64 20 von
1472 1837 120 30 Goethe
1609 1837 46 28 für
1674 1837 54 29 das
1745 1834 192 31 literarische
1951 1833 95 33 Kunst-

1155 1891 89 30 werk
1274 1891 142 32 verlangt
1445 1890 109 28 wurde
1585 1888 61 29 und
1678 1883 386 33 intellektuell-ästhetisch

1156 1944 134 33 gemeint
1321 1950 76 26 war,
1429 1941 49 29 bei
1509 1938 170 34 Kunowski
1711 1947 36 19 zu
1780 1938 83 28 einer
1895 1935 168 30 bildhaften

1154 1993 150 29 Totalität
1334 1992 88 34 wird,
1456 1992 47 28 die
1533 1991 65 28 hier
1627 1989 220 30 bedeutsamer
1878 1988 47 32 ist,
1958 1985 46 31 als
2034 1987 28 27 in

1156 2045 57 28 den
1260 2043 152 29 Bezirken
1442 2043 55 28 des
1526 2039 207 36 psychischen
1761 2039 132 28 Lebens.
1943 2037 51 29 Sie
2025 2038 39 27 ist

1155 2097 106 31 streng
1281 2104 38 19 an
1340 2095 70 28 dem
1430 2092 175 34 Rhythmus
1625 2092 54 28 des
1697 2090 119 29 Helden
1838 2090 167 32 orientiert,
2025 2088 38 33 ja,

1154 2154 94 25 sogar
1270 2144 79 30 nach
1374 2144 60 29 ihm
1458 2144 193 33 organisiert.
1695 2140 88 29 Denn
1809 2139 167 36 „Schatten
2001 2137 63 29 und

1152 2196 88 30 Licht
1260 2196 67 29 sind
1347 2195 82 29 nicht
1449 2203 55 20 nur
1523 2193 153 33 abhängig
1693 2200 63 20 von
1777 2191 54 28 der
1851 2189 138 33 Stellung
2010 2188 53 29 der

1152 2246 188 34 Lichtquelle
1366 2246 60 28 und
1453 2253 63 21 von
1544 2244 54 29 der
1623 2242 153 34 Richtung
1802 2241 81 29 ihrer
1909 2238 153 34 Strahlen,

1154 2298 134 30 sondern
1314 2306 63 20 von
1404 2297 70 28 dem
1498 2295 106 35 freien,
1631 2293 230 33 selbständigen
1886 2290 177 33 Vermögen

1154 2349 54 29 der
1234 2347 183 35 Geschöpfe,
1443 2355 34 21 so
1502 2355 37 20 zu
1562 2345 157 34 wachsen,
1747 2342 56 30 daß
1829 2351 63 21 von
1918 2341 126 29 konstru-

1154 2400 141 29 ierbaren
1322 2398 148 29 Schatten
1497 2397 60 29 und
1574 2394 217 36 ,Lichtflächen
1817 2393 172 33 überhaupt
2013 2392 51 28 die

1156 2450 85 33 Rede
1263 2451 64 27 sein
1349 2449 90 29 kann.
1480 2447 41 30 Es
1544 2449 38 27 ist
1604 2448 67 28 eine
1693 2446 147 32 Leistung
1865 2445 54 28 der
1943 2443 102 33 Gegen-

1156 2502 109 29 stände
1295 2500 105 34 selbst,
1429 2499 55 29 daß
1513 2507 70 20 man
1611 2507 37 20 an
1678 2497 80 28 ihrer
1788 2494 187 30 Oberfläche
2003 2493 42 28 Ab-

1156 2553 162 32 stufungen
1363 2559 62 20 von
1470 2549 157 34 Schatten,
1671 2547 234 33 Halbschatten,
1949 2544 116 35 Tiefen,

1154 2602 209 29 Lichtflächen
1387 2601 61 30 und
1473 2599 228 30 Glanzlichtern
1722 2600 30 27 in
1777 2596 168 31 deutlicher
1968 2594 98 30 Tren-.

1155 2662 82 26 nung
1253 2654 87 30 sieht.
1375 2653 52 29 Sie
1445 2652 97 30 selbst
1561 2651 137 30 schaffen
1719 2650 52 29 der
1789 2649 104 30 Sonne
1912 2648 46 30 die
1975 2646 67 34 Mög-

1156 2705 130 34 lichkeit,
1312 2704 134 29 Gesetze
1469 2712 62 20 von
1556 2702 148 30 Schatten
1728 2702 61 28 und
1811 2700 87 28 Licht
1921 2699 144 29 ablesbar

1154 2758 28 26 in
1204 2756 126 33 klarem,
1351 2753 247 31 anschaulichem
1620 2752 203 34 Organismus
1848 2749 215 30 darzustellen.

1152 2826 37 2 —
1208 2807 66 28 Von
1295 2808 89 26 innen
1404 2805 55 29 her
1483 2805 93 28 durch
1601 2805 56 28 das
1678 2801 210 35 rhythmische
1909 2801 132 32 Raumge-

1151 2857 61 29 fühl
1232 2858 78 27 wird
1333 2857 53 28 der
1409 2855 204 34 Organismus
1635 2863 62 20 von
1721 2854 148 28 Schatten
1892 2852 59 29 und
1973 2850 88 29 Licht

1150 2916 99 26 genau
1270 2916 34 21 so
1323 2908 157 28 bestimmt
1497 2908 61 27 wie
1577 2914 62 20 von
1657 2904 98 30 außen
1776 2903 94 30 durch
1892 2904 47 28 die
1957 2901 85 29 Licht-

1150 2959 107 33 quelle.
1304 2958 86 28 Denn
1419 2958 85 31 jedes
1533 2956 158 33 Geschöpf
1719 2955 85 29 edler
1832 2954 56 28 Art
1917 2952 142 34 trachtet,

1150 3011 84 28 seine
1261 3008 185 30 Oberfläche
1474 3016 35 21 so
1535 3017 36 19 zu
1596 3007 110 34 bilden,
1734 3005 57 30 daß
1819 3007 44 27 sie
1891 3003 94 30 durch
2012 3003 47 29 die

1147 3060 261 29 Sonnenstrahlen
1431 3059 81 29 nicht
1534 3067 55 20 nur
1611 3057 171 33 überhaupt
1806 3056 146 34 gedeutet
1975 3058 61 25 Wer-

1149 3112 57 28 den
1226 3111 90 34 kann,
1338 3111 134 28 sondern
1493 3109 57 29 daß
1570 3111 45 27 sie
1635 3109 57 28 alle
1712 3107 197 33 Reichtümer
1932 3107 54 28 des
2008 3105 32 29 In-

1147 3171 73 20 nern
1250 3161 126 30 enthüllt
1404 3162 60 27 und
1493 3160 178 29 ausbreitet.
1719 3158 73 29 Eine
1822 3156 148 30 Auswahl
2001 3156 54 28 der

1145 3212 261 30 Sonnenstrahlen
1434 3213 38 27 ist
1497 3210 230 30 unentbehrlich
1752 3217 69 21 zum
1846 3208 120 29 Aufbau
1994 3207 59 28 und

1144 3262 184 31 Wachstum
1352 3262 54 29 der
1430 3261 180 34 Menschen,
1634 3261 101 34 Tiere,
1758 3259 157 34 Pflanzen,
1940 3258 113 29 Steine.

1143 3314 56 28 Die
1217 3313 148 29 Auswahl
1383 3312 159 34 geschieht
1562 3313 94 28 durch
1677 3313 46 27 die
1741 3311 121 28 Farben
1881 3311 53 28 der
1951 3309 80 28 Ober-

1143 3365 108 34 fläche,
1272 3363 119 30 welche
1411 3365 87 28 einen
1518 3363 65 29 Teil
1605 3363 54 29 des
1679 3362 105 29 Lichts
1807 3360 244 34 zurückweisen,

1143 3417 87 27 einen
1246 3415 64 28 Teil
1328 3416 45 28 ins
1390 3414 108 29 Innere
1514 3413 193 30 aufnehmen.
1744 3413 63 29 Aus
1825 3412 57 29 den
1899 3411 152 33 Energien

1143 3466 268 34 selbstgewählter
1435 3464 142 30 Strahlen
1600 3464 74 30 baut
1697 3464 86 31 jedes
1805 3462 117 29 Wesen
1946 3463 105 28 seinen

1141 3516 74 30 Leib
1262 3517 59 28 und
1366 3516 64 33 gibt
1453 3515 167 34 physische
1644 3514 191 29 Lichtkräfte
1861 3513 119 29 wieder
2006 3513 44 28 als

1142 3569 130 32 geistige
1312 3566 219 34 Organisation
1571 3567 101 28 seiner
1714 3564 195 34 Oberfläche,
1930 3563 45 30 als
1998 3572 35 19 an-

1142 3617 195 30 schaulichen
1352 3617 163 29 Ausdruck
1532 3618 100 27 seiner
1651 3616 100 29 Seele.
1789 3615 110 28 Dieses
1918 3614 132 29 Streben

1143 3668 73 29 aller
1238 3668 117 29 Wesen
1378 3676 98 20 nenne
1500 3667 47 29 ich
1571 3668 58 28 den
1651 3666 106 34 Drang
1778 3666 52 29 der
1852 3665 97 29 Natur
1972 3664 78 30 nach

1415 3718 54 30 Als
1486 3718 33 28 Ei
1531 3717 237 34 genschaft
1801 3718 52 28 der
1871 3716 99 33 Dinge
1989 3715 61 28 und

1143 3769 54 29 des
1217 3769 205 33 Kunstwerks
1441 3769 122 29 möchte
1584 3769 47 28 ich
1653 3769 54 29 das
1729 3769 57 28 den
1920 3774 128 21 nennen.

1142 3819 169 30 Stilisieren
1334 3819 87 30 hieße
1448 3820 94 28 dann:
1570 3820 57 28 den
1653 3819 174 33 Rhythmus
1854 3820 39 27 im
1918 3817 131 29 Extrakt

1141 3871 109 32 geben.

1215 3920 170 33 Kunowski
1406 3922 39 28 ist
1465 3920 70 30 kein
1556 3920 122 30 Pauker
1700 3920 51 29 auf
1772 3922 64 28 sein
1857 3919 138 34 System,
2015 3927 33 19 er

1140 3972 184 32 organisiert
1339 3972 59 28 das
1415 3971 155 29 Gewächs
1591 3972 82 28 einer
1692 3971 64 29 sich
1773 3970 55 29 frei
1848 3970 182 29 entwickeln-

1141 4021 57 29 den
1214 4021 225 34 Veranlagung.
1473 4021 90 30 Nicht
1578 4021 244 34 bedeutungslos
1836 4022 47 28 für
1901 4021 57 28 den
1974 4020 54 32 Auf-

1139 4071 60 28 bau
1227 4073 101 27 seiner
1356 4071 111 30 Schule
1492 4073 41 28 ist
1561 4073 53 27 der
1641 4071 75 29 Satz
1742 4080 63 20 von
1835 4072 57 27 den
1921 4071 105 33 Aegyp-

1138 4124 67 26 tern
1251 4122 44 29 als
1340 4123 57 28 den
1442 4121 129 34 größten
1615 4121 430 34 Erscheinungsarchitekten,

1139 4172 38 27 da
1197 4173 44 27 sie
1263 4173 47 27 ein
1331 4180 115 24 ganzes
1468 4172 86 28 Land
1575 4172 78 28 nach
1676 4172 69 28 dem
1767 4171 175 33 Rhythmus
1965 4170 80 28 ihrer

2150 61 200 33 Metaphysik
2369 63 183 32 organisiert
2567 61 114 30 hätten.
2697 61 107 30 Nichts
2821 63 131 30 anderes
2968 64 39 29 ist
3024 71 32 22 es

2151 112 152 35 übrigens,
2329 120 126 23 woraus
2481 112 65 29 sich
2570 112 187 32 Kunowskis
2783 113 128 33 System
2935 113 106 28 kristal-

2151 162 103 28 lisiert.
2299 162 94 30 Jedes
2420 162 79 34 Ding
2523 163 158 29 bestimmt
2705 164 84 28 seine
2815 163 241 34 Physiognomie

2151 221 54 20 aus
2219 213 79 35 sich;
2313 214 60 27 wie
2387 221 32 20 er
2435 213 78 29 eben
2528 214 127 28 bewies.
2690 213 56 29 Die
2761 213 206 33 Perspektive
2983 214 73 29 aber

2151 265 38 26 ist
2215 263 153 33 abhängig
2393 272 62 19 von
2484 264 52 28 der
2564 263 93 33 Optik
2685 272 127 21 unseres
2840 264 112 33 Auges.
2997 264 40 32 Ku-

2150 313 139 30 nowskis
2309 313 172 29 Bestreben
2502 314 73 33 geht
2595 322 59 20 nun
2678 314 107 29 darauf
2806 322 64 26 aus,
2893 314 48 29 die
2961 314 76 29 Auto-

2150 365 101 29 nomie
2270 364 54 29 des
2345 362 131 33 Objekts
2496 365 54 29 mit
2570 364 53 29 der
2645 364 93 29 durch
2758 365 47 28 die
2824 364 215 29 wissenschaft-

2149 414 97 29 lichen
2276 414 134 29 Gesetze
2440 414 177 34 geregelten
2646 414 195 32 subjektiven
2869 415 187 33 Auffassung

2148 474 38 19 zu
2205 467 83 27 einer
2306 465 166 29 bildhaften
2492 465 183 29 Erkenntnis
2695 474 39 19 zu
2749 465 171 29 verbinden
2959 465 97 29 Dabei

2149 517 39 27 ist
2205 516 94 29 leider
2316 517 103 32 wenig
2436 524 63 20 von
2516 516 53 29 der
2584 515 99 29 Farbe
2701 516 46 28 die
2764 515 86 32 Rede
2887 515 89 29 Nicht
2991 523 44 21 um-

2149 569 88 26 sonst
2264 569 69 31 sagt
2361 566 171 33 Kunowski
2561 575 50 19 am
2640 565 121 35 Schluß,
2792 566 56 29 daß
2879 565 93 29 außer
3003 566 53 29 der

2148 615 95 30 Natur
2271 618 77 28 noch
2373 616 164 30 Leonardo
2565 617 37 28 da
2626 616 86 29 Vinci
2738 617 61 28 und
2825 616 120 30 Goethe
2972 617 84 28 seine

2147 667 209 29 Lehrmeister
2371 676 147 25 gewesen
2537 668 83 28 seien
2657 667 73 29 Also
2749 668 54 28 der
2821 667 235 34 Konstrukteur,

2149 718 55 29 das
2222 717 96 30 Genie
2337 719 55 28 des
2409 717 246 31 künstlerischen
2673 717 145 33 Systems
2836 718 61 28 und
2916 717 54 30 der
2987 724 52 22 aus-

2147 768 213 34 gesprochene
2384 768 159 35 Linearist,
2567 769 53 29 der
2646 769 53 28 der
2721 768 100 29 Farbe
2847 777 54 20 nur
2925 769 113 28 wissen-

2148 819 159 29 schaftlich
2330 820 94 28 näher
2446 822 60 26 trat
2527 821 59 27 und
2610 820 57 28 den
2688 819 174 32 Koloristen
2884 818 76 29 Jean
2979 818 77 28 Paul

2147 869 82 30 nicht
2257 869 168 29 verstehen
2451 869 124 29 konnte.
2621 869 170 34 Kunowski
2819 870 38 28 ist
2903 869 78 29 auch
3009 870 47 27 ein

2147 921 141 29 Italiener
2333 922 30 27 in
2412 921 115 28 diesem
2574 920 102 29 Sinne.
2743 921 56 28 Die
2847 919 91 34 Figur
2985 919 70 29 muß

2146 972 48 30 bis
2236 971 66 30 aufs
2347 971 144 29 äußerste
2535 971 169 29 artikuliert
2749 973 75 27 sein.
2888 970 86 30 Stets
3018 971 38 28 ist

2146 1023 49 28 bei
2241 1023 53 28 der
2323 1022 221 33 Besprechung
2592 1022 54 29 der
2692 1022 275 33 vierundzwanzig
2995 1020 40 29 Ab-

2146 1074 163 33 bildungen
2360 1074 53 28 der
2763 1073 60 27 viel
2874 1073 48 28 die
2970 1071 86 32 Rede

2147 1133 63 21 von
2262 1124 58 28 den
2369 1123 219 29 funktionellen
2638 1123 208 33 Spannungen
2897 1122 157 29 innerhalb

2147 1176 54 28 der
2231 1174 181 35 Bildfläche,
2442 1175 74 28 aber
2546 1182 34 21 es
2628 1175 81 28 wird
2738 1175 103 32 wenig
2891 1173 165 33 gehandelt

2146 1234 62 21 von
2229 1227 57 28 den
2304 1225 261 34 Entspannungen
2582 1225 52 28 der
2652 1224 100 29 Farbe
2771 1225 61 28 und
2850 1225 57 28 den
2925 1224 114 29 koloris-

2146 1277 118 30 tischen
2287 1276 218 34 Belastungen.
2549 1276 187 32 Kunowskis
2761 1275 187 34 Auffassung
2993 1283 62 20 von

2146 1328 53 29 der
2215 1328 140 33 Aufgabe
2375 1328 54 28 der
2447 1327 100 29 Farbe
2561 1328 42 28 ist
2622 1326 167 35 gefährlich
2808 1326 61 29 und
2886 1326 81 29 kann
2986 1334 69 20 zum

2144 1379 264 29 Virtuosentumm
2429 1378 151 30 verleiten
2602 1377 79 30 ohne
2703 1378 55 30 das
2779 1377 169 34 „faustiche
2969 1376 68 29 Stre-

2144 1430 59 28 ben
2220 1430 77 28 nach
2561 1429 66 28 Den
2643 1428 66 29 Van
2726 1428 88 33 Eyck
2829 1428 82 29 führt
2927 1437 32 20 er
2977 1427 78 29 auch

2144 1481 47 28 für
2208 1481 65 28 sich
2291 1490 48 26 an,
2356 1480 151 29 während
2526 1489 33 20 er
2577 1480 78 29 doch
2671 1480 57 29 das
2746 1479 124 28 Andere
2887 1478 87 29 hätte
2991 1486 63 20 von

2144 1531 61 29 ihm
2230 1532 104 29 lernen
2358 1531 137 29 können:
2522 1531 55 29 das
2600 1530 228 34 Holländische,
2854 1530 55 29 das
2931 1529 52 29 auf
3007 1529 48 28 die

2142 1582 133 29 Materie
2292 1582 222 35 abstrahieren,
2533 1582 49 29 bei
2603 1582 100 28 einem
2721 1580 118 30 Gelenk
2859 1581 116 33 zeigen,
2996 1579 57 29 daß

2144 1643 34 21 es
2199 1633 87 29 mehr
2309 1634 38 29 ist
2369 1632 45 30 als
2438 1634 47 28 ein
2508 1632 174 35 Scharnier,
2705 1632 55 30 das
2781 1641 38 19 zu
2840 1631 132 34 klappen
2991 1631 63 34 hat,

2147 1684 131 29 nämlich
2297 1686 99 27 etwas
2416 1693 55 21 aus
2492 1683 146 33 Knochen
2659 1683 60 29 und
2739 1682 82 30 Haut
2841 1691 63 20 von
2925 1682 131 29 anderer

2144 1735 145 30 Struktur
2307 1736 44 29 als
2370 1737 141 28 sonstwo
2529 1743 50 20 am
2597 1733 227 30 menschlichen
2841 1733 134 35 Körper;
2995 1732 60 29 und

2144 1786 171 34 überhaupt
2344 1786 56 29 das
2427 1787 53 28 mit
2509 1786 70 28 dem
2607 1785 108 29 Griffel
2742 1793 38 20 an
2806 1785 51 28 die
2885 1784 170 29 Leinwand

2144 1838 146 33 schlagen
2335 1838 61 28 und
2441 1836 186 34 psychische
2673 1835 125 30 Ströme
2842 1834 213 30 hervorfluten

2146 1889 112 29 lassen.

2219 1938 77 30 Man
2319 1938 53 30 hat
2394 1939 70 29 dem
2486 1938 178 30 Unterricht
2687 1937 187 33 Kunowskis
2899 1938 57 28 den
2979 1936 58 29 Vor-

2145 1990 81 29 wurf
2246 1990 152 35 gemacht,
2422 1999 33 20 er
2476 1991 45 28 sei
2543 1998 37 21 zu
2603 1989 87 30 stark
2712 1990 28 27 in
2762 1989 47 28 die
2831 1987 225 34 Abhängigkeit

2144 2041 55 30 des
2217 2040 136 34 Begriffs
2374 2040 195 34 gekommen.
2608 2039 59 30 Mit
2687 2039 114 30 Schuld
2825 2039 95 29 daran
2942 2040 113 32 mögen

2144 2092 90 29 nebst
2252 2092 127 29 anderm
2398 2093 85 28 seine
2501 2090 212 34 Erklärungen
2734 2099 37 20 zu
2789 2091 100 27 einem
2906 2089 149 29 Stilleben

2143 2144 75 32 sein,
2241 2142 54 30 das
2318 2143 66 27 eine
2407 2141 161 34 Glasurne,
2589 2140 239 33 Eichenblätter,
2852 2141 66 27 eine
2939 2138 116 34 Ranke,

2144 2192 55 30 das
2220 2191 104 35 Haupt
2345 2191 177 35 Napoleons
2543 2191 60 29 und
2624 2192 47 27 ein
2691 2199 63 20 von
2775 2191 99 28 einem
2895 2189 86 29 Stein
3001 2189 36 28 be-

2145 2243 173 30 schwertes
2363 2242 85 29 Buch
2493 2243 91 33 zeigt.
2629 2241 171 33 Kunowski
2826 2240 115 34 spricht
2968 2240 88 29 dabei

2144 2303 75 20 vom
2235 2294 74 29 Sinn
2328 2295 52 28 der
2397 2293 310 34 Bewegungskurve,
2726 2293 46 28 die
2789 2300 76 20 vom
2881 2291 86 29 Stein
2986 2298 70 21 zum

2143 2344 86 30 Buch
2242 2345 83 34 läuft,
2341 2353 63 20 von
2420 2345 95 28 ihrem
2527 2342 269 35 Zusammenhang
2811 2344 55 28 mit
2881 2342 100 32 Raum
2995 2342 61 29 und

2143 2396 74 30 Zeit.
2255 2396 42 30 Es
2316 2396 118 29 scheint
2454 2396 57 28 mir
2531 2397 27 27 in
2579 2394 138 30 solchem
2736 2394 83 29 Falle
2837 2395 46 27 ein
2902 2393 153 34 logischer

2144 2447 188 29 Denkfehler
2353 2448 53 28 des
2427 2446 151 33 Kritikers
2598 2446 216 33 vorzuliegen:
2837 2453 32 21 er
2892 2443 143 30 verwech-

2145 2499 58 29 selt
2224 2499 56 28 den
2302 2498 96 29 Inhalt
2418 2499 53 27 mit
2493 2498 69 27 dem
2583 2496 174 30 Charakter
2778 2497 53 28 der
2850 2495 205 33 Darstellung,

2144 2549 116 34 spricht
2287 2558 62 20 von
2378 2550 82 27 einer
2488 2547 230 35 ideologischen
2746 2547 206 35 Darstellung,
2981 2547 75 28 statt

2144 2609 62 21 von
2230 2601 57 28 der
2312 2600 197 33 Darstellung
2537 2600 53 29 des
2617 2598 242 35 Ideologischen.
2906 2597 69 29 Wie
3003 2598 52 28 der

2144 2652 225 29 Staatsanwalt
2398 2652 74 28 über
2501 2652 67 28 eine
2597 2650 174 30 unsittliche
2801 2649 197 33 Darstellung
3027 2648 28 29 in

2144 2704 54 28 der
2217 2704 163 28 bildenden
2400 2702 98 33 Kunst
2518 2704 27 26 in
2565 2702 145 33 Wallung
2730 2703 97 32 gerät,
2849 2700 150 28 während
3022 2707 33 21 es

2144 2754 63 29 sich
2224 2756 27 27 in
2266 2753 215 29 Wirklichkeit
2496 2761 50 21 um
2563 2754 48 28 die
2629 2752 131 30 sittliche
2778 2751 196 33 Darstellung
2992 2758 63 21 von

2144 2807 100 28 etwas
2264 2804 216 30 Unsittlichem
2499 2803 134 30 handelt.
2673 2802 109 30 Gewiß
2801 2802 81 30 kann
2901 2810 72 21 man
2991 2809 64 21 von

2144 2857 116 28 diesem
2285 2855 104 30 Buche
2413 2864 94 25 sagen
2532 2855 61 34 „Im
2616 2855 121 33 Anfang
2760 2862 67 21 war
2854 2854 55 28 das

2143 2908 74 27 aber
2233 2908 46 27 die
2295 2906 225 29 künstlerische
2536 2906 58 29 Tat
2612 2914 67 20 war
2696 2906 78 28 dann
2793 2904 123 30 vorher.
2933 2904 122 29 Daraus

2144 2958 154 30 resultiert
2325 2967 55 19 nur
2408 2959 47 27 ein
2481 2966 76 21 neus
2584 2956 164 30 Verdienst
2774 2954 198 35 Kunowskis,
3001 2955 53 28 das

2141 3009 48 29 ich
2212 3010 115 28 bereits
2349 3017 38 21 an
2411 3010 98 27 einem
2530 3008 83 28 Falle
2637 3007 262 34 exemplifizierte,
2923 3004 131 31 nämlich

2144 3061 54 29 das
2228 3060 122 33 Prägen
2379 3068 62 20 von
2471 3059 237 29 anschaulichen
2739 3057 156 34 Begriffen
2924 3057 48 28 für
2999 3055 36 29 Er-

2143 3111 208 33 scheinungen
2380 3111 56 28 der
2467 3110 194 29 ätherischen
2694 3108 194 34 Oberfläche,
2921 3108 47 28 die
2999 3115 36 20 un-

2140 3170 86 23 serer
2249 3170 37 20 an
2311 3162 52 28 der
2386 3161 155 29 Substanz
2563 3161 223 29 entstandenen
2808 3158 138 35 Sprache
2968 3156 82 30 nicht

2139 3212 91 30 leicht
2250 3213 100 28 fallen.
2391 3211 149 34 Optische
2562 3211 250 32 Erscheinungen
2835 3210 66 28 sind
2926 3208 122 29 schwer

2134 3272 37 20 zu
2212 3263 113 34 fassen,
2368 3264 60 28 und
2452 3271 92 21 unser
2567 3262 86 33 Auge
2676 3262 80 28 kann
2779 3262 28 30 ja
2831 3259 81 30 nicht
2934 3259 110 30 einmal

2135 3315 158 28 einmal
2316 3315 28 27 in
2370 3314 70 28 dem
2462 3313 171 29 herrlichen
2655 3311 183 35 plötzlichen
2861 3311 104 29 Braun
2991 3311 54 28 der

2133 3366 107 32 Augen
2271 3365 53 29 der
2352 3365 161 28 Geliebten
2540 3365 110 32 baden,
2681 3363 78 28 denn
2788 3362 56 29 ehe
2875 3363 53 28 der
2956 3361 87 28 Blick

2135 3417 78 29 noch
2239 3424 80 25 ganz
2344 3416 191 34 hineinstieg,
2562 3416 38 27 ist
2629 3414 47 29 die
2700 3413 101 30 Farbe
2828 3415 66 28 eine
2921 3413 124 29 andere.

2133 3466 73 30 Hier
2234 3467 100 29 haben
2363 3468 57 27 wir
2450 3467 57 27 den
2535 3464 105 35 Mann,
2672 3466 53 28 der
2753 3466 50 27 die
2833 3464 210 32 Beschattung

2134 3518 93 28 durch
2245 3519 66 27 eine
2328 3517 84 29 Linie
2429 3516 124 30 festhält
2572 3517 61 28 und
2650 3516 45 29 als
2714 3515 229 36 „schwebende
2960 3514 62 29 Ton-

2299 3568 160 35 einsteckt,
2509 3568 53 27 der
2593 3566 197 34 eindringlich
2821 3566 133 33 spürend
2984 3565 57 28 den

2132 3618 219 35 „Brennpunkt
2401 3619 53 28 der
2663 3617 170 29 aufsuchte.
2880 3616 64 29 Das
2974 3616 67 28 sind

2132 3670 186 33 schlagende
2349 3669 267 34 Bezeichnungen,
2664 3668 97 29 leider
2810 3668 73 28 aber
2915 3667 47 29 für
2995 3667 45 27 die

2129 3720 98 29 Leute
2259 3720 224 34 Schlagworte,
2506 3721 60 28 und
2589 3720 38 28 da
2645 3727 70 21 man
2735 3718 89 30 ihnen
2846 3720 100 27 etwas
2966 3725 75 20 vom

2130 3770 174 33 Rhythmus
2323 3773 110 31 gesagt
2450 3770 63 35 hat,
2532 3772 66 28 sind
2618 3772 44 28 sie
2682 3779 59 19 nun
2760 3769 98 34 gleich
2879 3769 92 28 damit
2991 3768 49 28 bei

2131 3822 54 28 der
2198 3821 98 29 Hand.
2310 3821 84 29 Aber
2408 3823 54 27 mit
2476 3821 131 29 Worten
2624 3821 88 28 allein
2727 3819 61 31 läßt
2803 3820 64 29 sich
2886 3820 37 28 da
2939 3818 101 29 nichts

2130 3874 61 27 tun.
2228 3871 41 30 Es
2287 3872 65 34 gibt
2370 3872 89 29 keine
2479 3872 114 29 andere
2614 3871 165 33 Befreiung
2799 3870 156 29 innerhalb
2977 3870 46 28 die-

2129 3930 50 21 ses
2196 3922 155 35 Systems,
2370 3924 77 27 denn
2467 3923 93 34 diese,
2578 3930 33 21 es
2629 3922 45 29 als
2690 3922 151 28 Funktion
2860 3921 55 29 frei
2935 3922 28 27 in
2984 3921 53 28 der

2126 3972 91 30 Hand
2236 3982 37 20 zu
2290 3973 110 29 haben.
2438 3972 86 30 Dazu
2544 3973 75 29 aber
2635 3974 40 28 ist
2694 3972 107 29 Arbeit
2818 3972 93 33 nötig.

2202 4023 43 29 Zu
2274 4024 120 33 Anfang
2425 4024 54 30 des
2508 4023 135 29 Werkes
2670 4026 67 30 sagt
2765 4022 185 33 Kunowski:
2980 4021 55 35 „Je

2126 4074 122 29 stärker
2271 4074 109 29 Talent
2403 4075 61 28 und
2487 4074 236 34 Individualität,
2747 4073 88 29 desto
2859 4072 112 34 größer
2996 4073 39 28 ist

2125 4125 56 28 das
2223 4124 173 34 Verlangen
2440 4124 78 29 nach
2561 4124 229 29 methodischer

2123 4173 74 29 Man
2219 4176 40 27 ist
2278 4176 58 27 seit
2357 4175 57 28 den
2434 4174 106 33 Tagen
2563 4175 54 28 der
2638 4173 115 34 großen
2775 4173 186 33 Franzosen,
2985 4173 47 28 die
