3573 4374
1734 173 106 48 254

245 315 364 66 Unmöglichkeit
630 315 244 63 geworden
898 315 69 54 ist,
996 314 69 48 ein
1090 314 41 45 in
1156 315 113 47 allen
1294 314 186 48 Theilen
1504 312 244 50 treffliches

240 392 243 50 Ensemble
512 392 311 54 herzustellen,
854 392 42 46 in
926 390 99 47 dem
1057 390 98 47 eine
1184 391 188 62 gewisse
1404 388 318 63 Gleichmässig-

244 471 88 46 keit
360 468 80 47 der
469 468 187 47 Talente
685 468 89 47 und
803 467 79 47 der
911 466 213 47 Methode
1161 485 51 28 zu
1244 467 123 48 einer
1396 465 351 49 künstlerischen

242 545 180 48 Einheit
464 545 143 56 führt,
651 543 138 49 durch
822 543 168 46 welche
1019 542 98 47 eine
1146 543 474 64 Opern-Vorstellung
1659 548 89 39 erst

240 637 51 31 zu
315 621 131 62 jener
471 620 284 62 Vollendung
781 617 201 48 erhoben
1014 618 181 47 werden
1228 620 135 54 kann,
1393 620 83 45 wie
1508 618 80 46 wir
1614 617 61 46 sie
1706 616 39 45 in

240 697 244 47 Bücksicht
513 696 79 48 auf
614 696 70 46 die
711 693 345 64 geschichtliche
1080 696 317 62 Entwicklung
1420 695 79 45 der
1522 695 125 62 Oper
1677 707 46 32 so-

244 773 139 56 wohl,
412 773 62 47 als
503 772 79 47 auf
605 769 70 47 die
704 771 267 62 allgemeine
996 772 304 46 musicalische
1322 769 257 63 Intelligenz
1611 768 108 47 bean-

244 849 222 64 spruchen
497 847 174 47 dürfen.
701 847 84 48 Die
818 847 69 48 bei
920 848 198 47 Weitem
1152 846 348 64 überwiegende
1528 846 109 47 Zahl
1669 844 79 47 der

243 924 540 65 Opern-Auflührungen
827 924 136 47 bietet
1011 941 84 30 nur
1148 924 69 46 ein
1259 923 99 47 Bild
1400 922 80 47 der
1520 923 225 46 virtuosen

243 1002 223 61 Bichtung
496 1016 186 30 unserer
709 1001 113 55 Zeit,
860 1001 41 47 in
932 1001 194 45 welcher
1153 1001 195 45 einzelne
1380 998 154 48 Kräfte
1564 998 156 47 hervor-

240 1076 169 64 ragend
438 1077 108 47 alles
574 1077 220 47 Interesse
831 1077 41 46 in
901 1076 236 62 Anspruch
1178 1077 193 46 nehmen
1413 1074 86 47 und
1532 1074 70 49 die
1630 1074 114 47 noch

240 1153 192 65 übrigen
455 1153 342 65 pygmäenartig
818 1152 239 47 denselben
1082 1169 85 30 nur
1189 1169 77 30 zur
1289 1153 125 46 Folie
1444 1153 174 46 dienen.
1654 1152 91 47 Wo

242 1230 110 47 aber
380 1230 150 46 solche
559 1227 406 64 Anziehungskraft
1004 1227 122 56 fehlt,
1166 1228 55 47 da
1261 1228 97 47 sind
1388 1228 113 48 auch
1534 1228 69 47 die
1635 1228 81 46 Auf-

242 1308 260 62 führungen
531 1305 137 46 selten
698 1304 222 64 geeignet,
950 1305 69 47 ein
1051 1305 190 47 höheres
1264 1307 218 45 Interesse
1514 1304 116 48 beim
1658 1305 60 46 Pu-

240 1383 163 47 blicum
432 1399 51 30 zu
512 1397 207 47 erregen,
748 1380 285 65 geschweige
1062 1382 117 48 denn
1208 1399 51 30 zu
1291 1383 217 47 erhalten.
1542 1380 202 49 Bedenkt

239 1476 103 29 man
384 1474 107 38 nun,
534 1455 99 49 dass
675 1455 70 47 die
786 1457 213 64 heutigen
1037 1459 172 64 Sänger
1251 1458 41 48 in
1329 1458 129 65 jeder
1489 1457 256 63 Beziehung

239 1534 150 48 besser
431 1535 174 62 gestellt
644 1533 113 56 sind,
799 1534 117 47 denn
953 1535 170 55 früher,
1167 1535 87 47 und
1286 1535 69 47 die
1386 1535 358 62 Aufforderung,

234 1611 90 49 sich
356 1610 79 47 der
465 1610 159 47 Bühne
652 1611 322 56 zuzuwenden,
1010 1611 201 49 dadurch
1244 1629 73 29 um
1348 1629 48 31 so
1427 1610 320 50 verlockender

237 1686 129 58 wird,
394 1703 48 30 so
474 1690 177 43 müssen
682 1686 82 47 wir
794 1688 75 47 für
898 1688 84 48 den
1006 1689 179 62 Mangel
1209 1705 54 31 an
1289 1688 229 63 tüchtigen
1542 1689 203 61 Sängern

237 1766 113 47 nach
381 1765 146 47 einem
560 1763 196 49 anderen
781 1765 184 48 Grunde
993 1766 182 47 suchen.
1231 1766 63 46 Im
1326 1765 311 64 Allgemeinen
1669 1765 79 62 gilt

238 1858 91 30 nun
360 1841 95 56 der,
494 1839 99 48 dass
621 1857 46 30 es
695 1841 42 47 in
769 1843 304 47 Deutschland
1105 1859 54 31 an
1189 1850 138 56 guten
1358 1843 218 47 Stimmen
1609 1841 138 55 fehle;

237 1918 130 48 allein
391 1916 100 49 dem
516 1918 55 47 ist
591 1918 283 48 entschieden
898 1919 120 47 nicht
1039 1935 62 32 so.
1134 1920 105 46 Wir
1269 1919 191 47 besitzen
1484 1919 58 47 im
1569 1919 147 63 Gegen-

237 1995 104 48 theil
371 1994 121 48 nicht
520 1994 129 47 allein
678 2010 50 32 so
757 1995 108 48 viele
896 1996 198 64 tüchtige
1124 1996 325 56 Stimmkräfte,
1490 1998 62 45 als
1581 2014 51 29 zu
1665 2013 53 30 un-

234 2086 145 32 serem
409 2071 355 47 künstlerischen
794 2072 287 49 Bedürfnisse
1123 2072 292 65 nothwendig
1453 2078 168 49 wären,
1664 2072 83 47 wir

235 2147 197 47 könnten
474 2146 116 48 auch
619 2147 115 46 noch
766 2147 168 49 andere
963 2150 222 47 Nationen
1217 2165 81 32 von
1330 2165 207 31 unserem
1569 2147 145 50 Ueber-

237 2225 132 47 llusse
398 2222 79 49 mit
502 2240 256 48 versorgen.
790 2225 172 48 Finden
987 2226 80 47 wir
1091 2226 113 48 doch
1231 2226 69 48 bei
1324 2227 133 55 allen,
1480 2225 136 49 selbst
1639 2226 85 47 klei-

235 2318 104 41 nen,
369 2301 191 47 Bühnen
600 2300 161 48 immer
789 2302 173 64 Sänger
1004 2304 80 47 mit
1122 2304 198 48 schönen
1350 2304 243 54 Stimmen;
1636 2302 112 49 aber

235 2377 158 49 sobald
423 2377 81 47 wir
532 2377 115 49 nach
677 2377 80 47 der
785 2380 200 47 Ursache
1028 2380 222 56 forschen,
1291 2398 174 30 warum
1510 2380 120 48 diese
1674 2381 74 46 für

237 2455 69 47 die
336 2453 213 49 deutsche
577 2453 127 64 Oper
745 2456 121 46 nicht
903 2456 245 48 nützlicher
1178 2456 200 56 werden,
1421 2456 112 47 wird
1578 2457 40 46 in
1663 2456 84 47 den

234 2532 185 47 meisten
460 2531 152 47 Fällen
659 2530 72 48 die
772 2533 211 47 Antwort
1024 2535 176 47 lauten:
1254 2535 139 54 „„Sie
1425 2533 148 47 haben
1604 2533 144 47 nichts

518 2607 147 47 —Sie
692 2607 148 50 haben
872 2610 140 48 nichts
1042 2611 195 63 gelernt!
1268 2612 81 47 Mit
1371 2611 151 47 diesen
1548 2611 196 48 Worten

233 2685 95 48 sind
358 2686 82 47 wir
469 2701 56 32 an
555 2685 85 47 den
671 2686 272 65 Kernpunkt
979 2704 188 31 unserer
1197 2687 433 65 Gesang-Zustände
1668 2705 52 47 ge-

235 2763 228 54 kommen,
504 2761 91 47 und
630 2777 84 32 von
743 2763 90 47 ihm
865 2780 79 30 aus
974 2765 146 47 haben
1152 2765 83 47 wir
1265 2782 89 30 nun
1386 2765 79 47 mit
1494 2765 113 47 allen
1639 2765 79 47 wei-

1035 2826 7 10 ✓

234 2850 122 38 teren
386 2841 343 62 Erörterungen

347 2916 197 48 Hierauf
572 2916 195 48 entwirft
797 2917 80 48 der
908 2918 231 49 Verfasser
1181 2918 72 49 die
1280 2917 301 66 Schilderung
1625 2918 119 47 eines

240 2993 413 64 kunstfertigen
692 2994 481 65 Bühnensängers
1216 2996 265 65 gegenüber
1510 2996 84 47 den
1621 2996 103 65 jetzi-

238 3087 86 48 gen
353 3071 58 47 im
444 3069 151 49 besten
628 3072 120 47 Falle
789 3090 86 29 nur
912 3073 222 64 glücklich
1178 3073 228 65 begabten
1435 3073 309 47 Naturalisten

238 3149 62 64 (S.
337 3146 63 49 13
484 3144 106 66 25),
631 3148 89 47 und
764 3149 120 65 prüft
925 3151 118 47 dann
1086 3167 55 31 an
1173 3151 143 47 dieser
1345 3149 301 65 Schilderung
1675 3149 70 47 die

230 3224 339 68 gegenwärtige
612 3226 271 49 Generation
925 3227 80 48 der
1046 3229 190 64 Sänger,
1286 3228 137 48 deren
1467 3229 186 47 Blossen
1697 3245 48 30 er

233 3302 346 65 schonungslos,
610 3302 108 48 aber
748 3303 215 50 wahrlich
992 3322 111 48 ganz
1132 3322 80 31 aus
1241 3306 102 47 dem
1368 3306 159 48 Leben
1552 3304 92 49 und
1667 3304 80 49 der

230 3379 268 65 Erfahrung
527 3379 238 64 gegriffen,
795 3381 207 49 aufdeckt
1033 3381 61 66 (S.
1126 3382 68 48 26
1280 3382 103 66 45).

343 3458 68 46 Zu
441 3457 123 47 ihrer
587 3455 274 50 theilweisen
887 3459 387 64 Entschuldigung
1306 3459 227 65 bespricht
1554 3476 50 32 er
1627 3458 118 48 dann

233 3533 113 49 eben
374 3551 49 30 so
454 3533 119 48 offen
605 3533 71 48 die
705 3534 165 64 Dinge,
912 3537 168 47 welche
1108 3555 51 29 zu
1190 3537 101 48 dem
1322 3555 75 30 um
1429 3537 90 48 sich
1551 3537 170 65 greifen-

234 3612 84 48 den
342 3610 265 50 Verderben
633 3610 255 66 beitragen,
917 3614 269 47 namentlich
1216 3614 70 49 die
1311 3614 323 66 mangelhafte,
1664 3632 56 29 un-

235 3688 277 65 verständige
534 3688 198 65 Leitung
762 3689 80 47 der
865 3689 207 57 Bühnen,
1101 3690 70 49 die
1197 3692 325 64 Verwöhnung
1551 3690 94 49 und
1674 3692 48 45 In-

237 3782 274 49 consequenz
534 3765 76 49 des
635 3767 278 58 Publicums,
936 3768 70 47 die
1026 3768 224 48 Zustände
1273 3769 79 47 der
1376 3770 164 55 Kritik,
1570 3769 174 48 endlich

239 3842 69 47 die
336 3842 356 50 Beschaffenheit
722 3844 80 48 der
832 3844 311 65 Gesanglehre
1183 3844 87 48 und
1302 3845 79 49 der
1411 3847 336 64 Gesanglehrer

239 3919 62 66 (S.
334 3919 68 48 45
485 3918 102 65 63).

352 3998 67 46 All
428 4014 22 31 e
478 3997 117 47 diese
623 3999 264 50 Abschnitte
916 3999 231 50 enthalten
1178 3998 77 49 des
1278 3999 227 57 Wahren,
1537 4000 181 49 Beherzi-

238 4074 349 66 gungswerthen
612 4077 88 47 und
724 4078 327 48 Interessanten
1075 4093 82 48 gar
1184 4077 162 58 Vieles,
1377 4077 89 48 und
1496 4094 45 32 es
1571 4078 54 48 ist
1647 4085 97 58 gut,

1824 326 128 31 wenn
1984 310 286 63 dergleichen
2308 311 42 47 in
2390 310 124 48 einer
2549 307 281 48 besonderen
2860 310 167 47 Schrift
3053 326 253 32 zusammen-

1821 387 176 62 gestellt
2027 386 128 53 wird,
2187 402 130 31 wenn
2349 386 114 48 auch
2495 385 203 48 dasselbe
2730 386 240 63 allerdings
3000 404 55 30 an
3084 387 140 47 vielen
3248 387 60 47 Or-

1821 470 72 39 ten
1926 463 40 46 in
1997 462 80 47 der
2107 463 291 64 Hauptsache
2439 462 137 47 schon
2618 468 159 56 gesagt
2817 462 184 47 worden
3042 463 53 46 ist
3138 462 91 48 und
3258 462 81 47 der

1824 538 232 49 Verfasser
2078 538 85 47 den
2835 538 42 46 in
2905 538 147 47 dieser
3080 538 260 64 Beziehung

1823 616 199 45 Unrecht
2049 616 100 45 thut
2177 615 112 46 oder
2317 616 62 45 sie
2409 615 120 46 nicht
2558 630 146 45 genau
2731 615 176 62 gelesen
2939 613 98 56 hat;
3066 616 272 62 wenigstens

1823 691 76 45 hat
1921 691 69 45 die
2012 691 237 47 Niederr
2263 691 61 47 he
2338 689 174 49 iiiisch
2528 688 513 65 eMusik-Zeitung
3070 689 89 47 und
3183 689 43 47 in
3251 689 87 49 den

1821 768 157 46 letzten
2007 767 170 47 Jahren
2223 767 114 47 auch
2383 767 70 47 die
2496 767 167 46 wiener
2704 766 386 48 Becensionen
3132 766 206 48 dasselbe

1824 843 175 47 Thema
2027 843 64 47 oft
2121 842 89 48 und
2241 842 237 65 gründlich
2510 841 256 49 behandelt.

1932 962 91 46 Zur
2055 961 354 48 Charakteristik
2441 961 78 47 des
2548 960 176 48 Buches
2766 962 165 61 mögen
2971 959 115 48 noch
3130 959 209 64 folgende

1819 1039 166 47 Stellen
2017 1037 265 65 beitragen:

1946 1145 112 56 „Die
2102 1143 421 49 beneidenswerthe
2561 1143 200 47 Freiheit
2803 1142 78 47 des
2921 1139 256 57 Künstlers,
3217 1140 122 47 seine

1819 1220 381 65 eigentümliche
2230 1220 205 63 Stellung
2472 1220 42 46 in
2553 1218 81 48 der
2663 1218 332 48 menschlichen
3028 1215 310 56 Gesellschaft,

1818 1298 80 47 der
1922 1299 179 47 Bausch
2129 1296 347 50 künstlerischer
2498 1295 268 64 Triumphe,
2796 1293 213 48 vielfache
3028 1294 312 62 Anregungen

1820 1375 89 47 und
1942 1375 366 62 Verlockungen,
2338 1373 79 48 der
2446 1380 107 40 stets
2581 1371 253 65 geschärfte
2858 1370 197 62 Ehrgeiz
3085 1369 90 47 und
3206 1370 132 47 vieles

1819 1453 183 47 Andere
2031 1453 114 47 noch
2176 1451 194 64 steigern
2401 1450 91 47 sein
2520 1451 352 63 Temperament
2898 1464 53 29 zu
2976 1446 123 47 einer
3124 1446 187 47 Beizbar-

1823 1529 104 56 keit,
1956 1547 51 29 zu
2039 1529 123 47 einer
2190 1526 518 55 Leidenschaftlichkeit,
2750 1525 71 47 die
2859 1524 74 47 ihn
2964 1521 191 50 manche
3185 1523 124 48 Unbe-

1820 1605 267 48 sonnenheit
2116 1605 207 55 leichten,
2361 1603 348 63 unbefangenen
2740 1603 160 45 Sinnes
2930 1599 207 65 begehen
3179 1599 160 47 lassen.

1821 1684 126 47 Aber
1976 1683 80 48 der
2086 1684 153 46 innere
2269 1683 124 45 Kern
2423 1681 144 46 seines
2599 1680 197 47 Wesens
2835 1694 122 30 muss
2997 1675 134 49 dabei
3161 1676 70 48 ein
3262 1693 52 48 ge-

1820 1760 168 47 sunder
2012 1759 89 47 und
2126 1758 225 64 tüchtiger
2373 1759 110 52 sein,
2514 1755 196 48 welcher
2737 1771 84 31 von
2849 1754 151 47 diesen
3032 1752 285 47 Aeusserlich-

1823 1836 146 49 keiten
2001 1836 256 49 unberührt
2289 1835 151 47 bleibt.
2470 1834 87 47 Die
2587 1830 325 49 künstlerische
2942 1830 125 47 Ehre
3097 1845 121 31 muss
3246 1829 94 47 ihm

1823 1914 84 47 wie
1937 1915 69 46 ein
2039 1914 183 62 heiliges
2253 1912 163 49 Panier
2455 1910 309 55 vorleuchten,
2806 1907 82 50 auf
2919 1907 80 49 das
3027 1923 49 31 er
3104 1906 125 48 nicht
3255 1923 88 31 nur

1820 1998 106 39 stets
1948 1991 121 47 seine
2097 1990 150 47 Blicke
2275 2006 53 31 zu
2359 1989 190 56 richten,
2578 1986 196 50 sondern
2804 1985 79 48 das
2912 1985 77 47 ihn
3019 1984 114 48 auch
3166 1984 80 47 mit
3269 1982 47 66 je-

1821 2085 79 31 ner
1932 2069 328 62 Begeisterung
2289 2084 52 30 zu
2371 2066 195 48 erfüllen
2597 2065 92 54 hat,
2737 2064 70 47 die
2837 2062 87 49 den
2954 2060 137 49 Trieb
3121 2079 52 29 zu
3203 2060 116 48 feuri-

1820 2161 103 46 gem
1947 2144 195 48 Streben
2164 2144 41 45 in
2230 2144 93 45 ihm
2346 2142 168 47 schärft
2544 2140 90 48 und
2665 2141 73 46 ihn
2770 2139 116 48 auch
2910 2139 115 46 nach
3050 2137 147 47 dieser
3220 2136 122 48 Seite

1823 2222 71 47 hin
1926 2221 175 47 reizbar
2130 2220 89 48 und
2246 2217 379 51 leidenschaftlich
2653 2216 167 56 macht,
2849 2215 89 48 und
2963 2213 80 49 das
3065 2213 76 49 ihn
3165 2212 178 50 endlich

1820 2315 78 32 vor
1921 2299 129 63 jener
2072 2297 351 64 Verlodderung
2453 2296 188 55 schützt,
2670 2293 71 49 die
2764 2292 178 56 Talent,
2967 2291 257 48 Charakter
3253 2290 92 48 und

1821 2376 172 47 höhere
2023 2375 271 48 Sittlichkeit
2332 2391 53 31 zu
2427 2372 201 65 gleicher
2661 2371 98 47 Zeit
2799 2368 270 65 untergräbt
3111 2367 91 48 und
3245 2384 73 31 ver-

1821 2452 181 48 nichtet.
2053 2452 125 47 Aber
2208 2451 92 48 dies
2328 2451 54 47 ist
2411 2451 113 47 eben
2547 2450 132 63 jener
2707 2447 167 48 dunkle
2904 2446 232 56 Schatten,
3164 2445 81 48 der
3274 2443 71 49 die

1820 2530 148 54 lichte,
1999 2527 278 48 freundliche
2304 2527 122 47 Seite
2456 2541 187 32 unserer
2666 2522 493 67 Opern-Verhältnisse
3185 2537 50 32 so
3265 2521 53 48 be-

1821 2606 333 65 klagensvverth
2186 2605 138 48 trübt.
2355 2603 86 49 Die
2472 2602 326 50 künstlerische
2821 2601 143 54 Ehre,
2995 2598 79 50 das
3104 2598 217 50 künstleri-

1819 2683 104 47 sche
1969 2682 230 48 Gewissen
2241 2681 99 48 sind
2370 2681 158 47 Vielen
2571 2678 198 66 gänzlich
2813 2677 294 48 unbekannte
3149 2676 196 56 Mächte,

1818 2760 70 48 die
1918 2760 122 48 nicht
2069 2760 85 47 den
2186 2758 372 64 allergeringsten
2590 2756 197 48 Einlluss
2817 2754 81 49 auf
2921 2754 129 47 ihren
3081 2753 154 56 Beruf,
3264 2752 83 49 auf

1816 2838 98 47 ihre
1938 2837 336 50 Wirksamkeit
2296 2836 220 49 ausüben.
2549 2833 288 65 Ungebildet,
2863 2838 234 57 arrogant,
3127 2831 100 48 eitel
3251 2829 94 50 und

1821 2914 164 56 brutal,
2011 2914 137 47 bietet
2171 2914 134 47 ihnen
2331 2912 78 48 das
2432 2909 329 51 Bühnenleben
2787 2909 142 49 nichts
2954 2908 173 55 weiter,
3158 2908 63 47 als
3244 2906 100 49 eine

1818 2993 285 47 erwünschte
2135 2991 313 64 Gelegenheit,
2488 2989 70 49 ein
2600 2988 131 48 freies
2759 2987 156 48 Leben
2956 3003 52 31 zu
3041 2986 184 57 führen,
3267 3001 77 32 um

1818 3071 77 47 das
1927 3069 133 49 leicht
2087 3069 286 47 Erworbene
2415 3066 283 63 leichtsinnig
2738 3063 169 50 wieder
2948 3064 63 47 los
3051 3080 53 30 zu
3146 3061 201 49 werden.

1821 3148 115 47 Was
1966 3148 80 62 gilt
2082 3147 141 48 vielen
2261 3162 189 32 unserer
2479 3144 243 65 Operisten
2768 3143 99 47 eine
2909 3139 302 50 menschliche
3254 3138 94 50 und

1819 3224 324 49 künstlerische
2175 3222 219 65 Bildung!
2444 3222 75 48 Sie
2549 3221 158 48 fühlen
2737 3219 122 49 nicht
2888 3218 79 48 das
2997 3218 230 65 geringste
3257 3217 59 48 Be-

1819 3302 211 54 dürfniss,
2072 3301 124 48 einer
2225 3299 186 50 solchen
2440 3297 387 56 nachzustreben;
2874 3295 231 65 begreifen
3136 3294 62 47 sie
3229 3293 115 48 doch

1819 3381 179 47 oftmals
2023 3379 155 54 kaum,
2208 3378 101 48 dass
2333 3378 99 47 eine
2455 3377 151 48 solche
2634 3375 207 64 nöthig
2869 3374 76 47 sei.
2978 3373 117 49 Was
3116 3372 137 48 ihnen
3277 3369 71 50 die

1820 3459 146 46 Natur
1993 3457 220 63 freiwillig
2235 3454 208 66 gegeben
2465 3454 93 56 hat,
2587 3453 79 48 das
2697 3452 166 48 beuten
2893 3450 63 49 sie
2985 3466 108 39 aus;
3122 3448 81 48 der
3234 3448 86 48 dün-

1821 3533 196 49 kelhafte
2048 3532 266 49 Hochmuth
2343 3530 176 50 vertritt
2548 3530 70 49 bei
2648 3530 136 47 ihnen
2815 3528 71 47 die
2915 3527 137 48 Stelle
3083 3524 77 50 des
3191 3525 156 49 klaren

1820 3610 488 56 Selbstbewusstseins,
2337 3609 71 48 die
2437 3613 200 52 äussere,
2667 3604 352 51 oberflächliche
3048 3603 200 49 Routine
3276 3602 72 49 die

1820 3690 41 46 in
1885 3688 90 48 sich
2001 3688 266 65 gediegene,
2291 3703 205 48 sorgsam
2521 3683 311 51 durchdachte
2855 3682 244 64 Leistung;
3123 3679 85 50 den
3227 3680 120 50 Stolz

1820 3765 76 49 des
1927 3765 159 49 echten
2119 3765 254 56 Künstlers,
2413 3764 154 48 seinen
2597 3762 155 48 Ruhm
2790 3776 88 31 nur
2917 3759 102 48 dem
3058 3758 287 48 wahrhaften

1821 3844 158 64 Erfolg
2002 3844 147 47 seiner
2175 3844 147 46 Kunst
2343 3849 376 46 anzuvertrauen,
2751 3842 179 44 müssen
2954 3836 169 50 allerlei
3147 3834 201 51 schnöde

1820 3922 141 48 Mitlei
1993 3928 216 48 ersetzen,
2252 3920 91 49 und
2373 3919 123 50 nicht
2524 3919 141 47 selten
2703 3917 137 46 sehen
2868 3915 62 48 sie
2959 3915 92 48 sich
3080 3932 52 30 zu
3165 3913 157 49 Contri-

1820 3998 216 48 butionen
2053 3998 261 56 veranlasst,
2329 3997 173 49 welche
2524 3994 131 50 einen
2676 3993 123 49 nicht
2816 3990 382 51 unbedeutenden
3217 3990 130 50 Tlieil

1816 4078 122 47 ihrer
1968 4075 226 67 goldenen
2222 4075 204 49 Früchte
2455 4073 328 64 verschlingen.
