3573 4374
1723 165 105 50 253

216 297 235 67 physische
481 299 132 47 Kraft
653 298 77 50 des
758 301 198 66 Sängers
993 302 81 48 auf
1103 303 99 47 eine
1232 303 158 49 Weise
1421 303 42 49 in
1493 305 238 64 Anspruch

214 392 273 47 genommen
519 377 175 53 wurde,
735 378 102 47 dass
866 378 70 47 die
965 379 269 47 ästhetische
1262 381 248 47 Schönheit
1538 381 76 47 des
1644 383 58 46 Ge-

213 467 163 48 sanges
405 452 162 48 immer
599 454 128 47 mehr
768 456 262 48 zurücktrat
1072 456 89 47 und
1204 456 70 47 die
1310 457 263 63 ausgiebige
1605 459 131 47 Kraft

213 527 83 47 der
325 528 192 47 Stimme
555 529 115 49 allen
714 531 181 47 edleren
929 533 346 62 Eigenschaften
1307 532 236 48 derselben
1573 551 133 47 vorge-

211 619 142 47 zogen
385 604 171 48 wurde.
612 607 157 47 Damit
799 623 193 47 gewann
1022 607 81 47 der
1131 609 334 47 Naturalismus
1495 611 78 47 das
1604 611 128 55 Feld,

213 679 92 47 und
335 679 79 50 das
443 682 269 62 eigentliche
741 682 209 49 Studium
983 684 157 47 wurde
1171 684 285 65 überflüssig.
1496 688 93 46 Das
1619 687 85 47 bun-

211 764 111 41 teste
345 759 381 47 Durcheinander
749 760 108 47 aller
882 778 86 31 nur
997 762 317 47 erdenklichen
1340 763 213 48 Stilarten
1576 764 157 47 wurde

214 848 85 32 von
331 833 87 48 den
449 834 516 51 Theater-Directionen
1011 838 240 65 principlos
1286 838 45 47 in
1373 839 257 65 Beziehung
1661 840 82 47 auf

209 910 74 47 die
307 912 163 54 Kunst,
501 912 318 50 rücksichtslos
848 915 43 46 in
917 915 261 64 Beziehung
1208 917 80 45 auf
1312 915 85 47 den
1426 917 190 63 Sänger,
1647 936 85 29 nur

213 987 114 46 nach
358 987 264 49 Bedürfniss
658 989 91 47 und
786 989 81 48 der
895 990 121 49 Noth
1046 990 78 49 des
1154 993 164 62 Tages,
1360 992 103 48 dem
1496 994 236 47 Publicum

212 1064 284 65 aulgetischt.
540 1065 132 49 Auch
715 1065 79 50 das
825 1067 236 49 redlichste
1091 1068 194 49 Streben
1315 1069 78 47 des
1422 1070 212 65 Sängers,
1665 1072 71 47 die

211 1141 297 64 glücklichste
540 1141 238 65 Fähigkeit
820 1160 97 32 war
952 1145 123 47 nicht
1111 1145 57 47 im
1200 1144 187 58 Stande,
1431 1147 79 48 das
1547 1148 106 47 alles
1681 1166 54 29 zu

211 1219 273 63 bewältigen
514 1219 90 47 und
634 1237 80 30 zur
743 1220 357 50 künstlerischen
1134 1223 133 47 Höhe
1303 1224 308 57 auszubilden,
1642 1241 93 33 was

211 1294 81 48 der
324 1295 157 47 Dienst
517 1312 83 31 von
645 1296 93 49 ihm
781 1299 258 63 verlangte;
1082 1298 71 48 die
1183 1300 159 47 Kräfte
1384 1299 76 48 des
1489 1301 244 47 Einzelnen

216 1370 191 50 wurden
449 1373 83 48 auf
566 1390 54 31 zu
661 1374 336 57 verschiedene,
1037 1384 425 57 entgegengesetzte
1489 1378 162 48 Weise
1691 1379 42 47 in

212 1449 242 65 Anspruch
485 1467 292 48 genommen,
813 1451 78 49 das
921 1453 185 64 nöthige
1135 1453 210 48 Studium
1376 1472 51 29 zu
1458 1454 105 48 sehr
1592 1455 42 47 in
1663 1455 72 47 die

209 1526 154 47 Breite
391 1543 221 48 gezogen,
654 1528 63 48 als
759 1528 102 49 dass
899 1545 46 32 es
974 1530 195 64 möglich
1199 1548 210 47 gewesen
1440 1536 138 52 wäre,
1619 1533 113 47 nach

208 1604 118 47 allen
355 1604 153 47 Seiten
540 1604 73 47 hin
642 1605 79 47 das
747 1606 130 49 Beste
905 1606 112 49 oder
1046 1624 87 31 nur
1155 1609 211 47 Besseres
1394 1625 51 31 zu
1476 1609 257 57 erreichen;

207 1679 82 48 der
317 1681 177 64 Sänger
524 1689 169 40 musste
720 1682 93 49 sich
846 1682 261 68 begnügen,
1148 1685 91 47 sich
1271 1685 80 48 mit
1379 1686 146 47 Allem
1558 1686 174 49 leidlich

208 1756 291 59 abzufinden,
542 1759 93 48 und
678 1776 132 32 wenn
854 1776 49 32 er
937 1761 48 65 ja
1025 1762 42 47 in
1098 1762 125 47 einer
1253 1762 205 65 Gattung
1488 1762 247 49 besonders

207 1835 246 56 exceilirte,
495 1851 48 33 so
588 1836 124 50 hatte
750 1854 49 32 er
841 1837 80 50 das
955 1839 169 48 seinem
1155 1840 190 48 Naturel
1375 1858 52 30 zu
1456 1840 277 58 verdanken,

206 1914 195 47 welches
430 1914 92 48 sich
552 1916 329 64 vorzugsweise
908 1916 140 48 dafür
1075 1917 284 65 qualificirte.
1402 1920 48 46 In
1481 1919 146 47 dieser
1656 1919 52 48 be-

206 1990 308 65 anspruchten
546 1991 326 66 Vielseitigkeit
913 1994 150 48 haben
1107 1995 81 46 wir
1227 1995 115 48 auch
1374 1995 86 48 den
1492 1995 159 48 Grund
1680 2014 51 30 zu

199 2066 134 65 jener
362 2066 435 51 Oberflächlichkeit
834 2070 92 47 und
956 2070 390 66 Leichtfertigkeit
1373 2090 53 29 zu
1456 2072 187 56 suchen,
1680 2091 53 30 zu

207 2145 199 47 welcher
446 2145 92 47 sich
580 2145 73 48 die
682 2147 175 64 Sänger
893 2164 282 49 gezwungen
1204 2149 156 48 sahen.
1403 2150 83 47 Mit
1512 2149 104 48 dem
1644 2150 59 48 Ge-

203 2221 170 49 schenk
413 2221 83 49 der
529 2223 397 67 Spectakel-Oper
966 2225 113 49 aber
1119 2226 158 48 sollten
1321 2226 71 50 die
1435 2229 268 63 Gesang-Zu-

204 2298 159 49 stände
392 2300 117 48 noch
538 2300 130 48 tiefer
696 2301 172 49 sinken.
899 2302 169 48 Hierzu
1095 2303 194 47 nämlich
1321 2303 160 49 wurde
1507 2321 80 32 vor
1615 2305 116 48 allen

203 2376 183 65 Dingen
410 2377 286 50 Stimmkraft
717 2378 273 65 gebraucht,
1021 2381 287 48 Stimmkraft
1329 2399 75 30 um
1423 2381 138 65 jeden
1583 2382 150 57 Preis;

203 2452 72 50 die
307 2453 163 49 Cultur
500 2471 97 32 war
626 2457 202 64 weniger
866 2457 173 65 nöthig.
1096 2457 113 48 Hier
1252 2458 98 49 half
1379 2458 131 49 keine
1548 2460 184 56 Schule,

207 2531 131 48 keine
367 2532 179 48 Manier
574 2533 147 58 mehr,
752 2535 100 47 kein
882 2535 157 57 feiner,
1075 2535 253 66 gebildeter
1359 2537 214 65 Vortrag,
1604 2537 131 48 keine

206 2608 270 49 ästhetische
517 2610 251 49 Schönheit
809 2611 77 48 des
917 2613 165 56 Tones,
1122 2612 131 50 keine
1289 2615 199 63 Eleganz
1501 2632 82 30 —:
1614 2613 118 49 denn

204 2686 122 48 diese
349 2687 353 65 Eigenschaften
727 2690 166 64 gingen
917 2691 275 63 rettungslos
1214 2697 132 42 unter
1368 2691 43 48 in
1435 2691 103 48 dem
1562 2693 146 46 Instru-

204 2765 319 57 mentenlärm,
551 2765 44 48 in
625 2766 55 48 all
711 2766 105 48 dem
848 2767 442 50 sinnverwirrenden
1321 2768 185 56 Trödel,
1536 2770 197 47 welcher

206 2841 78 48 des
312 2842 197 50 Effectes
540 2860 158 48 wegen
738 2846 265 62 gewaltsam
1041 2845 43 48 in
1114 2845 71 49 die
1214 2846 129 65 Oper
1371 2846 360 66 hereingezogen

207 2936 124 41 war;
374 2937 88 31 nur
491 2919 71 50 die
592 2922 265 65 ausgiebige
888 2923 161 64 Lunge
1078 2922 169 50 konnte
1277 2923 98 49 hier
1403 2925 114 47 noch
1548 2923 184 65 siegend

206 2996 341 67 durchdringen
590 2999 92 47 und
736 3016 55 32 zu
844 2999 127 49 einer
1012 3001 150 64 wenig
1204 2999 288 50 ehrenvollen
1536 3002 199 63 Geltung

204 3074 231 50 kommen.
465 3077 88 47 Die
581 3077 254 48 natürliche
860 3079 142 64 Folge
1031 3078 144 48 davon
1206 3095 112 40 war,
1347 3078 103 50 dass
1479 3096 104 32 man
1614 3079 123 49 nicht

207 3153 131 47 mehr
366 3153 115 48 nach
512 3154 207 65 Sängern
754 3156 175 58 suchte,
971 3156 196 48 sondern
1210 3157 116 47 nach
1356 3157 238 48 Stimmen.
1639 3157 96 49 Wo

204 3247 106 31 man
339 3246 48 33 so
418 3231 224 64 glücklich
675 3248 112 41 war,
825 3233 101 47 eine
954 3251 53 29 zu
1039 3232 169 58 finden,
1238 3233 249 65 gleichviel,
1524 3233 59 50 ob
1614 3233 118 50 beim

204 3308 198 48 Amboss
433 3309 112 49 oder
575 3309 119 49 beim
726 3311 198 57 Leisten,
966 3311 59 49 da
1061 3312 161 48 wurde
1263 3312 63 48 sie
1366 3312 367 66 hervorgezogen

204 3384 94 50 und
326 3386 45 47 in
401 3386 70 48 die
494 3387 316 65 Kunstsphäre
834 3388 239 64 gebracht,
1102 3406 75 30 um
1209 3389 115 49 nach
1356 3389 238 65 möglichst
1623 3391 81 45 kur-

203 3481 75 30 zer
307 3463 291 65 Abrichtung
628 3464 148 49 einem
805 3466 284 66 dringenden
1114 3466 289 49 Bedürfnisse
1432 3468 44 46 in
1500 3467 82 48 der
1606 3468 129 64 Oper

204 3542 286 49 abzuhelfen.
550 3543 115 50 Was
694 3543 207 48 indessen
938 3561 49 32 so
1018 3546 266 63 gewaltsam
1329 3546 404 64 herausgetrieben

206 3636 113 42 war,
348 3619 80 50 das
453 3620 168 49 konnte
644 3620 123 49 nicht
788 3637 83 32 von
895 3622 161 65 langer
1078 3624 160 47 Dauer
1266 3622 116 57 sein;
1412 3622 71 48 die
1512 3623 223 48 Stimmen

206 3697 193 48 wurden
426 3697 144 49 durch
602 3698 268 66 unsinnigen
901 3699 246 48 Gebrauch
1192 3717 79 32 vor
1308 3699 81 48 der
1417 3700 98 47 Zeit
1549 3716 160 31 vercon-

204 3775 178 56 sumirt,
424 3775 94 49 und
548 3777 72 48 die
653 3778 194 47 Besitzer
889 3777 237 48 derselben
1169 3779 238 47 verliessen
1451 3778 262 48 verhältniss-

203 3853 166 63 mässig
399 3852 116 49 eben
543 3869 50 32 so
622 3854 169 48 schnell
821 3854 98 48 ihre
943 3854 326 48 künstlerische
1291 3854 268 59 Laufbahn,
1589 3855 63 49 als
1674 3855 62 49 sie

203 3930 201 50 dieselbe
447 3930 241 66 begonnen
731 3933 170 48 hatten.
957 3933 84 49 Mit
1081 3932 86 49 den
1204 3933 175 65 jungen
1421 3934 314 65 Sängerinnen

203 4008 109 66 ging
340 4024 47 32 es
416 4009 125 48 nicht
571 4009 165 50 besser.
783 4012 140 47 Hatte
952 4010 101 49 eine
1081 4028 52 31 zu
1163 4010 145 49 ihrem
1341 4010 211 65 Unglück
1581 4012 152 48 starke

202 4087 327 59 Stimmmittel,
570 4103 50 32 so
659 4087 159 49 wurde
857 4088 64 48 sie
955 4106 80 30 zur
1068 4088 321 49 Uebernahme
1420 4088 81 48 der
1530 4095 178 42 anstren-

1817 305 216 62 gendsten
2066 307 205 48 Partieen
2315 311 267 54 veranlasst;
2625 311 56 48 da
2721 330 91 30 nun
2856 315 109 48 aber
3007 317 98 47 kein
3147 318 174 64 Organ,

1816 382 137 47 bevor
1981 400 46 30 es
2055 385 40 45 in
2124 386 91 46 sich
2246 387 131 62 völlig
2409 388 85 47 reif
2518 388 88 47 und
2638 392 278 62 ausgebildet
2946 393 67 54 ist,
3050 395 268 50 anhaltende

1810 461 327 62 Anstrengung
2178 466 212 59 verträgt,
2432 466 162 51 zumal,
2638 482 128 31 wenn
2809 470 98 45 eine
2950 471 132 46 weise
3124 472 165 48 Beherr-

1810 536 175 63 schung
2015 537 88 47 und
2133 538 263 65 Schonung,
2439 542 169 46 welche
2638 543 370 64 Anfängerinnen
3039 547 136 47 selten
3207 548 109 49 oder

1811 612 71 46 nie
1911 628 51 30 zu
1992 613 130 64 eigen
2154 614 67 55 ist,
2251 614 205 50 dasselbe
2485 617 121 47 nicht
2634 618 240 50 schützend
2904 621 141 56 hütet,
3085 639 47 31 so
3162 640 154 33 waren

1810 688 115 47 auch
1957 688 119 48 diese
2116 689 42 47 in
2202 691 84 47 den
2330 693 184 47 meisten
2545 694 151 47 Fällen
2738 696 136 48 schon
2914 697 79 48 das
3021 698 142 64 Opfer
3201 701 119 48 ihres

1810 764 331 49 Unverstandes
2182 766 89 48 und
2311 768 122 47 ihrer
2478 769 221 55 Eitelkeit,
2740 788 130 31 wenn
2912 773 62 47 sie
3011 774 96 47 ihre
3147 774 170 50 höhere

1810 839 323 51 künstlerische
2151 844 318 66 Entwicklung
2493 847 113 47 noch
2631 863 78 31 vor
2729 848 89 47 sich
2845 849 144 47 haben
3013 852 171 47 sollten.
3226 854 91 46 Das

1810 918 234 48 Publicum
2076 919 174 48 endlich
2285 920 156 49 wurde
2478 922 215 48 ebenfalls
2723 924 199 49 dadurch
2954 927 275 56 verdorben;
3271 946 46 32 es

1808 997 146 44 verlor
1982 995 79 49 das
2091 997 102 47 Ohr
2224 997 90 48 und
2343 998 84 47 den
2458 999 108 47 Sinn
2603 1000 74 46 für
2706 1000 70 49 die
2806 1002 166 48 feinere
3001 1003 209 65 Bildung,
3245 1004 71 49 die

1807 1070 268 49 ästhetische
2104 1073 247 48 Schönheit
2378 1074 77 48 des
2485 1077 164 53 Tones,
2692 1077 89 47 und
2814 1078 118 63 legte
2960 1079 244 64 gleichfalls
3232 1098 85 31 nur

1806 1148 117 47 noch
1952 1148 165 49 Werth
2149 1150 81 47 auf
2254 1150 70 47 die
2354 1153 244 47 materielle
2624 1153 108 48 rohe
2756 1155 151 55 Kraft;
2939 1155 200 50 wirklich
3165 1157 126 49 künst-

1807 1224 189 50 lerische
2025 1227 348 63 Eigenschaften
2405 1229 187 47 wurden
2622 1229 134 48 kaum
2789 1232 113 48 noch
2932 1233 240 62 geschätzt,
3209 1234 109 48 oder

1807 1300 114 48 doch
1947 1319 86 29 nur
2055 1301 136 56 dann,
2221 1321 131 30 wenn
2381 1305 62 47 sie
2474 1307 77 45 mit
2582 1305 231 49 brillanter
2839 1309 187 47 Stimme
3055 1309 259 50 verbunden

1807 1394 175 41 waren;
2006 1379 65 65 ja,
2099 1380 137 47 selbst
2265 1381 80 46 der
2373 1381 248 67 gediegene
2648 1384 213 48 Künstler
2881 1387 146 45 verlor
3053 1385 161 49 bereits
3238 1388 79 47 mit

1807 1454 80 49 der
1916 1455 186 48 Frische
2131 1456 142 49 seines
2302 1459 183 63 Organs
2513 1460 121 47 seine
2664 1463 158 45 Gunst.
2852 1463 71 47 Da
2951 1478 46 32 es
3020 1481 90 30 nun
3134 1463 70 48 bei
3228 1463 85 49 den

1806 1531 194 49 Bühnen
2029 1534 115 47 auch
2177 1534 129 48 keine
2337 1535 321 48 künstlerische
2690 1536 378 66 Ueberwachung
3097 1540 106 62 gab,
3243 1541 71 47 die

1806 1608 150 48 diesen
1989 1610 208 47 forcirten
2230 1611 241 49 Künstlern
2509 1613 233 55 warnend,
2784 1614 191 47 rathend
3015 1614 89 48 und
3137 1615 179 48 bildend

1805 1703 78 30 zur
1905 1686 119 47 Seite
2046 1686 147 57 stand,
2216 1688 119 48 diese
2357 1689 216 48 vielmehr
2594 1689 44 48 in
2660 1690 121 47 ihrer
2803 1691 362 49 vermeintlichen
3190 1694 102 47 Gott-

1806 1764 274 48 ähnlichkeit
2102 1765 118 47 ohne
2243 1766 318 49 hinreichende
2587 1768 299 48 menschliche
2903 1768 194 66 Bildung
3119 1770 90 47 sich
3236 1771 84 47 alle

1806 1858 86 29 nur
1916 1841 254 64 möglichen
2196 1842 372 64 Extravaganzen
2591 1844 254 54 erlaubten,
2873 1845 161 47 immer
3063 1846 130 47 mehr
3219 1863 72 32 ver-

1806 1917 233 49 wilderten
2070 1917 91 49 und
2191 1917 76 49 des
2297 1920 257 48 Prädicates
2593 1958 15 18 „
2998 1922 191 49 welches
3218 1924 96 48 eine

1810 1995 308 65 Vereinigung
2146 2013 84 30 von
2260 1996 129 48 edlen
2414 1997 348 64 Eigenschaften
2793 1999 90 47 und
2907 2000 217 47 Talenten
3154 2001 42 46 in
3227 2000 91 48 sich

1807 2071 121 57 fasst,
1957 2072 162 49 immer
2150 2074 296 64 unwürdiger
2475 2074 204 57 wurden,
2718 2091 49 32 so
2805 2075 167 48 konnte
3002 2093 45 30 es
3076 2076 120 48 nicht
3224 2076 71 48 feh-

1805 2150 88 56 len,
1916 2150 99 52 dass
2039 2150 78 47 das
2135 2151 326 64 Sprüchwort:
2500 2188 18 19 „
2540 2152 123 54 „Wo
2686 2151 71 48 die
2779 2154 174 45 Künste
2973 2154 228 53 verfielen,
3223 2155 95 46 sind

1805 2226 62 48 sie
1896 2226 143 48 durch
2070 2227 70 49 die
2169 2229 216 48 Künstler
2883 2230 233 65 traurigen
3148 2231 138 48 Wahr-

1807 2302 91 50 heit
1926 2303 173 50 wurde.

1931 2381 115 57 „Die
2074 2382 174 64 Sänger
2276 2381 97 48 sind
2403 2382 58 48 im
2494 2382 180 48 Ganzen
2715 2399 155 31 rarer
2908 2382 263 65 geworden,
3210 2384 111 48 aber

1805 2458 123 49 nicht
1967 2460 362 48 künstlerischer.
2385 2460 100 49 Und
2527 2477 94 31 wer
2658 2461 90 47 sich
2789 2461 122 48 nicht
2939 2461 109 48 aller
3088 2461 230 65 gesunden

1805 2537 218 57 Einsicht,
2052 2537 107 47 alles
2189 2536 347 66 unbefangenen
2559 2538 194 49 Urtheils
2776 2538 290 65 entschlagen
3096 2538 111 49 oder
3233 2538 63 49 sei-

1806 2630 85 32 nen
1921 2613 292 65 Standpunkt
2251 2615 80 47 tief
2362 2622 130 40 unter
2521 2613 78 50 das
2630 2615 170 48 Niveau
2831 2615 80 48 der
2940 2616 145 63 längst
3123 2615 171 48 erreich-

1805 2698 73 40 ten
1907 2692 450 62 Kunstanschauung
2389 2691 345 48 herabdrücken
2765 2692 106 57 will,
2913 2692 79 47 der
3030 2692 118 47 kann
3186 2692 134 48 ihnen

1806 2768 80 47 mit
1926 2768 101 49 dem
2072 2768 154 49 besten
2260 2770 171 47 Willen
2475 2768 130 49 keine
2648 2768 227 49 blühende
2904 2768 210 49 Lobrede
3157 2770 163 48 halten.

1805 2846 147 49 Wohl
1982 2846 97 65 gibt
2107 2862 47 32 es
2182 2846 115 48 noch
2329 2846 415 65 achtungswerthe,
2767 2847 65 64 ja,
2860 2846 306 48 vortreffliche
3195 2847 93 64 Ope-

1806 2923 153 56 risten,
1990 2923 140 49 deren
2151 2923 212 55 Streben,
2391 2923 297 65 Fähigkeiten
2719 2923 89 47 und
2839 2923 263 47 Verdienste
3130 2941 52 29 zu
3207 2925 116 47 allen

1805 3002 156 47 Zeiten
1990 3002 71 47 die
2091 3001 205 66 freudige
2325 3002 343 63 Anerkennung
2696 3001 80 48 der
2806 3002 162 47 Besten
3007 3001 289 64 herausgefor-

1807 3078 99 48 dert
1948 3079 178 56 hätten;
2169 3079 112 49 aber
2321 3078 71 48 die
2434 3078 228 48 einzelnen
2706 3078 398 65 hervorragenden
3143 3079 177 64 Spitzen

1806 3156 161 48 dürfen
2010 3172 81 32 uns
2136 3156 113 48 über
2288 3156 73 48 die
2390 3156 331 48 Gesammtheit
2749 3156 80 48 der
2856 3156 306 63 Sängerschar
3200 3156 123 48 nicht

1807 3233 210 57 blenden,
2047 3233 117 48 denn
2197 3234 79 47 mit
2304 3233 144 48 dieser
2478 3233 149 48 haben
2659 3234 80 46 wir
2767 3250 46 30 es
2839 3251 53 29 zu
2922 3234 127 46 thun.
3081 3233 133 48 Diese
3236 3250 85 31 nur

1807 3312 98 65 gibt
1933 3327 81 32 uns
2044 3311 86 48 den
2161 3311 251 48 Maassstab
2456 3312 76 47 für
2568 3311 71 48 die
2679 3311 230 47 wirkliche
2939 3311 265 64 allgemeine
3234 3311 59 48 Ge-

1806 3389 280 65 sangcultur,
2105 3389 89 47 und
2220 3388 67 48 bei
2307 3389 312 63 Betrachtung
2635 3388 145 48 dieser
2795 3388 156 48 stehen
2975 3388 80 48 wir
3077 3405 77 30 vor
3177 3388 143 48 einem

1808 3468 149 64 wenig
1986 3466 291 48 erbaulichen
2305 3467 244 47 Resultate.
2582 3467 164 47 Hierzu
2777 3466 145 48 liefert
2950 3482 81 32 uns
3060 3464 86 49 den
3176 3472 147 41 ersten

1810 3546 138 63 Beleg
1970 3544 78 47 das
2072 3546 370 63 Opernpersonal
2466 3543 79 48 der
2570 3543 229 56 besseren,
2822 3543 63 65 ja,
2914 3542 80 48 der
3019 3542 152 48 besten
3196 3542 101 48 deut-

1806 3623 136 47 schen
1973 3622 209 56 Bühnen,
2221 3622 192 48 welches
2456 3622 41 47 in
2541 3622 123 47 ihrer
2693 3622 213 47 Totalität
2933 3620 120 47 wohl
3083 3636 55 31 an
3168 3619 154 48 keiner

1807 3700 119 49 ohne
1954 3699 151 48 solche
2133 3699 187 47 Lücken
2351 3699 68 56 ist,
2448 3698 71 48 die
2551 3699 122 47 nicht
2707 3716 83 30 von
2820 3698 102 48 dem
2951 3698 181 63 Mangel
3163 3697 140 48 tüchti-

1807 3794 81 49 ger
1919 3777 329 63 Gesangkräfte
2278 3777 69 47 ein
2378 3777 319 47 lautredendes
2725 3775 219 65 Zeugniss
2974 3774 224 64 ablegten.
3240 3774 87 48 Die

1806 3854 326 50 Bühnenleiter
2155 3854 190 48 wähnen
2371 3854 141 47 schon
2536 3854 77 47 das
2638 3854 200 47 Höchste
2864 3853 193 47 erreicht
3083 3868 52 31 zu
3161 3852 166 56 haben,

1810 3949 130 32 wenn
1968 3932 63 48 sie
2060 3932 198 47 einzelne
2287 3930 239 50 Matadore
2558 3930 210 56 besitzen,
2805 3929 70 48 die
2904 3929 143 48 durch
3077 3928 97 49 ihre
3201 3929 100 65 glän-

1806 4010 170 50 zenden
2006 4010 352 64 Eigenschaften
2389 4010 69 47 ein
2483 4010 161 46 Lustre
2676 4008 113 48 über
2818 4007 71 49 die
2920 4024 139 49 ganze
3080 4007 127 64 Oper
3228 4022 72 32 ver-

1811 4088 190 58 breiten,
2033 4088 98 48 weil
2164 4103 44 32 es
2240 4085 210 67 (gestatte
2480 4087 67 47 ich
2572 4085 209 65 zufällige
3146 4083 81 49 fast
3247 4099 76 31 zur
