2263 3876
732 257 147 33 COURS
915 257 59 27 DU
1010 247 200 36 COLLÈGE
1245 254 56 27 DE
1336 252 170 28 FRANCE

130 255 75 52 198

127 362 39 40 la
192 360 212 52 première
428 357 121 52 place
574 369 80 26 aux
680 352 180 52 simples
885 358 189 32 acteurs.
1101 348 118 42 Avec
1244 344 242 56 Sophocle,
1513 358 103 29 avec
1635 343 216 55 Euripide
1876 352 191 43 surtout,
2093 349 28 42 il

127 440 300 31 commencera
450 430 21 35 à
488 428 90 36 être
601 420 245 54 dépossédé
867 427 41 33 et
937 423 21 36 à
983 417 183 42 devenir
1188 430 60 27 un
1278 414 341 43 hors-d'œuvre.
1645 414 206 45 Pendant
1875 414 40 43 la
1940 417 182 50 période

129 498 212 45 romaine,
367 491 248 43 l'orchestre
639 496 55 35 où
737 489 29 40 il
792 489 170 50 régnait
1002 483 185 44 d'abord
1213 483 124 55 (sans
1373 482 143 47 scène)
1536 485 178 42 devient
1728 497 58 28 un
1807 483 281 45 demi-cercle
2110 502 8 34 ;

130 580 52 26 au
207 565 84 40 lieu
316 560 102 43 d'un
438 558 295 50 demi-cercle,
769 557 103 41 chez
909 557 63 40 les
1008 555 254 48 modernes,
1289 567 46 28 ce
1366 567 96 28 sera
1488 555 147 40 moins
1658 565 160 28 encore
1837 562 8 39 ;
1872 560 56 41 et,
1954 552 169 49 d'autre

128 642 110 43 part,
261 645 74 26 sur
350 630 39 41 la
410 642 19 25 «
454 634 127 36 scène
605 641 37 35 »,
663 627 39 41 le
722 631 185 49 progrès
926 626 257 40 continuera
1205 623 53 41 de
1279 623 100 53 plus
1396 637 54 27 en
1463 623 117 52 plus,
1606 622 113 41 dans
1737 637 59 26 un
1815 635 102 28 sens
1939 630 182 46 opposé,

129 700 70 42 On
217 701 125 40 traite
355 699 76 40 des
454 698 135 52 sujets
615 710 19 25 «
649 697 229 51 tragiques
896 707 18 25 »
929 697 16 38 ?
963 692 118 42 Sans
1098 693 134 41 doute
1246 706 9 35 ;
1278 694 112 39 mais
1411 692 28 42 il
1461 705 53 27 ne
1529 691 92 44 faut
1638 704 81 40 pas
1736 695 92 39 être
1844 691 117 53 dupe
1980 692 54 43 de
2053 707 69 29 ces

129 777 114 33 mots
265 769 52 39 de
340 781 19 24 «
376 776 167 32 terreur
564 774 40 33 et
620 767 105 51 pitié
739 776 38 28 ».
801 762 134 50 C'est,
960 776 174 28 comme
1149 762 131 42 dirait
1293 760 281 52 Montaigne,
1599 774 19 24 «
1634 775 59 26 un
1709 760 200 42 fantôme
1933 765 22 36 à
1979 771 121 36 eston-

129 851 78 27 ner
228 837 62 40 les
312 849 110 38 gens
446 849 37 26 ».
507 834 31 41 Il
563 832 128 53 s'agit
722 842 130 34 avant
871 840 94 34 tout
987 832 54 40 de
1058 831 238 42 rehausser
1315 829 180 42 l'attrait
1518 828 130 44 d'une
1670 830 171 50 grande
1870 829 86 42 fête
1980 845 115 40 popu-

129 907 122 46 laire,
272 914 40 32 et
333 918 57 27 on
414 912 102 45 peut
549 918 27 38 y
594 904 181 49 arriver,
814 907 112 36 entre
948 906 139 35 autres
1110 914 172 39 moyens
1289 932 9 19 ,
1323 913 81 39 par
1426 899 77 44 des
1528 899 242 52 spectacles
1795 901 91 51 qui,
1912 913 54 28 en
2004 901 119 54 dépit

129 973 237 41 d'Aristote
388 981 40 33 et
450 972 53 40 de
522 971 247 47 Nietzsche,
789 971 122 41 n'ont
935 971 92 40 rien
1050 969 53 40 de
1121 969 291 48 douloureux,
1436 965 238 51 d'austère,
1699 969 54 40 de
1773 967 197 53 sombre,
1993 983 55 28 ou
2071 971 52 45 de

131 1056 20 26 «
185 1044 250 52 pessimiste
460 1054 39 36 »,
519 1054 128 39 parce
670 1053 85 39 que
774 1040 40 40 la
854 1040 151 52 poésie
1040 1039 62 41 les
1125 1039 246 52 enveloppe
1410 1046 41 36 et
1484 1038 63 40 les
1571 1036 270 46 transforme
1857 1051 55 28 en
1947 1038 172 47 beauté.

129 1112 140 47 Ainsi,
291 1124 85 29 une
399 1110 259 40 Parisienne
700 1114 87 35 très
829 1108 186 41 délicate
1037 1116 157 33 mettra
1235 1107 111 40 dans
1385 1120 82 31 son
1492 1106 127 42 salon
1648 1107 39 43 la
1712 1115 146 37 statue
1881 1121 55 31 en
1960 1107 163 46 bronze

129 1179 103 42 d'un
255 1179 100 40 dieu
378 1179 170 42 chinois
567 1186 307 39 monstrueux,
900 1190 55 28 ou
979 1192 56 26 un
1059 1190 185 39 masque
1268 1178 208 50 japonais
1499 1178 272 50 grimaçant,
1796 1190 91 28 non
1909 1191 81 39 pas
2013 1193 111 39 pour

131 1247 184 53 effrayer
337 1260 69 28 ses
428 1247 143 51 hôtes,
590 1248 112 39 mais
725 1259 130 40 parce
891 1259 85 40 que
998 1259 47 27 ce
1074 1254 101 34 sont
1196 1245 78 42 des
1298 1246 146 52 pièces
1462 1244 130 52 d'art,
1619 1244 107 43 d'un
1748 1246 157 43 travail
1930 1249 191 45 curieux.

130 1315 262 46 N'oublions
413 1329 95 40 pas,
533 1313 243 53 d'ailleurs,
802 1328 85 39 que
908 1315 62 41 les
992 1313 135 44 Grecs
1149 1316 174 42 avaient
1361 1315 138 50 aussi,
1526 1319 20 38 à
1575 1317 96 42 côté
1693 1315 54 44 de
1771 1315 39 43 la
1845 1317 215 51 tragédie,
2083 1319 37 46 le

133 1386 149 42 drame
302 1386 224 53 satyrique
544 1393 41 33 et
608 1384 39 41 la
673 1383 252 46 comédie..,

184 1451 277 44 L'évolution
484 1466 84 41 que
602 1451 70 54 j'ai
708 1454 228 51 esquissée
959 1454 217 39 constitue
1218 1467 58 26 un
1310 1452 230 44 ensemble
1578 1460 58 36 où
1662 1461 93 35 tout
1777 1459 143 47 paraît
1944 1456 101 42 bien
2070 1471 51 30 en

132 1523 136 53 place.
309 1522 68 43 Du
409 1524 124 54 point
573 1522 52 42 de
666 1522 152 52 départ
839 1526 21 40 à
893 1522 40 43 la
957 1523 216 55 première
1200 1526 126 49 étape
1349 1524 271 53 importante
1638 1521 317 57 (représentée,
1982 1527 35 40 si
2037 1525 85 44 l'on

131 1599 115 40 veut,
271 1605 78 37 par
371 1590 38 40 le
432 1590 247 40 Promèlhèe
713 1603 55 27 ou
792 1590 57 40 les
888 1590 148 40 Perses
1073 1588 269 57 d'Eschyle),
1369 1600 94 33 tout
1497 1591 172 42 semble
1692 1591 294 53 s'enchaîner,
2031 1604 91 35 tout

132 1659 213 41 concorde
369 1672 101 29 avec
492 1658 62 43 les
587 1658 308 42 observations
934 1658 135 53 qu'on
1102 1661 198 51 pourrait
1332 1659 108 43 faire
1464 1661 113 41 dans
1599 1660 195 43 d'autres
1814 1663 234 43 domaines
2071 1666 50 42 de

132 1726 208 43 l'histoire
362 1741 10 35 ;
394 1736 55 40 et,
474 1727 53 41 de
550 1736 111 35 cette
684 1732 127 48 étape
846 1726 173 54 jusqu'à
1060 1726 134 50 Lulli,
1239 1728 263 55 Meyerbeer
1523 1743 57 31 ou
1606 1730 52 46 R.
1690 1730 221 55 Wagner,
1951 1734 29 42 il
1998 1733 71 57 n'y
2099 1750 21 29 a

133 1798 122 50 point
280 1796 53 39 de
365 1794 244 43 difficultés.

186 1863 313 52 L'important,
524 1863 103 42 c'est
648 1864 39 41 le
720 1867 123 50 point
876 1865 54 42 de
952 1865 155 52 départ
1128 1880 85 38 que
1245 1867 69 53 j'ai
1357 1873 192 48 proposé
1580 1869 280 43 d'admettre.
1884 1870 73 43 On
1980 1886 21 27 a
2026 1873 60 42 dit
2112 1884 8 31 :

133 1932 110 41 celui
266 1933 89 51 qui,
381 1946 55 27 au
468 1933 86 40 lieu
588 1933 53 40 de
675 1938 195 35 raconter
893 1933 40 41 la
961 1934 186 51 légende
1185 1935 53 42 de
1277 1936 56 40 tel
1377 1950 57 28 ou
1474 1938 56 40 tel
1560 1952 301 39 personnage,
1886 1938 234 47 s'identifia

134 2013 102 29 avec
265 2000 60 41 lui
357 2008 40 34 et
420 2002 91 49 agit
536 2014 54 28 en
612 2006 322 48 conséquence,
961 2001 63 44 fut
1048 2003 38 41 le
1108 2006 93 38 vrai
1234 2009 200 40 créateur
1455 2006 58 43 du
1538 2007 186 45 théâtre.
1749 2008 51 56 Je
1831 2023 55 30 ne
1909 2012 114 41 crois
2043 2025 76 40 pas

132 2081 84 39 que
239 2067 280 54 l'apparition
539 2070 57 40 du
620 2070 153 40 drame
808 2070 172 53 lyrique
1001 2074 85 38 soit
1105 2072 85 41 due
1213 2077 22 36 à
1253 2082 111 33 cette
1382 2084 118 32 sorte
1523 2076 54 41 de
1600 2090 114 40 coup
1733 2078 216 43 d'audace
1971 2092 8 37 ;
2006 2081 37 51 je
2066 2094 53 29 ne

131 2137 38 39 le
188 2138 112 38 crois
319 2150 97 38 pas,
441 2151 127 38 parce
588 2152 86 38 que
693 2138 40 40 la
757 2141 147 49 magie
924 2148 65 32 est
1012 2154 45 27 ce
1075 2139 107 54 qu'il
1202 2157 27 37 y
1251 2156 22 26 a
1296 2143 53 40 de
1368 2143 101 52 plus
1492 2147 156 42 ancien
1670 2147 114 41 dans
1808 2146 216 46 l'histoire
2044 2150 75 42 des

131 2206 183 41 sociétés
346 2206 249 49 humaines,
621 2215 40 32 et
684 2220 128 38 parce
837 2221 85 39 que
946 2208 38 40 la
1009 2211 148 49 magie
1192 2214 224 40 contenait
1448 2221 95 34 tout
1566 2228 46 30 ce
1650 2215 106 53 qu'il
1785 2216 141 43 fallait
1951 2232 112 39 pour
2082 2219 36 43 le

131 2273 167 41 théâtre
323 2284 7 30 :
357 2271 241 43 l'imitation
621 2278 74 46 (au
720 2289 101 28 sens
842 2277 315 42 aristotélicien
1192 2279 59 41 du
1274 2289 109 42 mot,
1404 2281 284 45 c'est-à-dire
1723 2285 39 41 la
1801 2288 313 52 reproduction

129 2340 101 41 d'un
254 2354 171 40 groupe
447 2342 53 41 de
522 2342 102 43 faits
646 2352 42 33 et
708 2343 181 54 d'idées)
912 2354 8 41 ;
948 2345 82 44 elle
1053 2349 104 39 était
1180 2347 104 44 faite
1306 2350 55 40 de
1385 2350 149 51 chant,
1568 2354 54 40 de
1644 2362 165 42 gestes,
1835 2355 53 42 de
1919 2356 162 43 danses
2107 2368 7 28 ;

129 2409 82 40 elle
235 2411 114 38 avait
388 2410 113 41 donc
538 2420 97 32 tous
677 2413 63 40 les
763 2413 215 42 éléments
1001 2429 86 38 que
1110 2429 113 29 nous
1263 2427 264 36 retrouvons
1552 2422 113 41 dans
1688 2423 62 41 les
1770 2423 345 47 chefs-d'œuvre

129 2478 52 39 de
206 2478 9 39 1
237 2481 81 47 âge
341 2479 233 53 classique.
597 2481 29 41 Il
646 2480 184 43 suffisait
851 2483 57 43 du
924 2485 130 48 génie
1069 2484 76 44 des
1166 2491 151 49 poètes
1335 2501 113 40 pour
1470 2491 104 43 tirer
1590 2491 39 44 le
1646 2491 138 46 chêne
1803 2493 59 45 du
1884 2507 153 42 germe
2060 2502 52 38 où

130 2545 28 44 il
182 2548 104 39 était
308 2547 159 40 inclus.

186 2615 69 39 On
280 2629 21 24 a
322 2614 62 42 dit
402 2618 117 38 aussi
546 2615 62 52 (ce
633 2617 62 41 fut
720 2619 8 39 1
750 2621 183 50 opinion
955 2620 53 42 de
1030 2622 190 52 Boeckh)
1236 2635 7 27 :
1268 2625 38 40 le
1325 2629 194 49 premier
1540 2633 224 51 genrequi
1789 2631 78 43 fait
1885 2646 81 29 son
1987 2648 106 40 appa-

130 2683 146 46 rition,
295 2696 20 28 c
334 2691 63 33 est
416 2684 37 39 le
477 2686 118 47 récit,
621 2686 11 39 1
650 2689 166 50 épopée
834 2699 8 36 ;
888 2690 98 52 puis
1015 2691 118 42 vient
1175 2692 40 41 le
1251 2693 179 54 lyrisme
1450 2707 8 38 ;
1484 2696 120 43 enfin
1643 2699 40 41 le
1718 2700 186 43 théâtre.
1942 2701 48 44 Si
2033 2702 86 44 l'on

131 2751 144 40 admet
296 2765 45 28 ce
364 2765 84 38 que
472 2754 36 50 je
528 2755 123 39 viens
671 2756 53 40 de
747 2756 107 48 dire,
895 2771 85 28 une
1023 2760 101 41 telle
1147 2764 198 40 manière
1382 2764 54 42 de
1457 2768 98 41 voir
1576 2768 93 42 doit
1691 2775 191 47 paraître
1904 2773 211 41 inexacte.

130 2818 15 40 I
171 2832 70 27 oui
272 2820 40 40 la
334 2819 199 53 justifiei,
559 2835 55 28 on
654 2837 21 26 a
706 2823 61 42 dit
801 2839 85 38 que
921 2828 38 39 le
983 2828 179 52 lyrisme
1189 2833 104 41 était
1316 2836 254 49 personnel,
1613 2850 20 26 «
1659 2837 210 55 subjectif
1888 2854 38 36 »,
1952 2850 41 34 et
2014 2855 102 42 que,

127 2887 483 52 vraisemblablement,
641 2905 56 27 on
733 2891 163 47 n'avait
934 2909 79 39 pas
1044 2897 162 43 débuté
1225 2914 80 38 par
1342 2917 86 29 une
1451 2907 152 50 poésie
1625 2907 54 42 de
1698 2921 47 29 ce
1768 2923 153 36 genre.
1947 2910 170 44 Faut-il

129 2956 93 40 diie
246 2958 33 38 si
310 2957 9 38 1
340 2958 270 41 incantation
634 2961 76 40 des
742 2963 209 51 primitifs
988 2974 66 33 est
1074 2968 193 53 quelque
1286 2971 133 42 chose
1439 2973 54 44 de
1514 2987 20 25 «
1559 2975 212 54 subjectif
1799 2990 103 32 »ou
1926 2979 85 44 d'«
2036 2978 54 45 ob-

129 3023 121 53 jectif
269 3036 19 25 »
311 3025 16 39 ?
347 3025 48 54 Je
419 3027 166 50 penche
609 3042 110 38 pour
743 3043 19 24 <(
788 3032 181 52 objectif
989 3047 38 36 »,
1051 3050 71 26 car
1145 3037 38 41 le
1217 3041 220 49 magicien
1457 3043 192 54 emploie
1667 3045 79 42 des
1770 3046 215 45 formules
2010 3046 106 56 qu'il

128 3107 27 26 n
173 3095 175 38 invente
367 3107 79 38 pas
469 3104 39 31 et
529 3109 58 38 qu
606 3098 27 38 il
658 3100 227 42 considère
923 3116 172 29 comme
1134 3107 208 52 capables
1375 3109 142 53 d'agir
1533 3116 80 48 par
1634 3114 281 44 elles-mêmes
1923 3149 7 10 .
1956 3118 49 55 Je
2029 3119 88 42 suis

127 3161 113 40 donc
261 3175 53 27 en
340 3163 118 50 règle
482 3177 102 27 avec
608 3166 62 40 les
693 3166 255 45 définitions
970 3170 179 45 d'école.
1173 3175 50 54 Je
1242 3175 126 44 n'irai
1392 3194 78 38 pas
1487 3182 173 54 jusqu'à
1681 3184 95 42 dire
1798 3199 86 40 que
1908 3187 39 41 le
1970 3187 148 42 drame

129 3231 157 40 chanté
320 3240 65 32 est
421 3232 39 39 la
490 3236 217 49 première
729 3236 140 43 forme
893 3239 138 52 qu'ait
1060 3244 116 51 prise
1202 3244 38 41 la
1276 3250 151 48 poésie
1448 3264 8 34 ;
1502 3265 59 26 un
1585 3253 56 40 tel
1662 3255 225 52 paradoxe
1911 3271 54 27 ne
1988 3257 128 40 serait

129 3298 213 42 tolérable
360 3314 84 38 que
467 3304 34 38 si
526 3314 56 28 on
605 3316 18 27 s
641 3306 225 42 entendait
889 3308 25 40 d
934 3309 139 42 abord
1099 3325 75 28 sur
1203 3314 38 41 le
1263 3329 103 28 sens
1390 3321 21 37 à
1445 3319 173 43 donner
1635 3337 54 27 au
1710 3332 93 34 mot
1825 3325 170 50 drame,
2027 3333 39 33 et
2088 3324 28 40 il

128 3364 190 44 faudrait
342 3381 104 29 sans
468 3370 134 41 doute
624 3372 173 43 réduire
835 3389 46 28 ce
905 3389 101 30 sens
1030 3383 21 36 à
1083 3388 97 46 trop
1204 3396 84 39 peu
1324 3385 52 41 de
1411 3387 133 43 chose
1566 3403 115 40 pour
1700 3392 136 54 qu'un
1860 3394 56 42 tel
1938 3403 91 33 mot
2057 3393 57 41 lui

130 3433 63 42 fût
217 3437 260 51 applicable.
504 3438 116 42 Mais
643 3441 38 52 je
705 3445 91 40 suis
818 3448 245 42 convaincu
1088 3464 85 38 que
1194 3452 38 41 le
1255 3458 192 47 premier
1468 3471 152 38 genre,
1645 3461 391 55 historiquement,
2053 3469 62 35 est

129 3503 38 40 la
194 3509 148 46 poésie
366 3506 186 53 lyrique,
575 3522 102 29 avec
712 3511 38 41 la
790 3512 139 45 forme
968 3518 221 52 primitive
1212 3521 54 41 de
1302 3523 304 47 l'incantation
1634 3545 9 33 ;
1681 3540 42 32 et
1761 3546 86 39 que
1872 3534 37 41 le
1948 3534 164 41 théâtre

129 3571 157 43 chanté
308 3582 65 35 est
392 3577 106 45 sorti
520 3576 54 43 de
590 3577 60 46 là-
