2263 3876
657 234 277 35 EXÉCUTIONS
968 240 51 26 ET
1054 235 328 31 PUBLICATIONS
1416 225 228 38 RÉCENTES

142 239 78 37 206

194 341 87 40 Des
302 339 257 47 cantilènes,
586 335 282 42 charmantes
894 334 55 41 de
983 335 134 50 grâce
1154 339 41 33 et
1218 330 54 42 de
1296 329 191 52 naturel,
1580 334 179 35 surtout
1782 325 113 42 dans
1916 322 63 45 les
2003 324 144 50 chants

140 408 289 55 syllabiques,
527 413 158 34 ornent
707 404 172 52 chaque
899 416 115 40 page
1028 402 54 41 de
1101 415 47 28 ce
1173 399 175 43 recueil.
1368 398 32 42 Il
1416 397 94 43 faut
1531 400 281 39 reconnaître
1833 409 86 38 que
1938 395 61 42 les
2023 403 100 40 musi-

140 480 119 40 ciens
282 477 57 41 du
363 489 161 40 moyen
546 478 83 48 âge
664 473 287 54 possédaient
974 472 39 41 le
1036 473 131 50 génie
1206 471 54 41 de
1288 470 38 41 la
1368 468 194 41 mélodie
1599 477 9 40 ;
1649 466 65 42 les
1756 466 90 40 airs
1884 467 195 43 naissent
2099 484 48 30 en

140 546 192 53 quelque
355 554 118 32 sorte
500 558 75 28 sur
593 544 119 41 leurs
732 543 157 47 lèvres,
908 555 175 29 comme
1119 541 63 42 les
1206 541 226 40 fleurettes
1462 544 219 47 poussent
1723 535 113 41 dans
1868 534 63 42 les
1970 534 111 52 bois,
2112 550 36 34 et

139 613 62 41 M.
221 613 541 53 Bourgault-Ducoudray
786 627 21 27 a
846 612 300 52 grandement
1185 611 150 40 raison
1359 607 151 55 quand
1536 607 30 41 il
1609 606 63 41 dit
1694 618 87 41 que
1816 617 82 29 nos
1940 611 182 49 composi-

141 692 118 33 teurs
282 683 236 42 modernes
539 696 53 28 ne
613 682 254 54 perdraient
903 682 94 41 rien
1022 685 22 37 à
1068 689 246 44 retremper
1336 678 120 42 leurs
1495 676 298 54 inspirations
1817 678 22 37 à
1877 688 71 28 ces
1984 689 164 33 sources

141 767 131 38 pures
298 766 7 27 :
332 753 29 41 il
382 768 27 38 y
429 767 22 26 a
473 753 40 40 là
538 753 54 40 de
612 753 105 52 quoi
741 751 195 54 rajeunir
959 750 41 41 la
1034 750 165 52 langue
1217 748 233 42 musicale.

195 821 68 43 Ne
285 822 185 41 sachant
494 835 159 28 encore
675 835 86 39 que
780 820 198 55 bégayer
999 821 78 40 des
1096 819 259 41 harmonies
1388 814 270 50 enfantines,
1700 814 63 42 les
1806 814 280 44 médiévistes
2107 831 40 30 se

142 893 288 51 rattrapaient
452 905 56 28 en
530 904 46 28 se
599 892 172 50 grisant
813 890 53 41 de
902 890 192 41 mélodie
1115 903 10 36 ;
1163 887 168 55 parfois
1371 890 161 46 même,
1576 883 279 43 semblables
1900 897 83 28 aux
2021 889 101 40 musi-

141 962 120 40 ciens
284 958 233 54 d'Horace,
542 960 55 41 ils
632 962 101 39 n'en
773 958 250 42 finissaient
1042 958 117 54 plus.
1186 958 64 41 De
1292 957 39 41 là
1371 957 192 41 certains
1602 954 232 42 mélismes
1875 951 270 54 exubérants,

143 1031 191 40 certains
358 1033 162 49 répons
553 1028 239 54 justement
813 1028 181 54 appelés
1007 1026 207 54 prolixes,
1237 1039 174 29 comme
1434 1040 81 38 par
1536 1024 206 54 exemple
1759 1023 40 41 le
1811 1023 175 55 fcibrice
2008 1027 137 41 mundi

139 1106 42 33 et
206 1098 39 41 le
268 1097 226 41 collocaret
517 1099 76 52 qui
616 1099 312 52 permettaient
952 1112 83 27 aux
1058 1097 221 42 choristes
1301 1097 142 39 aimés
1467 1094 78 42 des
1570 1092 157 43 fidèles
2040 1094 105 45 leurs

142 1168 116 48 voix,
273 1166 181 56 pavonis
477 1167 151 40 instar.
656 1166 117 42 Mais
813 1168 121 52 quoi,
970 1167 39 40 le
1046 1165 242 53 rossignol,
1327 1165 61 41 lui
1413 1165 137 47 aussi,
1574 1172 67 33 est
1658 1162 188 57 prolixe,
1868 1171 41 33 et
1939 1163 29 41 il
1992 1164 115 43 lance
2126 1170 19 37 à

142 1237 145 52 pleins
311 1249 223 40 poumons
557 1236 77 42 des
662 1235 226 53 roulades,
911 1236 77 41 des
1013 1236 154 48 trilles,
1192 1235 78 41 des
1309 1233 245 49 fioritures,
1575 1233 80 42 des
1679 1234 152 52 points
1856 1230 195 54 d'orgue,
2079 1235 68 42 des

141 1304 247 51 broderies,
413 1314 81 33 etc.
521 1304 89 54 Qui
633 1306 113 41 donc
770 1306 164 40 oserait
958 1303 91 43 s'en
1069 1304 205 54 plaindre
1296 1308 17 37 ?

200 1374 231 42 Plusieurs
454 1375 54 41 de
526 1388 69 28 ses
618 1374 216 42 mélodies
863 1376 247 40 devancent
1138 1374 96 41 leur
1256 1378 176 49 époque
1451 1386 9 28 :
1486 1386 57 28 on
1567 1372 63 41 les
1653 1372 183 42 croirait
1860 1372 167 42 écloses
2061 1383 82 33 tout

144 1449 100 47 près
267 1444 53 41 de
344 1453 126 32 notre
490 1444 148 50 siècle,
664 1452 93 33 tant
780 1444 107 41 elles
908 1444 206 41 exhalent
1137 1458 59 27 un
1220 1442 177 55 parfum
1428 1442 228 42 moderne.
1682 1442 131 42 Ainsi
1836 1456 53 28 en
1914 1443 135 53 est-il,
2073 1458 69 38 par

143 1513 215 52 exemple,
382 1513 77 41 des
477 1512 156 43 chants
656 1513 359 53 processionnels
1035 1524 8 28 :
1065 1512 142 42 Natus
1228 1519 74 43 est,
1331 1519 125 34 natus
1485 1515 59 38 est
1564 1516 14 37 !
1673 1510 156 44 Nouus
1851 1527 139 26 annus
2012 1512 116 43 hodie
2132 1544 10 20 f

213 1579 219 43 Kalendas
451 1581 224 42 ianuarias
680 1614 11 21 ,
788 1585 93 50 qui,
907 1586 143 37 même
1074 1579 302 56 aujourd'hui,
1402 1583 280 52 passeraient
1704 1596 111 40 pour
1841 1581 146 43 neufs.

200 1649 218 54 Analysez
439 1665 80 39 par
541 1651 38 41 le
607 1665 133 28 menu
761 1652 63 41 les
847 1650 250 53 fragments
1117 1653 204 41 suivants
1343 1651 60 42 du
1425 1651 186 53 Répons
1642 1650 211 42 Viderunl
1879 1651 263 44 Emmanuel:

200 2846 341 57 branchement,
563 2856 36 40 si
625 2855 10 41 1
656 2870 56 28 on
745 2870 54 30 ne
832 2862 156 49 savait,
1015 2877 81 39 par
1131 2863 11 42 1
1160 2867 189 42 écriture
1371 2875 43 35 et
1437 2869 39 41 la
1502 2872 222 53 notation,
1761 2888 87 40 que
1870 2889 48 28 ce
1952 2881 189 35 morceau

145 2929 200 32 remonte
376 2933 52 30 au
452 2922 147 44 moins
624 2940 82 28 aux
729 2926 162 45 débuts
922 2928 59 45 du
1002 2947 76 27 xin
1084 2939 14 17 e
1127 2932 148 55 siècle,
1308 2933 40 45 la
1382 2953 128 28 muse
1547 2942 255 44 sémillante
1837 2945 54 42 c'e
1916 2943 154 54 Grétry
2089 2951 47 31 ou

143 2987 55 41 de
218 2987 244 57 Monsigny
486 2997 198 49 pourrait
717 3011 55 28 en
811 3001 297 55 revendiquer
1130 3003 39 42 la
1195 3009 221 49 paternité
1442 3020 9 30 :
1486 3009 29 42 il
1539 3025 25 39 y
1586 3025 22 28 a
1641 3012 40 42 là
1717 3027 176 31 comme
1917 3030 58 27 un
2013 3015 61 40 air
2091 3009 45 42 de

144 3054 169 45 famille
338 3073 101 29 avec
463 3061 38 42 le
525 3062 246 47 Déserteur,
