2263 3876
623 260 271 36 EXÉCUTIONS
927 261 52 27 ET
1012 255 320 34 PUBLICATIONS
1366 246 228 36 RÉCENTES

122 278 82 32 200

178 369 123 43 Nous
317 378 136 31 avons
476 376 85 29 une
581 360 84 41 fête
688 356 141 50 civile,
857 354 39 41 le
922 367 45 36 14
990 351 168 54 juillet;
1183 345 130 51 mais,
1348 345 103 42 sauf
1469 340 334 44 l'illumination
1837 336 177 51 obligée
2046 337 73 42 des

124 444 281 37 monuments
434 430 187 55 publics,
646 428 62 39 les
743 424 255 49 harangues
1033 417 224 44 officielles
1279 424 42 33 et
1352 415 64 41 les
1439 414 298 45 décorations,
1762 407 84 41 elle
1879 419 47 28 se
1962 405 155 53 réduit,

124 518 168 30 comme
312 499 329 44 manifestation
659 492 245 56 populaire,
926 495 20 35 à
969 489 216 53 quelques
1206 486 132 53 petits
1355 482 98 42 bals
1470 482 51 40 de
1538 480 193 53 quartier
1750 489 104 28 avec
1868 489 60 26 un
1953 476 168 49 maigre

127 572 218 42 orchestre
364 581 54 28 en
439 566 117 52 plein
580 565 78 39 air.
683 561 61 41 Le
767 557 221 51 carnaval,
1014 570 56 28 on
1105 556 83 39 sait
1207 566 47 28 ce
1277 551 106 54 qu'il
1407 557 65 34 est
1489 548 190 41 devenu.
1718 544 174 53 Frappé
1926 542 54 41 de
2016 551 105 33 cette

125 641 210 41 situation
357 646 233 32 commune
608 636 22 37 à
649 640 97 33 tous
772 630 62 40 les
856 640 123 40 pays,
1006 626 73 52 qui
1106 638 21 27 a
1149 636 80 28 son
1246 628 285 42 contre-coup
1553 613 241 46 inévitable
1816 612 113 40 dans
1949 610 62 41 les
2036 621 85 33 arts

127 717 39 33 et
189 708 74 52 qui
287 704 214 44 contrarie
522 702 92 41 leur
641 712 138 34 essor,
806 696 53 43 R.
880 696 204 49 Wagner
1106 707 21 27 a
1150 690 136 42 voulu
1312 688 172 49 refaire,
1506 699 55 28 en
1577 684 283 48 Allemagne,
1884 693 46 28 ce
1967 694 56 38 qu
2041 694 82 28 une

128 777 166 40 culture
313 773 215 41 intensive
551 778 41 32 et
623 765 285 54 cosmopolite
932 764 115 41 avait
1069 762 163 40 détruit
1253 773 8 27 :
1293 757 29 41 il
1354 772 22 26 a
1409 759 96 38 créé
1534 754 39 41 le
1596 753 170 42 théâtre
1789 750 53 41 de
1872 749 223 52 Bayreuth
2112 763 7 35 ;

131 844 110 41 mais
260 842 27 40 il
306 839 67 43 n'a
397 852 79 40 pas
500 838 140 40 réussi
658 835 54 41 de
734 835 38 40 la
797 831 126 53 façon
945 829 101 55 qu'il
1084 828 169 42 voulait
1279 837 7 29 :
1309 826 111 41 dans
1442 824 64 40 les
1544 821 241 54 premières
1826 821 179 43 années,
2047 830 76 28 son

131 911 125 54 appel
296 924 20 27 a
341 914 68 36 été
452 914 171 34 surtout
651 903 193 43 entendu
882 915 78 38 par
992 900 76 39 des
1103 898 294 45 Américains,
1434 901 41 33 et
1497 892 78 41 des
1597 891 212 50 Français
1827 901 9 35 ;
1872 895 42 33 et
1956 886 144 52 aujour-

131 978 118 43 d'hui
264 991 79 27 son
360 988 149 29 œuvre
528 971 170 43 semble
720 970 311 52 compromise,
1054 980 56 28 ou
1130 966 229 52 dépassée,
1383 976 56 28 ou
1463 960 285 53 simplement
1766 957 170 41 classée
1959 967 165 31 comme

133 1047 104 42 celle
254 1047 75 40 des
348 1044 164 52 grands
532 1041 321 52 compositeurs
877 1040 74 51 qui
971 1035 207 42 l'avaient
1199 1032 196 55 précédé.

186 1113 68 42 En
278 1113 178 47 France,
481 1122 113 30 nous
619 1121 138 28 avons
779 1120 53 28 eu
854 1106 120 40 aussi
998 1105 77 39 des
1091 1101 199 42 velléités
1313 1101 52 39 de
1384 1111 254 29 renouveau
1657 1107 9 29 :
1686 1096 182 50 lorsque
1882 1093 77 41 des
1978 1093 148 42 cadres

133 1179 296 55 magnifiques
452 1191 173 29 comme
640 1178 39 40 le
696 1177 167 41 théâtre
886 1172 229 51 d'Orange
1135 1185 55 27 ou
1221 1171 63 40 les
1308 1174 155 36 arènes
1497 1168 53 39 de
1585 1165 177 42 Béziers
1797 1172 76 33 ont
1895 1167 67 37 été
2000 1164 128 40 remis

134 1265 54 27 en
209 1262 154 38 usage,
388 1261 113 28 nous
523 1258 137 29 avons
684 1258 74 27 cru
782 1258 58 27 un
863 1244 167 40 instant
1054 1253 85 39 que
1162 1239 10 40 1
1191 1247 66 33 art
1275 1237 185 42 musical
1481 1234 337 52 contemporain
1860 1230 122 41 allait
2023 1229 103 43 faire

137 1320 165 41 revivre
322 1317 94 42 l'art
437 1318 179 51 antique
639 1328 101 27 avec
755 1327 45 26 sa
819 1310 239 52 grandeur,
1073 1323 80 27 son
1173 1308 163 40 éclatet
1354 1318 189 41 presque
1561 1318 81 28 son
1656 1306 219 37 caractère
1897 1300 229 51 religieux;

139 1389 111 39 mais
270 1399 56 28 on
350 1383 101 43 s'est
473 1384 171 41 bientôt
664 1395 157 40 aperçu
853 1393 100 39 que,
980 1379 36 39 si
1041 1390 56 28 on
1131 1378 116 39 avait
1270 1375 38 41 le
1332 1374 143 48 cadre,
1515 1386 57 27 on
1608 1372 104 41 était
1736 1370 86 42 fort
1856 1370 273 41 embarrassé

139 1469 112 39 pour
273 1464 178 32 trouver
466 1465 47 28 ce
536 1449 103 56 qu'il
654 1450 138 41 fallait
811 1456 156 33 mettre
984 1446 168 42 dedans
1166 1458 7 36 ;
1210 1450 128 48 après
1369 1444 123 40 avoir
1514 1440 221 43 demandé
1771 1440 78 40 des
1873 1442 156 49 opéias
2052 1452 75 27 aux

141 1524 320 52 compositeurs
491 1521 62 39 les
592 1520 99 52 plus
727 1519 193 44 estimés,
961 1529 57 28 on
1060 1529 55 26 en
1152 1529 21 25 a
1213 1517 68 37 été
1322 1512 141 41 réduit
1503 1515 22 37 à
1569 1510 239 53 reprendre
1849 1508 77 40 des
1958 1520 169 28 œuvres

143 1591 236 41 anciennes
402 1601 89 28 :on
517 1596 63 32 est
604 1587 99 50 allé,
738 1590 21 36 à
796 1583 197 51 Orange,
1027 1579 172 56 jusqu'à
1223 1582 124 52 jouer
1369 1581 40 39 la
1435 1595 39 25 ix
1477 1583 16 19 c
1528 1578 267 54 symphonie
1818 1588 104 28 avec
1958 1574 168 42 chœurs

142 1660 55 40 de
213 1658 252 41 Beethoven
484 1658 6 37 !
515 1665 41 31 et
578 1668 69 28 ces
670 1656 253 39 exécutions
938 1661 99 33 sont
1053 1652 222 41 devenues
1303 1648 269 43 semblables
1592 1652 22 37 à
1637 1647 132 40 celles
1792 1646 53 40 de
1864 1644 145 51 Paris,
2034 1658 95 27 avec

144 1734 108 33 cette
274 1726 119 40 seule
411 1723 233 42 différence
674 1720 185 55 qu'elles
881 1722 221 51 imposent
1126 1733 81 27 aux
1233 1726 239 39 amateurs,
1517 1731 83 26 aux
1635 1728 20 25 «
1680 1715 209 52 critiques
1912 1726 19 25 »
1975 1722 40 31 et
2053 1727 74 26 aux

147 1802 231 44 reporters,
421 1807 59 26 un
519 1792 304 52 déplacement
875 1787 306 43 considérable
1232 1795 40 32 et
1329 1784 190 52 fatigant
1566 1785 113 41 dans
1738 1784 40 39 la
1837 1781 179 55 période
2057 1781 72 41 des

144 1874 227 29 vacances.

202 1930 169 41 Devant
387 1938 123 31 notre
543 1929 153 39 drame
724 1927 170 53 lyrique
915 1926 275 51 désemparé,
1215 1924 111 42 celui
1357 1924 79 40 des
1460 1920 136 44 Grecs
1618 1935 52 27 va
1705 1924 254 49 apparaître
1995 1920 134 52 jeune,

147 1997 100 50 fort,
273 1997 195 47 brillant,
494 2005 188 32 soutenu
706 2009 79 38 par
807 2004 91 33 tout
922 2009 44 26 ce
994 1996 74 51 qui
1092 1992 77 42 fait
1186 1992 38 41 la
1249 1994 69 39 vie
1340 1990 130 43 d'une
1494 1992 171 40 nation.

315 2099 56 53 (.A
395 2098 180 53 suivre.)

1548 2095 138 54 JULES
1710 2095 286 42 COMBARIEU.

571 2349 346 43 Exécutions
953 2351 56 40 et
1031 2349 387 52 publications
1441 2349 279 42 récentes.

212 2473 211 41 ŒUVRES
466 2486 55 25 DE
565 2471 61 40 M.
669 2471 208 41 RICHARD
919 2469 219 42 STRAUSS.

1270 2469 68 42 Au
1361 2479 174 32 concert
1574 2471 58 40 du
1657 2469 206 42 Châtelet
1898 2471 70 49 (22
1990 2465 142 54 mars),

162 2541 66 41 M.
259 2540 181 42 Strauss
478 2554 21 26 a
534 2540 142 49 dirigé
715 2539 226 40 lui-même
980 2554 59 25 un
1061 2547 175 33 concert
1256 2539 106 41 dont
1383 2539 38 40 le
1438 2552 288 39 programme
1760 2541 105 39 était
1896 2540 200 40 consacré
2117 2539 17 36 à

158 2624 60 26 un
256 2608 124 40 choix
417 2608 53 40 de
508 2620 68 28 ses
621 2620 188 27 œuvres.
850 2605 117 42 C'est
1008 2620 85 27 une
1136 2613 85 35 très
1263 2608 169 49 grande
1474 2608 302 52 personnalité
1813 2607 214 43 musicalè
2061 2617 75 40 que

160 2677 61 40 M.
245 2675 195 51 Strauss,
464 2676 89 40 cela
574 2675 110 40 n'est
705 2688 78 39 pas
802 2675 193 41 douteux
1020 2689 79 36 ;sa
1123 2678 236 50 puissance
1376 2676 271 41 orchestrale
1667 2677 54 41 de
1757 2678 301 41 construction
2079 2679 57 35 est

162 2744 317 40 merveilleuse.
498 2743 113 41 Mais
632 2756 112 28 nous
767 2756 52 28 ne
839 2743 258 41 l'admirons
1112 2758 78 38 pas
1211 2758 103 27 sans
1328 2746 54 39 de
1406 2747 218 39 sérieuses
1644 2750 214 37 réserves.
1882 2745 62 42 Le
1964 2741 172 57 prélude

164 2813 52 39 de
238 2812 160 52 l'opéra
424 2810 205 42 Guntram
645 2810 171 54 (œuvre
837 2813 51 39 de
927 2813 218 52 jeunesse,
1170 2813 29 40 il
1220 2822 65 31 est
1307 2812 112 53 vrai)
1460 2822 65 33 est
1568 2822 97 45 trop
1702 2814 286 42 visiblement
2023 2812 110 41 imité

162 2880 77 40 des
261 2880 203 52 préludes
487 2880 53 40 de
560 2878 250 55 Lohengrin
817 2911 9 17 ,
848 2880 53 40 de
922 2880 168 41 Tristan
1098 2913 7 16 ,
1127 2890 53 40 et,
1200 2881 112 41 dans
1330 2882 38 40 la
1388 2882 232 42 deuxième
1635 2885 156 50 partie,
1811 2884 54 41 de
1879 2883 254 42 l'ouverture

166 2948 76 39 des
259 2946 174 41 Maîtres
456 2947 230 40 chanteurs.
714 2947 62 41 La
795 2949 188 40 mélodie
1004 2948 253 41 Stcendchen
1294 2951 348 52 (accompagnée
1679 2966 54 27 au
1757 2954 152 51 piano)
1933 2960 63 33 est
2027 2949 106 54 jolie,

166 3017 112 38 mais
301 3029 57 26 un
382 3028 83 39 peu
485 3014 159 41 banale
672 3027 7 28 :
707 3014 101 43 c'est
832 3017 38 40 le
889 3030 18 25 «
932 3018 183 49 gemûth
1149 3031 18 25 »
1192 3019 240 48 allemand,
1460 3033 102 28 avec
1601 3020 77 40 des
1699 3021 222 41 clausules
1959 3016 151 44 mélodi-

167 3097 107 40 ques
293 3084 105 40 dont
416 3083 257 51 l'ingénuité
694 3093 64 32 est
777 3099 58 27 un
858 3099 82 38 peu
962 3085 157 43 bébête
1145 3098 8 39 ;
1180 3087 258 42 l'ensemble
1451 3097 65 33 est
1540 3090 272 50 légèrement
1853 3102 207 30 commun
2097 3091 35 33 et

168 3165 20 25 «
212 3151 92 41 café
329 3152 52 40 de
393 3151 152 40 dames
565 3154 251 39 viennoises
841 3166 37 27 ».
903 3153 115 41 Mort
1035 3161 36 33 et
1091 3153 379 56 Transfiguration
1484 3167 66 32 est
1573 3160 105 39 écrit
1699 3172 75 28 sur
1793 3160 78 40 des
1894 3159 113 41 lieux
2030 3167 81 29 com-

167 3233 130 28 muns
320 3221 301 51 romantiques
646 3226 231 43 surannés,
899 3231 41 31 et
960 3221 93 42 s'en
1071 3233 169 33 ressent
1272 3239 58 27 un
1355 3239 99 39 peu.
1481 3225 62 42 La
1589 3226 264 56 Symphonie
1895 3222 243 54 domestique

167 3297 64 32 est
249 3302 83 26 une
355 3302 149 27 œuvre
526 3286 130 42 d'une
689 3290 344 42 extraordinaire
1052 3293 153 41 valeur
1223 3294 252 53 technique,
1506 3297 113 40 mais
1641 3295 168 42 touffue
1846 3306 42 32 et
1926 3297 157 47 longue
2119 3292 18 36 à

167 3357 153 39 l'excès
343 3370 102 26 sans
468 3358 228 47 nécessité,
724 3366 94 44 trop
841 3359 255 53 dépourvue
1117 3362 54 40 de
1191 3368 123 44 goût,
1340 3372 40 32 et
1404 3372 173 33 surtout
1599 3365 54 41 de
1678 3367 255 40 sentiment.
1962 3363 173 41 Comme

169 3425 37 51 je
225 3423 166 53 préfère
409 3438 85 27 une
510 3425 262 52 symphonie
793 3427 53 41 de
868 3426 136 43 César
1023 3429 186 47 Franck,
1236 3444 130 28 —ou
1406 3446 60 27 un
1489 3431 86 42 lied
1625 3434 53 40 de
1715 3433 261 42 Schumann
2002 3430 61 41 !...
2096 3424 43 56 Je

166 3491 172 53 préfère
356 3495 119 38 aussi
571 3506 54 28 en
656 3507 46 28 ce
731 3497 75 50 qui
826 3509 212 29 concerne
1058 3499 38 39 la
1115 3499 181 42 couleur
1309 3508 40 33 et
1366 3514 111 39 pour
1496 3501 77 41 des
1594 3502 151 42 motifs
1762 3504 54 40 de
1830 3509 110 46 goût
1964 3495 175 53 français

244 3574 85 26 une
345 3574 149 28 œuvre
516 3574 171 29 comme
711 3563 38 40 la
767 3563 141 42 Danse
930 3566 191 41 macabre
1139 3567 52 41 de
1211 3565 304 47 Saint-Saëns
1541 3570 89 43 !M.
1653 3571 156 43 Dukas
1843 3586 22 26 a
1899 3571 77 43 fait
1998 3573 141 37 encore
