2263 3876
748 240 145 28 COURS
928 245 60 26 DU
1022 239 205 36 COLLÈGE
1260 251 56 26 DE
1352 252 171 27 FRANCE

2066 253 73 45 195

122 337 101 33 sont
247 329 63 41 les
332 330 338 53 dispensateurs
707 332 76 40 des
818 332 130 43 biens
978 336 55 40 de
1070 337 39 41 la
1142 341 84 48 vie,
1268 351 175 34 surtout
1478 345 78 41 des
1580 345 127 43 biens
1731 346 53 42 de
1815 347 40 41 la
1894 356 113 33 terre
2027 357 41 32 et
2090 349 54 40 de

122 412 47 27 ce
202 400 74 51 qui
306 408 65 32 est
408 401 251 40 nécessaire
678 403 21 37 à
737 401 40 40 la
821 404 239 50 puissance
1094 407 26 40 d
1138 423 86 27 une
1248 410 118 42 tribu
1390 423 7 29 :
1425 428 58 26 un
1507 416 145 50 grand
1679 416 189 42 nombre
1904 415 236 44 d'enfants.

122 467 89 42 Par
230 482 70 27 ces
333 468 112 42 deux
486 469 228 41 dernières
757 469 137 53 idées,
934 472 39 40 la
1004 478 252 41 cérémonie
1290 478 128 44 Hako
1428 514 8 16 ,
1478 486 232 51 pratiquée
1734 486 103 41 chez
1864 487 64 41 les
1963 485 181 44 Indiens

121 536 234 53 Pawnees,
392 537 245 42 ressemble
674 537 88 42 fort
800 553 55 28 au
881 541 115 42 culte
1019 543 54 41 de
1096 543 241 55 Dionysos.
1371 550 52 49 (Il
1447 550 93 43 faut
1561 558 143 37 même
1727 569 260 41 remarquer
2010 557 134 54 qu'au

121 606 88 41 lieu
232 606 54 41 de
318 607 190 53 prendre
535 607 39 42 le
614 609 190 52 cynique
839 609 179 52 phallos
1057 612 152 54 ithyen
1253 630 172 29 comme
1462 621 201 51 symbole
1684 624 53 40 de
1762 625 39 39 la
1820 624 236 52 fécondité,
2081 627 63 42 les

121 675 218 43 Pawnees
363 685 76 33 ont
460 677 164 53 adopté
647 675 99 55 l'épi
770 677 53 41 de
843 683 131 47 maïs,
1064 682 107 41 dont
1185 683 258 54 l'analogue
1465 697 66 32 est
1546 695 222 46 peut-être
1783 693 112 41 dans
1909 695 39 40 la
1964 710 180 38 pomme

122 745 54 41 de
199 746 76 52 pin
293 746 58 41 du
376 746 151 53 thyise
550 747 80 41 des
667 745 281 55 bacchants).
974 746 88 44 Les
1085 765 238 29 moiceaux
1348 755 197 54 lyriques
1568 760 183 42 chantés
1774 776 79 38 par
1876 777 69 27 ces
1967 764 178 43 Indiens

121 823 42 33 et
183 819 126 37 notés
332 829 81 39 par
449 817 109 40 miss
598 816 204 42 Fletcher
837 829 324 42 comprennent
1184 836 86 27 une
1291 824 113 40 série
1426 826 54 40 de
1503 828 199 52 couplets
1729 835 58 36 où
1810 830 86 43 l'on
1919 847 54 27 ne
1990 843 154 33 trouve

122 897 87 40 que
232 884 40 41 le
295 897 105 28 nom
424 884 55 42 de
503 882 181 56 l'Esprit
705 887 212 52 invoqué,
943 896 57 40 et,
1024 901 114 40 pour
1169 891 213 42 encadrer
1394 907 47 27 ce
1461 908 123 36 nom,
1611 897 52 42 de
1686 912 134 39 pures
1844 901 300 54 interjections

119 951 90 56 (Ho
232 952 7 41 !
266 953 134 42 hare!
431 954 56 41 He
512 955 7 38 !
554 956 153 49 etc...)
731 953 234 54 signifiant
1007 961 211 37 attention
1241 962 15 36 !
1273 975 110 27 voici
1409 960 14 40 !
1444 972 121 41 etc..,
1588 979 57 28 ou
1668 968 237 53 indiquant
1928 986 59 26 un

122 1031 122 33 ment
261 1023 54 41 de
336 1032 171 45 respect
538 1024 37 51 (i
585 1029 34 18 er
654 1025 129 41 rituel
814 1026 53 40 de
909 1026 39 40 la
974 1030 251 39 cérémonie
1247 1028 162 56 Hako).
1436 1031 120 44 C'est
1575 1033 104 44 bien
1702 1037 39 41 le
1765 1038 182 53 lyrisme
1970 1054 104 29 sous
2097 1056 45 27 sa

123 1091 142 42 forme
297 1093 171 41 initiale
492 1104 8 39 ;
525 1093 39 41 la
590 1095 150 50 magie
761 1093 166 43 fournit
952 1095 221 43 l'élément
1190 1102 195 48 premier
1406 1115 9 26 :
1434 1102 101 52 plus
1559 1105 111 52 tard,
1703 1104 329 55 l'imagination
2068 1112 77 41 des

123 1167 151 48 poètes
299 1160 190 44 brodera
533 1162 224 43 là-dessus
781 1178 11 35 ;
831 1162 221 56 (souvent,
1094 1166 84 41 elle
1213 1181 263 31 conservera
1498 1169 222 47 l'élément
1742 1177 160 50 initial,
1942 1177 158 56 l'appel
2123 1174 28 47 à'

122 1228 197 56 l'Esprit,
345 1245 56 28 ou
426 1231 38 41 la
487 1231 192 43 formule
699 1235 215 52 magique
933 1236 269 50 essentielle,
1229 1251 113 39 pour
1365 1252 55 29 en
1455 1238 109 44 faire
1597 1242 39 42 le
1655 1244 163 42 refrain
1849 1261 86 38 que
1965 1249 62 40 les
2048 1263 65 28 mo-

124 1300 161 41 dernes
305 1315 55 28 ne
390 1303 351 52 comprendront
766 1303 136 55 plus).

178 1369 63 42 Ce
262 1369 107 55 qu'il
392 1371 92 41 faut
508 1371 103 42 bien
632 1373 294 53 comprendre
949 1376 138 49 aussi,
1111 1373 102 45 c'est
1235 1390 86 40 que
1340 1378 40 41 la
1404 1382 150 49 magie
1570 1382 78 42 des
1671 1384 210 51 primitifs
1904 1394 64 32 est
1988 1385 159 42 fondée

122 1452 76 28 sur
220 1437 25 43 Y
249 1439 233 42 imitation.
519 1440 70 43 Un
619 1442 53 40 de
710 1455 70 29 ses
818 1444 169 50 grands
1015 1445 224 53 principes
1263 1456 66 32 est
1349 1447 144 52 d'agir
1516 1462 20 28 «
1563 1464 76 28 sur
1662 1452 38 40 le
1724 1452 249 42 semblable
1996 1469 78 38 par
2109 1456 38 40 le

122 1508 250 42 semblable
398 1522 38 29 ».
457 1508 300 45 L'australien
778 1514 76 52 qui
865 1522 104 33 veut
990 1513 177 42 obtenir
1185 1515 40 41 la
1246 1515 120 54 pluie
1390 1531 113 39 pour
1517 1519 39 41 le
1570 1518 103 43 bien
1687 1519 132 44 d'une
1832 1523 160 41 récolte
2011 1533 115 32 atten-

122 1577 104 50 due,
251 1592 127 28 verse
402 1583 22 37 à
447 1588 113 33 terre
584 1581 53 41 de
656 1579 111 44 l'eau
788 1591 220 34 contenue
1021 1583 114 42 dans
1158 1599 60 26 un
1236 1584 154 43 bassin
1406 1600 9 27 :
1441 1588 29 40 il
1493 1590 109 40 croit
1621 1604 85 39 que
1726 1591 181 51 l'image
1930 1591 200 43 artificiel-

122 1646 167 43 lement
306 1649 264 52 reproduite
592 1649 134 42 d'une
740 1651 135 42 chose
898 1656 205 38 entraîne
1123 1653 40 41 la
1182 1654 155 42 réalité
1357 1656 54 40 de
1435 1666 112 32 cette
1588 1659 150 41 chose.
1764 1658 89 43 Sur
1872 1675 47 27 ce
1952 1663 197 52 principe

122 1725 66 33 est
230 1717 165 42 établie
418 1719 40 40 la
483 1717 246 53 figuration
752 1721 79 41 des
848 1721 132 42 dieux
999 1721 196 51 Tlalocs,
1219 1738 55 28 au
1296 1723 227 56 Mexique.
1550 1726 65 43 Or
1637 1741 58 28 on
1716 1742 20 25 «
1762 1731 124 40 imite
1910 1744 20 25 »
1955 1731 132 50 (dans
2111 1732 38 39 le

123 1799 103 29 sens
250 1789 184 51 antique
457 1789 60 40 du
537 1787 111 56 mot)
687 1790 55 41 de
766 1791 224 52 plusieurs
1014 1790 154 52 façons
1190 1807 9 32 ;
1225 1792 184 43 d'abord
1428 1809 81 39 par
1532 1796 39 42 la
1592 1799 154 52 parole
1764 1814 8 28 ;
1796 1808 41 32 et
1867 1799 103 42 c'est
1993 1802 134 40 certai-

123 1866 181 32 nement
329 1857 39 41 le
390 1859 99 40 titre
506 1858 26 41 d
554 1860 229 41 ((artisans
816 1863 211 39 créateurs
1045 1875 19 25 »
1085 1877 59 38 qu
1166 1862 195 43 Homère
1383 1866 232 42 entendait
1638 1868 173 42 donner
1837 1884 82 26 aux
1942 1870 207 42 hommes

123 1939 54 28 en
192 1926 63 41 les
268 1927 212 53 appelant
497 1938 8 29 :
534 1941 20 26 «
570 1928 58 40 les
637 1931 106 38 êtres
761 1933 22 36 à
804 1929 41 41 la
860 1930 102 41 voix
978 1931 204 41 articulée
1199 1946 38 27 ».
1259 1932 71 43 On
1351 1947 19 26 «
1392 1936 124 41 imite
1538 1947 19 27 ))
1576 1951 79 38 par
1671 1938 38 40 le
1731 1938 134 42 chant
1882 1948 41 33 et
1938 1940 39 40 le
1999 1940 150 41 dessin

124 1995 260 54 mélodique
410 2011 8 35 ;
446 1995 72 55 j'ai
540 1998 185 53 analysé
747 2000 54 40 ici
825 2003 146 38 même
994 2014 88 28 une
1105 2002 193 42 mélodie
1322 2006 216 53 magique
1582 2011 129 37 notée
1734 2021 79 40 par
1835 2007 239 43 Lumholtz
2109 2018 42 32 et

124 2065 113 41 dans
260 2065 196 54 laquelle
480 2080 60 28 on
562 2076 154 33 trouve
738 2068 54 42 de
826 2069 242 43 véritables
1092 2080 149 42 gestes
1263 2086 185 40 vocaux,
1472 2073 132 43 d'une
1629 2077 214 41 direciion
1867 2078 229 53 identique
2127 2082 22 37 à

124 2135 109 41 celle
256 2135 78 41 des
376 2146 315 33 mouvements
732 2152 86 40 que
848 2136 311 46 l'incantateur
1193 2151 102 33 veut
1333 2143 175 42 obtenir
1529 2145 112 41 dans
1665 2146 39 41 le
1728 2147 164 41 monde
1914 2150 232 39 extérieur.

125 2204 72 42 On
220 2206 123 41 imite
366 2219 81 39 par
471 2206 40 41 la
536 2206 157 42 danse.
718 2206 98 57 (J'ai
840 2208 98 54 déjà
961 2209 44 42 lu
1029 2211 71 50 ici,
1135 2211 114 42 dans
1276 2227 60 27 un
1361 2222 125 32 autre
1509 2228 147 39 cours,
1676 2216 78 41 des
1777 2216 297 54 descriptions
2097 2218 53 41 de

125 2274 166 42 danses
315 2281 56 36 où
409 2275 80 42 des
525 2277 187 53 peuples
749 2278 239 43 chasseurs
1028 2281 315 52 reproduisent
1367 2283 63 41 les
1469 2282 163 52 bonds,
1677 2285 62 41 les
1783 2286 277 50 démarches,
2087 2288 64 41 les

126 2353 259 42 ruses,etc.,
403 2344 58 42 du
481 2345 149 51 gibier
651 2346 108 42 dont
774 2347 55 41 ils
850 2357 77 33 ont
950 2348 254 44 l'intention
1225 2352 54 41 de
1303 2350 110 44 faire
1452 2354 40 40 la
1532 2355 215 53 capture).
1775 2354 73 43 On
1869 2357 123 41 imite
2030 2355 121 43 enfin

125 2427 79 39 par
226 2413 39 42 la
288 2413 337 55 physionomie,
649 2416 39 41 la
707 2418 336 51 gesticulation,
1064 2419 64 42 les
1148 2421 328 53 changements
1498 2423 54 42 de
1579 2433 120 33 toute
1721 2434 118 33 sorte
1864 2427 74 52 qui
1961 2435 190 44 peuvent

125 2486 89 38 être
236 2489 210 47 apportés
484 2488 21 37 à
532 2484 11 42 1
565 2485 185 42 habitus
771 2487 224 55 physique
1013 2489 59 41 du
1096 2492 242 50 magicien.
1372 2491 198 54 L'usage
1589 2493 58 43 du
1667 2508 202 40 masque,
1893 2497 35 39 si
1953 2496 198 53 répandu

126 2552 102 41 chez
253 2552 62 42 les
352 2553 228 53 primitifs,
614 2570 27 27 n
661 2570 21 26 a
727 2570 82 39 pas
853 2571 55 28 eu
947 2555 170 46 d'autre
1152 2559 94 43 but.
1286 2560 342 52 Incidemment,
1667 2573 41 33 et
1748 2578 104 28 sans
1875 2578 53 28 en
1952 2564 108 42 faire
2092 2579 59 28 un

127 2631 253 43 argument;
423 2623 39 54 je
496 2625 270 53 rappellerai
802 2641 88 39 que
921 2641 78 28 sur
1021 2628 65 42 les
1109 2631 151 51 parois
1281 2630 54 42 de
1358 2634 220 40 certaines
1613 2646 212 29 cavernes
1850 2634 203 41 habitées
2074 2649 77 39 par

126 2691 64 42 les
221 2691 207 43 hommes
475 2692 53 43 de
567 2695 40 41 la
654 2695 282 54 préhistoire,
956 2710 58 29 on
1037 2713 23 27 a
1086 2703 170 49 trouvé,
1284 2703 21 37 à
1331 2703 98 39 côté
1449 2702 54 41 de
1540 2703 176 42 dessins
1732 2702 259 43 d'animaux
2008 2704 115 41 admi-

128 2760 249 44 rablement
419 2768 221 45 exécutés,
684 2765 79 42 des
800 2766 177 43 dessins
1001 2768 53 41 de
1091 2767 146 53 figure
1277 2770 216 43 humaine
1517 2775 76 50 qui
1615 2782 100 33 tous
1739 2782 101 33 sont
1864 2783 285 44 grotesques,

129 2845 129 39 parce
277 2846 103 39 que,
407 2833 474 54 très-probablement,
905 2851 47 27 ce
974 2846 102 33 sont
1094 2839 79 42 des
1199 2840 343 53 reproductions
1565 2842 53 42 de
1643 2857 212 39 masques
1881 2853 132 44 ayant
2037 2844 114 41 servi

127 2900 111 42 dans
261 2902 78 41 des
358 2903 106 41 rites
485 2903 54 42 de
564 2907 166 49 magie.

183 2970 127 43 Cette
333 2972 170 43 théorie
528 2974 53 41 de
598 2975 256 42 l'imitation
877 2978 234 54 employée
1125 2979 114 42 dans
1260 2995 59 26 un
1343 2979 79 43 but
1446 2982 214 54 magique
1680 2983 471 42 etutilitairenousest

129 3041 198 54 imposée
350 3056 80 39 par
446 3043 64 41 les
527 3043 265 43 documents
810 3046 377 56 archéologiques
1213 3061 8 38 ;
1240 3051 114 39 mais
1376 3051 113 40 voici
1513 3065 46 27 ce
1592 3053 75 52 qui
1684 3061 66 32 est
1778 3052 102 41 bien
1899 3051 227 52 suggestif
2141 3063 8 28 :

129 3119 108 33 cette
258 3111 169 42 théorie
450 3122 66 32 est
538 3116 297 50 précisément
857 3116 108 42 celle
988 3116 260 51 d'Aristote,
1271 3120 199 53 lorsque,
1489 3122 277 41 inconscient
1785 3123 77 40 des
1881 3123 197 50 origines
2097 3121 54 41 de

131 3192 45 29 sa
198 3194 160 40 propre
376 3182 139 52 thèse,
536 3182 197 44 Aristote
755 3185 124 54 parle
901 3186 54 42 de
988 3187 40 41 la
1045 3189 152 52 poésie
1220 3196 41 33 et
1280 3189 78 40 des
1383 3198 90 32 arts
1496 3190 338 50 désintéressés,
1854 3192 294 51 uniquement

132 3251 189 41 orientés
340 3265 99 28 vers
460 3253 40 40 la
526 3254 261 43 réalisation
820 3256 59 41 du
903 3255 115 43 beau
1044 3260 7 38 !
1092 3257 31 41 Il
1159 3258 63 41 dit
1244 3255 60 57 (et
1326 3268 111 32 cette
1474 3260 151 53 parole
1646 3274 96 28 sera
1768 3275 59 26 un
1848 3260 163 51 dogme
2031 3272 112 41 pour

131 3317 60 42 les
212 3321 154 42 siècles
383 3322 237 43 ultérieurs
637 3324 113 42 dans
767 3325 41 41 la
825 3326 272 42 civilisation
1112 3327 290 55 occidentale)
1424 3343 86 39 que
1524 3338 122 33 toute
1666 3344 152 27 œuvre
1840 3328 111 42 d'art
1970 3338 66 32 est
2060 3342 86 28 une

134 3400 19 25 «
173 3389 220 44 imitation
420 3406 16 23 »
463 3391 63 52 (pi
532 3389 2 63 t
535 3392 132 56 u7)<jtç)
691 3408 10 36 ;
727 3404 41 32 et
791 3396 29 40 il
856 3400 230 46 énumère,
1122 3410 175 28 comme
1321 3411 186 40 moyens
1540 3399 207 51 d'imiter,
1771 3399 63 41 les
1858 3412 184 40 moyens
2071 3399 75 52 qui

133 3468 73 32 ont
228 3464 68 38 été
315 3462 231 54 employés
569 3477 80 40 par
668 3464 63 41 les
753 3467 248 49 magiciens
1022 3465 54 42 de
1096 3474 101 33 tous
1234 3467 62 40 les
1336 3476 145 45 temps
1509 3470 6 37 !
1546 3467 64 42 Le
1652 3470 88 40 lien
1771 3470 75 52 qui
1887 3468 198 41 rattache
2107 3467 41 41 la

132 3530 145 50 magie
296 3539 42 33 et
359 3529 24 42 1'
402 3545 21 25 «
445 3541 66 32 art
535 3545 20 26 »
582 3544 290 43 proprement
892 3535 63 42 dit
975 3544 66 33 est
1060 3533 134 44 d'une
1216 3537 211 41 évidence
1450 3537 252 53 manifeste,
1725 3542 22 36 à
1773 3538 38 40 la
1830 3537 86 42 fois
1951 3537 112 41 dans
2088 3537 63 40 les

133 3594 99 45 faits
248 3608 41 33 et
311 3600 112 43 dans
448 3601 63 42 les
534 3602 243 44 doctrines.
