3599 4475
1787 144 87 54 196

206 283 115 53 volle
352 282 212 69 Stellung
593 282 63 52 als
682 282 348 71 Capellmeister
1060 287 80 52 des
1169 286 342 69 Grossherzogs
1538 304 90 33 von
1643 285 102 53 Wei-

203 386 114 33 mar.
364 369 122 49 Dort
527 366 151 53 haben
722 369 77 52 ihn
842 370 71 51 die
955 389 206 34 neueren
1191 370 343 52 musicalischen
1564 370 189 52 Verhält-

203 451 135 58 nisse,
371 450 85 51 wie
486 468 50 34 es
567 451 192 61 scheint,
791 452 278 71 überflüssig
1098 454 228 68 gemacht,
1356 454 95 50 und
1483 471 51 33 er
1564 454 106 52 kam
1700 473 83 33 vor

200 535 176 67 einiger
397 534 102 50 Zeit
524 536 174 51 wieder
729 537 172 61 hieher,
932 556 74 34 wo
1037 556 106 32 man
1173 539 76 49 ihn
1280 537 136 51 kaum
1448 539 120 51 noch
1599 539 185 51 kannte.

330 620 109 50 Sein
482 619 205 53 Concert
733 624 78 49 hat
852 623 237 50 Aufsehen
1126 630 158 60 erregt
1429 624 119 51 doch
1599 625 185 51 möchte

200 703 72 52 ich
301 703 145 52 lieber
482 706 82 50 auf
587 706 299 51 Französisch
917 723 167 51 sagen:
1126 709 38 49 il
1194 725 28 33 a
1248 709 89 66 fail
1368 710 64 48 du
1464 710 158 57 bruit;
1665 709 121 51 denn

206 805 59 33 an
294 789 144 49 Lärm
470 788 170 53 konnte
680 807 47 33 es
769 790 70 50 bei
871 790 83 50 der
983 790 299 70 Aufstellung
1323 810 89 34 von
1459 794 113 50 zwei
1608 793 148 51 Orche-

200 879 145 53 stern,
362 871 238 69 eigentlich
618 890 88 32 von
727 871 157 53 dreien
903 873 352 53 einschliesslich
1286 875 84 51 der
1401 877 204 68 zwanzig
1620 877 164 50 Blech-

202 957 329 58 Instrumente,
560 955 126 51 nicht
712 957 163 53 fehlen.
923 958 166 52 Denke
1120 960 84 50 Dir
1233 960 123 51 diese
1385 962 187 50 Massen
1603 960 45 52 in
1679 960 106 51 dem

202 1040 181 51 kleinen
423 1039 284 53 Herz'schen
753 1043 148 60 Saale,
962 1044 97 51 und
1093 1045 78 50 Du
1211 1045 129 51 wirst
1379 1045 249 69 begreifen,
1681 1045 105 51 dass

200 1122 96 52 sich
341 1122 72 52 die
454 1124 183 52 Damen
680 1127 107 51 sehr
825 1127 98 52 laut
962 1128 294 52 unterhalten
1303 1129 218 60 konnten,
1562 1129 119 51 ohne
1713 1129 72 51 die

199 1205 155 54 Musik
386 1226 58 33 zu
473 1213 176 48 stören.

330 1294 98 50 Das
453 1294 142 52 Beste
625 1296 44 49 in
697 1296 104 50 dem
833 1315 176 48 ganzen
1028 1297 243 60 Concerte,
1302 1297 199 51 welches
1530 1315 90 33 nur
1644 1296 104 53 Com-

203 1376 260 68 positionen
493 1396 88 33 von
614 1378 197 52 Chelard
841 1378 204 62 brachte,
1089 1398 99 34 war
1228 1381 71 51 die
1331 1381 349 51 Ouvertüre
1723 1400 59 32 zu

208 1461 299 61 Macbeth,
538 1463 71 50 ein
640 1463 154 52 Werk
823 1465 89 49 voll
942 1463 160 52 Leben
1134 1465 94 52 und
1251 1466 134 51 Kraft
1413 1466 96 49 und
1538 1466 220 67 grossarti-

204 1561 83 51 ger
331 1545 155 50 Ideen.
546 1545 76 50 Sie
677 1543 191 71 beginnt
913 1548 81 50 mit
1042 1547 91 52 den
1178 1548 219 70 dumpfen
1449 1551 164 49 Tönen
1657 1550 126 50 einer

207 1627 188 62 Glocke,
425 1630 177 50 welche
632 1630 71 52 die
731 1631 202 51 Geister-
959 1633 96 51 und
1082 1633 355 61 Hexenstunde,
1467 1635 313 59 Mitternacht,

206 1711 194 70 schlägt,
430 1713 207 68 zugleich
669 1715 70 51 die
771 1716 179 52 Stunde
981 1717 80 52 des
1087 1717 344 59 Verbrechens.
1463 1719 113 52 Wie
1606 1719 145 50 Shake-

208 1813 164 52 speare
400 1796 48 51 in
477 1797 170 51 seinem
680 1816 196 50 grossen
904 1802 173 50 Drama
1124 1801 70 51 die
1223 1801 448 52 Mitternacht-Seite
1702 1802 81 51 des

207 1880 340 52 menschlichen
576 1884 212 50 Herzens
820 1903 51 31 so
912 1885 238 52 furchtbar
1181 1886 258 67 ergreifend
1468 1886 222 57 darstellt,
1731 1904 51 33 so

207 1964 80 50 hat
319 1966 115 50 auch
466 1966 82 51 der
583 1967 270 70 Componist
893 1970 88 51 den
1011 1970 251 52 Ausdruck
1303 1970 79 51 des
1413 1971 371 60 Schauerlichen,

203 2047 81 51 des
319 2049 306 52 Grausenden
654 2051 85 51 tief
764 2053 93 50 und
888 2054 285 49 musicalisch
1208 2054 142 51 schön
1383 2054 399 67 wiedergegeben.

203 2134 96 49 Das
333 2134 153 51 Werk
518 2135 90 50 rief
630 2136 303 51 stürmischen
966 2138 155 49 Beifall
1152 2138 181 50 hervor.

321 2218 226 67 Dagegen
570 2235 97 33 war
697 2219 80 51 das
800 2220 297 69 Hauptstück
1130 2220 80 51 des
1230 2220 267 60 Concertes,

203 2299 89 69 (die
344 2300 176 70 Adler),
576 2301 99 51 eine
736 2303 224 70 „lyrische
1310 2305 70 50 für
1439 2305 343 59 Solostimmen,

206 2385 154 50 Chöre
390 2385 96 51 und
518 2385 70 51 die
620 2395 260 59 genannten
918 2388 113 51 zwei
1061 2389 115 50 oder
1205 2389 97 50 drei
1333 2389 271 60 Orchester,
1650 2389 132 50 mehr

207 2468 265 52 betäubend
504 2470 65 50 als
600 2470 158 60 schön,
800 2472 94 50 und
934 2489 53 33 so
1027 2472 313 69 abspannend,
1389 2473 104 51 dass
1535 2491 104 33 man
1683 2473 100 51 froh

206 2569 113 41 war,
359 2553 117 49 nach
509 2553 104 51 dem
645 2554 217 51 Schlüsse
894 2555 162 51 einmal
1087 2555 173 51 wieder
1289 2557 264 49 aufathmen
1583 2575 58 31 zu
1667 2557 87 51 kön-

202 2652 106 34 nen.
339 2635 164 51 Dieses
534 2637 155 53 Werk
720 2638 58 50 ist
807 2639 82 51 mit
919 2638 149 52 einem
1098 2639 286 52 unerhörten
1415 2642 146 66 Pomp
1594 2641 82 50 der
1705 2642 50 49 In-

202 2721 358 50 strumentation
592 2722 316 66 geschrieben,
937 2723 97 51 und
1065 2723 70 51 die
1163 2723 290 69 übermässig
1482 2731 302 62 gespannten,

203 2804 530 52 himmelanstrebenden
776 2808 164 68 Bogen
985 2808 80 51 des
1120 2808 256 51 kolossalen
1407 2809 151 50 Baues
1605 2808 177 51 drohen

198 2887 86 52 alle
302 2888 334 68 Augenblicke,
669 2889 117 50 über
819 2909 84 33 uns
936 2891 336 51 einzustürzen.
1304 2891 130 51 Aber
1460 2892 169 67 gerade
1661 2892 123 50 diese

204 2972 198 67 riesigen
444 2973 201 51 Formen
697 2991 231 51 erzeugen
985 2976 99 49 eine
1134 2976 316 51 erdrückende
1495 2976 285 51 Monotonie.

208 3057 99 48 Der
335 3057 123 50 Text
487 3057 56 50 ist
574 3058 99 50 eine
702 3058 235 69 Allegorie
975 3061 83 49 auf
1082 3060 89 52 den
1200 3060 208 68 Feldzug
1435 3060 275 70 Napoleon's
1741 3060 44 50 in

203 3138 235 52 Russland
481 3140 94 50 und
618 3142 256 68 ermangelt
918 3142 124 52 nicht
1087 3143 82 51 der
1210 3143 328 68 Beziehungen
1582 3143 81 50 auf
1703 3143 80 50 das

208 3222 418 52 Wiederaufleben
669 3225 81 51 der
788 3226 145 51 Adler
976 3227 45 51 in
1053 3227 83 51 der
1168 3227 295 68 Gegenwart.
1520 3227 266 51 Verkleidet

203 3306 58 51 ist
307 3306 125 52 diese
482 3306 158 51 wahre
684 3309 277 69 Bedeutung
1017 3311 80 51 des
1143 3311 245 51 Gedichtes
1449 3311 146 51 durch
1653 3311 132 51 einen

204 3391 177 69 Kampf
407 3390 84 51 der
509 3391 175 50 Römer
706 3409 148 51 gegen
884 3395 70 49 die
979 3396 263 50 Germanen
1272 3403 139 41 unter
1442 3395 162 67 irgend
1634 3394 149 50 einem

206 3474 156 53 Cäsar.
393 3475 136 51 Doch
561 3475 81 51 das
673 3475 183 52 hindert
885 3477 123 51 nicht
1037 3479 168 61 Chöre,
1237 3479 87 51 wie
1357 3479 270 67 folgenden:

334 3560 128 51 Trois
487 3560 91 69 fois
608 3561 210 51 hcureux
847 3563 114 49 celui
990 3564 83 66 qui
1101 3574 147 41 meurt
1271 3580 125 51 pour
1425 3582 52 33 sa
1500 3564 183 67 patrie!

1230 3646 229 50 France
1766 3646 20 50 ch

714 3729 149 51 Noble
881 3730 186 66 patrie!

327 3809 88 52 Die
444 3810 286 54 handelnden
763 3814 239 50 Personen
1032 3813 102 52 sind
1164 3813 74 51 ein
1262 3813 170 70 junger
1462 3817 175 49 Römer
1667 3814 85 70 (Ro-

207 3893 115 70 ger),
366 3893 143 51 Cäsar
540 3895 193 69 (Merly),
764 3897 83 52 der
879 3898 382 49 Germanenlürst
1291 3897 239 69 (Guignot)
1562 3898 93 51 und
1685 3897 94 52 drei

207 3977 190 59 Genien,
443 3977 83 52 der
556 3979 173 51 Genius
783 3980 82 51 der
909 3980 189 51 Familie
1153 3980 141 69 (Mlle.
1357 3982 135 67 Nau),
1538 3980 82 51 der
1662 3983 88 49 Ver-

204 4060 225 69 heerung,
470 4063 94 49 und
608 4063 83 51 der
733 4064 175 69 ewigen
948 4067 152 51 Roma
1145 4065 140 70 (Mad.
1318 4064 241 70 Tedesco).
1618 4065 161 68 Einige

203 4144 274 69 Spottvögel
509 4146 267 52 vermissten
807 4147 129 53 einen
965 4149 189 60 vierten,
1200 4149 90 54 den
1323 4148 172 53 Genius
1525 4148 84 53 der
1638 4148 105 53 Com-

1876 287 214 70 position.
2149 290 73 51 Sie
2254 289 215 52 mochten
2499 289 125 52 nicht
2652 308 114 50 ganz
2798 291 207 53 Unrecht
3035 292 164 52 haben.
3259 294 81 52 Bei
3373 295 81 51 der

1877 374 306 68 Auslührung
2230 374 239 50 bewährte
2514 374 198 52 Chelard
2768 376 71 51 ein
2892 379 228 67 tüchtiges
3158 377 299 69 Dirigenten-

1878 457 179 51 Talent.
2088 459 86 50 Die
2204 459 208 50 Tedesco
2445 475 96 34 war
2573 459 269 68 prachtvoll.

2000 543 86 49 Die
2118 541 192 70 übrigen
2342 543 255 50 Nummern
2629 560 157 33 waren
2817 560 87 33 von
2937 544 292 68 geringerem
3261 545 197 70 Umfang

1882 625 95 51 und
2009 626 265 68 geringerer
2306 628 292 67 Bedeutung.
2641 628 131 50 Noch
2804 628 161 50 einmal
3008 630 82 48 auf
3113 630 320 67 napoleonisch-

1882 708 305 69 kriegerische
2216 711 357 69 Erinnerungen
2602 730 98 32 war
2730 711 70 52 die
2829 713 327 67 Lager-Scene
3196 752 18 20 „
3233 715 160 51 C'etait
3426 734 29 32 a

2260 794 277 67 abgesehen,
2582 797 84 49 mit
2720 795 184 52 Chören
2956 795 97 52 und
3096 795 363 52 Militär-Musik.

1882 877 77 49 Ob
2005 896 51 31 so
2094 879 334 50 verständliche
2461 880 354 69 Bestrebungen
2859 882 80 50 des
2973 879 330 70 Componisten
3342 880 118 51 auch

1881 960 240 69 Napoleon
2161 963 80 49 111.
2295 962 142 52 schon
2481 964 276 52 verstanden
2800 965 133 61 habe,
2992 964 201 52 darüber
3236 964 224 51 verlautet

1881 1045 119 53 noch
2029 1045 162 51 nichts.

2008 1131 143 60 Paris,
2183 1131 88 53 den
2310 1131 88 52 10.
2428 1132 263 52 December
2728 1132 172 53 1853.

3189 1219 55 50 B.
3287 1220 49 49 P.

2462 1422 201 58 Wiener
2699 1420 174 60 Briefe.

1877 1529 203 54 [ßalfe's
2109 1532 297 42 Keolanthe
2517 1532 514 42 Theater-Director
3060 1532 133 42 Com
3207 1539 48 35 et
3358 1536 99 40 Frl.

2094 1603 64 39 La
2188 1603 142 41 Grua
2441 1604 98 40 Frl.
2569 1603 270 41 Wildauer
2950 1603 288 55 Concerte.]

2739 1707 103 39 Den
2871 1707 40 39 9.
2939 1706 284 42 December
3256 1707 114 41 1853.

2003 1801 200 52 Diesmal
2236 1802 80 51 das
2347 1801 200 52 Nächste
2579 1810 170 44 zuerst.
2814 1802 76 51 Sie
2931 1801 58 52 ist
3034 1802 95 51 also
3174 1801 177 52 endlich
3384 1820 49 33 er-

1879 1886 229 60 schienen,
2180 1887 71 51 die
2309 1887 362 59 Keolanthe,
2740 1895 131 43 sonst
2930 1887 118 51 auch
3106 1895 203 60 genannt
3369 1887 80 51 das

2278 1971 100 51 eine
2409 1989 217 51 grosse
2667 1971 420 51 romantische
3119 1973 132 67 Oper
3279 1971 46 51 in
3356 1971 97 51 drei

1877 2055 167 60 Acten,
2074 2072 86 34 von
2193 2055 61 52 M.
2287 2056 84 51 W.
2401 2056 186 51 Balfe.
2640 2056 198 50 Grosser
2866 2055 459 51 nichtromantischer
3361 2055 63 51 Un-

1876 2139 114 57 sinn,
2036 2138 78 49 das
2146 2143 126 45 wäre
2302 2139 242 66 eigentlich
2584 2139 71 51 die
2700 2138 246 68 bündigste
2974 2138 151 50 Kritik
3156 2138 115 50 über
3306 2140 148 50 dieses

1881 2220 470 52 Fitzball-Balfe'sche
2380 2221 280 53 Machwerk.
2719 2224 96 48 Das
2847 2221 245 51 Textbuch
3121 2221 60 51 ist
3212 2241 87 33 von
3331 2223 126 49 einer

1882 2304 274 52 fabelhaften
2188 2305 483 69 Abgeschmacktheit.
2729 2307 86 49 Die
2846 2307 148 49 Moral
3025 2305 115 51 läuft
3170 2305 164 51 darauf
3356 2307 76 50 hin-

1878 2407 98 41 aus,
2017 2389 104 51 dass
2156 2407 121 42 man,
2321 2407 139 33 wenn
2489 2407 105 33 man
2625 2389 100 51 eine
2757 2390 146 50 Braut
2932 2389 93 61 hat,
3057 2389 242 51 derselben
3331 2390 124 51 nicht

1879 2481 172 43 untreu
2081 2473 190 51 werden
2315 2473 95 51 und
2442 2473 94 51 sich
2565 2473 123 52 nicht
2726 2473 46 51 in
2804 2474 70 50 ein
2907 2473 194 51 Bildniss
3130 2473 163 68 irgend
3331 2474 124 51 einer

1879 2557 162 51 todten
2085 2558 259 51 Prinzessin
2389 2557 231 52 verlieben
2663 2558 99 60 soll,
2813 2558 103 51 weil
2960 2577 106 32 man
3116 2566 131 44 sonst
3288 2558 169 52 Gefahr

1879 2642 130 58 läuft,
2055 2660 87 33 von
2184 2642 83 49 der
2297 2642 257 51 weltlichen
2584 2642 356 67 Gerechtigkeit,
2980 2642 153 51 indem
3175 2661 105 33 man
3325 2643 132 51 einen

1878 2724 497 51 racheschnaubenden
2398 2726 182 50 Bruder
2608 2726 61 49 im
2686 2726 289 68 Zweikampf
2998 2726 283 67 erschlagen,
3312 2726 114 50 heim-

1881 2809 193 68 gesucht
2103 2809 94 50 und
2229 2809 203 68 zugleich
2462 2829 89 31 von
2583 2809 208 51 diversen
2822 2809 191 51 Teufeln
3059 2809 159 69 geholt
3245 2830 57 30 zu
3334 2829 90 33 wer-

1882 2893 103 60 den,
2031 2895 240 49 Letzteres
2314 2893 72 50 bei
2428 2893 246 68 obligatem
2715 2895 193 49 Donner
2959 2893 96 52 und
3097 2895 117 49 Blitz
3259 2895 95 50 und
3393 2895 62 50 im

1879 2976 280 67 Angesichte
2198 2977 79 51 des
2321 2977 376 69 feuerspeienden
2728 2977 165 52 Aetna.
2954 2977 87 51 Die
3069 2977 153 51 Musik
3254 2977 113 51 aber
3396 2978 58 50 ist

1879 3060 120 50 ohne
2029 3060 99 50 eine
2160 3061 125 69 Spur
2315 3079 89 33 von
2434 3061 99 58 Stil,
2564 3061 223 67 Haltung,
2831 3060 249 50 Wahrheit
3110 3061 94 49 und
3236 3060 187 52 dramati-

1881 3143 155 51 schem
2066 3143 265 60 Ausdruck,
2356 3143 62 68 ja,
2458 3143 144 51 selbst
2632 3145 120 49 ohne
2787 3143 124 67 jene,
2951 3161 137 32 wenn
3132 3143 116 51 auch
3289 3145 163 51 immer

1883 3227 107 51 sehr
2019 3227 137 51 leicht
2185 3227 289 68 geschürzte,
2514 3245 54 33 so
2599 3227 119 51 doch
2747 3227 124 51 nicht
2902 3245 113 50 ganz
3047 3227 274 69 ungefällige
3353 3229 65 50 An-

1878 3311 146 60 muth,
2057 3311 70 50 die
2158 3329 105 33 man
2295 3319 129 43 sonst
2451 3311 122 51 wohl
2605 3311 221 51 zuweilen
2856 3311 44 50 in
2931 3311 104 51 dem
3060 3312 393 69 Doppel-Gestirn

1877 3395 335 51 Flotow-Balfe
2243 3395 182 52 antrifft.
2460 3396 160 51 Wenn
2652 3395 68 51 ich
2753 3395 79 51 das
2848 3395 150 51 Duett
3027 3395 61 51 im
3115 3395 194 52 zweiten
3332 3396 121 51 Acte

1878 3477 94 51 und
2003 3485 120 45 etwa
2154 3479 70 49 ein
2255 3497 110 50 paar
2396 3479 168 51 freilich
2594 3479 120 51 auch
2743 3495 89 35 nur
2855 3479 289 67 gekünstelte
3165 3480 257 51 Instrumen-

1879 3563 549 67 tal-Begleitungs-Sätze
2470 3564 265 60 ausnehme,
2780 3580 52 33 so
2880 3564 59 51 ist
2987 3564 108 51 alles
3134 3563 202 68 Uebrige
3373 3565 72 51 ein

1878 3645 324 67 vollständiges
2222 3645 158 52 Nichts
2413 3646 92 51 und
2535 3646 77 50 hat
2645 3646 116 51 auch
2793 3646 69 51 ein
2893 3646 118 51 eben
3043 3664 50 33 so
3124 3646 328 70 vollständiges

1877 3730 161 52 Fiasco
2070 3729 225 67 gemacht.
2356 3730 162 51 Wenn
2547 3730 77 51 Sie
2666 3730 69 51 die
2766 3731 151 50 Musik
2947 3731 168 67 gehört
3158 3731 176 60 hätten,
3379 3731 73 53 die

1878 3814 55 51 da
1964 3813 72 51 bei
2056 3813 644 70 Mondschein-Beleuchtung
2729 3815 44 50 in
2804 3815 89 50 den
2917 3814 297 70 ägyptischen
3238 3815 212 54 Gräbern

1877 3898 213 67 gemacht
2119 3898 138 51 wird!
2314 3898 133 51 Doch
2478 3899 151 51 lassen
2671 3899 85 51 wir
2796 3899 70 52 die
2898 3899 183 51 Todten
3109 3899 172 61 ruhen;
3328 3900 121 54 denn

1876 3983 99 49 eine
2001 3982 151 50 Todte
2191 3980 57 52 ist
2288 3983 93 51 und
2423 3982 141 52 bleibt
2605 3984 77 59 sie,
2728 3983 123 51 diese
2881 3983 258 52 Prinzessin
3168 3984 277 62 Keolanthe,

1877 4073 118 43 trotz
2037 4065 112 50 aller
2192 4067 336 68 Bemühungen
2578 4067 121 49 ihres
2743 4067 312 52 himmlischen
3100 4068 343 70 Schutzgeistes

1876 4147 278 54 Ombrastro
2197 4149 94 52 und
2331 4149 124 54 ihrer
2494 4149 225 54 irdischen
2751 4151 146 52 Väter
2933 4151 195 54 Fitzball
3167 4152 97 54 und
3304 4153 143 55 Balfe.
