3599 4475
1807 115 90 55 200

301 253 81 41 Der
410 252 182 42 Director
620 253 69 40 des
725 254 152 37 Thedtre
906 255 62 37 des
1006 255 166 39 Varietes
1173 270 14 33 y
1213 254 172 42 welches
1413 266 71 28 vor
1512 254 176 40 Kurzem
1720 251 54 41 of-

221 316 261 41 fenbach's
525 315 181 41 hübsche
737 315 192 53 Operette
957 318 143 52 Pepito
1131 320 90 51 gab,
1261 318 68 39 hat
1357 317 218 40 Bankerott
1601 315 200 51 gemacht.

218 379 188 51 Dagegen
435 378 68 40 hat
532 377 227 42 Offenbach
787 379 111 42 seine
926 381 177 40 Partitur
1131 393 50 28 an
1210 381 79 38 den
1307 378 306 43 Musikhändler
1629 379 173 40 Chaillot

219 440 186 41 verkauft.

298 502 75 40 Die
404 501 271 45 Geschwister
703 506 209 42 Dülken
952 506 168 52 gefallen
1150 505 92 40 sehr
1272 505 82 39 und
1383 505 171 41 machen
1583 511 94 48 gute
1707 507 72 40 Ein-

219 564 187 41 nahmen.

297 627 82 40 Das
426 630 155 38 Thedtre
609 631 146 50 lyriqae
801 630 155 51 probirt
1000 628 113 52 eifrig
1153 641 49 27 an
1245 630 112 40 einer
1399 643 78 28 von
1520 632 282 42 Donizetti

217 689 343 53 nachgelassenen
609 693 110 52 Oper
760 694 82 38 und
888 696 96 35 setzt
1027 703 135 40 grosse
1205 692 265 54 Hoffnungen
1520 694 154 41 darauf.
1729 696 75 40 Die

221 752 124 50 Opera
386 759 169 47 comique
595 761 95 36 setzt
740 755 64 40 die
854 755 161 39 Proben
1064 766 79 27 von
1187 754 344 53 Meyerbeer's
1580 759 122 38 Etoile
1752 760 50 36 du

219 814 109 38 Nord
357 816 88 40 fort.

299 878 313 52 Meyerbeer
633 891 18 26 s
679 878 326 41 Fackeltanz
1034 879 51 41 ist
1114 880 42 40 in
1187 880 130 42 einem
1336 882 194 41 Concerte
1551 895 91 28 zum
1657 884 146 40 Besten

218 953 80 27 von
326 941 315 51 Abgebrannten
685 942 83 39 und
811 942 146 40 darauf
980 942 43 41 in
1053 943 71 40 der
1153 956 166 39 grossen
1349 945 111 52 Oper
1488 959 79 27 von
1596 947 72 39 der
1696 948 79 38 Har-

219 1002 417 41 monie-Gesellschaft
677 1004 71 40 des
778 1004 139 41 Herrn
946 1005 88 41 Ad.
1064 1006 98 40 Sax
1207 1012 118 35 unter
1366 1008 189 40 Mohr's
1598 1009 206 40 Direction

216 1065 217 51 prachtvoll
464 1067 234 52 ausgeführt
741 1068 84 39 und
868 1069 73 40 mit
980 1082 179 39 grossem
1189 1070 141 41 Beifall
1363 1072 308 51 aufgenommen
1701 1085 76 27 wor-

216 1127 90 39 den.
348 1126 80 41 Ein
458 1128 179 41 Kritiker
665 1131 80 40 ruft
774 1143 91 28 aus:
910 1131 238 48 „Glücklich
1178 1133 64 40 die
1272 1134 182 47 Fürsten,
1484 1134 152 40 welche
1666 1134 135 40 solche

216 1187 134 42 Musik
379 1190 196 42 bestellen
602 1192 176 49 können,
808 1194 84 40 und
922 1195 124 40 deren
1068 1195 280 54 Vermählung
1377 1200 117 35 unter
1522 1197 93 39 dem
1645 1198 158 51 Klange

217 1261 43 28 so
289 1251 319 52 majestätischer
636 1255 279 41 Harmonieen
945 1257 165 51 gefeiert

298 1312 73 41 Bei
403 1314 146 41 Gouffe
593 1317 93 40 Hess
729 1317 84 40 sich
861 1319 70 38 der
957 1319 123 51 junge
1110 1319 190 39 deutsche
1332 1319 189 40 Violinist
1549 1320 153 39 Eller
1729 1319 74 39 mit

218 1387 179 38 grossem
426 1376 141 41 Beifall
597 1379 149 48 hören;
776 1392 43 26 er
849 1379 138 51 spielte
1017 1379 65 40 die
1112 1379 224 41 Ciacconna
1366 1394 77 26 von
1463 1381 111 40 Bach
1603 1381 83 39 und
1715 1380 86 41 drei

219 1436 146 42 Stücke
394 1451 78 28 von
502 1441 130 40 seiner
662 1441 288 52 Composition.

299 1567 339 46 StrasslMirg*.
698 1566 81 40 Am
809 1566 63 41 26.
904 1567 230 41 November
1164 1569 68 40 hat
1260 1569 157 40 Ernst
1460 1570 42 39 in
1531 1569 271 52 Verbindung

216 1622 70 40 mit
315 1623 71 40 der
414 1625 296 42 dramatischen
739 1629 236 41 Künstlerin
1004 1631 79 39 Frl.
1124 1631 158 40 Siona
1319 1632 137 51 Levy
1487 1631 86 41 hier
1602 1632 66 40 ein
1698 1632 78 40 Con-

215 1689 84 35 cert
329 1687 195 51 gegeben.
579 1689 58 39 Er
679 1702 85 28 war
809 1692 75 40 seit
931 1694 120 39 zwölf
1073 1694 151 40 Jahren
1254 1694 111 41 nicht
1408 1695 87 40 hier
1538 1695 83 39 und
1667 1694 136 41 feierte

219 1745 117 42 einen
365 1748 166 42 wahren
561 1750 213 54 Triumph.

297 1876 256 38 Xjoyicloii«
619 1877 72 41 Die
722 1879 213 43 berühmte
966 1882 196 54 Sängerin
1192 1884 450 41 Viardot-Garcia
1671 1889 131 48 erregt

216 1935 166 47 überall,
412 1949 62 27 wo
505 1938 55 40 sie
591 1939 83 40 sich
706 1941 126 42 hören
862 1945 107 48 lässt,
998 1959 136 40 grosse
1166 1948 327 51 Bewunderung.
1524 1948 159 40 Binnen
1714 1949 89 39 acht

221 1997 133 51 lagen
384 1998 67 39 hat
480 1999 57 41 sie
566 2001 41 39 in
636 2002 113 41 sechs
780 2005 224 42 Concerten
1033 2021 229 40 gesungen:
1303 2010 78 39 den
1410 2009 64 40 22.
1502 2010 229 41 November
1760 2011 41 38 in

218 2058 283 53 Liverpool
546 2063 41 40 in
629 2065 92 40 dem
767 2067 230 42 Oratorium
1040 2072 169 40 Samson
1253 2072 64 40 die
1347 2073 142 46 Delila,
1532 2074 79 38 den
1653 2073 64 40 24.
1761 2073 41 40 in

214 2121 379 54 Birmingham,
637 2128 78 39 den
741 2129 65 40 25.
836 2130 41 39 in
906 2132 213 41 London
1158 2134 41 39 in
1228 2135 72 40 der
1327 2136 146 37 Sacred
1500 2137 198 37 Harmonie
1726 2138 50 36 So-

213 2192 93 40 ciety
336 2184 221 45 wiederum
586 2189 55 40 im
671 2190 182 49 Samson,
898 2194 79 40 den
1005 2195 65 41 28.
1100 2196 54 40 im
1183 2196 180 50 Messias,
1392 2199 78 39 den
1500 2200 63 38 30.
1594 2199 40 40 in
1665 2199 132 40 einem

212 2246 340 44 Abend-Concert
568 2250 127 42 Arien
722 2265 78 28 von
819 2255 153 40 Weber
1000 2258 84 38 und
1104 2258 250 52 Meyerbeer,
1385 2261 78 39 den
1496 2262 33 40 1.
1562 2263 237 46 December,

212 2307 67 40 bei
310 2309 71 40 der
410 2310 271 56 Einweihung
710 2315 71 40 der
810 2317 55 39 St.
893 2318 322 51 Martins-Halle,
1258 2322 89 39 eine
1374 2323 100 40 Arie
1517 2336 70 27 aus
1626 2324 76 40 der
1726 2325 49 39 Su-

216 2380 122 29 sanna
366 2383 78 28 von
472 2374 161 41 Händel
672 2378 85 38 und
786 2379 79 39 den
895 2381 167 40 zweiten
1091 2383 78 39 Act
1197 2383 70 40 des
1297 2383 187 52 Orpheus
1514 2397 78 27 von
1622 2385 142 41 Gluck.

295 2432 168 54 Hiesige
491 2436 151 42 Blätter
684 2441 221 49 berichten,
948 2443 90 40 dass
1082 2445 70 39 der
1190 2445 301 52 Capellmeister
1532 2448 156 40 Costa
1734 2450 71 39 auf

216 2494 134 41 seiner
379 2497 120 41 Reise
529 2500 127 40 durch
685 2502 272 43 Deutschland
1002 2506 42 40 in
1073 2507 151 41 Wien
1253 2509 71 38 auf
1348 2509 110 40 einer
1486 2510 314 53 Versteigerung

213 2556 65 40 ein
308 2557 127 41 Paket
463 2563 310 48 geschriebener
799 2568 136 40 Musik
964 2570 162 52 gekauft
1172 2571 82 40 und
1297 2572 191 41 darunter
1518 2573 89 40 eine
1637 2575 142 50 sorgfäl-

213 2618 79 53 tige
321 2621 211 42 Abschrift
560 2625 72 40 der
661 2627 174 42 Partitur
863 2643 77 27 von
983 2632 183 40 Hände
1179 2634 49 38 Ts
1269 2634 125 40 Acis
1436 2636 102 38 und
1580 2634 220 42 Galatea

212 2681 73 40 mit
313 2683 244 43 Mozart's
596 2688 368 57 Instrumentirung
993 2694 185 40 entdeckt
1206 2695 117 41 habe.
1376 2695 113 41 Nach
1519 2696 149 41 Costa's
1696 2698 79 40 Aus-

214 2757 92 39 sage
336 2745 67 40 hat
432 2747 84 40 sich
547 2750 155 41 Mozart
746 2753 87 39 hier
877 2755 108 39 nicht
1024 2757 107 39 bloss
1170 2758 71 38 auf
1264 2758 291 52 Hinzufügung
1585 2771 78 27 von
1691 2759 88 40 Blas-

213 2806 297 43 instrumenten
551 2812 254 49 beschränkt,
847 2818 176 39 sondern
1067 2819 64 39 die
1174 2832 124 39 ganze
1329 2820 473 55 Orchester-Begleitung

212 2872 301 49 umgearbeitet.
565 2874 119 41 Costa
713 2876 69 40 hat
811 2878 109 41 diese
950 2880 176 41 Partitur
1155 2882 72 41 der
1254 2885 208 36 Harmonie
1498 2885 134 46 Union,
1677 2885 124 40 deren

214 2931 338 46 Musik-Director
581 2952 43 26 er
654 2939 60 48 ist,
763 2942 245 52 übergeben,
1055 2945 83 39 und
1169 2946 63 39 die
1264 2946 260 41 Gesellschaft
1554 2947 66 40 hat
1648 2959 83 35 vor,
1760 2947 40 40 in

217 2994 131 42 einem
376 2998 108 40 ihrer
513 3001 192 41 nächsten
736 3004 195 43 Concerte
959 3006 96 40 Acis
1085 3009 82 39 und
1198 3008 164 42 Galatea
1392 3010 90 52 (von
1507 3011 160 39 Händel
1700 3011 99 39 1717

218 3060 62 36 für
298 3058 121 41 Wien
447 3062 276 55 geschrieben)
752 3067 73 40 mit
853 3069 74 39 der
940 3069 291 42 Mozarfschen
1256 3072 238 53 Begleitung
1524 3073 276 41 aufzuführen.

298 3183 144 42 Elise
473 3185 308 53 Christiani,
825 3192 64 39 die
913 3193 126 52 junge
1072 3195 84 39 und
1178 3194 137 41 kühne
1345 3194 456 54 Violoncell-Spielerin,

221 3246 154 40 welche
404 3247 90 39 dem
525 3250 232 51 Ungemach
787 3253 110 40 einer
926 3255 120 40 Reise
1091 3256 126 40 durch
1261 3257 65 40 die
1369 3258 243 40 nordischen
1641 3259 160 40 Länder

218 3313 151 45 trotzte,
400 3311 49 39 ist
479 3311 41 39 in
548 3312 373 53 Nowatsch-Karsk,
964 3320 56 39 als
1064 3320 62 42 sie
1160 3321 55 39 im
1244 3320 177 52 Begriffe
1450 3333 97 36 war,
1588 3321 103 40 nach
1721 3321 78 39 den

217 3370 295 42 kaukasischen
543 3373 186 42 Ländern
761 3390 47 26 zu
849 3380 144 48 reisen,
1037 3384 228 49 gestorben.
1320 3382 264 42 Bekanntlich
1613 3384 93 40 kam
1735 3384 64 40 die

221 3433 237 41 Künstlerin
487 3436 103 40 nach
621 3437 282 43 bedeutenden
922 3443 190 53 Erfolgen
1140 3446 40 39 in
1209 3446 130 40 ihrem
1369 3446 242 40 Vaterlande
1641 3446 134 40 Schwe-

221 3498 77 39 den
328 3499 82 39 und
440 3499 42 40 in
511 3499 188 53 England
729 3502 71 38 auf
823 3504 77 39 den
929 3506 348 43 abenteuerlichen
1307 3508 233 46 Gedanken,
1581 3509 196 40 Nordruss-

220 3559 93 39 land
343 3561 83 39 und
458 3561 175 41 Sibirien
663 3575 49 28 zu
741 3564 217 43 besuchen.
1015 3568 65 40 Sie
1110 3570 66 40 hat
1204 3583 116 40 sogar
1361 3572 41 39 in
1432 3572 368 41 Kamtschatka

222 3620 192 44 Concerte
443 3626 196 50 gegeben.

300 3742 46 38 In
387 3743 337 43 Montevideo
768 3746 51 41 ist
861 3748 90 39 eine
994 3748 267 43 französische
1291 3751 113 52 Oper
1444 3754 72 39 mit
1557 3754 242 53 Halevy's

219 3803 195 47 „Jüdin'
419 3808 7 15 4
461 3807 164 41 eröffnet
645 3810 165 40 worden
840 3810 176 53 (Anfang
1044 3824 69 30 um
1143 3812 23 40 8
1197 3814 110 52 Uhr).
1337 3815 91 40 Alle
1448 3817 219 40 Darsteller
1697 3831 78 27 wur-

220 3867 76 39 den
327 3878 63 28 am
421 3867 184 42 Schlüsse
634 3873 179 49 gerufen,
844 3874 71 39 der
945 3874 135 40 Tenor
1108 3875 169 41 Mario
1293 3890 21 26 z
1343 3878 56 40 als
1423 3878 164 42 Eleasar
1616 3881 185 42 mehrere

221 3929 104 40 Male
354 3930 55 40 im
440 3930 123 41 Laufe
592 3932 70 40 der
689 3934 273 53 Vorstellung.

2091 3541 111 36 IMe
2230 3542 540 36 IWiederrlieinisclie
2799 3544 465 47 Musik-Zeitung

1894 3601 199 37 erscheint
2114 3603 120 46 jeden
2263 3603 185 49 Samstag
2476 3605 42 34 in
2556 3604 240 37 mindestens
2837 3607 127 35 einem
3000 3619 154 35 ganzen
3191 3608 156 47 Bogen;
3399 3609 54 37 all-

1895 3654 219 36 monatlich
2142 3655 97 37 wird
2267 3657 63 35 ihr
2359 3658 63 35 ein
2449 3658 332 36 Literatur-Blatt
2810 3659 255 48 heigegeben.
3174 3661 82 35 Der
3283 3661 161 38 Abonne-

1894 3709 234 47 mentspreis
2157 3709 160 47 beträgt
2333 3711 64 34 für
2420 3710 70 36 das
2505 3711 198 46 Halbjahr
2735 3715 19 32 2
2773 3712 122 46 Thlr.,
2924 3714 65 35 bei
3012 3713 75 35 den
3114 3714 49 34 K.
3184 3725 152 35 preuss.
3356 3715 114 37 Post-

1895 3762 213 36 Anstalten
2138 3765 20 33 2
2177 3762 107 35 Thlr.
2315 3763 22 35 5
2363 3763 85 47 Sgr.
2477 3765 98 35 Eine
2604 3765 176 36 einzelne
2797 3766 188 35 Nummer
3008 3769 24 32 4
3052 3765 84 49 Sgr.
3167 3767 303 52 Einrückungs-

1896 3815 215 37 Gebüliren
2141 3827 70 35 per
2239 3815 205 37 Petitzeile
2477 3820 20 33 2
2530 3817 85 49 Sgr.

1946 3869 130 35 Briefe
2102 3868 82 36 und
2213 3869 291 49 Zusendungen
2534 3871 98 36 aller
2668 3871 75 36 Art
2771 3871 159 36 werden
2954 3875 117 32 unter
3105 3872 70 37 der
3201 3874 172 39 Adresse
3401 3876 70 40 der

1893 3923 53 37 M.
1975 3921 431 51 DuMont-Schauberg
2412 3922 11 15 r
2424 3925 120 35 schen
2571 3924 324 48 Buchhandlung
2931 3925 42 35 in
3000 3925 107 36 Köln
3135 3927 172 39 erbeten.

2002 4031 381 45 Verantwortlicher
2411 4036 306 54 Herausgeber:
2754 4037 108 40 Prof.
2891 4038 44 41 L.
2963 4040 184 40 Bischoff
3169 4041 43 40 in
3239 4042 123 41 Köln.

1957 4084 216 53 Verleger:
2200 4087 55 41 M.
2284 4089 540 53 DuMont-Schauberg'sche
2853 4091 323 55 Buchhandlung
3203 4095 43 40 in
3274 4096 121 41 Köln.

1939 4138 203 42 Drucker:
2168 4139 59 43 M.
2254 4142 433 53 DuMont-Schauberg
2715 4144 43 41 in
2786 4144 121 50 Köln,
2936 4146 255 44 Breitstrasse
3222 4150 49 41 76
3300 4161 38 30 iL
3370 4149 65 43 78.

2384 326 616 65 Ankündigungen.

1980 481 76 41 Bei
2085 482 74 40 Fr.
2188 481 329 41 Hofmeister
2546 481 41 41 in
2616 481 164 53 Leipzig
2809 484 90 39 sind
2928 485 258 49 erschienen;

1899 552 196 40 Haider,
2124 554 70 36 H,
2223 547 51 35 25
2305 547 139 36 Eludes
2484 547 221 36 chantantes
2744 555 32 29 et
2813 548 195 37 brillantes
3041 564 42 36 p.
3115 552 152 47 Pianof.
3318 552 66 49 Op.
3415 553 65 37 34,

2224 600 24 35 3
2278 600 118 47 Hefte.
2425 603 24 33 ä
2480 600 19 36 i
2536 600 98 37 Thlr.

1929 676 45 4 —
2036 675 45 6 —
2141 653 70 36 Les
2239 654 125 36 loisirs
2394 654 42 36 de
2464 655 39 36 la
2533 653 230 38 Chdtelaine.
2791 655 27 36 6
2847 654 210 37 Morceaux
3071 671 39 36 p.
3128 658 154 48 Pianof.
3318 661 66 49 Op.
3416 661 64 36 44.

2224 709 24 33 ä
2277 707 49 35 12
2334 706 7 21 ]
2342 710 24 45 /
2367 733 13 23 2
2410 708 82 47 Sgr.

1980 804 51 37 So
2061 804 87 37 eben
2177 805 168 36 erschien
2371 807 52 35 im
2461 805 153 50 Verlage
2642 821 71 23 von

2283 870 133 35 Carl
2445 871 328 37 Luckhardt
2802 870 41 40 in
2874 872 216 45 Cassel*

2221 931 66 36 Mu
2289 932 55 35 sie
2347 931 139 45 alten-,
2524 933 149 36 Kunst-
2715 935 80 34 und
2834 936 326 49 Buchhandlung:

1903 1001 190 39 Cxerny,
2125 1000 54 38 €.,
2213 994 63 49 Op.
2306 993 100 35 807:
2437 993 204 38 Colleclion
2670 997 44 35 de
2741 998 187 37 nouvelles
2947 999 142 36 Etudes
3113 1013 100 35 pour
3229 1000 136 38 Piano.
3398 1002 82 38 Liv*

2223 1047 143 35 I—lo.
2421 1046 27 36 8
2479 1048 99 35 Thlr.

1901 1108 224 37 Dietrich,
2155 1107 61 37 A.,
2249 1101 64 49 Op.
2343 1101 48 35 4:
2420 1100 132 36 Sieben
2580 1101 134 37 Lieder
2739 1105 29 44 f.
2800 1105 81 35 eine
2909 1105 136 49 Singst,
3076 1121 48 22 in.
3156 1107 96 47 Pfte.
3312 1109 52 35 25
3395 1110 83 47 Sgr.

1899 1162 285 36 Eschmann,
2211 1161 32 29 J
2243 1180 11 11 .
2287 1161 57 36 €,
2376 1154 63 48 Op.
2472 1154 71 36 17:
2572 1154 138 36 Album
2739 1157 208 46 (Zweite
2976 1160 256 50 Auflage),
3263 1162 217 38 Lebensbil-

2220 1209 87 35 der:
2338 1208 49 35 12
2416 1208 159 47 lyrische
2609 1209 203 36 Tonstücke
2837 1212 31 44 f.
2900 1211 123 37 Piano
3023 1215 108 44 forte.
3161 1216 26 34 2
3210 1216 97 37 Thlr.
3328 1217 48 35 15
3396 1218 84 47 Sgr.

2142 1263 65 49 Op.
2239 1261 71 36 18:
2338 1261 114 36 Sechs
2487 1262 201 36 Tonslücke
2722 1264 67 45 für
2827 1264 69 35 das
2926 1264 222 48 Pianof'orte
3176 1282 47 22 zu
3251 1270 25 34 4
3305 1270 174 37 Händen.

2220 1315 67 36 JYr.
2309 1315 47 35 3:
2385 1315 134 44 Etüde,
2555 1315 100 49 17*/%
2676 1316 85 48 Sgr.
2852 1317 67 36 Nr.
2938 1317 52 37 4:
3022 1319 210 49 Capriccio,
3265 1323 49 36 l7
3319 1324 11 23 l
3331 1325 22 45 /
3354 1350 13 24 2
3397 1325 83 47 Sgr.

2034 1390 45 6 -
2141 1369 65 51 Op.
2235 1368 74 36 20.
2341 1369 114 35 Sechs
2483 1369 246 37 Salonstücke
2754 1371 66 45 für
2851 1371 68 35 das
2949 1370 146 48 Pianof
3096 1381 84 28 orte.
3217 1375 67 36 Nr.
3317 1377 45 36 1:
3390 1378 90 35 Ma-

2222 1422 132 44 zurka,
2397 1422 48 35 12
2453 1423 7 22 l
2461 1423 23 46 /
2485 1449 14 23 2
2529 1423 84 47 Sgr.
2724 1423 74 39 Ar.
2822 1423 48 37 2:
2902 1424 205 47 Nocturne,
3138 1428 49 35 15
3218 1429 72 47 Sgr
3291 1460 9 8 .
3410 1431 70 39 7Vr.

2220 1476 50 34 3:
2300 1476 204 44 Romanze,
2538 1477 47 34 15
2615 1477 85 47 Sgr.

1896 1535 285 37 Eschmann,
2211 1535 132 36 Jean,
2376 1529 66 49 Op.
2470 1527 52 43 4*
2545 1529 188 37 Mazurka
2772 1530 80 36 und
2879 1530 124 38 Polka
3036 1533 67 47 für
3142 1534 69 36 das
3239 1535 148 47 Pianof
3388 1543 86 31 orte.

2222 1582 49 36 10
2297 1582 85 47 Sgr.

1896 1641 191 38 Jansen,
2117 1641 48 31 JF.
2197 1643 60 35 G.,
2289 1635 66 49 Op.
2385 1636 49 35 4:
2463 1636 115 35 Sechs
2609 1636 166 48 Gesänge
2800 1637 32 47 f.
2862 1651 82 24 eine
2974 1639 93 48 Sing
3069 1641 145 36 stimme
3242 1643 66 36 mit
3327 1643 150 38 Piano-

2214 1690 111 45 forte.
2358 1689 49 35 17
2416 1691 6 18 l
2423 1690 25 46 /
2449 1716 11 22 2
2491 1690 83 46 Sgr.

1896 1749 253 37 Scheidler,
2181 1749 39 30 C.
2250 1749 34 30 A
2301 1770 11 15 ,
2355 1741 142 37 Cursus
2522 1744 31 45 f.
2584 1743 33 35 d.
2648 1743 462 39 Elementar-Unterricht
3149 1749 53 34 im
3231 1748 123 37 Piano
3355 1752 122 45 forte-

2216 1795 113 49 Spiel.
2386 1796 98 37 Eine
2526 1797 257 46 ausführliche
2825 1799 81 35 und
2949 1800 245 49 vollständige
3236 1801 227 50 Anweisung

2216 1850 87 45 Heft
2332 1849 119 39 I—s.
2507 1850 19 35 1
2565 1851 98 35 Thlr.
2696 1851 51 35 10
2775 1852 83 48 Sgr.

1908 1909 116 38 Voss,
2056 1909 56 38 €.,
2145 1903 65 51 Op.
2241 1903 74 35 111
2329 1916 12 22 :
2369 1904 419 46 Schiffer-Ständchen.
2832 1906 198 37 Romanze
3050 1908 68 47 für
3146 1908 124 38 Piano
3272 1910 99 48 forte
3399 1914 25 35 ä
3458 1913 19 36 %

2214 1959 137 34 mains.
2402 1957 52 35 10
2481 1957 87 48 Sgr.

2294 2060 215 45 HEUE
2539 2060 527 56 MVSICILIEK,

2230 2140 43 28 so
2316 2129 104 39 eben
2466 2129 235 41 erschienen
2747 2130 54 40 im
2850 2131 173 52 Verlage
3067 2145 77 28 von

2099 2194 198 36 I*ietro
2328 2195 267 35 Meclietti
2626 2197 101 34 sei.
2758 2197 212 36 Witwe
3000 2194 42 40 in
3071 2199 171 37 Wien
3259 2212 16 24 t

1894 2260 254 37 Horxalha,
2178 2260 40 31 J.
2249 2261 67 37 JE.,
2351 2255 66 49 Op.
2447 2255 76 36 62:
2553 2256 301 37 Fantasiebilder
2879 2258 31 45 f.
2941 2257 96 48 Pfte.
3080 2260 35 36 1.
3146 2260 248 41 Liebesscene.

2213 2308 39 36 2.
2283 2309 120 35 Fahrt
2429 2321 63 22 am
2521 2309 79 35 See.
2619 2310 101 35 —3.
2752 2310 147 39 Bolero.
2984 2312 35 35 4.
3038 2312 211 38 Pastorale,
3279 2318 24 33 ä
3326 2317 51 35 10
3392 2319 84 48 Sgr.

1895 2367 168 36 Hoven,
2093 2366 56 38 J.,
2184 2361 64 49 Op.
2278 2362 75 35 46:
2391 2362 134 35 Sieben
2551 2362 172 37 Gedichte
2752 2376 70 23 aus
2852 2364 80 35 dem
2960 2365 160 43 „Neuen
3148 2367 184 50 Frühling
3403 2385 72 23 von

2215 2415 47 37 11.
2291 2415 166 38 Heine.
2487 2416 78 35 Für
2596 2416 19 34 1
2647 2416 136 48 Singst.
2812 2429 49 24 m.
2891 2418 100 47 Begl.
3022 2419 34 36 d.
3087 2420 96 46 Pfte.
3234 2422 51 35 25
3315 2424 85 48 Sgr.

2140 2468 65 49 Op.
2235 2469 78 34 47:
2337 2469 115 35 Sechs
2483 2467 172 38 Gedichte
2681 2483 72 22 von
2784 2470 265 40 Chamisso.
3093 2474 80 35 Für
3205 2476 18 35 1
3256 2476 139 49 Singst,
3428 2491 47 26 m.

2217 2521 101 47 Begl.
2350 2523 161 45 dPfte.
2569 2523 36 37 1.
2632 2523 88 47 Heft
2746 2524 53 34 20
2827 2524 96 47 Sgr.,
2953 2525 36 38 2.
3020 2526 88 47 Heft
3134 2528 52 35 25
3216 2530 83 47 Sgr.

1901 2581 173 37 Kafka,
2103 2581 56 37 J.,
2193 2575 65 49 Op.
2286 2575 75 36 32:
2400 2575 245 50 Erinnerung
2673 2589 52 24 an
2753 2577 211 37 Steinbach.
3007 2578 115 49 Idylle
3148 2583 67 45 für
3243 2583 221 46 Pianoforte

2220 2629 49 34 15
2299 2629 84 47 Sgr.

1898 2686 249 40 Madeyr.hS,
2176 2686 70 38 JH.,
2278 2681 56 36 La
2347 2683 143 48 plainte
2572 2683 153 36 IJaveu.
2757 2684 108 35 Deux
2883 2684 209 39 Nocturnes
3107 2701 40 36 p.
3164 2688 136 41 Piano.
3325 2691 51 36 10
3391 2692 85 48 Sgr.

1898 2740 190 38 Mozart,
2128 2742 64 31 ir.
2222 2742 61 36 A,
2313 2735 166 36 Sonaten
2504 2737 66 45 für
2600 2737 221 47 Pianoforte
2849 2751 48 22 zu
2927 2740 26 33 2
2980 2740 172 37 Händen.
3192 2742 130 38 Neue
3349 2744 72 38 An
3433 2759 42 23 s-

2215 2789 132 47 gabe,
2389 2791 68 34 mit
2483 2789 220 49 Benutzung
2739 2792 268 49 zuverlässiger
3038 2793 152 45 Quellen
3221 2797 155 48 redigirt
3403 2813 72 23 von

2222 2842 44 38 G.
2294 2842 297 37 Nottebohm.
2623 2843 67 38 Nr.
2721 2844 35 38 1.
2788 2845 140 46 G-dur,
3029 2847 66 37 Nr.
3125 2849 38 37 2.
3192 2849 147 47 A-dur,
3370 2855 25 33 ä
3426 2854 47 35 15

2220 2896 82 47 Sgr.
2415 2895 65 39 Nr.
2508 2897 36 34 3.
2578 2897 142 45 F-dur,
2829 2898 70 39 Nr.
2927 2900 37 35 4.
2995 2900 143 46 B-dur,
3203 2924 15 6 -
3249 2905 69 39 Nr.
3348 2907 37 38 5.
3414 2907 62 35 A-

2220 2949 101 45 tnoll,
2432 2949 66 39 Nr.
2527 2950 37 37 6.
2593 2950 142 44 F-dur,
2840 2952 68 39 Nr.
2936 2956 36 36 7.
3005 2954 144 47 D-dur,
3178 2968 24 23 a
3229 2958 54 35 20
3310 2959 83 47 Sgr.

2219 3002 67 36 Nr.
2314 3003 38 35 8.
2383 3003 178 36 Fantasie
2591 3005 80 34 und
2697 3005 140 36 Sonate
2865 3005 205 50 (C-moll),
3100 3009 52 34 25
3181 3010 85 47 Sgr.

1896 3059 288 41 Nottebohm,
2215 3063 59 36 G.,
2307 3057 64 48 Op.
2404 3057 75 36 10:
2514 3057 197 48 Fliegende
2739 3058 154 37 Blätter.
2939 3060 115 37 Sechs
3089 3062 202 39 Tonslücke
3316 3067 25 43 f
3379 3066 83 44 Pfte

2215 3109 52 35 20
2296 3110 83 47 Sgr.

2140 3163 65 49 Op.
2239 3163 70 36 11:
2344 3163 103 36 Trois
2478 3163 177 50 Caprices
2678 3179 38 35 p.
2748 3164 134 40 Piano.
2938 3168 50 34 25
3017 3168 84 48 Sgr.

1948 3262 84 37 Alle
2059 3264 40 35 in
2129 3263 119 36 dieser
2275 3262 311 50 Musik-Zeitung
2629 3265 273 50 besprochenen
2939 3269 82 35 und
3055 3271 299 50 angekündigten
3383 3275 91 36 Mu~

1893 3317 158 36 sicalien
2079 3324 67 29 etc.
2175 3317 90 35 sind
2291 3330 46 22 zu
2365 3318 166 35 erhalten
2559 3319 41 35 in
2629 3319 65 36 der
2721 3327 86 29 stets
2835 3321 224 49 vollständig
3097 3328 223 36 assortirten
3348 3328 126 38 Musi-

1892 3370 356 48 calien-Handlung
2285 3372 102 35 nebst
2424 3372 234 37 Leihanstalt
2700 3387 72 23 von
2815 3375 298 38 BERNHARD
3160 3380 224 37 BREUER
3433 3384 42 35 in

1896 3424 140 44 Köln,
2066 3425 246 35 Hochstrasse
2339 3426 68 34 Nr.
2437 3425 65 37 97.
