3327 4409
573 3829 72 56 94

560 511 118 37 ture,
705 498 31 42 il
762 498 73 40 n'a
862 494 143 51 guère
1032 492 245 45 beaucoup
1303 484 174 52 publié.
1506 483 107 39 Van
1641 480 84 41 der

561 572 266 44 Swaelmen
859 585 25 25 a
917 567 261 46 davantage
1210 559 133 52 parlé
1374 555 213 53 qu'écrit.
1620 553 79 41 C'é-

560 648 95 48 tait,
688 646 62 41 du
779 651 141 40 reste,
950 656 62 26 un
1043 651 203 28 causeur
1277 632 254 51 captivant.
1561 630 59 40 Je
1651 625 75 43 l'ai

560 718 209 44 entendu
807 715 208 52 prendre
1054 712 42 42 la
1134 709 164 52 parole
1336 707 26 41 à
1401 706 214 41 diverses
1656 715 46 26 re-

560 794 166 50 prises,
767 807 57 25 en
865 787 207 54 français
1112 794 44 33 et
1194 799 57 26 en
1288 776 320 49 néerlandais,
1649 775 52 41 de-

560 875 111 34 vant
695 867 67 40 les
786 863 261 43 auditoires
1075 860 66 40 les
1165 858 104 50 plus
1295 853 170 43 variés.
1490 851 36 41 Il
1552 865 59 26 ne
1636 858 69 32 tar-

561 942 95 41 dait
693 955 82 35 pas
814 938 289 47 d'emporter
1141 932 103 41 leur
1282 927 244 47 adhésion,
1565 924 58 41 de
1660 923 67 40 les

558 1015 185 42 animer
774 1028 84 34 par
889 1018 99 34 tout
1018 1024 54 25 ce
1100 1005 110 51 qu'il
1242 1001 183 43 mettait
1459 1000 56 41 de
1546 996 181 43 vitalité

562 1090 115 41 dans
704 1103 75 26 ses
805 1085 231 45 discours,
1065 1081 57 41 de
1148 1079 66 41 les
1240 1075 175 44 édifier
1439 1089 85 35 par
1550 1079 101 34 tout
1675 1084 53 26 ce

559 1162 111 51 qu'il
708 1161 103 41 leur
847 1156 179 43 laissait
1061 1151 244 45 entrevoir
1341 1149 56 42 de
1432 1147 152 43 solide
1620 1159 82 27 con-

561 1236 177 42 viction
779 1242 44 33 et
863 1232 232 42 d'intense
1134 1234 203 42 sagesse,
1377 1223 116 42 dans
1533 1235 78 27 ces
1651 1234 52 34 pa-

561 1310 124 42 roles
713 1306 254 43 martelees
994 1318 115 26 avec
1137 1309 98 33 tant
1263 1300 28 40 d
1310 1305 207 41 energie,
1543 1310 92 25 aux
1663 1307 44 26 in-

563 1383 203 43 flexions
793 1387 223 44 pourtant
1042 1376 35 42 si
1108 1375 190 47 douces,
1326 1385 186 28 comme
1538 1383 93 27 une
1658 1382 48 25 ca-

561 1474 146 26 resse.
757 1451 345 54 Quoiqu'armé
1152 1449 139 41 d'une
1341 1444 153 43 ironie
1543 1442 80 51 qui
1672 1455 60 27 ne

560 1530 245 52 manquait
849 1526 180 52 parfois
1073 1540 83 35 pas
1202 1520 224 51 d'âpreté,
1470 1534 84 26 son
1599 1531 134 26 cœur

562 1606 112 43 était
708 1603 170 50 rempli
916 1601 57 42 de
1008 1599 250 42 tendresse
1292 1604 46 32 et
1374 1595 57 41 de
1465 1591 267 43 confiance.

560 1681 37 41 Il
623 1678 174 43 n'avait
823 1677 103 40 rien
954 1675 61 41 du
1040 1672 218 52 cynique,
1284 1669 104 41 rien
1415 1666 128 43 aussi
1572 1665 61 41 du
1661 1680 47 34 sy-

559 1754 166 42 barite.
751 1752 80 41 Au
859 1747 254 49 contraire,
1143 1746 42 41 le
1213 1742 304 50 romantique
1546 1737 185 44 attardé

561 1827 111 52 qu'il
708 1825 126 49 était,
870 1820 265 52 s'ingéniait
1169 1820 26 41 à
1230 1817 172 42 cacher
1439 1813 217 44 derrière
1690 1810 42 41 la

562 1901 151 43 solide
750 1898 168 56 façade
955 1897 57 41 de
1048 1911 83 26 son
1169 1908 139 34 corps
1343 1890 210 47 robuste,
1591 1886 58 42 de
1684 1901 50 26 sa

562 1977 233 50 bruyante
822 1972 124 49 voix,
979 1971 57 41 de
1065 1985 85 26 son
1179 1971 361 39 accoutrement
1569 1961 58 42 de
1655 1959 53 42 bo-

560 2051 139 42 hème
743 2054 287 44 vaguement
1075 2043 171 49 dandy,
1293 2041 82 41 des
1422 2051 196 29 sources
1665 2049 46 27 se-

562 2125 154 42 crètes
743 2123 57 42 de
826 2118 279 49 sensibilité,
1132 2114 293 48 d'affection,
1453 2112 57 42 de
1534 2109 202 52 pudeur.

564 2199 157 42 Dévot
764 2197 57 42 de
863 2193 209 49 l'amitié,
1113 2199 141 43 ayant
1295 2185 442 54 personnellement

563 2290 157 26 connu
743 2272 185 42 d'assez
948 2268 109 51 près
1081 2265 157 42 Emile
1258 2262 299 48 Verhaeren,
1578 2273 127 34 comp-

564 2357 99 34 tant
694 2345 152 52 parmi
881 2359 75 27 ses
989 2342 191 42 intimes
1214 2339 200 43 Juliette
1447 2345 45 33 et
1523 2333 214 45 William

564 2423 231 49 Degouve
829 2420 57 41 de
918 2419 253 48 Nunques,
1204 2410 279 45 beau-frère
1517 2419 45 33 et
1593 2408 121 42 belle-

566 2512 130 27 sœur
739 2495 57 42 de
838 2492 298 47 Verhaeren,
1179 2488 80 52 qui
1303 2486 250 42 l'aidèrent
1593 2483 26 42 à
1661 2497 53 26 en-

565 2570 200 43 tretenir
807 2584 54 26 ce
903 2566 140 49 culte,
1085 2565 30 41 il
1158 2562 173 53 parlait
1373 2577 57 26 en
1473 2558 161 52 public
1679 2556 62 42 du

564 2646 139 50 poète
732 2644 82 42 des
844 2659 22 26 «
897 2641 154 43 Villes
1080 2636 340 46 tentaculaires
1451 2651 22 25 »
1502 2648 117 28 avec
1647 2646 94 28 une

565 2721 176 49 fougue
772 2718 138 50 digne
940 2716 64 42 du
1032 2714 197 51 lyrisme
1260 2712 57 42 de
1346 2726 54 27 ce
1430 2708 209 43 dernier.
1668 2705 73 42 Ce

563 2796 121 40 n'est
711 2809 84 35 pas
826 2807 85 36 par
939 2789 178 42 hasard
1146 2789 152 49 qu'est
1327 2784 121 43 échu
1478 2784 26 41 à
1532 2798 94 26 van
1656 2780 85 42 der

567 2867 268 45 Swaelmen
906 2865 251 41 l'honneur
1226 2860 202 51 d'ériger
1496 2859 26 41 à
1590 2855 151 44 Saint-

564 2943 196 43 Amand
786 2942 44 42 la
857 2940 160 42 tombe
1045 2939 188 41 illustre
1261 2936 63 42 du
1350 2934 154 52 poète.

565 3019 131 42 Mais
738 3026 100 34 tout
880 3022 165 35 autant
1086 3028 92 36 que
1222 3012 43 42 la
1310 3008 260 53 splendeur
1613 3015 45 33 et
1700 3005 43 41 le

567 3093 148 42 verbe
755 3106 174 28 sonore
971 3090 57 41 de
1068 3088 299 46 Verhaeren,
1408 3083 31 42 il
1480 3081 264 53 appréciait

568 3167 237 42 l'intimité
827 3163 295 51 enveloppée
1147 3163 110 42 d'un
1282 3158 261 44 Mallarmé
1565 3166 45 34 et
1633 3156 112 42 d'un

567 3241 245 44 Verlaine.
841 3240 184 50 Depuis
1053 3237 113 52 qu'il
1195 3236 127 42 lisait
1351 3235 43 41 le
1422 3231 322 49 néerlandais,

569 3318 30 41 il
648 3315 251 44 chérissait
946 3312 446 53 particulièrement
1439 3308 163 43 Guido
1650 3306 63 42 Ge-

570 3391 138 43 zelle.

571 3466 161 43 Parmi
766 3464 68 44 les
879 3480 134 26 rares
1059 3462 167 43 études
1276 3460 191 43 d'ordre
1513 3456 234 45 littéraire

571 3541 146 52 qu'ait
748 3539 87 43 fait
865 3538 250 51 imprimer
1145 3546 74 32 cet
1248 3536 193 41 homme
1474 3534 59 41 de
1563 3532 110 52 goût
1704 3539 45 34 et

572 3617 58 42 de
660 3615 173 49 savoir,
865 3614 45 51 je
938 3613 123 42 tiens
1092 3612 26 42 à
1148 3610 207 52 signaler
1386 3625 86 27 son
1506 3607 146 50 Eloge
1685 3606 64 43 du

570 3692 178 42 Prince
774 3690 58 42 de
859 3689 164 51 Ligne,
1049 3687 43 42 le
1120 3686 219 43 discours
1365 3683 113 53 qu'il
1505 3696 244 40 prononça

1800 480 25 41 à
1872 477 168 43 Belœil
2088 492 59 25 en
2194 474 153 52 juillet
2395 472 119 49 1914,
2561 470 231 52 quelques
2840 468 131 50 jours

1800 561 141 34 avant
1970 552 43 41 la
2044 548 292 44 déclaration
2368 548 58 41 de
2456 555 184 41 guerre.
2672 543 36 41 Il
2740 544 120 41 n'est
2888 556 84 36 pas

1802 627 266 42 seulement
2096 625 42 40 le
2169 623 84 41 fait
2282 622 110 41 d'un
2420 620 259 42 architecte
2707 615 267 53 paysagiste

1801 700 245 43 célébrant
2077 698 199 41 l'œuvre
2307 696 57 41 de
2395 693 224 48 Lenôtre,
2648 691 120 42 mais
2799 703 176 28 encore

1800 775 123 42 celui
1972 774 110 41 d'un
2128 770 153 49 lettré,
2326 771 78 49 qui
2453 767 168 51 prisait
2668 771 278 37 souveraine-

1802 857 130 34 ment
1979 846 182 50 l'esprit
2208 842 247 51 épicurien
2505 841 63 41 du
2616 837 330 52 gentilhomme-

1804 922 153 43 soldat
1985 929 45 33 et
2059 917 228 45 écrivain.

1862 997 94 42 Son
1988 994 160 43 Guide
2179 993 64 41 du
2274 1001 292 39 promeneur
2597 987 58 42 de
2686 987 45 41 la
2761 985 128 50 foret
2919 983 59 42 de

1803 1072 199 48 Soignes
2044 1084 95 25 non
2181 1066 106 51 plus
2328 1065 121 41 n'est
2491 1079 83 34 pas
2618 1076 92 36 que
2752 1060 43 42 le
2836 1058 114 42 vade-

1802 1160 190 27 mecum
2022 1143 111 42 d'un
2163 1140 201 43 touriste
2392 1147 45 33 et
2465 1138 43 41 le
2536 1136 140 42 traité
2705 1135 110 41 d'un
2843 1132 109 42 arbo-

1804 1218 247 48 riculteur,
2085 1216 121 41 mais
2242 1214 200 41 l'œuvre
2477 1212 141 42 émue
2655 1209 110 42 d'un
2801 1207 150 42 anima-

1806 1303 105 32 teur
1944 1292 58 42 de
2031 1298 244 43 paysages,
2307 1288 57 41 de
2395 1286 163 51 poésie
2589 1293 45 33 et
2666 1284 133 47 d'art,
2829 1281 27 42 à
2886 1280 96 51 qui,

1806 1384 120 34 pour
1971 1364 268 52 reprendre
2284 1378 75 26 ses
2405 1359 204 52 paroles,
2656 1374 21 25 «
2726 1357 66 41 les
2840 1356 144 41 dieux

1806 1451 191 39 termes,
2030 1440 67 41 les
2130 1439 170 41 faunes
2333 1445 45 33 et
2408 1433 351 50 hamadryades
2791 1429 192 43 avaient

1806 1515 205 43 accordé
2041 1514 129 42 leurs
2199 1512 106 50 plus
2334 1525 135 27 rares
2500 1508 195 41 faveurs
2726 1522 37 25 ».

1808 1591 36 41 Il
1878 1599 71 33 est
1980 1605 63 25 un
2074 1596 137 34 autre
2241 1601 94 26 van
2367 1584 84 41 der
2486 1581 284 47 Swaelmen,
2801 1578 80 51 qui
2914 1584 71 34 est

1807 1681 91 35 peu
1931 1679 172 32 connu,
2136 1675 207 37 presque
2375 1657 280 43 totalement
2688 1653 164 51 ignoré
2894 1668 8 25 :
2943 1651 42 40 le

1807 1739 202 50 peintre.
2033 1736 148 42 Aussi
2209 1734 125 48 bien,
2361 1733 68 41 les
2456 1730 220 43 derniers
2704 1737 153 40 temps
2884 1741 77 27 sur-

1808 1822 114 40 tout,
1957 1827 50 27 se
2041 1808 238 44 cachait-il
2315 1805 359 53 généralement
2709 1802 57 42 de
2799 1800 188 42 manier

1807 1888 44 41 le
1875 1887 204 51 pinceau
2104 1893 46 33 et
2174 1883 43 41 le
2242 1897 192 35 crayon.
2461 1879 95 42 Son
2582 1877 150 52 esprit
2756 1875 114 43 était
2895 1873 92 43 allé

1809 1962 106 51 plus
1940 1960 111 49 loin,
2075 1958 127 43 avait
2225 1955 172 43 évolué
2420 1954 107 50 plus
2550 1952 98 42 vite
2670 1966 93 36 que
2789 1964 50 26 sa
2863 1947 100 43 tech-

1809 2037 160 51 nique,
1992 2043 45 33 et
2060 2034 30 40 il
2114 2048 59 26 en
2195 2029 242 45 souffrait.
2460 2029 59 42 Je
2541 2025 198 44 connais
2762 2024 43 41 le
2826 2022 165 42 mieux

1812 2111 58 42 de
1908 2109 80 50 lui,
2025 2124 121 35 pour
2183 2105 167 43 l'avoir
2386 2102 203 52 regardé
2624 2100 112 42 bien
2773 2104 217 40 souvent,

1811 2202 64 26 un
1902 2183 151 53 grand
2075 2189 206 44 paysage
2305 2196 94 25 aux
2425 2187 106 33 tons
2556 2191 123 27 roux
2704 2182 45 33 et
2775 2170 217 52 orangés,

1812 2260 178 43 étalant
2016 2261 460 46 somptueusement,
2505 2252 235 40 finement
2766 2248 69 42 les
2864 2246 102 42 fron-

1814 2335 194 42 daisons
2045 2329 300 45 automnales
2386 2328 111 42 d'un
2535 2325 109 43 coin
2682 2324 61 42 du
2781 2337 114 36 parc
2935 2319 58 42 de

1814 2408 301 43 Tervueren.
2153 2405 73 42 Ce
2264 2403 189 43 tableau
2491 2400 188 52 lyrique
2716 2394 279 52 témoignait

1814 2485 60 41 de
1922 2480 320 45 l'admiration
2294 2478 111 52 qu'il
2456 2476 220 51 professa
2726 2473 267 49 longtemps

1813 2574 121 35 pour
1987 2556 137 42 Théo
2176 2570 94 26 van
2324 2548 370 55 Rysselberghe.
2748 2545 89 43 J'ai
2895 2551 101 35 tout

1816 2633 96 42 lieu
1952 2631 58 42 de
2048 2629 158 43 croire
2244 2642 92 36 que
2376 2633 124 34 cette
2538 2620 292 45 admiration
2869 2617 127 42 avait

1814 2706 208 52 quelque
2083 2720 93 34 peu
2238 2700 132 43 faibli
2432 2698 212 52 pendant
2707 2695 42 41 la
2810 2702 187 42 guerre,

1816 2782 127 42 alors
1971 2795 94 36 que
2091 2793 122 27 nous
2240 2791 122 27 nous
2391 2772 242 43 initiâmes
2663 2785 60 26 en
2750 2764 247 46 Hollande

1817 2873 94 26 aux
1947 2852 287 45 recherches
2274 2859 46 33 et
2355 2865 95 26 aux
2488 2844 305 45 réalisations
2834 2841 57 43 de
2930 2840 71 41 Le

1818 2928 320 49 Fauconnier,
2181 2927 58 41 de
2282 2925 162 42 Franz
2484 2921 157 48 Marc,
2684 2919 58 42 de
2783 2914 216 53 G<hagall,

1820 3007 82 41 des
1950 3005 168 51 jeunes
2162 3000 214 52 peintres
2419 2993 271 46 hollandais
2737 3001 45 33 et
2827 2990 174 50 belges,

1818 3097 87 26 nos
1940 3076 298 46 camarades.
2271 3076 111 41 Van
2419 3073 84 41 der
2540 3068 271 45 Swaelmen
2849 3082 20 25 s
2889 3064 114 42 était

1820 3155 137 43 rallié
1981 3154 27 42 à
2030 3170 106 31 eux,
2159 3166 117 27 avec
2300 3157 130 35 toute
2455 3163 50 26 sa
2529 3145 66 43 foi
2620 3153 45 33 et
2688 3151 101 34 tout
2813 3156 86 27 son
2923 3154 52 27 en-

1821 3229 311 45 thousiasme.
2187 3225 37 41 Il
2265 3221 237 52 entreprit
2538 3219 161 42 même
2739 3231 121 37 pour
2899 3214 105 41 leur

1822 3320 168 28 œuvre
2029 3311 45 33 et
2112 3302 131 41 leurs
2281 3299 133 42 idees
2452 3311 95 28 une
2585 3289 308 56 propagande
2931 3303 49 27 ac-

1823 3381 111 48 tive,
1971 3379 83 42 des
2091 3377 106 51 plus
2234 3381 311 42 courageuse.
2580 3368 136 43 C'est
2749 3366 27 43 à
2811 3365 65 42 lui
2913 3379 93 36 que

1823 3455 190 42 revient
2058 3450 268 43 l'initiative
2371 3448 58 42 de
2474 3447 43 41 la
2564 3442 249 45 fondation
2861 3440 58 42 de
2964 3438 42 40 la

1830 3531 118 43 Voie
1978 3528 123 42 libre
2105 3560 11 17 ,
2149 3542 22 27 «
2204 3534 179 42 groupe
2413 3521 136 51 belge
2579 3534 122 36 pour
2733 3516 44 43 le
2809 3513 198 54 progrès

1829 3607 58 41 de
1919 3604 105 42 l'art
2056 3601 235 43 moderne
2326 3616 37 25 ».
2394 3596 95 44 Tôt
2521 3612 63 27 ou
2616 3593 121 50 tard,
2770 3591 30 42 il
2836 3588 172 44 faudra

1827 3680 112 42 bien
1963 3694 93 35 que
2079 3678 92 41 l'on
2196 3672 312 45 reconnaisse
2531 3671 44 42 la
2601 3665 325 55 signification
2953 3664 56 42 de
