2791 4048
1389 3705 85 78 11

330 3736 71 38 LA
444 3723 126 50 CITÉ

2164 3738 204 49 JUILLET
2409 3741 93 37 1919

879 287 1094 54 URBANISME

215 494 84 46 LA
334 493 625 52 RECONSTRUCTION
994 515 58 29 DE
1084 496 282 49 DINANT.

291 566 76 47 On
393 571 179 44 écrivait
604 569 25 45 il
663 588 31 42 y
727 588 26 28 a
786 571 205 59 quelques
1025 578 125 46 mois,
1175 574 26 42 à
1224 590 57 27 un
1315 571 53 46 de

216 646 80 28 nos
320 635 107 40 amis
461 630 40 45 la
534 629 120 47 lettre
693 638 212 39 suivante.
931 631 225 46 Peut-être

214 706 163 29 encore
409 690 320 48 suffisamment
752 691 198 47 d'intérêt
976 712 6 26 :

217 761 122 46 ...On
378 762 299 58 m'annonçait
709 764 315 47 dernièrement
1046 783 82 40 que
1162 764 205 59 quelques

214 821 195 48 hommes
433 823 54 46 de
508 830 110 52 goût
720 824 23 46 il
767 844 32 41 y
822 843 53 27 en
899 843 25 27 a
955 825 119 46 donc
1097 825 191 46 encore?

213 890 174 40 avaient
409 884 155 46 décidé
587 884 276 47 d'émouvoir
880 886 207 59 l'opinion
1107 900 43 31 et
1166 886 54 45 de
1237 903 131 41 poser

213 957 238 34 nettement
487 945 162 47 devant
680 946 78 46 elle
787 946 41 45 la
850 953 200 52 question
1075 945 53 48 de
1150 953 148 40 savoir
1319 953 49 46 si,

212 1004 109 46 dans
364 1004 60 47 les
467 1013 161 52 projets
672 1006 54 46 de
762 1013 354 40 reconstruction
1159 1007 54 46 de
1246 1021 122 32 notre

212 1065 303 47 malheureuse
538 1066 132 54 Ville,
694 1085 56 28 on
790 1085 54 28 ne
882 1067 146 47 devait
1060 1085 78 41 pas
1163 1074 144 53 exiger
1329 1067 37 45 la

211 1126 296 47 réédification
532 1127 58 46 du
614 1141 213 46 paravent
850 1128 53 46 de
926 1135 193 39 maisons
1143 1127 162 48 devant
1329 1128 39 45 la

212 1185 237 61 collégiale.

272 1258 157 48 Chose
472 1267 202 40 curieuse
717 1279 7 28 :
769 1261 61 46 les
872 1268 219 50 journaux
1131 1262 53 45 de
1221 1275 145 32 toutes

211 1338 213 37 nuances,
453 1328 71 52 qui
552 1335 77 32 ont
660 1321 133 46 relaté
832 1321 59 46 les
931 1322 142 46 divers
1111 1329 163 52 projets
1314 1322 52 46 de

211 1388 353 39 reconstruction
602 1381 54 46 de
689 1395 124 33 notre
846 1382 113 54 ville,
983 1382 123 46 n'ont
1136 1385 133 56 guère
1292 1382 76 47 fait

211 1440 160 47 l'étude
409 1441 77 47 des
523 1460 156 40 graves
716 1442 244 60 problèmes
984 1442 289 60 d'esthétique
1296 1451 69 51 qui

211 1519 45 28 se
279 1515 158 46 posent
459 1509 66 39 ici.

269 1574 85 47 Les
376 1574 255 59 .quotidiens
665 1579 254 43 énumèrent
951 1575 60 47 les
1045 1576 320 46 modifications

210 1639 240 55 proposées
488 1653 57 28 au
583 1639 121 43 tracé
743 1636 54 46 de
830 1636 40 46 la
903 1636 97 47 ville
1033 1655 78 41 par
1143 1636 55 47 tel
1228 1655 60 28 ou
1310 1637 56 46 tel

210 1696 251 53 architecte,
484 1703 108 39 mais
635 1714 217 42 personne
891 1714 52 29 ne
986 1697 137 60 prend
1160 1704 203 52 position.

209 1756 196 59 Lorsque
428 1770 97 33 tout
546 1774 97 29 sera
665 1764 264 39 reconstruit
951 1771 42 33 et
1014 1775 86 42 que
1129 1757 87 46 l'on
1240 1776 126 28 verra

209 1830 124 33 notre
355 1817 99 46 ville
475 1817 202 46 devenue
700 1818 180 59 insipide
903 1831 42 32 et
961 1817 172 55 banale,
1154 1818 25 45 il
1204 1837 31 40 y
1258 1837 108 28 aura

207 1882 222 55 peut-être
451 1877 76 47 des
552 1884 201 53 critiques
775 1891 43 33 et
840 1877 75 47 des
933 1879 172 59 rappels
1123 1897 57 27 au
1199 1879 167 46 Dinant

209 1937 193 55 d'antan,
425 1945 108 39 mais
579 1956 54 29 ne
670 1938 195 47 sera-t-il
902 1957 79 41 pas
1021 1957 58 27 un
1117 1957 85 41 peu
1241 1939 123 46 tard?

207 1998 187 60 Insipide
417 2012 42 32 et
480 1998 158 47 banale
653 2000 7 44 !
686 1999 121 45 Mais
841 2006 88 38 oui.
962 1999 110 47 Rien
1110 2017 54 29 ne
1200 2013 164 33 restera

207 2059 59 46 du
290 2063 225 42 caractère
538 2059 55 47 de
616 2072 124 34 notre
764 2063 96 43 cité.
886 2059 116 58 Déjà
1034 2060 37 46 le
1104 2067 131 39 vieux
1256 2074 108 46 pont

207 2119 57 47 de
277 2119 180 54 Meuse,
475 2127 331 52 contemporain
825 2119 53 48 de
895 2138 114 28 ceux
1027 2127 74 53 qui
1117 2121 247 56 enjambent

207 2198 162 29 encore
406 2180 38 47 le
481 2180 143 47 fleuve
662 2183 26 43 à
720 2180 267 47 Maestricht
1008 2194 42 33 et
1072 2184 25 43 à
1120 2180 194 55 Namur,
1338 2201 25 27 a

207 2241 177 59 disparu
406 2258 113 42 pour
541 2241 105 46 faire
668 2240 141 61 place,
833 2244 25 44 à
882 2259 84 29 une
1000 2245 170 56 époque
1203 2249 70 52 qui
1297 2243 65 45 fut

207 2302 169 47 néfaste
414 2304 26 43 à
476 2300 99 47 bien
609 2301 77 48 des
710 2315 176 46 aspects
931 2301 191 55 urbains,
1160 2321 58 27 au
1256 2317 107 46 pont

206 2362 250 60 bourgeois,
487 2361 99 47 bête
623 2375 43 33 et
696 2379 254 43 ennuyeux,
974 2362 245 47 insuffisant
1249 2381 114 41 pour

205 2422 40 47 la
268 2422 259 47 circulation
545 2422 187 47 actuelle
752 2422 57 47 du
825 2436 182 41 reste,-et
1025 2425 24 44 à
1068 2423 164 47 fortiori
1249 2441 113 42 pour

205 2498 176 32 assurer
417 2483 38 47 le
492 2501 187 42 passage
717 2483 76 47 des
813 2496 132 34 trams
968 2490 208 40 vicinaux
1199 2484 163 55 futurs,-

207 2547 51 43 Et
295 2544 88 46 l'on
416 2543 105 46 s'est
557 2544 96 57 déjà
691 2550 133 46 aussi,
860 2557 93 32 tant
989 2544 175 47 habitué
1188 2547 25 44 à
1237 2558 124 33 notre

204 2618 120 47 pont,
343 2604 245 46 insuffisant
605 2617 42 33 et
668 2603 85 47 laid
845 2605 266 46 redisons-le
1128 2622 163 30 encore

205 2683 86 42 que
313 2682 217 43 personne
553 2664 98 47 n'en
675 2683 26 27 a
724 2664 214 47 demandé
961 2672 41 39 ni
1035 2664 41 47 la
1108 2665 253 60 disparition

205 2732 40 40 ni
284 2725 37 48 le
357 2725 361 60 remplacement!
753 2725 79 46 On
870 2725 266 47 s'habituera
1169 2726 133 54 donc,
1336 2730 25 42 à

204 2799 124 34 notre
352 2786 254 47 Grand'rue
632 2805 18 21 «
677 2785 166 60 alignée
870 2804 18 22 »
916 2786 172 60 d'après
1112 2786 61 47 les
1200 2794 161 52 projets

205 2846 197 55 officiels,
425 2850 26 43 à
473 2864 80 28 nos
576 2853 152 53 petites
761 2846 156 47 ruelles
952 2846 239 61 disparues,
1216 2850 24 43 à
1279 2866 81 28 nos

204 2925 99 29 rues
327 2920 250 34 tortueuses
600 2907 209 46 rectifiées
827 2920 43 33 et
891 2907 216 47 rabotées.

265 2968 97 47 Car
397 2986 57 27 on
492 2967 162 46 rectifie
696 2980 97 33 tout
924 2968 40 46 la
996 2986 78 28 rue
1117 2969 76 46 des
1231 2966 129 49 Trois

203 3028 260 48 Bscabelles
486 3031 222 57 exceptée.
722 3027 60 47 Ici
804 3027 41 47 la
864 3027 301 49 Commission
1188 3029 173 59 Royale

204 3090 76 46 des
303 3102 277 33 monuments
686 3095 72 52 qui
781 3088 162 47 semble
967 3093 88 43 être
1088 3089 158 60 dirigée
1284 3109 77 40 par

203 3150 55 47 de
294 3149 98 47 bien
425 3156 132 40 vieux
590 3156 232 40 messieurs
926 3150 105 46 s'est
1052 3155 182 42 entêtée.
1260 3151 101 47 Elle

202 3229 27 28 a
265 3210 139 47 voulu
437 3209 224 47 mordicus
694 3217 226 39 maintenir
952 3210 60 47 les
1035 3210 174 47 redents
1233 3211 126 46 d'allé

202 3283 216 47 gnement,
442 3288 103 30 sans
583 3274 152 42 intérêt
771 3277 236 53 artistique,
1045 3278 42 40 ni
1124 3269 237 49 archéolo--

201 3339 142 53 gique,
385 3331 191 46 n'est-ce
619 3332 108 59 pas?
769 3344 44 33 et
854 3331 79 47 elle
975 3351 27 28 a
1042 3353 21 23 «
1089 3332 143 47 classé
1258 3353 21 26 »
1320 3333 41 46 la

201 3400 171 39 maison
411 3391 78 47 des
526 3397 106 41 trois
669 3391 253 48 escabelles.
948 3392 32 46 Il
1018 3392 57 47 lui
1114 3411 26 28 a
1172 3393 119 54 fallu,
1320 3394 41 47 la

200 3471 156 42 guerre
378 3466 42 33 et
452 3452 61 47 les
535 3452 291 60 promenades
859 3471 86 41 que
967 3452 88 48 l'on
1079 3454 144 47 faisait
1251 3454 109 47 dans

200 3514 63 47 les
281 3513 122 48 villes
426 3513 225 53 détruites,
672 3531 113 42 pour
805 3531 86 41 que
908 3513 42 47 la
972 3521 310 41 conservaiion
1305 3514 56 48 de

1477 513 113 33 cette
1627 508 169 38 maison
1830 501 65 45 fut
1917 500 202 47 déclarée
2143 505 247 42 nécessaire
2412 521 57 27 au
2493 510 139 39 main~

1476 567 84 39 tien
1584 561 58 45 du
1667 564 224 43 caractère
1914 561 54 46 de
1990 575 125 33 notre
2137 561 113 47 ville.
2274 562 107 53 Soit,
2406 581 53 28 ne

1475 621 157 46 lissons
1655 640 78 40 pas
1757 621 96 59 plus
1876 639 129 41 que...
2032 621 59 47 les
2126 636 145 33 autres
2310 637 42 31 et
2389 638 242 46 acceptons

1476 680 60 47 les
1575 682 187 46 redents.
1787 681 314 60 N'acceptons
2138 689 166 50 jamais,
2330 683 168 48 d'autre
2521 700 108 44 part,

1476 759 85 40 que
1583 742 183 60 l'aspect
1797 743 54 45 de
1890 756 125 33 notre
2053 743 223 59 collégiale
2314 752 85 38 soit
2436 746 172 46 modifié
2622 748 7 44 !

1801 803 136 59 qu'on
1976 811 255 39 nourrissait
2267 822 162 29 encore
2471 813 68 48 ici,
2577 825 54 28 en

1477 871 161 39 certain
1682 863 160 54 milieu,
1887 864 84 46 fort
2024 882 86 40 que
2153 864 86 46 Ton
2286 869 101 42 était
2438 868 191 58 paraît-il

1476 923 175 60 d'appui
1683 941 53 29 en
1770 924 107 46 haut
1909 924 99 54 lieu,
2031 924 173 60 l'espoir
2227 944 85 41 que
2335 926 85 47 l'on
2448 941 21 23 «
2495 928 134 46 achè~

1475 992 138 39 verait
1635 1002 17 21 *
1680 985 60 45 les
1764 985 116 46 deux
1903 985 201 47 clochers
2127 999 43 33 et
2190 1004 85 40 que
2293 986 37 46 le
2352 994 132 40 vieux
2501 988 129 46 bulbe

1475 1058 92 33 tant
1598 1053 269 51 pittoresque
1905 1063 54 28 ne
1990 1053 131 39 serait
2142 1065 78 40 pas
2244 1050 292 44 reconstruit?
2561 1048 70 47 Ce

1475 1112 138 52 projet
1634 1105 120 47 est*il
1776 1106 265 46 abandonné
2057 1107 17 45 ?

1535 1178 62 45 La
1620 1195 149 42 presse
1792 1178 99 47 n'en
1916 1178 59 46 dit
1994 1185 102 40 rien.

1536 1250 61 46 Et
1635 1263 125 33 notre
1793 1264 225 46 paravent,
2041 1268 80 29 nos
2154 1251 157 47 braves
2336 1253 160 47 vieilles
2520 1262 81 38 mai-

1475 1329 118 36 sons,
1618 1311 108 46 dont
1763 1311 40 46 la
1840 1329 136 42 panse
1999 1312 287 58 surplombait
2308 1313 40 46 la
2385 1313 164 48 Meuse
2571 1334 58 27 au

1475 1387 138 43 temps
1647 1372 177 46 lointain
1863 1376 61 42 où
1962 1372 60 47 les
2062 1380 124 51 quais
2225 1373 274 48 n'existaient
2535 1394 90 41 pas.

1475 1430 259 58 Qu'en
1890 1430 52 58 ?
1994 1430 155 58 Que
2172 1433 143 47 diront
2337 1434 59 47 les
2431 1438 198 44 artistes?

1476 1493 106 52 Que
1620 1493 142 46 diront
1794 1507 101 32 tous
1930 1511 112 29 ceux
2072 1500 72 54 qui
2167 1502 189 40 tenaient
2377 1514 56 28 au
2457 1512 172 44 respect

1474 1553 58 46 du
1554 1560 149 53 vjsage
1726 1557 110 42 aimé
1854 1554 54 46 de
1926 1568 124 32 notre
2069 1559 84 42 cité
2170 1562 104 39 trois
2295 1555 82 47 fois
2395 1561 233 55 saccagée,

1473 1620 104 40 trois
1602 1614 82 46 fois
1707 1621 270 40 renaissante
2000 1634 57 27 au
2081 1634 134 28 cours
2238 1616 76 46 des
2338 1618 131 58 âges?

1534 1685 272 48 Verront-ils
1830 1686 105 46 d'un
1959 1687 71 46 œil
2058 1687 171 59 placide
2262 1706 48 28 se
2349 1706 279 30 consommer

1474 1746 36 46 le
1536 1761 20 24 «
1582 1761 101 31 trou
1709 1762 20 23 »
1757 1747 162 46 devant
1957 1748 41 45 la
2029 1747 239 61 collégiale,
2291 1761 42 33 et
2371 1749 257 47 l'isolement

1474 1807 182 46 définitif
1673 1807 53 47 de
1756 1807 191 53 celle-ci,
1971 1825 155 30 envers
2159 1822 44 33 et
2239 1822 155 34 contre
2431 1823 101 34 tous
2566 1811 60 46 les

1472 1874 246 47 souvenirs,
1740 1868 61 46 les
1825 1872 173 42 intérêts
2023 1869 59 46 du
2106 1886 251 30 commerce
2380 1884 43 32 et
2444 1870 40 46 la
2507 1877 120 40 saine

1473 1935 149 41 notion
1647 1928 76 46 des
1747 1928 172 47 choses.

1535 2000 77 47 On
1636 2019 26 27 a
1684 2000 154 47 décidé
1862 2000 242 48 d'attendre
2345 2021 58 28 on
2428 2022 53 28 ne
2497 2022 106 42 pren-

1474 2062 77 45 dra
1583 2079 78 42 pas
1698 2061 55 48 de
1790 2062 196 46 décision
2024 2062 318 47 actuellement.
2380 2064 249 60 Pourquoi?

1474 2121 78 47 On
1575 2140 54 28 ne
1651 2128 94 40 sait.
1769 2122 121 46 Mais
1919 2140 57 28 on
2010 2139 53 29 ne
2100 2136 168 46 trompe
2298 2141 219 42 personne
2530 2154 15 26 ,•
2576 2144 53 29 ce

1474 2182 132 59 qu'on
1644 2201 25 27 a
1707 2182 155 47 décidé
1900 2182 57 47 de
1983 2200 53 29 ne
2074 2184 97 56 plus
2210 2184 104 46 faire
2352 2187 25 43 à
2409 2185 217 54 Louvain,

1474 2243 280 47 c'est-à-dire
1793 2243 175 47 d'isoler
2021 2243 39 46 la
2104 2244 265 54 cathédrale,
2410 2252 106 40 trois
2566 2264 60 29 ou

1474 2317 148 46 quatre
1644 2321 238 42 personnes
1907 2317 77 33 ont
2001 2304 153 47 décidé
2173 2305 54 46 de
2244 2304 38 47 le
2305 2305 104 47 faire
2431 2324 53 28 en
2503 2320 124 33 notre

1472 2365 110 46 ville.
1608 2365 77 45 On
1709 2365 215 59 dégagera
1940 2363 174 61 l'église.
2138 2365 64 46 Et
2224 2365 97 58 déjà
2344 2366 87 46 Ton
2454 2366 146 47 obtien-

1474 2425 108 46 drait
1614 2443 58 28 un
1705 2429 139 42 arrêté
1876 2425 125 60 royal
2027 2432 67 52 qui
2118 2429 234 55 prévoirait
2374 2426 60 47 les

1472 2498 139 35 ments
1635 2485 339 47 souhaitables...

1535 2558 258 47 Attendons
1815 2572 42 33 et
1879 2558 195 47 veillons.

1993 2655 20 23 *
2034 2655 21 24 *
2077 2655 21 24 ❖

1536 2714 158 60 VISÉ.
1799 2728 62 46 Le
1883 2727 221 60 problème
2128 2728 53 45 de
2204 2728 39 45 la
2271 2737 354 38 reconstruction

1472 2789 53 46 de
1543 2789 113 45 Visé
1674 2806 54 28 ne
1745 2788 163 46 semble
1920 2806 78 42 pas
2020 2787 97 61 plus
2139 2793 185 43 avancé.
2345 2789 173 54 Certes,
2537 2789 88 47 Ton

1472 2867 202 28 annonce
1698 2867 58 28 un
1779 2867 223 28 concours
2026 2862 120 33 entre
2168 2862 101 33 tous
2288 2850 60 46 les
2367 2850 259 47 architectes

1472 2909 157 60 belges.
1654 2910 122 46 Mais
1801 2910 146 58 quand
1971 2923 42 33 et
2034 2923 223 33 comment
2279 2911 193 45 sera-t-il
2495 2929 105 41 orga-

1472 2975 90 42 nisé
1575 2972 15 44 ?
1608 2970 297 60 Entretemps,
1923 2970 88 46 l'on
2029 2970 201 47 s'efforce
2248 2971 54 46 de
2320 2971 106 46 faire
2443 2972 184 59 adopter

1470 3050 79 41 par
1586 3031 38 46 le
1663 3031 166 47 conseil
1867 3031 252 47 communal
2152 3049 59 28 un
2233 3039 141 51 projet
2400 3032 180 46 tendant
2602 3036 25 42 à

1471 3098 293 41 reconstruire
1801 3091 39 46 la
1867 3091 99 46 ville
1989 3109 74 28 sur
2090 3091 37 46 le
2150 3091 100 60 plan
2273 3099 156 40 ancien
2453 3106 42 33 et
2518 3093 107 46 dans

1471 3153 38 46 le
1541 3152 113 60 style
1687 3158 156 40 ancien
1860 3153 6 45 !
1901 3152 62 46 Le
1989 3170 21 26 «
2036 3151 180 47 Comité
2240 3152 288 61 d'esthétique
2551 3153 75 47 des

1470 3213 120 46 villes
1614 3212 55 47 de
1691 3212 321 47 l'Association
2036 3212 75 47 des
2135 3212 262 47 architectes
2421 3214 54 45 de
2495 3214 132 59 Liège

1470 3293 26 27 a
1519 3277 66 43 été
1609 3280 205 40 unanime
1836 3276 26 44 à
1883 3278 274 42 reconnaître
2189 3291 86 41 que
2298 3287 114 33 cette
2435 3274 191 46 solution

1470 3352 98 29 sera
1611 3333 263 61 déplorable.
1913 3334 32 47 Il
1982 3351 27 28 a
2046 3334 76 46 fait
2159 3351 265 42 remarquer,
2452 3337 26 44 à
2514 3342 113 50 juste

1472 3402 108 46 titre,
1603 3412 86 41 que
1714 3407 21 26 «
1761 3394 42 47 la
1839 3394 285 60 topographie
2156 3394 54 46 de
2232 3394 113 47 Visé
2378 3402 156 39 ancien
2563 3410 66 32 est

1472 3455 310 60 incompatible
1804 3473 112 29 avec
1938 3455 62 47 les
2022 3455 137 59 règles
2188 3454 53 47 de
2274 3455 218 60 l'hygiène
2528 3474 65 28 mo-

1472 3516 133 48 derne
1628 3516 41 46 la
1691 3515 98 60 plus
1822 3516 276 47 élémentaire
2110 3544 16 27 ,•
2156 3515 78 48 elle
2274 3534 53 29 ne
2363 3523 264 53 permettrait
