2791 4048
235 3699 71 38 LA
350 3685 125 50 CITÉ

1273 3683 93 84 1

2061 3687 204 50 JUILLET
2304 3688 94 38 1919

230 336 471 47 REVUE
875 329 890 54 MENSUELLE
1940 325 455 49 BELGE

997 456 183 92 LA
1292 426 335 119 CITÉ

496 612 388 47 URBANISME
945 624 38 37 ®
1044 606 525 51 ARCHITECTURE
1630 620 36 36 m
1727 605 134 48 ART
1912 605 223 48 PUBLIC

833 714 953 76 RECONSTRUCTION

838 828 125 47 DES
1026 814 296 61 RÉGIONS
1392 811 400 62 DÉVASTÉES

231 1026 22 46 l
256 1034 17 19 r
276 1034 21 19 ®
351 1012 268 59 ANNÉE

1994 1017 328 47 NUMERO
2375 1016 22 46 1

575 1259 147 81 Ce
789 1284 207 71 que
1061 1251 259 104 sera
1385 1251 65 104 “
1515 1251 129 104 La
1711 1251 216 84 Cité
1994 1311 53 30 „

231 1585 421 162 RECONSTRUIRE
684 1588 66 32 est
783 1574 172 46 devenu
990 1573 38 45 le
1061 1585 92 32 mot
1186 1570 174 47 d'ordre
1393 1567 206 47 national.
1639 1569 179 44 Partout
1853 1571 61 42 où
1938 1566 60 47 îes
2021 1566 301 46 dévastations
2346 1565 53 51 de

385 1649 41 45 la
463 1665 153 43 guerre
654 1660 79 33 ont
753 1646 144 46 réduit
918 1649 26 43 à
968 1664 57 27 un
1049 1663 123 28 amas
1195 1644 55 45 de
1270 1656 176 47 gravats
1470 1659 86 29 une
1578 1641 114 53 ville,
1716 1659 60 28 un
1797 1640 143 58 bourg
1961 1656 60 30 ou
2044 1639 38 47 le
2105 1639 96 59 plus
2224 1637 175 47 humble

388 1720 203 53 hameau,
629 1719 79 47 des
755 1725 224 53 questions
1018 1716 339 47 d'architecture
1393 1728 44 33 et
1473 1714 54 45 de
1565 1712 234 60 technique
1829 1710 182 47 urbaine
2047 1728 49 29 se
2131 1722 173 47 posent,
2327 1716 68 53 qui

233 1797 255 42 intéressent
510 1792 76 46 des
609 1791 280 61 populations
912 1792 198 45 entières.

353 1865 305 47 D'infortunés
696 1871 220 52 citoyens,
949 1880 114 28 ceux
1101 1861 55 47 de
1193 1858 237 55 Dixmude,
1453 1858 208 60 d'Ypres,
1686 1857 53 46 de
1763 1857 166 46 Dinant
1951 1870 43 32 et
2016 1856 54 46 de
2092 1868 91 34 tant
2205 1856 192 46 d'autres

230 1938 132 55 lieux,
383 1946 224 52 ignorants
631 1937 78 46 des
731 1936 245 59 problèmes
1015 1933 310 54 d'urbanisme,
1355 1931 270 47 indifférents
1663 1933 141 43 même
1833 1928 110 60 jadis
1966 1947 89 27 aux
2079 1935 233 52 exigences
2343 1927 55 47 de

231 2011 270 58 l'esthétique
537 2008 293 61 régionaliste,
869 2007 192 46 devront
1098 2004 105 49 faire
1236 2004 55 46 de
1322 2003 96 46 l'art
1449 2016 44 33 et
1527 2003 54 46 de
1618 2002 42 46 la
1696 2008 180 40 science
1908 2001 77 47 des
2023 1999 120 47 villes
2176 1999 147 57 l'objet
2345 1999 53 46 de

634 2072 6 9 *

232 2083 116 46 leurs
370 2087 388 56 préoccupations.

352 2154 382 61 Reprendront>ils
758 2153 252 46 l'existence
1033 2152 110 45 dans
1166 2169 59 27 un
1248 2150 134 46 cadre
1404 2151 269 44 reconstitué
1696 2147 172 59 d'après
1887 2147 282 45 d'anciennes
2187 2145 211 53 données,

232 2247 61 27 ou
315 2228 113 53 bien,
445 2227 204 59 profitant
671 2226 54 46 de
749 2225 244 46 l'occasion
1017 2224 153 46 offerte
1193 2222 55 46 de
1284 2239 175 42 rompre
1479 2237 112 29 avec
1614 2220 41 45 la
1677 2225 172 40 routine
1871 2222 27 42 à
1920 2231 157 33 courte
2098 2235 103 35 vue,

495 2299 109 46 dans
627 2299 41 45 la
689 2298 297 48 réédification
1011 2297 54 45 de
1087 2296 114 46 leurs
1225 2295 150 59 foyers
1399 2294 179 45 détruits
1612 2292 77 46 des
1712 2292 119 45 idées
1853 2291 231 46 modernes
2117 2289 200 46 relatives
2340 2307 57 28 au

231 2385 287 47 groupement
559 2385 43 32 et
643 2375 26 42 à
711 2370 362 59 l'aménagement
1114 2367 76 47 des
1239 2366 263 47 habitations
1514 2366 17 45 ?
1579 2364 94 46 Ces
1724 2364 118 46 idées
1894 2362 233 47 sont-elles
2180 2362 217 46 d'ailleurs

232 2445 229 46 familières
486 2448 25 42 à
534 2462 116 28 ceux
673 2450 73 52 qui
769 2442 187 46 devront
977 2441 155 59 diriger
1153 2453 43 33 et
1218 2439 231 47 conseiller
1470 2438 61 46 les
1553 2437 220 46 sinistrés?

353 2516 140 47 Nous
516 2534 55 28 ne
593 2516 38 46 le
654 2532 191 43 pensons
868 2532 92 41 pas.

353 2589 73 46 En
469 2589 115 52 effet,
627 2587 109 46 dans
790 2599 123 33 notre
955 2603 113 41 pays
1101 2602 86 42 peu
1225 2583 232 60 d'organes
1508 2600 48 28 se
1594 2596 102 31 sont
1734 2582 226 59 appliqués
1998 2583 25 42 à
2061 2582 240 57 vulgariser
2337 2579 61 46 les

233 2661 243 61 problèmes
513 2666 243 52 artistiques
795 2671 43 34 et
873 2657 254 59 techniques
1160 2657 54 46 de
1246 2656 349 59 l'après-guerre.
1626 2653 301 52 Architectes,
1950 2656 258 55 ingénieurs,

233 2741 121 39 ciens
392 2739 297 53 municipaux,
726 2738 171 39 artistes
935 2747 246 28 amoureux
1218 2730 55 45 de
1315 2728 92 47 leur
1449 2745 128 42 pays,
1619 2733 122 39 voire
1784 2730 140 46 même
1966 2725 174 60 simples
2192 2731 207 53 patriotes

233 2812 217 41 soucieux
473 2804 54 46 de
548 2804 40 46 la
610 2808 294 42 résurrection
923 2806 291 54 économique
1232 2815 42 33 et
1290 2806 223 53 artistique
1531 2799 55 46 de
1604 2817 81 28 nos
1703 2803 172 55 régions
1894 2798 247 52 dévastées,
2164 2796 237 47 cherchent

235 2897 58 27 un
346 2877 231 47 conseiller
630 2876 259 46 solidement
940 2874 267 47 documenté
1259 2880 73 53 qui
1379 2879 86 40 soit
1520 2874 27 44 à
1599 2871 41 46 la
1697 2871 85 46 fois
1825 2888 59 28 un
1942 2869 243 47 éducateur
2241 2882 43 33 et
2340 2887 57 27 un

233 2949 339 61 propagandiste
595 2949 54 45 de
671 2948 97 46 l'art
790 2948 55 46 de
867 2953 246 41 construire
1136 2945 40 46 la
1200 2950 85 41 cité
1308 2944 219 54 nouvelle,
1552 2944 41 46 la
1616 2947 85 43 cité
1724 2944 54 45 de
1801 2943 183 67 demain.

356 3021 129 47 C'est
516 3039 114 41 pour
666 3020 197 46 combler
895 3032 115 33 cette
1047 3018 159 47 lacune
1239 3036 84 41 que
1357 3038 22 23 «
1404 3017 65 45 La
1493 3015 102 47 Cité
1619 3036 23 24 »
1667 3018 153 57 paraît,
1842 3014 266 46 s'associant
2139 3032 88 27 aux
2249 3013 149 46 efforts

235 3095 54 46 de
310 3108 102 32 tous
436 3112 114 28 ceux
574 3099 73 53 qui
670 3092 240 60 répandent
931 3091 97 58 déjà
1050 3091 41 45 la
1112 3090 147 47 bonne
1280 3090 166 59 parole.

353 3166 101 47 Elle
490 3173 105 39 tient
631 3168 26 42 à
694 3165 154 46 rendre
885 3182 59 28 un
983 3163 231 59 hommage
1245 3175 98 33 tout
1373 3161 250 60 particulier
1649 3178 57 28 au
1732 3180 21 23 «
1780 3159 296 46 Mouvement
2097 3159 251 45 communal
2373 3178 22 23 »

233 3257 115 42 pour
369 3238 41 46 la
431 3238 205 60 publicité
659 3236 103 60 qu'il
785 3236 146 47 donne
964 3253 87 28 aux
1084 3241 231 40 initiatives
1353 3241 35 38 si
1424 3236 308 43 intéressantes
1771 3231 54 47 de
1861 3231 185 46 l'Union
2084 3229 76 47 des
2197 3229 121 46 villes
2356 3241 43 34 et

235 3328 258 30 communes
515 3309 160 59 belges,
698 3323 43 31 et
771 3326 112 42 pour
906 3308 37 46 le
965 3308 89 46 bon
1078 3307 179 47 combat
1279 3306 100 60 qu'il
1403 3310 124 42 mène
1559 3323 54 29 en
1645 3323 88 28 vue
1766 3305 106 46 d'un
1901 3308 380 55 épanouissement
2301 3302 96 59 plus

235 3384 285 46 harmonieux
543 3382 54 46 de
620 3382 41 45 la
682 3388 69 39 vie
774 3380 277 59 municipale.
1077 3380 78 46 On
1179 3398 54 28 ne
1254 3393 106 45 peut
1382 3377 305 62 qu'applaudir
1708 3381 27 43 à
1757 3377 258 52 l'influence,
2034 3376 52 46 de
2108 3375 98 59 plus
2228 3392 54 29 en
2300 3374 97 60 plus

236 3454 303 49 considérable
562 3471 82 42 que
666 3471 52 29 ce
740 3452 256 60 périodique
1018 3458 196 52 acquiert
1237 3451 109 47 dans
1370 3451 61 47 les
1454 3450 174 47 milieux
1650 3448 337 47 administratifs.
