3403 4343
1664 153 62 51 71

150 292 190 45 delssohn,
380 294 115 36 Louis
538 292 132 47 Spohr,
720 289 183 39 Heinrich
944 289 233 45 Marschner,
1225 290 192 36 Friedrich
1460 289 203 35 Schneider

151 373 37 25 u.
217 373 30 24 s.
277 374 45 24 w.
352 362 172 35 Gefallen
555 362 124 43 findet,
721 360 80 35 sich
831 371 47 21 zu
905 358 117 36 ihrem
1049 360 182 44 Vortrage
1269 360 148 44 drängt,
1458 359 98 33 Herz
1585 357 77 35 und

151 430 90 35 Sinn
270 430 117 35 daran
414 430 89 42 labt,
533 430 55 33 als
617 441 105 22 wenn
752 429 55 34 sie
836 427 77 34 voll
940 438 73 23 von
1042 426 82 35 dem
1153 426 171 35 Gedudel
1354 426 75 34 und
1458 424 202 46 Geklingel

149 498 79 34 rein
256 497 205 35 sinnlicher
485 496 258 35 italiänischer
782 494 76 36 und
886 494 369 35 neu-französischer
1283 494 255 45 Opernmusik
1565 492 97 34 nach

148 567 129 35 Hause
305 565 117 46 geht?

225 635 43 33 In
295 633 81 33 dem
406 633 156 33 zweiten
591 631 180 35 Concerte
813 642 122 23 waren
976 630 80 34 hier
1097 640 73 23 neu
1201 630 102 41 „Das
1332 626 181 36 deutsche

154 713 74 24 von
255 702 38 34 J.
323 701 60 36 W.
410 699 222 44 Kalliwoda,
674 699 66 34 das
769 699 59 33 die
855 699 280 43 Erwartungen,
1177 696 140 35 welche
1347 696 131 34 dessen
1510 694 152 44 häufige

148 769 245 43 Aufführung
432 768 49 34 in.
498 767 329 34 Süddeutschland
869 771 121 40 erregt
1019 766 114 44 hatte,
1176 764 104 34 nicht
1314 762 270 45 rechtfertigte.

453 847 72 23 von
552 834 43 36 F.
625 835 186 35 Schubert
837 835 112 45 gefiel
976 835 69 33 mit
1072 833 129 36 Recht.
1248 833 175 44 Weniger
1451 831 139 34 konnte
1618 829 42 34 F.

148 905 138 35 Liszt's
328 905 255 45 Composition
627 917 71 22 von
745 904 155 34 Göthe's
940 915 40 22 so
1022 901 144 36 einfach
1210 901 175 35 schönem
1431 898 229 36 Gedanken:

150 972 147 42 „Ueber
324 973 100 33 allen
452 972 165 45 Wipfeln
658 973 49 33 ist
742 970 119 35 Ruh'"
970 969 180 44 behagen,
1192 967 172 35 wiewohl
1392 979 129 34 grosse
1550 967 89 44 Sorg-

148 1040 71 35 falt
247 1041 138 34 darauf
401 1040 172 46 gewandt
592 1039 149 35 worden
764 1050 76 22 war
866 1037 76 34 und
971 1048 39 22 es
1041 1035 226 35 vortrefflich
1296 1046 195 34 gesungen
1519 1033 139 35 wurde.

145 1110 82 34 Von
256 1108 68 35 den
352 1108 156 45 übrigen
535 1108 203 35 Nummern
779 1106 63 34 des
871 1106 238 43 Programms
1137 1103 175 35 machten
1340 1100 180 36 Silcher's
1549 1101 81 35 Com-

148 1177 162 46 position
340 1187 46 22 zu
416 1175 82 34 dem
526 1173 163 34 schönen
720 1172 182 34 Gedichte
929 1183 74 22 von
1034 1171 217 34 Chamisso:
1293 1170 73 41 „Es
1394 1169 90 45 geht
1512 1169 58 33 bei
1599 1180 42 33 ge-

148 1243 185 44 dämpfter
360 1240 188 35 Trommel
781 1239 76 34 und
896 1240 93 33 zwei
1016 1239 134 34 Lieder
1189 1250 71 22 von
1289 1238 42 37 F.
1359 1238 123 36 Hilier
1509 1238 61 33 für
1597 1237 44 33 So-

146 1310 199 46 pran-Solo
384 1308 78 34 und
497 1308 273 34 Männerchor:
1116 1307 78 34 und
1225 1308 93 41 „Die
1594 1305 70 33 den

147 1378 156 33 meisten
330 1375 203 36 Eindruck.
562 1376 79 33 Das
670 1376 86 34 Solo
785 1387 94 34 sang
904 1376 178 34 Fräulein
1109 1375 137 34 Elise
1274 1374 143 35 Saart
1445 1385 71 23 von
1544 1373 91 35 hier.

223 1465 98 32 Dass
350 1461 64 34 der
441 1461 131 34 kölner
599 1460 454 47 Männergesang-Verein
1088 1462 96 44 jetzt
1224 1462 37 33 in
1298 1462 127 34 seinen
1455 1460 207 35 Concerten

147 1529 59 35 die
234 1529 214 34 Monotonie
490 1528 64 34 der
593 1529 169 45 Gattung
804 1528 117 35 durch
962 1529 134 35 Voeal-
1136 1529 89 35 oder
1265 1527 398 36 Instrumental-Solo-

145 1599 184 45 Vorträge
357 1597 187 47 beseitigt,
573 1599 48 33 ist
650 1599 86 33 sehr
764 1610 47 22 zu
841 1599 166 44 billigen.
1062 1599 48 34 So
1147 1610 92 33 sang
1268 1597 129 37 Fräul.
1427 1597 109 34 Saart
1564 1595 98 35 noch

152 1667 93 34 zwei
272 1665 134 36 Lieder
434 1677 59 23 am
522 1665 161 45 Ciavier,
726 1667 77 33 und
844 1668 120 44 einige
991 1667 185 45 Vorträge
1220 1667 71 33 auf
1331 1665 82 34 dem
1449 1665 214 33 Pianoforte

146 1735 120 35 durch
293 1736 123 34 Herrn
442 1736 131 35 Hans
601 1747 90 24 von
720 1736 184 44 Bülow,
943 1736 197 45 königlich
1168 1735 266 46 preussischen
1463 1735 177 44 Hofpiani-

145 1808 94 41 sten,
275 1816 124 25 waren
428 1806 80 33 eine
536 1805 257 45 Hauptzierde
834 1805 64 34 des
926 1804 217 46 Concertes,
1184 1804 106 34 nicht
1329 1814 72 22 nur
1443 1801 120 34 durch
1604 1801 58 33 die

145 1874 165 35 Neuheit
350 1874 64 34 der
441 1873 261 45 Erscheinung
741 1874 113 45 (Herr
895 1884 73 23 von
996 1872 130 35 Bülow
1171 1874 77 33 trat
1288 1883 85 22 zum
1410 1873 123 32 ersten
1563 1869 101 34 Male

144 1942 82 34 hier
254 1943 105 44 auf),
402 1942 159 35 sondern
596 1942 98 34 auch
733 1942 119 34 durch
881 1941 67 34 das
976 1941 300 45 hervorragende
1303 1940 136 35 Talent
1466 1940 64 33 des
1559 1939 84 45 Spie-

143 2011 88 36 lers.
259 2010 49 34 Er
336 2011 121 44 zeigte
484 2009 80 35 sich
593 2011 39 32 in
651 2009 303 46 Compositionen
975 2009 293 35 verschiedenen
1290 2008 232 34 Charakters
1543 2007 100 47 (Beet-

144 2078 158 34 hoven's
331 2077 137 35 Sonate
495 2078 39 32 in
563 2075 149 44 C-moll,
742 2077 69 44 Op.
844 2075 84 44 111,
961 2076 37 36 J.
1028 2076 35 35 S.
1093 2077 137 33 Baeh's
1258 2076 278 33 italiänisehem
1566 2075 72 34 Con-

147 2147 109 42 certe,
298 2143 137 35 Liszt's
463 2144 306 34 Reminiscenzen
802 2154 69 23 aus
898 2143 147 35 Verdi's
1073 2143 190 46 Rigoletto
1307 2142 77 35 und
1429 2143 132 34 dessen
1589 2143 49 33 Ra-

143 2213 314 46 koczy-Marsch)
500 2213 55 35 als
599 2214 107 33 einen
748 2212 65 34 der
853 2211 298 36 bedeutendsten
1182 2212 289 46 Clavierspieler
1507 2222 155 23 unserer

147 2283 93 44 Zeit,
272 2283 132 34 dessen
432 2281 217 35 technische
670 2280 278 35 Meisterschaft
968 2291 47 23 zu
1034 2280 229 36 bewundern
1290 2281 61 35 ist.
1382 2279 155 36 Geniale
1565 2279 72 34 Auf-

146 2352 158 45 fassung
330 2350 78 35 und
435 2351 162 45 Vortrag
639 2349 123 36 haben
802 2350 68 33 wir
911 2349 88 34 aber
1039 2360 71 23 nur
1137 2349 59 34 bei
1225 2348 63 35 der
1315 2347 252 46 Ausführung
1596 2348 63 33 des

141 2418 407 47 Rakoczy-Marsches,
572 2418 120 34 dieser
714 2417 193 45 energisch
931 2416 233 47 packenden,
1189 2417 302 41 fortreissenden,
1522 2417 137 37 Liszt's

142 2488 192 45 würdigen
367 2488 256 45 Composition
652 2486 197 45 gefunden,
896 2486 178 35 während
1114 2487 59 33 die
1205 2486 330 45 ~Reminiscenzen
1544 2485 13 16 u
1590 2495 69 23 aus

143 2557 189 46 Rigoletto
376 2568 71 23 uns
486 2556 240 34 dermaassen
766 2555 83 35 kalt
891 2555 150 43 Hessen,
1089 2554 87 35 dass
1220 2556 67 33 wir
1327 2556 116 33 kaum
1471 2554 189 45 begreifen

141 2625 177 47 konnten,
348 2626 70 34 wie
446 2625 104 33 Liszt
576 2625 80 34 sich
684 2624 97 34 habe
811 2623 271 35 entschliessen
1109 2623 161 44 können,
1300 2634 42 24 so
1370 2625 115 32 etwas
1514 2624 126 32 Trivia-

141 2693 55 35 les
227 2693 55 35 als
312 2693 57 35 die
397 2695 155 32 neueste
582 2692 88 35 oder
696 2692 112 34 letzte
827 2690 231 36 Production
1086 2692 100 33 eines
1204 2691 178 35 Talentes
1410 2692 38 33 in
1478 2691 59 34 die
1555 2690 105 35 Welt

141 2773 49 23 zu
218 2762 189 43 schicken,
453 2762 64 35 das
556 2773 70 23 uns
669 2763 37 33 in
744 2761 119 34 dieser
891 2760 171 46 Gattung
1090 2761 128 35 früher
1246 2773 42 23 so
1315 2761 345 46 Ausgezeichnetes

143 2830 77 35 und
247 2831 286 35 Bezauberndes
562 2829 166 46 gegeben
759 2830 76 36 hat.

141 3082 253 101 Achtes
436 3082 886 101 Gesellschafts-Concert
1364 3082 85 101 in
1491 3082 169 101 köln

141 3183 234 100 im
492 3183 1168 100 Gürzenich,

141 3283 119 100 unter
284 3283 166 100 Leitung
474 3283 71 100 des
569 3283 261 100 städtischen
854 3283 332 100 Capellmeisters
1210 3283 118 100 Herrn
1352 3283 118 100 Ferd.
1494 3283 166 100 Hiller.

475 3415 331 44 Donnerstag,
856 3412 58 37 16.
953 3412 222 34 Februar
1216 3409 108 39 1860.

220 3513 307 45 Programm:
574 3512 28 36 I.
647 3511 33 38 1.
710 3512 214 34 Ouvertüre
950 3523 67 22 zur
1046 3511 98 45 Oper
1179 3509 167 45 Figaro's
1374 3509 185 35 Hochzeit
1587 3521 73 24 von

141 3580 62 38 W.
230 3582 45 34 A.
305 3582 203 36 Mozart.
538 3580 35 39 2.
602 3583 188 34 Recitativ
819 3582 74 35 und
909 3583 87 34 Arie
1027 3594 68 23 aus
1114 3581 121 34 Judas
1255 3580 229 35 Maccabäus
1504 3580 156 45 („Dann

140 3653 84 32 tönt
252 3651 63 34 der
343 3652 121 33 Laute
491 3650 140 47 Klang*
631 3652 8 16 4
642 3647 18 53 )
704 3662 73 23 von
807 3652 42 34 G.
878 3652 31 33 F
952 3650 212 44 Händel,
1204 3660 191 35 gesungen
1424 3660 73 22 von
1525 3648 130 38 Fräul,

141 3718 173 35 Emilie
343 3718 182 35 Genast
554 3730 68 23 aus
652 3720 177 34 Weimar.
857 3718 34 36 3.
921 3719 219 47 Symphonie
1166 3720 229 33 coricerlänte
1421 3716 61 35 für
1509 3716 149 35 Violine

140 3786 78 35 und
246 3786 111 35 Viola
383 3787 69 33 mit
480 3786 202 36 Orchester
710 3800 73 22 von
804 3788 56 36 W.
882 3788 44 36 A.
949 3788 205 43 Mozart,
1184 3786 158 47 gespielt
1370 3797 71 23 von
1472 3785 69 34 den
1564 3786 72 34 Con-

144 3859 258 34 certmeistern
444 3857 37 35 J.
520 3858 263 35 Grunwald
827 3859 76 34 und
945 3859 43 36 0.
1026 3870 90 23 von
1152 3859 159 44 König
1322 3856 127 36 slow.
1499 3855 33 37 4.
1568 3857 94 41 »Die

141 3927 139 34 Birken
309 3927 76 34 und
414 3927 58 34 die
682 3928 162 35 Gedicht
874 3940 68 23 aus
972 3928 70 34 den
1065 3927 255 36 Waldliedern
1350 3938 73 23 von
1446 3925 44 36 G.
1519 3926 115 34 Pfar-

143 3997 125 43 rius,
313 3997 60 33 für
401 3996 263 45 Sopran-Solo,
707 3997 99 36 Chor
844 3998 77 35 und
950 3998 203 35 Orchester
1195 3996 206 46 componirt
1446 4007 71 23 von
1557 3994 104 36 Max

141 4064 178 45 Bruch,
348 4064 72 46 Op.
451 4064 22 38 8
503 4062 121 48 (Neu).

1810 291 47 36 11.
1887 290 32 38 5.
1951 291 167 36 Sinfonie
2147 294 37 33 in
2217 291 127 36 D-clur
2379 301 72 25 von
2480 290 35 38 J.
2543 289 185 49 Haydn.
2773 290 36 37 0.
2838 303 35 24 a.
2904 289 180 39 Cavatine
3115 291 125 49 (Porgi

1733 359 117 45 amor)
1880 371 67 22 aus
1976 360 173 45 Figaro's
2177 362 185 33 Hochzeit
2389 372 73 23 von
2485 360 195 39 Mozart,
2721 361 18 34 b
2744 388 8 10 .
2781 361 208 44 „Gretchen
3019 374 57 23 am
3106 363 110 46 Spinn-

1853 438 73 23 von
1955 426 170 45 Göthe,
2170 431 205 43 componirt
2403 440 73 23 von
2515 429 43 36 F.
2586 429 241 36 Schubert
2854 429 76 46 (für
2960 430 197 36 Orchester
3182 432 38 34 in-

1733 496 233 33 strumentirt
2005 506 72 23 von
2116 496 40 35 F.
2185 496 105 34 Hill
2303 496 74 46 er),
2420 507 192 35 gesungen
2641 508 72 24 von
2740 497 126 35 Fräul.
2895 498 44 35 E.
2970 498 190 36 Genast.
3205 498 36 36 7.

1735 562 320 45 „Zigeunerleben
2108 576 72 22 von
2210 564 188 43 Geibel,
2427 576 72 22 von
2527 565 32 33 Ii
2572 564 65 36 ob.
2667 565 274 35 Schumann
2970 567 60 34 für
3057 565 79 37 Soli
3162 567 78 35 und

1733 629 100 35 Chor
1860 633 145 42 gesetzt
2031 630 74 46 (für
2129 631 199 35 Orchester
2354 633 273 33 instrumentirt
2655 645 73 22 von
2753 633 40 35 C.
2822 634 44 34 G.
2894 635 42 35 P.
2966 635 188 36 Graden
3166 637 74 45 er).

1731 698 95 34 Neu.
1868 696 36 37 8.
1934 696 213 36 Ouvertüre
2175 709 86 23 zum
2289 699 250 34 Tannhäuser
2566 710 74 23 von
2667 700 42 34 R.
2738 700 220 45 Wagner.

1808 764 128 35 Fräul.
1968 765 188 34 Genast
2194 765 67 35 hat
2299 766 118 35 dieses
2447 765 79 35 Mal
2554 767 107 33 einen
2688 778 96 33 ganz
2812 769 335 44 ungewöhnlichen
3174 772 46 34 Er-

1731 832 81 46 folg
1840 833 152 45 gehabt.
2038 835 69 33 Die
2135 835 86 34 Arie
2249 848 72 22 von
2349 836 146 34 Händel
2525 836 123 34 verlor
2676 837 144 34 freilich
2850 837 180 45 dadurch,
3060 839 85 36 dass
3174 841 66 34 das

1730 901 189 34 Recitativ
1947 902 145 43 ausfiel,
2121 913 77 23 was
2224 905 105 32 nicht
2355 905 79 33 ihre
2453 904 142 34 Schuld
2624 915 89 33 war,
2743 916 46 23 an
2808 905 293 45 Wirksamkeit;
3128 907 113 35 allein

1731 970 59 34 die
1818 970 174 34 Reinheit
2020 971 65 34 der
2111 972 214 34 Intonation
2366 971 77 34 und
2485 971 57 35 die
2570 972 210 46 Fertigkeit
2815 974 76 33 und
2920 974 232 35 Correctheit
3180 975 63 36 der

1731 1038 198 36 Coloratur
1956 1040 238 35 bekundeten
2220 1040 99 35 auch
2347 1040 80 34 hier
2455 1040 135 46 gleich,
2621 1040 85 35 dass
2735 1042 58 34 die
2814 1042 180 46 Sängerin
3022 1046 131 44 singen
3181 1058 42 33 ge-

1730 1108 98 35 lernt
1855 1110 78 43 hat,
1964 1111 77 34 und
2069 1111 177 35 desshalb
2274 1112 68 33 mit
2368 1112 99 33 einer
2484 1110 125 35 nichts
2629 1112 162 44 weniger
2819 1112 55 34 als
2902 1113 226 45 mächtigen,
3157 1115 88 35 aber

1732 1177 304 36 wohllautenden
2063 1179 76 34 und
2166 1178 203 35 lieblichen
2398 1179 165 43 Stimme,
2592 1179 67 32 mit
2686 1178 300 35 künstlerischer
3007 1180 240 47 Ausbildung

1732 1244 77 35 und
1847 1246 262 34 seelenvollem
2139 1247 201 35 Ausdruck
2375 1247 156 46 Erfolge
2572 1246 192 35 erreichen
2805 1246 114 47 kann,
2961 1247 59 35 die
3055 1248 106 45 jeder
3201 1261 48 24 zu

1734 1313 179 35 schätzen
1942 1315 136 33 wissen
2106 1315 103 45 wird,
2241 1317 63 33 der
2331 1316 79 34 sich
2439 1327 46 23 an
2516 1315 230 35 wirklichem
2766 1315 173 46 Gesänge
2968 1317 173 35 erfreuen
3170 1317 78 35 und

1732 1382 105 33 nicht
1864 1381 102 35 bloss
1995 1394 66 22 vor
2088 1381 229 36 kolossalem
2340 1384 148 45 Klange
2517 1387 199 32 erstaunen
2740 1385 91 34 will.
2863 1387 229 44 Desswegen
3121 1385 102 35 möch-

1732 1453 62 31 ten
1822 1451 67 33 wir
1916 1450 90 34 aber
2034 1451 97 33 auch
2161 1451 63 33 der
2250 1451 220 34 Künstlerin
2498 1453 141 43 rathen,
2668 1453 99 34 nach
2796 1454 127 35 diesen
2951 1455 296 45 Eigenschaften

1733 1517 100 34 ihres
1862 1518 190 34 Naturells
2081 1518 58 34 die
2170 1518 111 34 Wahl
2310 1519 60 33 für
2395 1518 80 34 ihre
2502 1519 183 46 Vorträge
2713 1532 47 22 zu
2787 1522 142 35 treffen.
2959 1524 76 33 Der
3061 1523 152 35 Händel
3215 1522 9 16 :
3229 1541 14 7 -

1733 1585 90 35 sche
1851 1586 69 34 Stil
1948 1599 18 21 z
2008 1587 41 33 B.
2079 1589 106 43 Passt
2215 1585 104 35 nicht
2346 1586 103 34 recht
2480 1586 119 36 dafür.
2653 1588 130 34 Durch
2821 1589 59 34 die
2918 1590 123 34 kleine
3068 1591 88 34 Arie
3185 1590 63 35 der

1735 1654 128 35 Gräfin
1890 1656 51 32 im
1968 1656 138 44 Figaro
2133 1656 77 33 und
2241 1655 117 34 durch
2388 1655 218 36 Schuberts
2635 1656 103 44 Lied,
2782 1658 66 33 das
2890 1658 70 34 auf
2996 1659 80 34 eine
3113 1669 114 34 ausge-

1734 1724 169 35 zeichnet
1930 1724 139 35 schöne
2098 1726 126 34 Weise
2252 1736 72 24 von
2344 1725 122 34 Hiller
2492 1726 274 33 instrumentirt
2792 1726 62 44 ist,
2886 1728 142 43 erregte
3057 1728 53 33 sie
3139 1727 109 34 einen

1733 1794 291 43 Beilallssturm,
2053 1794 69 34 wie
2150 1805 39 23 er
2216 1794 80 34 hier
2312 1804 72 24 nur
2402 1794 119 34 selten
2549 1794 61 45 ist,
2641 1804 40 24 so
2711 1793 85 35 dass
2825 1795 53 33 sie
2899 1806 109 34 sogar
3028 1795 65 34 das
3116 1795 110 42 „Gret-

1992 1861 96 34 noch
2118 1862 134 34 einmal
2281 1862 132 45 singen
2442 1867 144 31 musste
2691 1863 81 35 eine
2813 1875 63 22 um
2914 1875 40 23 so
2995 1863 254 36 ehrenvollere

1734 1929 283 46 Aufforderung
2054 1942 73 22 von
2155 1930 124 34 Seiten
2319 1930 63 34 des
2412 1931 233 44 Publicums,
2688 1931 58 35 als
2777 1931 235 47 dergleichen
3040 1936 104 32 sonst
3170 1934 78 35 hier

1734 2009 41 23 so
1803 2002 69 41 gut
1900 1999 69 33 wie
1997 1997 157 35 niemals
2185 1998 220 37 vorkommt.

1810 2066 71 33 Die
1907 2077 96 21 neue
2029 2065 394 46 Vocal-Composition
2452 2077 73 23 von
2551 2066 109 34 Max
2687 2067 185 34 Bruch:
2916 2069 116 41 „Die
3068 2070 180 34 Birken

1733 2132 91 34 und
1866 2133 75 34 die
2206 2134 59 34 ein
2294 2134 319 46 Wechselgesang
2657 2136 189 34 zwischen
2889 2136 83 35 dem
3001 2137 247 37 Männerchor

1733 2199 175 47 (Birken)
1926 2201 78 35 und
2022 2201 245 36 Frauenchor
2287 2202 154 47 (Erlen),
2470 2203 215 46 eingeleitet
2713 2204 76 33 und
2817 2204 177 46 beendigt
3021 2206 120 34 durch
3169 2207 80 35 eine

1730 2269 247 43 Solostimme,
2018 2270 128 34 wurde
2173 2272 67 32 mit
2267 2283 169 33 grossem
2462 2272 139 35 Beifall
2629 2273 285 45 aufgenommen
2941 2274 78 35 und
3047 2275 65 35 der
3139 2275 81 36 Com-

1730 2340 127 45 ponist
1884 2350 60 23 am
1973 2338 179 36 Schlüsse
2179 2340 170 45 gerufen.
2379 2342 76 33 Der
2481 2340 230 36 melodische
2728 2342 112 35 Fluss
2869 2343 65 35 der
2961 2344 265 46 Singstimmen
3233 2374 7 17 ;

1731 2420 40 23 so
1800 2410 71 33 wie
1899 2408 58 35 die
1984 2409 169 34 reizende
2171 2410 355 46 Instrumentirung,
2556 2410 64 36 der
2648 2410 146 47 duftige
2808 2412 225 44 Farbenton,
3063 2414 64 35 der
3154 2416 93 35 über

1731 2476 82 34 dem
1829 2476 151 35 Ganzen
2006 2477 101 44 ruht,
2138 2477 58 35 die
2226 2477 262 35 wohlthuende
2507 2479 173 35 Klarheit
2706 2479 76 35 und
2806 2479 218 37 Consonanz
3053 2481 82 46 (wir
3163 2483 84 34 sind

1726 2545 42 44 ja
1797 2556 41 24 so
1866 2547 86 32 weit
1979 2547 231 44 gekommen,
2255 2547 87 35 class
2373 2550 67 32 wir
2478 2549 57 34 die
2576 2549 300 45 notwendigste
2902 2549 250 46 Eigenschaft
3181 2552 65 37 der

1731 2614 129 34 Musik
1891 2615 94 43 jetzt
2013 2616 55 34 als
2097 2618 80 32 eine
2205 2617 205 34 Seltenheit
2438 2617 255 36 hervorheben
2730 2618 188 46 müssen!)
2960 2631 143 34 zeugen
3146 2622 99 35 auch

1730 2682 38 33 in
1797 2681 138 35 diesem
1964 2683 68 45 Op.
2063 2683 22 37 8
2116 2683 61 35 des
2201 2684 273 46 jugendlichen
2501 2684 248 37 Tondichters
2790 2686 203 35 wiederum
3036 2700 73 23 von
3137 2700 83 34 gros-

1731 2762 77 23 sem
1836 2752 156 34 Talente
2020 2752 76 35 und
2125 2754 83 33 echt
2236 2754 301 35 musicalischem
2566 2755 145 37 Berufe.
2766 2756 81 35 Das
2878 2756 132 47 Stück,
3055 2757 66 35 das
3149 2759 95 35 noch

1733 2818 98 35 dazu
1859 2820 71 34 den
1958 2823 178 32 äusseren
2154 2822 152 45 Vorzug
2335 2822 63 35 der
2419 2823 125 34 Kürze
2573 2823 65 34 hat
2664 2822 79 35 und
2772 2824 82 34 eine
2880 2824 104 34 nicht
3013 2825 230 48 schwierige,

1733 2891 89 34 aber
1849 2890 145 34 freilich
2022 2890 86 35 sehr
2137 2891 221 45 sorgfältige
2386 2891 77 34 und
2492 2895 102 31 zarte
2622 2891 254 47 Ausführung
2917 2894 182 46 verlangt,
3140 2907 102 24 muss

1732 2959 99 35 allen
1860 2959 351 45 Gesang-Vereinen
2252 2961 75 34 und
2358 2961 380 35 Concert-Instituten
2775 2973 68 34 gar
2870 2962 88 35 sehr
2986 2963 253 35 willkommen

1731 3029 91 37 sein.
1865 3028 50 34 Es
1944 3028 50 33 ist
2021 3027 60 36 bei
2120 3029 267 45 Breitkopf
2412 3031 31 33 &
2470 3031 170 34 Härtel
2679 3032 37 35 in
2751 3031 202 45 Leipzig
2992 3031 38 33 in
3059 3031 182 47 Partitur,

1731 3096 327 46 Clavier-Auszug
2100 3097 75 33 und
2219 3097 179 35 Stimmen
2440 3099 38 33 in
2522 3098 105 35 recht
2669 3097 190 37 hübscher
2894 3098 255 47 Ausstattung
3191 3111 36 23 er-

1730 3163 192 36 schienen.

1808 3233 83 35 Wie
1919 3232 86 35 sehr
2031 3232 210 47 Haydn's
2270 3232 223 35 wunderbar
2521 3232 151 44 schöne,
2699 3234 39 33 in
2766 3234 167 46 sinniger
2953 3235 172 35 Klarheit
3151 3236 92 36 mild

1774 3283 10 10 •
1858 3293 6 7 #

1731 3301 216 34 strahlende
1987 3301 77 34 und
2093 3301 251 35 erwärmende
2376 3302 321 35 D-f/wr-Sinfonie
2739 3303 81 44 (Nr.
2848 3304 25 35 4
2899 3303 64 34 der
2990 3304 198 46 Breitkopf
3211 3305 32 34 &

1729 3369 262 34 Härtel'schen
2018 3370 380 45 Partitur-Ausgabe,
2421 3370 388 46 Adagio-Einleitung
2836 3372 38 34 in
2895 3371 155 46 D-moll)
3079 3372 65 34 das
3167 3372 49 34 Pu-

1730 3438 143 34 blicum
1900 3438 39 33 in
1968 3436 63 36 der
2058 3438 341 34 ausserordentlich
2443 3439 123 34 feinen
2605 3439 78 34 und
2723 3439 241 46 anmuthigen
2994 3439 248 45 Ausführung

1730 3506 210 41 entzückte,
1970 3505 95 34 lässt
2093 3505 80 34 sich
2200 3506 104 34 nicht
2331 3506 258 36 beschreiben.
2617 3507 51 35 Es
2699 3519 76 23 war
2803 3508 78 34 eine
2909 3507 105 35 Stille
3041 3507 76 35 und
3144 3507 69 34 Auf-

1730 3573 267 35 merksamkeit
2024 3574 50 34 im
2103 3574 123 45 Saale,
2274 3575 86 34 dass
2401 3587 87 23 man
2528 3575 152 35 athmen
2708 3576 114 35 hören
2848 3575 75 34 und
2951 3575 68 34 auf
3045 3575 99 35 allen
3168 3575 50 37 Ge-

1730 3645 166 34 sichtern
1916 3645 80 33 eine
2013 3643 218 46 glückliche
2260 3645 76 33 und
2366 3645 211 35 zufriedene
2598 3645 335 45 Seelenstimmung
2960 3645 101 34 lesen
3088 3645 152 36 konnte.

1728 3713 116 35 Jeder
1865 3714 100 44 Satz,
1994 3713 202 34 besonders
2227 3713 89 36 alber
2344 3713 66 35 das
2429 3714 186 46 Andante,
2646 3714 124 35 wurde
2797 3716 69 31 mit
2890 3714 120 34 einem
3040 3714 201 36 Ausbruch

1730 3795 74 23 von
1833 3783 171 45 Applaus
2031 3781 167 41 belohnt,

1807 3851 109 35 Auch
1959 3851 310 36 Schumann's
2719 3862 72 23 von
2834 3850 253 38 Grädener
3135 3853 104 36 recht

1731 3920 144 36 hübsch
1905 3920 287 44 instrumentirt,
2213 3921 129 34 wurde
2358 3921 106 34 recht
2483 3923 68 44 gut
2570 3918 223 47 ausgeführt
2820 3920 79 34 und
2918 3921 137 46 sprach
3071 3921 87 36 sehr
3175 3934 60 26 an»

1811 3991 76 33 Der
1914 3990 295 36 Tannhäuse
2224 3991 86 35 r-0
2325 4002 24 23 u
2362 3993 193 32 verture
2582 3989 129 35 wurde
2739 3989 80 35 eine
2847 3989 135 37 höchst
3008 3992 230 47 sorgfältige,

1733 4058 207 50 glänzende
1967 4058 252 47 Ausführung
2242 4059 115 35 durch
2387 4057 65 35 das
2481 4058 104 35 stark
2612 4057 167 36 besetzte
2808 4058 202 36 Orchester
3037 4070 48 24 zu
3113 4059 122 47 Theil,
