2357 4005
2097 217 58 31 119

185 328 86 31 Idea
294 330 104 31 itself
421 333 70 29 but
513 333 88 38 only
624 335 49 29 its
696 333 139 38 fringe;
856 331 60 32 for
936 334 40 28 to
1002 329 135 33 return

186 390 97 32 from
308 394 66 30 the
391 395 191 30 unknown
598 397 95 29 with
709 397 65 30 the
791 397 86 29 Idea
894 394 102 31 itself
1012 394 124 30 would

183 456 186 37 certainly
402 457 108 30 make
543 466 72 29 you
654 458 111 30 think
802 467 56 21 we
897 466 102 22 were
1035 457 99 34 mad,

186 518 170 30 whereas
364 520 40 28 to
417 520 109 35 bring
539 519 94 31 back
642 521 103 29 hints
755 521 38 29 of
801 521 65 30 the
877 521 85 29 Idea
971 517 167 32 satisfies

187 587 73 29 you
285 589 39 20 as
347 583 40 27 to
412 589 70 22 our
504 583 140 35 sanity.
757 590 44 25 &
926 589 44 24 &

510 643 309 35 PLAYGOER

259 694 111 28 What
394 703 20 20 a
437 696 155 35 strange
615 697 185 36 paradox!
1098 702 44 25 &

404 756 184 33 STAGE
631 759 298 33 DIRECTOR

191 813 44 25 JZ?
259 807 107 37 Well,
390 808 54 30 let
459 817 44 22 us
519 812 131 33 accept
666 811 42 35 it;
724 818 73 29 you
814 813 104 27 want
934 811 65 29 the
1015 811 128 37 pretty

191 868 101 32 little
314 869 138 38 fringe;
474 880 72 29 you
571 872 96 30 shall
691 873 95 30 have
802 874 43 34 it,
863 872 182 37 although
1063 874 31 28 it
1115 874 31 28 is

191 932 86 29 that
303 932 123 38 fringe
460 935 86 28 that
582 936 98 28 costs
711 943 40 21 so
781 935 110 29 much
939 936 38 28 to
1014 936 130 28 obtain

191 995 122 30 which
331 998 176 33 presents
522 997 66 30 the
605 997 120 30 whole
743 997 203 39 difficulty.
963 997 80 30 And
1062 1006 83 22 now

191 1057 62 30 for
276 1058 66 30 the
365 1058 253 32 Theatre....
643 1061 74 29 But
738 1060 88 30 first
850 1069 21 22 a
894 1062 171 35 request.

493 1121 311 36 PLAYGOER

263 1184 110 30 What
396 1184 31 29 is
450 1184 55 29 it?
931 1192 45 25 &
1101 1192 45 25 &

410 1236 188 32 STAGE
632 1237 297 34 DIRECTOR

260 1298 77 28 You
370 1297 117 31 asked
522 1307 58 21 me
616 1300 68 29 not
713 1301 40 29 to
786 1299 115 36 speak
934 1308 73 29 any
1041 1308 103 22 more

193 1361 117 29 about
332 1361 169 36 Temples
527 1370 42 21 or
592 1362 116 29 about
729 1362 64 29 the
811 1361 71 31 Art
897 1361 38 31 of
948 1363 65 29 the
1030 1362 95 30 Thea-

193 1423 59 28 tre
275 1423 122 29 which
421 1424 12 27 I
459 1431 91 22 once
573 1424 79 29 told
675 1432 73 28 you
772 1432 77 21 was
865 1424 87 36 lost;
980 1425 121 29 which
1126 1434 20 21 a

196 1484 185 30 beautiful
398 1486 88 35 poet
501 1484 84 31 well
604 1485 194 30 described
821 1488 41 28 to
879 1495 58 21 me
953 1494 40 22 as
1010 1487 138 36 having

195 1547 21 16 44
226 1545 75 30 Iain
327 1547 63 28 hid
416 1547 121 30 under
559 1547 65 30 the
652 1549 106 28 roots
790 1547 37 31 of
856 1549 66 29 the
953 1549 193 36 Pyramids

194 1607 60 31 for
265 1610 77 28 two
358 1609 190 30 thousand
563 1617 122 29 years,
701 1618 41 21 so
760 1610 143 30 solemn
917 1612 31 29 it
1059 1613 88 29 Give

195 1678 59 22 me
278 1671 106 30 leave
406 1672 40 29 to
469 1671 117 36 speak
609 1673 110 36 again
745 1672 36 30 of
804 1674 88 30 this.

506 1733 335 36 PLAYGOER

262 1787 86 31 Will
370 1795 73 30 you
461 1786 115 36 speak
591 1789 40 28 to
647 1795 102 22 some
765 1787 180 37 practical
962 1787 187 37 purpose?

393 1848 202 33 STAGE
634 1850 321 33 DIRECTOR

201 1908 44 25 &
268 1901 94 38 Only
385 1909 53 22 so.
595 1907 43 25 JZ>
765 1907 44 25 &
934 1907 44 25 £>
1105 1907 43 25 &

504 1965 331 33 PLAYGOER

268 2017 78 29 You
370 2015 77 31 will
471 2017 67 28 not
568 2015 143 37 merely
744 2015 67 30 tell
845 2024 58 21 me
937 2016 103 29 what
1072 2016 76 29 this

198 2079 61 29 art
282 2086 92 21 once
404 2079 128 28 meant
560 2079 41 28 to
633 2085 57 29 us,
720 2078 73 29 and
823 2078 102 29 what
955 2078 31 29 it
1014 2078 134 29 should

198 2148 108 22 mean
331 2140 124 37 again,
480 2141 68 28 but
570 2148 74 29 you
667 2140 77 30 will
775 2140 103 30 show
908 2148 57 22 me
994 2149 21 20 a
1044 2148 85 29 prac-

197 2203 90 30 tical
310 2211 81 29 way
415 2202 38 30 of
476 2203 176 36 bringing
675 2204 31 28 it
728 2205 39 27 to
792 2211 43 22 us
859 2211 91 22 once
974 2204 176 30 more?^

397 2264 200 31 STAGE
632 2264 321 34 DIRECTOR

199 2322 44 25 JZ?
266 2316 96 30 That
385 2316 31 30 is
441 2324 60 29 my
524 2316 205 30 intention.
1105 2322 45 24 &

510 2377 334 34 PLAYGOER

270 2442 77 29 You
370 2440 77 31 will
471 2442 68 27 not
565 2448 159 28 propose
754 2442 40 27 to
825 2440 152 36 destroy
1007 2440 49 29 all
1084 2440 64 29 the

199 2505 157 34 present
377 2504 171 28 theatres
571 2502 37 30 of
630 2504 64 28 the
717 2502 118 30 world
859 2504 38 28 in
922 2503 111 29 order
1045 2503 40 29 to
1103 2502 45 29 do

199 2567 90 33 this,
311 2565 59 30 for
393 2566 91 29 then
509 2567 13 27 I
546 2565 133 30 should
704 2567 68 27 not
793 2565 114 29 listen
931 2567 39 27 to
993 2573 73 28 you
1089 2564 60 30 for

198 2628 32 30 it
252 2628 123 30 would
393 2629 44 29 be
455 2636 46 21 no
518 2627 133 37 longer
666 2636 21 21 a
703 2627 179 36 practical
903 2628 247 35 proposition.

395 2689 200 32 STAGE
633 2690 320 33 DIRECTOR

197 2759 44 24 &
269 2754 65 35 No,
357 2754 13 28 I
394 2753 76 29 will
496 2754 67 28 not
586 2753 45 28 do
655 2760 41 22 so
837 2753 89 29 How
955 2751 193 37 delighted

198 2817 12 27 I
236 2824 58 20 am
318 2816 40 28 to
383 2815 91 29 hear
496 2823 72 29 you
593 2822 151 28 express
765 2815 67 29 the
854 2815 94 29 wish
971 2814 87 29 that
1086 2814 65 29 the

200 2878 156 34 present
377 2876 181 30 Theatres
581 2876 95 30 shall
699 2878 38 28 in
762 2885 47 21 no
825 2885 81 28 way
923 2878 44 29 be
987 2876 163 36 injured!

203 2939 31 28 It
256 2939 124 29 shows
402 2947 58 21 me
487 2939 87 29 that
602 2947 96 28 your
727 2940 163 29 interest
918 2941 39 27 in
986 2939 104 29 them
1119 2939 31 28 is

200 3002 172 34 reviving
388 3002 74 28 and
478 3002 86 28 that
580 3002 12 28 I
609 3002 93 29 have
718 3002 153 36 already
887 3000 129 38 nearly
1036 3000 114 30 cured

202 3071 72 28 you
418 3064 233 35 Remember,
676 3063 74 30 The
775 3064 143 37 Gaiety,
941 3064 20 28 8
986 3062 164 31 o'clock!

513 3125 332 34 PLAYGOER

203 3194 45 25 &
271 3189 13 29 I
310 3189 92 30 have
426 3189 68 29 not
515 3187 209 37 forgotten,
748 3188 73 29 But
838 3195 82 22 now
935 3195 96 29 your
1045 3195 85 29 prac-

203 3251 87 31 tical
313 3251 117 37 plan?
937 3256 44 24 &
1106 3256 44 25 &

403 3313 202 31 STAGE
642 3312 320 34 DIRECTOR

272 3377 62 37 My
355 3376 174 36 proposal
553 3377 31 28 is
606 3377 41 28 to
671 3375 171 30 discover
865 3381 43 22 or
936 3375 216 30 rediscover

199 3440 65 29 the
295 3438 75 30 lost
398 3438 70 30 Art
497 3438 38 30 of
566 3438 66 30 the
663 3437 160 30 Theatre
854 3437 47 36 by
925 3445 21 21 a
972 3437 180 35 practical

203 3502 228 37 expedition;
455 3501 145 29 carried
630 3501 68 29 out
725 3497 140 38 swiftly
888 3499 72 28 and
990 3499 164 31 without

201 3571 253 29 unnecessary
478 3571 174 29 expense,
675 3563 80 29 into
780 3563 64 28 the
866 3561 138 30 realms
1026 3562 127 29 where

200 3627 31 27 it
254 3625 69 31 lies
348 3626 149 30 hidden.
770 3631 45 25 JZ?
940 3630 45 24 £>
1109 3631 44 24 JZ?

513 3687 335 33 PLAYGOER

270 3751 29 29 A
322 3753 94 34 good
441 3752 204 30 intention.
670 3750 81 31 And
774 3757 97 30 your
894 3748 180 30 method?

1420 339 187 34 STAGE
1642 343 298 36 DIRECTOR

1271 399 74 31 The
1368 409 91 31 very
1481 404 184 36 simplest.
1690 407 32 28 It
1752 407 32 28 is
1816 408 110 29 based
1958 415 98 29 upon
2086 410 66 29 the

1203 463 173 30 methods
1400 465 193 39 employed
1628 468 47 37 by
1712 468 128 31 Arctic
1875 470 206 36 explorers,
2110 472 47 37 (i)

1204 522 75 31 The
1295 526 195 38 discovery
1505 528 38 31 of
1555 530 77 29 this
1647 529 70 31 Art
1732 531 31 30 is
1776 532 66 29 the
1859 533 108 29 exact
1980 535 177 29 counter**

1204 587 86 33 part
1312 587 38 29 of
1372 589 65 30 the
1462 592 196 38 discovery
1681 593 38 30 of
1740 594 66 30 the
1830 595 118 29 North
1974 595 100 31 Pole.

1274 649 96 30 Both
1394 659 66 22 are
1482 655 168 29 situated
1682 656 39 30 In
1752 657 65 30 the
1845 665 102 22 same
1978 659 178 36 position,

1204 712 38 28 in
1266 713 67 29 the
1358 714 210 33 Unknown.
1592 719 66 28 We
1680 726 150 28 possess
1854 719 102 31 clues
1979 728 41 22 as
2035 722 40 28 to
2091 722 66 28 the

1203 775 267 32 whereabouts
1493 778 37 30 of
1552 780 104 36 both;
1682 782 91 29 both
1804 790 64 21 are
1898 783 190 30 shrouded
2118 785 39 28 in

1206 837 110 30 much
1335 841 180 37 mystery,
1529 843 90 28 both
1633 843 138 30 realms
1784 852 63 22 are
1857 845 242 36 themselves,
2113 847 46 36 by

1207 898 49 30 all
1279 903 164 33 reports,
1470 903 64 30 the
1559 912 90 30 very
1682 905 109 31 home
1822 907 38 29 of
1889 910 167 35 mystery
2086 909 71 29 and

1206 963 153 37 beauty.
1433 971 45 24 &
1943 976 45 25 &
2112 976 45 25 &

1276 1028 40 28 In
1334 1031 202 35 preparing
1557 1029 60 31 for
1640 1038 70 22 our
1733 1030 88 31 first
1837 1033 229 36 expedition,
2088 1032 74 38 (for

1207 1098 56 21 we
1287 1092 132 34 expect
1440 1093 41 28 to
1505 1092 109 30 make
1636 1093 161 37 several)
1819 1102 56 22 we
1898 1095 94 30 shall
2035 1095 126 31 follow

1207 1152 65 30 the
1297 1153 152 29 method
1484 1154 193 36 employed
1712 1156 47 36 by
1792 1157 158 30 Nansen.
1975 1157 98 30 First
2105 1165 56 22 we

1207 1214 96 30 shall
1326 1215 90 30 take
1440 1216 91 30 time
1661 1225 56 22 we
1741 1218 96 30 shall
1860 1219 88 31 take
1977 1220 109 30 three
2120 1228 42 22 or

1206 1275 87 31 four
1314 1285 110 28 years
1456 1279 40 28 to
1532 1278 109 31 make
1675 1288 70 21 our
1778 1283 276 35 preparations,
2087 1283 72 28 and

1207 1340 65 29 the
1294 1340 150 30 scheme
1467 1340 104 30 itself
1592 1342 66 28 has
1682 1342 153 37 already
1858 1344 93 29 been
1976 1345 38 28 in
2031 1351 110 29 prepa-

1208 1402 126 29 ration
1357 1401 60 30 for
1439 1410 91 22 over
1552 1404 55 28 six
1630 1411 122 30 years.

1209 1471 44 24 &
1275 1466 47 28 So
1359 1466 31 28 it
1434 1474 76 21 was
1542 1467 92 29 with
1669 1467 166 30 Nansen*
1849 1476 17 21 s
1899 1469 147 35 project

1209 1533 45 24 &
1278 1528 67 30 Let
1381 1535 59 23 me
1477 1530 89 28 read
1603 1537 73 28 you
1712 1537 45 22 an
1792 1531 147 29 extract
1970 1530 96 30 from
2106 1531 58 29 his

1210 1591 22 15 44
1248 1589 178 31 Furthest
1630 1592 122 30 which
1787 1594 12 27 I
1834 1593 92 30 have
1960 1592 81 36 just
2070 1594 92 29 been

1210 1653 172 36 reading,
1405 1652 166 37 relating
1592 1654 40 29 to
1656 1654 64 29 the
1743 1653 108 37 plans
1883 1656 72 28 and
1987 1662 155 29 prepara-

1211 1716 101 28 tions
1334 1714 59 30 for
1416 1716 58 29 his
1496 1716 213 35 expedition
1734 1718 37 27 in
1797 1716 103 36 1893:
2121 1725 44 24 &

1211 1784 45 24 JZ?
1278 1779 23 17 44
1319 1778 31 30 If
1371 1787 56 21 we
1451 1780 91 28 turn
1574 1786 71 22 our
1678 1779 190 29 attention
1903 1781 40 28 to
1976 1780 66 29 the
2075 1779 88 36 long

1213 1843 22 16 44
1249 1841 64 30 list
1350 1841 38 30 of
1423 1841 143 30 former
1603 1842 236 35 expeditions
1877 1842 72 29 and
1987 1844 40 27 to
2062 1842 102 29 their

1249 1906 252 35 equipments,
1531 1905 31 28 it
1586 1906 139 27 cannot
1759 1905 68 28 but
1856 1903 119 30 strike
2006 1912 43 21 us
2077 1904 86 29 that

1212 1968 22 14 44
1248 1967 166 37 scarcely
1437 1976 21 20 a
1480 1967 120 36 single
1623 1966 119 31 vessel
1767 1967 67 29 has
1857 1968 94 28 been
1969 1966 98 30 built
2081 1973 62 29 spe-

1212 2031 24 16 44
1250 2030 109 37 cially
1380 2029 60 30 for
1462 2030 65 29 the
1550 2037 162 28 purpose
1727 2049 56 10 ...
1807 2030 39 29 in
1861 2027 91 38 fact,
1968 2029 64 29 the
2050 2029 92 35 majo-

1248 2093 76 37 rity
1347 2092 38 30 of
1407 2092 192 36 explorers
1628 2093 93 29 have
1755 2093 68 28 not
1855 2099 92 22 even
1981 2092 177 35 provided

1212 2156 23 14 44
1248 2154 229 30 themselves
1499 2155 92 29 with
1614 2154 140 30 vessels
1776 2154 121 30 which
1921 2161 98 23 were
2049 2155 96 35 origi-

1212 2217 25 16 44
1250 2215 140 38 ginally
1412 2217 180 29 intended
1615 2215 60 30 for
1697 2217 54 28 ice
1776 2217 230 34 navigation.

1279 2280 23 14 44
1315 2278 87 29 This
1425 2280 31 27 is
1489 2279 66 29 the
1587 2286 103 21 more
1723 2279 211 39 surprising
1967 2278 108 29 when
2109 2286 57 21 we

1212 2342 23 14 44
1249 2342 212 28 remember
1473 2341 65 29 the
1552 2348 102 22 sums
1670 2339 38 31 of
1720 2348 135 29 money
1867 2340 86 29 that
1965 2340 93 30 have
2072 2340 93 29 been

1213 2405 22 14 44
1250 2403 166 30 lavished
1440 2410 47 22 on
1511 2403 66 29 the
1599 2403 221 36 equipment
1835 2401 39 31 of
1889 2410 101 21 some
2008 2401 37 30 of
2059 2402 107 29 these

1212 2467 23 14 44
1250 2467 248 35 expeditions.
1515 2465 76 30 The
1606 2464 78 30 fact
1700 2466 43 35 is,
1760 2466 89 35 they
1865 2465 94 29 have
1974 2463 194 37 generally

1214 2528 21 16 44
1252 2529 93 28 been
1370 2529 37 27 in
1431 2528 91 28 such
1550 2535 21 21 a
1593 2528 119 36 hurry
1734 2528 40 28 to
1797 2527 60 29 set
1873 2528 67 28 out
1956 2527 86 29 that
2057 2526 109 30 there

1213 2591 24 14 44
1251 2590 66 29 has
1340 2591 94 29 been
1470 2598 47 21 no
1552 2591 92 28 time
1680 2591 40 28 to
1758 2589 133 31 devote
1928 2589 40 30 to
2005 2596 21 21 a
2063 2596 103 22 more

1213 2653 22 15 44
1251 2651 142 31 careful
1417 2654 232 35 equipment.
1674 2654 39 28 In
1737 2660 111 28 many
1872 2659 116 27 cases,
2019 2651 147 36 indeed,

1213 2714 23 15 44
1250 2716 263 35 preparations
1536 2723 101 22 were
1662 2716 67 28 not
1751 2716 124 35 begun
1910 2713 98 31 until
2042 2721 20 21 a
2095 2712 72 30 few

1214 2777 23 15 44
1251 2779 153 28 months
1428 2777 128 30 before
1579 2778 65 29 the
1679 2778 215 35 expedition
1928 2775 129 31 sailed.
2091 2775 76 29 The

1214 2841 23 14 44
1251 2841 155 35 present
1428 2840 228 36 expedition,
1680 2840 187 35 however,
1890 2838 107 30 could
2023 2838 68 28 not
2124 2838 44 28 be

1214 2904 23 14 44
1251 2903 183 36 equipped
1458 2904 38 28 in
1529 2910 41 22 so
1599 2902 109 29 short
1741 2910 21 20 a
1794 2902 106 35 time,
1934 2901 73 29 and
2044 2899 29 29 if
2104 2899 65 29 the

1216 2966 23 16 44
1255 2972 142 28 voyage
1421 2963 103 31 itself
1547 2963 92 31 took
1661 2964 110 29 three
1786 2970 109 30 years
1911 2962 65 29 the
1994 2968 155 29 prepara-

1215 3030 24 15 44
1252 3028 101 29 tions
1377 3026 93 31 took
1493 3035 48 20 no
1565 3026 73 29 less
1660 3026 92 29 time
1776 3024 112 30 while
1920 3024 66 30 the
2019 3023 148 30 scheme

1213 3090 23 15 44
1249 3097 78 22 was
1350 3089 200 30 conceived
1573 3089 123 29 thrice
1729 3089 110 29 three
1875 3094 111 31 years
2018 3085 150 31 earlier.

1282 3153 23 14 44
1319 3152 91 29 Plan
1435 3151 99 30 after
1557 3151 87 36 plan
1668 3151 61 29 did
1754 3149 141 31 Archer
1919 3148 107 31 make
2049 3148 39 30 of
2102 3148 66 30 the

1214 3216 23 13 44
1252 3214 192 36 projected
1477 3214 101 36 ship;
1613 3221 71 22 one
1719 3212 123 30 model
1876 3210 100 32 after
2009 3211 161 30 another

1213 3278 23 14 44
1250 3284 77 22 was
1349 3276 184 37 prepared
1558 3276 72 29 and
1655 3276 235 28 abandoned.
1954 3279 44 25 &

1214 3345 45 24 £/
1281 3342 24 15 44
1322 3339 115 30 Fresh
1474 3339 297 35 improvements
1808 3344 101 23 were
1954 3334 215 36 constantly

1216 3406 23 14 44
1253 3405 113 33 being
1387 3402 215 36 suggested.
1626 3400 74 30 The
1723 3400 98 30 form
1837 3408 56 22 we
1908 3398 132 37 finally
2056 3397 92 30 adhe-

1217 3468 23 14 44
1254 3466 65 30 red
1342 3466 41 28 to
1407 3472 84 29 may
1513 3471 101 22 seem
1645 3464 40 28 to
1722 3470 112 30 many
1870 3460 131 37 people
2037 3461 48 35 by
2122 3467 48 22 no

1217 3548 36 29 (1)
1267 3547 45 23 Our
1329 3547 117 23 attention
1465 3545 87 29 having
1570 3545 57 24 been
1644 3544 83 25 drawn
1740 3546 23 22 to
1781 3545 38 23 the
1835 3544 49 23 fact
1894 3544 51 23 that
1958 3543 47 23 this
2016 3543 78 23 simile
2105 3543 23 22 of
2139 3549 32 17 an

1217 3600 77 24 Arctic
1310 3600 134 28 expedition
1457 3605 50 18 was
1515 3597 122 29 employed
1647 3597 31 28 by
1687 3598 37 23 Mr
1733 3597 95 23 Charles
1838 3596 115 23 Frohman
1967 3595 23 22 in
2001 3601 32 16 an
2047 3595 124 23 interview

1218 3654 57 23 with
1293 3654 39 22 the
1377 3652 54 24 New
1449 3652 63 23 York
1528 3651 80 24 Times
1661 3656 35 18 we
1713 3649 56 24 take
1790 3649 48 22 this
1860 3647 154 29 opportunity
2035 3647 23 22 of
2080 3647 91 28 stating

1219 3706 51 23 that
1287 3706 39 22 the
1343 3704 96 29 present
1454 3704 58 24 MSS
1527 3710 51 17 was
1595 3703 25 23 in
1638 3708 44 17 our
1702 3701 78 24 hands
1797 3699 94 25 several
1908 3699 96 23 months
2027 3699 78 23 before
2122 3699 50 23 that

1218 3758 125 23 interview
1360 3757 54 24 took
1432 3757 73 27 place.
