2357 4005
2088 203 59 29 107

166 314 203 33 theatrical
393 317 47 30 he
462 317 77 31 will
563 319 46 29 be
632 316 191 38 offended;
854 316 28 31 if
906 317 11 29 I
946 315 80 30 find
1060 315 66 30 the

166 378 229 35 production
414 380 39 29 at
465 380 67 29 the
552 379 167 39 Elysium
735 379 133 37 vulgar
886 380 12 28 I
917 377 127 31 offend
1062 377 69 30 the

169 441 188 34 producer
385 441 122 30 whom
533 442 12 29 1
569 441 112 31 know
703 441 231 37 personally.
965 439 167 34 Besides,

170 503 176 31 however
368 505 112 28 much
500 505 12 28 I
538 512 83 29 may
644 505 163 36 protest,
833 504 66 30 the
928 503 107 30 actor
1057 502 72 29 and

169 565 67 30 the
280 566 188 35 producer
496 574 64 21 are
598 566 138 31 unable
774 568 41 28 to
845 566 143 35 change
1029 564 102 29 their

172 627 186 29 methods.
376 628 12 27 I
406 635 68 21 can
486 628 153 30 neither
647 628 160 36 applaud
818 635 40 23 as
868 625 181 38 formerly
1060 633 70 22 nor

171 688 149 34 protest
332 695 41 22 as
397 689 11 28 I
426 689 46 28 do
485 689 40 29 to
537 697 88 29 you,
649 690 72 29 and
736 691 126 35 owing
873 689 41 29 to
927 689 77 29 this
1024 689 11 28 I
1055 696 74 29 am,

171 757 40 21 as
229 750 11 28 1
260 749 66 29 tell
339 757 88 29 you,
444 750 167 37 entirely
632 752 167 29 without
820 751 177 29 interest.

452 817 147 32 STAGE
623 818 226 34 DIRECTOR

240 878 29 30 If
290 879 65 30 the
380 887 113 23 cause
516 879 38 30 of
574 888 97 29 your
694 881 218 30 discontent
943 880 108 30 could
1084 881 44 29 be

176 942 179 29 removed
378 949 99 29 your
499 943 163 30 interest
684 943 124 30 would
832 943 156 31 revive?
1091 950 45 25 &

533 1010 245 35 PLAYGOER

244 1071 270 38 Immediately.
571 1079 45 24 &
743 1079 45 24 &
1088 1081 44 25 &

457 1139 146 32 STAGE
627 1141 226 34 DIRECTOR

241 1199 77 30 Tell
342 1208 72 29 me,
437 1203 40 28 at
502 1203 104 29 what
632 1211 65 22 are
720 1211 74 29 you
829 1203 261 31 dissatisfied?
1119 1205 11 27 I

174 1270 59 21 am
258 1263 153 29 neither
433 1264 67 29 the
523 1266 109 29 actor
656 1273 70 22 nor
747 1267 66 29 the
837 1267 199 35 producer.

533 1333 245 33 PLAYGOER

178 1397 45 25 &
253 1392 66 36 No;
354 1394 69 29 but
454 1395 41 28 to
529 1402 153 28 express
717 1396 30 28 it
782 1394 198 38 definitely
1013 1396 39 28 at
1082 1395 49 30 all

177 1453 123 30 would
325 1454 110 30 make
460 1464 59 21 me
541 1455 74 31 feel
641 1456 76 30 like
747 1464 20 22 a
796 1458 142 28 traitor
967 1457 41 29 to
1037 1456 47 30 all
1117 1458 12 27 I

177 1522 93 23 once
293 1515 121 31 loved.
576 1524 44 23 &

456 1583 146 32 STAGE
625 1584 225 34 DIRECTOR

239 1643 69 36 Ah,
331 1644 95 30 then
451 1645 29 29 it
505 1646 31 29 is
559 1654 73 29 you
656 1646 87 30 that
760 1648 95 29 have
872 1648 258 36 changed,...

174 1705 67 28 not
263 1705 66 30 the
353 1706 184 31 theatres.

529 1774 245 36 PLAYGOER

239 1833 179 39 Perhaps,
442 1838 174 36 perhaps.

455 1904 146 32 STAGE
625 1906 225 34 DIRECTOR

242 1963 80 29 And
346 1972 72 29 you
452 1966 94 30 have
580 1968 205 36 developed
819 1978 97 28 your
948 1978 110 23 sense
1093 1972 38 29 of

174 2024 103 30 what
293 2026 31 29 is
341 2027 198 31 beautiful.
557 2029 31 30 Is
604 2030 31 28 it
650 2031 163 34 possible
830 2032 91 30 then
937 2034 87 29 that
1040 2035 11 27 I
1067 2041 62 23 see

175 2085 128 31 before
321 2095 58 22 me
394 2089 66 29 the
485 2090 99 30 Ideal
607 2093 194 34 spectator
817 2095 38 28 in
873 2095 162 35 person?
1049 2116 80 10 ....

173 2148 86 29 that
279 2157 73 29 you
378 2151 95 30 have
498 2153 153 31 become
675 2163 72 22 one
771 2155 37 30 of
830 2157 86 29 that
946 2158 183 30 audience

173 2210 122 29 which
320 2212 152 31 London
490 2215 66 30 has
580 2216 94 29 been
698 2217 60 29 for
781 2226 40 22 so
839 2219 89 36 long
943 2220 129 38 trying
1088 2223 41 28 to

575 2283 45 24 &
744 2285 45 24 &
914 2286 45 25 &

531 2344 243 35 PLAYGOER

173 2406 45 25 &
242 2402 64 36 No,
332 2405 67 29 not
420 2405 99 37 that;
544 2408 67 28 not
632 2415 42 23 so
697 2408 99 30 ideal
820 2418 41 22 as
877 2410 49 30 all
943 2412 99 35 that;
1060 2412 69 29 but

174 2464 30 28 it
216 2464 90 29 does
328 2473 102 23 seem
453 2469 40 28 to
518 2476 58 23 me
599 2470 85 30 that
698 2480 73 27 you
790 2480 65 22 are
870 2473 117 36 right.
1004 2474 12 29 I
1034 2474 94 30 have

174 2525 217 38 developed.
414 2529 76 31 The
514 2530 104 38 plays
640 2534 72 28 and
736 2534 66 30 the
825 2534 148 38 players
989 2538 140 28 cannot

173 2586 94 32 have
291 2589 144 31 altered
465 2600 41 22 so
540 2595 243 38 enormously
816 2598 38 28 in
888 2599 76 29 two
997 2606 131 29 years,

173 2650 171 31 whereas
376 2654 112 30 one's
526 2655 158 31 outlook
715 2666 85 29 may
834 2660 92 30 have
957 2661 169 38 changed

172 2713 178 38 entirely.
741 2727 45 24 &
911 2729 45 25 &
1082 2731 46 25 &

452 2784 146 33 STAGE
621 2787 227 35 DIRECTOR

172 2848 46 24 &
240 2843 80 30 And
345 2852 84 22 now
450 2847 41 29 to
513 2855 74 28 you
604 2851 226 37 everything
853 2860 47 22 on
924 2854 66 29 the
1020 2855 106 37 stage

174 2902 106 32 looks
296 2913 40 21 as
539 2910 109 37 stale,
663 2911 71 31 flat
747 2914 72 28 and

174 2972 40 22 as
237 2966 66 29 the
327 2968 118 30 world
463 2970 61 29 did
547 2972 41 29 to
606 2973 158 30 Hamlet.
781 2976 75 29 But
872 2977 44 30 be
933 2979 193 38 practical,

175 3027 11 27 1
213 3027 69 37 beg
305 3028 38 30 of
364 3037 88 29 you.
476 3033 102 29 Look
601 3035 41 28 at
674 3036 65 29 the
773 3038 142 30 matter
947 3041 179 38 sensibly.

175 3088 77 30 You
280 3090 120 31 admit
425 3092 88 30 that
540 3094 67 31 the
637 3097 108 36 stage
775 3098 67 30 has
872 3102 68 28 not
968 3102 157 37 altered,

171 3151 87 30 that
281 3152 31 29 it
335 3153 31 29 is
387 3155 172 35 yourself
581 3156 89 38 only
692 3159 87 30 that
806 3161 68 30 has
905 3165 221 37 undergone

173 3221 21 21 a
218 3214 158 38 change.
400 3217 117 37 Good,
538 3219 182 36 then;...
752 3223 170 38 undergo
950 3228 175 31 another.

173 3275 12 29 I
198 3276 46 30 do
260 3278 67 29 not
340 3286 110 23 mean
469 3280 146 38 change
632 3282 96 30 back
743 3285 124 35 again,
891 3287 68 30 but
980 3289 144 38 change

170 3336 178 34 forward.
400 3348 46 26 &

529 3410 244 37 PLAYGOER

239 3473 154 36 Explain
417 3477 41 30 to
483 3485 60 24 me
566 3479 104 30 what
690 3487 74 29 you
788 3488 123 23 mean.
1081 3492 45 25 &

453 3544 146 33 STAGE
621 3546 228 35 DIRECTOR

171 3605 45 24 &
240 3603 77 30 You
342 3605 95 31 have
460 3606 135 32 looked
620 3609 41 29 at
676 3609 65 29 the
758 3609 163 32 Theatre
935 3611 97 33 from
1049 3617 77 30 two

172 3664 126 34 points
320 3666 39 30 of
381 3668 108 38 view;
512 3671 137 30 ascend
672 3673 41 28 to
736 3680 21 21 a
779 3672 103 31 third
907 3675 72 29 and
1002 3678 126 32 better

173 3726 107 33 point
302 3728 39 30 of
362 3730 96 31 view
482 3734 71 28 and
578 3741 63 22 see
675 3734 103 29 what
813 3743 74 28 you
922 3737 95 31 shall
1051 3748 75 23 see.

1549 319 246 35 PLAYGOER

1194 384 45 25 -0
1262 380 95 31 That
1379 382 180 30 interests
1583 390 70 23 me.
2103 390 44 25 &

1475 444 145 31 STAGE
1644 444 226 33 DIRECTOR

1261 505 137 31 Follow
1422 515 57 22 me
1502 507 103 30 then.
1624 508 46 29 At
1692 507 156 36 present
1867 514 97 29 your
1985 508 163 28 interest

1192 568 38 27 in
1247 568 65 29 the
1328 568 162 32 Theatre
1508 571 30 29 is
1555 578 49 22 on
1628 578 21 22 a
1671 569 111 30 small
1801 568 112 38 scale,
1930 569 215 35 something

1193 628 75 31 like
1290 630 66 30 the
1379 632 163 30 interest
1563 640 113 29 every
1700 632 244 36 Englishman
1967 630 111 30 takes
2107 632 37 28 in

1192 691 57 30 his
1273 694 173 36 country.
1463 695 78 29 You
1559 702 64 22 are
1639 696 38 28 in
1693 695 66 29 the
1775 695 165 36 position
1957 693 39 30 of
2019 701 21 21 a
2062 700 85 22 man

1192 754 84 29 who
1304 754 155 31 dislikes
1485 756 67 29 the
1580 757 156 35 present
1764 756 265 37 government,
2060 755 87 29 that

1191 816 31 29 is
1245 815 63 31 all.
1333 816 76 30 The
1433 817 161 31 Theatre
1618 827 42 21 as
1683 820 224 29 Institution
1936 819 32 29 is
1998 825 125 28 compo-

1193 879 63 29 sed
1281 877 38 30 of
1342 886 40 22 as
1407 886 114 30 many
1544 881 146 29 Parties
1713 889 41 21 as
1777 889 65 22 are
1865 882 66 29 the
1949 882 142 29 Houses
2109 879 38 30 of

1197 940 244 31 Parliament.
1452 942 65 30 We
1525 942 94 30 have
1629 943 66 30 the
1705 943 218 37 equivalent
1932 942 38 31 of
1977 943 64 30 the
2053 943 72 30 Con-

1195 1004 221 37 servatives,
1428 1003 178 38 Liberals,
1615 1004 273 38 Progressives,
1897 1004 181 38 Radicals,
2086 1006 41 29 So-

1195 1067 154 37 cialists,
1361 1067 66 29 the
1442 1067 145 31 Labour
1601 1067 127 36 Party,
1742 1069 72 27 and
1830 1075 92 22 even
1935 1067 192 36 Suffraget-

1194 1131 57 28 tes
1268 1137 65 22 are
1357 1137 46 22 an
1428 1128 227 31 established
1674 1131 86 33 part
1776 1129 38 30 of
1826 1138 70 21 our
1911 1130 236 29 Institution.

1268 1191 119 30 These
1418 1192 143 35 parties
1594 1190 89 30 take
1716 1192 229 30 themselves
1975 1192 49 30 all
2058 1199 89 28 very

1194 1253 185 37 seriously
1402 1255 72 28 and
1498 1253 85 30 that
1606 1254 89 29 does
1719 1262 47 21 no
1790 1254 120 30 harm.
1935 1255 73 29 But
2031 1255 116 28 above

1194 1317 72 28 and
1292 1317 145 36 beyond
1461 1316 49 29 all
1533 1316 143 35 parties
1699 1316 111 29 there
1840 1324 64 21 are
1933 1317 67 28 the
2029 1317 96 34 Impe-

1194 1378 156 36 rialists,
1363 1398 88 10 ....
1481 1378 53 29 let
1558 1386 44 22 us
1625 1377 71 30 call
1719 1379 103 29 them
1853 1379 46 36 by
1923 1378 76 30 this
2024 1385 124 28 name,

1194 1441 40 28 at
1249 1448 73 29 any
1347 1441 97 33 rate,
1472 1439 184 30 Idealists.
1683 1441 55 28 An
1773 1439 225 37 Imperialist
2034 1441 31 28 is
2100 1446 47 22 an

1194 1502 165 30 Idealist.
1375 1503 76 28 You
1463 1510 92 21 once
1570 1502 182 36 belonged
1766 1504 39 27 to
1819 1510 102 21 some
1935 1502 212 30 Theatrical

1194 1566 111 35 party
1315 1571 42 23 or
1367 1565 123 29 other.
1505 1566 68 29 Let
1583 1572 42 21 us
1642 1572 65 29 say
1715 1572 72 28 you
1799 1571 99 23 were
1909 1572 20 20 a
1939 1564 186 30 Conserva-

1194 1627 89 29 tive.
1296 1627 78 29 You
1388 1627 166 36 thought
1570 1626 100 30 little
1686 1627 117 29 about
1811 1627 66 29 the
1891 1626 80 30 real
1989 1626 137 30 Conser-

1194 1690 135 29 vatism
1344 1690 69 29 but
1430 1697 74 28 you
1523 1688 117 30 called
1655 1688 169 37 yourself
1836 1697 21 21 a
1876 1689 270 30 Conservative

1194 1752 71 29 and
1279 1759 92 22 soon
1383 1759 73 30 you
1472 1752 118 35 began
1604 1752 40 28 to
1658 1759 124 28 weary
1796 1750 37 30 of
1844 1751 67 30 the
1924 1752 174 29 methods
2110 1751 38 29 of

1192 1822 96 28 your
1310 1813 159 30 leaders.
1493 1814 78 29 You
1597 1813 194 37 naturally
1807 1813 112 30 don't
1934 1813 95 30 wish
2044 1814 40 29 to
2102 1814 44 29 be

1193 1885 21 20 a
1236 1878 192 33 turncoat,
1452 1876 72 29 and
1547 1884 73 28 you
1644 1884 65 21 are
1731 1876 150 29 thrown
1898 1876 82 29 into
2003 1884 21 21 a
2046 1876 99 29 state

1194 1937 37 31 of
1255 1939 260 36 despondency
1540 1939 66 29 not
1630 1938 179 36 knowing
1830 1938 103 30 what
1954 1938 41 29 to
2019 1938 46 29 do

1549 2000 243 33 PLAYGOER

1192 2068 45 25 &
1260 2062 107 36 Well,
1392 2064 12 28 I
1427 2062 102 30 can't
1550 2070 91 23 veer
1665 2064 122 28 round
1815 2062 72 30 and
1906 2063 152 29 become
2074 2069 71 22 one

1193 2125 38 30 of
1252 2126 65 29 the
1340 2126 170 36 opposite
1533 2127 123 35 party,
1680 2133 67 22 can
1773 2125 43 30 I?

1470 2187 147 32 STAGE
1641 2187 225 33 DIRECTOR

1192 2255 45 25 &
1260 2250 193 37 Certainly
1477 2251 82 28 not.
1584 2250 78 29 You
1680 2251 140 28 cannot
1832 2248 236 38 honourably
2082 2250 42 29 be-

1193 2321 102 21 come
1305 2321 21 21 a
1336 2313 168 29 member
1513 2311 37 30 of
1563 2320 73 29 any
1648 2313 111 29 other
1766 2310 130 41 party
1896 2332 9 9 .
1917 2313 77 28 You
2006 2313 139 28 cannot

1192 2376 110 29 court
1314 2382 20 22 a
1347 2375 138 29 second
1499 2373 224 32 disillusion.
1738 2375 73 29 But
1823 2375 108 29 there
1940 2375 31 29 is
1985 2374 160 36 nothing

1192 2438 38 28 in
1253 2437 66 29 the
1342 2444 81 29 way
1437 2435 37 30 of
1495 2443 96 30 your
1614 2437 197 36 becoming
1834 2444 47 22 an
1905 2436 239 36 Imperialist.

1193 2500 95 28 Bear
1300 2500 38 28 in
1352 2499 102 29 mind
1467 2499 87 29 that
1567 2499 12 28 I
1590 2506 67 22 use
1670 2499 76 29 this
1756 2499 103 29 word
1869 2499 40 29 to
1919 2506 150 28 express
2079 2499 65 29 the

1191 2561 152 37 highest
1356 2560 111 37 ideal,
1480 2561 72 29 and
1568 2560 141 37 though
1728 2561 12 28 I
1752 2568 59 21 am
1825 2561 105 36 quite
1944 2561 198 30 uncertain

1190 2624 104 29 what
1309 2624 65 30 the
1389 2625 99 28 term
1504 2623 148 36 implies
1667 2624 40 28 to
1723 2631 92 29 you;
1834 2624 68 29 but
1916 2623 77 31 will
2008 2631 72 29 you
2100 2624 44 29 be

1190 2694 40 22 so
1248 2687 94 36 good
1359 2694 40 22 as
1422 2687 40 28 to
1486 2687 131 34 accept
1639 2687 31 28 it
1692 2685 74 37 (for
1780 2687 103 28 want
1898 2685 39 30 of
1951 2694 22 21 a
1989 2687 155 36 better,)

1191 2756 41 22 as
1253 2749 66 29 the
1344 2749 83 29 best
1449 2756 110 21 name
1583 2749 12 28 I
1618 2755 68 22 can
1721 2747 109 37 apply
1864 2749 40 28 to
1940 2748 87 29 that
2060 2748 63 29 uni-

1190 2810 123 30 versal
1325 2811 123 37 party,
1465 2818 43 22 or
1524 2810 271 34 brotherhood,
1811 2810 122 29 which
1949 2810 31 30 is
1996 2817 124 29 compo-

1190 2873 65 29 sed
1291 2871 38 31 of
1361 2871 130 38 people
1527 2871 155 37 holding
1714 2879 43 22 or
1789 2871 210 37 tolerating
2033 2878 111 30 many

1190 2934 195 36 different,
1408 2935 72 30 and
1504 2935 185 35 opposite,
1711 2935 128 29 views.
2100 2938 45 25 &

1545 2996 244 33 PLAYGOER

1259 3059 93 30 Well
1375 3059 108 36 then,
1507 3059 12 28 I
1535 3066 59 21 am
1611 3059 41 29 to
1669 3059 154 29 become
1839 3065 48 22 an
1905 3056 238 38 Imperialist.

1190 3121 77 30 Tell
1292 3128 59 23 me
1374 3121 84 29 how
1481 3121 40 28 to
1545 3121 47 28 do
1617 3120 43 30 it.

1469 3182 144 31 STAGE
1637 3182 228 33 DIRECTOR

1189 3252 45 24 &
1256 3247 62 35 My
1341 3246 92 29 dear
1455 3243 141 38 fellow,
1618 3252 73 29 you
1727 3243 154 39 already
1914 3243 88 31 look
2033 3251 88 30 your-

1187 3307 71 31 self
1295 3308 132 36 again.
1473 3308 79 28 You
1596 3314 64 23 are
1705 3308 196 36 becoming
1943 3305 200 37 positively

1187 3370 225 31 interested.
1435 3370 67 30 We
1526 3369 71 29 had
1622 3370 127 29 better
1778 3377 46 29 go
1858 3369 72 29 and
1964 3367 87 31 look
2083 3367 60 31 for

1190 3433 111 29 those
1323 3433 103 28 seats
1449 3432 41 29 at
1511 3431 65 30 the
1594 3431 134 37 Gaiety
1742 3432 42 29 at
1798 3438 106 23 once.

1547 3492 245 35 PLAYGOER

1260 3558 65 35 No,
1348 3557 84 36 stay
1456 3556 91 30 here
1571 3556 73 29 and
1668 3563 47 30 go
1738 3563 48 22 on
1809 3553 159 37 talking.
1992 3553 77 30 Tell
2086 3562 58 22 me

1191 3619 85 30 how
1298 3621 40 28 to
1363 3620 152 29 become
1538 3626 47 22 an
1610 3617 236 37 Imperialist.
1930 3622 45 25 &
2099 3623 45 24 &

1470 3680 147 31 STAGE
1639 3678 225 35 DIRECTOR

1190 3751 46 25 jp
1260 3743 108 37 Well,
1390 3750 72 30 you
1486 3741 96 30 shall
1606 3741 99 31 book
1726 3740 108 30 stalls
1866 3739 60 30 for
1984 3740 160 31 Twelfth
