2714 4097
2084 251 65 33 101

2206 1568 82 31 The
2311 1568 167 39 objects.

2352 2563 215 33 Annual

2201 2625 305 39 Subscriptions

2199 3389 82 32 The
2360 3398 202 32 expense.

170 371 759 65 SUGGESTIONS
1026 371 208 72 FOR
1323 371 818 65 ESTABLISHING

170 474 150 63 AN
416 474 536 68 ENGLISH
1043 471 232 77 ART
1356 469 576 76 THEATRE

2021 471 6 79 by
2030 471 6 79 J.
2039 471 6 79 R.
2048 471 12 79 P1an
2060 471 12 79 ché;
2075 471 25 79 Somerset
2103 471 22 79 Herald,
2128 471 16 79 1879.

2060 576 84 80 (0

608 701 48 28 he
677 698 237 36 desirability
936 697 38 31 of
996 698 66 29 the
1085 697 292 31 establishment
1399 698 38 30 of
1451 707 21 21 a
1487 698 152 30 theatre
1655 699 38 29 in
1712 698 153 31 London
1882 698 24 17 '*
1923 696 68 30 not
2005 695 139 38 wholly

609 759 209 33 controlled
854 761 47 36 by
923 760 65 30 the
1011 760 270 35 predominant
1310 761 102 29 taste
1445 760 39 30 of
1516 761 66 30 the
1810 768 77 22 was
1923 758 221 38 eloquently

606 823 205 30 advocated
837 823 47 37 by
906 823 70 29 Mr.
993 823 145 35 George
1163 821 170 35 Godwin,
1357 822 124 30 editor
1504 821 38 31 of
1563 823 66 30 the
1651 820 190 41 Builder,
1864 823 38 29 in
1926 822 59 30 his
2006 822 138 36 speech

606 893 40 22 as
669 886 193 29 chairman
886 883 37 31 of
946 893 22 21 a
990 885 167 36 meeting
1179 883 39 31 of
1238 884 66 30 the
1326 884 152 37 Society
1498 884 61 31 for
1582 886 64 29 the
1669 886 328 36 Encouragement
2019 884 38 31 of
2076 885 68 30 the

606 947 89 30 Fine
718 948 102 35 Arts,
843 948 39 28 at
903 947 104 29 their
1029 954 125 22 rooms
1177 947 38 29 in
1239 945 320 38 Conduit-street,
1581 948 110 29 when
1714 948 65 30 the
1812 947 78 31 late
1919 948 63 30 Dr.
2017 948 125 30 Doran

605 1009 191 30 delivered
821 1010 58 29 his
901 1009 158 37 lecture,
1120 1009 70 30 For
1211 1009 73 30 and
1309 1009 149 37 against
1785 1011 74 30 and
1879 1011 67 30 the
1963 1011 176 37 question

603 1072 93 30 then
719 1073 151 29 mooted
894 1073 67 29 has
983 1073 102 30 since
1109 1073 94 29 been
1227 1071 266 38 unanimously
1509 1072 196 30 answered
1721 1072 39 30 in
1776 1072 67 31 the
1859 1072 229 32 affirmative
2103 1075 41 29 at

600 1134 67 30 the
702 1135 121 30 Social
846 1136 155 29 Science
1025 1135 188 37 Congress
1237 1136 39 28 at
1300 1134 262 37 Cheltenham,
1584 1134 128 31 where
1735 1136 59 28 Mr
1824 1136 155 30 Godwin
2012 1143 110 29 repro-

169 1195 119 30 duced
312 1196 59 29 his
394 1198 237 36 arguments,
653 1198 277 36 strengthened
948 1199 47 36 by
1010 1198 66 30 the
1093 1197 141 30 cordial
1250 1198 160 36 support
1425 1196 39 31 of
1478 1198 71 29 Mr.
1567 1197 126 37 Henry
1710 1197 138 39 Irving,
1864 1199 71 30 Mr.
1951 1199 191 30 Hermann

169 1258 127 37 Vezin,
321 1259 73 29 and
421 1259 149 30 several
596 1260 132 30 others
754 1261 211 36 eminently
985 1260 179 37 qualified
1193 1262 41 28 to
1258 1267 218 29 pronounce
1498 1260 104 29 their
1624 1260 174 36 opinions
1822 1269 47 23 on
1893 1262 66 29 the
1981 1261 161 36 subject.

169 1327 44 25 &
236 1322 29 28 A
288 1322 259 30 considerable
571 1324 163 29 number
756 1322 38 30 of
816 1322 232 37 gentlemen,
1070 1321 247 31 wellwishers
1340 1324 40 28 to
1404 1322 65 30 the
1491 1329 126 30 cause,
1644 1321 194 39 including
1871 1331 112 30 many
2006 1323 39 31 of
2076 1324 65 29 the

169 1383 200 30 theatrical
392 1383 226 38 profession,
641 1385 139 35 having
796 1384 90 30 both
903 1383 165 37 publicly
1084 1384 72 29 and
1173 1385 188 36 privately
1377 1385 200 35 expressed
1594 1384 103 30 their
1712 1385 178 36 approval
1906 1385 38 30 of
1958 1386 66 30 the
2041 1387 100 29 main

170 1446 125 35 object
317 1445 38 31 of
377 1447 65 30 the
466 1448 228 35 movement,
717 1447 65 29 the
804 1448 116 28 views
944 1445 38 31 of
1004 1454 103 22 some
1131 1446 38 30 of
1189 1447 66 29 the
1279 1447 163 36 original
1465 1448 214 35 promoters
1703 1446 38 31 of
1763 1448 31 29 it
1816 1455 65 23 are
1899 1456 83 22 now
1998 1448 120 31 formu-

167 1508 102 30 lated
292 1508 61 30 for
374 1509 68 29 the
465 1509 282 29 consideration
772 1507 37 31 of
831 1508 49 30 all
903 1509 84 29 who
1011 1516 64 22 are
1098 1509 210 30 interested
1332 1509 38 29 in
1394 1510 51 28 its
1467 1517 164 22 success.
1926 1516 46 26 &
2096 1518 46 25 &

166 1576 45 25 J£?
235 1571 39 29 In
297 1571 67 30 the
386 1570 88 31 first
495 1571 118 36 place,
636 1572 31 28 it
690 1572 31 28 is
745 1578 199 29 necessary
966 1572 42 29 to
1032 1570 148 31 declare
1204 1579 40 22 as
1267 1571 193 37 explicitly
1483 1580 40 22 as
1546 1571 165 37 possible
1733 1573 86 30 that
1842 1580 48 23 no
1923 1573 143 38 rivalry
2099 1581 43 23 or

166 1633 246 35 competition
435 1634 31 28 is
490 1632 279 37 contemplated
794 1633 94 29 with
910 1641 73 29 any
1006 1634 165 35 existing
1194 1633 305 38 establishment,
1521 1635 67 29 the
1612 1634 143 36 objects
1785 1634 39 31 of
1855 1636 66 29 the
1955 1636 186 29 direction

165 1694 39 30 of
225 1695 66 29 the
314 1695 183 35 proposed
521 1695 151 29 theatre
697 1696 113 35 being
832 1695 152 37 strictly
1007 1695 146 31 limited
1166 1703 84 23 2...
1262 1703 43 23 .1.
1349 1696 50 30 To
1422 1697 66 29 the
1511 1698 233 29 restoration
1760 1698 41 30 to
1817 1698 66 30 the
1899 1699 107 36 stage
2022 1697 38 31 of
2074 1698 66 30 the

164 1757 268 35 masterpieces
456 1756 39 31 of
515 1757 67 30 the
606 1759 110 35 great
740 1758 223 30 dramatists
986 1757 37 31 of
1045 1759 67 29 the
1136 1757 75 32 last
1232 1759 111 30 three
1366 1761 205 35 centuries,
1594 1760 124 30 which
1733 1761 93 29 with
1845 1768 102 22 some
1963 1768 90 30 very
2069 1759 71 32 few

163 1820 218 35 exceptions
404 1820 95 30 have
524 1820 94 30 been
642 1820 126 30 either
789 1820 137 37 wholly
945 1820 197 37 neglected
1160 1829 43 21 or
1218 1821 289 38 spasmodically
1523 1823 151 30 revived
1690 1824 48 36 by
1754 1824 157 29 modern
1927 1831 213 29 managers,

164 1881 71 29 and
260 1889 64 22 are
348 1881 195 31 unknown
566 1883 41 29 to
630 1883 66 29 the
719 1884 158 35 present
910 1884 225 35 generation
1169 1882 38 31 of
1239 1883 210 38 playgoers.
1493 1892 33 22 2.
1561 1884 75 31 The
1669 1886 226 36 production
1919 1886 38 30 of
1979 1886 160 37 original

164 1943 104 37 plays
292 1943 39 31 of
353 1945 66 29 the
442 1945 153 36 highest
618 1944 109 38 class,
750 1945 122 30 which
894 1944 61 31 for
978 1945 239 30 commercial
1247 1954 43 22 or
1323 1947 111 29 other
1465 1954 157 23 reasons
1655 1947 108 38 have,
1797 1949 343 36 notwithstanding

163 2006 104 30 their
289 2007 178 30 intrinsic
489 2008 127 36 merit,
640 2008 95 30 been
760 2007 138 30 unable
921 2009 40 29 to
984 2008 131 30 obtain
1138 2010 320 34 representation.
1482 2009 81 30 And
1581 2017 33 29 3.
1638 2010 75 31 The
1737 2010 153 38 general
1914 2011 225 31 cultivation

164 2069 74 29 and
261 2070 324 35 encouragement
608 2069 38 30 of
667 2069 203 30 histrionic
892 2071 62 29 art
976 2071 73 29 and
1072 2071 66 29 the
1161 2070 156 31 welfare
1340 2072 71 29 and
1443 2072 287 38 respectability
1763 2072 38 31 of
1832 2074 51 30 its
1915 2073 223 38 professors.

166 2131 31 29 It
220 2131 31 30 is
275 2130 167 31 believed
464 2131 88 30 that
573 2132 110 29 these
707 2131 144 36 objects
875 2140 67 22 can
966 2131 89 38 only
1079 2133 44 29 be
1147 2133 170 30 attained
1342 2134 47 36 by
1411 2134 67 29 the
1500 2133 226 32 foundation
1749 2134 38 31 of
1802 2144 22 21 a
1838 2136 153 30 theatre
2007 2144 48 23 on
2071 2137 67 30 the

164 2192 124 30 model
311 2192 39 30 of
369 2194 68 29 the
460 2192 162 32 Th&itre
846 2196 40 28 at
909 2194 106 30 Paris
1029 2196 81 33 ;but
1132 2196 32 28 it
1186 2196 31 29 is
1240 2196 138 30 almost
1401 2196 172 36 hopeless
1595 2198 41 29 to
1660 2199 132 35 expect
1821 2199 99 35 that,
1954 2198 183 38 although

162 2255 213 30 thousands
399 2262 100 28 upon
523 2256 212 29 thousands
758 2264 65 22 are
846 2256 183 37 annually
1051 2257 112 29 voted
1188 2258 47 35 by
1258 2265 72 22 our
1352 2257 234 31 Parliament
1607 2258 60 31 for
1689 2260 65 30 the
1778 2262 160 35 support
1952 2260 39 31 of
2006 2261 110 30 acade-

163 2318 105 34 mies,
291 2324 206 30 museums,
519 2317 282 37 schoolboards,
823 2318 72 29 and
921 2318 110 29 other
1053 2319 240 29 institutions
1318 2321 207 29 connected
1548 2321 94 30 with
1664 2323 63 28 art
1761 2323 73 29 and
1869 2323 215 37 education,
2108 2325 30 28 it

162 2379 124 30 would
310 2380 174 30 sanction
507 2380 66 30 the
596 2380 286 36 appropriation
907 2379 37 31 of
965 2381 67 29 the
1055 2380 170 31 smallest
1247 2382 154 37 subsidy
1424 2383 38 29 in
1485 2384 60 29 aid
1570 2383 39 30 of
1624 2391 47 22 an
1688 2386 63 28 art
1765 2385 38 29 in
1819 2385 122 30 which
1958 2393 64 23 are
2039 2394 74 22 com-

164 2442 110 29 bined
296 2442 68 30 the
387 2450 131 29 graces
541 2441 37 31 of
601 2442 48 30 all
672 2443 66 29 the
762 2443 143 36 others,
928 2444 72 28 and
1025 2442 38 30 of
1085 2452 21 20 a
1128 2443 128 30 school
1279 2445 122 29 which
1412 2444 60 30 for
1488 2446 240 30 educational
1744 2454 182 30 purposes
1942 2456 195 29 surpasses

163 2511 74 29 any
260 2511 40 22 as
322 2505 66 35 yet
411 2505 178 36 existing.
730 2510 45 25 &
900 2511 1237 33 <£>&&£?&&&&

163 2570 45 25 &
231 2566 40 29 In
295 2565 158 38 default,
475 2566 209 37 therefore,
709 2566 37 30 of
768 2568 92 30 such
883 2568 209 30 assistance
1114 2568 99 30 from
1237 2570 271 37 Government,
1531 2572 41 29 at
1594 2579 75 29 any
1691 2573 83 30 rate
1797 2574 41 29 at
1859 2575 168 37 present,
2050 2582 40 23 as
2106 2576 31 29 is

163 2626 172 31 afforded
358 2629 41 29 to
421 2629 65 30 the
509 2629 174 30 National
707 2629 162 31 Theatre
891 2631 39 29 in
956 2630 155 37 France,
1133 2631 66 29 the
1222 2631 172 37 stability
1417 2631 39 31 of
1478 2641 21 21 a
1521 2634 174 30 National
1719 2634 162 32 Theatre
1904 2637 40 29 in
1967 2636 168 38 England

162 2690 104 29 must
289 2690 45 30 be
357 2691 156 30 assured
538 2692 47 36 by
608 2692 140 29 annual
772 2693 273 35 subscriptions
1069 2694 225 36 amounting
1309 2695 40 28 to
1365 2702 22 22 a
1402 2702 82 23 sum
1501 2695 196 31 sufficient
1712 2699 40 28 to
1769 2706 112 22 cover
1901 2699 67 30 the
1985 2699 151 31 natural

161 2758 194 31 expenses,
379 2753 74 29 and
477 2754 209 35 guarantee
709 2755 67 29 the
800 2754 187 30 direction
1025 2754 97 30 from
1161 2755 75 31 loss
1273 2757 73 29 and
1384 2758 66 29 the
1488 2765 182 31 company
1705 2759 98 31 from
1841 2769 21 22 a
1900 2761 176 40 calamity
2099 2763 38 30 of

158 2813 265 38 too-frequent
446 2817 398 36 occurrence,....the
868 2817 128 30 choice
1020 2818 172 30 between
1217 2817 134 38 taking
1378 2819 254 32 half-salaries
1664 2823 73 29 and
1772 2831 22 22 a
1827 2825 144 30 sudden
2005 2827 110 29 termi-

158 2876 131 29 nation
314 2876 37 30 of
371 2878 104 29 their
497 2880 288 36 engagements,
809 2880 161 35 perhaps
994 2880 37 29 in
1055 2881 66 28 the
1143 2888 93 30 very
1259 2881 138 30 middle
1420 2881 38 31 of
1479 2883 67 30 the
1569 2891 149 23 season.
1751 2890 45 25 &
1920 2892 46 26 &

155 2942 44 25 &
222 2939 48 28 As
293 2939 66 29 the
382 2940 146 35 raising
550 2939 39 31 of
610 2942 92 28 such
727 2950 22 21 a
769 2940 95 31 fund
888 2942 32 29 is
944 2942 229 38 necessarily
1196 2944 65 30 the
1284 2943 88 31 first
1394 2946 84 35 step
1500 2946 40 29 to
1566 2946 44 30 be
1633 2946 131 38 taken,
1787 2949 72 29 and
1876 2956 40 23 as
1933 2949 127 31 unless
2076 2959 40 22 sa-

154 2998 228 38 tisfactorily
406 3000 163 31 effected
593 3002 66 30 the
681 3003 147 35 project
851 3005 103 28 must
976 3002 67 32 fall
1065 3006 41 28 to
1129 3005 67 29 the
1220 3007 162 36 ground,
1406 3007 31 29 it
1460 3015 85 30 may
1579 3009 45 29 be
1657 3008 84 31 held
1776 3010 142 31 useless
1951 3013 41 29 to
2025 3014 111 29 enter

155 3061 83 29 into
261 3069 47 21 an
331 3061 244 36 explanation
599 3063 38 30 of
658 3064 66 30 the
751 3066 109 29 mode
883 3066 39 28 in
945 3066 124 29 which
1091 3067 32 29 it
1146 3067 31 30 is
1200 3069 205 35 suggested
1428 3069 67 30 the
1517 3069 93 30 fund
1634 3071 134 30 should
1787 3073 45 29 be
1848 3073 196 38 employed
2061 3076 71 29 and

156 3123 67 30 the
244 3123 152 30 theatre
420 3125 234 36 conducted;
678 3127 41 28 at
740 3127 67 29 the
830 3135 102 22 same
955 3129 93 29 time
1073 3130 31 28 it
1127 3130 32 29 is
1182 3131 157 29 obvious
1362 3131 88 29 that
1471 3132 164 29 without
1665 3141 105 23 some
1805 3134 246 33 information
2085 3146 48 22 on

158 3184 110 30 those
291 3186 169 35 subjects
482 3186 31 29 it
535 3186 123 30 would
683 3189 46 28 be
754 3187 75 31 idle
851 3189 40 29 to
914 3192 132 33 expect
1070 3199 73 29 any
1167 3200 72 22 one
1262 3193 40 29 to
1325 3193 209 30 subscribe.
1558 3193 76 31 The
1648 3194 197 39 following
1866 3200 267 36 propositions,

159 3247 228 37 embodying
408 3248 67 29 the
497 3249 184 36 principal
704 3250 126 35 points
855 3250 38 30 of
915 3252 65 29 the
1004 3253 164 35 scheme,
1193 3262 64 22 are
1279 3254 195 31 therefore
1497 3255 248 39 respectfully
1766 3259 211 31 submitted
2003 3262 40 29 to
2069 3262 66 30 the

159 3309 127 36 public
307 3309 61 30 for
390 3311 298 30 consideration.

159 3377 44 26 &
227 3372 32 29 It
282 3372 32 29 is
336 3373 204 30 estimated
563 3374 86 29 that
670 3374 66 29 the
759 3382 84 21 sum
867 3374 37 30 of
928 3376 37 30 L.
990 3384 129 29 20,000
1141 3378 124 30 would
1290 3380 46 29 be
1359 3379 125 38 amply
1505 3379 197 32 sufficient
1723 3383 40 30 to
1787 3391 113 23 cover
1921 3386 66 29 the
2013 3386 122 30 whole

159 3441 182 28 expenses
365 3434 38 30 of
425 3443 22 21 a
469 3443 135 23 season
630 3435 39 30 of
690 3436 107 36 eight
820 3438 165 36 months,
1010 3446 55 27 or,
1091 3446 103 23 more
1217 3441 154 38 strictly
1392 3441 197 39 speaking,
1611 3443 219 39 thirty-two
1863 3447 140 36 weeks,
2037 3455 75 23 com-

159 3497 174 36 mencing
355 3499 41 28 at
417 3498 67 29 the
507 3499 73 29 end
605 3498 39 30 of
666 3499 164 29 October
853 3499 72 29 and
948 3501 254 38 terminating
1225 3504 42 28 at
1288 3504 68 30 the
1379 3506 72 28 end
1476 3504 39 31 of
1537 3506 112 31 June.
1693 3506 87 32 This
1804 3509 176 30 estimate
2003 3511 32 30 is
2056 3509 60 32 for-

157 3559 83 28 med
264 3566 48 22 on
334 3560 67 29 the
425 3562 122 35 rough
570 3560 229 31 calculation
815 3562 86 29 that
915 3562 67 29 the
997 3563 98 30 total
1112 3572 162 30 average
1291 3566 101 38 daily
1403 3568 250 35 expenditure
1665 3569 124 31 would
1804 3572 68 29 not
1885 3572 135 30 exceed
2034 3573 100 30 L100

157 3627 44 22 or
223 3621 105 30 L600
350 3622 146 38 weekly
519 3624 43 37 (L
574 3624 140 37 19,300)
736 3624 40 29 at
799 3624 181 36 starting,
1001 3625 88 29 that
1110 3634 164 28 expense
1298 3629 112 37 being
1434 3630 192 39 naturally
1641 3633 164 29 reduced
1827 3633 47 38 by
1889 3634 67 30 the
1975 3635 158 36 gradual

157 3681 169 31 increase
349 3683 38 30 of
408 3692 172 31 scenery,
606 3687 163 35 dresses,
793 3686 73 29 and
891 3686 242 31 decorations
1156 3689 183 31 available
1363 3692 39 28 in
1425 3690 133 33 future
1580 3701 167 29 seasons,
1768 3694 68 30 the
1860 3695 162 36 original
2052 3699 83 30 cost

157 3752 34 29 (1)
208 3751 55 26 This
281 3755 128 28 pamphlet,
427 3756 76 25 which
529 3763 35 18 we
588 3758 91 24 believe
695 3758 50 24 will
764 3758 26 23 be
807 3758 23 23 of
853 3758 99 23 interest
978 3759 23 22 to
1023 3764 46 17 our
1093 3759 96 24 readers
1214 3761 24 22 in
1265 3762 60 23 view
1351 3762 23 22 of
1400 3763 39 23 the
1464 3764 113 29 proposed
1600 3765 182 24 establishment
1802 3767 25 22 of
1848 3772 31 18 an
1902 3767 97 29 English
2025 3767 109 27 National

156 3803 109 30 Theatre,
284 3812 50 18 was
351 3809 124 26 published
494 3809 25 24 in
537 3809 61 24 1879.
