2357 4005
2063 224 64 31 143

172 330 122 29 result
316 339 76 21 was
416 330 170 29 dreadful

238 393 38 28 In
299 393 120 34 short,
442 392 107 28 there
572 399 77 21 was
682 392 134 34 pathos
849 392 125 28 where
1007 392 110 28 there

170 453 134 29 should
329 454 92 27 have
444 454 92 27 been
560 451 188 37 laughter,
764 452 197 36 perkiness
990 453 127 28 where

174 514 109 30 there
306 513 131 31 should
456 515 93 27 have
574 514 94 28 been
691 514 170 37 timidity
884 522 41 21 or
947 515 147 28 wonder-

172 577 114 32 merit;
312 574 224 37 monkeying
558 576 126 28 where
713 577 111 28 there
857 575 133 29 should
1026 577 92 27 have

172 639 92 27 been
289 638 177 34 mystery.

171 704 44 24 &
238 699 67 27 Yet
327 699 56 27 Mr
413 699 83 27 Max
529 699 206 29 Beerbohm
769 700 72 27 and
875 700 57 27 Mr
954 697 164 30 William

172 760 141 28 Archer
336 759 98 29 liked
449 761 31 26 it
492 759 49 29 all
565 761 72 28 and
661 759 68 30 tell
754 768 42 21 us
819 761 85 28 that
917 760 90 36 they
1019 759 101 29 can't

173 829 60 21 see
278 821 82 29 how
384 821 30 29 It
448 821 107 29 could
590 822 92 28 have
718 824 91 26 been
845 822 95 29 done
983 823 137 27 better.

172 881 106 30 After
289 883 86 28 that
390 883 31 28 it
436 883 31 29 Is
483 883 119 36 really
614 885 205 27 somewhat
830 883 289 35 presumptuous

173 944 37 29 of
247 952 42 21 us
313 946 38 27 to
390 944 85 29 hold
513 952 70 28 any
619 945 166 35 opinion.

1026 945 38 32 R.
1087 946 36 28 S.

170 1009 437 36 HYSTERIA.

275 1070 63 27 the
363 1068 206 29 Afternoon
604 1068 161 29 Theatre
799 1070 169 28 Madame
1007 1070 111 35 Lydia

236 1129 237 36 Yovorskaia,
497 1129 134 29 known
650 1131 37 27 in
704 1130 147 36 private
873 1130 65 29 life
955 1139 39 20 as
1012 1131 106 28 Prin=

170 1199 79 22 cess
274 1191 257 36 Bariabinsky,
555 1192 66 29 has
639 1194 92 27 been
749 1193 215 35 appearing,
985 1199 133 28 among

170 1254 109 28 other
303 1254 110 34 roles,
437 1262 39 21 as
493 1255 22 16 44
531 1256 48 28 La
595 1255 114 28 Dame
725 1262 71 20 aux
813 1253 180 30 Camelias
1045 1254 70 27 and

172 1320 21 13 44
209 1317 125 28 Hedda

172 1386 44 23 j£?
241 1378 75 30 The
355 1380 22 15 44
391 1378 225 35 Atheneum,
639 1379 37 27 in
701 1378 153 35 writing
877 1376 36 30 of
934 1377 65 29 the
1035 1384 63 27 per-

175 1440 222 36 formances,
421 1441 187 28 describes
645 1441 68 27 her
736 1447 39 21 as
809 1440 21 15 44
845 1447 46 20 an
917 1440 142 27 actress
1083 1439 37 28 of

172 1505 23 15 44
213 1502 161 29 unusual
391 1502 204 28 emotional
885 1502 22 15 44
917 1501 73 28 She

172 1564 196 28 continues
412 1562 65 29 the
523 1562 119 35 critic,
698 1563 22 15 44
758 1562 39 28 at
842 1562 68 28 her
956 1562 81 28 best
1080 1562 37 27 in

173 1627 22 12 44
210 1625 190 35 depicting
411 1625 66 28 the
490 1632 161 21 sorrows
666 1623 37 29 of
717 1623 147 29 Dumas'
875 1622 242 30 sentimental

173 1688 21 13 44
209 1687 210 28 courtesan.
445 1688 38 26 In
508 1686 68 28 her
600 1687 167 34 capacity
789 1685 58 29 for
880 1686 238 34 abandoning

173 1750 21 14 44
210 1747 139 29 herself
363 1749 37 27 to
414 1748 64 28 the
492 1747 134 36 luxury
638 1747 37 29 of
686 1746 97 36 grief
795 1747 65 28 she
872 1747 64 28 has
950 1754 47 21 no
1011 1746 106 36 equal

173 1811 21 13 44
210 1818 46 20 on
288 1809 65 29 the
378 1809 150 35 English
551 1809 119 35 stage,
695 1808 173 36 Hysteria
891 1815 119 21 seems
1022 1809 39 26 to
1075 1808 43 28 be

173 1872 21 14 44
208 1872 65 27 the
299 1872 89 27 note
412 1870 35 28 of
471 1871 66 27 her
561 1872 71 33 art,
657 1870 67 28 but
758 1870 65 28 she
867 1869 30 28 is
932 1868 58 29 far
1021 1869 97 27 from

176 1936 22 14 44
212 1933 111 35 being
347 1934 251 27 monotonous
623 1939 40 21 or
698 1931 248 36 consistently
979 1931 121 35 lachry-

174 1996 21 12 44
210 2001 100 21 mose
429 1994 52 28 On
506 1994 64 28 the
593 1993 120 28 whole
742 1993 64 27 she
838 1993 65 27 has
933 1993 185 34 produced

172 2058 23 14 44
209 2063 20 20 a
251 2063 90 28 very
363 2055 218 28 favourable
605 2053 221 36 impression

228 2118 82 34 Yes,
323 2124 56 21 we
393 2117 45 28 do
454 2117 67 28 not
534 2116 117 28 doubt
664 2116 43 34 it;
721 2116 70 27 and
806 2116 31 27 it
850 2115 29 28 is
894 2116 78 34 just
985 2116 36 27 in
1035 2115 86 28 that

172 2178 78 28 fact
265 2178 86 29 that
367 2178 65 29 the
450 2178 105 28 harm
574 2177 80 29 lies.
673 2177 29 28 If
717 2177 109 28 these
843 2176 227 28 exhibitions
1084 2176 37 28 of

174 2240 168 36 hysteria
371 2241 71 26 and
478 2239 120 35 gloom
635 2239 69 28 had
740 2239 156 27 aroused
929 2238 192 34 contempt

172 2303 70 27 and
280 2302 228 28 detestation
548 2301 37 27 in
619 2300 65 28 the
720 2299 180 29 audience
934 2300 30 26 it
996 2298 122 29 would

175 2363 90 28 have
292 2364 91 27 been
409 2371 19 20 a
453 2361 187 29 healthier
656 2362 95 34 sign.
768 2366 43 23 JZ?
908 2366 43 23 <£?

174 2431 43 23 &
264 2423 154 30 Medical
464 2424 205 35 testimony
723 2424 65 26 has
828 2423 92 27 been
957 2421 163 35 brought

173 2486 161 28 forward
360 2486 38 27 in
422 2483 107 36 proof
552 2484 36 29 of
600 2485 64 27 the
681 2483 300 37 phsychological
1004 2482 96 29 influ-

174 2555 89 21 ence
278 2547 150 29 exerted
445 2554 96 27 upon
557 2554 46 21 an
617 2545 180 30 audience
814 2547 46 35 by
875 2545 103 28 what
995 2552 124 28 passes

175 2608 126 30 before
318 2610 49 28 its
385 2616 85 29 eyes
487 2609 36 27 in
541 2617 21 19 a
577 2608 162 34 theatre,
758 2608 69 28 and
845 2608 65 35 yet
925 2606 125 35 while,
1080 2606 37 28 in

174 2669 76 36 life,
274 2677 56 21 we
355 2670 146 34 respect
523 2669 65 28 the
612 2675 144 22 women
779 2667 83 28 who
896 2674 62 21 are
990 2674 108 21 coura-

176 2739 128 27 geous,
337 2731 82 28 who
450 2738 100 21 wear
573 2738 20 20 a
615 2738 69 28 gay
708 2728 104 30 mask
833 2728 59 29 for
914 2728 64 29 the
1002 2728 116 29 world

174 2793 191 29 whatever
388 2793 44 27 be
449 2792 102 28 their
567 2791 146 36 private
729 2798 175 26 sorrows,
919 2791 83 27 who
1027 2790 91 28 have

179 2854 71 29 self
266 2853 143 30 control
424 2855 70 26 and
508 2853 174 35 strength
708 2852 36 29 of
767 2852 75 29 will
859 2853 70 27 and
946 2859 173 28 purpose,

174 2925 54 19 we
242 2915 109 29 allow
363 2915 108 29 these
483 2914 147 37 gloomy
644 2916 70 26 and
729 2913 231 37 lachrymose
978 2912 142 30 exhibi=

172 2978 102 28 tions
299 2984 98 28 upon
422 2984 68 21 our
518 2977 115 34 stage.

172 3045 44 24 jz?
240 3039 73 29 The
339 3037 141 30 Greeks
504 3037 89 28 used
615 3039 41 26 to
678 3038 59 27 set
760 3044 47 27 up
830 3035 141 36 figures
995 3036 36 28 of
1054 3036 63 28 the

173 3102 91 35 gods
288 3101 37 27 in
348 3100 101 28 their
471 3097 126 36 public
621 3097 120 35 places
764 3105 40 21 so
827 3097 84 29 that
934 3098 66 28 the
1031 3098 87 35 boys

174 3164 70 28 and
261 3161 104 37 girls,
380 3161 137 34 having
530 3158 214 36 constantly
758 3157 126 30 before
895 3158 104 28 them
1012 3159 106 28 these

172 3233 90 22 sane
285 3225 71 28 and
382 3222 170 37 splendid
577 3220 185 35 examples
780 3220 120 36 might
915 3227 102 28 grow
1044 3219 74 29 like

173 3287 118 29 them.
324 3286 76 34 We,
435 3284 73 29 less
551 3283 91 29 wise
685 3283 92 28 than
820 3281 102 37 they,
955 3281 162 37 publicly

172 3348 143 29 exhibit
337 3346 206 34 weakness,
577 3344 122 36 gloom
724 3344 70 28 and
822 3342 178 37 hysteria,

172 3410 71 28 and
285 3409 92 29 then
416 3407 154 29 wonder
603 3407 39 27 at
673 3405 66 28 the
774 3404 166 36 hysteria
973 3403 38 28 of
1052 3405 65 28 the

171 3470 256 36 suffragettes.

1017 3465 38 28 B.
1079 3465 38 28 P.

423 3543 37 27 in
479 3541 162 29 Theatre
665 3546 42 21 or
731 3536 198 31 Cathedra?
952 3536 108 29 there
1088 3537 30 29 is

269 3613 45 20 an
340 3605 157 28 absence
521 3602 38 30 of
583 3600 77 32 Life
684 3601 37 28 in
745 3599 65 29 the
834 3598 172 29 services.

238 3668 12 27 I
274 3674 76 22 was
373 3666 37 29 in
426 3665 265 30 Westminster
707 3662 125 36 Abbey
848 3668 47 21 on
912 3659 206 30 Christmas

171 3727 213 30 afternoon.
409 3725 174 31 Handel's
606 3724 158 29 Anthem
789 3729 66 29 492
887 3729 76 21 was
994 3722 40 28 to
1074 3722 44 27 be

1182 338 109 28 sung.
1312 331 133 35 Bridge
1462 338 74 21 was
1553 332 39 27 at
1607 331 65 28 the
1689 338 130 28 organ.
1835 331 28 28 A
1879 330 248 36 wonderfully

1182 392 100 30 clear
1305 394 70 27 and
1400 393 129 36 steady
1552 392 102 37 boy's
1677 393 103 28 voice
1805 400 101 21 came
1938 392 96 28 from
2061 391 65 29 the

1183 455 115 28 choir.
1323 456 72 28 But
1417 455 232 28 enthusiasm
1668 461 42 22 or
1725 453 63 29 life
1806 454 106 29 there
1928 460 76 22 was
2017 460 109 21 none.

1182 518 12 27 1
1209 516 107 29 could
1331 518 65 27 not
1412 517 231 28 understand
1656 516 84 36 why
1755 516 32 28 it
1802 515 152 36 delayed
1969 514 157 35 coming.

1185 580 11 27 I
1220 579 135 29 waited
1380 580 71 26 and
1475 578 136 29 waited
1635 578 37 28 in
1695 578 65 28 the
1785 578 93 34 hope
1912 577 85 28 that
2025 583 101 21 some

1184 639 112 37 spark
1308 639 122 29 would
1445 641 58 28 set
1515 639 47 29 aS!
1578 648 59 27 my
1650 639 111 36 being
1774 639 129 36 aglow.
1914 638 213 35 Nothing!...

1185 701 174 29 Handel's
1382 701 161 29 Anthem
1566 709 75 21 was
1679 709 88 21 over
1799 700 163 29 without
1990 699 137 34 having

1183 771 90 21 once
1298 771 102 21 come
1422 764 41 27 to
1487 762 75 29 life.
1585 761 85 30 Still
1694 764 12 27 I
1729 763 134 28 waited
1967 763 22 14 44
2014 759 113 35 Hark,

1184 825 65 29 the
1274 825 125 29 herald
1423 824 128 36 angels
1573 824 85 35 sing
1730 831 75 21 was
1839 824 106 27 down
1981 829 46 21 on
2061 821 66 28 the

1184 887 71 35 slip
1279 886 37 30 of
1338 893 114 29 paper
1475 886 38 28 in
1536 885 103 29 front
1662 884 37 29 of
1722 893 194 19 roe......
1940 883 79 28 And
2044 890 83 21 now

1185 950 89 35 they
1297 956 62 21 are
1383 949 148 34 singing
1554 947 31 28 it
1714 954 82 21 mow
1819 945 32 28 it
1873 945 31 28 is
1928 952 88 21 over

1185 1011 174 34 Nothing!
1376 1011 50 27 No
1443 1009 248 35 enthusiasm,
1707 1016 47 20 no
1770 1006 108 37 glow,
1896 1015 45 20 no
1959 1006 62 28 life
2034 1006 38 27 in
2086 1006 41 27 it.

1181 1074 12 26 I
1221 1073 175 35 expected
1420 1072 65 28 the
1510 1072 214 33 expression
1748 1068 37 30 of
1807 1070 60 35 Joy
1889 1076 40 21 so
1962 1069 165 28 tremens

1183 1135 92 28 dous
1297 1134 85 28 that
1405 1132 217 37 everyone's
1645 1131 79 29 face
1747 1131 121 29 would
1908 1130 91 29 have
2034 1130 92 28 been

1183 1196 139 36 lighted
1348 1204 61 27 up,
1442 1194 217 37 everyone's
1693 1194 94 35 body
1824 1192 95 29 aieri
1951 1192 70 28 and
2049 1191 78 28 tin=»

1181 1258 113 35 gling,
1318 1264 110 29 every
1451 1257 102 28 voice
1569 1255 240 36 responding.
1828 1255 145 28 Instead
1990 1253 37 29 of
2050 1253 76 28 this

1320 1319 174 35 Nothing.
1578 1323 43 24 &

1182 1387 44 23 &
1251 1382 10 26 1
1288 1380 86 29 look
1397 1380 142 28 around
1565 1387 69 20 rne.
1649 1379 189 36 Everyone
1851 1377 105 29 looks
1969 1377 97 28 tired
2085 1384 42 20 or

1183 1443 149 32 sad,...
1357 1441 142 35 precise
1524 1449 41 20 or
1588 1441 175 28 dead....
1781 1448 47 19 no
1851 1447 69 20 one
1944 1439 31 28 Is
1998 1446 128 20 warm.

1251 1503 28 28 A
1303 1503 205 28 Christmas
1532 1501 98 29 carol
1653 1500 226 33 follows..,.
1902 1500 64 28 the
1996 1499 131 28 writer

1182 1563 37 30 of
1252 1566 30 27 it
1317 1565 65 28 has
1417 1564 105 28 made
1555 1562 214 36 something
1802 1570 89 26 very
1929 1560 197 36 delightful

1180 1627 119 28 which
1324 1627 64 28 the
1412 1626 249 34 interpreters
1687 1625 92 27 have
1803 1623 105 29 doled
1934 1624 66 27 out
2021 1623 40 27 to
2084 1629 42 21 us

1180 1696 39 20 as
1249 1688 130 35 people
1413 1687 83 36 give
1520 1686 233 35 halfpennies
1786 1687 40 26 to
1861 1686 168 34 beggars.
2053 1683 73 28 The

1181 1751 143 34 singers
1373 1749 161 35 dragged
1569 1747 181 35 precisely
1783 1754 40 21 as
1861 1747 124 27 actors
2024 1746 102 33 drag.

1183 1812 98 34 They
1306 1810 120 29 ladled
1457 1811 67 27 out
1557 1810 63 28 the
1654 1808 172 37 rhythms
1860 1807 75 29 like
1969 1815 19 19 a
2022 1805 104 29 thick

1180 1880 104 28 soup.

1251 1934 56 28 All
1332 1933 139 28 Handel
1495 1934 30 27 is
1549 1934 67 27 not
1639 1932 104 35 dirge
1767 1939 68 20 nor
1859 1931 30 27 is
1912 1930 48 28 all
1987 1928 116 29 Shake-

1183 2003 143 27 speare;
1350 1996 36 27 in
1410 1994 78 28 fact
1513 1994 87 28 both
1625 1994 148 28 writers
1796 2000 63 21 are
1883 1991 127 37 joyous

1184 2058 83 34 why
1289 2057 90 28 then
1404 2057 76 27 this
1503 2055 159 35 dull=joy
1685 2062 80 27 way
1789 2052 36 29 of
1848 2054 171 33 uttering
2036 2052 88 28 both

1183 2118 271 29 masters?....
1576 2121 44 24 JZ?

1252 2179 49 29 To
1325 2180 44 27 be
1393 2179 249 28 enthusiastic
1664 2184 120 21 seems
1806 2178 40 26 to
1881 2176 44 27 be
1958 2182 21 21 a
2011 2175 113 27 crime

1185 2243 36 26 in
1247 2242 232 28 London....
1501 2240 40 28 to
1566 2240 113 28 shout
1700 2236 59 30 for
1782 2238 59 35 joy
1865 2245 19 20 a
1908 2235 216 29 blunder...

1183 2305 38 26 to
1248 2304 43 27 be
1315 2302 129 28 moved
1469 2309 20 20 a
1510 2301 92 28 vice.
1639 2300 74 28 The
1738 2298 274 29 well-starched
2042 2295 81 30 soul

1184 2363 37 29 of
1243 2364 65 28 the
1331 2364 142 34 precise
1499 2362 195 29 Londoner
1716 2360 31 29 is
1771 2368 20 20 a
1814 2358 119 30 naked
1951 2359 70 27 and
2040 2358 85 27 hor=>

1183 2426 94 28 rible
1300 2425 112 35 sight.
1437 2424 75 28 One
1546 2422 143 36 prefers
1722 2422 65 28 the
1822 2428 101 21 more
1958 2421 166 27 uncouth

1181 2489 132 34 Jaeger
1337 2486 81 29 soul
1441 2485 37 29 of
1499 2485 65 28 the
1587 2485 193 28 Shaws...
1797 2502 32 9 ..
1854 2483 72 28 But
1959 2482 31 27 is
2016 2481 108 27 there

1181 2557 101 20 some
1331 2548 111 29 third
1489 2548 110 33 spirit
1634 2546 38 28 in
1708 2545 164 34 London,
1914 2543 212 33 something

1180 2611 92 27 with
1298 2609 75 31 Life
1398 2610 36 27 in
1459 2609 31 28 it
1511 2609 85 27 that
1619 2609 29 27 is
1683 2607 150 28 neither
1866 2603 155 30 mineral
2056 2610 69 21 nor

1181 2671 193 36 vegetable
1583 2670 17 27 ?
1745 2675 43 22 &
2081 2670 43 23 &

1248 2734 31 28 It
1301 2734 31 28 is
1356 2734 66 27 not
1444 2734 39 26 to
1507 2732 44 28 be
1573 2730 69 29 felt
1665 2731 36 27 in
1724 2730 65 27 the
1806 2728 179 29 Theatres
2002 2734 68 21 nor
2085 2725 38 29 in

1180 2796 65 27 the
1269 2795 200 29 Churches.
1494 2793 162 34 Perhaps
1679 2792 31 27 it
1733 2792 29 27 is
1787 2790 187 34 cowering
1996 2788 38 28 in
2058 2787 66 28 the

1181 2856 136 34 Slums,
1498 2854 59 29 for
1581 2853 150 30 London
1756 2854 31 27 is
1810 2858 103 22 more
1943 2849 181 37 Tyrannic

1181 2918 56 29 cal
1260 2919 92 27 than
1379 2917 47 28 all
1450 2917 66 27 the
1534 2916 141 28 Caesars
1692 2915 70 27 and
1780 2913 116 34 Popes
1913 2911 37 30 of
1966 2910 93 37 Italy

1181 2981 71 27 and
1277 2988 47 20 no
1348 2986 115 21 warm
1487 2985 69 21 sun
1581 2984 122 21 comes
1735 2974 165 35 through
1934 2974 64 28 the
2030 2974 70 27 win-

1181 3044 100 27 dows
1305 3042 39 27 at
1367 3039 276 30 Westminster.

2031 3035 39 29 G.
2096 3036 25 28 N

1191 3121 255 34 WOMEN
1485 3120 75 31 IN
1604 3118 128 31 THE
1778 3115 343 37 THEATRE.

1181 3196 105 63 ''jphe
1310 3196 79 29 talk
1411 3195 137 29 turned
1571 3194 67 29 the
1662 3193 109 28 other
1787 3193 69 36 day
1873 3200 96 27 upon
1984 3193 120 27 actres-

1242 3267 57 21 ses
1324 3258 69 29 and
1418 3258 82 27 how
1525 3257 30 27 it
1578 3256 119 35 might
1713 3262 103 22 come
1832 3255 39 27 to
1887 3261 84 28 pass
1987 3260 137 22 sooner

1182 3329 43 21 or
1247 3320 96 28 later
1365 3319 85 28 that
1472 3324 143 22 women
1639 3315 122 30 would
1785 3324 47 20 no
1856 3315 131 35 longer
2001 3314 78 29 find
2095 3315 29 27 it

1180 3381 229 30 convenient
1423 3381 40 28 to
1480 3380 115 27 waste
1618 3378 227 29 themselves
1862 3385 46 20 on
1924 3377 64 28 the
2005 3378 117 33 stage.

1249 3442 288 36 Somebody,...
1560 3441 71 27 and
1655 3440 31 28 it
1717 3447 75 21 was
1828 3438 132 28 indeed
1998 3438 101 28 Some-

1181 3506 94 37 body
1288 3524 56 10 ...
1367 3505 92 34 said,
1615 3502 112 34 Stage
1740 3500 122 30 would
1886 3500 45 28 be
1943 3506 90 28 very
2046 3498 76 29 dull

1179 3567 166 29 without
1367 3572 145 23 women
1535 3572 47 21 on
1605 3564 65 28 the
1693 3563 132 28 boards
1839 3561 21 13 99
1884 3560 57 37 (i).

1247 3629 33 28 It
1301 3636 75 21 was
1400 3635 21 21 a
1444 3626 83 36 lady
1550 3626 82 28 who
1655 3624 78 29 said
1755 3624 98 32 this;
1868 3622 65 29 she
1950 3622 31 29 is
1999 3630 20 20 a
2034 3629 90 29 very

1180 3689 20 27 1)
1219 3688 22 23 Is
1259 3689 39 22 the
1503 3687 38 21 the
1557 3685 130 23 actresses'
1708 3684 87 28 protest
1813 3683 94 27 against
1931 3682 96 23 dulness
2045 3682 23 23 in
2086 3683 38 22 the

1178 3730 102 27 (theatre
1294 3729 23 22 of
1334 3729 38 23 the
1388 3728 110 23 Ancients
1508 3727 11 23 ?
1537 3727 40 23 Ed.
