2703 4004
2075 220 64 38 127

2317 1597 144 39 Thirty
2483 1597 69 31 six

2186 1667 158 23 scenes.
2508 1667 44 24 &

2271 3564 259 42 Kleopatra's

2163 3627 159 36 palace.
2358 3635 44 24 &

184 344 214 68 THE
457 344 845 76 ARCHITECTURE
1358 344 219 66 AND
1635 343 501 64 COSTUME

184 435 130 66 OF
419 435 439 66 ANTONY
962 435 219 64 AND
1287 433 643 74 CLEOPATRA

2028 439 14 76 by
2049 439 14 76 E.
2070 439 13 76 W.
2090 439 47 76 Godwin.

1055 531 84 84 (!)

179 661 106 63 'jphe
310 663 112 32 Rome
445 661 38 30 of
504 661 65 30 the
592 663 92 28 time
707 661 38 30 of
767 663 149 35 Antony
938 661 123 30 would
1085 663 45 28 be
1154 662 36 29 in
1214 670 113 29 every
1341 664 149 34 respect
1506 663 109 29 much
1637 662 66 30 the
1725 670 101 22 same
1849 670 40 21 as
1922 662 65 30 the
2022 663 111 33 Rome

240 725 37 29 of
298 724 123 30 Julius
445 724 136 29 Caesar.
606 724 74 29 The
703 723 206 30 difference
932 724 38 29 fn
995 724 86 29 date
1105 725 170 30 between
1298 725 66 29 the
1387 726 75 28 two
1478 725 135 29 stories
1630 725 31 28 is
1677 723 86 37 only
1777 733 20 20 a
1809 732 89 29 very
1914 724 71 30 few
2010 732 123 29 years.

177 787 134 29 Indeed
335 786 150 37 Antony
507 786 72 30 and
605 785 197 37 Cleopatra
825 794 84 29 may
931 787 45 29 be
998 786 117 30 taken
1139 795 40 21 as
1202 796 21 21 a
1246 788 261 29 continuation
1531 786 38 30 of
1590 786 124 30 Julius
1737 788 137 29 Caesar.

244 848 75 30 The
355 848 115 30 latter
506 848 85 37 play
627 850 119 29 ended
783 849 92 30 with
911 849 65 29 the
1011 848 65 31 fall
1114 848 36 31 of
1187 851 139 28 Brutus
1369 850 40 29 at
1440 849 67 29 the
1542 848 119 30 battle
1695 848 37 30 of
1763 849 171 36 Philippi,
1959 851 39 28 B.
2013 851 39 29 C.
2076 857 56 28 42.

175 910 74 30 The
286 912 109 28 other
429 912 159 35 tragedy
625 912 131 36 begins
788 912 92 28 with
916 911 65 29 the
1019 911 113 30 death
1169 911 39 30 of
1244 911 140 37 Fulvia,
1421 912 39 28 B.
1475 912 39 29 C.
1548 917 56 29 40,
1628 912 72 28 and
1724 911 200 30 concludes
1952 912 91 29 with
2067 913 64 28 the

173 973 112 29 death
310 972 37 30 of
370 972 198 37 Kleopatra
592 974 37 28 B.
644 974 38 30 C.
706 981 56 28 30.
786 972 75 30 The
884 972 74 31 last
980 973 38 30 of
1043 974 65 29 the
1133 973 214 37 Ptolemies,
1369 973 214 36 passionate
1609 972 72 30 and
1709 973 137 29 animal
1877 981 39 21 as
1945 974 66 30 she
2041 982 90 27 was,

172 1042 121 22 seems
315 1036 40 28 to
378 1035 94 30 have
496 1037 94 28 been
614 1044 47 21 no
684 1043 120 22 worse
828 1036 91 29 than
943 1044 99 21 were
1067 1044 110 28 many
1200 1037 185 28 members
1409 1034 38 30 of
1470 1035 68 29 her
1561 1035 273 35 distinguished
1857 1034 128 38 family
2003 1035 127 30 before

173 1097 80 29 her.
298 1097 74 29 The
406 1097 209 36 legitimate
646 1098 160 36 dynasty
830 1099 150 28 became
1005 1099 143 28 extinct
1171 1106 47 21 on
1241 1098 64 29 the
1329 1098 112 28 death
1466 1096 37 30 of
1526 1096 169 37 Ptolemy
1725 1096 209 31 Alexander
1971 1099 42 28 II.
2058 1098 72 29 But

171 1158 209 30 Alexander
402 1160 70 28 had
496 1168 21 20 a
541 1159 150 30 natural
716 1160 155 30 brother
873 1167 113 22 —one
1011 1160 197 36 Dionysius
1231 1159 151 29 Auletes
1386 1159 136 34 —who,
1545 1157 100 30 after
1667 1159 110 28 much
1793 1159 164 36 trouble,
1973 1160 155 29 secured

169 1220 59 29 for
252 1221 148 30 himself
421 1221 65 30 the
508 1222 138 29 throne
670 1221 37 30 of
730 1222 131 37 Egypt,
885 1222 150 36 leaving
1056 1223 32 28 it
1110 1223 39 28 to
1173 1222 57 29 his
1253 1221 119 29 eldest
1395 1221 98 29 child
1497 1220 105 29 —the
1628 1220 197 36 Kleopatra
1848 1220 38 30 of
1907 1222 65 29 the
1999 1223 129 28 drama

169 1284 124 29 —who
316 1292 76 21 was
417 1286 93 27 born
536 1286 38 27 B.
588 1285 39 29 C.
650 1284 56 29 68.
730 1284 119 30 There
873 1285 70 28 had
963 1285 93 28 been
1074 1283 151 36 already
1246 1282 87 30 four
1355 1284 241 35 generations
1620 1281 38 31 of
1681 1282 228 36 Kleopatras.
1938 1283 76 30 The
2041 1283 87 30 first

169 1353 75 21 was
268 1354 19 21 a
309 1347 134 35 Syrian
466 1347 180 36 princess,
668 1348 84 28 who
775 1355 76 21 was
873 1347 162 28 married
1060 1347 40 27 to
1123 1345 170 36 Ptolemy
1317 1345 221 36 Epiphanes,
1561 1345 72 29 and
1649 1345 83 29 who
1750 1346 89 28 bore
1856 1346 75 28 him
1948 1347 75 27 two
2039 1353 88 21 sons

169 1407 71 29 and
263 1409 77 28 two
364 1409 219 36 daughters,
607 1409 90 29 both
721 1407 37 30 of
780 1409 65 29 the
868 1408 117 29 latter
1008 1408 111 35 being
1142 1407 133 29 named
1300 1406 99 30 after
1420 1407 102 29 their
1545 1407 160 28 mother.
1729 1407 77 28 One
1830 1406 38 29 of
1895 1407 108 30 these
2036 1407 90 36 girls

167 1477 77 22 was
266 1470 114 30 taken
404 1472 40 28 to
467 1470 85 30 wife
576 1472 47 35 by
646 1471 67 29 her
736 1471 176 28 brothers
935 1470 38 28 in
996 1469 226 36 succession,
1246 1468 71 29 and
1341 1468 71 29 had
1437 1477 21 20 a
1479 1468 129 37 family
1631 1469 47 37 by
1700 1468 103 36 each,
1826 1469 65 29 the
1915 1469 121 29 eldest
2058 1477 67 21 son

167 1531 38 29 of
226 1533 65 27 the
312 1533 186 36 youngest
521 1533 155 28 brother
700 1533 110 34 being
833 1531 170 37 Ptolemy
1025 1533 111 27 Soter
1159 1531 57 35 II.,
1237 1531 66 28 the
1327 1529 247 37 grandfather
1596 1529 38 30 of
1656 1538 70 21 our
1749 1529 211 37 Kleopatra.
2081 1537 44 24 JZ?

165 1599 44 24 &
233 1594 40 27 In
296 1594 64 28 the
383 1595 158 35 tragedy
564 1594 128 29 before
716 1601 43 22 us
782 1602 55 21 we
861 1594 93 29 have
992 1601 47 21 no
1076 1592 71 31 less
1171 1594 92 28 than
1286 1592 196 36 thirty=six
1505 1600 141 21 scenes.
1691 1591 44 30 Of
1756 1593 107 28 these
1886 1592 238 37 twenty=five

164 1663 64 21 are
252 1655 282 36 architectural,
557 1656 195 35 including
774 1656 65 30 the
863 1664 69 21 one
956 1663 46 22 on
1037 1656 115 29 board
1190 1654 193 37 Pompey's
1420 1654 134 37 galley,
1590 1654 121 29 which
1749 1654 153 37 belongs
1938 1656 40 28 to
2016 1654 108 30 naval

163 1717 269 30 architecture.
477 1717 75 30 The
575 1719 111 28 other
709 1718 252 36 twenty=four
984 1725 64 22 are
1072 1717 147 30 divided
1244 1717 172 29 between
1440 1715 238 37 Alexandria,
1703 1717 127 36 Rome,
1853 1718 175 36 Messina,
2051 1718 72 29 and

162 1779 155 35 Athens,
341 1787 44 21 or
405 1780 65 29 the
494 1780 211 34 respective
727 1780 215 29 residences
965 1778 38 30 of
1027 1778 212 36 Kleopatra,
1263 1779 159 35 Caeesar,
1446 1778 210 36 Pompeius,
1680 1779 71 28 and
1775 1779 199 35 Antonius,
1992 1780 67 28 but
2076 1780 47 35 by

160 1840 58 29 far
240 1841 66 29 the
331 1843 99 28 most
451 1842 210 35 important
684 1841 36 30 of
742 1842 108 29 these
873 1849 65 21 are
960 1842 108 29 those
1091 1841 122 29 which
1239 1840 136 36 belong
1396 1841 40 28 to
1458 1841 66 28 the
1548 1841 84 35 City
1669 1839 37 30 of
1733 1841 64 28 the
1832 1840 214 30 Ptolemies.
2091 1842 32 28 It

160 1903 32 28 is
216 1905 89 28 next
327 1905 40 28 to
391 1904 216 36 impossible
632 1905 38 29 to
693 1905 137 28 reduce
854 1905 77 28 this
954 1904 85 36 play
1061 1905 40 28 to
1124 1905 61 28 set
1206 1910 144 28 scenes,
1373 1902 60 29 for
1455 1903 65 28 the
1544 1903 140 28 unities
1717 1901 38 30 of
1785 1903 93 29 time
1912 1903 72 29 and
2018 1902 102 36 place

160 1973 63 21 are
247 1966 104 35 quite
374 1966 243 36 disregarded
642 1968 47 35 by
710 1967 65 28 the
799 1967 149 28 author.
979 1968 40 26 In
1035 1966 66 29 the
1123 1964 88 30 first
1233 1966 72 28 and
1329 1964 73 30 last
1423 1964 89 30 Acts
1536 1973 20 21 a
1578 1972 91 29 very
1691 1964 117 36 slight
1830 1965 142 36 change
1996 1965 123 30 would

159 2027 133 29 enable
317 2035 42 22 us
382 2029 39 28 to
446 2029 110 35 bring
579 2028 107 29 these
710 2030 81 28 into
814 2030 76 27 two
913 2035 143 27 scenes,
1080 2027 28 29 if
1128 2027 66 29 the
1216 2026 130 30 fourth
1369 2028 117 28 Scene
1510 2027 38 29 of
1569 2027 66 29 the
1656 2026 88 30 first
1767 2025 69 31 Act
1856 2034 100 22 were
1973 2028 144 28 carried

157 2096 46 21 on
227 2090 40 27 to
291 2090 65 29 the
381 2090 137 29 second
542 2089 69 30 Act
635 2091 71 28 and
730 2090 66 29 the
818 2089 89 30 first
928 2091 116 28 Scene
1069 2089 37 29 of
1127 2089 65 29 the
1214 2088 88 29 fifth
1326 2088 70 29 Act
1418 2089 173 35 omitted,
1615 2089 68 28 but
1704 2089 65 29 the
1792 2089 137 29 second
1953 2088 70 30 Act
2039 2097 79 22 car=

154 2151 76 29 ries
254 2158 44 22 us
321 2152 38 28 in
383 2159 114 22 seven
520 2159 133 23 scenes
675 2151 98 30 from
798 2152 194 37 Pompey's
1016 2152 115 28 house
1155 2151 39 29 at
1216 2151 164 29 Messina
1401 2152 40 27 to
1464 2150 66 30 the
1554 2150 115 30 house
1692 2149 38 30 of
1752 2150 160 36 Tepidus
1935 2152 40 28 at
1991 2152 125 34 Rome,

153 2213 139 29 thence
317 2213 80 29 into
425 2213 156 29 Caesar's
604 2214 141 35 palace,
782 2215 137 28 thence
952 2214 82 28 into
1070 2214 65 28 the
1173 2214 141 28 streets
1350 2212 38 29 of
1418 2213 127 35 Rome,
1581 2213 136 28 thence
1750 2214 40 27 to
1823 2213 65 29 the
1921 2213 126 35 palace
2077 2215 40 27 at

155 2274 238 38 Alexandria,
416 2276 138 29 thence
579 2277 40 28 to
643 2277 201 35 Misenum,
868 2276 72 29 and
963 2274 133 37 finally
1119 2274 123 30 leaves
1266 2282 42 21 us
1330 2274 161 36 floating
1514 2282 48 21 on
1583 2274 66 29 the
1672 2282 75 21 sea.
1770 2275 39 28 In
1833 2275 65 29 the
1919 2276 104 28 third
2047 2277 69 27 Act

153 2336 145 37 (eleven
320 2338 146 35 scenes)
489 2345 56 22 we
569 2345 63 22 are
656 2338 38 28 in
719 2336 238 37 Alexandria,
983 2338 112 31 Rome
1119 2338 71 27 and
1214 2335 167 36 Athens;
1406 2343 83 22 now
1512 2343 47 22 on
1583 2336 64 29 the
1670 2335 121 36 plains
1822 2336 36 29 of
1889 2338 120 35 Syria,
2043 2338 71 28 and

153 2406 84 22 now
261 2406 48 22 on
332 2399 67 29 the
421 2401 247 35 promontory
691 2399 38 30 of
751 2400 162 29 Actium.
938 2399 39 28 In
1001 2399 66 29 the
1090 2397 130 30 fourth
1244 2397 70 30 Act
1336 2397 38 30 of
1395 2398 169 29 thirteen
1587 2405 130 22 scenes
1744 2406 56 21 we
1834 2406 64 21 are
1933 2399 183 36 certainly

151 2460 174 30 confined
349 2462 40 28 to
414 2460 224 30 Alexandria
660 2462 72 28 and
757 2462 49 28 its
831 2460 324 37 neighbourhood,
1178 2460 69 28 but
1268 2467 56 21 we
1348 2467 63 21 are
1435 2459 237 37 perpetually
1705 2461 131 28 moved
1871 2462 116 28 about
2016 2460 99 30 from

150 2523 66 28 the
239 2523 121 28 inside
385 2522 38 30 of
444 2523 66 29 the
533 2522 126 36 palace
682 2524 40 28 to
745 2524 66 28 the
835 2524 162 34 outside,
1019 2521 98 29 from
1140 2521 134 30 within
1297 2523 40 27 to
1361 2522 163 28 without
1545 2521 66 29 the
1636 2521 118 35 walls,
1776 2522 97 28 from
1906 2530 69 22 one
2010 2530 104 27 camp

151 2586 41 27 to
215 2584 65 29 the
304 2585 124 35 other,
452 2584 97 30 until
573 2593 56 21 we
654 2592 63 22 are
741 2585 166 36 brought
929 2586 40 28 to
992 2585 80 28 rest
1094 2585 39 28 in
1155 2584 86 29 that
1263 2582 236 30 remarkable
1523 2591 151 22 scene—
1676 2585 23 14 44
1712 2584 66 29 the
2101 2585 12 28 I

153 2653 62 23 see
240 2654 47 22 no
310 2655 135 21 reason
468 2648 86 36 why
576 2648 66 29 the
662 2655 112 22 scene
799 2648 38 28 in
860 2647 65 29 the
950 2647 116 29 house
1091 2645 38 29 of
1151 2646 160 35 Lepidus
1335 2646 84 36 (Act
1441 2646 52 35 ii.,
1515 2646 119 29 Scene
1656 2646 36 36 2)
1714 2645 133 29 should
1872 2647 67 27 not
1962 2648 44 28 be
2039 2646 74 29 laid

150 2709 37 28 in
212 2717 21 20 a
256 2708 122 30 lesche
401 2717 43 21 or
468 2710 122 29 under
613 2717 21 21 a
658 2709 207 30 colonnade
887 2708 130 30 before
1042 2707 157 31 Caesar's
1222 2708 130 36 house,
1376 2708 72 29 and
1472 2708 89 29 thus
1593 2715 108 23 serve
1735 2708 77 29 also
1846 2707 61 30 for
1938 2708 66 29 the
2036 2709 76 28 two

149 2778 131 22 scenes
303 2771 123 29 which
449 2771 127 30 follow
599 2772 43 29 it.
666 2771 151 34 Indeed,
841 2771 47 36 by
911 2771 65 29 the
1000 2771 167 29 exercise
1191 2768 37 31 of
1249 2777 105 22 some
1378 2768 101 31 little
1502 2770 165 35 thought
1688 2771 73 28 and
1785 2777 98 29 care,
1905 2770 65 29 the
1992 2769 120 30 whole

152 2833 161 29 number
335 2832 37 30 of
394 2834 64 29 the
482 2833 271 30 architectural
776 2841 131 22 scenes
931 2841 85 28 may
1038 2833 44 28 be
1105 2830 111 38 fairly
1239 2832 177 35 reduced,
1433 2832 72 28 and
1520 2832 30 28 it
1563 2832 31 28 is
1610 2831 163 36 possible
1788 2831 165 29 without
1967 2832 145 28 serious

150 2894 215 29 mutilation
390 2896 39 28 to
452 2897 160 33 prevent
633 2903 105 21 some
762 2894 37 30 of
821 2895 67 29 the
912 2895 137 35 abrupt
1074 2894 175 36 changes,
1272 2901 40 22 as
1335 2893 60 30 for
1416 2893 167 35 example
1607 2893 86 30 that
1725 2893 164 35 brought
1922 2894 116 28 about
2065 2894 46 35 by

146 2956 68 28 the
237 2956 260 29 introduction
521 2956 38 30 of
579 2957 226 30 Alexandria
827 2957 39 28 in
889 2957 66 29 the
978 2955 89 30 fifth
1089 2957 119 28 Scene
1232 2955 38 30 of
1301 2957 67 28 the
1400 2957 138 28 second
1572 2956 81 35 Act;
1686 2954 60 30 for
1777 2956 110 29 there
1921 2956 87 28 does
2044 2957 66 28 not

148 3018 109 35 exist,
280 3025 41 21 as
343 3018 32 28 it
397 3025 120 22 seems
540 3020 40 27 to
604 3026 73 29 me,
700 3027 72 29 any
795 3020 108 35 great
926 3018 169 30 obstacle
1117 3019 42 28 to
1182 3018 76 28 this
1281 3025 112 22 scene
1416 3017 166 36 forming
1604 3018 85 35 part
1712 3016 38 30 of
1771 3017 65 29 the
1858 3017 102 29 third
1983 3018 39 28 in
2045 3017 65 29 the

146 3079 104 29 third
274 3078 83 30 Act.
401 3079 11 29 1
437 3081 140 28 cannot
599 3082 40 27 at
660 3081 157 35 present
839 3088 63 21 see
925 3081 86 28 that
1034 3088 55 21 we
1115 3087 68 22 can
1215 3080 46 29 do
1294 3079 93 29 with
1421 3078 72 30 less
1526 3078 270 30 architectural
1829 3085 157 30 scenery
2018 3079 93 29 than

146 3140 86 30 that
253 3142 60 28 set
335 3142 109 28 down
468 3142 38 28 in
529 3142 65 28 the
617 3140 197 37 following
836 3141 77 37 list,
938 3142 127 29 unless
1087 3142 65 29 the
1175 3149 130 22 scenes
1328 3142 40 28 at
1390 3142 144 29 Athens
1557 3142 72 28 and
1658 3141 162 29 Messina
1852 3147 65 23 are
1951 3141 159 29 omitted

146 3202 280 36 altogether;—
634 3211 27 21 1.
686 3203 74 29 The
784 3202 126 36 palace
933 3205 41 28 at
995 3203 225 31 Alexandria
1221 3204 216 29 —interior.

638 3272 34 23 2.
696 3266 30 28 A
748 3267 223 28 monument
994 3267 40 28 at
1056 3265 239 30 Alexandria.

639 3334 32 28 3.
697 3326 156 30 Caesar's
875 3327 117 30 house
1014 3329 42 29 at
1079 3328 177 33 Rome—a
1280 3328 124 30 Iesche
1427 3334 43 22 or
1493 3326 217 32 colonnade.

636 3396 34 28 4.
694 3389 183 36 Antony's
902 3389 115 30 house
1040 3392 41 28 at
1102 3389 361 31 Athens—interior.

636 3458 34 27 5.
695 3450 196 37 Pompey's
913 3451 117 30 house
1053 3453 41 28 at
1115 3452 380 30 Messina—interior.

142 3518 44 26 &
210 3513 43 29 Of
277 3514 64 29 the
364 3514 164 29 interior
551 3512 38 30 of
612 3511 234 36 Kleopatra's
869 3512 126 35 palace
1016 3513 66 30 the
1104 3514 86 37 play
1225 3514 176 35 presents
1437 3521 44 21 us
1517 3513 92 29 with
1648 3520 46 22 no
1731 3512 75 30 less
1841 3512 93 30 than
1968 3511 134 31 twelve

139 3583 141 27 scenes,
305 3576 73 29 and
401 3575 93 30 with
517 3582 71 23 one
611 3573 74 30 laid
710 3574 148 29 outside
882 3582 43 21 or
948 3574 127 31 before
1099 3576 65 29 the
1187 3576 127 35 palace
1338 3575 85 38 (Act
1444 3576 49 30 iv.
1515 3576 58 29 Sc.
1599 3575 48 37 3),
1660 3575 69 29 but
1741 3574 48 30 all
1802 3574 168 29 thirteen
1994 3574 108 29 could

137 3637 225 37 reasonably
385 3645 85 28 pass
492 3638 39 28 in
555 3645 70 22 one
649 3636 75 30 hall
748 3635 28 30 if
799 3637 193 28 attention
1015 3645 76 21 was
1115 3639 109 34 given
1248 3639 40 28 to
1312 3638 64 29 the
1400 3637 182 36 planning
1595 3637 37 29 of
1644 3638 43 28 it.
1711 3636 74 30 The
1801 3638 163 28 remains
1988 3634 37 31 of
2037 3636 65 29 the

138 3699 164 35 temples
324 3701 40 28 at
386 3699 129 35 Philae,
539 3699 187 35 Dendera,
749 3699 76 29 and
850 3697 215 37 Kalabsche,
1087 3700 67 29 the
1176 3699 93 30 relic
1292 3699 37 30 of
1350 3700 66 29 the
1439 3699 127 35 palace
1589 3700 40 28 at
1655 3699 167 29 Medinet
1856 3699 140 35 Habou,
2030 3699 72 29 and

140 3770 36 28 (1)
194 3770 125 28 Reprinted
339 3771 29 27 by
378 3771 139 27 permission
535 3771 60 24 from
613 3770 38 25 the
662 3770 125 27 Architect,
799 3769 63 24 1875.
