2761 4071
602 248 63 34 132

841 366 200 47 THE
1105 366 351 48 STAGE
1525 366 812 53 COUNTRYMAN

2080 550 43 62 jf
2150 562 21 21 a
2199 554 118 32 select
2352 559 217 31 committee

2108 622 99 24 were
2229 619 201 35 appointed
2448 622 40 29 to
2511 622 39 30 in-

2076 678 106 35 quire
2206 680 81 31 into
2314 682 66 30 the
2405 685 100 29 state
2531 684 38 31 of

2077 739 65 30 the
2185 743 104 29 rural
2333 745 235 36 population,

2076 802 71 29 and
2165 811 21 20 a
2199 804 107 38 stage
2319 808 249 37 countryman

2076 873 99 22 were
2211 867 40 29 to
2290 868 45 28 be
2373 870 195 29 examined

2076 929 93 30 with
2186 930 65 30 the
2266 931 95 29 view
2378 931 39 29 of
2436 931 116 30 collec-

2076 993 83 36 ting
2171 991 96 31 facts
2281 992 163 38 relating
2457 995 39 28 to
2506 994 65 29 the

2076 1056 121 29 rustic
2213 1056 212 36 character,
2437 1056 66 29 the
2516 1064 38 22 se-

2078 1117 74 30 lect
2192 1120 218 28 committee
2447 1117 124 31 would

2077 1184 45 28 be
2166 1183 123 36 sorely
2331 1182 155 37 puzzled
2531 1183 40 28 to

2078 1245 111 30 know
2212 1245 104 29 what
2338 1245 40 29 to
2402 1244 109 29 make
2534 1242 38 31 of

2077 1309 43 29 it.
2356 1312 44 24 £>
2526 1312 44 24 •£?

2077 1376 44 24 &
2146 1371 37 28 In
2200 1369 67 30 the
2283 1368 88 31 first
2384 1367 104 37 place
2504 1367 66 30 the

2077 1434 170 29 costume
2291 1430 38 31 of
2364 1431 65 28 the
2464 1430 106 35 stage

2077 1497 249 36 countryman
2340 1494 31 29 is
2385 1493 185 36 arranged

2077 1559 92 29 with
2194 1566 47 20 an
2265 1565 68 28 eye
2356 1558 40 28 to
2413 1556 65 30 the
2495 1556 57 36 pic-

602 1623 181 34 turesque
808 1620 132 29 rather
961 1620 93 29 than
1079 1620 67 29 the
1169 1618 193 36 practical.
1408 1620 51 29 He
1482 1620 214 37 frequently
1718 1628 121 23 wears
1855 1630 21 21 a
1912 1629 90 30 very
2039 1621 97 37 light
2157 1620 176 38 sky-blue
2363 1620 98 35 coat,
2477 1619 93 30 with

602 1693 21 20 a
646 1684 198 29 waistcoat
867 1682 37 30 of
927 1682 64 30 the
1016 1684 132 35 gayest
1171 1682 140 36 chintz,
1334 1690 40 22 as
1397 1681 29 29 if
1448 1683 203 37 somebody
1675 1684 71 29 had
1770 1684 110 36 given
1905 1684 75 29 him
2006 1693 21 20 a
2049 1684 161 29 window
2234 1683 163 36 curtain,
2421 1682 71 30 and
2524 1682 45 29 he

603 1746 71 29 had
696 1747 94 27 been
813 1745 125 31 seized
961 1744 93 29 with
1078 1744 65 29 the
1165 1741 208 33 heureuse
1396 1742 94 32 idee
1514 1744 38 30 of
1574 1746 139 35 having
1736 1754 20 20 a
1778 1747 84 28 vest
1886 1747 107 29 made
2017 1747 67 28 out
2100 1745 38 29 of
2153 1746 43 29 it.
2222 1747 51 27 He
2290 1746 66 28 has
2373 1743 95 31 dark
2485 1743 85 30 blue

602 1807 209 36 stockings,
833 1807 122 29 which
979 1814 63 21 are
1067 1807 106 28 made
1199 1805 38 30 of
1258 1805 73 30 silk
1354 1806 28 29 if
1405 1807 44 28 he
1474 1807 31 29 is
1528 1807 66 29 the
1617 1805 98 32 first
1738 1809 263 35 countrjmian,
2025 1809 69 28 but
2117 1815 63 22 are
2204 1807 209 36 ordinarily
2430 1806 36 29 of
2483 1813 90 29 grey

602 1870 165 29 worsted
791 1868 28 30 if
842 1869 46 29 he
912 1868 33 29 Is
967 1867 88 38 only
1078 1875 70 22 one
1173 1867 36 30 of
1232 1876 21 21 a
1277 1869 110 36 party
1409 1868 39 29 of
1468 1870 140 28 rustics
1632 1870 150 35 getting
1805 1870 37 28 in
1867 1870 65 28 the
1957 1870 153 30 harvest
2134 1877 42 22 or
2201 1870 181 35 assisting
2405 1870 41 28 at
2468 1876 21 21 a
2504 1867 52 31 vil-

602 1931 83 37 lage
708 1930 164 31 festival.
917 1931 52 36 By
991 1930 65 30 the
1079 1938 95 29 way,
1197 1931 66 28 the
1287 1931 186 29 dramatic
1496 1932 107 28 mode
1628 1931 37 29 of
1688 1933 149 35 getting
1860 1933 38 27 in
1922 1933 66 28 the
2012 1932 154 30 harvest
2189 1933 160 29 consists
2372 1932 39 28 in
2427 1931 147 36 tossing

602 1995 117 29 about
742 2002 21 21 a
785 1995 104 28 truss
913 1992 38 30 of
973 1994 116 28 straw
1112 1994 92 28 with
1228 1994 179 36 property
1429 1993 111 30 rakes
1564 1995 40 28 at
1626 1995 65 28 the
1722 1994 95 29 back
1854 1994 37 30 of
1927 1995 65 29 the
2029 1995 121 36 stage,
2186 1995 72 29 and
2297 1995 91 29 then
2427 1994 148 35 coming

601 2057 166 30 forward
790 2057 40 28 to
855 2056 64 29 the
942 2055 107 30 front
1071 2057 41 28 to
1135 2056 85 36 sing
1243 2064 21 20 a
1288 2056 150 30 chorus.
1483 2055 142 38 Village
1648 2055 203 31 festivities
1867 2064 63 22 are
1948 2056 76 30 also
2043 2057 36 30 of
2093 2066 20 20 a
2129 2065 91 29 very
2236 2057 88 29 mild
2342 2057 233 35 description

603 2120 37 28 in
664 2119 103 29 their
789 2117 201 31 theatrical
1012 2117 112 35 form,
1147 2119 73 28 and
1245 2119 185 35 comprise
1454 2117 100 31 little
1578 2126 104 22 more
1705 2119 92 29 than
1841 2119 65 29 the
1930 2119 135 37 luxury
2089 2119 38 29 of
2150 2120 135 35 sitting
2319 2127 46 21 on
2400 2128 21 19 a
2455 2118 119 30 bench

603 2182 149 29 outside
776 2189 47 22 an
848 2180 177 31 alehouse
1050 2181 105 36 door,
1178 2180 155 37 holding
1355 2181 38 28 in
1418 2189 70 21 one
1513 2181 98 29 hand
1636 2190 21 21 a
1679 2182 57 29 tin
1761 2189 69 28 cup
1863 2181 104 30 filled
2006 2190 48 28 up
2091 2182 117 31 above
2244 2181 65 30 the
2347 2182 96 29 brim
2480 2181 93 30 with

604 2243 110 37 wool,
736 2244 124 29 which
884 2244 31 29 is
939 2242 249 39 occasionally
1210 2243 124 30 raised
1358 2244 40 28 to
1423 2244 65 29 the
1531 2243 84 37 lips,
1651 2244 38 29 in
1728 2245 228 29 accordance
1993 2244 91 29 with
2122 2252 101 22 some
2262 2243 313 38 complimentary

604 2306 161 30 allusion
789 2308 39 28 to
852 2307 98 29 John
976 2305 226 38 Barleycorn

672 2369 50 30 To
745 2371 151 33 return,
920 2369 187 37 however,
1129 2370 40 29 to
1192 2369 65 30 the
1281 2371 170 28 costume
1475 2368 37 30 of
1535 2369 64 29 the
1623 2369 106 36 stage
1754 2371 262 35 countryman.
2060 2369 75 30 The
2157 2369 218 30 remainder
2403 2370 30 29 is
2467 2370 108 29 made

606 2440 48 28 up
678 2432 38 30 of
738 2441 21 20 a
782 2432 66 30 red
873 2432 73 35 wig
970 2432 72 29 and
1068 2440 20 21 a
1112 2430 145 32 hooked
1281 2431 111 37 stick,
1416 2432 92 29 with
1533 2440 21 21 a
1576 2431 108 30 small
1708 2432 140 29 bundle
1870 2430 113 38 slung
2006 2439 127 23 across
2169 2432 44 36 it,
2251 2432 72 29 and
2362 2440 20 21 a
2419 2432 83 35 pair
2539 2432 38 30 of

606 2495 327 35 dancing-pumps,
955 2495 39 28 in
1018 2494 122 30 which
1165 2495 45 28 he
1234 2495 31 29 is
1289 2493 138 38 always
1449 2495 184 34 prepared
1658 2495 39 27 to
1724 2492 98 31 walk
1858 2495 40 27 to
1937 2495 167 35 London,
2140 2494 60 30 for
2236 2495 66 29 the
2338 2502 164 28 purpose
2538 2494 39 30 of

606 2557 170 36 righting
792 2557 24 16 44
828 2563 92 29 poor
936 2557 141 29 sisther
1093 2557 149 36 Phoebe,
1296 2564 42 21 or
1354 2555 135 37 telling
1505 2556 65 29 the
1588 2557 21 15 44
1623 2557 110 35 great
1748 2556 126 36 squire
1927 2557 86 29 that
2029 2557 46 29 he
2090 2557 81 37 (the
2188 2557 108 36 stage
2309 2558 266 37 countryman)

606 2620 67 29 has
696 2620 66 35 got
785 2620 22 14 44
825 2618 136 30 feelins
984 2618 89 37 like,
1136 2620 72 28 and
1233 2620 85 29 that
1341 2620 45 29 he
1409 2620 90 36 (the
1522 2621 106 35 stage
1653 2620 276 36 countryman)
1952 2620 32 29 is
2008 2627 39 21 as
2072 2620 93 35 good
2197 2628 21 20 a
2252 2620 23 16 44
2293 2627 87 22 mon
2455 2627 41 22 as
2531 2620 46 29 he

606 2682 80 36 (the
708 2681 164 38 squire):
898 2682 22 16 44
933 2681 85 30 thof
1040 2682 47 30 he
1110 2682 80 37 (the
1213 2682 144 37 squire)
1380 2683 94 29 have
1498 2683 133 36 gotten
1655 2691 20 21 a
1696 2681 80 31 fine
1800 2683 85 29 coat
1908 2689 48 22 on
1980 2682 57 29 his
2060 2681 94 30 back
2265 2689 35 23 .a
2323 2682 109 29 home
2466 2682 110 30 truth

606 2745 123 29 which
752 2745 217 30 sometimes
993 2745 145 29 throws
1160 2745 67 29 the
1250 2745 128 35 squire
1402 2745 82 29 into
1507 2753 21 21 a
1550 2746 101 29 state
1675 2743 37 31 of
1735 2744 155 36 pitiable
1913 2745 201 35 penitence
2137 2745 118 28 about
2284 2745 219 35 something
2535 2752 44 21 or

606 2808 111 30 other
739 2808 123 30 which
886 2808 109 29 there
1019 2808 31 29 is
1074 2815 48 22 no
1146 2806 108 38 proof
1277 2807 37 30 of
1337 2808 57 29 his
1418 2808 139 36 having
1580 2808 94 29 been
1698 2807 122 37 guilty
1842 2806 55 31 of.
2361 2811 45 26 &
2531 2811 46 25 &

675 2870 156 37 Though
855 2871 65 29 the
946 2870 184 30 dramatic
1152 2871 121 29 rustic
1293 2870 32 30 is
1347 2870 141 37 vividly
1511 2870 96 30 alive
1629 2872 41 28 to
1694 2878 72 29 any
1788 2877 145 30 wrong,
1956 2869 80 31 real
2070 2877 44 22 or
2146 2870 225 37 imaginary,
2404 2868 173 31 inflicted

607 2941 47 22 on
679 2934 57 29 his
760 2940 84 23 own
867 2933 127 37 sister,
1018 2933 46 30 he
1087 2933 31 30 is
1142 2931 118 38 often,
1284 2940 40 23 as
1347 2931 59 32 far
1428 2941 41 22 as
1493 2933 57 30 his
1573 2940 85 23 own
1681 2933 210 30 treatment
1914 2931 38 31 of
1980 2932 66 30 the
2080 2931 73 31 fair
2186 2940 65 21 sex
2285 2933 31 28 is
2350 2933 228 35 concerned,

607 2995 100 30 little
731 2996 128 29 better
881 2996 93 29 than
999 3004 21 21 a
1043 2996 185 29 domestic
1251 2994 155 31 ruffian.
1451 2996 51 29 He
1526 2996 32 29 is
1581 2996 125 29 either
1728 2994 273 38 contemptibly
2025 2994 90 37 soft,
2138 2996 199 35 accepting
2363 3003 40 22 as
2436 3003 21 21 a
2490 2994 87 29 wife

606 3066 103 22 some
732 3057 138 38 village
894 3060 192 35 coquette,
1108 3059 84 29 who
1216 3058 66 31 has
1305 3060 94 29 been
1423 3058 169 31 declined
1616 3066 47 22 on
1688 3060 162 28 account
1873 3057 37 31 of
1948 3058 68 30 her
2048 3057 150 37 flirting
2231 3058 267 36 propensities,
2533 3058 45 36 by

606 3130 102 22 some
732 3121 143 31 former
912 3122 116 35 lover,
1053 3130 44 22 or
1120 3123 46 29 he
1191 3123 31 29 is
1246 3121 165 38 brutally
1434 3122 107 35 hard,
1578 3120 172 38 refusing
1772 3123 40 28 to
1835 3121 101 31 fulfil
1957 3122 67 29 the
2046 3128 103 23 vows
2173 3121 45 29 he
2242 3121 67 29 has
2335 3119 169 38 plighted
2538 3121 40 28 to

606 3192 103 23 some
733 3184 250 31 unfortunate
1007 3185 137 36 village
1168 3185 86 37 girl,
1277 3185 73 30 and
1373 3185 147 36 setting
1541 3185 65 30 the
1628 3185 94 37 yard
1747 3185 71 37 dog
1841 3186 40 29 at
1905 3185 66 30 her
1994 3184 29 29 if
2044 3184 66 30 she
2134 3184 159 36 persists
2326 3184 38 28 in
2392 3184 186 36 pursuing

608 3249 88 28 him.

674 3310 76 30 The
773 3311 244 34 occupations
1041 3309 38 31 of
1100 3311 65 30 the
1188 3311 108 36 stage
1321 3311 250 36 countryman
1595 3317 64 23 are
1684 3310 147 38 usually
1854 3309 38 31 of
1914 3310 64 30 the
2002 3317 91 30 very
2115 3309 160 36 vaguest
2291 3307 212 30 character*
2528 3309 52 28 He

606 3381 158 29 appears
786 3375 40 28 to
851 3373 94 30 have
969 3375 162 35 nothing
1154 3382 48 22 on
1226 3374 109 29 earth
1359 3375 40 28 to
1423 3373 46 29 do
1494 3373 68 29 but
1584 3373 40 29 to
1648 3380 142 29 avenge
1815 3373 57 30 his
1896 3373 115 30 sister
2033 3371 60 30 for
2116 3378 102 23 some
2234 3377 151 29 wrongs
2402 3371 68 28 not
2490 3378 91 30 very

607 3436 139 37 clearly
769 3436 108 29 made
901 3436 79 36 out,
1004 3436 102 38 bully
1129 3437 64 30 the
1216 3436 172 30 landlord
1414 3436 117 29 about
1554 3436 22 14 44
1593 3434 184 38 fearther,
1841 3436 84 29 who
1949 3436 33 29 is
2005 3443 22 21 a
2049 3435 100 29 most
2163 3431 234 38 unpunctual
2414 3432 61 30 old
2493 3440 86 22 man

607 3500 38 28 in
669 3500 65 28 the
757 3500 181 37 payment
959 3497 38 31 of
1021 3498 57 30 his
1101 3502 99 34 rent,
1223 3498 84 31 flirt
1329 3498 92 30 with
1445 3497 138 37 village
1608 3498 182 37 maidens,
1825 3505 103 30 grow
1962 3495 246 32 sentimental
2242 3496 120 29 about
2394 3502 94 29 poor
2521 3495 60 30 old

607 3563 23 14 44
649 3562 153 36 mither,
866 3561 72 30 and
962 3561 23 15 44
1003 3561 84 30 dom
1152 3562 64 29 the
1239 3570 129 29 young
1389 3561 142 36 squire.
1684 3567 45 24 &
1855 3566 45 25 &

608 3630 44 24 &
677 3625 74 29 The
776 3625 106 36 stage
907 3625 249 36 countryman
1181 3625 30 29 is
1235 3633 21 21 a
1280 3625 197 29 character
1500 3622 76 31 fast
1599 3624 266 36 disappearing
1888 3623 98 30 from
2010 3623 67 29 the
2111 3622 142 35 drama,
2288 3621 73 29 and
2394 3621 67 30 the
2495 3621 88 38 only

608 3688 178 37 rusticity
811 3695 83 22 now
918 3688 226 29 introduced
1168 3687 82 30 into
1273 3686 204 32 theatrical
1501 3687 124 36 pieces
1648 3688 31 28 is
1703 3685 175 31 confined
1915 3688 41 28 to
1993 3695 21 20 a
2051 3683 205 31 Yorkshire
2292 3685 169 35 servant,
2497 3685 86 29 who

609 3758 122 22 seems
753 3751 39 29 to
817 3751 44 29 be
887 3751 173 30 retained
1084 3750 38 29 in
1146 3758 21 21 a
1191 3750 117 30 house
1331 3749 60 30 for
1413 3749 65 30 the
1503 3757 103 22 mere
1629 3757 162 29 purpose
1808 3748 38 31 of
1862 3747 378 35 misunderstanding
2255 3754 113 30 every
2394 3747 115 30 order
2536 3748 47 29 he

609 3813 181 37 receives,
813 3814 73 31 and
910 3813 146 37 grossly
1079 3812 187 38 insulting
1289 3820 113 30 every
1425 3813 134 30 visitor
1583 3812 37 31 of
1642 3813 66 30 the
1731 3812 143 38 family.
2023 3817 45 25 &
2193 3814 44 26 &
2364 3816 45 25 &
2535 3816 46 27 &

171 2048 45 25 &
232 2041 306 31 Festivities

174 2860 80 31 His
277 2865 204 25 manners.
