2288 3736
184 228 22 39 3
217 229 18 25 2

714 225 62 32 LE
806 224 246 43 JOURNAL
1085 227 67 31 DE
1183 227 98 43 J.-J.
1320 225 290 34 BOUCHARD

989 423 348 35 ARGOMENTO

777 495 178 35 DELLA
983 494 571 36 RAPPRESENTATIONE

963 569 58 33 DI
1050 569 39 34 S.
1120 568 236 35 ALESSIO.

226 706 40 34 Il
287 706 179 47 Prologo
491 706 19 33 é
530 711 165 30 cantato
719 706 54 35 da
795 707 134 34 Roma
948 706 72 49 (a),
1050 708 40 33 la
1112 708 118 44 quale
1260 706 265 36 accennando
1548 706 27 35 il
1603 708 139 34 valore
1767 706 49 35 de
1857 706 88 35 suoi
1968 706 183 36 cittadini

182 773 90 34 neir
295 773 113 45 armi,
428 779 170 39 mostra,
620 774 73 35 che
715 785 80 24 non
815 786 118 23 meno
952 774 158 35 célébré
1133 775 108 34 nella
1263 774 152 35 santita
1437 776 19 33 è
1474 779 106 30 stato
1598 774 26 35 il
1640 785 118 24 nome
1779 773 38 35 di
1835 785 105 34 esse,
1963 774 186 45 traquali

179 841 21 32 è
223 839 320 47 singolarmente
565 840 194 46 cospicua
774 842 40 33 la
835 840 132 46 gloria
989 840 38 35 di
1048 840 37 36 S.
1104 841 175 35 Alessio.

278 906 9 46 [
310 919 37 23 a.
372 920 18 19 «
424 908 157 34 Vestita
618 907 45 34 di
685 908 86 34 tela
794 907 36 34 F
835 919 52 24 ar
887 911 124 44 gento
1034 919 24 23 a
1083 909 177 40 lantica,
1285 919 107 23 corne
1423 910 38 31 si
1487 908 93 34 vede
1603 908 165 47 dipinte
1790 909 110 34 nelle
1922 907 225 48 medaglie,

178 983 71 24 con
275 972 150 44 Telmo,
451 974 34 34 il
505 974 136 44 scudo,
666 977 41 32 et
730 975 41 33 la
795 986 110 23 meza
921 975 136 46 picca.
1081 975 228 34 Pauluccio
1332 977 186 32 castrato
1550 974 46 35 di
1617 976 166 45 capella
1809 976 199 41 recitava,
2033 985 116 25 overo

178 1042 192 33 cantava.
397 1054 16 18 »
438 1040 11 47 ]
492 1039 129 48 (NOTE
649 1051 258 25 MANUSCRITE
933 1053 50 22 DE
1007 1039 257 48 BOUCHARD.)

1013 1179 114 37 ATTO
1154 1191 143 25 PRIMO.

468 1247 51 34 Se
522 1258 47 22 en
574 1258 24 22 a
620 1247 153 45 prima.

277 1330 235 36 Eufemiano
537 1333 10 45 (
552 1343 23 22 a
582 1329 10 49 )
613 1336 166 29 senator
799 1342 181 33 romano,
1005 1342 20 23 e
1046 1330 128 46 padre
1197 1330 39 34 di
1265 1329 37 36 S.
1324 1329 161 36 Alessio
1504 1330 269 36 incontratosi
1796 1343 74 24 con
1893 1333 181 35 Adrasto
2093 1333 50 47 [b)

178 1396 200 35 cavalière
397 1408 183 30 romano,
612 1402 244 30 novamente
887 1402 150 30 venuto
1073 1397 110 34 dalla
1205 1409 163 34 guerra,
1403 1397 32 34 si
1470 1398 180 45 rallegra
1677 1398 65 36 del
1773 1410 71 24 suo
1879 1399 155 36 ritorno
2060 1412 7 23 :
2105 1406 40 29 et

178 1463 200 35 entrando
393 1475 23 23 a
431 1463 227 35 discorrere
681 1463 48 35 de
750 1463 12 34 i
784 1463 84 35 casi
891 1463 38 34 di
948 1463 178 45 Alessio,
1149 1464 127 46 piglia
1298 1463 216 35 occasione
1543 1464 39 34 di
1602 1466 275 45 raccontargli
1898 1467 247 45 lapartenza

179 1529 39 34 di
234 1530 52 34 lui
308 1530 159 46 seguita
487 1529 113 35 molti
623 1529 94 35 anni
737 1529 144 46 prima,
906 1541 20 23 e
945 1534 157 31 mentre
1122 1530 32 34 si
1174 1531 164 44 querela
1359 1530 40 34 di
1414 1531 82 35 taie
1519 1532 218 46 avversità,
1760 1535 20 32 è
1802 1545 74 23 con
1896 1533 246 46 particolare

177 1597 140 33 affetto
342 1595 236 46 compatito,
597 1607 20 23 e
641 1596 213 35 consolato
878 1595 53 35 da
950 1595 195 46 Adrasto,

274 1663 10 45 [
301 1675 39 23 a.
366 1675 17 19 «
411 1663 84 35 Con
520 1663 41 34 la
585 1665 169 33 sottana
778 1674 115 24 rossa
924 1667 40 31 et
993 1665 42 33 la
1069 1667 97 43 toga
1190 1675 113 23 rossa
1337 1667 41 33 et
1397 1664 232 48 cTargento,
1647 1667 143 46 al\ata
1817 1670 40 31 et
1877 1671 263 43 aggroppata

173 1734 124 43 sopra
322 1731 42 33 la
387 1730 140 46 spalla
566 1730 40 34 11
627 1729 185 35 Blanchi
835 1733 140 32 tenore
997 1730 44 34 di
1063 1731 163 45 capella
1249 1731 348 38 excellentissimo
1620 1734 200 35 recitava.

278 1797 33 34 b.
340 1797 83 34 Con
447 1808 53 22 un
522 1807 99 35 sago
644 1795 43 35 di
711 1797 60 33 tel
773 1808 24 22 a
830 1796 34 34 di
870 1800 190 43 argento,
1095 1801 41 31 et
1165 1799 42 33 la
1239 1797 130 47 spada
1392 1809 24 23 a
1448 1799 175 42 lantica,
1649 1799 31 34 e'
1710 1801 16 33 l
1747 1804 97 42 capo
1869 1801 167 47 ignudo.
2068 1813 72 24 era

177 1867 81 42 pur
280 1866 152 32 tenore.
458 1876 17 19 »
494 1862 11 46 ]
531 1862 130 47 (NOTE
682 1874 51 22 DE
755 1861 260 48 BOUCHARD.)

467 1966 127 33 Scena
616 1964 186 36 seconda.

275 2049 320 46 Contemplando
628 2049 40 35 S.
704 2049 161 35 Alessio
896 2048 54 49 (a)
985 2050 40 35 la
1061 2050 141 36 vanità
1231 2051 106 45 degli
1364 2051 193 47 huomini,
1591 2065 20 23 e
1638 2054 39 34 la
1698 2055 187 35 caducità
1917 2056 101 35 delle
2044 2068 94 25 cose

176 2116 215 44 mondane,
414 2115 188 35 desidera
620 2115 40 35 di
679 2127 110 23 esser
806 2115 125 36 libero
955 2116 107 35 dalla
1083 2128 161 24 carcere
1267 2117 62 35 del
1351 2118 168 44 Mondo,
1540 2131 20 24 e
1583 2120 137 46 perciô
1743 2121 147 36 ricorre
1919 2124 23 33 à
1967 2123 76 35 Dio
2063 2136 74 23 con

175 2182 224 36 Toratione.

274 2249 59 46 [a.
359 2263 17 18 «
408 2249 156 35 Vestito
595 2248 53 35 da
673 2249 283 43 franciscano,
981 2262 117 35 sen\a
1130 2253 189 44 capuccio
1335 2255 101 43 pero
1459 2265 13 23 :
1496 2254 34 34 il
1557 2256 187 33 castrato
1774 2255 67 35 del
1868 2256 112 35 card.
2004 2258 107 35 Fran-

173 2328 108 22 cesco
303 2316 164 34 Barber
472 2317 66 33 ino
546 2343 6 7 .
568 2329 19 19 »
610 2315 11 46 ]
644 2316 129 47 (NOTE
801 2328 50 22 DE
879 2316 258 48 BOUCHARD.)

463 2420 129 33 Scena
617 2422 126 43 ter\a.

270 2503 147 35 Martio
439 2502 54 48 (a)
512 2503 156 46 paggio
688 2503 38 35 di
745 2503 236 35 Eufemiano
1002 2504 63 34 col
1082 2504 145 36 vedere
1244 2505 38 35 S.
1307 2505 176 47 Alessio,
1508 2507 164 37 stimato
1693 2510 51 35 da
1771 2510 55 35 lui
1849 2523 52 24 un
1926 2513 209 37 forestiero

246 2670 12 13 «
291 2660 42 25 Le
350 2659 163 34 Prologue
529 2662 48 23 est
595 2658 113 28 chanté
725 2668 56 25 par
799 2659 99 26 Rome
924 2659 51 36 (a),
996 2662 52 30 qui
1065 2662 116 24 faisant
1203 2663 133 25 allusion
1353 2662 18 27 à
1394 2665 31 24 la
1449 2666 109 25 valeur
1576 2668 37 24 de
1632 2675 49 18 ses
1700 2669 140 32 citoyens
1857 2672 76 24 dans
1960 2673 45 24 les
2024 2680 109 25 armes,

170 2704 120 23 montre
310 2710 57 23 que
383 2710 61 16 non
461 2704 98 23 moins
578 2702 139 26 célèbres
734 2704 79 24 dans
830 2705 31 23 la
878 2702 135 27 sainteté
1030 2704 105 25 furent
1153 2705 82 25 leurs
1259 2713 86 18 noms
1350 2702 4 42 ;
1382 2709 97 30 parmi
1501 2710 138 31 lesquels
1656 2712 49 24 est
1719 2710 254 34 singulièrement
1996 2716 139 26 fameuse

173 2747 31 23 la
220 2745 99 31 gloire
338 2745 38 25 de
393 2745 81 24 saint
491 2743 118 28 Alexis.

244 2787 41 33 [a.
308 2796 12 14 «
347 2786 94 27 Vêtue
456 2785 36 26 de
511 2786 77 27 toile
606 2786 153 34 d'argent
771 2789 19 24 à
808 2787 173 34 l'antique,
1001 2796 114 17 comme
1133 2797 38 16 on
1194 2788 26 25 le
1234 2789 66 26 voit
1317 2798 60 19 sur
1397 2791 43 26 les
1459 2792 181 36 médailles,
1659 2804 70 18 avec
1747 2795 29 27 le
1792 2806 120 25 casque,
1935 2797 28 27 le
1981 2799 141 28 bouclier

168 2830 30 24 et
219 2828 33 26 la
269 2827 208 35 demi-pique.
497 2829 188 33 Patiluccio,
705 2831 123 25 castrat
847 2829 38 27 di
901 2829 136 35 capella,
1060 2830 144 34 récitait,
1224 2840 38 17 ou
1280 2832 151 28 chantait
1451 2834 46 36 ».]
1516 2836 102 35 (NOTE
1634 2846 40 18 DE
1693 2838 203 38 BOUCHARD.)

1026 2920 87 27 ACTE
1130 2930 150 19 PREMIER.

248 2992 95 26 Scène
366 2991 30 26 P
400 2994 12 14 e
417 3012 5 6 .
496 2991 185 27 Enfemiano
705 2991 53 36 {a),
784 2991 147 27 sénateur
952 2994 130 31 romain,
1112 2996 31 23 et
1178 2993 73 33 père
1277 2997 37 25 de
1339 2998 81 26 saint
1447 2998 119 34 Alexis,
1586 3010 32 17 se
1643 3005 164 25 rencontre
1832 3013 75 18 avec
1931 3004 136 29 Adraste
2084 3007 51 33 (b),

167 3037 141 24 cavalier
327 3036 129 30 romain,
476 3034 189 26 récemment
681 3043 117 17 revenu
814 3037 38 23 de
874 3037 31 23 la
915 3043 112 25 guerre
1042 3045 6 23 ;
1070 3038 22 23 il
1111 3045 32 17 se
1167 3036 115 34 réjouit
1305 3040 38 24 de
1364 3048 56 17 son
1443 3044 125 31 retour;
1587 3046 32 23 et
1639 3048 116 23 venant
1780 3046 17 26 à
1817 3050 104 29 parler
1945 3048 138 28 d'Alexis
2114 3053 21 23 il

169 3081 97 30 prend
282 3079 146 23 occasion
448 3079 36 23 de
503 3077 43 25 lui
562 3079 147 24 raconter
726 3086 55 17 son
799 3077 120 33 départ,
939 3079 22 24 il
978 3087 18 24 y
1021 3080 190 32 abeaucoup
1226 3079 163 36 d'années;
1411 3085 23 24 il
1452 3092 32 18 se
1503 3087 134 25 lamente
1656 3086 72 27 d'un
1749 3091 43 23 tel
1815 3093 142 24 malheur
1971 3101 5 4 ■
1998 3091 137 29 Adraste

167 3130 19 24 y
207 3119 150 34 compatit
369 3121 288 31 affectueusement,
677 3121 32 24 et
729 3122 28 23 le
776 3123 136 24 console.

242 3163 51 34 [a.
309 3163 82 26 Avec
411 3161 33 26 la
463 3164 133 23 soutane
621 3171 106 25 rouge,
754 3164 29 23 et
804 3162 32 25 la
862 3165 68 31 toge
961 3172 97 25 rouge
1081 3166 28 23 et
1128 3166 130 32 argent,
1286 3165 116 27 relevée
1428 3170 28 24 et
1484 3172 138 33 agrafée
1650 3181 59 17 sur
1735 3173 147 34 l'épaule.
1907 3176 146 27 Blanchi
2072 3180 63 25 très

169 3205 154 26 excellent
343 3205 92 26 ténor
451 3204 38 26 di
506 3204 136 34 camélia,
664 3205 145 26 récitait.
882 3206 26 26 b.
929 3206 80 26 Avec
1025 3215 45 17 un
1088 3215 116 25 sagum
1218 3206 37 26 de
1274 3208 78 26 toile
1368 3209 164 37 d'argent,
1556 3213 91 35 l'èpée
1662 3217 19 24 à
1699 3215 172 37 l'antique,
1892 3221 27 23 et
1935 3219 32 26 la
1987 3222 59 23 tête
2061 3229 70 18 mie.

167 3247 78 27 Rôle
261 3246 37 27 de
317 3248 99 32 ténor,
439 3246 180 35 également
624 3268 5 5 .
641 3246 8 35 ]
670 3246 102 35 (NOTE
788 3256 41 17 DE
849 3248 202 35 BOUCHARD.)

242 3290 95 27 Scène
354 3290 45 27 11.
473 3300 13 14 »
505 3289 89 27 Saint
611 3288 110 28 Alexis
740 3289 41 36 (a)
798 3293 213 31 contemplant
1028 3294 32 23 la
1081 3292 104 26 vanité
1210 3295 55 23 des
1286 3295 148 33 hommes,
1453 3299 31 24 et
1505 3300 33 25 la
1556 3300 145 27 caducité
1726 3304 53 24 des
1804 3305 110 25 choses
1940 3307 192 33 mondaines,

166 3332 100 27 désire
286 3333 66 26 être
371 3332 118 27 délivré
507 3335 37 23 de
565 3335 31 23 la
615 3334 106 31 prison
738 3335 40 23 du
796 3335 120 31 monde,
933 3336 32 23 et
985 3337 125 22 recourt
1125 3334 18 26 à
1157 3334 83 27 Dieu
1258 3344 56 24 par
1338 3339 31 24 la
1386 3338 110 32 prière.
1517 3351 12 14 »

242 3373 49 40 [a.
312 3387 14 13 «
353 3376 79 27 Vêtu
450 3384 37 18 en
499 3374 230 35 franciscain,
752 3375 83 28 mais
853 3384 76 19 sans
950 3376 28 26 le
994 3376 158 34 capuchon
1173 3386 8 17 :
1204 3377 27 26 le
1249 3380 124 25 castrat
1394 3380 44 27 du
1463 3383 89 29 card.
1571 3385 170 29 Francesco
1765 3388 123 27 Barber
1893 3389 54 28 ino
1966 3391 40 35 ».]
2029 3391 103 35 (NOTE

167 3426 41 20 DE
226 3418 204 36 BOUCHARD.)

241 3461 95 27 Scène
352 3461 64 29 111.
493 3472 12 14 «
521 3460 119 29 Martio
656 3460 54 38 {a),
729 3471 80 26 page
825 3461 224 36 d'Enfemiano,
1072 3464 115 33 voyant
1205 3464 81 26 saint
1307 3464 118 36 Alexis,
1443 3467 73 34 qu'il
1536 3474 97 30 prend
1649 3481 77 25 pour
1741 3483 40 17 un
1798 3478 159 26 mendiant
1973 3476 155 36 étranger,
