2288 3736
678 184 64 33 LE
776 183 253 45 JOURNAL
1063 186 69 31 DE
1163 186 104 44 J.-J.
1304 185 297 36 BOUCHARD

2091 195 51 39 35

248 292 106 37 Coro
380 292 55 49 [a)
460 292 38 36 di
525 291 126 37 nobili
678 291 192 47 Romani,
905 292 73 35 che
1002 303 75 24 con
1103 291 98 37 balli
1222 292 127 37 fanno
1370 293 108 36 festa
1498 304 73 36 per
1590 294 36 35 le
1645 305 132 25 nuove
1797 294 225 47 allegrezze
2045 296 108 35 délia

136 361 112 37 Città
270 362 231 35 consolata.

239 430 58 48 \a.
329 445 18 19 «
373 431 142 35 Erano
533 430 48 35 de
599 432 87 34 otto
700 430 319 48 giovanipaggi
1035 430 228 35 bellissimi
1283 429 47 37 di
1346 430 79 36 don
1454 429 131 37 Tadeo
1603 431 146 36 vestiti
1761 431 46 35 di
1824 431 59 36 tel
1886 443 23 24 a
1933 430 37 36 d?
1974 435 155 45 argent
2133 444 20 24 o

136 500 65 36 ail
206 498 7 14 1
239 500 163 35 antica.
428 500 19 35 I
465 499 128 48 quali
612 499 133 47 paggi
766 498 146 35 vestiti
933 498 52 35 da
1011 498 224 36 contadini
1256 498 228 45 lombardi,
1507 499 194 36 ballorno
1724 511 101 25 anco
1847 511 83 25 una
1947 502 184 46 gustosis-

144 568 107 37 sima
280 569 286 48 bergamasca.
592 565 40 51 »]
656 566 131 49 (NOTE
814 578 51 24 DE
888 565 267 49 BOUCHARD.)

986 729 115 36 ATTO
1121 740 145 26 TERZO.

435 819 130 35 Scena

239 906 33 35 Il
306 905 200 36 Demonio
525 905 188 36 havendo
730 904 40 36 in
789 915 108 25 vano
921 909 119 31 usato
1065 904 98 49 ogni
1184 915 125 37 opéra
1331 909 145 32 contra
1496 904 28 36 il
1542 904 142 47 Santo,
1703 904 120 48 pieno
1844 906 39 35 di
1899 906 254 42 confusione,

140 986 41 24 se
205 986 48 24 ne
275 974 156 36 ritorna
450 974 54 36 ail
508 974 7 14 1
541 974 184 39 Inferno.

436 1081 133 35 Scena
591 1079 191 37 seconda.

252 1168 198 44 Adrasto,
478 1179 73 35 per
577 1168 127 35 haver
722 1168 150 35 veduto
906 1166 157 37 diverse
1086 1166 115 48 genti
1221 1166 310 37 incamminarsi
1554 1167 82 36 alla
1652 1179 98 24 casa
1772 1167 39 36 di
1830 1167 256 47 Eufemiano,
2105 1170 51 34 và

153 1249 73 35 per
249 1237 241 36 certificarsi
514 1237 107 35 délia
655 1236 194 48 cagione;
875 1240 40 32 et
944 1235 274 37 ineontratosi
1240 1235 38 36 in
1307 1247 79 24 uno
1406 1235 109 37 délia
1539 1242 138 30 stessa
1698 1247 113 32 casa,
1835 1242 115 30 sente
1971 1237 52 35 da
2044 1237 52 35 lui
2117 1238 39 34 la

155 1312 147 41 morte,
327 1317 20 24 e
372 1306 40 35 la
430 1305 271 49 ricognitione
735 1305 39 36 di
807 1304 41 37 S.
872 1305 178 45 Alessio,
1075 1316 19 24 e
1121 1304 67 36 dal
1212 1304 225 37 medesimo
1470 1305 116 36 viene
1607 1304 231 37 introdotto
1868 1306 110 35 nella
1999 1311 156 41 stanza,

143 1374 106 37 dove
269 1374 185 46 giaceva.

441 1482 133 34 Scena
600 1483 128 45 ter\a.

265 1568 17 34 I
303 1568 165 34 Parenti
493 1568 285 35 acerbamente
804 1566 207 48 piangono
1041 1567 40 35 la
1108 1578 74 24 sua
1218 1571 145 32 morte.
1394 1565 40 37 Si
1464 1566 124 49 legge
1616 1568 39 34 la
1682 1566 149 36 lettera
1862 1567 143 36 scritta
2026 1568 52 34 da
2100 1568 55 35 lui

141 1636 131 46 prima
293 1635 38 35 di
354 1635 163 36 morire.

251 1703 80 35 Dui
355 1702 91 36 Cori
460 1703 39 35 di
521 1702 165 48 Angeli,
705 1702 297 48 raccogliendo
1015 1701 164 37 l'animo
1196 1702 63 36 del
1281 1701 141 37 Santo.
1439 1702 124 36 fanno
1584 1703 247 47 allegrezza;
1856 1715 20 23 e
1893 1705 262 45 persuadono

144 1783 23 24 a
187 1771 10 35 i
221 1770 181 45 Parenti,
425 1771 74 35 che
523 1782 24 24 a
568 1775 111 31 torto
703 1769 32 37 si
758 1771 183 46 dolgono
966 1770 64 35 nel
1060 1769 155 36 Mondo
1243 1782 73 34 per
1335 1770 40 35 la
1405 1775 131 31 morte
1559 1771 37 35 di
1620 1771 73 35 che
1714 1772 20 32 è
1751 1770 182 36 ricevuto
1958 1773 64 34 nel
2045 1772 109 36 Cielo

147 1851 76 24 con
245 1844 117 30 tanto
390 1838 179 49 giubilo;
600 1843 156 31 mentre
790 1838 169 35 insieme
988 1838 35 35 le
1053 1837 136 44 Virtù,
1222 1837 75 37 che
1319 1838 39 36 in
1395 1837 55 37 lui
1472 1837 308 47 risplenderono
1808 1839 345 47 maggiormente,

141 1907 266 49 festeggiano
430 1919 75 24 con
527 1906 12 36 i
569 1906 98 36 balli
686 1918 73 35 per
780 1907 40 35 la
842 1918 75 24 sua
942 1906 135 48 gloria
1097 1905 73 49 [a).

242 1977 63 47 [a.
335 1990 17 19 «
376 1977 32 34 E
437 1977 66 34 aIJ
525 1975 102 36 Jioro
912 1976 37 34 le
972 1975 103 36 nubi
1097 1987 18 22 e
1138 1978 214 45 comparse
1373 1976 43 36 S.
1439 1976 164 35 Alessio
1626 1977 115 34 nella
1764 1977 144 47 gloria
1931 1976 70 36 del
2022 1980 107 43 para-

138 2046 104 35 diso.
269 2045 43 47 »]
337 2044 133 48 (NOTE
491 2056 50 24 DE
563 2043 263 49 BOUCHARD.)

252 2208 18 19 «
294 2194 36 35 A
358 2195 41 34 la
422 2193 125 36 sortie
571 2194 48 34 de
636 2194 54 45 là,
716 2192 189 37 continue
928 2193 234 44 Bouchard,
1184 2192 171 37 Orestès
1370 2193 61 36 fut
1452 2193 88 48 prié
1560 2206 77 35 par
1654 2195 37 36 le
1712 2194 107 36 sieur
1840 2195 47 35 de
1909 2195 42 36 la
1973 2195 182 37 Grillière

141 2263 50 35 de
228 2262 113 36 venir
371 2274 149 35 souper
548 2262 97 36 chez
673 2262 339 46 l'ambassadeur,
1040 2262 68 47 qui
1135 2262 187 36 traictoit
1343 2267 94 31 tous
1459 2263 57 35 les
1541 2263 211 44 François.
1779 2263 108 37 Mais
1915 2264 28 36 il
1967 2265 62 35 fut
2058 2276 97 24 avec

150 2331 193 36 Holstein
374 2342 148 35 souper
556 2331 97 35 chez
689 2331 58 35 les
781 2331 213 47 seigneurs
1017 2330 221 44 Brandani,
1277 2331 318 46 gentilhommes
1621 2332 215 46 Romains,
1861 2335 52 33 où
1947 2345 42 23 se
2011 2338 144 31 trouva

151 2399 179 36 Antonio
361 2399 124 36 Bruni
508 2399 67 47 qui
600 2411 22 23 a
650 2399 76 36 fait
749 2399 102 36 trois
874 2399 121 36 livres
1024 2399 49 36 de
1097 2399 138 47 rimes,
1262 2405 41 30 et
1322 2411 53 25 un
1400 2399 214 47 d'épistres
1642 2401 230 46 héroiques,
1907 2407 41 29 et
1974 2402 180 44 Stefano

149 2469 138 42 Lanti,
313 2469 75 47 qui
402 2469 117 35 avoit
541 2467 180 50 composé
744 2469 42 35 la
805 2470 192 46 musique
1012 2468 49 35 de
1080 2469 40 35 la
1139 2467 337 49 représentation
1496 2469 48 35 de
1557 2470 118 35 saint
1689 2469 162 36 Alexis.
1870 2469 154 47 Lequel
2046 2470 45 35 fit
2110 2482 45 24 ce

138 2536 276 49 jugement-ci
448 2537 53 35 du
534 2537 248 46 Tedesquin,
807 2537 95 47 qu'il
925 2536 160 46 sçavait
1118 2537 86 35 fort
1235 2536 93 37 bien
1360 2536 120 48 jouer
1503 2538 49 35 de
1581 2538 39 35 la
1647 2538 185 42 theorbe,
1853 2543 39 30 et
1913 2537 96 48 qu'il
2040 2539 114 36 avoit

134 2618 76 23 une
233 2606 156 48 grande
412 2605 160 36 théorie
591 2606 49 35 de
656 2606 201 47 musique,
877 2605 103 37 mais
997 2605 97 48 qu'il
1116 2616 49 25 ne
1187 2604 239 38 réussissoit
1440 2618 75 34 pas
1534 2605 93 36 bien
1648 2608 23 33 à
1692 2606 40 35 la
1752 2606 205 47 pratique,
1981 2608 171 47 n'ayant

230 2794 118 29 Chœur
379 2796 44 36 (a)
451 2799 37 25 de
521 2799 110 25 nobles
663 2795 165 33 Romains,
858 2796 54 32 qui
934 2803 34 18 se
997 2792 192 36 réjouissent
1218 2801 58 25 par
1299 2794 55 25 des
1381 2794 114 25 danses
1523 2795 36 25 de
1590 2792 195 35 l'allégresse
1808 2798 147 24 nouvelle
1973 2798 38 24 de
2037 2799 29 23 la
2086 2796 61 28 cité

134 2838 160 29 consolée.

215 2881 43 38 \a.
282 2894 12 14 «
323 2883 163 28 C'étaient
506 2883 79 28 huit
594 2885 121 34 jeunes
728 2886 102 32 pages
847 2884 65 25 très
928 2881 101 27 beaux
1039 2879 38 29 de
1091 2880 63 27 don
1178 2879 110 35 Tadeo,
1306 2882 91 24 vêtus
1414 2879 37 27 de
1470 2879 80 28 toile
1570 2879 167 37 d'argent,
1750 2883 19 24 à
1787 2881 174 37 l'antique.
1982 2882 54 27 Ces
2045 2886 101 32 pages

141 2928 155 26 costumés
314 2937 38 18 en
363 2930 146 32 paysans
531 2926 176 35 lombards,
731 2926 179 28 dansèrent
931 2924 92 28 aussi
1044 2933 65 19 une
1128 2926 65 25 très
1209 2923 167 35 élégantes
1393 2923 232 36 bergamasque
1629 2945 5 6 .
1644 2922 11 40 ]
1669 2924 104 37 (NOTE
1789 2933 42 19 DE
1848 2925 210 37 BOUCHARD.)

1047 3017 89 27 ACTE
1160 3017 61 27 111.

227 3093 97 28 Scène
341 3095 26 27 I.
442 3095 44 28 Le
505 3096 125 27 Démon
649 3098 97 33 ayant
765 3104 39 18 en
822 3096 75 25 vain
915 3093 56 28 usé
997 3096 38 24 cle
1053 3096 72 23 tous
1145 3095 45 24 les
1208 3100 130 26 moyens
1363 3097 108 21 centre
1490 3094 29 24 le
1538 3090 100 36 Saint,
1650 3095 148 26 retourne
1817 3097 78 24 dans
1913 3095 128 34 l'Enfer,
2060 3099 84 31 plein

135 3133 38 25 de
193 3133 173 26 confusion.

219 3175 98 27 Scène
336 3176 46 27 11.
454 3177 151 34 Adraste,
619 3180 97 32 ayant
733 3186 40 17 vu
792 3185 62 18 une
871 3177 86 25 foule
977 3177 53 31 qui
1044 3183 32 18 se
1093 3176 77 25 rend
1186 3173 18 27 à
1222 3175 29 24 la
1276 3175 122 24 maison
1416 3171 229 35 d'Efuemiano,
1664 3183 40 17 va
1721 3184 79 24 pour
1824 3184 33 18 se
1880 3179 114 25 rendre
2019 3181 123 31 compte

135 3220 41 25 de
199 3221 32 24 la
250 3221 107 25 raison
375 3222 38 24 de
431 3224 84 24 cette
541 3224 155 24 affluence
710 3219 4 35 ;
735 3223 22 24 il
776 3222 171 25 rencontre
971 3228 42 17 un
1037 3220 55 25 des
1118 3226 76 25 gens
1212 3219 39 24 de
1270 3219 32 24 la
1317 3219 133 30 maison,
1474 3219 53 31 qui
1544 3219 45 24 lui
1614 3220 140 32 apprend
1780 3221 31 24 la
1828 3222 83 24 mort
1931 3223 32 24 et
1983 3223 31 24 la
2031 3230 93 18 recon-

135 3263 165 26 naissance
322 3266 37 24 de
378 3266 83 25 saint
478 3264 121 35 Alexis,
618 3267 33 25 et
669 3267 53 32 qui
740 3264 176 27 l'introduit
933 3266 79 23 dans
1030 3265 32 23 la
1076 3263 161 31 cliambre,
1256 3259 40 27 où
1314 3263 22 23 il
1354 3259 56 34 gît.

215 3305 97 27 Scène
327 3307 64 27 111.
463 3307 61 28 Les
538 3311 131 32 parents
687 3311 37 24 de
748 3311 82 24 saint
848 3307 112 26 Alexis
977 3308 148 32 pleurent
1147 3304 193 28 amèrement
1357 3312 35 18 sa
1408 3306 95 26 mort..
1520 3304 49 26 On
1587 3306 37 25 lit
1644 3307 31 24 la
1695 3308 95 25 lettre
1810 3306 73 34 qu'il
1902 3316 18 18 a
1932 3308 97 27 écrite
2046 3312 96 24 avant

146 3349 38 25 de
202 3351 125 25 mourir.
392 3351 93 27 Deux
503 3355 125 24 chœurs
647 3351 150 35 d'Anges,
818 3353 129 33 portant
964 3350 90 27 l'âme
1073 3351 41 24 du
1133 3348 99 32 Saint,
1258 3349 68 25 font
1351 3347 193 34 allégresse;
1570 3350 38 24 ils
1630 3352 161 24 montrent
1815 3359 60 18 aux
1891 3357 130 28 parents
2049 3357 92 29 qu'on

144 3399 31 17 se
202 3391 105 28 désole
326 3393 19 27 à
359 3396 62 25 tort
440 3404 51 17 sur
513 3398 83 24 terre
615 3405 80 24 pour
720 3399 31 23 la
784 3398 84 24 mort
899 3397 39 24 de
960 3396 83 24 celui
1062 3394 54 32 qui
1142 3395 50 24 est
1208 3401 76 25 reçu
1303 3394 77 23 dans
1403 3394 28 23 le
1457 3393 60 24 ciel
1537 3399 76 19 avec
1631 3394 70 25 tant
1719 3395 37 24 de
1777 3394 65 33 joie
1857 3403 6 25 ;
1891 3397 104 25 tandis
2018 3405 60 24 que
2095 3396 47 28 les

148 3433 16 25 A
178 3436 97 31 ertus,
292 3438 51 31 qui
361 3441 279 30 resplendissaient
656 3449 37 18 en
714 3442 54 26 lui.
784 3439 103 27 fêtent
905 3448 35 18 sa
957 3440 100 32 gloire
1075 3446 57 25 par
1149 3439 55 25 des
1221 3438 114 24 danses
1352 3434 54 37 (a).

213 3474 50 39 [a.
287 3488 13 14 «
326 3479 42 26 Et
395 3481 99 35 alors,
522 3483 42 26 les
587 3484 94 26 nuées
701 3483 178 35 s'ouvrent,
900 3485 28 24 et
950 3482 95 27 saint
1072 3481 118 27 Alexis
1209 3481 122 33 paraît
1356 3478 86 28 dans
1466 3478 31 28 la
1521 3479 111 35 gloire
1658 3479 44 28 du
1720 3481 147 34 paradis
1888 3493 24 16 ».
1928 3474 4 45 j
1964 3483 103 36 (NOTE
2098 3491 41 20 DE

136 3518 204 39 BOUCHARD.)
