3586 4447
1020 482 120 122 für
1206 485 576 124 liinsffmttÄe
1848 487 148 120 tmö
2067 485 404 124 Ifinstlcr.

133 731 425 69 Herausgegeben
600 753 100 34 von
742 737 262 54 Professor
1047 735 68 58 L.
1170 737 282 78 Bischojf.
1617 744 188 66 Verlag
1847 745 89 50 der
1983 739 77 58 M.
2115 739 626 80 BuMont-Schauberg
2759 749 147 49 sehen
2949 749 414 67 Buchhandlung.

236 1074 202 38 Inhalt.

521 1076 148 37 Adrian
698 1079 125 35 Franz
854 1079 156 37 Servais
1038 1080 247 48 (Nekrolog).
1396 1082 95 36 Aus
1518 1081 382 51 Braunschweig
1929 1084 172 46 (zweites
2146 1085 80 35 und
2275 1085 134 37 drittes
2439 1086 180 40 Concert.
2723 1087 212 37 Lachner's
2963 1088 109 36 Suite
3100 1090 63 37 Nr.
3191 1089 88 49 III).

127 1138 98 35 Aus
254 1138 194 36 Aachen
475 1139 288 49 (Stiftungsfest
791 1141 66 36 des
886 1142 500 49 Männer-Gesangvereins
1826 1146 99 36 Aus
1954 1147 201 35 Bremen
2185 1146 274 47 (Reinthaler's
2489 1146 217 37 Oratorium
3100 1151 75 35 Die
3204 1152 170 35 Mozart-

128 1199 174 48 Stiftung
329 1199 39 34 in
397 1200 212 37 Frankfurt
637 1214 33 23 a.
701 1203 53 35 M.
864 1204 152 35 Viertes
1047 1204 470 38 Gesellschafts-Concert
1544 1207 40 34 in
1614 1205 104 37 Köln
1746 1207 54 36 im
1830 1208 233 37 Gürzenich.
2172 1210 181 47 Tages-
2384 1211 96 34 und
2522 1210 556 47 Unterhaltungsblatt
3107 1212 134 47 (Köln,
3272 1217 101 32 erste

128 1259 148 46 Soiree,
304 1261 292 39 Musik-Abend
624 1264 54 35 im
709 1265 358 47 Conservatorium,
1098 1266 132 36 Soiree
1259 1279 77 23 von
1364 1269 104 34 Frau
1496 1267 220 37 Madeleine
1746 1269 394 38 Johnsohn-Gräver.
2250 1270 213 38 Frankfurt
2491 1283 35 24 a.
2555 1272 52 36 M.
2715 1283 39 25 u.
2784 1284 29 24 s.
2845 1269 76 52 w.).

589 1485 190 56 Adrian
822 1486 161 56 Franz
1028 1486 219 59 Servais.

771 1614 300 50 (Nekrolog.)

252 1751 90 49 Die
393 1749 423 50 Trauerbotschaft
878 1766 86 33 von
1015 1750 105 50 dem
1173 1750 132 50 Tode
1361 1751 80 49 des
1490 1755 213 62 grössten

131 1831 249 49 Künstlers
412 1830 84 50 auf
520 1830 106 50 dem
658 1830 277 58 Violoncell,
964 1830 90 50 den
1087 1849 140 31 unser
1255 1832 328 51 Jahrhundert
1631 1850 48 32 er-

131 1919 140 59 zeugt
303 1911 99 56 hat,
450 1911 56 48 ist
535 1910 147 49 durch
736 1910 73 49 die
837 1910 261 66 Zeitungen
1136 1910 172 50 bereits
1339 1915 44 45 in
1416 1912 83 52 der
1528 1929 179 49 ganzen

134 1991 355 51 musicalischen
520 1990 137 52 Welt
686 1988 252 51 verbreitet
968 1990 193 49 worden
1202 1990 94 50 und
1347 1991 80 52 hat
1475 1994 203 49 schmerz-

134 2071 89 51 lich
253 2070 297 59 überrascht,
600 2070 61 49 da
710 2086 108 35 man
869 2070 61 49 im
981 2070 241 51 Auslande
1273 2071 147 52 nichts
1452 2091 86 33 von
1578 2072 131 51 einer

134 2150 268 52 Krankheit
444 2151 190 57 wusst'e,
684 2166 58 33 an
793 2150 203 49 welcher
1024 2150 184 51 Servais
1256 2151 140 67 lange
1443 2154 144 50 schon
1639 2152 71 50 litt

136 2230 95 52 und
281 2231 178 50 welche
501 2230 86 49 seit
634 2228 151 51 ihrem
816 2228 255 51 Ausbruch
1123 2231 152 66 wenig
1326 2232 245 69 Hoffnung
1622 2232 87 51 auf

135 2311 237 67 gänzliche
403 2310 207 66 Heilung
640 2308 110 68 gab.
808 2310 166 49 Dieser
1006 2310 266 51 Krankheit
1312 2312 57 49 ist
1409 2331 51 32 er
1509 2331 74 33 am
1617 2311 90 52 27.

135 2390 290 62 November,
455 2391 224 65 Morgens
709 2390 32 51 9
774 2390 120 57 Uhr,
933 2390 44 49 in
1006 2390 153 51 seiner
1207 2391 267 52 Vaterstadt
1513 2395 91 49 Hai
1635 2411 48 32 er-

136 2474 154 64 legen,
320 2471 45 50 in
395 2471 106 48 dem
531 2470 206 49 schönen
766 2468 302 59 Landhause,
1099 2470 81 51 das
1204 2472 159 50 ersieh
1397 2474 122 58 dort,
1550 2475 157 49 wohin

138 2570 52 32 er
218 2551 168 50 immer
418 2550 175 51 wieder
623 2550 362 62 zurückkehrte,
1015 2551 127 50 hatte
1175 2554 155 48 bauen
1364 2555 164 48 lassen.

258 2630 221 51 Adrian
525 2631 181 48 Franz
751 2630 234 48 Servais
1037 2646 97 33 war
1171 2649 54 30 zu
1259 2632 109 57 Hai,
1411 2634 150 49 einem
1595 2634 90 50 klei-

141 2729 88 33 nen
280 2711 254 51 Städtchen
559 2711 98 48 drei
703 2710 212 49 Stunden
966 2726 87 33 von
1114 2711 203 58 Brüssel,
1371 2731 73 32 am
1500 2714 48 50 7,
1597 2715 110 49 Juni

146 2790 146 52 1807
325 2791 228 66 geboren.
596 2790 109 49 Sein
737 2790 164 61 Vater,
933 2789 83 50 der
1046 2791 64 50 als
1142 2791 208 51 Musiker
1382 2794 71 49 bei
1486 2794 83 49 der
1598 2794 81 50 dor-

140 2874 127 64 tigen
298 2871 174 50 Kirche
502 2870 248 67 angestellt
779 2886 117 41 war,
927 2870 215 51 ertheilte
1171 2871 96 50 ihm
1300 2872 88 51 den
1427 2883 151 40 ersten
1609 2875 67 49 Un-

138 2951 194 51 terricht
361 2950 85 51 auf
469 2950 84 49 der
579 2950 186 49 Violine
797 2949 94 49 und
922 2949 44 49 in
997 2950 84 49 der
1110 2951 153 50 Musik
1296 2952 282 68 überhaupt.
1611 2955 99 48 Der

138 3032 209 69 Marquis
378 3049 87 33 von
494 3032 165 66 Sayve,
691 3030 73 49 ein
795 3030 412 66 ausgezeichneter
1237 3034 245 58 Dilettant,
1512 3034 83 50 der
1626 3034 85 50 auf

136 3114 153 49 einem
322 3112 123 50 Gute
473 3111 46 50 in
549 3111 83 50 der
654 3110 135 49 Nähe
818 3111 207 59 wohnte,
1056 3111 246 52 entdeckte
1329 3121 152 43 zuerst
1503 3114 73 50 die
1601 3114 79 50 her-

135 3191 326 69 vorragenden
494 3192 216 65 Anlagen
733 3189 79 50 des
836 3190 179 67 jungen
1034 3192 201 58 Servais,
1264 3195 142 49 nahm
1437 3195 95 49 sich
1556 3195 153 49 seiner

140 3274 224 49 weiteren
405 3272 263 65 Erziehung
718 3288 57 31 an
830 3270 91 49 und
981 3271 216 66 übergab
1250 3275 79 48 ihn
1380 3276 151 48 einem
1562 3284 144 57 guten

139 3355 197 55 Lehrer,
365 3354 208 48 Namens
596 3370 85 32 von
713 3351 81 47 der
826 3351 254 57 Plancken,
1112 3351 104 50 dem
1249 3361 152 42 ersten
1434 3355 272 49 Violinisten

138 3451 76 32 am
247 3434 205 48 Theater
491 3450 52 31 zu
577 3431 199 50 Brüssel.
821 3431 169 50 Seinen
1023 3434 193 47 wahren
1261 3434 150 49 Beruf
1456 3434 109 50 fand
1622 3435 84 49 der

131 3515 149 66 junge
310 3512 209 51 Musiker
549 3514 114 48 aber
695 3515 42 46 in
769 3511 94 48 sich
896 3511 142 50 selbst
1079 3520 109 47 erst,
1217 3512 230 51 nachdem
1485 3533 51 31 er
1564 3515 119 49 zufäl-

138 3596 60 65 lig
229 3595 170 50 einmal
431 3594 88 49 den
552 3594 374 48 Violoncellisten
967 3592 198 66 Platel*)
1213 3594 70 48 ein
1316 3595 111 48 Solo
1456 3603 253 58 vortragen

140 3675 149 51 hörte.
350 3675 101 48 Von
482 3675 172 47 diesem
691 3672 296 66 Augenblick
1018 3691 58 32 an
1107 3672 94 68 gab
1231 3691 50 31 er
1311 3674 74 49 die
1419 3675 180 51 Violine
1631 3675 83 50 auf

140 3755 93 48 und
268 3754 217 49 widmete
516 3754 94 48 sich
658 3754 81 48 mit
792 3754 139 48 voller
963 3752 145 50 Liebe
1159 3752 105 51 dem
1296 3754 274 51 Violoncell.
1628 3756 84 49 Als

139 3835 197 50 Schüler
386 3834 80 49 des
498 3832 436 51 Conservatoriums
983 3834 294 51 entwickelte
1326 3853 51 30 er
1425 3836 96 49 sich
1574 3843 138 43 unter

141 3916 183 50 Platel's
357 3916 202 64 Leitung
588 3932 51 31 so
668 3914 193 59 schnell,
892 3912 104 51 dass
1027 3932 49 31 er
1105 3915 142 50 schon
1288 3916 62 49 im
1383 3924 154 42 ersten
1565 3916 147 51 Jahre

243 4134 43 52 *)
314 4134 128 39 Nicol.
471 4133 153 48 Joseph
652 4130 129 37 Platel
809 4130 104 37 starb
946 4126 102 42 1835
1078 4139 50 24 zu
1146 4125 161 38 Brüssel
1335 4124 57 39 als
1412 4126 204 36 Professor
1646 4124 67 37 der

137 4197 379 39 Violoncell-Classe
563 4206 61 26 am
667 4191 357 41 Conservatorium.
1080 4190 148 37 Ausser
1273 4187 157 38 Servais
1476 4186 88 38 sind
1609 4185 102 38 auch

135 4265 115 33 Batta
277 4261 83 37 und
388 4258 209 40 Demunck
626 4258 107 37 seine
763 4255 176 38 Schüler.

1804 1431 87 49 alle
1921 1431 273 49 Mitschüler
2223 1431 217 51 übertraf
2465 1431 94 51 und
2590 1431 88 51 den
2709 1441 151 41 ersten
2887 1433 130 50 Preis
3047 1433 179 51 erhielt.
3257 1435 115 51 Bald

1804 1511 172 49 darauf
2002 1511 164 49 wurde
2195 1529 51 31 er
2275 1512 242 66 Repetitor
2547 1529 87 33 von
2664 1512 185 50 Platel's
2881 1512 161 51 Classe
3072 1513 96 50 und
3191 1521 94 43 trat
3326 1515 44 49 in

1804 1591 81 48 das
1916 1590 449 49 Theaterorchester
2396 1592 90 56 ein,
2517 1607 73 33 wo
2620 1609 51 31 er
2703 1590 32 52 3
2765 1591 146 51 Jahre
2954 1593 110 65 lang
3114 1592 126 50 blieb
3281 1593 92 50 und

1802 1670 97 48 sein
1929 1670 126 66 Spiel
2098 1668 141 69 jeden
2290 1671 103 65 Tag
2443 1670 462 61 vervollkommnete,
2949 1671 123 51 ohne
3095 1671 172 69 jedoch
3297 1673 73 50 die

1804 1748 266 51 öffentliche
2123 1750 435 50 Aufmerksamkeit
2609 1751 85 48 auf
2742 1751 96 49 sich
2879 1769 55 31 zu
2977 1752 181 59 ziehen,
3198 1752 103 50 weil
3330 1753 46 50 in

1796 1830 136 66 jener
1961 1830 99 48 Zeit
2103 1830 271 68 überhaupt
2402 1831 119 49 noch
2554 1831 106 49 kein
2691 1831 232 51 lebhafter
2961 1832 114 48 Sinn
3114 1832 74 50 für
3217 1833 155 50 Musik

1804 1910 44 48 in
1872 1910 184 48 Brüssel
2086 1910 255 50 herrschte.
2371 1911 286 65 Desswegen
2679 1911 112 69 ging
2811 1911 298 51 eraufF&is'
3135 1913 125 50 Rath
3282 1913 95 50 und

1806 1988 80 49 mit
1914 1988 163 50 dessen
2096 1988 377 68 Empfehlungen
2491 1990 118 49 nach
2627 1990 155 58 Paris;
2813 1990 107 50 dort
2937 1991 161 66 spielte
3114 2007 51 33 er
3182 1992 45 48 in
3252 1991 93 51 Con-

1804 2076 156 41 certen
2012 2068 83 50 mit
2143 2086 208 50 grossem
2382 2070 165 64 Erfolg
2598 2068 96 51 und
2745 2068 166 51 wurde
2961 2087 87 34 von
3099 2070 84 51 der
3224 2072 152 50 Kritik

1804 2148 143 50 schon
1979 2148 179 50 damals
2206 2150 46 49 in
2304 2148 74 51 die
2406 2150 151 51 Reihe
2587 2148 83 51 der
2700 2157 154 44 ersten
2891 2150 372 51 Violoncellisten
3292 2169 54 49 ge-

1802 2228 139 59 stellt,
1971 2228 192 50 obwohl
2214 2246 49 32 er
2312 2230 120 49 noch
2483 2230 128 49 nicht
2660 2228 73 51 die
2793 2230 274 67 ungeheure
3109 2231 268 52 technische

1805 2307 276 51 Virtuosität
2110 2307 173 60 besass,
2314 2308 74 50 die
2416 2326 51 32 er
2496 2308 96 50 sich
2623 2310 209 49 nachher
2859 2328 56 31 zu
2945 2310 135 67 eigen
3112 2311 202 51 machte.

1924 2390 68 48 Im
2022 2388 146 50 Jahre
2204 2387 150 52 1834
2384 2390 112 65 ging
2526 2406 51 32 er
2606 2390 120 49 nach
2756 2391 217 57 London,
3025 2408 73 33 wo
3130 2408 52 31 er
3210 2392 44 49 in
3287 2391 89 51 den

1806 2467 460 66 philharmonischen
2318 2468 260 50 Concerten
2629 2468 176 67 spielte.
2853 2468 203 50 Hierauf
3102 2468 165 51 kehrte
3325 2488 51 33 er

1804 2547 119 50 nach
1955 2548 193 65 Belgien
2197 2548 172 49 zurück
2424 2548 92 49 und
2548 2547 218 51 widmete
2813 2548 94 50 sich
2948 2548 112 50 zwei
3090 2548 146 51 Jahre
3267 2551 110 66 lang

1804 2627 89 50 den
1918 2627 379 51 andauerndsten
2328 2627 215 60 Studien,
2591 2629 147 49 durch
2793 2629 177 49 welche
3018 2646 49 32 er
3117 2631 95 48 sich
3259 2648 118 48 ganz

1802 2725 124 33 neue
1957 2709 193 49 Bahnen
2201 2707 61 50 im
2295 2709 347 49 Mechanismus
2691 2709 80 49 des
2821 2709 149 66 Spiels
3020 2709 243 50 eröffnete.
3309 2712 63 47 Es

1804 2804 100 33 war
1943 2787 149 50 dieses
2121 2787 264 66 vorzüglich
2417 2786 73 51 die
2524 2787 206 68 Epoche,
2773 2787 43 50 in
2849 2787 203 50 welcher
3079 2790 98 48 sein
3208 2790 171 49 Talent

1804 2867 134 50 einen
1971 2867 145 50 Glanz
2148 2867 95 50 und
2274 2867 101 50 eine
2403 2867 245 50 Kühnheit
2676 2867 46 50 in
2752 2866 89 51 den
2871 2867 350 68 schwierigsten
3263 2870 86 49 Pas-

1802 2964 145 51 sagen
1996 2947 247 59 erreichte,
2293 2947 148 50 worin
2490 2947 96 50 ihm
2617 2947 235 51 Niemand
2904 2949 151 66 gleich
3094 2949 285 67 gekommen

1802 3027 70 51 ist.
1933 3029 136 49 Auch
2117 3029 127 49 seine
2294 3035 151 42 ersten
2479 3027 383 68 Compositionen
2892 3029 177 49 rühren
3112 3046 84 33 aus
3225 3031 152 50 dieser

1801 3107 103 50 Zeit
1933 3107 110 51 her:
2091 3107 63 50 sie
2185 3106 266 51 zeichneten
2501 3106 97 51 sich
2653 3107 256 51 besonders
2938 3107 147 50 durch
3117 3109 72 49 die
3219 3126 154 33 neuen

1804 3187 416 68 Schwierigkeiten
2251 3205 101 39 aus,
2382 3186 75 51 die
2484 3187 98 50 sich
2611 3187 182 51 Servais
2830 3206 81 32 zur
2940 3187 221 68 Aufgabe
3192 3191 184 66 gestellt

1805 3269 128 49 hatte
1966 3267 90 50 und
2087 3267 142 50 selbst
2274 3267 233 66 glücklich
2538 3267 132 51 löste.

1924 3349 68 48 Im
2036 3349 145 48 Jahre
2239 3346 148 52 1836
2440 3349 111 64 ging
2601 3366 50 32 er
2703 3347 173 50 wieder
2925 3347 118 50 nach
3076 3347 148 57 Paris,
3276 3350 95 65 gab

1805 3427 217 50 mehrere
2041 3427 229 51 Concerte
2302 3427 92 50 und
2427 3429 183 48 machte
2639 3429 60 48 im
2733 3427 248 66 folgenden
3009 3429 165 58 Jahre,
3211 3426 168 60 1837,

1805 3509 102 48 eine
1936 3507 275 50 Kunstreise
2261 3506 149 50 durch
2441 3506 224 62 Holland,
2717 3506 175 51 welche
2947 3509 160 49 seinen
3158 3507 99 51 Ruf
3301 3509 84 48 auf

1806 3587 102 50 eine
1942 3587 140 50 Höhe
2114 3587 212 56 brachte,
2356 3589 87 47 wie
2473 3605 50 32 er
2553 3587 64 50 sie
2648 3586 157 51 bisher
2835 3589 119 48 noch
3001 3589 127 49 nicht
3178 3587 202 50 erreicht

1808 3667 144 55 hatte,
2003 3667 57 50 da
2109 3685 95 32 nun
2256 3669 118 48 auch
2416 3666 72 51 die
2517 3667 256 50 deutschen
2805 3669 248 49 kritischen
3088 3667 172 50 Blätter
3291 3685 88 33 von

1806 3749 158 48 seinen
1993 3747 291 66 Triumphen
2316 3747 133 50 Notiz
2479 3747 205 50 nahmen
2711 3747 94 50 und
2835 3749 157 49 seinen
3018 3749 157 49 Ruhm
3208 3747 141 51 beson-

1808 3827 106 50 ders
1943 3829 61 48 im
2036 3827 192 51 Norden
2260 3827 326 51 verbreiteten.
2632 3830 131 48 Nach
2794 3830 129 48 einer
2953 3829 172 49 kurzen
3156 3829 139 49 Ruhe
3333 3829 46 49 in

1809 3907 82 51 der
1922 3909 242 56 Heimath,
2200 3909 74 48 die
2304 3925 50 32 er
2384 3909 168 49 immer
2582 3909 174 49 wieder
2785 3926 54 31 zu
2879 3925 153 33 neuen
3064 3907 194 51 Studien
3285 3907 95 51 und

1809 3987 327 68 Erfindungen
2187 3987 43 50 in
2283 3987 83 51 der
2415 3989 207 49 Technik
2655 3989 78 49 des
2763 3990 148 66 Spiels
2940 3987 238 60 benutzte,
3206 3996 93 42 trat
3329 4006 52 32 er

1815 4066 148 52 1839
1996 4067 116 51 über
2142 4066 195 51 Lübeck
2370 4069 94 49 und
2496 4070 119 65 Riga
2644 4069 126 49 seine
2799 4076 122 42 erste
2951 4069 138 49 Reise
3139 4067 119 51 nach
3290 4070 58 49 Pe-

1809 4147 222 68 tersburg
2062 4165 72 33 an.
2181 4149 116 49 Hier
2327 4149 229 50 erreichte
2586 4149 72 49 die
2689 4149 340 67 Begeisterung
3061 4147 75 51 für
3164 4149 80 50 ihn
3274 4150 103 49 eine

1810 4227 260 53 fabelhafte
2121 4229 155 51 Höhe.
2338 4230 69 50 Im
2440 4230 163 50 Monat
2632 4229 133 67 April
2821 4227 149 54 1840
3004 4230 108 50 kam
3170 4248 70 40 er,
3290 4231 90 49 wie

3055 4310 71 52 49

2846 904 115 55 XIV.
3005 906 281 72 Jahrgang.

209 889 83 57 Nr.
335 890 86 56 49.

1368 887 174 77 KÖLN,
1588 898 49 55 8.
1679 898 291 56 Beceiiiber
2013 901 145 55 1866.
