3586 4447
1873 209 0 0 392

307 308 104 36 Frau
439 305 270 38 Madeleine
743 302 459 45 Johnson-Gräver,
1246 301 292 36 Hof-Pianistin
1582 301 66 36 der
1688 301 54 35 Kö-

199 371 109 47 nigin
352 381 76 24 von
470 367 185 48 Holland,
697 366 75 48 gab
801 378 62 24 am
892 362 63 40 30.
984 364 222 36 November
1234 363 87 36 eine
1358 362 173 37 Soiree
1567 363 54 35 im
1649 360 122 39 Hotel

199 432 136 38 Disch.
391 430 164 37 Allerlei
595 431 61 34 für
701 429 61 36 die
791 425 229 39 Künstlerin
1062 427 41 34 in
1145 426 141 35 hohem
1317 425 139 45 Grade,
1485 426 63 35 für
1575 437 74 24 uns
1678 425 93 36 aber

198 494 103 37 nach
329 494 222 46 Erfahrung
579 492 172 47 weniger
778 491 259 35 unerwartete
1066 486 155 37 Zufälle
1263 486 275 36 verhinderten
1582 485 185 45 dieselbe,

198 559 176 45 grössere
411 554 156 45 Werke,
616 564 42 24 so
694 552 73 35 wie
815 551 56 36 sie
917 561 40 25 es
999 548 297 47 beabsichtigte,
1338 550 275 44 vorzutragen,
1662 559 31 24 z.
1724 547 46 42 B.

198 615 313 38 Mendelssohn's
531 616 182 45 Quartett
741 615 41 34 in
802 612 164 37 H-moll.
1022 612 75 35 Mit
1126 611 66 35 der
1220 609 385 38 zuvorkommenden
1623 609 124 36 Unter-

199 681 187 44 stützung
427 677 67 37 des
531 677 129 35 Herrn
691 674 348 38 Concertmeisters
1074 683 94 24 von
1195 670 295 49 Königslöw
1529 672 150 35 konnte
1714 670 56 36 sie

197 752 75 24 uns
294 739 146 47 jedoch
470 739 74 35 den
574 740 153 35 Genuss
755 736 189 47 bereiten,
974 736 86 33 eine
1089 745 43 24 so
1161 736 73 45 gut
1261 734 75 34 wie
1364 733 266 43 unbekannte,
1660 731 114 36 recht

199 801 122 47 artige
352 800 143 36 Sonate
524 801 62 34 für
605 800 122 35 Piano
757 798 82 36 und
858 797 156 37 Violine
1043 806 79 25 von
1144 794 204 36 Dussek
1376 794 81 35 und
1486 794 61 35 die
1576 792 195 36 herrliche

535 873 79 24 von
642 860 288 36 Beethoven
959 858 122 35 hören
1110 867 48 25 zu
1186 856 143 46 lassen,
1376 855 119 36 deren
1522 846 224 45 Ausführun-

196 936 77 37 gen
302 924 105 35 allen
434 923 327 46 Anforderungen
790 921 65 35 des
886 918 241 37 classischen
1141 918 202 47 Vortrags,
1370 917 77 36 wie
1476 928 90 24 man
1595 916 68 35 ihn
1691 928 80 24 von

200 986 163 37 solchen
406 985 100 35 zwei
533 983 217 37 Künstlern
794 982 110 35 nicht
938 980 139 36 anders
1107 982 191 33 erwarten
1328 979 120 46 kann,
1496 978 274 48 entsprachen»

197 1049 47 36 In
272 1047 113 36 ihren
413 1044 306 48 Solovorträgen
749 1044 65 35 der
842 1053 162 38 grossen
1023 1041 211 36 Polonaise
1263 1040 71 36 mit
1362 1040 87 35 dem
1479 1038 265 49 vorhergehen-

199 1110 71 37 den
303 1108 187 37 Andante
518 1107 183 47 spianato
747 1117 76 24 von
869 1105 205 46 Chopin,
1118 1102 140 36 zweier
1291 1101 197 37 kleinerer
1517 1101 145 35 Stücke
1691 1112 77 24 von

197 1173 40 38 J.
267 1172 24 36 S
296 1201 9 9 e
332 1166 131 41 B'ach
494 1169 82 36 und
605 1170 106 34 eines
742 1164 426 50 Concert-Capriccio's
1196 1175 77 24 von
1303 1164 158 46 eigener
1502 1162 269 48 Composition

199 1234 177 48 (brillant
404 1233 80 36 und
513 1231 205 47 anmuthig
746 1229 80 36 und
853 1229 97 36 über
981 1228 73 35 den
1084 1226 301 48 gewöhnlichen
1401 1227 85 34 Ton
1514 1236 78 24 von
1608 1225 138 35 Virtuo-

197 1295 237 38 senstücken
463 1295 92 34 weit
583 1289 301 49 hervorragend)
914 1290 125 48 zeigte
1069 1290 105 34 Frau
1191 1289 149 35 Gräver
1366 1288 40 34 in
1435 1287 103 35 noch
1568 1286 200 35 erhöhtem

201 1357 127 38 Grade
371 1356 57 36 als
470 1357 40 33 in
552 1355 104 35 ihrer
684 1354 189 47 Leistung
915 1354 53 33 im
999 1350 415 37 Gürzenich-Concert
1457 1350 59 35 die
1545 1347 223 37 vollendete

196 1419 299 46 Beherrschung
521 1417 104 34 ihres
640 1416 280 34 Instrumentes
951 1411 150 38 sowohl
1130 1413 39 33 in
1201 1411 97 45 dem,
1329 1423 79 23 was
1439 1412 100 46 eine,
1569 1410 63 36 bei
1662 1409 106 36 einer

197 1483 127 34 Dame
352 1479 250 47 namentlich,
632 1476 335 37 staunenswerthe
996 1475 115 35 Kraft
1140 1474 67 35 des
1237 1474 129 35 Tones
1395 1473 211 36 besonders
1633 1473 41 34 in
1695 1471 73 36 den

200 1544 293 45 Basspassagen
521 1540 80 35 und
632 1539 336 46 Octavengängen
995 1535 160 48 betrifft,
1185 1534 56 36 als
1269 1536 40 34 in
1340 1534 66 36 der
1425 1534 261 47 Behandlung
1703 1533 67 35 der

199 1604 171 36 Melodie
397 1603 80 35 und
506 1602 67 35 des
602 1600 212 49 perlenden
835 1597 207 50 Tonspiels
1071 1599 41 34 in
1143 1597 72 36 den
1244 1596 194 37 mittleren
1467 1597 79 35 und
1576 1596 192 36 höchsten

200 1667 176 35 Octaven
407 1664 119 36 durch
543 1669 144 38 zarten,
719 1663 73 34 wie
806 1660 266 48 versagenden
1097 1659 80 35 und
1196 1659 80 34 fein
1295 1660 234 33 nuancirten
1549 1656 218 48 Anschlag.

198 1727 66 36 Ihr
291 1725 137 48 Erfolg
456 1737 80 24 war
564 1724 63 35 bei
654 1722 203 36 Musikern
887 1722 77 35 und
994 1720 243 36 Dilettanten
1270 1720 62 35 ein
1361 1719 250 48 glänzender.

303 1952 344 44 Frankfurt
673 1964 52 27 a.
897 1954 72 35 den
1011 1952 64 39 26.
1120 1953 232 37 November.
1409 1952 47 37 In
1494 1952 66 36 der
1589 1951 182 37 dritten

199 2035 78 25 von
306 2023 75 35 den
412 2021 199 36 Soireen
639 2019 76 35 für
743 2017 405 45 Kammermusik,
1179 2016 148 36 welche
1357 2017 61 34 die
1448 2017 150 34 Herren
1629 2017 114 34 Heer-

200 2097 156 33 mann,
386 2082 194 38 Lübeck
623 2081 82 35 und
735 2081 200 36 Genossen
985 2079 134 36 diesen
1151 2080 152 35 Winter
1331 2079 139 47 geben,
1502 2078 137 48 spielte
1669 2078 103 35 Frau

201 2148 226 36 Schumann
456 2145 68 35 das
553 2143 179 45 Quartett
760 2142 40 34 in
1011 2141 71 48 Op.
1114 2138 62 51 26,
1206 2152 77 25 von
1312 2141 106 36 Job.
1455 2140 224 44 Brahms,
1710 2139 63 36 für

199 2209 240 43 Pianoforte,
468 2205 171 44 Violine,
669 2203 187 36 Bratsche
886 2203 80 35 und
994 2201 236 49 Violoncell,
1262 2201 178 37 worüber
1482 2201 67 35 der
1589 2202 184 35 Referent

202 2271 65 36 der
612 2279 37 23 u.
679 2267 46 36 A.
757 2264 193 38 schreibt:
1013 2265 132 47 „Ganz
1176 2265 67 35 der
1271 2275 169 25 neueren
1470 2264 198 47 Richtung
1688 2264 63 34 hin-

199 2334 191 48 gegeben
418 2332 141 37 besitzt
586 2330 164 35 Brahms
781 2329 85 35 eine
895 2328 132 35 reiche
1051 2328 185 35 Fantasie
1265 2328 80 35 und
1375 2339 40 24 es
1444 2328 104 35 steht
1575 2326 80 35 ihm
1685 2326 87 35 eine

199 2394 287 38 künstlerische
518 2390 273 39 Gewandtheit
817 2391 54 34 im
901 2389 89 35 Satz
1022 2401 49 23 zu
1101 2389 161 45 Gebote,
1293 2389 61 35 die
1383 2401 40 24 er
1464 2389 41 34 in
1547 2389 87 35 sehr
1663 2399 88 25 aner-

199 2457 344 38 kennenswerther
573 2454 131 36 Weise
747 2453 38 34 in
829 2452 145 37 diesem
1011 2452 181 44 Quartett
1228 2452 206 47 bethätigt.
1490 2450 159 48 Allegro
1693 2450 80 36 und

199 2519 153 47 Adagio
398 2517 185 35 möchten
628 2515 69 35 wir
739 2518 99 31 trotz
871 2514 65 35 der
966 2513 125 36 hierin
1121 2514 88 34 sehr
1236 2512 205 49 geschickt
1468 2512 305 44 angewendeten

199 2579 421 40 InstrumentalefFecte
649 2575 259 37 hinsichtlich
938 2575 67 37 des
1033 2575 302 36 musicalischen
1354 2575 177 37 Werthes
1549 2575 127 34 hinter
1700 2575 68 35 das

200 2646 168 37 Scherzo
411 2643 81 36 und
537 2639 137 38 Finale
719 2641 228 33 verweisen.
1002 2639 82 35 Das
1131 2638 167 36 Scherzo
1342 2640 51 34 ist
1434 2638 208 46 unstreitig
1686 2638 87 34 eine

199 2709 88 37 sehr
327 2704 155 51 geniale
512 2702 149 47 Arbeit,
712 2701 61 35 die
818 2700 42 35 in
896 2699 112 47 jeder
1049 2700 228 47 Beziehung
1305 2700 237 47 Beachtung
1584 2699 189 35 verdient.

199 2772 82 35 Das
310 2773 99 32 erste
440 2767 148 35 Thema
614 2765 53 33 im
696 2761 148 46 Finale,
877 2763 63 33 ein
968 2762 109 35 recht
1108 2760 237 50 origineller,
1377 2766 100 30 etwa
1516 2762 107 34 einer
1651 2772 99 36 unga-

195 2831 155 38 rischen
379 2829 134 37 Weise
543 2826 84 38 sich
654 2824 221 36 nähernder
906 2823 201 44 Gedanke,
1138 2823 104 46 birgt
1287 2823 62 35 ein
1385 2822 389 37 charakteristisches

195 2892 280 38 Kennzeichen
505 2890 66 35 der
601 2886 401 47 Weimar-Leipziger
1032 2885 146 35 Schule
1275 2885 61 35 die
1357 2884 320 48 Ueberkleidung
1709 2885 66 35 der

193 2953 307 39 musicalischen
531 2952 123 35 Cäsur
763 2948 90 36 sehr
881 2947 295 37 hervortretend
1218 2948 41 34 in
1302 2947 104 45 sich;
1450 2946 104 36 beim
1584 2946 170 36 erstmali-

193 3029 76 37 gen
299 3015 190 37 Anhören
538 3012 163 47 frappirt
750 3022 41 24 es
833 3009 121 36 durch
1003 3010 67 35 das
1114 3009 111 37 nicht
1261 3009 277 36 entschiedene
1569 3008 204 35 Auftreten

194 3080 67 35 des
291 3076 239 49 Rhythmus;
562 3075 63 34 ein
653 3071 212 49 sforzando
895 3073 53 34 im
977 3072 138 45 Piano,
1147 3071 67 36 das
1243 3071 52 35 im
1328 3072 243 46 Gegensatze
1608 3082 48 23 zu
1702 3071 71 34 den

193 3141 215 36 markirten
437 3138 126 35 Noten
611 3136 66 34 der
706 3135 436 36 Streich-Instrumente
1189 3135 72 34 auf
1300 3134 61 35 die
1390 3134 145 34 leichte
1564 3133 85 35 Zeit
1676 3132 99 45 fällt,

193 3206 98 34 lässt
319 3214 74 24 uns
424 3205 77 31 erst
529 3199 103 35 nach
662 3199 158 46 einigen
851 3198 148 34 Tacten
1031 3196 73 35 den
1150 3196 289 48 zweitheiligen
1471 3197 100 34 Tact
1618 3196 136 35 heraus-

193 3266 143 36 finden.
373 3264 74 35 Die
477 3261 294 47 Ausarbeitung
800 3260 127 35 dieses
959 3259 134 36 Satzes
1124 3259 49 35 ist
1202 3259 39 34 in
1272 3259 104 35 ihrer
1408 3259 132 35 Weise
1570 3257 110 36 recht
1707 3268 45 36 ge-

192 3329 161 46 lungen,
393 3337 74 24 nur
509 3325 135 34 hätten
688 3324 71 34 wir
788 3322 111 36 Alles
930 3327 120 31 etwas
1080 3322 173 45 weniger
1280 3321 100 37 breit
1410 3320 245 48 gewünscht.
1714 3320 60 34 An

196 3389 201 39 derselben
425 3399 75 23 nur
526 3398 50 24 zu
601 3384 261 49 gründlichen
891 3383 274 48 Ausdehnung
1195 3383 211 36 laborirten
1446 3382 103 36 auch
1580 3382 62 35 die
1670 3381 84 36 übri-

195 3464 77 38 gen
300 3452 258 46 Hauptsätze,
602 3461 42 23 so
694 3448 89 35 dass
833 3447 61 36 die
923 3447 258 46 Ausführung
1230 3447 125 34 dieses
1387 3445 200 44 Quartetts
1622 3443 155 36 nahezu

197 3516 87 36 eine
313 3512 148 37 Stunde
489 3512 40 34 in
560 3509 209 49 Anspruch
798 3509 129 37 nahm.
988 3508 89 37 Und
1108 3508 67 36 das
1204 3508 50 34 ist
1284 3507 99 35 denn
1416 3506 66 37 des
1514 3507 130 35 Guten
1674 3505 100 36 doch

197 3576 62 35 ein
289 3575 130 47 wenig
448 3584 49 24 zu
523 3572 90 36 viel.
642 3573 75 35 Die
745 3572 148 35 Herren
926 3571 70 34 He
1008 3581 214 33 ermann,
1255 3568 194 37 Welker
1478 3569 81 35 und
1573 3567 202 38 Lübeck

195 3644 140 44 trugen
364 3638 54 35 im
446 3636 145 36 Verein
621 3636 70 34 mit
720 3635 101 34 Frau
852 3633 149 36 Clara
1030 3633 278 35 Schumann
1341 3631 67 36 das
1439 3629 122 38 Werk
1590 3633 42 33 in
1661 3631 96 35 selte-

195 3713 70 24 ner
291 3699 253 47 Vollendung
571 3709 84 35 vor,
686 3707 79 25 was
794 3694 212 37 denselben
1035 3695 101 35 auch
1168 3695 122 35 durch
1328 3694 72 36 den
1448 3694 210 47 gerechten
1688 3693 66 35 Bei-

195 3765 71 36 fall
294 3762 248 48 hinlänglich
573 3759 110 36 kund
711 3758 178 48 gegeben
919 3757 144 36 wurde.

305 3846 102 34 Dass
454 3843 67 35 das
552 3841 139 35 darauf
715 3839 197 48 folgende,
955 3839 40 34 in
1025 3838 88 36 sehr
1141 3836 288 38 meisterhafter
1457 3835 134 39 Weise
1640 3848 115 35 vorge-

195 3909 131 36 führte
367 3904 151 38 F-dur-
525 3904 178 44 Quartett
748 3901 79 49 (Nr.
868 3898 39 51 8)
954 3911 79 25 von
1063 3902 150 34 Mozart
1256 3901 114 35 einen
1416 3899 360 49 eigentümlichen

199 3971 184 37 Contrast
432 3969 70 34 auf
544 3967 67 36 das
656 3966 210 36 Publicum
919 3964 175 45 ausübte,
1145 3964 212 46 unterliegt
1402 3962 156 36 keinem
1601 3961 174 37 Zweifel.

197 4033 151 36 Musste
377 4042 91 24 man
495 4030 83 36 sich
606 4030 143 36 vorher
773 4028 122 38 durch
926 4029 62 35 die
1016 4027 337 49 labyrinthischen
1380 4028 150 46 Gänge,
1561 4026 214 47 allerdings

197 4096 84 35 hier
309 4094 82 36 und
428 4093 48 37 da
505 4093 137 36 erhellt
671 4104 77 25 von
776 4091 220 37 lachenden
1026 4090 330 44 Sonnenblicken,
1388 4089 291 44 durchwinden,
1709 4099 67 23 um

196 4169 53 26 zu
295 4158 86 37 dem
426 4157 116 48 lange
571 4155 216 50 gesuchten
816 4156 214 47 Ausgange
1075 4166 49 23 zu
1164 4153 197 49 kommen,
1402 4164 42 25 so
1475 4151 68 37 sah
1572 4163 90 23 man
1691 4150 84 36 sich

192 4224 100 33 „etzt
319 4222 40 35 in
389 4221 112 36 einen
534 4221 143 36 Garten
710 4223 179 41 versetzt,
921 4219 120 37 worin
1073 4230 87 24 man
1191 4217 110 37 nicht
1329 4229 74 24 nur
1439 4227 49 25 an
1540 4215 66 36 der
1634 4214 142 49 Regel-

1871 298 228 49 Mässigkeit
2127 297 203 37 kunstvoll
2360 296 224 50 angelegter
2612 297 118 35 Beete
2759 296 81 36 voll
2881 296 244 48 prangender
3153 295 165 36 Blumen
3348 294 84 36 sich

1871 360 162 45 weiden,
2064 360 166 37 sondern
2250 359 83 37 sich
2363 359 101 36 auch
2493 359 67 36 der
2582 357 232 49 gänzlichen
2831 357 278 48 Befriedigung
3138 358 127 34 seines
3286 355 123 37 Schön-

1871 421 233 37 heitssinnes
2132 420 342 37 ununterbrochen
2505 420 79 36 und
2611 421 202 45 ungestört
2840 418 224 36 überlassen
3095 418 138 36 durfte.

1977 589 292 38 Dl*es<leil«
2324 590 76 35 Am
2429 586 62 42 29.
2521 590 219 37 November
2768 590 51 35 ist
2859 588 85 36 hier
2987 587 169 38 Julius
3197 588 156 42 Rietz,
3396 585 37 37 k.

1872 652 244 38 sächsischer
2144 649 408 50 Hof-Capellmeister,
2581 651 220 48 gestorben.
2858 651 51 35 Er
2947 661 79 25 war
3062 646 103 41 1812
3212 661 48 23 zu
3302 647 131 37 Berlin

1869 715 184 48 geboren.

1978 859 74 34 Die
2082 858 190 47 Sängerin
2301 858 104 35 Frau
2432 858 69 36 Dr.
2531 858 255 47 Leisinger
2828 858 66 36 hat
2937 858 62 37 die
3040 857 227 48 königliche
3298 856 135 36 Bühne

1870 922 42 35 in
1940 920 191 48 Stuttgart
2156 920 202 36 verlassen
2385 919 81 36 und
2495 920 85 35 sich
2607 921 60 34 ins
2697 919 251 38 Privatleben
2979 919 337 49 zurückgezogen.

2255 3668 73 50 pie

1877 3732 193 37 erscheint
2102 3730 118 47 jeden
2260 3731 177 46 Samstag
2479 3731 40 32 in
2565 3731 126 32 einem
2734 3739 151 35 ganzen
2920 3727 133 47 Bogen
3099 3725 71 35 mit
3205 3722 249 47 zwanglosen

1878 3785 201 47 Beilagen.
2189 3784 80 33 Der
2291 3782 397 46 Abonnementspreis
2709 3781 153 45 beträgt
2895 3781 61 33 für
2987 3780 66 34 das
3074 3776 193 46 Halbjahr
3296 3772 24 38 2
3335 3774 119 43 Thlr.,

1877 3838 63 36 bei
1969 3838 74 35 den
2065 3836 48 35 K.
2143 3846 146 37 preuss.
2312 3833 320 37 Post-Anstalten
2661 3831 24 39 2
2702 3831 105 37 Thlr.
2833 3832 22 38 5
2876 3832 83 48 Sgr.
3016 3831 98 35 Eine
3145 3827 173 37 einzelne
3339 3828 87 34 Num-

1877 3903 81 23 mer
1987 3889 25 37 4
2042 3889 83 47 Sgr,

1985 3943 129 35 Briefe
2142 3941 81 36 und
2243 3939 284 49 Zusendungen
2563 3938 94 36 aller
2677 3939 72 34 Art
2777 3936 155 37 werden
2961 3941 114 30 unter
3104 3934 66 36 der
3194 3932 169 37 Adresse
3394 3931 63 38 der

1878 3998 53 36 M.
1963 3992 558 49 DuMont-Schauberg'schen
2550 3991 313 47 Buchhandlung
2890 3991 42 33 in
2961 3989 105 36 Köln
3097 3988 167 36 erbeten.

1998 4099 370 38 Verantwortlicher
2396 4094 293 49 Herausgeber:
2721 4094 103 35 Prof.
2859 4091 36 36 L
2899 4118 11 11 ♦
2940 4089 174 47 Bischof
3143 4092 41 33 in
3213 4089 117 37 Köln.

1956 4155 202 47 Verleger:
2191 4151 54 37 M.
2277 4146 439 49 DuMont-Schauberg'
2723 4147 90 35 sehe
2842 4144 312 47 Buchhandlung
3185 4144 41 34 in
3255 4141 119 38 Köln.

1913 4208 196 37 Drucker:
2144 4205 53 37 M.
2229 4201 428 48 DuMont-Schauberg
2685 4202 40 35 in
2754 4199 117 44 Köln,
2911 4198 250 35 Breitstrasse
3191 4195 50 39 76
3267 4208 37 24 u.
3337 4194 84 43 78..

2422 1162 467 73 änJtimMgumjen.

1970 1415 174 65 Verlag
2182 1432 86 31 von
2309 1413 316 66 Breitkopf
2664 1411 116 50 und
2813 1414 201 48 Härtel
3054 1414 43 48 in
3129 1414 202 67 Leipzig.

1869 1497 103 41 Neue
2018 1496 189 40 wohlfeile
2255 1494 413 51 G-esammt-Ausgaben
2715 1494 38 39 in
2801 1494 153 52 elegant
2998 1495 218 40 brochirten
3266 1496 166 40 Bänden.

1929 1559 447 85 MOZABT'S
2413 1559 322 82 Sonaten
2771 1559 124 81 für
2925 1559 443 85 Pianoforte.

1874 1676 169 48 Complet
2073 1676 76 38 Nr.
2177 1678 101 36 I—l
2278 1678 41 36 7.
2352 1675 76 35 Mit
2458 1673 187 38 Mozarts
2673 1674 194 38 Portrait,
2900 1676 79 35 Ein
3008 1676 133 36 Band.
3174 1676 70 36 Pr.
3276 1679 24 34 3
3326 1677 114 37 Thlr.

1948 1738 408 82 HAYDN'S
2394 1738 322 81 Sonaten
2752 1737 123 81 für
2912 1737 442 83 Pianoforte.

1874 1856 172 46 Complet
2086 1855 73 36 Nr.
2191 1857 21 33 1
2220 1855 113 35 —34.
2364 1853 77 37 Mit
2469 1852 184 48 Haydrfs
2676 1851 190 37 Portrait.
2898 1852 103 36 Zwei
3015 1851 153 39 Bände.
3198 1852 71 39 Pr.
3288 1856 23 34 5
3335 1854 110 37 Thlr;

2366 1917 149 34 Früher
2546 1916 227 35 erschienen
2802 1916 144 35 schon:

1871 1975 624 87 BEETHOVEN'S
2526 1975 324 82 Sonaten
2862 1975 124 80 für
3005 1975 438 85 Pianoforte.

1876 2096 171 46 Complet
2076 2094 75 37 Nr.
2181 2096 22 32 I—3B.1
2211 2095 112 35 —38.
2379 2091 102 37 Drei
2508 2090 154 37 Bände.
2720 2090 189 37 Brochirt
2936 2093 51 33 15
3018 2090 106 38 Thlr.
3182 2091 173 49 Elegant
3380 2104 64 36 ge-

2359 2144 158 36 bunden
2547 2147 50 33 16
2635 2144 108 37 Thlr.
2773 2145 52 35 15
2855 2143 101 38 Nor.

1979 2239 76 36 Bei
2089 2244 40 29 C.
2165 2241 238 32 Weinholtz
2437 2241 44 29 lii
2511 2237 328 39 Braunschweig
2873 2235 48 35 ist
2951 2234 224 36 erschienen
3204 2235 85 36 und
3317 2235 126 37 durch

1873 2293 76 37 alle
1978 2291 130 38 Buch-
2137 2289 85 38 und
2249 2288 532 47 Musicalien-Handlungen
2808 2300 48 22 zu
2885 2287 197 37 beziehen:

1959 2353 240 75 Krug,
2243 2352 114 72 D.,
2401 2355 71 55 9.
2514 2347 832 63 Volkslieder-Album

1865 2445 78 49 für
1971 2444 73 37 das
2059 2442 158 49 Pianof
2218 2447 82 31 orte
2314 2440 251 48 übertragen.
2603 2441 70 45 Op.
2692 2439 89 36 215.
2814 2437 116 38 Preis
2950 2439 135 47 compl.
3116 2441 21 34 1
3158 2437 107 38 Thlr.
3283 2442 52 35 10
3355 2439 90 50 Sgr.

2485 2503 349 38 Einzeln:

2090 2570 74 39 JSfr.
2196 2572 35 33 1.
2289 2566 370 47 Herzensioiinsche,
2690 2578 74 23 von
2794 2564 176 37 Kücken.
3027 2567 23 33 7
3056 2561 10 23 !
3068 2564 36 49 /2
3133 2562 87 49 Sgr.

2117 2652 16 18 „
2194 2625 35 33 2.
2287 2623 85 34 Der
2401 2619 141 44 Bhein,
2583 2618 196 37 Volkslied
2807 2630 73 24 von
2909 2617 78 36 Jos.
3018 2616 157 49 Fanny.
3234 2620 51 33 10
3316 2616 90 51 Sgr.

2118 2705 17 19 „
2194 2677 36 35 5.
2288 2674 91 36 Den
2410 2673 181 36 Schonen
2621 2671 116 37 Heil!
2763 2683 75 24 von
2869 2669 227 38 Neithardt.
3154 2673 23 33 7
3183 2667 12 23 1
3196 2671 16 47 j
3214 2683 15 22 2

2118 2756 17 17 „
2194 2732 35 32 4.
2286 2727 153 36 Beiters
2469 2725 261 48 Morgenlied,
2761 2723 267 48 Morgenroth.
3088 2726 21 32 7
3116 2721 11 23 1
3128 2721 37 50 /2

2117 2811 16 18 „
2194 2784 36 34 5.
2290 2780 121 36 Bothe
2439 2778 162 48 Bäckle,
2633 2778 91 36 blau
2754 2777 159 47 Aeugle,
2954 2776 207 38 Volkslied>
3219 2778 24 34 5
3273 2775 90 49 Sgr.

2118 2865 16 18 „
2196 2837 33 33 ö.
2393 2830 259 49 Feldflasche,
2681 2843 75 23 vcm
2784 2829 108 36 Karl
2919 2829 148 37 Keller.
3125 2831 24 33 5
3181 2827 90 50 Sgr.

2119 2917 16 19 w
2197 2891 34 32 7.
2300 2885 247 49 Wiegenlied,
2580 2883 147 48 Schlaf
2750 2883 43 36 in
2819 2888 115 42 guter
2963 2882 104 46 Buh,
3101 2881 177 37 Taubert.
3311 2884 24 34 5
3355 2881 88 50 Sgr.

2119 2971 16 18 „
2196 2943 36 34 8.
2291 2939 124 36 Guter
2455 2938 169 47 Vorsatz,
2655 2936 102 37 Hier
2786 2936 67 35 sitz
2881 2935 63 36 ich
2974 2935 78 47 auf
3074 2935 141 36 Bosen.
3248 2937 23 34 5
3302 2935 89 48 Sgr.

2196 2996 35 34 9.
2288 2990 194 42 Ländler,
2512 2990 93 37 Hab
2643 2990 63 37 ich
2742 2989 86 36 dich
2867 3001 80 24 nur
2977 2987 132 45 allein,
3140 3000 76 25 von
3248 2988 197 37 Gumbert.

2119 3130 16 19 „
2182 3103 62 34 10.
2289 3098 335 48 Liebeswerbung,
2655 3097 146 47 Herzig
2833 3095 214 37 Schatzerl.
3105 3095 24 35 5
3160 3093 89 50 Sgr.

2121 3183 16 19 „
2182 3156 64 35 21.
2290 3152 85 37 -Das
2405 3151 197 37 Mädchen
2632 3163 72 24 aus
2733 3150 71 35 der
2837 3148 178 37 Fremde.
3076 3151 21 32 7
3105 3148 9 21 l
3117 3151 35 45 !<i
3184 3147 90 50 Sgr.

2118 3236 17 18 „
2183 3209 62 34 22.
2289 3206 84 36 Der
2401 3204 291 49 Zigeunerbube
2720 3203 52 35 im
2802 3201 165 37 Norden
2971 3230 8 19 ,
3008 3213 75 24 vow
3104 3200 38 37 (7.
3165 3201 46 37 6r.
3242 3223 12 14 j
3254 3201 140 49 ßeissig
3398 3213 53 25 er.

2333 3262 21 33 7
2361 3258 10 22 1
2373 3257 35 51 1%
2439 3257 89 49 Sgr.

1987 3353 86 37 Alle
2101 3353 43 35 in
2168 3352 135 35 dieser
2330 3350 326 47 MusiJc-Zeitung
2685 3348 294 46 besprochenen
3017 3346 87 35 und
3129 3346 327 47 angekündigten

1880 3404 238 41 Musicalien
2147 3412 69 30 etc.
2250 3404 95 36 sind
2375 3417 51 23 zu
2458 3403 183 36 erhalten
2666 3402 44 36 in
2737 3401 74 36 der
2838 3407 95 30 stets
2955 3399 243 48 vollständig
3222 3400 234 35 assortirten

1879 3457 485 48 Musicalien-Handlung
2382 3457 89 36 und
2486 3454 267 39 Leihanstalt
2772 3466 80 25 von
2871 3452 325 37 BERNHARD
3217 3451 239 37 BREUER

1873 3515 45 36 in
1947 3513 121 46 Köln,
2102 3524 138 37 grosse
2264 3510 269 49 Budengasse
2564 3509 79 37 Nr.
2672 3512 38 43 1,
2752 3520 44 23 so
2838 3506 74 37 wie
2952 3506 63 36 bei
3042 3505 39 36 J.
3113 3505 88 36 FR.
3242 3505 214 43 WEBER,

1879 3567 134 37 Hohle
2043 3566 81 38 Nr.
2152 3569 37 33 1.
