2301 2923
320 115 62 30 Tiger
401 111 116 27 Künstler
535 113 91 36 gehabt
646 116 53 30 hat,
720 118 106 27 sondern
844 121 33 26 ob
899 123 63 27 diese
983 135 43 16 aus
1049 127 41 26 der
1108 129 63 27 Zahl

321 149 65 25 ihrer
396 150 101 26 Schüler
511 151 213 40 hervorgegangen
739 158 60 26 oder
813 160 33 25 ob
859 162 34 25 sie
906 163 69 26 nicht
989 166 119 27 vielmehr
1120 178 51 17 von

319 197 86 17 aussen
423 189 84 27 hinein
525 191 150 35 gekommen
694 196 66 32 sind,
779 200 120 27 während
919 203 51 25 sich
990 205 39 26 die
1049 206 121 33 begabten

319 228 101 25 Schuler
440 229 63 26 nach
524 240 85 18 aussen
630 236 118 33 gewandt
768 239 52 25 und
840 250 23 16 es
884 241 57 27 dort
961 250 46 21 erst
1026 255 29 16 zu
1069 247 88 27 hervor-

319 268 116 33 ragender
449 270 114 34 Eigenart
577 272 116 34 gebracht
706 275 88 28 haben.

318 344 19 15 v
374 307 34 49 f.?
410 316 8 16 1
441 307 15 26 d
501 311 143 48 Rundung
667 313 42 27 der
728 316 108 28 Berliner
855 321 212 30 Kunstakademie
1091 326 79 28 durch

318 344 117 27 Kurfürst
456 348 121 28 Friedrich
596 352 41 26 111.
659 353 34 27 im
712 355 71 33 Jahre
810 359 68 26 1606
901 359 80 38 folgte
1004 363 44 27 der
1071 367 84 35 pracht-

318 384 111 26 hebende
443 388 67 25 Fürst
523 399 80 17 einem
617 393 69 35 Zuge
700 394 43 26 der
756 397 62 30 Zeit,
833 408 45 16 vor
892 400 82 28 Allem
988 403 57 26 dem
1054 405 114 33 Vorbild,

318 422 106 27 welches
438 427 85 36 König
536 429 109 37 Ludwig
661 434 64 26 XIV.
741 436 46 24 mit
800 436 42 26 der
856 440 166 37 Begründung
1037 444 51 27 und
1103 427 66 45 Aus!

316 468 111 31 stattung
441 465 42 26 der
496 468 90 26 Pariser
600 470 137 28 Akademie
750 476 109 34 gegeben
872 478 76 28 hatte.
981 483 131 27 Während
1127 485 42 26 der

317 503 88 25 Grosse
418 504 116 28 Kurfürst
551 508 149 39 selbständig
715 512 78 28 durch
807 517 192 38 Heranziehung
1013 532 48 16 von
1075 526 79 25 Künst-

315 540 53 26 lern
395 542 59 27 aller
477 547 45 24 Art
548 548 52 26 und
627 548 77 28 durch
727 554 143 38 Förderung
899 568 50 17 von
973 562 195 33 Privatschulen,

315 580 96 27 welche
426 592 24 16 er
468 582 41 27 für
529 595 64 18 seine
613 587 195 33 künstlerischen
823 597 106 27 Zwecke
943 600 104 26 nutzbar
1059 604 108 31 machte,

317 628 38 16 ein
370 620 167 30 allmähliches
555 626 153 30 Aufkeimen
729 631 41 27 der
790 636 80 25 Kunst
891 637 24 26 in
937 640 80 25 Berlin
1038 642 129 32 anstrebte,

315 658 100 35 glaubte
429 670 50 17 sein
490 664 155 39 Nachfolger
660 669 25 26 in
696 670 42 27 der
751 673 67 26 reich
829 684 190 28 ausgestatteten
1030 681 137 27 Akademie

315 707 39 16 ein
369 700 135 35 Zugmittel
518 705 70 25 mehr
601 716 43 16 zur
656 709 150 38 Anziehung
820 715 51 26 und
886 719 109 33 späteren
1008 720 159 35 Ausbildung

313 747 50 16 von
372 740 23 24 K
397 747 55 18 unst
455 740 6 25 l
464 750 41 17 ern
512 743 125 35 gefunden
645 756 29 17 m
1151 736 15 22 B

314 780 173 33 taltigenund
507 791 99 27 grossen
626 785 194 33 künstlerischen
835 794 180 38 Schöpfungen
1033 800 133 26 reichliche

313 816 192 40 Beschäftigung
540 830 99 21 wusste.
679 830 64 24 Was
771 830 93 29 damals
891 835 26 26 in
941 837 225 37 verhältnismassig

313 853 84 28 kurzer
415 859 53 25 Ze.t
490 860 110 36 geleistet
617 867 99 30 wurde,
734 868 32 27 ist
788 871 56 26 aber
867 883 58 18 zum
948 877 140 35 geringsten
1110 880 55 26 Teil

312 903 47 16 nur
367 895 41 26 das
415 898 128 28 Verdienst
551 901 40 27 der
598 905 92 35 jungen
698 907 150 37 Akademie;
860 912 38 27 die
906 924 101 26 grossen
1015 918 151 34 Leistungen

312 934 53 25 sind
380 936 118 27 vielmehr
512 940 41 26 der
564 944 103 35 Energie
681 946 40 27 des
733 950 98 27 Fürsten
846 952 53 27 und
912 954 57 26 dem
979 956 89 26 Talent
1081 957 42 26 der
1134 968 31 16 an

311 975 47 24 den
371 975 59 26 Hof
440 986 138 29 gezogenen
589 984 115 27 Künstler
717 996 29 17 zu
761 988 105 34 danken,
881 1002 45 16 vor
937 994 82 27 Allem
1033 996 57 27 dem
1104 998 49 25 viel-

311 1020 101 29 seitigen
420 1017 76 26 Genie
507 1019 129 34 Schlüters,
648 1023 41 27 der
700 1024 42 28 für
755 1028 64 27 seine
830 1040 82 27 grosse
919 1034 115 36 Aufgabe
1042 1037 65 25 auch
1119 1038 46 25 mit

311 1053 200 39 mittelmassigen
521 1061 132 28 Künstlern
664 1064 34 25 als
710 1067 117 28 Gehilfen
838 1073 99 25 Grosses
949 1083 29 16 zu
990 1074 110 27 schaffen
1111 1086 41 16 ver-

310 1098 68 20 stand
399 1098 55 23 Sein
461 1098 81 26 Name
553 1107 53 29 ragt
614 1103 61 26 weit
685 1104 87 28 heraus
784 1115 70 20 unter
863 1110 47 27 den
918 1118 78 21 ersten
1004 1115 161 32 Mitgliedern

309 1132 51 25 und
369 1133 145 29 Direktoren
523 1138 41 27 der
570 1139 148 37 Akademie;
731 1144 41 28 für
780 1148 39 25 die
827 1150 143 38 Bedeutung
978 1153 42 25 der
1026 1154 139 27 Akademie

310 1171 34 25 als
365 1173 153 29 Lehranstalt
539 1178 55 27 aber
620 1180 66 28 kann
707 1185 121 28 Schlüters
849 1191 84 25 Name
957 1191 78 27 kaum
1056 1201 109 27 genannt

308 1211 113 33 werden,
446 1214 64 27 denn
534 1227 24 17 er
578 1229 54 16 war
652 1223 171 34 Autodidakt,
849 1228 42 27 der
911 1230 52 26 sich
985 1242 42 15 aus
1048 1233 116 27 Kleinem

309 1259 58 17 zum
386 1255 106 25 Grossen
512 1256 196 39 herausgebildet
727 1263 69 28 hatte
816 1267 51 26 und
886 1269 64 26 seine
970 1271 122 34 Kollegen
1110 1273 54 26 und

308 1293 100 23 Schuler
426 1302 31 18 an
476 1294 42 27 der
531 1297 136 29 Akademie
685 1311 47 16 nur
750 1304 34 26 als
799 1306 117 28 Gehilfen
931 1310 77 26 seiner
1021 1310 143 28 Werkstatt

310 1331 152 29 behandelte.
487 1336 55 25 Wo
556 1338 69 26 nicht
639 1340 50 26 sein
700 1343 70 26 Geist
783 1344 42 27 das
840 1349 82 24 Ganze
937 1348 102 34 belebte,
1054 1361 54 15 war
1123 1352 41 25 die

308 1377 81 27 grosse
402 1373 81 25 Kunst
496 1384 26 16 m
536 1376 47 26 den
597 1378 107 28 Händen
717 1382 76 27 seiner
807 1385 123 37 Kollegen
948 1389 111 26 schlecht
1073 1390 90 27 daran:

308 1411 38 22 die
358 1411 127 32 Gemälde,
499 1415 69 26 nicht
580 1426 40 16 am
630 1420 138 35 wenigsten
782 1423 39 26 die
834 1425 42 26 des
891 1433 76 20 ersten
979 1428 128 27 Direktors
1122 1431 42 25 der

308 1448 143 33 Akademie,
462 1454 87 35 Joseph
560 1457 113 31 Werner,
688 1460 51 26 und
750 1461 39 26 die
800 1463 157 38 Skulpturen,
972 1467 40 26 die
1023 1469 59 25 über
1093 1470 71 25 einen

308 1486 158 29 dekorativen
479 1492 94 27 Zweck
591 1503 70 18 unter
675 1499 121 27 Schlüters
810 1503 167 39 Einwirkung
994 1507 170 35 hinausgehen

308 1526 118 33 wollten,
447 1531 54 25 sind
521 1533 63 26 nach
606 1534 47 27 den
671 1537 157 30 Ueberresten
849 1553 62 26 ganz
932 1546 185 36 mittelmässig,
1141 1551 23 31 ja

308 1564 136 39 überhaupt
458 1568 77 29 kaum
550 1574 216 40 Kunstleistungen
781 1590 29 16 zu
825 1592 102 18 nennen.

365 1607 77 25 Noch
457 1608 44 26 ehe
515 1610 38 26 die
567 1614 72 34 junge
654 1614 137 30 Akademie
805 1622 55 25 Fuss
875 1622 90 36 gefasst
979 1625 82 31 hatte,
1075 1626 89 26 wurde

311 1651 33 17 sie
358 1646 77 25 durch
450 1647 39 26 die
502 1649 74 26 rauhe
588 1652 74 27 Hand
673 1654 40 26 des
725 1666 98 25 grossen
834 1661 190 29 Finanzmannes
1035 1672 70 19 unter
1116 1666 48 25 den

308 1682 307 42 Hohenzollernkömgen,
641 1693 122 28 Friedrich
789 1699 126 28 Wilhelm
937 1704 29 30 1.,
993 1703 156 37 erbarmungs-

311 1723 36 22 los
363 1730 28 16 zu
405 1724 84 26 Boden
503 1728 126 33 gedrückt.
654 1733 68 26 Seine
733 1735 65 27 Ziele
812 1737 41 26 für
866 1740 43 25 das
922 1743 74 33 junge
1010 1744 153 32 Königreich

311 1768 82 53 dSi
402 1771 15 15 n
420 1800 14 21 h
432 1772 30 16 an
453 1802 13 19 ,
494 1774 24 16 rC
531 1768 50 24 Seh1
583 1788 6 9 '
605 1769 49 27 Und
669 1781 24 15 W
710 1774 56 26 Verf
767 1785 12 15 °
782 1775 49 37 lgte
844 1779 33 25 sie
893 1789 27 16 so
938 1780 154 38 konsequent
1111 1784 52 25 und

311 1800 74 58 dlser
400 1841 20 17 r
470 1813 32 45 a
503 1813 18 45 7
522 1814 41 17 SCm
572 1817 24 25 gl
596 1800 5 58 o
601 1818 64 17 Sser
667 1829 6 11 >
682 1811 85 28 allseiti
770 1824 16 26 g
794 1815 114 36 begabter
915 1820 197 28 SohnFriedrich
1120 1822 47 26 auf

311 1884 12 14 e
336 1875 7 25 1
354 1876 58 24 eben
429 1878 13 22 W
498 1852 43 27 agC
567 1856 100 44 IT-T
682 1859 29 16 ™
811 1865 42 16 eur
855 1859 133 33 °P™chen
1003 1862 161 26 Grossmacht

311 1875 102 27 erheben
428 1878 100 29 konnte.
562 1884 56 26 Auf
632 1887 55 31 ihn,
702 1890 47 26 den
766 1895 174 33 jugendlichen
954 1899 155 27 Schwärmer
1123 1901 41 26 für

311 1916 79 24 Kunst
419 1917 41 26 der
480 1920 76 27 schon
578 1934 34 16 im
634 1927 95 27 Schloss
744 1931 151 39 Rheinsberg
915 1937 46 25 mit
982 1938 47 26 den
1048 1940 116 30 geringen

312 1952 235 67 KÄ
556 1962 41 26 der
608 1965 47 25 Vat
656 1976 25 44 ?
692 1966 135 40 beWÜligte
827 1992 8 9 '
930 1950 234 61 g-hmacUlen

314 2069 68 25 Kuns
397 2042 64 54 'und
482 2035 64 62 lZ
572 2083 10 14 ,
733 2047 72 26 Blüte
829 2051 131 29 Stehenden
981 2055 183 29 französischen

583 2089 36 46 7
639 2081 99 54 tt*
818 2089 136 29 Akademie
969 2095 46 26 mit
1029 2097 135 26 Si^erheit

313 2145 78 26 Emeu
388 2117 12 16 e
394 2156 75 28 erung
466 2111 34 27 kü
491 2160 30 17 zu
519 2123 15 16 n
536 2116 129 67 2£*
821 2127 26 28 *
1031 2145 16 26 g

314 2184 109 27 Bitterste
437 2159 125 58 enttäusch
606 2161 88 62 Friedti
711 2200 15 25 h
750 2165 112 65 dtlld
913 2181 62 49 7*
982 2211 5 5 •
1110 2175 54 27 3UfS

314 2223 121 23 zwischen
447 2227 29 19 Ao
478 2238 13 8 n
750 2209 42 19 der
807 2209 55 23 bald
878 2210 64 25 nach
956 2221 90 17 seinem
1060 2215 104 31 Antritt,

314 2301 49 20 nnH
486 2282 15 20 &
523 2282 7 11 '
600 2282 10 39 f
638 2283 14 26 8
716 2287 11 15 r
734 2298 8 10 '
768 2282 64 25 auch
853 2282 174 33 französischer
1048 2293 116 26 Künstler

314 2301 115 66 Pofsdt
574 2320 38 49 °u
623 2321 10 16 r
655 2322 26 17 m
677 2353 12 16 u
699 2317 63 26 PaHS
785 2330 42 16 aus
829 2332 15 24 g
846 2322 27 26 eb
876 2324 84 27 ildeter
981 2330 138 26 Deutschen
1148 2343 17 15 n

528 2356 54 56 S
584 2350 147 68 s^nlrh-
731 2357 31 24 eSi
761 2394 13 26 f
781 2368 42 16 eM
1042 2368 40 28 *

314 2416 171 35 gWndsten
502 2423 39 26 die

1249 134 158 34 ausgestaltet
1414 134 72 37 zeigt,
1497 135 130 31 Friedrich,
1639 135 42 26 der
1689 136 88 26 ebenso
1786 136 54 26 sehr
1850 137 26 25 in
1885 137 230 26 staatsmännischer

1249 172 50 26 wie
1319 172 25 26 in
1359 172 189 29 künstlerischer
1563 175 103 26 Absicht
1680 176 39 25 die
1733 176 235 36 hervorragendsten
1983 177 131 29 Gewerbe,

1249 211 40 26 die
1299 212 47 26 mit
1357 212 41 27 der
1409 223 100 27 grossen
1520 217 81 23 Kunst
1612 215 75 25 Hand
1702 215 26 25 in
1739 216 76 25 Hand
1826 216 104 35 gingen:
1942 216 40 25 die
1990 216 110 36 Teppich-

1248 250 116 32 weberei,
1375 253 48 25 den
1434 255 158 34 Bronzeguss,
1606 254 39 25 die
1657 254 298 31 Porzellanmanufaktur,
1972 255 38 25 die
2023 257 77 23 Kunst-

1248 290 130 32 tischlerei,
1391 292 38 25 die
1440 293 195 26 Seidenweberei
1646 304 25 15 u.
1680 304 19 15 s.
1708 292 17 27 f.
1734 294 38 24 ins
1780 294 81 26 Leben
1872 293 50 26 rief
1929 294 51 26 und
1992 294 46 26 mit
2049 294 65 26 allen

1248 331 103 25 Mitteln
1365 341 29 16 zu
1413 331 100 27 fördern
1534 333 94 30 suchte,
1643 333 42 26 der
1702 333 26 25 in
1742 333 144 26 Sans-souci
1900 333 144 27 allmählich
2060 333 54 27 eine

1248 370 98 26 Galerie
1375 371 257 32 zusammenbrachte,
1660 371 98 28 welche
1789 372 40 26 die
1856 372 188 27 Meisterwerke
2071 373 43 26 der

1248 408 182 28 französischen
1441 411 96 31 Schule,
1550 411 121 26 Gemälde
1682 411 51 26 und
1745 411 141 27 Bildwerke
1900 412 27 26 in
1937 412 92 26 reicher
2041 411 72 31 Zahl,

1247 449 51 25 und
1313 449 112 27 daneben
1438 450 53 26 eine
1502 450 67 26 Fülle
1584 460 51 16 von
1646 450 139 26 Gemälden
1800 451 41 25 der
1856 451 66 25 alten
1935 451 108 25 Schulen
2059 458 41 18 ent-

1246 487 73 27 hielt:
1340 488 107 27 derselbe
1462 489 123 26 Friedrich
1599 489 44 26 hat
1661 488 40 27 für
1716 490 40 25 die
1769 489 139 26 Akademie
1923 491 76 24 seiner
2014 492 84 34 Haupt-

1247 527 65 26 stadt
1327 538 46 15 nur
1387 528 153 37 Ablehnung
1553 529 51 25 und
1619 531 72 34 Spott
1707 529 72 36 übrig
1793 529 99 36 gehabt.
1917 531 31 24 Er
1962 530 62 25 hielt
2038 530 34 25 sie
2086 530 27 24 in

1246 566 70 26 ihren
1331 567 103 26 Mitteln
1453 577 27 16 so
1502 567 74 31 kurz,
1598 569 69 25 hatte
1688 567 41 27 für
1750 569 52 25 ihre
1817 569 144 35 Mitglieder
1979 579 27 15 so
2027 569 86 35 wenig

1247 605 84 37 übrig,
1349 607 54 25 dass
1424 607 40 25 bei
1482 607 81 26 einem
1576 609 95 24 Manne
1685 617 51 16 von
1754 608 77 25 seiner
1845 608 141 25 eminenten
2000 609 112 25 Klarheit

1246 646 50 25 und
1312 646 92 25 seinem
1422 646 216 26 Zielbewusstsein
1659 647 53 25 eine
1728 646 139 26 bestimmte
1882 647 105 26 Absicht
2001 646 98 27 zweifel-

1245 684 38 26 los
1304 685 71 25 darin
1396 696 29 15 zu
1447 686 93 25 suchen
1560 686 38 26 ist.
1634 686 160 35 Verachtung
1813 686 42 26 der
1873 686 134 26 deutschen
2021 689 90 27 Kunst,

1245 725 52 25 wie
1315 734 60 16 man
1396 724 40 26 oft
1457 725 134 36 behauptet
1611 725 51 31 hat,
1692 725 68 26 kann
1780 725 70 26 nicht
1872 725 74 26 allein
1966 725 44 26 der
2023 725 88 27 Grund

1245 773 114 26 gewesen
1378 764 64 31 sein,
1463 774 77 17 wenn
1557 764 45 26 ihn
1621 765 64 26 auch
1703 764 51 26 sein
1773 763 132 37 Aufgehen
1925 765 25 26 in
1969 765 56 26 dem
2043 763 56 28 fran-

1245 802 127 27 zösischen
1386 803 168 27 Geistesleben
1573 803 39 27 die
1626 804 87 26 Keime
1734 804 65 25 einer
1817 804 145 26 nationalen
1980 804 132 26 Litteratur

1246 841 135 27 übersehen
1396 842 53 26 Hess
1464 842 51 26 und
1530 842 39 26 die
1580 841 171 37 Unfertigkeit
1765 842 50 26 und
1832 843 42 25 der
1889 842 223 37 kleinbürgerliche

1245 882 55 35 Zug
1318 882 26 25 in
1364 881 188 26 Chodowiecki
1571 882 45 25 ihn
1635 882 122 30 hinderte,
1777 882 84 25 dessen
1874 882 89 26 Talent
1977 883 91 35 richtig
2082 892 28 16 zu

1244 920 141 36 würdigen.
1399 921 123 25 Friedrich
1530 931 55 16 war
1592 921 43 26 der
1643 921 147 36 eigentliche
1799 920 121 37 Schöpfer
1928 922 75 24 seines
2010 923 100 29 Staates,

1244 960 53 26 und
1310 960 52 25 wie
1376 969 25 16 er
1415 960 39 25 die
1470 961 121 25 Industrie
1607 961 46 25 mit
1667 970 109 26 grossem
1791 959 130 27 Aufwand
1936 960 108 26 förderte
2060 962 50 24 und

1244 1000 48 25 mit
1309 998 72 27 Hilfe
1402 998 106 27 fremder
1528 1000 118 25 Künstler
1668 1001 117 24 deutsche
1803 1000 130 25 Anstalten
1952 1010 31 16 zu
2000 999 111 27 schaffen

1243 1045 103 23 wusste,
1362 1037 47 27 auf
1416 1039 40 25 die
1468 1048 23 16 er
1502 1039 63 25 stolz
1576 1049 63 20 war,
1651 1049 28 16 so
1690 1039 44 26 hat
1746 1049 24 16 er
1781 1039 90 35 gewiss
1883 1039 69 26 nicht
1964 1050 42 15 aus
2018 1039 93 26 blosser

1244 1078 150 35 Abneigung
1408 1088 79 25 gegen
1506 1078 42 26 das
1563 1078 139 26 Kleinliche
1721 1078 52 25 und
1788 1078 222 26 Unkünstlerische
2028 1079 25 25 in
2069 1078 42 27 der

1244 1117 135 26 deutschen
1392 1112 105 31 Malerei
1516 1117 52 26 und
1587 1117 93 26 Plastik
1700 1117 40 26 die
1754 1117 142 36 Förderung
1915 1117 42 27 der
1971 1117 140 27 Akademie

1243 1156 103 36 solange
1364 1156 207 36 hintangehalten
1591 1157 50 25 und
1660 1156 65 26 diese
1742 1166 47 16 nur
1807 1156 57 26 dem
1881 1157 89 26 Schein
1984 1158 65 25 nach
2068 1157 28 26 be-

1243 1195 84 27 stehen
1343 1195 87 27 lassen.
1458 1194 123 27 Offenbar
1595 1195 62 27 hielt
1676 1205 24 16 er
1720 1195 65 26 seine
1800 1194 171 28 Akademiker
1985 1197 70 25 nicht
2070 1195 40 27 für

1243 1233 80 38 fähig,
1338 1244 43 16 aus
1396 1234 52 26 sich
1462 1235 88 25 heraus
1562 1234 40 26 die
1613 1237 79 23 Kunst
1703 1244 30 16 zu
1744 1234 178 36 regenerieren;
1939 1235 38 25 die
1989 1234 121 32 fremden,

1243 1274 154 25 namentlich
1426 1272 183 27 französischen
1634 1273 130 33 Künstler,
1794 1273 39 26 die
1858 1283 25 16 er
1906 1283 43 16 um
1977 1275 51 25 sich
2056 1285 41 16 ver-

1243 1313 138 30 sammelte,
1390 1312 118 26 brauchte
1519 1322 25 16 er
1554 1322 42 16 zur
1603 1312 157 26 Dekoration
1772 1312 77 26 seiner
1860 1313 133 32 Schlösser,
2002 1324 29 16 zu
2039 1315 71 25 mehr

1243 1353 61 25 hielt
1324 1362 24 15 er
1368 1352 33 24 sie
1420 1351 73 25 selbst
1511 1351 70 25 nicht
1599 1350 41 26 für
1659 1351 125 36 tauglich;
1806 1351 43 26 der
1867 1354 168 34 Hauptgrund
2055 1363 55 16 war

1244 1392 57 26 aber
1313 1389 115 28 offenbar
1438 1391 65 24 seine
1515 1390 150 36 Abneigung
1679 1400 78 26 gegen
1773 1390 171 27 akademische
1955 1394 60 29 Art,
2031 1403 79 25 gegen

1243 1431 55 25 eine
1311 1429 208 36 Einschränkung
1537 1429 43 26 der
1597 1429 181 36 Entwicklung
1796 1430 78 26 durch
1896 1437 106 30 strenges
2021 1432 75 26 Schul-

1243 1480 93 19 wesen,
1351 1479 79 25 gegen
1444 1468 213 36 Unterdrückung
1670 1469 42 25 der
1726 1469 195 27 Individualität.

1302 1508 134 27 Friedrichs
1447 1508 99 25 Streben
1557 1509 65 25 nach
1633 1507 148 37 Entfaltung
1792 1519 51 16 von
1857 1511 81 24 Kunst
1953 1509 50 27 und
2015 1512 80 24 Kunst-

1243 1547 116 38 gewerbe
1380 1547 26 25 in
1423 1547 93 26 seinem
1530 1547 84 26 Lande
1632 1547 61 36 ging
1711 1547 27 26 in
1755 1548 77 26 seiner
1850 1547 91 38 langen
1961 1549 51 26 und
2027 1558 70 27 gross-

1244 1588 95 35 artigen
1357 1586 145 36 Thätigkeit
1527 1586 26 26 in
1580 1586 77 27 dieser
1678 1587 139 36 Beziehung
1841 1587 120 27 konstant
1986 1587 47 27 auf
2055 1589 54 25 eine

1243 1626 174 36 selbständige,
1436 1636 32 16 an
1485 1626 49 26 den
1547 1625 142 37 Aufgaben,
1707 1626 98 26 welche
1823 1630 67 23 Staat
1908 1628 52 25 und
1977 1630 69 23 Fürst
2066 1637 30 16 zu-

1243 1675 110 17 sammen
1368 1664 101 32 fanden,
1485 1674 117 27 erzogene
1614 1666 50 25 und
1675 1666 212 36 weitergebildete
1898 1669 88 28 Kunst,
2000 1668 40 24 die
2053 1666 56 26 aber

1243 1706 27 25 in
1289 1705 43 26 der
1349 1704 64 26 Zahl
1427 1705 42 25 der
1486 1705 118 25 Künstler
1618 1706 70 25 nicht
1707 1705 59 26 über
1780 1706 38 25 die
1837 1705 153 27 Bedürfnisse
2006 1707 90 25 hinaus-

1242 1745 118 26 wachsen
1381 1744 87 31 sollte;
1490 1744 101 26 ähnlich
1606 1746 51 25 wie
1678 1755 23 15 es
1723 1745 40 25 ein
1777 1746 165 33 Jahrhundert
1963 1745 86 26 früher
2066 1746 43 25 der

1243 1786 90 25 Grosse
1341 1782 117 28 Kurfürst
1467 1783 78 27 durch
1553 1784 40 26 die
1599 1785 192 35 Heranziehung
1800 1785 183 26 holländischer
1990 1785 119 26 Künstler

1242 1823 27 27 in
1295 1823 49 27 viel
1370 1823 214 26 bescheidenerem
1608 1825 98 25 Maasse
1732 1823 139 36 angestrebt
1896 1824 77 26 hatte.
2020 1825 89 25 Wenn

1243 1862 122 27 Friedrich
1379 1862 64 27 nach
1456 1873 35 26 45
1508 1863 88 33 Jahren
1610 1863 77 26 seiner
1701 1863 143 36 Regierung
1863 1863 26 26 in
1906 1863 93 26 seinem
2013 1863 80 26 Todes-

1243 1902 67 35 jahre
1326 1902 164 26 anscheinend
1505 1902 119 36 plötzlich
1640 1902 52 26 sich
1706 1912 29 16 zu
1750 1902 66 26 einer
1826 1904 204 34 Unterstützung,
2043 1905 23 32 ja
2078 1912 30 16 zu

1243 1942 210 35 Reorganisation
1475 1942 42 25 der
1537 1941 139 26 Akademie
1697 1942 26 25 in
1737 1951 110 27 grossem
1861 1942 46 25 Stil
1922 1937 142 37 entschloss,
2080 1951 27 16 so

1243 1982 57 25 thut
1312 1991 58 15 man
1381 1981 93 25 meines
1482 1982 131 25 Erachtens
1625 1982 54 24 sehr
1687 1982 120 29 Unrecht,
1818 1991 77 16 wenn
1905 1991 59 16 man
1976 1981 132 30 annimmt,

1243 2021 52 25 sein
1314 2021 191 25 Staatsminister
1519 2030 50 16 von
1584 2021 101 25 Heinitz
1701 2020 64 26 habe
1784 2020 48 26 den
1846 2021 70 25 Greis
1935 2021 60 25 dazu
2010 2020 99 25 beredet

1243 2060 51 25 und
1309 2060 55 25 ihm
1378 2060 53 25 eine
1446 2060 84 25 solche
1544 2060 151 35 Aenderung
1712 2060 214 35 gewissermassen
1944 2060 77 26 durch
2036 2061 55 24 Kon-

1243 2100 125 25 zessionen
1381 2109 30 16 an
1422 2100 40 25 die
1473 2105 57 20 stets
1541 2109 50 16 von
1602 2100 122 25 Friedrich
1735 2098 140 36 geförderte
1886 2099 120 26 Industrie
2018 2099 73 26 mund-

1243 2138 100 36 gerecht
1353 2138 125 36 gemacht.
1500 2138 47 26 Die
1556 2140 53 29 Art,
1621 2138 50 27 wie
1683 2138 39 26 die
1731 2138 210 36 Reorganisation
1951 2138 65 26 nach
2027 2138 69 25 Fried-

1243 2178 65 26 richs
1322 2177 236 27 Kabmetschreiben
1572 2188 61 16 vom
1651 2188 42 16 21.
1707 2179 89 32 Januar
1812 2177 81 34 1786,
1909 2177 77 27 durch
2001 2177 108 27 welches

1243 2217 101 26 Heinitz
1359 2216 113 37 zugleich
1486 2227 57 16 zum
1557 2219 109 24 Kurator
1685 2217 42 26 der
1740 2216 138 27 Akademie
1894 2223 102 20 ernannt
2010 2216 98 30 wurde,

1245 2256 50 26 und
1316 2256 65 26 nach
1399 2256 192 26 verschiedenen
1607 2256 71 26 rasch
1699 2257 53 25 sich
1773 2255 137 37 folgenden
1928 2257 117 25 weiteren
2063 2257 32 24 Be-

1244 2295 170 36 stimmungen
1429 2296 151 35 vorgesehen
1591 2305 63 21 war,
1668 2302 76 19 atmet
1755 2295 68 25 recht
1835 2295 133 36 eigentlich
1980 2296 47 25 den
2039 2295 70 26 Geist

1244 2334 41 25 des
1300 2344 101 26 grossen
1410 2335 109 35 Königs:
1535 2335 69 25 nicht
1615 2333 42 27 für
1668 2335 210 25 ausschliessliche
1889 2334 158 36 Vorbildung
2058 2344 51 16 von

1244 2374 98 25 Malern
1351 2374 51 25 und
1411 2374 149 26 Bildhauern
1572 2373 35 26 bis
1619 2384 41 15 zur
1668 2374 159 35 Ausbildung
1834 2373 125 27 derselben
1967 2384 29 16 zu
2004 2373 106 36 fertigen

1243 2413 137 26 Künstlern
1394 2414 26 24 in
1433 2414 80 25 ihrem
1524 2414 64 25 Fach
1602 2413 73 26 sollte
1689 2414 39 25 die
1740 2413 138 26 Akademie
1889 2423 98 26 sorgen,
2002 2414 107 25 sondern

1244 2451 35 25 als
1311 2462 103 25 grosse
1446 2453 180 35 allgemeine
1657 2453 106 26 Schule
1794 2453 39 25 im
1863 2453 154 26 Zeichnen
2049 2452 60 26 und

1278 2642 0 0 46
