2301 2923
881 524 111 45 DIE
1030 519 221 48 HARFE

576 685 144 42 Unruhig
742 683 81 33 steht
846 682 52 33 der
920 680 81 32 hohe
1023 677 213 37 Kiefernforst,

577 741 49 31 die
649 738 139 33 Wolken
810 737 114 31 wälzen
947 733 63 33 sich
1032 744 64 21 von
1120 732 60 31 Ost
1203 729 78 33 nach
1303 728 137 37 Westen,

577 793 106 33 lautlos
706 792 64 32 und
793 791 99 40 hastig
914 787 88 33 ziehn
1025 787 48 31 die
1096 784 106 33 Krähn
1225 795 40 20 zu
1288 782 105 38 Horst,

577 845 117 44 dumpf
713 849 70 28 tönt
806 844 47 32 die
876 842 160 40 Waldung
1060 850 52 20 aus
1135 838 60 32 den
1216 837 134 32 braunen
1373 836 121 35 Aesten,

577 901 64 32 und
665 898 143 44 dumpfer
831 901 71 27 tönt
923 895 82 32 mein
1027 892 119 33 Schritt.

577 997 78 32 Hier
677 993 74 33 über
775 992 79 32 diese
877 988 105 43 Hügel
1005 987 72 43 ging
1099 985 50 33 ich
1170 985 105 38 schon,

577 1052 40 32 als
640 1048 49 33 ich
711 1046 81 34 noch
816 1044 85 32 nicht
923 1043 57 31 den
1004 1041 103 31 Sturm
1131 1040 52 31 der
1206 1037 168 33 Sehnsucht
1397 1037 119 37 kannte,

578 1104 81 33 noch
682 1101 83 33 nicht
787 1099 49 31 bei
858 1108 102 21 euerm
983 1093 204 33 urweltlichen
1210 1093 74 31 Ton

578 1160 49 31 die
649 1159 96 31 Arme
766 1152 63 33 hob
853 1151 63 31 und
938 1150 45 30 ins
1007 1147 141 32 Erhabne
1170 1155 135 34 spannte,

577 1212 47 34 ihr
647 1208 132 36 dunkeln
801 1207 109 32 Riesen
933 1203 86 41 rings.

578 1309 34 31 In
635 1316 122 34 grossen
780 1298 295 36 Zwischenräumen,
1100 1295 91 31 kaum
1214 1293 129 42 bewegt,

580 1360 128 34 erheben
731 1356 62 33 sich
816 1355 48 32 die
886 1349 260 46 graugewordnen
1169 1345 131 39 Schäfte,

580 1414 96 34 durch
698 1412 62 32 ihre
783 1404 252 48 grüngebliebnen
1057 1402 127 31 Kronen
1209 1399 65 42 fegt

581 1471 47 31 die
651 1466 121 34 Wucht
794 1463 53 32 der
869 1461 101 32 lauten
992 1456 65 33 und
1079 1454 176 32 verhaltnen
1277 1451 111 33 Kräfte

579 1524 59 32 wie
661 1520 119 35 damals.

581 1617 76 33 Und
680 1616 76 33 Eine
778 1611 86 38 steht,
887 1609 59 32 wie
968 1606 78 32 eines
1069 1602 147 42 Erdgotts
1239 1600 94 32 Hand

581 1673 32 31 in
637 1668 76 35 fünf
731 1666 157 45 gewaltige
911 1662 106 41 Finger
1040 1655 240 43 hochgespalten,

582 1727 48 32 die
653 1725 100 43 glänzt
775 1718 81 34 noch
878 1714 168 45 goldbraun
1068 1711 44 32 bis
1135 1720 72 20 zum
1230 1707 215 32 Wurzelstand

581 1781 64 32 und
667 1780 82 39 langt
772 1772 81 34 noch
875 1770 94 33 höher
991 1767 39 31 als
1053 1765 48 32 die
1124 1772 111 22 starren
1257 1761 79 31 alten

582 1835 150 31 einsamen
754 1829 141 31 Stämme.

582 1927 107 34 Durch
713 1925 47 32 die
784 1919 75 35 fünf
877 1919 108 41 Finger
1008 1914 71 43 geht
1101 1913 49 30 ein
1172 1910 88 32 zäher
1283 1908 126 43 Kampf,

583 1984 40 31 als
646 1980 122 33 wollten
790 1976 41 32 sie
853 1972 63 34 sich
939 1967 330 40 aneinanderzwängen,

584 2035 96 34 durch
702 2033 63 32 ihre
787 2030 134 41 Kuppen
942 2023 98 33 wühlt
1063 2020 63 32 und
1149 2019 85 43 spielt
1256 2018 50 32 ein
1328 2015 142 45 Krampf,

583 2091 39 32 als
646 2089 89 31 rissen
758 2084 40 31 sie
821 2082 57 31 mit
899 2078 139 33 Inbrunst
1061 2086 37 21 an
1120 2074 59 32 den
1202 2073 147 41 Strängen

583 2146 80 31 einer
684 2135 239 38 verwunschnen
946 2129 105 34 Harfe.

583 2237 77 33 Und
682 2246 63 21 von
768 2233 51 31 der
842 2226 98 36 Harfe
963 2226 121 31 kommt
1106 2223 48 31 ein
1177 2221 208 32 Himmelston

583 2292 65 32 und
670 2289 113 44 pflanzt
805 2284 63 33 sich
891 2280 133 42 mächtig
1049 2277 63 32 fort
1134 2287 63 21 von
1220 2277 58 29 Ost
1300 2274 77 32 nach
1401 2274 137 38 Westen,

585 2348 58 31 den
665 2342 87 35 kenn'
775 2339 49 33 ich
846 2335 59 35 tief
924 2335 54 32 seit
1000 2333 113 33 meiner
1131 2329 119 44 Jugend
1273 2328 102 39 schon,

584 2396 117 45 dumpf
718 2400 69 28 tönt
810 2393 47 32 die
879 2389 157 41 Waldung
1060 2398 51 20 aus
1135 2385 59 32 den
1216 2383 133 33 braunen
1371 2383 128 32 Aesten:

583 2456 116 33 komm,
722 2450 112 36 Sturm,
857 2445 103 32 erhöre
982 2441 95 34 mich!

1132 2637 0 0 21
