2540 3796
1234 251 113 58 112

239 409 431 58 d'incessants
727 407 278 59 avatars.
1058 406 174 60 Cette
1286 406 255 76 énergie
1602 407 275 75 spéciale
1938 424 68 42 se
2064 407 250 75 dénote,

239 486 234 75 depuis
506 501 105 42 ses
642 485 308 75 origines,
982 501 117 59 par
1126 500 128 42 une
1286 485 315 58 tendance
1630 484 414 72 irrésistible,
2184 489 102 56 ten-

239 565 201 57 dance
472 564 469 58 éminemment
969 565 446 67 scientifique.
1547 565 36 56 à
1611 562 277 60 I'UNITÉ.
1926 564 226 58 C'était
2181 565 104 74 jus-

237 644 238 57 tement
501 642 268 58 l'erreur
785 642 115 58 des
924 642 263 58 anciens
1203 640 433 76 philologues,
1667 642 156 58 dont
1843 658 168 42 nous
2040 659 34 41 a
2096 642 186 59 débar-

237 720 214 58 rassés
477 719 221 58 l'école
729 719 115 58 des
872 717 689 77 Néo-grammairiens,
1595 720 77 56 de
1702 719 391 75 placercette
2125 719 194 59 Unité

235 815 84 41 au
346 799 184 75 point
562 797 78 59 de
673 797 229 75 départ
941 797 115 57 des
1103 797 270 73 langues
1400 797 670 75 indo-germaniques,
2097 797 220 59 tandis

234 893 126 57 que
404 875 154 58 c'est
599 874 430 76 précisément
1053 872 55 60 le
1140 877 114 56 but
1291 874 621 74 qu'incessamment
1942 874 159 59 elles
2129 891 154 60 pour-

234 954 283 58 suivent.

310 1032 350 59 L'histoire
693 1031 77 58 de
802 1048 104 41 ces
935 1030 269 76 langues
1235 1032 60 57 le
1329 1031 338 58 démontre
1698 1030 400 59 clairement.

309 1108 164 60 Sans
503 1110 328 58 remonter
868 1108 35 56 à
940 1107 64 59 la
1043 1107 264 75 période
1353 1108 507 77 préhistorique,
1905 1110 84 57 où
2043 1125 167 42 nous
2241 1125 78 43 ne

229 1204 301 59 pouvons
572 1187 194 75 guère
809 1186 209 58 tabler
1065 1202 125 59 que
1244 1205 114 41 sur
1406 1188 115 58 des
1569 1187 421 75 hypothèses,
2034 1187 47 59 il
2134 1187 187 59 suflit

234 1266 320 57 d'étudier
579 1265 379 58 l'évolution
973 1263 113 58 des
1107 1263 273 77 langues
1410 1265 400 73 historiques
1842 1266 112 74 qui
1985 1281 168 42 nous
2176 1266 148 57 sont

229 1342 382 60 familières.
642 1345 57 56 A
724 1360 129 41 une
882 1342 266 76 période
1180 1360 183 43 assez
1382 1343 254 59 voisine
1659 1343 77 59 de
1767 1360 190 53 nous,
1987 1343 59 59 le
2082 1360 241 58 groupe

228 1421 376 76 hellénique
635 1423 292 73 apparaît
957 1421 362 75 fragmenté
1349 1440 79 42 en
1458 1421 362 76 vingt-cinq
1842 1439 84 40 ou
1946 1423 211 58 trente
2186 1421 102 60 dia-

229 1500 221 73 lectes,
483 1498 281 77 répartis
795 1516 113 41 sur
934 1500 164 57 cette
1128 1500 193 75 exigu
1352 1500 324 59 territoire
1709 1500 77 58 de
1815 1498 341 60 l'Hellade.

306 1580 140 57 Peu
478 1578 34 58 à
541 1595 150 58 peu,
726 1580 97 56 cet
872 1577 356 60 multitude
1272 1578 155 59 s'est
1466 1578 255 59 réduite
1771 1578 34 58 à
1838 1578 173 59 deux
2041 1578 277 75 grandes

232 1656 325 58 divisions
591 1674 13 38 :
638 1656 96 58 les
766 1655 310 58 dialectes
1124 1656 261 58 doriens
1433 1658 61 56 et
1535 1656 97 58 les
1678 1656 306 58 dialectes
2015 1656 259 57 ioniens
2298 1674 16 53 ;

229 1735 177 76 puis,
440 1751 156 42 sons
621 1733 370 59 l'influence
1024 1735 77 58 de
1145 1735 430 75 l'hégémonie
1625 1735 354 58 d'Athènes
2027 1733 289 71 d'abord,

232 1815 78 58 de
342 1813 295 75 l'empire
668 1812 422 58 macédonien
1122 1813 283 73 ensuite,
1437 1813 143 59 tout
1607 1813 135 59 cela
1773 1813 154 57 s'est
1955 1830 123 58 peu
2125 1812 36 57 à
2190 1829 128 59 peu

230 1892 205 57 fondu
470 1907 80 42 en
582 1907 128 42 une
740 1891 234 75 langue
1005 1907 370 43 commune.
1410 1891 166 58 Mais
1604 1891 61 58 le
1706 1891 132 58 rôle
1883 1890 435 76 providentiel

230 1970 117 58 des
380 1970 199 58 Grecs
613 1970 247 58 semble
887 1970 179 58 avoir
1096 1968 98 60 été
1211 1970 212 58 limité
1453 1970 327 71 d'avance,
1815 1971 83 65 et,
2029 1985 129 43 une
2190 1967 127 60 fois

233 2065 67 42 ce
346 2048 430 59 merveilleux
821 2047 574 76 épanouissement
1442 2048 372 75 artistique,
1855 2048 247 75 unique
2153 2048 164 57 dans

226 2126 98 58 les
356 2126 201 58 fastes
588 2127 78 56 de
682 2126 427 71 l'Humanité,
1133 2126 151 58 —le
1314 2144 204 58 rayon
1550 2126 79 58 de
1654 2126 260 58 l'action
1942 2126 376 75 hellénique

229 2221 179 42 cesse
455 2204 78 58 de
586 2204 353 59 s'étendre:
971 2204 64 59 la
1084 2204 278 59 mission
1411 2204 449 59 d'unification
1904 2221 189 58 passe
2125 2204 36 58 à
2225 2220 92 42 un

229 2287 184 55 autre
445 2282 256 76 peuple.
736 2282 127 60 Les
888 2282 254 72 Latins,
1184 2300 152 42 avec
1366 2283 146 59 leur
1557 2283 201 75 esprit
1804 2282 421 75 méthodique
2256 2283 63 57 et

229 2361 494 72 classificateur,
756 2362 145 58 leur
925 2361 185 76 génie
1145 2362 77 58 de
1264 2362 64 58 la
1375 2361 490 59 centralisation
1903 2361 381 58 administra-

226 2442 133 57 tive
381 2458 14 54 ;
430 2456 153 43 avec
613 2441 146 58 leur
787 2441 237 75 langue
1054 2441 218 58 moins
1303 2439 298 73 délicate,
1631 2441 216 58 moins
1872 2438 289 60 nuancée
2192 2455 127 59 que

226 2519 60 58 le
318 2536 169 58 grec,
519 2518 151 75 plus
723 2517 411 60 assimilable
1168 2518 35 59 à
1235 2518 115 59 des
1399 2518 322 75 appareils
1766 2535 251 42 vocaux
2049 2519 60 58 et
2138 2518 37 57 à
2205 2517 116 58 des

226 2597 327 60 intellects
567 2596 334 72 barbares,
916 2597 241 58 étaient
1173 2596 501 59 naturellement
1692 2597 258 75 appelés
1964 2597 35 57 à
2017 2596 234 76 élargir
2262 2596 60 58 le

229 2676 202 59 cercle
464 2676 77 58 de
567 2676 63 57 la
661 2676 397 58 civilisation
1090 2677 61 57 et
1181 2676 36 57 à
1249 2674 227 60 édifier
1527 2691 68 43 ce
1644 2676 391 76 prodigieux
2092 2691 184 42 monu-

228 2757 180 58 ment
439 2754 77 59 de
543 2753 336 78 l'Empire,
914 2754 148 59 d'où
1108 2756 99 57 est
1237 2754 198 59 sortie
1482 2771 117 58 par
1645 2771 91 41 un
1782 2754 541 75 développement

224 2833 369 76 postérieur
620 2833 66 59 la
715 2832 238 60 société
986 2832 408 77 européenne
1418 2832 330 60 moderne.
1778 2832 188 77 Déjà,
1992 2833 195 57 avant
2217 2848 106 42 ces

228 2914 175 58 deux
450 2913 240 75 phases
737 2912 385 76 classiques,
1152 2930 83 42 on
1282 2912 272 76 pouvait
1585 2912 197 58 saisir
1825 2912 99 58 les
1973 2911 238 58 débuts
2243 2911 80 59 de

226 2993 164 57 cette
449 2991 335 59 évolution
833 2991 407 59 unificatrice
1286 2992 163 58 dans
1493 2991 320 59 l'histoire
1855 2991 78 59 de
1964 2989 357 75 Babylone,

226 3071 79 59 de
336 3071 322 76 l'Egypte,
689 3069 151 77 puis
882 3071 78 58 de
997 3071 292 75 l'empire
1329 3069 223 70 Perse,
1603 3068 274 60 absorbé
1927 3069 37 59 à
2012 3086 118 42 son
2173 3069 151 59 tour

224 3166 118 58 par
369 3148 372 60 l'influence
785 3166 299 60 grecque,
1117 3148 115 76 qui
1277 3149 153 59 s'est
1461 3148 366 60 elle-même
1876 3147 241 61 fondue
2157 3147 165 60 dans

225 3228 384 60 l'ensemble
639 3228 187 59 latin.
854 3227 53 60 Il
940 3245 45 58 y
1016 3245 36 42 a
1080 3227 171 60 ainsi
1282 3243 129 44 une
1439 3227 165 60 série
1635 3227 79 60 de
1750 3226 213 76 cycles
1993 3227 79 58 de
2116 3226 179 59 civili-

229 3307 212 60 sation
491 3307 308 58 étendant
849 3307 78 58 de
983 3307 153 76 plus
1189 3323 80 42 en
1324 3306 153 76 plus
1532 3306 142 58 leur
1721 3304 497 71 circonférence,
2261 3307 63 57 et

230 3384 238 60 devant
502 3386 705 75 mathématiquement
1249 3384 261 60 aboutir
1551 3384 37 59 à
1618 3384 370 59 embrasser
2022 3383 61 60 le
2137 3383 187 76 globe

230 3463 229 60 entier.
515 3466 129 57 Par
684 3466 350 66 moments,
1087 3464 464 75 s'interposent
1604 3463 115 60 des
1773 3464 217 75 temps
2040 3462 236 59 d'arrêt
2307 3480 12 40 :
