2540 3796
658 477 439 112 PURS
1188 477 711 109 DRAMES

385 1069 98 57 Les
484 1066 147 57 sites
674 1065 151 58 sont
870 1062 207 59 ornés
1126 1065 78 54 de
1251 1065 336 67 pudiques
1642 1066 260 70 bijoux,
1962 1067 121 68 qui
2133 1067 143 55 scin-

218 1147 240 57 tillent.

302 1225 114 54 Au
429 1225 251 54 silence
730 1234 451 55 ,au
834 1222 1039 66 soleil,
1075 1215 94 62 àV
1174 1221 257 67 ombre,
1449 1221 62 57 si
1618 1221 244 57 Monde
1892 1235 69 43 se
1981 1222 333 57 retourne

223 1305 173 54 dans
425 1314 123 44 son
572 1300 185 57 vaste
1359 1302 663 68 sommeil,
1162 1298 261 58 Véclair
1450 1296 198 60 d'une
1679 1314 275 54 parure
1996 1303 319 56 illumine

226 1394 70 43 ce
325 1381 181 70 geste
536 1381 261 56 obscur.

305 1528 321 68 Ecumes,
743 1527 492 56 aventureuses
1268 1538 171 44 nues
1469 1522 400 72 qu'effleure
1893 1541 134 43 une
2055 1531 257 65 plume,

231 1620 162 44 avec
424 1608 112 54 tfes
914 1604 567 70 gouttes,
1089 1590 177 70 Veàu
1301 1606 121 66 qui
1454 1606 93 54 les
1948 1608 234 55 mains

252 1686 286 68 lées,
539 1683 162 57 nichées
752 1686 175 54 dans
966 1686 93 54 les
1472 1686 824 54 roseauxmains
1752 1686 252 56 claires
2056 1687 159 56 dont
2260 1688 57 52 le

231 1762 188 58 désir
429 1759 339 60 d'abeilles
800 1775 87 43 ou
908 1761 283 57 d'astres
1224 1758 43 59 à
1281 1761 631 68 chiper,entrouvre
1934 1764 65 55 et
2016 1762 304 69 referme

237 1844 94 54 les
363 1842 269 67 calices,
663 1853 83 44 ne
778 1839 289 69 capture
1110 1852 123 56 que
1279 1842 91 53 du
1399 1842 129 53 ciel
1559 1839 228 70 épars,
1939 1842 85 69 et,
2050 1844 232 65 pierre-

235 1922 167 66 ries,
555 1919 82 68 e£,
661 1919 246 68 parmi
934 1921 93 53 les
1056 1919 173 69 tiges
1262 1921 277 67 longues
1580 1916 261 59 d'herbe
1882 1932 152 45 aux
2077 1916 218 75 grâces-

231 2002 80 55 de
336 1997 352 58 radieuses
733 1998 246 67 pluies,
1004 1996 278 68 parfois
1329 1999 65 54 la
1444 1999 207 55 douce
1698 1998 222 70 figure
1967 2001 350 67 humaine,

230 2076 364 58 errante...
631 2076 151 57 tous
815 2088 105 44 ces
953 2077 224 55 beaux
1206 2069 229 61 débris
1482 2077 197 55 d'une
1709 2072 221 62 vérité
1961 2074 90 59 tôt
2095 2078 190 66 dispa-

231 2170 133 43 rue
386 2168 143 55 par
655 2158 255 55 la
911 2153 58 69 foudre,
970 2157 42 53 le
1041 2147 202 63 Poète
1277 2156 94 54 les
2146 2171 41 53 y
2207 2170 79 53 po-

231 2236 160 56 sant
423 2237 63 53 la
522 2237 202 52 lueur
755 2232 282 57 lustrale
1068 2233 165 55 d'un
1262 2233 117 55 œil
1397 2246 166 56 pur.

308 2311 188 75 {Œil,
520 2312 166 57 dont
713 2314 64 55 la
810 2312 202 56 vertu
1054 2309 353 70 d'enfance
1436 2312 219 56 serait
1682 2311 381 72 éphémère,
2094 2309 107 63 s'il
2243 2326 85 44 ne

230 2392 365 56 ruisselait
650 2392 254 66 chaque
943 2402 263 44 aurore
1249 2402 126 44 sur
1415 2402 121 44 son
1577 2392 282 67 miroir,
1912 2387 40 61 à
2000 2406 201 43 cause
2250 2393 78 55 de

231 2473 287 66 quelque
547 2471 324 55 souriant
901 2482 393 57 mensonge,
1314 2483 134 42 une
1472 2483 132 43 eau
1635 2466 288 63 discrète
1953 2474 77 55 de
2055 2469 271 77 larme.)

316 2619 356 56 Ancienne
702 2612 272 63 vanité!
1002 2631 128 55 que
1168 2619 78 55 de
1294 2620 325 55 ranimer
1656 2620 58 55 le
1760 2622 330 64 spectacle
2130 2622 163 72 angé-

246 2700 174 65 lique
451 2698 64 57 et
542 2697 443 57 maintenant
1012 2697 272 57 maudit
1328 2689 87 65 où
1460 2709 106 45 ces
1616 2698 275 58 nudités
1920 2713 71 43 se
2023 2703 310 62 jouaient

241 2779 80 54 de
350 2773 201 58 vivre.
992 2777 55 53 Il
693 2777 92 54 les
832 2773 158 68 faut
1040 2777 226 54 aimer
1310 2777 355 68 surprises
1710 2778 173 57 dans
1930 2792 136 43 une
2105 2780 225 69 flaque

241 2854 262 69 céleste,
534 2854 160 56 dont
721 2850 64 60 la
813 2855 187 69 glace
1026 2855 227 56 mince
1281 2854 193 57 imite
1503 2850 37 60 V
1548 2849 189 64 éther
1756 2858 257 65 absolu,
2046 2871 90 44 ou
2169 2860 132 56 luci-

238 2934 272 56 dement
537 2935 58 55 le
618 2946 233 55 pense.

321 3013 324 56 Abusons
675 3013 197 56 notre
903 3012 211 57 heure
1153 3013 79 56 de
1277 3026 104 44 ces
1411 3007 339 76 précieux
1773 3013 226 71 Etres,
2149 3018 151 66 puis-

246 3092 163 67 qu'il
437 3088 113 71 n'y
579 3103 40 45 a
640 3093 181 63 plus,
840 3103 187 55 pour
1055 3103 283 45 amuser
1369 3094 91 54 les
1486 3093 288 63 ombres,
1807 3094 76 56 de
1923 3089 306 76 Théâtre,

249 3172 66 54 et
334 3182 185 53 pour
531 3165 321 73 paraître
882 3183 97 43 au
997 3172 179 56 seuil
1190 3173 78 56 de
1300 3170 159 58 celte
1483 3172 517 67 platonicienne
2019 3187 318 58 caverne,

247 3262 343 57 personne,
627 3261 160 45 sous
820 3252 57 54 le
908 3245 380 63 luminaire
1315 3245 158 73 déjà
1498 3263 289 56 presque
