3307 4333
3138 4259 82 34 605

123 58 53 33 der
210 49 235 36 Wissenschaft
480 48 158 34 brauchte
673 49 70 32 sich
778 59 66 23 von
880 49 124 33 seinem
1019 49 57 34 Ver-

119 108 91 36 stand
241 104 86 33 noch
360 103 90 33 nicht
481 112 90 32 ganz
603 103 70 33 und
706 112 62 32 gar
799 113 191 31 aussaugen
1022 103 70 33 und

122 157 212 39 austrocknen
374 166 42 22 zu
457 155 121 41 lassen,
621 155 70 33 und
732 155 59 33 der
831 156 136 32 Dichter
1007 156 87 33 hatte

119 214 81 36 noch
226 210 89 34 nicht
341 211 45 31 im
411 210 165 32 linteresse
602 210 90 32 einer
719 210 193 42 poetischen
943 209 73 33 Idee
1049 211 27 41 je-

119 271 36 33 de
194 267 109 32 Laune
341 263 69 33 und
447 263 212 42 persönliche
697 263 245 43 Einmischung
979 267 113 38 streng

118 318 284 39 zurückzuhalten.
466 317 165 33 Vielmehr
683 318 89 32 seine
826 318 124 40 Laune,
1003 318 89 32 seine

119 378 191 35 Stimmung,
347 381 72 23 war
454 370 123 43 gerade
612 372 70 33 sein
718 372 93 41 Gott,
849 370 70 34 und
953 381 35 24 es
1023 371 69 42 galt

116 431 44 33 als
190 425 181 41 Verdienst,
401 435 99 23 wenn
529 435 34 22 er
591 426 47 32 sie
666 426 34 33 in
731 425 86 34 allen
848 425 131 34 Farben
993 425 80 32 schil-

116 487 63 31 lern
211 482 86 31 liess.
347 479 69 32 Für
447 480 144 41 gewisse
624 481 94 32 unter
754 480 71 33 sich
858 478 232 44 antipodische

115 538 153 34 Naturen,
303 534 54 32 für
388 533 53 33 die
473 534 179 33 Virtuosen
685 533 71 34 und
788 532 302 44 philosophischen

116 587 306 42 Herrschergeister,
459 586 123 33 könnte
616 587 80 33 aber
731 587 52 34 die
816 587 163 42 jeweilige
1013 587 57 32 Ein-

116 644 226 39 zelstimmung
374 642 141 32 niemals
548 652 42 23 zu
623 641 192 42 allmächtig
846 640 147 34 werden.
1028 640 64 34 Die

116 699 181 39 Stimmung
326 695 163 43 gehorcht
517 696 83 32 eben
628 695 90 43 jeder
746 695 131 33 starken
906 694 84 34 oder
1004 694 85 34 auch

115 761 58 25 nur
210 750 227 41 beweglichen
475 750 120 41 Natur,
635 749 163 34 während
835 748 54 34 die
925 750 147 33 Sachlich-

114 806 55 34 keit
200 803 209 34 unerbittlich
441 804 70 33 ihre
544 804 119 33 Rechte
692 802 133 43 geltend
854 803 120 33 macht.
1008 803 81 34 Und

113 870 35 24 so
182 868 72 23 war
289 858 35 33 in
359 857 58 34 der
453 858 178 33 Romantik
666 858 53 32 ein
756 858 136 33 Bereich
928 857 59 34 der
1003 857 70 34 Frei-

115 913 70 35 heit,
217 913 34 33 in
284 912 75 33 dem
389 913 72 41 jene
492 911 255 42 eigentümliche
780 912 111 33 Ironie
920 923 68 23 von
1023 913 54 33 hin-

112 965 143 36 reissend
294 966 191 42 poetischen
524 965 192 40 Qualitäten
753 964 164 45 gedeihen
955 967 135 42 konnte,

113 1021 48 33 die
190 1019 70 32 sich
290 1030 68 22 von
389 1019 58 33 der
481 1019 110 34 Ironie
621 1020 89 32 eines
741 1020 148 34 Voltaire
919 1021 84 34 oder
1034 1022 39 34 So-

112 1075 102 33 krates
243 1083 41 23 so
313 1073 181 42 gründlich
524 1073 222 34 unterschied.
792 1073 93 35 Aber
917 1075 88 34 dicht
1040 1085 35 24 ne-

113 1129 58 33 ben
198 1127 108 33 dieser
331 1137 219 32 verwegenen
576 1127 196 43 Geistigkeit
798 1128 123 34 lauerte
948 1130 58 33 der
1023 1129 45 33 Ab-

111 1182 106 44 grund
250 1182 70 33 und
350 1181 57 33 der
437 1182 191 34 Wahnsinn
657 1202 43 5 —
729 1183 183 34 Zacharias
940 1184 149 34 Werner.

110 1235 92 35 Auch
235 1235 71 35 hier
337 1237 74 33 also
443 1238 53 32 ein
529 1237 268 43 merkwürdiger
828 1238 183 43 Zwiespalt
1042 1239 32 32 in-

110 1291 135 35 nerhalb
278 1291 60 34 der
372 1292 150 34 höheren
555 1292 132 34 Einheit
719 1293 59 33 der
812 1294 201 42 Stimmung.

196 1346 61 33 Die
287 1346 163 34 höchsten
480 1346 118 34 Werke
626 1346 59 34 der
715 1346 249 35 romantischen
981 1348 111 35 Kunst

110 1400 151 33 scheinen
298 1400 126 33 freilich
462 1411 67 22 von
567 1400 107 34 dieser
711 1400 182 43 Antithese,
931 1401 53 33 die
1019 1402 72 33 sich

108 1456 93 32 sonst
233 1465 42 23 so
308 1454 144 34 deutlich
487 1455 171 43 verfolgen
691 1457 92 40 lässt,
817 1456 105 42 völlig
955 1456 58 33 frei
1047 1466 44 23 zu

109 1510 76 31 sein.
228 1509 109 33 Wenn
365 1511 72 31 sich
465 1509 53 34 die
546 1510 178 34 Romantik
751 1520 44 24 zu
821 1510 158 33 höchster
1005 1520 63 33 sym-

110 1563 165 34 bolischer
323 1564 70 33 und
440 1563 404 44 mythenschöpferischer
891 1564 200 43 Gestaltung

110 1618 121 40 erhebt,
272 1618 65 33 wie
376 1618 52 33 bei
469 1618 187 41 Nietzsche,
698 1617 90 34 dann
828 1628 78 32 mag
947 1628 34 23 es
1021 1618 71 33 sich

110 1671 59 32 wie
210 1671 150 41 müssige
401 1671 190 42 Neugierde
642 1672 217 40 ausnehmen,
912 1672 34 33 in
987 1672 105 33 einem

110 1726 137 33 solchen
288 1726 262 42 geschlossenen
595 1727 205 35 Kunstwerk
839 1727 90 33 noch
971 1727 120 42 irgend

111 1781 94 33 einen
247 1781 184 42 Zwiespalt
471 1781 250 43 auszuspähen.
778 1781 165 42 Dagegdn
983 1782 110 33 dürfte

108 1836 175 42 allgemein
318 1837 230 42 zugestanden
584 1837 147 43 werden,
768 1837 79 33 dass
882 1839 86 33 auch
1004 1838 89 34 diese

110 1890 160 34 höchsten
313 1891 170 33 Produkte
524 1890 57 34 der
623 1891 177 35 Romantik
840 1891 157 43 lediglich
1037 1892 56 33 auf

109 1945 88 32 einer
238 1945 313 42 Grundstimmung
591 1945 150 33 beruhen
782 1945 70 34 und
905 1945 91 33 nicht
1036 1945 56 33 auf

108 2000 89 32 einer
235 1999 193 34 Einzelheit.
482 1999 63 35 Die
582 1999 114 34 divina
734 2000 187 33 commedia
960 2001 115 33 interes-

106 2054 75 33 sier-
224 2054 155 41 lediglich
418 2053 50 33 als
507 2053 274 33 Pandämonium
820 2053 71 33 und
931 2054 140 34 Zarathu-

110 2110 83 28 stras
230 2108 151 30 äusseres
419 2107 168 32 Schicksal
624 2108 42 32 ist
715 2107 62 33 das
813 2107 279 43 Gleichgültigste

110 2169 50 23 am
188 2169 130 33 ganzen
348 2159 229 35 Zarathustra.
621 2161 63 33 Die
711 2161 227 34 romantische
952 2161 115 34 Grund-

110 2215 182 41 stimmung
327 2215 41 32 ist
404 2215 74 33 also
513 2214 68 34 voll
617 2215 152 42 gewahrt
805 2215 70 33 und
911 2216 86 33 auch
1033 2216 59 34 der

110 2267 194 35 Dualismus
343 2269 41 33 ist
422 2268 90 34 nicht
550 2268 278 44 verschwunden,
868 2270 151 34 sondern
1057 2272 35 33 in

109 2322 103 34 tiefere
249 2323 143 35 Gründe
427 2323 286 43 hinabgetrieben.
764 2325 45 32 Es
844 2326 41 31 ist
920 2324 174 34 durchaus

106 2376 57 33 der
198 2376 190 43 Gegensatz
423 2389 68 22 von
525 2378 150 42 poetisch
710 2378 71 33 und
816 2378 179 43 alltäglich,
1032 2378 58 34 der

108 2431 68 32 sich
210 2431 106 34 auftut
348 2432 70 33 und
451 2432 106 33 durch
590 2432 53 34 die
674 2433 290 42 Stimmungsfülle
995 2433 77 33 über-

111 2485 146 33 wunden
298 2484 100 34 wird.
453 2485 76 33 Von
571 2485 219 33 Zarathustra
832 2486 141 33 braucht
1012 2496 79 23 man

107 2550 63 23 nur
197 2550 42 23 zu
267 2540 163 42 sprechen
457 2540 72 33 und
561 2541 90 42 jeder
678 2541 84 33 fühlt
789 2542 118 41 sofort,
936 2543 64 32 wie
1027 2542 62 33 alle

108 2595 87 32 diese
235 2596 235 34 Kennzeichen
508 2596 71 33 hier
617 2596 168 33 zutreffen.
838 2596 117 33 Dieses
992 2596 99 34 Werk

111 2649 39 32 ist
191 2648 327 41 hervorgewachsen
560 2658 61 23 aus
662 2648 59 33 der
762 2648 189 34 Sehnsucht
1003 2649 88 33 einer

110 2703 196 34 heroischen
346 2704 100 41 Seele,
487 2704 53 34 die
580 2715 43 22 an
663 2705 58 33 der
762 2704 245 42 Alltäglichkeit
1045 2716 32 22 er-

110 2757 120 33 stickte.
286 2757 173 33 Während
500 2757 52 33 ein
593 2757 200 33 klassischer
833 2757 84 33 oder
956 2757 120 33 realisti-

108 2813 94 32 scher
238 2813 137 33 Dichter
409 2813 94 33 einen
539 2813 139 34 solchen
716 2814 150 34 Konflikt
901 2815 34 32 in
972 2815 96 32 humo-

108 2868 169 32 ristischer
308 2867 83 34 oder
421 2868 184 42 tragischer
638 2868 134 34 Manier
802 2879 43 24 an
875 2870 107 32 einem
1015 2869 58 33 Ein-

109 2922 211 33 zelschicksal
353 2922 249 34 abzuwandeln
635 2922 112 43 pflegt»
781 2923 126 43 spricht
939 2923 153 43 dagegen

110 2976 55 34 der
197 2977 215 33 Romantiker
442 2987 65 23 nur
538 2977 33 33 in
603 2977 57 33 der
693 2977 103 33 Form
826 2987 68 24 von
928 2977 146 41 allgemei-

109 3040 61 24 nen
206 3031 246 41 Stimmungen.

201 3083 86 34 Also
311 3084 54 33 die
391 3083 178 34 Romantik
593 3084 41 33 ist
659 3084 320 42 Stimmungskunst,
1005 3094 90 32 ganz

110 3140 67 33 und
213 3150 63 32 gar
311 3149 66 23 nur
413 3138 318 43 Stimmungskunst.
783 3140 52 33 Sie
869 3139 126 34 scheint
1031 3139 61 34 das

106 3203 106 32 ganze
247 3193 110 33 Leben
390 3204 42 23 zu
464 3193 254 41 umklammern,
751 3193 80 34 aber
862 3194 48 31 sie
941 3193 150 34 umwallt

110 3258 34 23 es
179 3258 66 23 nur
281 3249 64 32 wie
381 3250 114 38 etwas,
534 3247 61 34 das
630 3257 79 23 man
746 3247 96 33 leicht
877 3247 125 34 wieder
1037 3248 38 33 ab-

110 3302 105 34 heben
245 3303 99 34 kann.
391 3302 118 33 Poesie
538 3302 71 34 und
642 3302 109 33 Leben
780 3302 156 33 scheinen
965 3302 35 33 in
1028 3303 48 32 ein-

110 3357 103 33 ander
247 3357 215 33 verwachsen
497 3368 44 22 zu
575 3358 70 32 sein
680 3356 71 34 und
787 3358 182 41 verspüren
1005 3356 87 34 doch

111 3410 160 33 vielleicht
312 3410 140 33 niemals
493 3409 258 33 schmerzlicher
792 3409 95 32 ihren
926 3408 150 33 tiefinner-

111 3464 104 34 lichen
250 3465 202 42 Gegensatz.
503 3465 64 33 Nie
602 3465 162 33 erscheint
800 3464 58 33 der
897 3464 175 33 Menschen-

110 3518 83 43 geis:
225 3519 227 43 übermütiger
483 3518 70 35 und
584 3519 235 34 verzweifelter
850 3519 50 33 als
932 3520 45 31 im
1008 3519 65 33 Tau-

111 3574 185 32 melrausch
335 3575 243 33 romantischer
615 3575 244 42 Stimmungen.
912 3573 182 33 Schwache

113 3629 68 31 und
213 3629 169 33 suchende
414 3629 131 33 Geister
576 3628 214 33 zerschellten
822 3627 90 34 noch
944 3629 77 31 stets
1052 3637 43 23 an

111 3681 107 34 dieser
257 3683 119 31 Poesie
414 3683 58 32 der
513 3683 191 34 Kontraste.
760 3681 91 33 Aber
890 3680 204 42 bewegliche

115 3734 150 34 Naturen
307 3735 165 42 pflückten
513 3745 67 23 von
621 3735 108 33 dieser
769 3735 110 33 Wiese
929 3733 164 34 manchen

111 3789 179 33 reizvollen
318 3791 145 40 Strauss,
492 3791 71 33 und
590 3790 228 34 tiefblickende
845 3790 227 42 Philosophen-

112 3846 151 39 naturen,
301 3843 52 33 die
388 3844 56 32 auf
479 3843 71 33 eine
584 3844 194 43 endgültige
812 3843 282 43 Ueberwindung

115 3896 56 33 des
210 3897 275 34 W'eltdualismus
523 3899 227 41 verzichteten,
789 3899 123 33 fanden
952 3899 53 33 die
1042 3907 36 33 ge-

116 3950 187 42 waltigsten
330 3950 157 43 Symbole
513 3951 54 32 für
593 3951 94 33 ihren
715 3951 379 33 Endlichkeitsschmerz

116 4005 69 32 und
221 4005 70 33 ihre
327 4003 364 43 Ewigkeitssehnsucht
726 4007 45 32 im
809 4006 113 34 Lande
957 4005 59 34 der
1032 4007 42 33 Ro-

114 4059 133 31 mantik.

2246 63 65 24 nur
2350 54 52 33 ein
2443 54 255 34 künstlerisches
2737 57 135 33 Streben
2912 58 93 43 Sinn,
3046 59 61 34 das
3145 61 57 33 Tat-

2243 107 122 33 sachen
2391 106 71 35 und
2476 108 265 35 Wirklichkeiten
2766 110 130 34 formen
2910 112 70 33 will
3010 114 69 32 und
3104 115 111 33 formt.

2246 159 45 34 Es
2327 162 55 33 hat
2418 163 73 32 also
2526 163 116 33 keinen
2678 164 93 41 Sinn,
2808 166 89 32 einer
2931 167 288 35 naturalistischen

2244 216 247 33 Scheinbarkeit
2521 216 57 33 des
2615 217 127 33 Motivs
2772 219 240 44 nachzujagen.

2334 270 62 32 Die
2427 270 118 33 Bühne
2576 271 41 33 ist
2647 271 60 33 das
2738 271 230 36 Schaufenster
2996 275 54 33 für
3080 275 53 33 die
3145 276 56 34 Tat-

2246 322 252 33 sächlichkeiten
2524 323 70 34 und
2620 323 264 35 Wirklichkeiten
2910 326 60 33 des
2996 327 127 34 Lebens
3148 329 71 33 und

2244 377 172 34 Erlebens.

2333 431 45 32 Es
2415 433 41 31 ist
2492 433 51 31 ein
2581 433 229 41 begreiflicher
2844 434 161 42 Wunsch,
3043 437 78 33 dass
3156 438 65 32 wir

2242 485 57 32 auf
2331 484 57 34 der
2419 486 119 33 Bünne
2570 488 115 31 immer
2715 497 84 23 neue
2829 488 71 33 und
2931 489 115 33 immer
3077 490 125 34 bestech-

2244 537 118 33 lichere
2389 539 109 42 Dinge
2524 541 195 40 vorgeführt
2743 540 110 34 haben
2877 542 134 33 wollen.
3050 543 73 33 Wir
3136 544 62 33 wol-

2242 591 51 33 len
2338 602 98 24 unser
2481 593 108 34 Leben
2633 595 33 33 in
2709 596 113 32 seinen
2865 595 120 34 Reizen
3027 596 190 37 bereichern

2244 645 71 35 und
2345 647 159 34 erhöhen.

2335 700 62 34 Ein
2425 702 131 33 inneres
2582 701 160 35 Gewitter
2767 714 62 22 zur
2854 703 194 43 Entladung
3074 715 42 23 zu
3131 704 72 34 brin-

2244 764 75 33 gen,
2351 765 119 32 grosse
2500 758 113 32 innere
2643 758 229 43 Spannungen
2903 770 42 23 zu
2975 760 146 33 schaffen
3151 761 71 34 und

2246 807 214 42 auszulösen,
2503 809 60 33 das
2603 811 41 33 ist
2684 810 52 34 die
2777 811 156 43 Aufgabe
2972 812 59 35 der
3070 814 133 33 Theater-

2246 861 98 34 kunst
2369 862 249 35 insbesondere.
2659 864 71 34 Das
2754 868 147 31 wussten
2926 866 106 34 schon
3057 867 53 32 die
3135 867 85 33 alten

2246 917 176 33 Griechen.
2469 917 127 34 Nimmt
2628 929 79 23 man
2739 919 76 34 dem
2847 920 140 34 Theater
3020 922 89 33 diese
3143 921 60 34 Auf-

2242 971 97 42 gabe,
2373 972 127 32 verliert
2533 983 34 22 es
2599 973 99 33 Ernst
2731 975 70 32 und
2835 974 222 35 Achtbarkeit.

2333 1025 130 33 Unsere
2493 1025 206 44 Abneigung
2726 1037 108 33 gegen
3168 1039 35 33 ge-

2244 1089 66 31 gen
2342 1079 128 33 Pathos
2498 1080 70 33 und
2599 1080 87 34 Pose
2715 1082 128 33 machte
2871 1092 64 23 uns
2965 1084 255 33 naturalistisch.

2247 1133 129 33 Darum
2412 1133 80 33 aber
2526 1134 89 42 jeder
2651 1134 92 35 Feier
2778 1134 128 35 abhold
2940 1137 146 42 werden,
3122 1138 102 34 heisst

2244 1186 63 33 das
2340 1187 218 34 Wesentliche
2592 1189 198 43 unüberlegt
2824 1190 74 33 dem
2931 1191 292 35 Unwesentlichen

2244 1241 188 43 aufopfern.

2334 1295 98 41 Jedes
2465 1296 201 35 Kunstwerk
2696 1308 94 23 muss
2819 1309 40 23 so
2890 1300 76 32 weit
2995 1299 229 34 naturalitisch

2246 1351 81 41 sein,
2358 1369 42 4 —
2429 1350 70 33 und
2528 1351 41 32 ist
2597 1361 34 23 es
2660 1371 43 4 —
2736 1352 49 33 als
2813 1362 34 23 es
2879 1354 181 43 organisch
3090 1355 54 32 ist:
3175 1365 32 23 er-

2244 1405 99 41 zeugt
2384 1402 86 35 nach
2523 1404 74 33 dem
2642 1404 239 42 Lebensgesetz
2932 1405 57 33 des
3029 1406 193 42 Wachsens,

2244 1458 91 33 nicht
2373 1458 202 34 konstruiert
2613 1459 82 34 oder
2733 1460 212 43 komponiert
2982 1463 85 32 nach
3104 1462 103 33 techni-

2245 1513 101 33 schen
2377 1513 206 43 Prinzipien.

2335 1566 152 33 Sinnvoll
2512 1568 341 41 zusammengestellte
2881 1568 228 43 Instrumente,
3135 1571 72 32 sinn-

2246 1620 68 33 voll
2338 1621 127 41 geleitet
2491 1631 42 22 zu
2559 1621 106 33 einem
2690 1621 246 42 gemeinsamen
2961 1622 261 34 künstlerischen

2245 1673 137 41 Zweck,
2416 1678 100 30 nennt
2542 1686 76 23 man
2650 1678 50 31 ein
2734 1676 189 41 Orchester,
2955 1679 51 31 ein
3038 1678 180 34 Ensemble

2246 1741 67 23 von
2348 1731 255 43 Schauspielern
2637 1732 193 34 verbunden
2864 1743 44 24 zu
2940 1733 106 34 einem
3081 1733 126 34 Darstel-

2246 1784 215 44 lungszweck
2495 1787 40 31 ist
2568 1785 90 34 nicht
2691 1786 61 34 das
2786 1786 154 34 Gleiche?

2335 1839 68 32 Der
2440 1849 119 32 grosse
2599 1838 249 36 Aussenschein
2886 1842 41 32 ist
2964 1842 53 32 nie
3055 1841 61 34 das
3154 1842 70 33 Ziel

2245 1891 59 34 der
2342 1893 119 34 Kunst.

2336 1947 109 33 Leben
2473 1947 70 34 und
2571 1947 195 44 Bewegung
2794 1950 40 32 ist
2865 1950 33 33 in
2926 1949 59 34 der
3013 1949 110 35 Kunst
3149 1950 55 33 das-

2245 2001 100 33 selbe.

2335 2054 63 34 Die
2425 2055 190 45 Handlung
2640 2057 41 32 ist
2708 2056 61 34 das
2797 2057 167 43 Rückgrat
2993 2058 58 33 des
3079 2058 145 34 Dramas

2246 2127 42 5 —
2316 2107 53 33 die
2397 2108 116 33 latente
2541 2109 190 42 Stimmung
2757 2109 54 33 die
2838 2110 99 34 Seele.
2979 2110 71 35 Das
3077 2111 128 42 klingen-

2247 2162 41 33 de
2325 2163 98 33 Wort
2460 2163 61 33 das
2561 2163 139 34 Fleisch.
2753 2165 69 32 Der
2860 2165 125 42 Dialog
3023 2165 59 32 der
3118 2166 104 33 Geist.

2248 2216 196 42 Seelenlose,
2480 2217 156 42 geistlose
2670 2218 154 33 Gesellen
2858 2218 78 34 sind
2971 2219 175 34 immerhin
3180 2229 31 24 er-

2247 2270 148 43 tragbar,
2434 2271 229 43 rückgratlose
2699 2272 80 33 aber
2815 2274 77 31 stets
2931 2273 161 43 Krüppel.
3144 2272 81 35 Was

2247 2324 65 33 soll
2344 2326 59 31 mit
2437 2325 100 33 ihnen
2571 2326 70 33 eine
2676 2325 371 42 Darstellungs
3062 2326 115 35 kunst?

1271 228 74 33 Alle
1568 230 71 33 und
2010 231 147 42 (Poesie,

1177 284 105 37 Tanz,
1317 283 125 42 Musik,
1473 285 311 43 Schauspielkunst)
1816 289 110 31 setzen
1954 288 132 32 inneres
2103 288 37 32 Le-

1178 336 64 33 ben
1281 337 34 32 in
1356 339 152 31 äusseres
1548 348 68 31 um,
1658 340 34 32 in
1731 339 150 33 einzelne
1920 339 221 35 charakteristi-

1176 391 77 33 sche
1284 391 287 44 Erscheinungen,
1605 394 53 33 die
1689 393 72 34 ihre
1794 395 110 34 Kunst
1933 394 122 42 gerade
2088 395 53 33 her-

1178 445 157 33 ausstellt.
1386 447 63 32 Die
1745 448 128 34 Künste
1908 447 108 43 geben
2063 449 96 33 einen

1181 499 153 34 Moment
1370 501 107 33 dieses
1516 501 128 34 Lebens
1681 502 49 33 als
1768 501 170 34 Anschein
1975 501 60 34 des
2068 502 69 34 Gan-

1177 563 72 32 zen,
1281 556 52 31 ein
1364 557 171 32 erstarrtes
1741 556 64 33 Die
1834 555 240 34 Theaterkunst
2088 556 72 41 gibt

1179 607 395 44 Lebenserscheinungen
1607 611 34 31 in
1674 609 59 33 der
1767 609 103 33 Form
1903 609 81 33 aller
2018 610 139 35 Künste.

1266 663 72 33 Wir
1373 665 136 31 müssen
1546 673 64 24 uns
1646 663 132 33 endlich
1814 664 106 33 daran
1956 664 202 42 gewöhnen,

1178 717 85 32 auch
1299 717 53 34 die
1386 717 240 34 Theaterkunst
1660 718 121 33 formal
1817 718 164 33 artistisch
2017 729 43 22 zu
2107 728 35 32 ge-

1176 780 132 24 messen
1342 771 71 34 und
1446 783 43 22 zu
1522 772 190 33 beurteilen.

1266 824 63 34 Die
1357 825 336 43 Darstellungskunst
1721 825 44 33 irn
1794 825 140 34 Theater
1962 825 73 34 darf
2049 826 109 34 nichts

1178 879 124 34 wollen
1340 880 50 33 als
1427 880 52 33 die
1516 880 184 33 vollendete
1740 880 176 43 Formung
1954 878 89 36 ihrer
2084 880 57 34 Mit-

1179 932 51 42 tel,
1273 934 47 31 sie
1361 933 74 33 darf
1475 934 108 32 nichts
1622 934 125 33 wollen
1788 933 49 32 als
1884 932 275 35 ausdrucksvolle

1177 987 192 36 Gebärden,
1397 989 104 41 Töne,
1531 989 142 41 Farben,
1703 989 127 41 Linien,
1856 988 300 44 Gruppierungen,

1178 1042 218 43 Helligkeiten
1436 1043 71 33 und
1548 1044 251 33 Dunkelheiten.

1268 1096 62 33 Die
1369 1097 243 33 Bühnenkunst
1651 1099 40 32 ist
1728 1099 73 32 eine
1840 1098 110 34 Kunst
1987 1098 54 33 für
2079 1098 80 35 sich,

1181 1150 56 33 Ihr
1277 1150 158 35 Künstler
1473 1152 42 32 ist
1553 1150 58 34 der
1650 1152 189 41 Regisseur.
1893 1152 72 32 Das
2003 1151 133 34 Bühnen-

1178 1205 190 33 kunstwerk
1401 1207 41 32 ist
1473 1208 103 31 etwas
1609 1206 140 34 anderes
1781 1207 49 33 als
1863 1206 61 33 das
1955 1205 187 44 geschriebe-

1177 1269 41 22 ne
1258 1258 221 35 dramatische
1520 1261 212 33 Kunstwerk.

1268 1313 61 33 Die
1366 1313 222 34 dramatische
1625 1314 172 43 Dichtung
1835 1315 41 32 ist
1912 1316 52 32 ein
2001 1315 142 33 selbstän-

1178 1367 95 43 diges
1308 1368 212 35 Kunstwerk.
1569 1369 95 33 Seine
1698 1368 61 34 Art
1792 1371 41 31 ist
1864 1369 105 42 völlig
2002 1369 141 34 verschie-

1178 1423 64 33 den
1276 1433 68 23 von
1380 1422 75 33 dem
1490 1423 232 43 aufgeführten
1759 1424 136 40 Drama,
1933 1425 33 31 in
2001 1424 71 32 sich
2106 1434 36 32 ge-

1176 1477 174 34 schlossen
1385 1477 88 34 ohne
1508 1477 231 43 Aufführung,
1774 1477 70 35 und
1876 1489 66 23 nur
1975 1478 89 34 ohne
2081 1477 60 35 Auf-

1178 1531 164 43 führung:
1382 1533 52 32 ein
1471 1533 263 33 Zeitkunstwerk
1769 1534 34 33 in
1839 1533 170 41 logischer
2045 1532 112 34 Form.

1178 1586 63 34 Die
1278 1585 220 44 Aufführung
1534 1588 40 32 ist
1609 1588 52 32 ein
1698 1587 299 34 Raumkunstwerk
2032 1588 34 33 in
2100 1598 39 32 op-

1176 1638 304 36 tisch-akustischer
1520 1641 114 34 Form.

1267 1694 63 33 Die
1370 1694 243 35 Bühnenkunst
1651 1698 82 31 setzt
1772 1695 53 34 die
1864 1696 151 42 logische
2056 1696 103 33 Form

1178 1748 59 33 des
1265 1748 155 33 Dichters
1446 1750 33 32 in
1507 1749 71 32 eine
1604 1748 334 43 optisch-akustische
1964 1759 57 23 um
2049 1768 41 5 —
2105 1748 53 36 die

1178 1802 141 35 indirekt
1350 1804 171 33 wirkende
1553 1806 34 33 in
1620 1806 71 32 eine
1724 1805 104 33 direkt
1860 1805 180 34 wirkende.

1266 1857 63 33 Die
1356 1858 243 34 Bühnenkunst
1625 1858 56 33 hat
1707 1869 34 23 es
1767 1860 60 33 mit
1856 1858 301 43 Formproblemen

1178 1922 42 23 zu
1247 1914 69 39 tun,
1349 1913 64 32 wie
1440 1912 73 43 jede
1542 1913 123 35 Kunst:
1697 1914 60 32 mit
1783 1913 174 42 optischen
1984 1913 71 34 und
2081 1914 57 33 aku-

1176 1966 155 33 stischen.
1383 1967 216 33 Literarische
1634 1967 179 34 Probleme
1846 1968 99 33 kennt
1978 1969 47 32 sie
2058 1968 100 34 nicht.

1270 2020 63 31 Die
1374 2019 338 42 Darstellungskunst
1762 2020 131 33 wendet
1945 2021 71 32 sich
2069 2021 92 33 nicht

1176 2075 64 32 wie
1275 2074 52 33 die
1360 2075 199 33 Wortkunst
1592 2075 59 33 des
1686 2076 153 34 Dichters
1872 2077 176 42 mittelbar,
2083 2087 59 24 son-

1178 2126 83 34 dern
1302 2129 213 32 unmittelbar
1555 2139 40 22 an
1638 2139 119 23 unsere
1796 2130 111 34 Sinne.
1965 2130 91 33 Alles
2095 2132 67 33 soll

1175 2181 141 43 gefühlt:
1358 2183 162 33 miterlebt
1557 2183 147 33 werden.

1267 2236 72 33 Das
1376 2236 132 43 heutige
1546 2237 141 34 Theater
1724 2240 87 41 zeigt
1848 2249 65 23 uns
1950 2239 61 33 das
2049 2239 94 33 Dicht-

1176 2291 91 33 werk
1301 2292 50 32 als
1385 2291 226 44 Gaukelspiel.
1648 2314 41 3 —
1725 2294 112 33 Wann
1870 2293 89 35 wird
1993 2304 65 24 uns
2091 2296 71 32 eine

1178 2346 243 34 Bühnenkunst
1456 2347 113 33 lehren
1606 2347 62 33 das
1704 2348 191 34 Dichtwerk
1929 2359 44 23 zu
2009 2348 150 35 erleben?

1266 2401 107 33 Heute
1404 2401 70 33 will
1505 2401 53 33 die
1589 2402 241 33 Theaterkunst
1860 2404 34 32 in
1925 2403 90 34 ihrer
2046 2404 116 33 letzten

1183 2453 141 34 Absicht
1364 2454 89 32 noch
1495 2455 62 31 das
1597 2453 222 35 dramatische
1860 2455 192 33 Dichtwerk
2095 2455 66 43 (als

1178 2509 46 33 ob
1259 2509 107 33 dieses
1400 2511 34 31 in
1470 2509 54 34 ihr
1558 2510 60 33 das
1653 2510 229 34 Tatsächliche
1914 2512 125 42 wäre!)
2090 2512 71 33 Das

1178 2562 41 33 ist
1245 2562 123 42 gerade
1395 2573 51 32 so,
1475 2564 50 32 als
1552 2564 46 33 ob
1633 2564 53 33 die
1714 2564 283 35 Bildhauerkunst
2023 2567 35 32 in
2084 2566 60 33 letz-

1178 2618 47 31 ter
1254 2616 141 35 Absicht
1423 2617 64 34 den
1519 2618 194 42 Menschen,
1744 2620 70 32 und
1843 2620 53 33 die
1928 2620 212 33 Landschafts-

1177 2671 133 33 malerei
1344 2673 34 32 in
1412 2672 110 33 letzter
1557 2671 141 35 Absicht
1731 2672 52 34 die
1819 2673 201 34 Landschaft
2034 2674 124 33 wollte.

1266 2726 72 33 Das
1368 2726 90 43 Sujet
1491 2726 75 42 (der
1596 2727 171 43 Vorwurf,
1799 2728 62 33 das
1894 2728 125 43 Motiv)
2051 2729 41 32 ist
2106 2729 53 34 nie

1179 2779 61 32 das
1276 2778 229 35 Tatsächliche
1540 2781 34 33 in
1611 2781 58 32 der
1707 2782 120 40 Kunst,
1865 2781 88 34 denn
1988 2792 35 23 es
2059 2782 102 33 bleibt

1178 2836 76 31 stets
1282 2834 211 42 unwirklich,

1270 2890 36 32 In
1337 2890 58 32 der
1429 2890 137 33 Malerei
1597 2891 40 32 ist
1667 2890 59 33 cler
1755 2891 108 33 Baum

1178 2942 106 33 durch
1322 2943 54 33 die
1413 2942 232 34 koloristische
1681 2943 161 35 Tatsache
1881 2944 69 43 (die
1987 2945 154 33 Wirklich-

1178 2997 62 33 keit
1269 2997 58 33 der
1357 2997 148 43 Farben)
1534 2997 199 35 vorhanden
1761 3018 42 4 —
1834 3000 33 32 in
1896 2999 59 33 der
1983 2999 157 34 Bildhaue-

1179 3052 46 32 rei
1261 3051 59 33 der
1359 3052 140 33 Mensch
1837 3055 35 31 in
1907 3054 59 33 der
2001 3054 161 34 Tatsache

1178 3106 59 33 des
1268 3106 185 42 geformten
1486 3107 108 33 Steins
1628 3108 50 41 (in
1711 3107 58 34 der
1804 3108 353 43 Formwirklichkeit);

1179 3161 34 32 in
1247 3160 58 32 der
1340 3160 200 34 Dichtkunst
1572 3161 88 33 wird
1693 3161 61 33 das
1787 3162 165 42 Ereignis,
1987 3163 59 33 der
2079 3163 62 33 Vor-

1178 3225 103 33 gang,
1317 3217 59 32 der
1407 3216 152 34 Zustand
1843 3218 34 32 in
1910 3217 59 33 der
2001 3217 161 33 Tatsache

1180 3268 59 33 der
1279 3269 115 33 Worte
1437 3269 75 42 (der
1552 3268 226 34 Wirklichkeit
1817 3269 60 32 der
1916 3269 240 43 Schilderung)

1179 3323 167 43 lebendig,
1374 3325 35 32 in
1436 3324 58 34 der
1527 3324 115 34 Musik
1668 3324 136 34 werden
1830 3325 232 41 Stimmungen
2089 3325 71 33 und

1182 3377 126 34 Affekte
1606 3381 33 32 in
1679 3379 57 33 der
1775 3380 162 32 Tatsache
1976 3379 59 33 der
2072 3380 67 33 Ton-

1179 3432 116 33 wellen
1336 3432 50 42 (in
1423 3433 59 32 der
1519 3433 347 43 Klangwirklichkeit)
1904 3434 78 41 laut,
2020 3434 71 33 und
2127 3436 34 31 in

1180 3483 59 35 der
1265 3485 240 34 Theaterkunst
1529 3486 89 33 wird
1643 3486 61 33 das
1730 3486 221 33 dramatische
1967 3486 192 34 Dichtwerk

1435 3541 169 42 vorgehen
1642 3543 34 32 in
1714 3542 58 33 der
1809 3542 160 33 Tatsache
2006 3542 59 33 der
2079 3542 62 33 The-

1178 3594 272 33 aterkunstmittel
1483 3594 50 42 (in
1564 3594 58 34 der
1652 3596 226 33 Wirklichkeit
1908 3596 58 33 des

1268 3657 63 33 Die
1363 3659 274 33 Tatsächlichkeit
1668 3660 77 41 liegt
1776 3660 73 33 also
1880 3661 34 31 in
1945 3659 89 42 jeder
2051 3660 110 34 Kunst

1178 3712 35 33 in
1243 3712 59 33 der
1335 3711 53 33 ihr
1418 3712 137 42 eigenen
1587 3712 114 42 Form,
1733 3714 45 31 im
1808 3713 184 42 geformten
2026 3713 114 33 Materi-

1179 3765 42 33 al.
1272 3766 37 32 In
1343 3765 58 33 der
1436 3765 175 43 Formung
1853 3777 78 22 man
1966 3766 60 33 das
2060 3768 99 41 Sujet,

1179 3819 76 33 weil
1294 3829 35 23 es
1625 3820 98 33 wird.
1780 3820 73 33 Alle
1894 3821 111 34 Kunst
2043 3822 118 32 schafft

1179 3884 67 23 nur
1621 3874 189 43 (Symbole)
1852 3875 70 34 und
1961 3886 36 22 es
2035 3878 126 40 genügt

1179 3937 77 24 zum
1284 3928 136 33 Genuss
1446 3928 70 33 und
1545 3928 229 42 Verständnis,
1801 3939 99 24 wenn
1931 3930 64 33 wir
2020 3930 46 31 sie
2100 3939 39 22 er-

1179 3980 213 43 kennen,
1422 3982 125 33 wieder
1573 3982 163 34 erkennen
1767 3983 117 41 (selbst
1912 3984 33 32 in
1973 3993 64 23 uns
2065 3983 75 32 frem-

1179 4035 117 42 dester,
1331 4038 33 41 ja
1399 4036 257 33 befremdenster
1692 4036 138 43 Form!)

1267 4099 73 33 Wir
1376 4099 110 34 haben
1524 4110 66 23 nur
1630 4099 114 34 Macht
1781 4100 83 33 über
1901 4100 256 42 Tatsächliches,

1179 4153 206 33 Wirkliches.
1437 4152 96 34 Auch
1567 4153 48 33 als
1651 4154 167 34 Künstler.
1868 4153 85 34 Also
1985 4153 56 33 hat
2074 4154 84 33 auch

2339 2860 69 33 Der
2448 2862 145 42 Kapitän
2632 2862 125 41 Junker
2796 2872 61 24 aus
2897 2863 139 33 Bremen
3075 2863 154 33 besuchte

2247 2914 88 33 mich
2370 2915 142 33 neulich.
2562 2916 176 33 Pünktlich
2773 2926 57 23 um
2864 2916 85 33 zehn
2984 2917 74 33 Uhr
3092 2917 114 32 vormit-

2249 2970 75 40 tags
2360 2969 74 32 kam
2470 2979 35 23 er
2541 2979 56 31 an;
2638 2980 35 22 er
2707 2970 88 33 hatte
2830 2971 65 32 mir
2930 2972 71 32 eine
3039 2971 101 35 Karte
3175 2981 35 32 ge-

2248 3022 184 42 schrieben,
2469 3023 56 34 auf
2558 3024 58 32 der
2650 3034 34 23 er
2717 3025 65 32 mir
2814 3025 154 40 mitteilte,
3004 3025 79 33 dass
3116 3035 35 22 er
3184 3036 43 22 zu

2249 3077 89 33 einer
2377 3077 127 33 andern
2544 3078 71 32 Zeit
2651 3078 91 34 nicht
2782 3078 154 34 kommen
2975 3079 131 33 könnte.
3161 3080 68 34 Der

2250 3132 146 42 Kapitän
2427 3133 42 32 ist
2496 3133 78 32 sehr
2602 3143 112 32 gross,
2744 3133 57 33 hat
2829 3133 122 42 langen
2982 3134 141 34 weissen
3138 3133 72 34 Voll-

2249 3185 73 33 bart
2356 3187 88 32 ohne
2478 3187 234 42 Schnurrbart,
2748 3187 173 42 Ohrringe
2953 3187 71 33 und
3057 3187 170 33 furchtbar

2248 3249 121 32 grosse
2402 3240 127 33 braune
2561 3241 131 33 Hände.
2739 3241 81 33 Sehr
2853 3241 82 33 breit
2967 3242 41 32 ist
3041 3240 106 34 dieser
3165 3240 42 33 Mi-

2251 3296 65 30 ster
2355 3293 134 41 Junker,
2531 3293 99 42 stark,
2672 3293 131 35 schwer
2842 3313 42 4 —
2923 3294 128 33 einfach
3091 3295 134 32 massiv.

2249 3348 45 32 Er
2324 3348 78 33 hört
2432 3358 34 23 es
2496 3359 94 32 gern,
2622 3359 100 23 wenn
2753 3359 78 23 man
2862 3349 58 33 ihn
2954 3351 114 31 Mister
3101 3349 124 40 Junker

2248 3405 111 30 nennt.
2411 3403 45 32 Er
2490 3402 110 34 macht
2634 3404 205 41 keineswegs
2874 3405 94 32 einen
3003 3404 118 41 geistig
3156 3412 54 33 reg-

2248 3466 114 23 samen
2403 3456 179 34 Eindruck.
2635 3457 81 33 Und
2755 3457 60 33 das
2853 3457 119 33 erhöht
3010 3456 53 33 die
3100 3457 106 34 Glaub-

2249 3510 201 41 würdigkeit
2475 3511 107 32 seiner
2607 3510 108 33 schier
2740 3510 261 42 unglaublichen
3028 3509 199 43 Erzählung

2249 3564 188 41 ungemein.
2481 3563 94 33 Nach
2603 3565 124 32 meiner
2754 3564 101 33 festen
2883 3563 271 43 Ueberzeugung
3185 3565 41 32 ist

2249 3618 72 41 das,
2350 3628 72 24 was
2449 3629 35 22 er
2512 3620 65 31 mir
2603 3619 153 41 mitteilte,
2785 3618 90 34 nicht
2901 3620 34 32 in
2963 3620 122 32 seinem
3115 3618 110 42 Kopfe

2248 3672 208 42 entstanden;
2492 3683 36 23 er
2558 3672 55 34 hat
2644 3673 61 33 das
2736 3673 79 33 alles
2846 3672 191 33 tatsächlich
3067 3673 113 33 erlebt.

2335 3726 83 33 Eine
2448 3728 102 31 etwas
2581 3726 241 33 umständliche
2852 3726 203 42 Einleitung.

2337 3779 92 33 Aber
2458 3779 51 33 ich
2538 3780 112 32 werde
2676 3781 75 41 jetzt
2778 3777 107 44 gleich
2916 3779 62 33 das
3006 3779 218 33 Wesentliche

2248 3832 216 42 vorbringen.
2524 3832 54 33 Ich
2620 3832 56 33 bat
2725 3832 64 33 den
2830 3832 156 42 Kapitän,
3037 3832 65 32 mir
3153 3832 70 32 sein

2253 3886 190 33 Abenteuer
2481 3895 42 24 so
2563 3886 80 33 kurz
2683 3886 64 32 wie
2787 3885 147 41 möglich
2975 3895 42 23 zu
3057 3885 165 41 erzählen,

2250 3941 70 32 und
2345 3951 34 21 er
2404 3942 92 39 sagte
2521 3940 152 41 langsam
2698 3959 41 4 —
2764 3940 34 32 in
2824 3941 107 31 seiner
2954 3941 102 31 etwas
3081 3939 121 33 schwer-

2247 3994 134 42 fälligen
2420 3994 72 33 Art.

2336 4049 77 41 „Ich
2444 4048 76 33 fuhr
2550 4050 44 30 im
2625 4048 138 41 vorigen
2793 4048 101 40 Jahre
2924 4048 105 33 durch
3059 4048 53 33 die
3140 4048 62 33 Süd-

2249 4113 61 23 see.
2366 4103 111 32 Meine
2517 4103 96 32 Leute
2649 4102 162 41 machten,
2849 4103 63 32 wie
2949 4102 60 33 das
3044 4102 44 33 da
3124 4104 100 31 unten

2248 4156 116 32 immer
2402 4156 88 33 noch
2529 4155 77 33 sehr
2645 4155 115 40 häufig
2799 4156 199 39 vorkommt,
3039 4154 183 41 Rebellion,

1179 157 85 33 Von
1290 157 174 33 William
1491 158 147 33 Wauer

2249 2786 93 35 Eine
2351 2788 440 42 Seemannsgeschichte
2800 2801 78 23 von
2887 2791 97 33 Paul
2993 2791 233 33 Scheerbart

1184 53 150 66 Die
1385 53 589 68 Theaterkunst

2252 2575 350 85 Kapitän
2651 2578 305 84 Junker
3004 2578 140 66 auf

2249 2683 137 66 der
2422 2686 213 66 Insel
2670 2686 356 67 Tamuso
