2291 3845
151 251 74 36 322

1012 248 262 27 BEETHOVEN

206 343 256 42 Beethoven
486 352 65 32 est
574 343 221 51 classique
819 346 21 35 à
866 342 39 40 la
926 341 128 50 façon
1078 342 54 39 de
1151 341 172 41 Mozart
1343 348 41 33 et
1407 340 54 39 de
1481 338 176 53 Haydn,
1683 351 78 39 par
1781 338 39 40 la
1844 335 300 44 construction

148 421 41 32 et
212 428 78 37 par
329 413 40 40 le
393 412 111 53 style
526 426 9 33 ;
562 412 29 39 il
628 419 66 32 est
732 411 213 40 moderne
968 424 80 37 par
1072 409 40 40 la
1135 411 199 50 passion.
1363 408 123 41 Dans
1520 408 63 39 les
1621 405 167 42 formes
1812 420 132 38 pures
1969 419 86 39 que
2086 405 59 40 lui

149 482 130 51 lègue
304 482 39 40 la
368 481 228 46 tradition,
621 480 29 39 il
675 487 89 32 met
784 492 86 26 une
892 478 233 40 humanité
1148 480 192 47 vivante,
1367 491 86 27 une
1474 480 97 37 âme
1593 482 57 35 où
1669 489 112 26 nous
1803 476 343 39 reconnaissons

149 551 38 41 la
210 553 140 38 nôtre.
377 549 116 40 Mais
519 548 343 50 gardons-nous
882 548 52 39 de
954 548 96 39 voir
1072 560 55 26 en
1147 547 60 39 lui
1226 561 58 26 un
1310 548 282 50 romantique
1611 545 289 48 douloureux,
1923 557 86 26 une
2031 552 115 31 sorte

149 620 53 39 de
224 617 266 41 Prométhée
514 616 211 41 chantant
749 630 47 26 sa
822 614 253 42 souffrance
1101 615 7 38 !
1146 614 170 56 Jamais
1359 616 194 40 démenti
1574 615 101 51 plus
1716 623 72 31 net
1813 611 67 42 n'a
1906 617 67 35 été
1995 612 151 50 infligé

151 701 81 26 aux
253 685 194 41 célèbres
472 685 194 41 théories
686 685 54 40 de
763 684 160 41 Taine.
970 684 67 40 En
1062 685 76 48 lui,
1164 682 211 42 l'homme
1400 692 65 32 est
1490 685 218 50 tragique,
1734 682 177 40 déchiré
1930 682 112 39 dans
2066 694 80 28 son

147 757 90 38 moi
258 757 173 49 intime,
455 754 192 51 malade,
673 767 54 27 en
751 754 150 40 conflit
925 766 104 27 avec
1052 753 40 40 la
1116 762 173 39 nature,
1313 766 104 27 avec
1448 753 39 40 la
1510 753 177 49 société,
1715 765 104 27 avec
1843 751 38 39 la
1914 749 169 41 famille
2106 759 39 31 et

150 837 103 26 avec
277 823 229 40 lui-même
532 837 9 35 ;
567 821 185 42 l'artiste
775 831 65 32 est
862 831 93 32 tout
989 830 127 32 autre
1144 837 7 24 :
1175 835 81 28 son
1280 835 151 27 œuvre
1474 829 64 32 est
1562 821 186 47 sereine,
1774 821 130 51 jeune
1924 827 40 32 et
2006 819 137 48 saine,

149 892 102 41 bien
271 891 261 53 équilibrée,
556 893 173 39 animée
752 891 53 40 de
825 891 37 40 la
886 891 84 52 joie
994 891 53 40 de
1069 892 136 50 vivre,
1232 891 148 52 pleine
1409 890 52 40 de
1482 890 229 40 tendresse
1743 897 40 32 et
1806 888 53 40 de
1901 891 151 47 grâce.
2082 886 61 41 La

149 962 207 51 musique
375 969 65 32 est
463 962 53 38 ici
540 974 87 26 une
650 959 237 41 libération
914 969 7 40 ;
942 959 82 40 elle
1045 959 164 41 traduit
1230 960 77 39 des
1329 963 111 36 états
1461 958 143 40 d'âme
1626 959 75 51 qui
1744 970 103 27 sans
1871 956 83 41 elle
1988 955 133 42 n'exis-

149 1031 184 39 teraient
357 1042 94 39 pas.
479 1028 256 42 Beethoven
765 1027 245 42 ressemble
1030 1028 231 52 beaucoup
1304 1032 20 36 à
1347 1027 43 55 J.
1402 1026 56 55 -J.
1485 1026 253 42 Rousseau.
1766 1025 188 42 Comme
1974 1025 77 48 lui,
2073 1025 30 40 il
2122 1040 21 25 a

148 1111 53 27 eu
234 1098 77 40 des
335 1100 183 38 misères
551 1098 387 52 physiologiques,
963 1110 86 28 une
1072 1097 168 50 grande
1275 1096 229 41 tendresse
1527 1096 52 40 de
1612 1109 122 27 cœur
1770 1108 105 28 sous
1899 1108 85 27 une
2009 1108 109 38 appa-

149 1174 121 32 rente
293 1166 340 52 misanthropie,
659 1180 85 26 une
767 1166 127 50 égale
934 1166 268 40 admiration
1245 1163 122 54 (avec
1387 1180 60 26 un
1470 1178 84 38 peu
1589 1162 257 54 d'emphase
1866 1161 147 55 naïve)
2035 1176 111 38 pour

149 1234 62 41 les
232 1235 131 40 héros
388 1239 21 35 à
434 1235 38 40 la
497 1234 262 53 Plutarque,
784 1243 41 32 et
845 1249 59 26 un
922 1238 144 37 même
1090 1235 239 40 sentiment
1349 1233 230 51 religieux.
1600 1232 122 41 Dans
1746 1246 70 27 ses
1840 1232 303 52 symphonies,

149 1303 28 40 il
196 1301 69 54 n'y
292 1318 21 25 a
337 1317 80 38 pas
440 1317 86 27 une
549 1317 115 38 page
681 1326 47 4 —
754 1317 79 38 pas
854 1317 85 26 une
962 1305 80 37 !
1070 1309 56 34 où
1162 1301 88 42 l'on
1284 1311 123 32 sente
1431 1302 39 40 la
1497 1301 178 49 révolte,
1703 1302 38 39 le
1782 1302 293 52 scepticisme,
2110 1301 36 39 le

149 1371 199 41 désarroi
372 1372 160 41 moral.
563 1371 82 42 Cet
664 1371 181 42 homme
868 1373 90 51 qui,
982 1372 110 39 dans
1115 1371 39 40 la
1176 1371 167 50 réalité,
1361 1369 64 42 fut
1450 1371 100 51 plus
1575 1368 177 43 accablé
1769 1370 52 40 de
1844 1371 184 39 misères
2062 1383 83 38 que

150 1448 100 33 tous
269 1441 62 40 les
351 1442 308 52 romantiques
677 1442 151 40 réunis
848 1441 54 40 de
930 1443 120 46 1830,
1073 1441 119 43 écrit,
1222 1453 101 27 avec
1349 1453 83 27 une
1465 1439 182 40 fermeté
1683 1438 246 41 admirable
1962 1438 53 40 de
2039 1451 80 39 pen-

150 1513 72 35 sée
243 1509 211 40 musicale
481 1524 7 24 :

205 1854 63 41 La
290 1855 121 40 seule
434 1856 141 51 partie
597 1855 54 39 de
674 1867 69 28 ses
767 1867 175 28 œuvres
983 1855 74 52 qui
1082 1856 59 38 ait
1163 1854 153 47 vieilli,
1343 1867 46 27 ce
1423 1862 99 33 sont
1546 1855 63 40 les
1632 1854 229 48 mélodies,
1885 1853 63 40 les
1970 1866 145 28 roman-

149 1936 70 27 ces
243 1936 174 28 comme
435 1922 210 41 Adélaïde
658 1955 7 8 .
694 1922 120 41 Pour
836 1923 39 39 le
898 1922 197 42 célébrer
1117 1924 277 49 dignement,
1420 1936 46 26 ce
1501 1922 104 52 qu'il
1629 1921 194 42 faudrait
1863 1923 140 52 jouer,
2042 1923 101 40 c'est

149 1992 38 40 la
213 1993 298 51 composition
532 1989 104 55 qu'il
676 1991 268 41 considérait
985 1992 233 40 lui-même
1254 2004 171 28 comme
1450 2004 81 28 son
1570 1989 323 43 chef-d'œuvre
1929 2006 7 24 :
1972 1989 103 42 c'est
2098 2004 43 26 sa

149 2075 129 25 messe
313 2059 255 41 solennelle.
616 2058 70 43 On
712 2074 20 26 a
761 2064 178 36 exécuté
975 2064 21 36 à
1040 2059 142 51 Paris,
1219 2074 104 26 avec
1360 2060 143 50 grand
1537 2065 166 45 succès,
1730 2060 39 40 la
1793 2073 144 27 messe
1971 2072 54 28 en
2046 2058 39 40 si
2105 2068 38 32 et

149 2128 62 40 les
231 2128 209 40 Passions
462 2129 52 40 de
537 2126 117 56 J.-S.
678 2128 134 40 Bach.
836 2126 161 53 Quand
1017 2137 251 32 osera-t-on
1286 2129 123 53 jouer
1426 2129 38 39 la
1489 2143 128 25 messe
1634 2128 231 41 solennelle
1881 2129 54 39 de
1957 2128 160 40 Beetho-

147 2210 84 27 ven
253 2201 16 35 ?
291 2196 184 53 D'après
499 2197 63 40 les
582 2199 385 49 renseignements
990 2196 172 41 fournis
1183 2211 79 38 par
1284 2196 292 53 Nottebohm,
1602 2206 110 31 cette
1737 2210 145 27 messe
1905 2210 53 27 ne
1981 2196 65 41 fut
2066 2209 77 39 pas

149 2265 40 40 la
214 2265 109 41 fleur
346 2266 105 41 d'un
476 2266 93 40 seul
596 2270 82 44 été,
705 2268 112 38 mais
837 2265 64 41 fut
926 2268 132 39 écrite
1082 2279 52 27 en
1158 2266 222 52 plusieurs
1409 2265 99 41 fois.
1535 2265 63 40 Le
1627 2265 135 52 Kyrie
1785 2265 64 41 fut
1890 2270 253 35 commencé

147 2346 55 29 en
228 2336 104 38 1818
358 2349 9 34 ;
394 2334 39 41 le
455 2334 152 40 Gloria
633 2348 53 27 en
725 2337 133 49 1819;
893 2335 39 39 le
955 2333 137 41 Credo
1113 2347 55 28 en
1193 2338 123 37 1820.
1348 2333 259 54 L'esquisse
1630 2335 53 39 de
1701 2343 92 32 tout
1811 2333 259 41 l'ensemble
2092 2347 51 27 ne

147 2401 66 41 fut
243 2406 121 48 prête
385 2401 129 53 qu'en
559 2406 117 41 1822,
723 2407 139 36 année
902 2409 56 34 où
993 2403 39 40 la
1057 2404 209 50 partition
1309 2405 272 38 manuscrite
1612 2402 64 42 fut
1701 2403 202 40 achevée.
1929 2402 69 41 En
2026 2405 115 48 1823,

148 2469 192 43 l'auteur
362 2470 48 42 fit
433 2484 160 28 encore
633 2472 216 52 quelques
872 2471 335 50 changements.
1249 2471 125 41 Cette
1397 2485 168 37 œuvre,
1608 2486 54 26 en
1701 2485 188 38 somme,
1932 2472 61 40 lui
2016 2476 125 36 coûta

148 2545 100 46 près
271 2540 55 40 de
349 2542 101 50 cinq
474 2554 79 26 ans
595 2540 53 40 de
684 2540 171 40 travail.
893 2539 119 41 C'est
1044 2554 86 27 une
1162 2554 149 27 œuvre
1348 2540 53 40 de
1437 2539 59 41 foi
1529 2542 169 39 sincère
1722 2549 40 32 et
1785 2539 219 53 profonde
2026 2539 117 52 (bien

149 2606 159 54 qu'elle
348 2622 53 26 ne
445 2610 85 38 soit
556 2622 79 38 pas
659 2610 272 39 strictement
972 2608 166 41 limitée
1164 2613 20 35 à
1223 2609 288 52 l'expression
1532 2610 77 39 des
1633 2608 204 52 dogmes!
1861 2619 7 37 ;
1896 2608 82 41 elle
2015 2622 21 26 a
2059 2622 84 26 une

148 2681 152 47 portée
336 2676 209 50 générale
572 2690 7 25 :
612 2690 20 24 «
655 2676 105 41 Mon
782 2677 150 40 dessin
953 2677 234 53 principal,
1217 2692 20 25 a
1259 2679 105 39 écrit
1388 2677 271 51 Beethoven,
1685 2692 20 25 a
1737 2681 67 36 été
1824 2676 263 54 d'exprimer
2106 2677 36 39 le

149 2746 238 39 sentiment
410 2745 230 51 religieux,
665 2754 41 32 et
722 2745 53 41 de
805 2745 221 53 l'inspirer
1049 2759 82 27 aux
1153 2747 226 39 auditeuis
1404 2759 41 27 ».
1475 2745 118 41 C'est
1615 2747 112 39 dans
1748 2746 38 40 le
1810 2748 244 39 manuscrit
2086 2745 55 40 du

147 2811 134 54 Kyrie
304 2813 53 40 de
384 2822 110 32 cette
518 2815 296 51 composition
835 2815 241 50 grandiose
1096 2828 86 39 que
1205 2815 255 40 Beethoven
1480 2829 21 26 a
1522 2817 104 38 écrit
1645 2824 110 32 cette
1776 2815 151 52 parole
1944 2813 168 42 célèbre
2131 2829 7 24 :

151 2893 19 26 «
194 2879 115 43 Vom
335 2881 188 52 Herzen,
549 2895 135 38 moge
707 2896 46 27 es
789 2881 166 42 wieder
989 2898 100 25 zum
1127 2882 170 41 Herzen
1335 2883 147 50 gehen
1508 2884 5 37 !
1543 2883 103 40 Ceci
1682 2885 120 39 vient
1840 2884 58 39 du
1934 2897 134 33 cœur,
2103 2890 38 32 et

146 2948 206 42 voudrait
373 2949 107 42 aller
501 2965 55 26 au
581 2965 121 27 cœur
720 2951 5 38 !
750 2963 19 26 »
788 2947 67 44 En
878 2955 85 37 tête
985 2950 60 42 du
1068 2951 182 40 Sanctus
1256 2983 9 16 ,
1287 2952 29 39 il
1335 2960 88 32 met
1443 2968 7 24 :
1472 2965 19 24 «
1509 2954 79 38 mit
1609 2951 204 41 Andacht
1834 2965 39 36 »,
1897 2966 98 26 avec
2011 2951 127 54 piété;

147 3024 41 33 et
212 3031 46 26 ce
300 3015 111 43 n'est
434 3031 79 40 pas
537 3033 87 27 une
664 3018 163 42 banale
852 3019 241 41 indication
1119 3033 112 39 pour
1268 3019 62 41 les
1356 3033 20 25 «
1402 3032 193 28 nuances
1631 3033 37 27 ».
1713 3019 68 42 En
1804 3025 260 48 comparant
2104 3018 37 40 le

147 3085 133 53 Kyrie
301 3086 159 40 eleison
484 3087 54 40 de
557 3087 39 40 la
622 3088 215 51 première
857 3102 147 26 messe
1028 3087 71 52 (en
1124 3095 43 33 ut
1186 3088 186 53 majeur)
1395 3089 53 40 de
1486 3089 257 41 Beethoven
1767 3102 104 28 avec
1894 3088 110 41 celui
2028 3088 52 40 de
2101 3087 36 40 la

147 3151 139 41 Missa
326 3152 203 41 solemnis
534 3185 10 20 ,
584 3154 291 42 Wasilewski
917 3151 62 45 dit
1021 3169 102 27 avec
1162 3158 151 40 raison
1343 3171 85 39 que
1450 3157 39 40 le
1511 3159 192 51 premier
1740 3158 187 52 implore
1960 3156 39 40 la
2039 3156 102 52 pitié

147 3221 53 40 de
224 3221 111 41 Dieu
372 3235 113 39 pour
518 3222 62 40 les
603 3221 153 43 fidèles
782 3235 9 39 ;
829 3223 39 41 le
895 3223 162 42 second
1081 3225 173 53 supplie
1291 3236 112 40 pour
1437 3225 261 42 l'humanité
1731 3235 93 32 tout
1861 3227 179 38 entière.
2080 3223 59 40 Le

149 3286 153 44 Gloria
310 3323 8 18 ,
342 3304 103 27 avec
469 3304 81 28 son
574 3290 186 42 unisson
784 3287 355 57 (redoublement
1158 3298 21 35 à
1200 3296 101 51 cinq
1325 3296 194 51 octaves)
1543 3296 178 51 produit
1737 3310 59 25 un
1810 3293 100 42 effet
1934 3292 204 47 sublime,

148 3362 21 36 à
191 3356 36 43 la
253 3356 129 54 façon
405 3359 271 42 deHaendel
699 3372 8 37 ;
728 3361 37 40 le
782 3361 120 51 plan,
918 3358 141 45 l'éclat
1082 3363 52 40 de
1158 3377 46 26 ce
1228 3376 221 34 morceau,
1473 3373 99 32 sont
1588 3364 372 41 extraordinaires
2001 3360 138 42 Toute

146 3424 40 43 la
215 3429 237 52 technique
476 3429 212 41 musicale
726 3431 156 51 depuis
906 3429 122 41 Bach
1066 3440 40 32 et
1149 3440 121 33 toute
1312 3430 288 55 l'expression
1636 3434 107 39 dont
1786 3427 39 45 la
1849 3433 207 50 musique
2078 3432 60 37 est

147 3496 184 52 Capable
354 3506 103 33 sont
476 3500 177 39 réunies
672 3498 110 41 dans
806 3498 39 41 la
870 3512 144 27 messe
1035 3497 245 44 solennelle
1302 3502 54 39 de
1379 3499 269 43 Beethoven.

1778 3555 52 41 E.
1853 3555 63 41 M.
