2291 3845
1093 218 93 44 LA

282 348 624 94 REVUE
1044 355 948 97 MUSICALE

574 506 22 34 d
612 514 77 27 une
712 507 278 45 souscription
1013 509 51 36 du
1087 510 213 38 Ministère
1323 513 48 37 de
1392 515 286 38 l'lnstruction
1699 517 225 46 publique.)

1070 722 45 36 15
1144 722 95 38 Juin

1978 733 94 36 1909

208 715 53 36 N°
288 715 63 38 12
378 717 276 45 (neuvième
681 720 168 44 année)

476 1057 247 44 Richard
756 1061 237 41 Strauss
1024 1064 56 39 et
1109 1060 52 44 la
1193 1063 304 53 télépathie
1528 1067 286 44 musicale.

212 1215 120 41 Tous
381 1216 62 40 les
487 1219 238 40 musiciens
758 1218 221 54 d'Europe
1013 1223 247 49 paraissent
1301 1226 120 39 avoir
1453 1239 99 36 reçu
1586 1241 86 26 une
1701 1233 168 37 récente
1904 1230 215 42 brochure

159 1296 225 49 italienne,
411 1310 54 27 au
488 1299 98 39 titre
607 1300 323 50 puissamment
950 1303 215 50 ironique,
1202 1303 106 40 dont
1331 1303 185 42 Fauteur
1539 1305 195 42 s'efforce
1765 1308 52 40 de
1853 1309 266 51 démontrer,

158 1390 79 37 par
274 1377 77 39 des
389 1378 391 51 rapprochements
804 1379 104 51 qu'il
929 1382 106 39 croit
1058 1381 191 52 décisifs,
1275 1397 84 38 que
1389 1383 51 42 R.
1469 1383 195 52 Strauss,
1687 1387 186 41 Fauteur
1892 1389 25 39 d
1925 1388 193 52 'Electre,

159 1465 64 31 est
262 1471 58 25 un
360 1457 228 51 plagiaire.
616 1456 81 56 J'ai
738 1473 217 38 parcouru
977 1474 46 27 ce
1046 1462 154 39 travail
1226 1473 7 37 ;
1260 1463 27 39 il
1320 1464 83 39 m'a
1434 1465 168 40 semblé
1644 1465 120 52 (sauf
1806 1481 52 26 en
1909 1469 211 52 quelques

162 1537 195 40 endroits
377 1544 54 34 où
455 1538 136 41 éclate
607 1539 269 53 l'éloquence
908 1541 75 40 des
1004 1540 118 55 faits)
1144 1557 58 26 un
1226 1556 84 38 peu
1331 1545 116 39 vain.
1485 1544 85 41 Les
1593 1546 168 41 thèmes
1783 1548 224 53 employés
2042 1564 78 37 par

158 1616 63 40 M.
261 1616 180 42 Strauss
479 1628 99 32 sont
613 1618 324 45 suffisamment
955 1622 297 53 quelconques
1275 1637 112 38 pour
1423 1628 90 37 être
1554 1627 217 40 rattachés
1792 1632 19 35 à
1837 1628 75 40 des
1945 1642 175 28 sources

159 1703 86 36 très
263 1699 195 41 diverses
477 1709 41 31 et
542 1704 22 36 à
584 1699 232 53 n'importe
837 1704 118 50 quoi.

212 1778 54 42 Et
289 1782 115 49 puis,
439 1793 111 39 pour
565 1781 40 39 le
633 1783 297 51 compositeur
960 1783 226 49 moderne,
1218 1798 57 27 un
1309 1784 144 41 thème
1484 1783 110 43 n'est
1630 1799 78 39 pas
1741 1796 115 40 tout;
1898 1789 29 38 il
1959 1803 26 38 y
2023 1803 21 26 a
2080 1789 37 40 la

160 1861 192 39 manière
378 1870 6 25 :
407 1861 28 39 il
455 1875 27 37 y
506 1875 21 26 a
551 1860 96 42 Fart
667 1862 53 40 de
741 1863 149 40 traiter
908 1871 40 32 et
964 1862 263 53 d'amplifier
1248 1878 84 27 une
1348 1865 110 49 idée,
1484 1865 94 42 Fart
1594 1867 52 39 de
1681 1867 39 39 la
1745 1876 152 32 mettre
1923 1881 53 27 en
1999 1869 121 51 place

162 1940 282 41 marchande.
468 1939 86 42 Sur
576 1954 47 28 ce
654 1942 148 40 dernir
837 1945 137 49 point,
1012 1943 53 41 R.
1100 1942 179 43 Strauss
1311 1953 63 32 est
1406 1946 342 51 incomparable.
1790 1946 70 41 On
1881 1961 20 26 a
1926 1949 61 40 dit
2020 1963 99 26 avec

160 2022 276 50 pénétration
459 2034 85 39 que
568 2034 69 28 ses
661 2023 118 39 idées
818 2023 274 53 mélodiques
1115 2026 161 39 étaient
1310 2025 77 40 des
1420 2025 142 41 reliefs
1595 2027 52 39 de
1672 2041 124 38 repas
1818 2032 21 35 à
1862 2029 257 48 vingt-deux

158 2115 120 37 sous,
316 2103 305 40 accommodés
654 2116 79 38 par
760 2103 39 40 le
834 2107 261 49 maître-coq
1124 2105 52 39 de
1206 2105 260 52 l'empereur
1500 2105 319 52 d'Allemagne.

219 2182 62 41 Ce
303 2196 72 27 cas
393 2183 54 40 de
468 2184 242 51 prétendue
729 2196 19 26 «
772 2184 234 52 télépathie
1030 2197 19 25 »
1074 2193 64 32 est
1161 2186 110 39 celui
1294 2186 52 40 de
1368 2199 187 38 presque
1573 2195 96 32 tous
1700 2187 61 40 les
1784 2190 333 49 compositeurs,

161 2265 21 38 à
231 2276 275 28 commencer
544 2277 79 39 par
664 2262 184 42 Mozart.
906 2263 271 43 Savez-vous
1217 2263 102 54 qu'il
1354 2279 27 38 y
1429 2280 21 26 a
1500 2279 83 28 une
1622 2276 151 31 sonate
1811 2268 52 39 de
1905 2267 214 42 Clementi

157 2343 237 52 (Œuvres,
416 2340 75 52 VI,
526 2342 44 54 2)
594 2350 55 34 où
673 2344 87 40 l'on
781 2352 151 33 trouve
955 2347 85 38 ceci
1066 2360 8 25 :

216 2678 54 43 Et
286 2680 198 41 Fauteur,
511 2682 110 39 dans
640 2694 84 27 une
745 2681 228 48 réédition,
992 2695 21 26 a
1037 2683 143 38 inséré
1196 2688 108 33 cette
1326 2688 101 32 note
1449 2681 252 40 malicieuse
1723 2695 8 25 :
1755 2693 20 25 «
1809 2680 123 41 Cette
1952 2691 167 41 sonate,

165 2774 101 27 avec
284 2762 38 39 la
341 2770 164 32 toccata
525 2764 75 49 qui
618 2762 36 39 la
678 2763 101 47 suit,
799 2775 21 26 a
839 2763 201 50 étéjouée
1060 2761 130 52 parle
1209 2763 296 49 compositeur
1518 2760 158 40 devant
1691 2759 45 41 S.
1756 2760 60 40 M.
1841 2760 29 40 I.
1891 2761 164 52 Joseph
2069 2761 50 49 11,

161 2855 53 26 en
239 2844 116 48 1781,
376 2841 163 40 Mozart
561 2845 112 36 étant
689 2845 164 52 présent
876 2855 36 27 ».
938 2841 62 40 La
1021 2840 120 40 Flûte
1162 2839 224 41 enchantée
1399 2848 65 32 est
1486 2840 52 39 de
1562 2854 115 37 1791.
1700 2839 215 41 Clementi
1934 2843 188 39 accusait

162 2920 169 41 Mozart
360 2922 52 40 de
435 2923 285 51 télépathie...
747 2922 31 40 Il
798 2931 63 32 est
900 2923 163 39 certain
1106 2935 84 38 que
1230 2934 110 38 pour
1366 2922 250 50 apercevoir
1651 2920 39 39 la
1728 2919 322 42 ressemblance
2072 2922 51 39 de

160 3010 108 32 cette
294 3010 153 33 sonate
475 3003 53 40 de
560 3001 218 42 Clementi
801 3011 40 32 et
863 3003 52 40 de
935 3001 262 41 Fouverture
1235 3001 52 39 de
1310 3001 38 38 la
1373 2999 115 40 Flûte
1492 3031 10 16 ,
1527 3001 28 38 il
1578 2999 110 40 n'est
1709 3012 78 40 pas
1809 3003 244 38 nécessaire
2072 3002 52 39 de

161 3083 188 51 prendre
371 3097 85 26 une
479 3083 146 52 loupe.
655 3083 164 40 Electre
842 3083 198 40 doit-elle
1063 3089 167 41 autant,
1265 3093 170 28 comme
1465 3075 196 44 l'affirme
1679 3079 61 40 M.
1762 3079 232 41 Tebaldini
2015 3081 109 40 dans

161 3162 38 41 la
237 3162 165 41 Rivista
442 3163 195 40 musicale
645 3194 8 19 ,
692 3168 20 35 à
751 3163 39 40 la
835 3161 242 42 Cassandra
1117 3161 52 40 de
1203 3159 59 40 M.
1309 3158 160 43 Arturo
1502 3159 252 49 Toscanini,
1792 3165 272 46 représentée
2102 3165 21 34 à

160 3243 200 50 Bologne
377 3257 52 26 en
458 3248 130 48 1905?
610 3243 223 41 Peut-être
858 3242 68 41 !...
967 3240 275 53 Cependant,
1267 3239 29 40 il
1332 3252 53 27 ne
1407 3238 92 41 faut
1521 3253 78 38 pas
1632 3252 45 27 se
1700 3239 122 40 hâter
1849 3239 53 40 de
1924 3240 200 39 conclure

162 3337 100 27 avec
287 3326 204 39 sévérité.

215 3403 52 41 V.
292 3403 131 50 Hugo
443 3405 62 40 dit
525 3405 189 52 quelque
738 3412 94 43 part
872 3415 83 39 que
997 3413 78 28 son
1093 3403 97 36 âme
1230 3412 19 24 «
1284 3407 64 31 est
1385 3413 52 25 au
1460 3407 144 32 centre
1634 3399 52 39 de
1732 3406 108 43 tout,
1875 3412 169 28 comme
2067 3415 57 25 un

159 3483 97 41 écho
290 3498 151 26 sonore
479 3497 36 28 ».
539 3484 116 43 Tout
693 3485 140 42 grand
885 3483 213 41 musicien
1130 3481 196 46 pourrait
1358 3492 52 27 en
1452 3480 92 39 dire
1586 3488 150 32 autant
1759 3490 10 37 ;
1794 3480 196 47 l'artiste,
2025 3478 99 42 c'est

287 3570 40 30 R.
351 3570 46 30 M,

1985 3575 7 21 I
