2291 3845
645 308 319 30 PUBLICATIONS
999 310 256 29 NOUVELLES
1289 308 51 30 Et
1373 305 262 36 RÉÉDITIONS

2122 352 0 0 331

936 428 19 25 ((
974 415 200 42 Bowdon
1200 416 270 55 (Cheshire),
1502 433 45 36 14
1571 421 166 50 janvier
1762 433 117 38 1903.

367 531 175 41 «CHER
583 532 242 41 MONSIEUR
842 531 143 51 LYON,

209 645 19 26 «
263 632 166 52 Depuis
454 632 254 51 longtemps
728 632 112 52 déjà,
870 633 37 51 je
929 633 174 40 voulais
1143 647 111 28 vous
1291 637 135 38 écrire
1465 650 54 27 au
1557 638 111 50 sujet
1690 638 53 40 de
1766 650 79 28 vos
1875 638 258 40 excellentes

151 715 19 24 «
204 701 161 52 harpes
385 700 349 53 chromatiques,
760 714 95 27 mes
877 714 196 39 voyages
1097 711 40 32 et
1160 716 92 27 mes
1277 702 273 52 obligations
1573 705 392 52 professionnelles
1996 706 137 41 m'ont

150 782 19 25 «
202 768 210 53 empêché
456 769 54 39 de
532 769 180 40 réaliser
734 769 379 41 immédiatement
1145 784 47 26 ce
1213 772 160 51 projet.

206 851 18 24 «
260 837 116 40 Avec
395 845 123 32 votre
548 840 284 44 instrument,
857 838 29 39 il
908 836 72 53 n'y
1003 852 20 25 a
1047 838 98 52 plus
1178 841 275 39 maintenant
1489 855 143 26 aucun
1654 840 196 43 obstacle
1879 843 110 40 dans
2008 841 104 42 l'exé-

153 920 19 24 «
205 907 148 39 cution
377 909 143 37 même
541 906 77 40 des
637 907 164 50 parties
828 906 63 40 les
914 906 98 51 plus
1031 906 198 40 difficiles
1252 908 77 39 des
1348 922 174 26 œuvres
1547 911 278 48 magistrales
1857 911 51 39 de
1940 911 52 40 R.
2018 909 76 42 Wa-

154 988 19 24 «
205 988 112 36 gner
339 988 9 34 ;
367 973 70 53 j'ai
458 988 59 38 pu
535 974 116 40 m'en
685 976 260 38 convaincre
968 987 54 27 en
1044 974 267 42 conduisant
1328 976 39 40 le
1385 974 255 57 Crépuscule
1656 979 70 38 des
1748 978 141 40 Dieux
1894 1010 9 16 ,
1929 983 21 35 à
1975 978 127 41 Paris
2121 991 10 38 ;

155 1056 17 25 «
205 1043 143 40 c'était
369 1055 86 28 une
477 1042 169 50 grande
679 1043 85 51 joie
783 1056 112 38 pour
917 1043 90 39 moi
1025 1041 257 42 d'entendre
1303 1043 63 41 les
1390 1053 154 43 quatre
1566 1045 219 52 harpistes
1806 1046 183 41 femmes
2009 1048 123 51 jouer

153 1125 19 24 «
207 1125 76 27 sur
297 1124 80 27 vos
395 1112 307 39 instruments.

209 1193 19 24 «
263 1179 86 41 Les
374 1188 243 42 avantages
636 1180 259 51 principaux
932 1179 54 40 de
1007 1187 124 33 votre
1150 1180 266 41 instrument
1436 1195 69 26 me
1527 1184 247 49 paraissent
1793 1196 46 27 se
1861 1188 195 36 résumer
2078 1197 53 27 en

153 1262 19 25 «
207 1250 85 39 ceci
318 1259 8 28 :
358 1252 38 36 i°
431 1248 37 40 la
494 1249 198 40 sonorité
725 1245 334 54 irréprochable
1084 1259 9 37 ;
1119 1261 21 26 2
1145 1252 17 18 0
1195 1248 38 40 la
1258 1257 237 33 constance
1525 1250 53 40 de
1601 1250 184 41 l'accord
1806 1265 127 38 parce
1966 1265 83 39 que
2072 1253 61 40 les

154 1330 19 25 «
208 1316 153 41 cordes
384 1329 54 28 ne
474 1324 100 33 sont
596 1317 44 40 ni
682 1324 96 44 trop
802 1316 185 41 tendues
1021 1317 45 40 ni
1104 1324 94 44 trop
1222 1316 193 53 flasques
1439 1329 10 37 ;
1474 1332 17 36 3
1498 1322 17 18 0
1538 1318 38 40 la
1609 1319 216 51 complète
1858 1318 187 42 absence
2080 1321 52 40 de

156 1398 18 25 «
209 1384 118 41 bruit
356 1385 195 52 pendant
571 1384 39 40 le
632 1384 86 53 jeu,
743 1398 73 26 car
837 1384 111 40 dans
972 1384 63 40 les
1058 1383 161 53 harpes
1255 1388 21 36 à
1300 1384 198 52 pédales,
1521 1386 38 39 le
1582 1385 117 41 bruit
1721 1386 52 41 de
1794 1386 339 41 l'enfoncement

155 1467 19 23 «
209 1453 78 40 des
325 1452 179 52 pédales
536 1452 196 52 pendant
774 1452 63 40 les
873 1452 176 52 rapides
1085 1452 320 50 changements
1439 1450 276 44 d'harmonie
1750 1463 64 31 est
1853 1454 280 42 absolument

160 1535 18 24 «
213 1520 253 42 inévitable.
492 1520 80 55 J'ai
598 1525 67 36 été
688 1522 341 50 complètement
1052 1520 189 41 satisfait
1263 1520 57 41 du
1345 1534 82 28 son
1446 1522 54 39 de
1521 1521 39 40 la
1600 1521 136 53 harpe
1757 1522 334 52 chromatique..

207 1603 20 24 «
261 1588 122 42 Dans
403 1588 268 54 l'espérance
707 1602 85 39 que
823 1597 124 32 votre
967 1590 310 40 amélioration
1301 1602 173 28 recevra
1496 1588 167 43 bientôt
1693 1603 45 27 sa
1759 1593 303 38 consécration
2075 1591 53 41 de

158 1670 19 24 «
212 1666 99 32 tous
347 1659 144 48 côtés,,
510 1658 38 52 je
576 1665 113 33 reste
727 1665 120 33 votre
885 1662 86 35 très
1024 1657 172 47 amical,

1435 1727 172 41 «HANS
1640 1727 269 41 RICHTER.»

210 1869 100 43 Suit
345 1885 89 27 une
454 1881 122 31 autre
599 1870 124 42 lettre
755 1871 54 41 de
842 1870 60 42 M.
927 1872 119 39 Félix
1069 1869 145 49 Mottl,
1241 1872 130 38 écrite
1409 1870 111 40 dans
1559 1870 38 40 le
1620 1875 142 35 même
1795 1884 116 26 sens.

211 1939 229 54 Quelques
457 1949 336 32 conservateurs
819 1940 77 40 des
919 1941 126 39 vieux
1068 1952 178 37 usages,
1272 1937 184 41 rebelles
1480 1952 82 27 aux
1587 1940 298 49 innovations,
1910 1939 121 41 n'ont
2053 1953 78 38 pas

156 2010 138 39 craint
324 2009 53 40 de
407 2011 92 38 dire
538 2022 84 38 que
647 2006 199 42 c'étaient
867 2008 39 40 là
931 2008 77 40 des
1030 2004 233 44 certificats
1286 2007 52 39 de
1360 2006 323 52 complaisance
1708 2010 8 36 !

209 2076 122 41 Deux
355 2079 231 38 sommités
604 2076 235 40 musicales
860 2089 171 28 comme
1063 2074 180 43 Richter
1262 2083 40 33 et
1324 2074 130 42 Mottl
1474 2083 99 33 sont
1594 2076 235 40 au-dessus
1851 2076 53 40 de
1921 2076 207 52 pareilles

156 2147 314 39 insinuations.

208 2213 250 51 D'ailleurs,
485 2212 65 41 s'il
573 2222 65 31 est
674 2214 93 39 vrai
792 2211 128 53 qu'en
940 2213 195 51 principe
1159 2212 63 40 les
1239 2224 19 26 «
1280 2210 231 42 certificats
1533 2224 19 25 »
1590 2225 54 27 ne
1666 2220 223 43 comptent
1910 2224 94 39 pas,
2027 2225 104 26 ceux

157 2279 129 54 qu'on
320 2296 20 25 a
384 2286 191 48 opposés
614 2286 197 45 naguère
851 2283 24 37 à
917 2281 60 40 M.
1008 2279 128 54 Lyon
1165 2280 226 41 devraient
1414 2284 89 36 être
1543 2279 176 52 frappés
1770 2280 58 40 du
1869 2283 142 36 même
2044 2279 66 40 dis-

159 2350 134 40 crédit
313 2353 7 36 !

284 2454 123 42 Nous
440 2468 252 39 apprenons
728 2455 62 40 les
814 2452 243 53 fiançailles
1072 2454 53 40 de
1150 2453 58 41 M.
1230 2452 167 41 Robert
1413 2451 141 53 Lyon,
1580 2454 153 39 ancien
1756 2452 119 40 élève
1899 2452 52 39 de
1971 2451 161 40 l'Ecole

157 2524 365 53 Polytechnique,
557 2521 69 42 fils
649 2523 52 40 de
741 2522 63 41 M.
831 2521 196 43 Gustave
1050 2522 142 52 Lyon,
1218 2521 227 40 Directeur
1467 2521 52 39 de
1552 2521 37 39 la
1623 2519 174 41 Maison
1831 2519 165 52 Pleyel,
2032 2533 102 27 avec

157 2591 42 40 M
205 2590 40 24 lle
268 2591 244 42 Germaine
532 2590 215 42 d'Enfert.

283 2709 63 42 Le
371 2708 151 42 Clown
528 2743 9 16 ,
562 2710 53 40 de
635 2709 61 41 M.
722 2709 35 41 I.
788 2710 54 40 de
866 2708 249 48 Camondo,
1139 2710 120 38 vient
1279 2707 134 41 d'être
1436 2709 154 50 repris,
1629 2711 22 35 à
1688 2705 443 54 l'Opéra-Comique,

158 2791 101 27 avec
282 2793 60 27 un
365 2784 87 35 très
475 2777 179 41 brillant
678 2784 148 34 succès
866 2777 125 41 Nous
1014 2777 289 40 reviendrons
1326 2789 75 26 sur
1424 2784 110 31 cette
1564 2788 150 27 œuvre
1738 2780 85 35 très
1844 2774 233 50 originale.

287 2898 68 42 Au
400 2899 169 42 théâtre
593 2899 183 53 Réjane,
802 2900 39 40 le
882 2913 63 34 10,
976 2914 21 25 a
1029 2914 53 26 eu
1106 2899 86 41 lieu
1215 2899 39 39 la
1275 2900 214 51 première
1513 2900 347 49 représentation
1888 2898 52 40 de
1965 2898 167 51 Zuhna,

158 2969 142 39 action
323 2968 171 52 lyrique
511 2982 55 27 en
604 2982 21 26 2
644 2977 133 39 actes,
802 2973 154 47 poème
988 2977 40 31 et
1049 2969 205 49 musique
1289 2966 53 39 de
1379 2966 160 40 Arturo
1560 2965 214 49 Golautti,
1799 2968 177 38 version
2019 2965 92 41 fran-

157 3038 115 47 çaise
303 3036 54 40 de
375 3036 196 41 Maurice
591 3036 253 51 Chassang.
868 3034 146 54 Opéra
1048 3049 52 27 en
1122 3034 148 41 habits
1296 3036 120 38 noirs
1456 3043 40 31 et
1529 3043 195 31 cravates
1749 3034 224 40 blanches.
2013 3034 122 40 Deux

158 3104 149 50 jeunes
329 3104 203 41 hommes
557 3107 164 38 aiment
743 3118 87 27 une
853 3104 175 47 femme,
1056 3103 172 40 Zulma.
1255 3101 130 41 Celui
1427 3104 74 50 qui
1524 3111 64 31 est
1611 3104 150 38 évincé
1796 3115 46 28 se
1865 3111 70 32 tue
1978 3103 159 40 devant

159 3172 60 40 les
243 3181 173 32 amants
439 3172 215 41 heureux.
696 3172 61 41 M.
783 3173 52 40 R.
874 3173 53 40 de
952 3172 138 40 Miero
1115 3170 111 42 n'est
1249 3170 244 41 nullement
1517 3185 58 25 un
1595 3179 201 32 amateur
1827 3172 214 39 musicien
2062 3185 9 34 ;
2105 3171 29 39 il

158 3241 185 51 possède
364 3255 82 27 son
479 3251 81 37 art,
582 3241 29 40 il
635 3255 21 26 a
675 3256 59 26 un
755 3241 134 41 talent
908 3241 103 50 réel,
1035 3248 42 33 et
1100 3252 57 28 on
1181 3238 183 41 l'écoute
1384 3252 102 27 avec
1506 3239 139 49 grand
1668 3241 169 38 intérêt.

209 3358 202 40 Erratum
421 3391 7 8 .
529 3359 121 40 Dans
689 3360 38 39 le
750 3360 174 41 dernier
959 3364 185 36 numéro
1181 3358 53 40 de
1263 3358 39 40 la
1323 3356 140 42 Revue
1498 3356 274 52 musicale,-p.
1799 3370 94 38 305,
1919 3356 28 41 1.
1975 3371 60 35 13,
2061 3358 76 40 lire

157 3423 147 44 Bande
328 3425 71 53 (au
421 3427 86 41 lieu
530 3428 53 41 de
605 3426 169 53 barda).
