2291 3845
981 239 325 31 INFORMATIONS

149 243 74 41 332

673 359 10 3 -
709 334 125 41 Nous
857 348 139 27 avons
1020 347 98 36 reçu
1143 334 38 40 la
1218 334 125 40 lettre
1376 334 202 39 suivante
1603 340 9 28 :

1562 456 111 39 Paris,
1707 468 10 19 i
1727 461 29 17 er
1778 456 75 42 juin
1887 468 104 31 1909.

204 563 19 23 «
251 548 245 39 Messieurs
513 546 150 40 André
686 545 210 48 Tourret,
921 545 54 39 L.
1008 546 146 51 Bailly
1176 554 40 32 et
1237 545 137 41 Louis
1399 546 292 40 Hasselmans
1716 554 76 32 ont
1813 544 255 56 [l'honneur
2090 546 52 40 de

147 629 111 26 vous
291 628 225 27 annoncer
536 613 132 53 qu'ils
686 628 52 26 ne
762 613 94 41 font
880 614 100 52 plus
1003 616 142 50 partie
1167 615 58 40 du
1246 628 171 38 groupe
1440 615 186 40 musical
1644 628 145 27 connu
1814 628 105 27 sous
1959 614 38 40 le
2039 627 103 28 nom

146 685 53 38 de
225 696 19 24 «
268 681 205 53 Quatuor
496 682 139 53 Capet
668 695 41 25 ».

1363 752 133 50 «Par
1519 752 290 50 délégation:

1571 832 93 40 «L.
1691 832 183 41 BAILLY.
1901 845 17 25 »

205 965 126 42 Cette
351 966 268 42 dislocation
641 969 218 39 attristera
875 968 62 40 les
962 967 175 41 amisde
1158 967 279 52 lamusique.
1454 966 102 42 Un«
1579 975 191 44 quatuor
1784 980 20 24 »
1819 974 66 34 est
1903 981 59 27 un
1978 980 167 37 organe

149 1035 227 52 complexe
398 1035 106 41 dont
521 1034 152 43 l'unité
697 1044 64 33 est
797 1037 39 41 la
860 1036 166 53 qualité
1045 1034 251 42 essentielle
1330 1049 9 33 ;
1365 1035 82 40 elle
1480 1048 54 27 ne
1576 1044 103 44 peut
1713 1038 92 37 être
1842 1037 181 51 acquise
2062 1048 84 40 que

148 1117 81 39 par
250 1120 61 26 un
335 1105 155 40 accord
523 1105 54 40 de
600 1104 194 52 qualités
815 1103 272 43 semblables
1106 1103 103 41 chez
1232 1117 106 27 ceux
1353 1105 75 51 qui
1452 1103 39 41 le
1514 1112 278 44 composent,
1817 1112 41 32 et
1876 1117 86 27 une
1983 1103 164 51 longue

149 1178 223 53 pratique,
394 1188 61 27 un
476 1173 151 41 assidu
650 1187 246 28 commerce
916 1173 185 41 mutuel.
1120 1170 276 43 Souhaitons
1415 1185 84 39 que
1518 1170 129 43 M.L.
1667 1171 142 53 Capet
1833 1180 184 44 apporte
2036 1172 111 41 dans

149 1246 41 40 la
215 1244 357 50 réorganisation
596 1242 52 40 de
673 1255 80 28 son
777 1251 191 44 quatuor
989 1241 77 41 des
1088 1241 190 52 qualités
1301 1240 53 41 de
1374 1240 216 41 direction
1703 1240 190 52 qualités
1915 1241 54 40 de
2008 1255 137 34 cœur,

150 1314 182 52 d'esprit
348 1321 41 32 et
411 1312 53 39 de
496 1311 179 41 volonté
768 1313 75 51 qui
880 1312 143 40 soient
1045 1310 151 49 égales
1233 1313 21 36 à
1287 1322 69 27 ses
1389 1309 192 51 qualités
1600 1309 54 40 de
1677 1310 217 39 musicien
1917 1317 41 32 et
1980 1309 53 40 de
2054 1310 69 39 vio-

152 1384 176 39 loniste.
360 1380 72 42 On
451 1393 113 28 nous
596 1380 63 40 dit
682 1394 85 38 que
791 1381 40 39 la
859 1381 198 40 décision
1091 1376 107 55 qu'il
1235 1379 116 39 avait
1389 1379 134 51 prise,
1563 1378 54 40 de
1642 1378 231 40 s'annexer
1904 1376 243 43 l'excellent

153 1451 279 52 quartettiste
454 1448 165 41 Marini
643 1458 65 31 est
730 1449 98 53 déjà
852 1448 311 41 abandonnée.
1188 1446 116 41 Tant
1326 1448 67 51 pis
1417 1460 112 38 pour
1548 1446 39 42 le
1610 1455 193 43 quatuor
1826 1444 157 54 Capet.
2006 1444 141 53 Quels

153 1533 85 40 que
274 1521 144 38 soient
441 1518 62 39 les
534 1517 125 40 choix
697 1516 214 42 définitifs
946 1517 58 40 du
1040 1517 238 49 dirigeant,
1302 1515 28 40 il
1355 1514 155 42 faudra
1551 1515 200 42 attendre
1789 1514 193 53 quelque
2005 1523 142 45 temps

153 1597 132 32 avant
321 1587 52 40 de
402 1595 225 32 retrouver
650 1585 152 42 l'unité
836 1599 186 40 rompue

1403 3458 56 42 Le
1483 3459 161 43 Gérant
1665 3477 10 27 :
1731 3462 50 42 A.
1811 3463 200 51 REBECQ.

912 3551 101 30 Poitiers.
1028 3563 18 9 -
1058 3553 83 30 Société
1157 3556 106 35 française
1275 3559 152 32 d'lmprimerie

203 336 218 52 QUATUOR
445 336 164 40 CAPET.

680 1865 235 43 CHEMIN
976 1867 79 41 DE
1113 1867 116 41 FER
1275 1856 340 52 D'ORLÉANS

854 1997 30 46 A

378 2046 233 54 Voyage
649 2046 398 44 d'excursions
1070 2060 116 30 aux
1207 2048 201 55 plages
1442 2049 69 44 de
1548 2051 54 42 la
1637 2052 288 55 Bretagne

795 2129 141 42 TARIF
960 2128 52 43 G.
1041 2131 51 42 V.
1134 2140 47 31 N°
1218 2146 12 38 5
1257 2131 250 54 (ORLÉANS)

212 2231 67 42 Du
308 2246 13 27 i
330 2236 34 19 er
400 2234 87 39 mai
519 2248 53 26 au
597 2248 43 36 31
666 2234 196 49 octobre,
887 2235 28 39 il
933 2244 66 33 est
1021 2236 165 41 délivré
1207 2237 78 41 des
1303 2237 146 42 billets
1469 2239 53 40 de
1543 2253 172 40 voyage
1740 2241 301 43 d'excursions
2066 2259 81 27 aux

160 2288 152 52 plages
344 2288 52 41 de
415 2288 236 51 Bretagne,
674 2293 23 36 à
720 2291 92 51 prix
849 2291 182 48 réduits,
1063 2301 40 32 et
1120 2302 279 43 comportant
1434 2295 60 40 les
1534 2310 213 38 parcours
1774 2300 197 50 ci-après
1999 2311 7 28 :

213 2343 61 42 Le
312 2343 187 48 Croisic,
534 2343 253 53 Guérande,
844 2344 360 55 Saint-Nazaire,
1261 2348 225 55 Savenay,
1533 2336 332 67 Questembert,
1907 2354 239 51 Ploërmel,

160 2400 195 48 Vannes,
392 2401 166 52 Auray,
616 2401 207 55 Pontivy,
868 2401 248 54 Quiberon,
1149 2405 62 41 Le
1257 2405 151 42 Palais
1445 2408 457 54 (Belle-Ile-en-Mer),
1947 2410 200 50 Lorient,

158 2453 276 55 Quimperlé,
456 2456 282 54 Rosporden,
762 2457 307 50 Concarneau,
1100 2458 232 56 Quimper,
1357 2461 309 55 Douarnenez,
1688 2465 314 52 Pont-l'Abbé,
2029 2467 121 41 Châ-

160 2513 166 39 teaulin

939 2608 158 42 DURÉE
1124 2625 7 25 :
1160 2624 50 36 30
1232 2624 138 34 JOURS

214 2682 103 43 Prix
340 2684 78 41 des
440 2683 148 43 billets
612 2686 126 42 faller
759 2696 41 33 et
821 2691 169 51 retour)
1016 2701 9 28 :
1065 2700 10 25 i
1087 2695 30 19 re
1139 2691 155 51 classe,
1336 2691 70 42 45
1436 2692 86 51 fr.,
1548 2707 21 27 2
1574 2700 16 17 e
1611 2696 157 52 classe,
1790 2696 70 43 36
1898 2697 68 42 fr.

214 2777 181 43 Faculté
418 2778 158 42 d'arrêt
597 2785 21 35 à
642 2790 99 32 tous
762 2781 62 41 les
848 2785 147 49 points
1016 2784 58 40 du
1097 2797 227 40 parcours,
1365 2795 94 33 tant
1483 2791 22 37 à
1526 2787 140 44 l'aller
1685 2789 135 54 qu'au
1844 2801 166 33 retour.

213 2833 179 42 Faculté
407 2836 54 39 de
484 2836 316 52 prolongation
820 2838 53 41 de
904 2838 39 41 la
967 2839 135 41 durée
1124 2841 53 40 de
1209 2842 181 41 validité
1413 2855 273 42 moyennant
1707 2848 301 52 supplément.

212 2888 67 43 En
324 2900 141 40 outre,
508 2893 28 39 il
572 2902 65 31 est
678 2893 166 42 délivré
882 2909 55 27 au
979 2897 154 52 départ
1169 2898 52 40 de
1270 2907 120 33 toute
1427 2903 165 39 station
1627 2903 59 41 du
1721 2909 156 37 réseau
1912 2904 240 43 d'Orléans

157 2956 112 40 pour
307 2945 203 56 Savenay
553 2961 58 28 ou
642 2956 94 33 tout
772 2959 124 32 autre
938 2954 123 49 point
1108 2954 115 39 situé
1261 2968 75 26 sur
1371 2954 256 44 l'itinéraire
1666 2959 58 40 du
1748 2973 173 39 voyage
1958 2961 194 42 d'excur-

157 3002 122 39 sions
308 3003 184 52 indiqué
532 3005 217 40 ci-dessus
782 3015 41 31 et
856 3007 299 42 inversement
1177 3010 77 40 des
1298 3010 146 43 billets
1468 3015 206 50 spéciaux
1703 3015 52 42 de
1794 3031 12 26 i
1817 3021 32 18 re
1870 3025 41 33 et
1936 3031 19 26 2
1961 3025 15 19 e
2011 3017 141 42 classe

158 3057 167 40 réduits
388 3059 54 41 de
467 3072 53 38 40
565 3072 94 39 0/0,
701 3074 105 28 sous
866 3064 226 41 condition
1146 3064 106 42 d'un
1293 3079 213 40 parcours
1548 3069 53 42 de
1667 3083 48 37 50
1769 3072 260 44 kilomètres
2072 3090 80 30 par

158 3111 139 43 billet.

214 3205 103 41 Prix
353 3206 77 41 des
475 3206 143 42 billets
640 3210 416 52 complémentaires
1074 3214 53 41 de
1150 3214 318 55 Paris-Quai-d
1488 3218 145 54 Orsay
1648 3224 23 37 à
1694 3219 207 57 Savenay
1924 3232 40 33 et
1986 3233 165 39 retour,

158 3262 69 42 via
246 3262 169 42 Tours:
448 3279 11 25 i
470 3269 31 19 re
522 3265 156 49 classe,
702 3259 71 49 55
791 3266 66 42 fr.
879 3267 86 50 50,
999 3284 19 27 2
1023 3275 16 18 e
1060 3271 158 48 classe,
1237 3271 71 43 37
1331 3272 66 44 fr.
1423 3274 87 43 40.
