3188 4572
1030 480 174 52 Osßar
1227 481 204 58 Loerße,
1463 482 119 51 Das
1618 481 396 63 GoCdßergwerß

2548 483 90 51 711

476 684 115 79 »Ja,
624 683 340 79 Apaanchu,
1005 684 77 60 ich
1124 683 146 63 habe
1310 684 117 61 dich
1459 684 292 80 betrogen,
1792 683 138 62 aber
1960 694 136 68 jetzt
2126 684 237 79 betrüge
2394 685 77 61 idi
2504 685 140 64 nidit

393 777 174 63 mehr.
612 776 81 62 Ich
729 774 144 64 habe
917 776 114 62 dich
1071 776 347 80 losgelassen
1459 788 56 52 in
1554 788 241 52 meinem
1821 777 194 72 Frost,
2056 778 77 61 ich
2174 777 159 62 sinke
2372 787 56 52 in
2460 786 184 54 meine

398 869 408 64 Einsamkeit.«

476 962 179 64 »Und
704 963 133 61 mich
886 963 165 63 treibt
1098 966 136 60 noch
1284 965 99 61 der
1432 965 278 72 Schmerz,
1759 965 111 62 daß
1920 963 80 64 du
2048 965 267 62 Untreue
2363 972 104 54 mir
2514 981 96 46 ent-

393 1057 296 64 schweben
730 1057 167 61 willst
938 1057 118 61 und
1096 1059 136 61 doch
1282 1059 427 78 nirgendwohin
1759 1057 393 65 entschweben
2193 1057 223 73 kannst,
2465 1057 179 64 näher

392 1176 76 36 an
509 1150 117 61 dich
668 1150 228 61 heran.«

621 1244 339 78 Apaanchu,
1009 1267 68 38 so
1125 1244 127 62 sind
1291 1254 106 52 wir
1435 1245 106 63 tief
1582 1244 376 64 verschieden.
2001 1245 118 63 Mit
2159 1254 153 54 einer
2353 1244 289 64 Wehmut

389 1347 228 69 jenseits
660 1337 100 61 der
800 1337 172 62 Liebe
1013 1338 202 61 nehme
1262 1339 75 61 ich
1379 1338 155 64 diese
1574 1339 345 61 Erkenntnis
1969 1364 106 38 aus
2122 1362 235 40 unserer
2404 1339 237 79 Drang*

392 1431 102 62 sal.
539 1430 247 62 Schenke
828 1440 104 52 mir
971 1430 151 72 Zeit,
1163 1431 157 62 mehr
1359 1456 74 37 zu
1474 1431 305 63 erkennen:
1832 1456 97 38 um
1972 1432 194 62 deiner
2212 1431 176 63 Liebe
2428 1432 207 62 wißen.

398 1555 65 18 —'
501 1525 292 61 Vielleicht
849 1524 214 62 kommt
1118 1549 105 38 aus
1281 1525 100 62 der
1436 1525 343 63 Erkenntnis
1840 1529 137 59 auch
2034 1535 184 52 meine
2265 1525 176 62 Liebe
2496 1527 140 61 noch

391 1619 222 59 zurück.
657 1616 180 73 Nein,
880 1618 91 62 faß
1012 1619 134 59 mich
1188 1619 139 59 nicht
1367 1620 98 60 an!
1508 1618 173 62 Nicht
1712 1618 172 62 mehr.
1921 1618 225 62 Vorbei
2178 1628 72 52 ist
2283 1619 118 62 dies
2437 1618 198 62 alles.«

473 1710 117 61 »Ich
635 1711 152 61 fasse
829 1710 115 61 dich
988 1736 92 47 an,
1130 1711 129 61 weil
1300 1713 76 61 ich
1417 1713 136 59 mich
1595 1711 249 63 schenke.
1903 1713 127 61 Das
2081 1720 71 54 ist
2192 1711 158 73 alles,
2390 1737 124 38 was
2556 1713 79 62 ich

387 1813 137 66 jetzt
562 1803 203 62 kann.«

472 1897 379 77 »Apaanchu!
914 1897 127 61 Das
1091 1897 125 61 sind
1256 1897 213 61 Worte
1508 1896 151 62 ohne
1701 1897 155 62 Sinn,
1901 1896 167 62 Oder
2108 1897 152 62 lehre
2300 1898 135 61 mich
2477 1897 159 63 ihren

391 1988 155 61 Sinn,
567 1988 198 61 Wenn
800 1990 75 59 ich
900 1988 315 79 erschlagen
1240 1990 158 77 liege,
1417 2014 98 37 wo
1534 1999 71 53 ist
1623 1990 151 61 dann
1799 1990 130 62 dein
1949 1990 315 72 Geschenk,
2282 1991 353 79 Apaanchu?

389 2082 181 70 Nein,
603 2082 80 61 du
716 2081 203 62 kannst
951 2082 114 61 dich
1099 2084 140 59 nicht
1271 2082 287 63 schenken.
1671 2084 175 62 Nicht
1877 2084 203 62 einmal
2114 2084 111 62 den
2242 2084 158 63 Stein
2433 2085 204 62 kannst

388 2174 82 61 du
510 2184 102 51 mir
652 2174 290 71 schenken,
984 2175 99 62 der
1122 2175 135 61 mich
1299 2176 280 77 erschlägt.

467 2266 88 63 Es
583 2277 68 52 ist
682 2268 351 77 grauenvoll,
1074 2269 340 77 Apaanchu,
1447 2270 77 60 ich
1558 2269 137 62 sehe
1736 2269 128 71 hell,
1896 2293 170 38 wenn
2100 2270 76 60 ich
2209 2268 164 63 leben
2406 2268 231 72 könnte,

387 2360 103 61 der
530 2362 158 61 Stein
730 2372 71 52 ist
840 2371 103 52 mir
984 2362 170 62 lieber
1196 2363 81 61 als
1320 2363 96 61 du.
1460 2363 86 61 Er
1587 2373 70 52 ist
1696 2373 103 52 mir
1840 2364 137 61 auch
2019 2362 171 63 lieber
2230 2363 84 61 als
2355 2364 94 61 ich.
2494 2363 145 62 Und

389 2453 91 61 die
520 2453 151 73 Luft,
713 2463 55 52 in
811 2454 99 61 der
951 2456 76 59 ich
1068 2454 179 72 stehe,
1289 2456 119 61 und
1449 2456 100 61 der
1579 2456 178 77 Weg,
1799 2456 111 62 den
1944 2457 76 60 ich
2062 2472 158 46 trete.
2263 2456 141 62 Erst
2444 2457 192 61 müßte

388 2547 78 60 ich
500 2546 83 62 dir
616 2557 99 54 sie
754 2547 270 64 schenken
1068 2548 118 63 und
1226 2550 150 61 dann
1411 2551 360 61 mich,-—Du
1813 2560 214 52 wärest
2065 2550 129 62 sehr
2234 2560 209 68 traurig
2482 2550 154 62 ohne

386 2647 104 61 sie,
516 2649 74 52 im
607 2641 217 62 Leeren
849 2665 108 37 vor
980 2651 122 61 mir,
1129 2642 119 61 und
1272 2641 253 64 sehntest
1543 2641 114 64 dich
1684 2644 132 59 nach
1842 2642 183 63 ihnen.
2053 2642 207 79 Sprich,
2293 2642 341 79 Apaanchu,

384 2733 138 61 muß
563 2734 77 60 ich
690 2734 150 61 denn
881 2735 90 61 die
1013 2735 212 71 Steine,
1267 2735 89 62 die
1397 2736 134 61 mich
1572 2745 157 52 töten
1770 2735 251 71 werden,
2072 2736 140 61 nicht
2250 2735 158 61 mehr
2448 2734 183 62 lieben

384 2825 83 63 als
510 2827 156 77 dich?j

462 2921 124 60 Der
627 2921 237 60 Mensch
906 2929 70 54 ist
1016 2921 129 62 dem
1185 2922 309 62 Menschen
1536 2922 104 62 das
1681 2922 349 62 Fremdeste.

462 3012 84 71 O,
600 3013 140 61 über
790 3013 90 61 die
929 3015 338 71 Ohnmacht,
1318 3016 90 61 die
1458 3016 88 61 die
1599 3016 212 61 Götter
1859 3040 107 37 uns
2024 3013 210 80 gaben!
2284 3015 141 60 Wie
2482 3013 148 64 ekelt

383 3106 135 61 mich
567 3106 198 62 davor.
816 3105 431 80 Ägyptenland,
1295 3106 434 81 Ägyptenland!
1780 3107 210 62 könnte
2039 3108 75 60 ich
2156 3106 137 62 doch
2335 3107 290 79 sprechen:

383 3197 179 63 Stank
602 3209 81 51 sei
732 3199 129 61 dein
903 3200 171 61 Meer
1113 3210 110 51 wie
1272 3210 153 52 eines
1466 3197 343 66 Trunkenen
1860 3200 244 80 Gespei!
2154 3199 116 62 Ein
2311 3199 316 63 Schwindel

386 3290 153 62 fasse
580 3290 173 62 Schilf
793 3291 118 61 und
950 3291 177 73 Rohr,
1168 3293 119 61 und
1336 3316 61 38 es
1439 3291 194 63 breche
1682 3317 97 37 um
1827 3302 55 52 in
1931 3302 184 52 seiner
2156 3293 319 62 Schwäche!
2536 3291 93 65 Ihr

378 3382 203 80 Berge,
614 3402 275 44 zertreten
922 3384 119 62 seid
1074 3384 100 72 ihr,
1201 3396 111 50 wie
1345 3396 88 52 ein
1459 3382 217 82 Töpfer
1699 3382 132 66 Ton
1863 3387 137 59 tritt!
2114 3385 62 63 O
2203 3380 419 85 Traurigkeit!«

464 3478 190 71 »Zait,
693 3479 79 77 ja!
825 3478 62 62 O
929 3474 376 84 Traurigkeit!
1356 3478 163 64 Über
1558 3479 136 71 dich,
1743 3503 107 37 nur
1891 3478 139 64 über
2071 3478 132 64 dich.
2255 3478 151 64 Nun
2457 3479 170 80 fange

381 3571 139 59 auch
563 3571 77 61 ich
680 3595 93 47 an,
816 3571 83 61 dir
941 3572 240 61 fremder
1212 3596 75 37 zu
1320 3571 248 63 werden.
1611 3572 123 62 Nie
1774 3571 197 80 grollte
2013 3573 77 60 ich
2124 3572 103 71 dir,
2269 3572 178 64 außer
2486 3596 141 48 nun,

382 3685 98 38 um
522 3663 181 63 dieses
744 3665 312 62 Abschieds
1099 3666 240 61 willen.«

459 3757 99 61 Da
593 3760 310 77 schwiegen
936 3769 81 52 sie
1050 3759 118 62 und
1201 3759 260 62 horchten
1502 3760 109 61 auf
1637 3759 103 62 das
1774 3759 216 62 Pochen
2024 3769 55 52 in
2119 3760 177 62 Hesis
2335 3760 288 65 Brunnen,

458 3850 163 62 Doch
670 3853 141 71 fern,
868 3853 150 63 oben
1060 3863 55 52 in
1164 3853 130 62 dem
1346 3853 367 80 Götterkopf,
1762 3853 202 62 wurde
2020 3877 64 39 es
2133 3853 276 80 lebendig.
2452 3854 174 63 Viele

381 3939 311 67 Menschen
741 3956 214 68 stiegen
1003 3947 216 72 hinauf,
1273 3947 242 62 Fackeln
1564 3956 167 53 irrten
1779 3947 178 62 daran
2006 3947 220 73 umher,
2274 3972 107 38 aus
2432 3956 195 54 seinen
