3147 4572
1089 465 77 52 AI.
1191 465 307 54 Benemann,
1533 460 140 53 Drei
1699 457 233 53 Gedichte

2539 455 95 52 681

1085 1152 252 72 DREI
1380 1144 545 80 GEDICHTE

1324 1378 363 78 GEBET

850 1572 81 61 Ich
973 1572 93 60 hin
1105 1593 108 40 vor
1254 1572 108 60 Dir
1401 1595 107 35 nur
1548 1577 89 53 ein
1678 1568 209 61 kleines
1931 1566 235 62 Gesicht

850 1665 143 61 Und
1031 1665 122 77 lege
1194 1687 62 39 es
1297 1663 306 61 manchmal
1636 1671 56 52 in
1731 1661 189 61 Deine
1962 1658 232 71 Hände,

849 1759 204 61 Denke
1092 1757 329 61 manchmal:
1465 1757 168 76 Bring
1636 1756 17 22 7
1694 1779 63 38 es
1799 1779 132 37 zum
1973 1752 190 71 Ende,

850 1853 166 61 Aber
1054 1851 193 63 verlaß
1287 1851 133 61 mich
1461 1850 155 60 nicht.

850 1991 103 61 Du
993 1991 190 62 redest
1222 1991 124 60 hart
1387 1990 166 61 durch
1598 1987 90 61 die
1729 1986 235 70 andern.

849 2084 222 62 Wollte
1111 2084 136 61 doch
1288 2107 108 38 nur
1435 2107 94 36 am
1569 2081 179 61 Bache
1792 2079 289 71 wandern.

849 2176 143 63 Und
1031 2185 74 52 im
1146 2176 223 79 Spiegel
1409 2176 139 60 Dich
1590 2175 192 61 sehen.

847 2319 124 61 Laß
1010 2319 135 59 mich
1188 2326 89 52 ein
1317 2326 187 69 wenig
1545 2325 280 53 seitwärts
1867 2315 200 62 stehen

847 2411 141 63 Nur
1028 2411 82 63 als
1152 2411 153 61 Dein
1345 2411 221 70 Hauch,

847 2505 205 61 Nimm
1092 2505 134 60 mich
1268 2505 141 60 nicht
1448 2528 132 37 zum
1623 2503 323 70 Gebrauch,

849 2646 141 63 Wie
1030 2648 109 69 die,
1181 2646 91 63 die
1312 2646 139 61 Dich
1492 2645 246 62 künden.

847 2740 83 61 Ich
971 2740 113 61 will
1124 2742 134 59 mich
1299 2739 181 62 hinter
1520 2739 218 61 Deines
1780 2739 255 61 Mantels
2077 2739 201 61 Falten

849 2832 198 62 Selber
1086 2832 206 71 finden.

847 2924 143 61 Und
1031 2924 152 61 dann
1222 2926 135 59 mich
1400 2924 204 63 halten.

846 3063 83 61 Ich
969 3064 94 60 bin
1103 3087 108 38 vor
1251 3064 108 61 Dir
1399 3088 107 36 nur
1547 3074 89 51 ein
1677 3065 208 61 kleines
1931 3065 231 61 Gesicht

847 3156 141 61 Und
1028 3157 122 76 lege
1189 3180 62 38 es
1293 3158 306 60 manchmal
1641 3167 55 51 in
1738 3158 188 61 Deine
1966 3158 231 71 Hände,

846 3248 203 61 Denke
1090 3250 329 62 manchmal:
1462 3251 169 77 Bring
1633 3251 17 21 7
1692 3275 62 38 es
1795 3276 133 37 zum
1970 3251 192 72 Ende,

845 3340 166 61 Aber
1049 3341 192 62 verlaß
1282 3342 133 60 mich
1457 3344 155 59 nicht.
