3204 4572
1085 507 194 51 Martin
1311 506 180 57 Büßer,
1527 506 291 61 Ereignisse
1848 502 118 51 und
1983 502 373 62 Begegnungen

601 508 94 49 688

607 713 297 77 Aufgabe,
945 712 103 62 das
1088 712 282 62 heroische
1410 707 267 63 Wunder
1717 715 194 51 immer
1949 703 214 62 wieder
2202 703 259 79 lebendig
2493 727 73 38 zu
2601 704 245 70 machen,

606 807 153 77 jeder
791 807 133 61 Zeit
955 830 117 38 von
1105 827 223 47 neuem,
1361 803 109 61 daß
1503 825 61 38 es
1599 801 138 59 nicht
1770 815 151 44 etwa
1953 798 83 60 als
2069 796 345 62 Ausnahme
2446 820 137 38 vom
2615 796 192 62 Natur-

609 916 213 62 gesetz,
862 898 245 63 sondern
1148 897 82 62 als
1272 897 101 60 das
1408 892 437 81 Ursprüngliche
1886 889 117 63 und
2037 888 496 80 Gesetzgebende,
2575 889 103 61 das
2713 886 133 64 Tun

607 992 100 63 des
757 992 303 70 zentralen,
1117 991 99 61 des
1267 985 461 66 entscheidenden
1775 985 333 70 Menschen,
2160 983 109 63 daß
2319 1006 61 38 es
2431 992 97 52 mit
2583 983 265 78 Hingabe

608 1085 118 62 und
766 1085 263 61 Andacht
1074 1084 82 61 als
1199 1083 89 60 die
1330 1077 421 65 fundamentale
1792 1074 275 66 Tatsache
2109 1076 346 80 empfunden
2495 1076 214 71 werde,
2758 1077 90 61 die

606 1179 139 61 nicht
785 1202 105 38 aus
924 1178 108 61 den
1064 1175 232 71 andern,
1333 1174 248 62 sondern
1614 1197 107 37 aus
1761 1171 99 61 der
1893 1171 91 61 die
2017 1171 213 61 andern
2263 1196 74 36 zu
2371 1170 298 62 verstehen
2704 1170 142 62 sind.

606 1272 86 62 Er
731 1272 132 61 muß
905 1270 99 61 der
1042 1268 338 80 kompakten
1413 1265 369 63 Rationalität
1813 1274 185 54 seiner
2029 1264 134 62 Zeit
2193 1265 330 78 gewachsen
2556 1273 140 62 sein,
2738 1263 112 62 daß

606 1387 61 38 er
706 1372 80 53 sie
825 1363 308 76 berichtige,
1173 1361 136 62 aber
1349 1384 118 38 von
1509 1359 82 61 ihr
1633 1359 141 60 nicht
1813 1358 212 61 wieder
2058 1358 280 78 berichtigt
2370 1357 233 62 werden
2644 1357 203 62 könne.

603 1457 86 61 Er
744 1457 133 61 muß
935 1455 90 62 die
1074 1455 236 62 Gewalt
1368 1453 118 63 und
1543 1453 89 61 die
1680 1452 231 62 Würde
1968 1461 153 52 einer
2170 1451 407 80 inappellabel
2625 1451 226 62 Instanz

604 1550 200 62 haben.
855 1549 87 62 Er
989 1550 135 61 muß
1173 1549 90 62 die
1304 1547 382 63 Wirklichkeit
1735 1555 186 53 seines
1971 1545 209 62 Blickes
2230 1569 69 38 so
2347 1546 159 76 groß,
2555 1569 69 38 so
2666 1569 186 37 unan«

602 1643 324 63 zweifelbar
973 1667 106 38 vor
1120 1643 109 61 den
1270 1641 146 63 Blick
1458 1641 100 61 der
1606 1641 220 78 Menge
1867 1649 305 61 einsetzen,
2224 1639 109 61 daß
2375 1639 82 61 ihr
2498 1639 90 62 die
2629 1638 223 62 Wahr.*

603 1737 113 62 heit
763 1735 144 63 ihrer
955 1731 160 83 Tage
1163 1758 133 40 zum
1345 1730 160 83 Trug
1554 1734 118 61 und
1722 1733 102 62 das
1874 1731 334 64 scheinhalte
2257 1730 125 62 Bild
2432 1730 99 62 des
2584 1730 267 62 Gedichts

603 1853 103 39 zur
745 1838 193 54 innern
978 1828 306 64 Wahrheit
1324 1828 99 62 der
1455 1827 165 62 Welt
1660 1827 211 62 werde.
1914 1825 86 61 Er
2042 1825 132 61 darf
2208 1824 89 61 die
2338 1824 269 62 stoffliche
2641 1824 212 61 Wucht

608 1922 100 63 des
748 1922 298 62 Wunders
1095 1921 273 72 mindern,
1416 1921 137 61 aber
1604 1945 107 37 nur
1760 1945 98 37 um
1907 1942 61 40 es
2019 1918 393 71 seelenhafter,
2461 1919 140 60 nicht
2650 1942 97 37 um
2790 1941 61 38 es

609 2016 501 62 wahrscheinlicher
1157 2040 75 37 zu
1272 2016 257 72 machen/
1570 2038 60 38 er
1670 2013 133 63 darf
1838 2013 102 63 das
1982 2012 270 62 sichtbare
2291 2012 148 61 Maß
2483 2011 100 62 des
2624 2011 229 62 Helden

607 2109 128 62 dem
776 2133 208 38 unsern
1025 2109 307 70 annähern,
1373 2107 136 63 aber
1549 2132 107 36 nur
1695 2132 98 36 um
1826 2130 108 38 uns
1968 2106 315 61 innerlicher
2315 2130 75 37 zu
2428 2105 425 77 überwältigen,

607 2204 138 61 nicht
785 2227 97 37 um
923 2227 108 38 uns
1064 2203 111 62 den
1209 2201 270 63 Glauben
1512 2226 75 36 zu
1622 2201 331 61 erleichtern.
1989 2200 87 61 Er
2109 2200 143 70 darf,
2293 2223 60 38 er
2386 2199 106 61 soll
2526 2199 324 61 Kausalität

607 2295 201 79 geben,
866 2297 136 61 aber
1049 2295 90 63 die
1187 2304 183 54 seiner
1410 2294 232 71 Vision,
1699 2294 90 62 die
1838 2303 55 52 in
1934 2294 107 61 sich
2083 2293 329 76 notwendig
2452 2292 118 61 und
2610 2292 241 62 sinnvoll

608 2388 595 79 zusammenhängend
1243 2397 88 62 ist,
1373 2389 138 60 nicht
1552 2388 90 61 die
1676 2387 101 62 des
1813 2387 394 62 »historischen
2239 2384 532 64 Verständnisses«.

683 2483 375 78 Hauptmann
1122 2482 114 61 will
1300 2481 111 62 den
1467 2481 437 62 freiertötenden
1961 2480 313 78 Odysseus
2333 2478 519 73 wahrscheinlicher,

606 2576 456 78 glaubwürdiger
1110 2576 256 72 machen,-
1413 2575 136 61 aber
1606 2598 61 38 er
1716 2582 69 54 ist
1825 2598 106 38 nur
1981 2574 193 77 nichtig
2222 2572 308 79 geworden
2579 2571 118 62 und
2746 2596 105 38 aus

608 2678 182 53 einem
823 2664 193 76 Täter,
1050 2667 206 63 dessen
1280 2667 160 63 Rede
1474 2666 184 62 selber
1681 2662 115 65 Tat
1829 2675 87 62 ist,
1951 2675 88 52 ein
2066 2666 267 79 Sprecher
2365 2688 68 38 so
2466 2665 387 79 langwieriger

603 2761 78 64 ob
721 2763 136 61 auch
898 2761 480 79 wohlklingender
1417 2760 233 73 Worte,
1691 2760 111 62 daß
1840 2761 75 60 ich
1957 2760 113 61 ihm
2111 2760 135 61 auch
2286 2759 101 62 das
2429 2759 258 77 klägliche
2727 2759 126 62 biß«

604 2857 130 61 dien
759 2852 132 75 Tat,
909 2855 103 63 das
1032 2880 59 38 er
1107 2855 211 63 zuletzt
1335 2880 73 36 zu
1426 2854 349 78 vollbringen
1801 2854 222 79 vorgibt
2053 2885 64 16 —'
2150 2853 109 62 daß
2278 2877 60 38 er
2354 2862 120 53 vier
2499 2853 352 71 waffenlose,

604 2949 345 63 betrunkene
957 2949 174 63 Kerle
1148 2949 110 61 auf
1267 2948 188 64 etliche
1470 2948 196 61 Meter
1683 2948 362 78 Entfernung
2062 2947 278 62 abschießt
2452 2947 140 61 nicht
2607 2946 244 78 glauben

603 3065 144 56 mag.
791 3043 206 61 Dieser
1029 3043 227 61 Dichter
1295 3042 98 61 hat
1434 3050 143 53 einst
1618 3041 109 62 den
1765 3041 267 61 »Florian
2067 3040 237 80 Geyer«
2348 3040 372 78 geschrieben,
2762 3048 89 53 ein

604 3136 201 71 Werk,
838 3146 55 52 in
927 3137 128 63 dem
1088 3136 313 62 heroischer
1425 3136 181 61 Atem
1638 3135 184 74 weht,-
1853 3135 136 62 aber
2022 3135 156 62 diese
2211 3135 363 77 Erinnerung
2611 3142 71 54 ist
2714 3134 136 62 alles

608 3229 132 62 eher
787 3230 83 61 als
910 3225 188 67 Trost.
1144 3229 240 63 Damals
1426 3229 108 63 ließ
1577 3252 61 39 er
1677 3229 107 62 sich
1826 3252 117 38 von
1985 3238 152 53 einer
2169 3229 118 61 Art
2329 3228 99 62 des
2473 3228 238 71 Sehens,
2762 3228 89 61 die

607 3332 54 52 in
695 3347 229 39 unserer
964 3324 133 62 Zeit
1138 3324 237 64 erstarkt
1415 3333 71 53 ist
1519 3332 86 62 <es
1641 3333 70 53 ist
1744 3332 123 53 eine
1900 3324 174 78 große
2114 3324 135 70 Art,
2285 3323 90 62 die
2408 3322 103 62 das
2553 3322 299 62 Heldische

607 3424 75 52 im
712 3417 159 61 Volk
908 3418 340 62 verwurzelt
1289 3418 117 62 und
1439 3442 105 37 aus
1580 3417 113 62 ihm
1726 3417 364 62 aufkeimend
2122 3417 187 71 sieht),
2351 3438 262 55 anregen,
2657 3438 61 38 er
2748 3437 67 55 ge-

609 3508 216 64 staltete
860 3520 109 64 sie,-
998 3521 132 67 jetzt
1154 3513 115 63 läßt
1293 3536 61 38 er
1387 3512 105 62 sich
1525 3535 118 38 von
1677 3511 100 62 der
1813 3511 210 71 Unart,
2061 3509 99 63 der
2193 3509 277 72 Unkraft,.
2490 3509 130 61 dem
2657 3508 195 61 »Ver«

609 3602 752 76 ständlichmachenwollen«,
1402 3606 103 62 das
1548 3615 56 52 in
1646 3629 233 38 unserer
1918 3605 134 62 Zeit
2093 3605 264 70 wuchert,
2399 3602 350 70 bestimmen,
2793 3625 59 38 er

613 3695 175 61 macht
834 3718 61 39 es
942 3706 112 52 mit.
1105 3699 114 61 Die
1267 3700 301 79 kompakte
1617 3699 365 61 Rationalität
2031 3697 99 63 der
2179 3699 151 70 Zeit,
2380 3696 91 62 die
2530 3695 111 61 ihm
2682 3696 168 61 schon

611 3795 54 52 in
707 3786 107 64 den
858 3789 318 63 »Emanuel
1209 3791 220 74 Quint«
1473 3793 361 62 hineinreden
1868 3793 202 71 durfte,
2112 3791 96 61 hat
2257 3790 92 62 ihn
2399 3789 449 79 hingenommen.

687 3880 253 71 Anders,
997 3883 133 62 aber
1186 3887 138 59 nicht
1379 3896 254 68 geringer
1688 3885 233 80 vergeht
1971 3887 105 61 sich
2127 3883 330 63 Wedekind
2512 3906 178 56 gegen
2740 3882 110 62 den

618 3981 216 76 ewigen
876 3973 137 62 Sinn
1062 3976 99 62 des
1201 3977 244 63 Helden.
1490 3979 100 61 Bei
1630 3979 374 78 Hauptmann
2046 3987 71 53 ist
2158 3977 101 62 das
2302 3976 282 63 heroische
2625 3974 225 64 Wesen
