3212 4572
1253 493 191 50 Rainer
1471 491 174 51 Maria
1864 489 207 60 Puppen

530 497 97 48 642

2069 1809 235 61 Rainer
2336 1806 223 63 Maria
2599 1805 189 64 Rilke

532 700 168 61 durch
743 721 171 38 unser
958 696 236 62 dunkles
1233 695 238 63 Gefühl.
1516 693 160 62 Sieht
1716 715 131 37 man
1888 712 83 47 es,
2012 712 130 37 man
2184 688 215 61 möchte
2440 710 195 56 sagen,
2677 687 111 61 daß

536 815 62 38 es
641 792 182 61 kleine
865 790 242 63 Seufzer
1148 789 145 72 sind,
1335 813 67 36 so
1445 787 174 70 dünn,
1662 783 111 63 daß
1815 783 91 61 für
1947 791 81 52 sie
2070 804 170 38 unser
2282 780 131 62 Ohr
2454 781 139 60 nicht
2633 778 158 61 mehr

536 886 328 70 ausreichte,
898 894 84 52 sie
1016 886 336 68 erscheinen,
1387 879 377 70 schwindend,
1798 902 73 36 an
1906 877 99 61 der
2029 875 500 62 schwankendsten
2556 874 234 61 Grenze

536 1003 236 38 unseres
827 978 278 62 Gesichts.
1157 979 173 60 Denn
1380 976 120 60 dies
1551 974 162 61 allein
1755 971 323 78 beschäftigt
2117 979 107 52 sie:
2278 966 508 64 hinzuschwinden.

537 1072 418 63 Geschlechtlos
1015 1081 110 52 wie
1182 1070 89 61 die
1327 1068 448 77 Kinderpuppen
1843 1064 174 61 selbst
2074 1087 61 38 es
2193 1086 215 47 waren,
2466 1060 184 61 finden
2709 1068 81 52 sie

538 1168 202 61 keinen
791 1167 335 76 Untergang
1175 1173 54 51 in
1280 1162 144 61 ihrer
1473 1158 386 64 anstehenden
1901 1158 280 70 Wollust,
2239 1157 89 60 die
2386 1157 140 60 nicht
2577 1153 213 61 Zufluß

542 1261 139 61 noch
721 1258 220 61 Abfluß
983 1257 112 61 hat.
1148 1256 88 61 Es
1278 1265 90 61 ist,
1408 1255 83 61 als
1533 1252 334 62 verzehrten
1909 1261 82 51 sie
2032 1252 107 60 sich
2181 1251 133 59 nach
2357 1258 152 51 einer
2550 1248 240 60 schönen

537 1354 281 68 Flamme,
857 1351 108 61 sich
1010 1349 280 62 falterhaft
1331 1346 482 62 hineinzuwerfen
1849 1344 144 69 <und
2024 1344 153 60 dann
2211 1344 192 59 müßte
2436 1342 100 60 der
2568 1363 181 54 augen-

540 1446 268 61 blickliche
851 1444 227 61 Geruch
1121 1441 146 63 ihres
1311 1441 421 61 Aufbrennens
1784 1463 107 37 uns
1942 1446 99 52 mit
2089 1436 427 79 grenzenlosen,
2559 1443 90 52 nie
2690 1457 68 53 ge-

538 1540 233 61 wußten
808 1537 294 63 Gefühlen
1145 1535 356 69 überfluten).
1544 1534 142 61 Wie
1727 1557 132 37 man
1902 1530 102 61 das
2048 1554 66 37 so
2158 1529 170 61 denkt
2368 1529 117 61 und
2527 1526 265 70 aufsieht,

537 1633 151 62 steht
728 1656 150 46 man,
922 1631 112 62 fast
1074 1631 337 69 erschüttert,
1453 1652 106 38 vor
1603 1628 146 62 ihrer
1788 1627 361 61 wächsernen
2191 1624 214 60 Natur.
