3292 4572
1635 483 387 61 Testsieffungen

706 494 96 53 738

1154 1145 1344 84 FESTSTELLUNGEN

767 1395 104 51 Die
901 1393 338 62 Argonauten.
1281 1388 123 49 Eine
1435 1385 366 52 Monatsschrift,
1842 1381 395 63 Herausgegeben
2269 1398 98 32 von
2399 1379 148 49 Ernst
2579 1378 127 50 Blaß.
2749 1375 172 51 Heidel-

707 1474 127 61 berg,
865 1468 190 52 Richard
1087 1465 270 52 Weißbach,
1381 1489 51 13 ~
1454 1465 113 48 Wir
1599 1463 209 49 erachten
1842 1479 49 32 es
1925 1460 69 50 als
2027 1477 167 31 unsere
2226 1458 166 49 schöne
2425 1456 165 57 Pflicht,
2623 1472 164 33 unsere
2810 1454 141 49 Leser

706 1569 98 33 von
835 1549 146 51 dieser
1012 1545 259 52 Zeitschrift
1304 1549 46 45 in
1381 1544 234 50 Kenntnis
1649 1559 61 33 zu
1742 1552 175 44 setzen,
1959 1538 96 50 und
2086 1538 247 49 wünschen
2367 1535 88 51 den
2488 1536 316 59 Argonauten
2839 1543 111 51 gute

707 1629 159 56 Fahrt,
915 1627 73 49 die
1027 1630 66 45 sie
1133 1642 55 32 so
1229 1621 210 63 glücklich
1480 1620 246 61 begonnen
1775 1618 169 56 haben,
1992 1621 83 44 mit
2115 1614 219 61 Orpheus
2378 1613 69 49 als
2490 1611 323 51 Geleitsmann
2856 1609 95 49 und

706 1707 220 63 Lynkcus
964 1703 68 51 als
1064 1703 189 56 Lotsen,
1295 1700 103 50 dem
1431 1699 176 61 Sänger
1641 1696 96 50 und
1770 1696 104 49 dem
1907 1694 189 62 Späher,
2147 1694 70 48 Es
2250 1691 215 61 sprechen
2498 1695 47 43 in
2587 1689 169 49 diesem
2799 1698 152 39 ersten

707 1785 138 50 Hefte
877 1783 144 49 außer
1053 1780 104 50 dem
1188 1776 328 63 Herausgeber
1557 1781 66 51 <in
1661 1773 245 53 herrlichen
1942 1770 254 52 Gedichten
2237 1769 98 49 und
2372 1766 339 52 vortrefflichen
2745 1766 207 50 Worten

708 1864 115 51 über
853 1859 207 52 Werfels
1096 1859 139 49 »Wir
1267 1855 155 57 sind«)
1463 1856 67 49 A.
1566 1851 242 59 Kronfeld,
1850 1849 215 53 Leonard
2100 1849 201 57 Nelson,
2334 1845 227 52 Friedrich
2594 1845 230 49 Burschell
2857 1842 98 51 und

713 1941 176 51 Robert
919 1936 167 54 Musil.
2749 1922 64 50 D*
2834 1922 55 49 R-

871 2019 208 52 Tamifie.
1080 2016 68 50 Ein
1188 2014 221 51 einfacher
1450 2013 154 49 Mann
1644 2011 69 49 las
1756 2028 95 32 von
1883 2008 366 59 Familientagen
2291 2005 98 51 und
2428 2004 162 51 wurde
2630 2001 328 56 aufmerksam,

713 2098 89 50 daß
837 2115 49 32 es
918 2094 113 51 doch
1051 2112 101 30 was
1174 2091 191 51 schönes
1398 2095 79 53 sei,
1511 2108 56 32 so
1601 2089 67 48 als
1699 2086 249 51 Einzelner
1980 2104 61 32 zu
2074 2090 124 45 einer
2230 2084 174 62 großen
2429 2081 194 51 Familie
2655 2098 61 31 zu
2739 2077 219 61 gehören,

715 2175 73 51 die
820 2174 61 49 da
903 2173 86 49 alle
1011 2171 132 63 Jahre
1176 2169 166 51 einmal
1374 2166 418 56 zusammenkäme,
1825 2165 89 50 sich
1947 2161 199 64 begucke
2178 2161 98 51 und
2301 2161 171 50 berate.
2504 2160 71 49 Es
2610 2157 86 51 ließ
2729 2155 79 51 ihn
2841 2155 118 49 nicht

715 2253 160 58 ruhen,
908 2250 98 51 und
1036 2267 50 33 er
1119 2248 195 50 forschte
1336 2251 45 45 in
1404 2246 104 49 dem
1533 2245 152 50 Geäst
1710 2242 97 50 und
1832 2242 250 60 Verzweig
2105 2245 149 46 seines
2278 2239 227 50 Stammes
2538 2236 98 51 und
2657 2236 303 48 konstatierte

715 2331 174 52 erfreut
927 2334 100 44 eine
1066 2325 225 51 stattliche
1331 2322 124 51 Zahl
1581 2322 63 49 ich
1686 2320 167 62 glaube
1901 2338 49 31 es
1990 2336 156 32 waren
2189 2317 62 49 74
2376 2334 96 32 von
2514 2314 205 55 Onkeln,
2758 2310 203 61 Tanten,

717 2410 219 55 Vettern,
953 2406 230 56 Kusinen,
1199 2402 199 51 Nichten
1422 2419 117 32 usw.
1571 2399 115 50 Und
1703 2416 49 32 er
1776 2397 112 50 hielt
1912 2397 88 50 sich
2018 2396 128 50 darin
2171 2396 87 48 auf
2277 2394 103 49 dem
2396 2392 286 59 Laufenden,
2704 2392 257 51 kümmerte

718 2486 92 51 sich
905 2502 48 33 er
985 2483 130 49 hatte
1145 2480 142 51 nichts
1320 2496 61 32 zu
1413 2490 85 38 tun
1530 2476 97 50 und
1660 2476 151 62 genoß
1845 2480 46 44 in
1924 2472 354 52 beschaulichem
2302 2471 141 50 Alter
2463 2476 125 43 seine
2617 2480 141 51 guten
2781 2469 179 48 Renten

812 2582 82 31 um
927 2561 72 51 die
1031 2560 79 58 74,
1149 2557 98 51 und
1279 2557 129 50 hatte
1441 2557 131 49 keine
1616 2554 162 61 ruhige
1809 2552 178 51 Stunde
2019 2551 141 50 mehr.
2209 2551 121 48 Eine
2362 2549 275 59 weitläufige
2669 2546 193 51 Familie
2904 2551 61 43 ist

720 2641 73 51 bei
840 2639 89 51 den
970 2637 217 61 heutigen
1229 2634 258 61 unruhigen
1527 2631 267 51 Zeitläufen
1842 2635 101 44 eine
1991 2627 425 51 ununterbrochene
2456 2626 143 48 Kette
2640 2622 324 51 dramatischer

718 2720 272 60 Ereignisse
1021 2720 134 46 meist
1187 2714 118 49 nicht
1336 2710 247 61 freudiger,
1614 2709 203 50 sondern
1850 2712 222 56 trauriger
2094 2707 112 49 Art.
2241 2705 89 49 Die
2354 2702 295 52 Gesundheit
2682 2719 190 31 unseres
2907 2717 56 32 so

721 2796 222 61 kräftigen
965 2795 206 49 Mannes
1204 2797 249 44 zerrüttete
1484 2789 89 49 sich
1606 2792 61 45 im
1690 2787 126 50 Lauf
1832 2791 123 45 eines
1980 2783 153 64 Jahres
2156 2781 347 62 beängstigend.
2537 2781 90 49 Die
2650 2780 150 49 Ärzte
2822 2785 143 43 rieten

722 2876 108 59 ihm,
865 2875 95 49 dies
994 2871 98 51 und
1124 2871 82 50 das
1239 2867 306 63 aufzugeben.
1587 2867 71 50 Er
1690 2865 89 62 gab
1813 2865 141 49 nichts
1987 2865 85 48 auf
2173 2862 67 50 als
2274 2867 125 45 seine
2432 2860 208 49 Familie.
2681 2858 78 49 Da
2791 2856 175 51 erholte

722 2971 50 33 er
802 2952 89 51 sich
924 2950 127 51 rasch
1083 2949 183 50 wieder,
2712 2936 55 49 R,
2789 2936 34 48 I.
2839 2935 63 49 K.

872 3029 218 53 StatistiH.
1091 3053 20 14 —
1112 3027 89 50 Die
1221 3024 317 53 Kriminalität
1563 3029 161 44 nimmt
1757 3026 84 46 mit
1865 3020 80 51 der
1967 3020 141 49 Kälte
2129 3037 74 32 zu.
2237 3018 101 49 Hat
2362 3036 47 31 es
2437 3018 58 47 10
2519 3015 134 50 Grad
2676 3025 134 39 unter
2832 3012 136 59 Null,

726 3109 111 50 muß
868 3126 108 32 man
1009 3106 73 50 die
1113 3104 270 62 Sträflinge,
1423 3102 73 50 die
1527 3101 70 51 ihr
1627 3098 101 53 Teil
1761 3100 277 62 abgesessen
2071 3097 164 57 haben,
2278 3101 83 44 mit
2395 3095 192 50 Gewalt
2620 3111 85 32 aus
2738 3092 89 50 den
2862 3091 72 49 Ge-

726 3189 266 59 fängnissen
1023 3185 205 61 bringen,
1261 3187 47 45 in
1341 3182 71 50 die
1445 3186 66 45 sie
1544 3178 105 53 sehr
1680 3177 109 51 bald
1809 3177 172 50 wieder
2013 3175 249 57 cinziehen,
2297 3180 210 56 geärgert
2537 3172 215 56 darüber,
2785 3170 90 49 daß
2898 3168 72 51 die

727 3264 271 58 Erlaubnis,
1039 3267 45 45 in
1116 3266 147 46 einem
1295 3276 207 33 warmen
1536 3257 262 61 Gefängnis
1828 3274 61 31 zu
1922 3253 163 51 weilen
2118 3271 98 32 von
2249 3252 147 50 dieser
2428 3248 232 51 absurden
2692 3247 279 51 Formalität

730 3342 220 61 abhängt,
981 3341 89 50 daß
1105 3358 109 31 man
1246 3356 99 32 was
1379 3336 245 62 angestellt
1654 3335 152 49 haben
1839 3333 124 50 muß.
1997 3330 312 61 Widerwillig
2339 3327 161 52 stellen
2533 3333 65 44 sie
2631 3326 102 49 also
2762 3344 100 30 was
2895 3342 75 32 an.

730 3420 66 51 So
826 3421 172 48 wächst
1031 3418 71 50 die
1124 3415 316 52 Kriminalität
1472 3420 83 44 mit
1587 3412 81 52 der
1691 3412 157 50 Kälte,
1954 3411 123 49 Eine
2108 3408 170 50 andere
2298 3406 232 51 Statistik:
2565 3405 72 50 die
2658 3405 200 49 Schweiz
2891 3402 82 50 hat

730 3497 74 51 die
834 3502 193 45 meisten
1059 3493 350 52 Selbstmörder,
1450 3492 95 50 Ein
1578 3492 219 48 frommes
1830 3487 151 61 Land,
2013 3493 72 45 ein
2119 3486 254 62 gebirgiges
2405 3483 147 57 Land,
2679 3481 188 49 deshalb
2903 3479 71 51 die

731 3575 339 51 Selbstmorde?
1119 3572 130 51 Tirol
1282 3572 97 51 und
1411 3571 72 51 die
1516 3570 173 50 andern
1722 3568 218 51 östlichen
1973 3565 324 63 Alpenländer
2328 3563 101 50 sind
2463 3563 158 59 bergig
2654 3561 96 49 und
2790 3561 184 56 fromm,

734 3652 216 48 kommen
981 3651 110 49 aber
1122 3648 414 52 selbstmörderisch
1569 3659 96 39 erst
1686 3664 61 31 an
1779 3645 229 50 siebenter
2033 3642 154 51 Stelle.
2222 3642 66 50 Ist
2310 3642 76 48 die
2408 3641 179 48 Armut
2608 3637 231 49 Ursache?
2871 3637 103 48 Das

735 3728 107 51 sehr
873 3747 125 32 arme
1019 3728 153 51 Irland
1202 3728 111 50 liebt
1343 3727 84 50 das
1454 3727 155 50 Leben
1635 3744 55 31 so
1723 3725 122 58 sehr,
1879 3723 89 50 daß
1994 3741 49 32 es
2066 3722 89 50 sich
2178 3719 165 53 tötend
2364 3737 60 32 an
2447 3718 151 50 achter
2618 3716 140 50 Stelle
2784 3716 191 48 kommt.

736 3806 101 49 Der
866 3806 260 49 Reichtum?
1174 3806 207 49 Preußen
1420 3811 59 43 ist
1511 3810 90 50 ein,
1641 3821 109 31 man
1789 3812 119 51 sagt,
1952 3799 166 51 reiches
2150 3797 146 58 Land,
2339 3796 95 49 und
2474 3794 177 50 kommt
2691 3811 61 30 an
2791 3797 186 44 zweiter

739 3882 153 51 Stelle,
941 3882 78 50 Da
1049 3888 124 45 wäre
1205 3888 72 45 ein
1308 3883 162 50 Punkt,
1519 3882 137 51 Aber
1688 3880 220 62 England
1948 3878 179 51 kommt
2157 3896 61 30 an
2251 3881 169 44 vierter
2450 3873 96 50 und
2578 3873 179 50 Armut
2797 3871 96 61 gibt
2927 3888 50 32 es

743 3958 232 62 eigentlich
1008 3960 60 48 da
1099 3977 88 32 nur
1216 3965 47 43 in
1284 3960 214 49 London,
1534 3960 164 49 Immer
1731 3957 113 50 noch
1875 3956 143 49 bleibt
2049 3954 73 51 die
2154 3953 200 51 Schweiz
2387 3949 247 52 unerklärt.
2668 3949 98 50 Der
2796 3948 181 50 Selbst-
