3188 4572
1058 485 174 51 Oskar
1456 486 120 57 Loerke,
1577 486 73 52 Das
1651 485 394 63 Gofdßergwerk

2578 486 96 52 715

420 691 137 61 aber
591 689 117 63 ihre
741 689 247 77 Zungen
1021 689 240 62 schlafen
1295 690 226 62 schwer.
1643 689 98 63 Sie
1774 690 232 61 werden
2039 689 269 62 vielleicht
2338 713 334 41 zusammen

419 784 208 64 Greise
684 783 118 61 und
843 793 176 52 sitzen
1068 783 218 62 krumm
1334 808 74 37 an
1458 785 262 77 schrägen
1773 783 421 80 Granitplatten
2244 783 119 62 und
2410 785 262 61 waschen

416 877 118 62 und
575 877 282 61 waschen:
903 875 188 63 keiner
1131 877 135 62 aber
1306 877 199 78 spricht
1546 887 92 52 ein
1689 877 233 62 Wort.«

492 971 320 78 Apaanchu
852 972 131 76 griff
1014 971 106 61 sich
1162 995 72 37 an
1277 971 89 62 die
1407 971 184 62 Kehle
1642 972 117 61 und
1809 969 327 64 unterbrach
2179 969 94 63 ihn
2315 978 99 54 mit
2453 969 214 63 lastbar

414 1063 346 79 gedämpfter
802 1063 257 63 Stimme:
1115 1065 158 61 »Ach
1315 1065 154 71 Zait,
1519 1066 104 60 soll
1666 1065 90 61 die
1798 1065 279 71 Schmach,
2120 1065 111 62 daß
2273 1088 62 38 er
2377 1089 67 37 so
2491 1065 179 71 redet,

416 1159 136 59 noch
594 1159 141 59 nicht
774 1182 74 36 zu
890 1157 171 61 Ende
1102 1160 187 60 sein?«

492 1251 136 60 Zait
668 1268 158 61 sagte
867 1251 260 63 zitternd:
1176 1253 120 61 »Es
1343 1262 73 53 ist
1449 1278 105 36 nur
1595 1253 170 80 Spiel.
1812 1253 156 61 Zum
2004 1253 274 71 Gruseln,
2320 1253 340 78 Apaanchu.

414 1344 83 61 Ich
539 1344 139 62 höre
718 1370 106 36 nur
864 1354 88 52 ein
985 1345 356 73 Abenteuer,
1375 1347 102 62 das
1511 1348 181 77 gewiß
1736 1348 141 61 nicht
1910 1347 89 61 für
2039 1348 135 60 mich
2216 1357 122 52 sein
2381 1347 159 62 wird.
2587 1348 85 61 Ich

415 1437 140 61 höre
595 1437 137 62 doch
776 1462 105 36 nur
923 1438 101 61 das
1068 1438 198 72 Neue,
1306 1439 103 63 das
1452 1441 77 59 ich
1571 1441 135 59 noch
1750 1441 139 59 nicht
1929 1439 181 61 kenne
2154 1439 119 61 und
2307 1439 103 61 das
2454 1441 79 59 ich
2566 1463 108 55 ge«

414 1531 207 61 rechter
660 1531 188 61 lernen
891 1531 112 61 wilf
1045 1532 81 61 als
1169 1532 102 61 das
1311 1533 158 60 Alte,
1524 1533 124 60 Das
1692 1533 111 61 alte
1844 1532 193 61 Leben
2080 1532 202 61 wurde
2322 1532 173 62 heute
2537 1533 130 63 eitel

414 1622 259 62 Schmerz
713 1624 117 60 und
871 1625 165 61 nichts
1078 1625 82 61 als
1196 1625 192 61 weher
1419 1625 291 62 Überfluß,
1833 1626 204 61 Wozu
2071 1626 110 61 bist
2222 1626 79 61 du
2343 1626 124 61 und
2499 1650 178 38 wozu

2047 1688 23 16 Ja

414 1725 72 52 ist
527 1716 128 61 dein
697 1717 164 60 Land
901 1728 99 50 mit
1040 1717 144 61 allen
1226 1719 110 61 den
1378 1719 231 77 Vögeln
1652 1743 105 37 aus
1800 1719 280 71 Arabien,
2122 1720 90 61 die
2253 1729 153 69 jetzt,
2447 1720 223 78 gesalbt

414 1818 99 51 mit
551 1808 363 71 Weihrauch,
956 1809 336 62 darüberhin
1333 1810 266 78 fliegen?«

490 1900 114 61 Als
646 1899 152 64 hätte
854 1912 82 51 sie
990 1912 81 52 sie
1120 1903 252 77 gerufen,
1430 1905 231 60 strichen
1710 1913 121 53 vier
1887 1928 227 55 magere
2157 1904 181 64 Geier
2383 1930 120 38 von
2559 1907 111 62 den

412 1993 262 61 östlichen
707 1994 208 61 Felsen
957 1994 99 63 her
1096 2005 73 52 im
1204 2013 184 45 ersten
1430 1997 393 77 Morgengrau
1866 1998 140 62 über
2047 2007 82 53 sie
2173 1998 110 64 hin.
2327 1999 138 61 Zait
2507 2017 165 62 sagte

414 2109 146 54 ganz
593 2087 346 61 versunken:

496 2179 239 60 »Wozu
769 2181 155 61 diese
957 2181 212 61 bunten
1187 2182 220 61 Wichel
1438 2182 219 63 Leben:
1695 2184 226 77 Vögel?
1953 2184 91 61 Ihr
2068 2201 148 45 wart
2240 2194 103 53 mir
2369 2210 68 37 so
2467 2186 206 64 freund

414 2281 162 61 einst,
618 2283 133 66 jetzt
797 2275 121 60 seid
960 2274 81 61 ihr
1082 2285 147 51 mein
1265 2275 287 74 Schmerz,-
1592 2286 147 53 mein
1774 2278 279 71 Schmerz,
2095 2279 99 61 der
2227 2280 149 78 fliegt
2416 2281 120 61 und
2578 2281 99 63 der

412 2375 179 65 grüne
631 2365 230 61 Federn
913 2366 99 61 hat
1060 2368 117 59 und
1226 2368 168 61 hohle
1435 2369 186 61 Posen
1672 2370 118 60 und
1832 2370 263 80 Schöpfe,
2146 2372 283 63 Gekröse.
2475 2374 202 61 Welch

414 2455 296 74 Überfluß,
757 2460 205 60 wozu?
1012 2459 89 62 Ihr
1141 2460 108 61 alle
1298 2462 123 61 seid
1460 2472 89 51 ein
1593 2463 301 62 Stückchen
1936 2474 214 52 meines
2192 2466 322 62 Schmerzes
2557 2466 120 63 und

414 2549 134 61 hebt
600 2573 63 39 es
712 2552 118 61 und
877 2570 146 61 tragt
1071 2577 60 37 es
1183 2556 118 59 und
1348 2554 115 63 lebt
1512 2580 60 37 es
1624 2557 118 61 und
1783 2557 176 62 sterbt
1999 2581 87 39 es:
2131 2558 83 61 ihr
2254 2560 420 63 Ibisschwärme

415 2641 141 61 über
600 2642 110 62 den
745 2643 361 78 Sykomoren
1149 2647 117 60 und
1306 2647 83 61 ihr
1422 2648 260 61 Pelikane
1718 2659 75 50 im
1825 2650 251 71 Morast,
2118 2651 84 61 ihr
2234 2652 306 71 Marabus,
2584 2653 91 63 die

414 2733 85 60 ihr
548 2745 98 51 mit
693 2736 128 61 dem
871 2737 200 63 kahlen
1122 2740 195 79 Kopfe
1366 2750 103 52 mir
1517 2745 219 58 zunickt
1784 2744 118 61 und
1950 2747 159 69 nickt,
2208 2775 14 13 -
2269 2746 118 61 und
2428 2770 123 38 was
2594 2747 81 61 du

415 2829 193 75 irgend
651 2852 221 38 nennen
906 2830 218 62 kannst.
1262 2834 154 61 Was
1458 2859 116 37 von
1609 2845 101 51 mir
1743 2838 217 61 werdet
2001 2838 83 61 ihr
2124 2863 233 53 morgen
2399 2849 120 52 sein
2554 2840 119 62 und

415 2918 181 61 heben
647 2921 118 59 und
815 2921 161 61 leben
1027 2924 118 60 und
1192 2925 255 61 sterben?
1497 2925 279 64 Überfluß
1826 2938 211 53 meines
2081 2930 246 63 Glückes
2369 2932 304 63 vielleicht?

415 3009 82 60 Ich
547 3013 146 58 weiß
743 3014 156 69 nicht,
948 3014 115 61 laßt
1111 3018 133 60 mich
1294 3027 213 52 sinnen,
1673 3021 143 60 Und
1856 3022 97 70 du,
2004 3023 341 79 Apaanchu,
2397 3026 78 61 du
2517 3026 155 63 heißt

412 3123 64 38 es
519 3102 277 71 Schmach,
845 3128 168 39 wenn
1064 3108 75 59 ich
1182 3118 88 51 ein
1311 3132 234 54 grauses
1591 3112 270 62 Märchen
1903 3114 137 60 noch
2084 3116 252 62 anhören
2377 3118 135 71 will,
2565 3118 105 64 das

415 3193 183 61 dieser
643 3195 74 60 da
758 3205 73 52 im
873 3197 228 62 Munde
1143 3200 133 71 hält,
1319 3211 88 51 ein
1450 3205 170 59 süßes
1657 3231 121 32 ■•>—«

492 3286 99 61 Da
631 3287 105 61 ließ
777 3290 317 77 Apaanchu
1144 3301 119 52 sein
1305 3294 249 63 Schwert
1602 3320 106 37 aus
1760 3297 100 63 der
1907 3299 187 63 Faust
2142 3301 188 73 fallen,
2378 3302 174 64 nahm
2604 3328 64 40 es

415 3377 121 72 auf,
584 3379 175 61 erhob
805 3404 61 38 es
909 3381 180 79 hastig
1130 3385 118 60 und
1292 3386 248 79 erschlug
1582 3388 154 63 Zait.

494 3470 96 62 Sie
631 3488 159 61 sagte
831 3483 73 52 im
938 3475 263 64 Sterben:
1249 3478 225 62 »Siehst
1507 3479 98 72 du,
1646 3506 118 36 nun
1797 3482 147 63 habe
1986 3487 76 59 ich
2104 3485 110 63 den
2255 3484 136 67 Tod
2430 3492 235 77 gelernt,

411 3564 84 61 du
536 3564 242 64 fremder
820 3568 203 62 Mann.
1068 3570 103 61 Du
1212 3570 201 63 aber?«

492 3658 146 61 Hesi
679 3683 206 56 sprang
927 3662 139 61 über
1099 3663 108 61 den
1233 3666 400 63 Brunnenwall
1676 3669 118 61 und
1826 3671 193 62 wollte
2052 3673 185 64 neben
2269 3676 137 63 Zait
2439 3680 229 62 nieder«

411 3760 248 53 stürzen.
711 3752 123 62 Der
873 3753 220 63 Pharao
1136 3780 206 56 sprang
1383 3758 111 63 ihm
1536 3776 295 64 entgegen,
1882 3763 118 63 und
2048 3775 83 53 sie
2179 3791 213 56 rangen
2443 3781 229 54 mitein«

415 3842 190 64 ander.
657 3845 145 62 Hesi
850 3871 122 37 war
1019 3849 172 62 müde
1239 3851 118 62 und
1405 3854 266 71 schwach,
1722 3865 155 52 seine
1917 3857 151 63 Knie
2117 3870 277 65 zitterten,
2446 3866 119 61 und
2611 3890 61 39 er

416 3935 216 63 wehrte
671 3940 107 60 sich
819 3964 178 55 gegen
1030 3943 349 78 Apaanchus
1421 3948 312 77 würgende
1774 3950 212 64 Hände
2028 3977 108 38 nur
2176 3965 111 54 wie
2324 3982 180 55 gegen
2542 3969 130 54 eine
