3249 4572
577 484 95 50 652

1157 492 120 52 Otto
1309 495 159 58 Kaus,
1514 497 237 53 Tfaußert
1911 501 346 64 Dostojewski

579 692 289 72 mitteilen,
910 702 71 53 ist
1022 696 100 62 der
1169 697 336 81 Zwiespalt,
1553 701 109 61 den
1705 712 87 51 ein
1841 706 318 61 rationelles
2194 707 619 67 Verstehen-»Wollen

579 786 277 61 zwischen
907 787 172 64 ihrem
1120 790 192 62 Lehen
1362 793 117 60 und
1522 793 252 63 Schaffen
1817 795 278 63 erkennen
2137 801 154 69 muß,
2342 801 165 61 durch
2559 805 262 77 folgende

584 876 441 84 Überlegungen
1068 886 401 62 umschrieben:

659 972 134 61 Wir
833 984 227 62 wissen,
1110 978 109 61 daß
1260 979 163 61 beide
1463 980 225 61 Dichter
1726 1005 116 37 von
1886 981 368 78 furchtbaren,
2302 992 515 63 zentnerschweren

580 1064 220 80 Sorgen
842 1068 344 63 besonderer
1224 1072 117 59 Art
1383 1072 184 60 erfüllt
1608 1098 213 47 waren,
1872 1077 89 62 die
2013 1079 165 62 durch
2229 1082 116 62 ihre
2387 1084 431 74 Dimensionen,

580 1158 117 61 ihre
741 1159 470 64 Gewaltsamkeit
1253 1164 116 60 und
1408 1164 167 62 Fülle
1616 1190 73 38 an
1732 1168 156 62 Stoff
1931 1172 119 61 und
2089 1173 339 83 Bedeutung
2469 1178 101 62 das
2612 1179 205 72 Werk,

578 1251 91 61 die
703 1252 187 62 Mühe
923 1279 94 35 um
1053 1254 101 63 das
1174 1256 183 62 Werk
1390 1281 75 37 zu
1500 1258 334 81 überragen,
1874 1287 74 39 zu
1992 1267 301 64 erdrücken
2328 1271 245 74 drohen,*
2612 1275 207 61 welche

576 1343 117 63 ihre
733 1346 511 75 Persönlichkeiten,
1288 1351 90 61 die
1418 1352 89 62 bei
1552 1379 331 53 ungenauer
1924 1360 372 81 Betrachtung
2337 1366 322 79 schmächtig
2700 1369 118 61 und

576 1439 395 76 ungebunden,
1031 1451 437 65 uninteressiert,
1517 1449 244 61 schwach
1813 1454 337 72 erscheinen,
2199 1458 143 61 eben
2391 1461 128 60 weil
2571 1470 82 52 sie
2700 1487 117 37 von

572 1530 101 61 der
720 1533 392 80 Atmosphäre
1162 1536 146 63 ihrer
1357 1549 233 69 eigenen
1632 1543 165 62 Welt
1845 1548 351 77 aufgesogen
2246 1552 253 71 werden,
2549 1563 54 52 in
2654 1564 163 52 einen

575 1623 396 71 Quadernbau
1013 1652 117 38 von
1173 1630 322 64 Gedanken
1538 1635 118 61 und
1690 1637 313 73 Gefühlen,
2037 1640 239 64 Stärken
2310 1646 118 59 und
2461 1646 353 72 Schwächen,

570 1717 429 66 Bewußtheiten
1034 1723 118 61 und
1176 1723 532 81 Verborgenheiten
1741 1734 382 63 verwandeln.
2160 1737 206 62 Hinter
2397 1738 145 63 ihrer
2566 1740 253 62 Freiheit

569 1812 209 61 wächst
819 1822 88 52 ein
950 1816 355 77 ungeheurer
1331 1818 246 80 Zwang,
1611 1834 111 52 wie
1762 1826 110 60 auf
1905 1836 162 52 einen
2100 1828 390 65 Zauberwink
2531 1842 71 52 ist
2643 1859 174 37 unser

569 1903 185 63 Urteil
805 1907 141 62 über
987 1908 83 61 ihr
1110 1910 435 66 Menschentum
1595 1920 359 62 verschoben.
2014 1922 122 61 Für
2184 1948 108 37 uns
2335 1925 477 81 Westeuropäer,

570 1997 89 63 die
701 2000 175 62 selbst
917 2001 100 62 der
1049 2004 542 67 Sozialdemokratie
1624 2021 187 69 wenig
1845 2014 343 63 Geschmack
2230 2019 157 61 mehr
2420 2021 392 77 abgewinnen,

569 2093 119 59 und
739 2117 171 38 unser
957 2095 567 69 Realitätsbedürfnis
1585 2103 164 62 durch
1798 2107 465 64 Rekordberichte
2320 2113 117 61 und
2494 2114 320 79 Sturzflüge

570 2184 226 72 decken,
847 2188 90 60 für
985 2213 107 38 uns
1143 2192 306 72 Deutsche,
1498 2195 90 61 die
1638 2207 104 52 wir
1783 2198 103 62 das
1939 2201 272 73 »Mutter,
2253 2206 133 59 mich
2429 2206 272 78 hungert«
2758 2218 54 51 in

571 2278 109 61 den
720 2279 331 64 »Webern«
1088 2286 168 59 schon
1299 2287 82 60 als
1417 2297 88 52 ein
1540 2289 201 63 Minus
1784 2316 72 36 an
1891 2292 100 62 der
2023 2295 193 62 Kunst
2248 2297 100 62 des
2367 2300 248 62 Werkes
2648 2324 162 56 emp»

570 2372 204 71 finden,
825 2373 98 63 hat
962 2399 61 38 es
1067 2392 180 47 etwas
1299 2380 463 75 Befremdendes,
1813 2385 110 62 daß
1966 2387 410 79 Dostojewski,
2425 2401 54 52 in
2530 2394 128 61 dem
2706 2405 107 51 wir

569 2475 161 52 einen
773 2491 67 37 so
884 2472 494 75 ausgezeichneten
1411 2475 609 76 Romanschriftsteller,
2058 2482 435 74 »Romancier«,
2535 2489 274 70 schätzen,

567 2560 237 61 wirklich
832 2563 116 60 und
974 2566 305 60 tatsächlich
1308 2569 277 77 unsäglich
1614 2588 162 44 unter
1802 2573 128 61 dem
1948 2574 246 63 Zweifel
2220 2578 92 71 litt,
2340 2580 75 60 ob
2442 2580 89 61 die
2547 2582 221 62 Bauern-

566 2650 294 81 befreiung
900 2658 479 62 wünschenswert
1418 2670 82 53 sei
1542 2663 140 61 oder
1722 2667 157 67 nicht,
1921 2667 75 61 ob
2039 2668 268 63 Christus
2349 2672 141 61 oder
2530 2673 90 61 die
2645 2676 165 59 AuF

564 2744 235 81 klärung
840 2757 190 70 siegen
1072 2750 222 75 werde,*
1334 2777 220 38 warum
1597 2756 91 62 die
1722 2758 696 81 Geschworenengerichte
2460 2775 53 52 in
2546 2767 263 62 Rußland

565 2839 225 63 schlecht
847 2842 429 75 funktionieren,
1337 2850 235 60 welches
1623 2850 146 72 Ziel,
1826 2853 208 63 welche
2089 2856 230 63 Formel
2377 2860 102 61 das
2536 2863 274 60 russische

562 2931 160 63 Volk
763 2957 105 39 aus
912 2936 109 61 den
1063 2938 414 80 Niederungen
1519 2942 100 61 der
1660 2945 435 80 unaufrichtigen
2131 2950 383 77 Ergebenheit
2547 2954 117 61 und

560 3035 209 69 tätigen
797 3027 513 68 Unzufriedenheit
1341 3035 189 62 reißen
1555 3036 241 75 könnte,*
1835 3040 76 61 ob
1945 3064 60 38 es
2041 3041 318 82 überhaupt
2385 3045 211 62 diesem
2615 3048 193 61 Volke

559 3121 252 78 gelingen
870 3123 227 73 könnte,
1164 3128 104 59 sich
1327 3152 104 38 zur
1488 3129 442 66 Einheitlichkeit
1995 3139 517 76 emporzuranken,*
2574 3140 76 61 ob
2709 3143 101 60 der

564 3214 355 64 »Deutsche«
964 3219 146 60 recht
1149 3219 146 64 habe
1337 3222 141 61 oder
1519 3224 100 61 der
1657 3225 203 63 Bauer,
1906 3228 123 62 Der
2062 3231 225 62 Dichter
2335 3234 301 78 empfindet
2682 3236 128 76 jede

561 3305 483 83 Zwiespältigkeit
1091 3322 73 52 im
1206 3314 442 64 Millionenreich
1698 3319 81 61 als
1832 3330 162 53 einen
2043 3325 107 60 Riß
2199 3326 164 61 durch
2405 3337 156 51 seine
2611 3337 199 69 eigene

562 3398 184 73 Seele,
782 3402 174 62 erlebt
981 3405 89 62 die
1096 3430 180 52 ganze
1301 3408 458 64 Nuancenskala
1792 3412 99 61 der
1921 3418 311 60 russischen
2260 3418 336 79 Gärungen,
2629 3421 177 61 Hoff»

566 3515 244 55 nungen,
853 3506 203 53 naiven
1098 3500 188 63 Ideale
1329 3504 119 59 und
1491 3504 288 62 fieberhaft
1818 3511 440 70 verzweifelten,
2300 3512 222 61 höllisch
2561 3515 204 75 gewalt-

564 3608 194 38 samen
800 3587 349 79 Methoden,*
1199 3596 152 75 quält
1392 3598 106 59 sich
1540 3608 55 51 in
1637 3600 522 64 unbeschreiblicher
2192 3605 205 61 Wise
2438 3631 97 35 um
2575 3608 226 76 Fragen

562 3686 118 51 rein
722 3680 325 76 politischer,
1089 3689 693 74 nationalökonomischer,
1825 3695 428 78 soziologischer
2292 3698 217 70 Natur,
2551 3699 84 61 bis

564 3787 165 44 unter
762 3797 131 37 zum
933 3779 208 73 großen
1174 3779 284 65 Problem;
1502 3808 221 37 warum
1759 3787 87 59 die
1873 3783 168 66 Tiere
2072 3789 226 78 gequält
2330 3792 262 61 werden?
2634 3792 174 62 Seine

562 3862 195 62 Kunst
806 3869 308 60 entwickelt
1162 3873 105 59 sich
1319 3897 145 52 ganz
1514 3876 208 62 abseits
1779 3904 117 35 von
1948 3879 192 61 diesen
2183 3882 240 78 Sorgen,
2481 3892 54 52 in
2592 3893 211 54 seinem

562 3957 255 76 ganzen
817 3957 171 76 Werk
1030 3962 169 62 findet
1239 3967 106 59 sich
1387 3967 125 62 kein
1555 3980 241 68 einziger
1839 3972 155 71 Satz,
2037 3973 99 61 der
2177 3975 82 62 als
2300 3977 324 76 Programm
2664 3979 145 62 oder
