3291 4572
624 446 97 50 724

1325 451 203 49 Gustav
1559 448 250 62 Meyrink,
1844 449 116 51 Der
1992 449 85 50 Go
2078 449 94 50 fern

710 654 174 61 Dann
941 654 251 79 geleitete
1248 677 60 38 er
1362 653 134 61 midi
1554 653 200 61 hinaus
1811 676 101 37 zur
1968 648 224 83 Treppe
2250 653 116 61 und
2423 654 109 78 gab
2588 663 103 52 mir
2747 665 124 52 eine

631 747 322 62 brennende
993 748 188 61 Kerze
1220 756 114 61 mit,
1387 747 172 60 damit
1606 746 76 60 ich
1732 753 103 53 mir
1883 745 451 63 hinaufleuditen
2383 747 186 61 könne
2617 757 55 51 in
2720 757 149 52 mein

632 841 269 62 Zimmer.

710 1029 83 60 Ich
843 1029 141 78 legte
1032 1028 135 61 midi
1215 1051 72 36 zu
1328 1027 122 60 Bett
1498 1025 116 61 und
1662 1027 189 60 wollte
1900 1027 257 73 schlafen,
2211 1029 133 61 aber
2392 1029 98 61 der
2531 1030 343 63 Schlummer

631 1122 129 61 kam
800 1122 138 59 nicht
979 1121 114 59 und
1134 1119 76 61 ich
1252 1128 169 69 geriet
1461 1134 129 46 statt
1629 1119 202 62 dessen
1873 1128 55 52 in
1971 1129 160 52 einen
2173 1122 382 62 sonderbaren
2588 1123 284 72 Zustand,

631 1214 101 61 der
772 1214 190 60 weder
1000 1208 280 65 Träumen
1322 1235 138 48 war,
1503 1213 138 61 noch
1680 1212 267 74 Wachen,
1991 1216 137 59 noch
2170 1216 271 63 Schlafen.

708 1308 126 60 Das
873 1307 153 61 Licht
1065 1306 148 61 hatte
1262 1306 78 61 ich
1392 1307 364 76 ausgelöscht,
1808 1310 135 59 aber
1991 1310 277 61 trotzdem
2317 1335 122 37 war
2489 1312 132 61 alles
2670 1320 56 53 in
2776 1312 98 61 der

630 1401 177 61 Stube
847 1424 68 38 so
955 1400 250 71 deutlich,
1256 1400 109 61 daß
1407 1401 76 60 ich
1531 1401 126 76 jede
1708 1404 246 59 einzelne
1996 1404 179 59 Form
2223 1428 187 53 genau
2460 1406 411 61 unterscheiden

627 1495 222 62 konnte.
894 1494 188 61 Dabei
1115 1493 172 62 fühlte
1320 1494 79 61 ich
1440 1495 134 60 midi
1610 1495 377 62 vollkommen
2028 1496 281 79 behaglich
2344 1500 117 60 und
2494 1499 100 61 frei
2626 1523 116 38 von
2777 1500 99 61 der

627 1597 273 68 gewissen
933 1588 316 77 qualvollen
1276 1587 259 73 Unruhe,
1571 1588 90 62 die
1695 1598 160 52 einen
1889 1589 204 74 foltert,
2128 1615 169 38 wenn
2331 1616 134 38 man
2499 1593 105 61 sich
2639 1602 54 52 in
2729 1594 145 61 ähn«

627 1681 158 61 lieber
824 1681 359 77 Verfassung
1223 1681 258 63 befindet.

705 1773 120 63 Nie
881 1775 203 61 vorher
1141 1783 54 53 in
1253 1785 240 52 meinem
1543 1776 194 62 Leben
1794 1786 155 52 wäre
2006 1778 76 60 ich
2142 1780 276 61 imstande
2475 1804 282 53 gewesen,
2806 1805 68 38 so

627 1869 183 60 scharf
842 1870 117 59 und
999 1877 183 69 präzis
1223 1893 73 36 zu
1329 1870 218 61 denken
1581 1880 109 51 wie
1732 1871 141 61 eben
1915 1881 145 68 jetzt.
2105 1872 122 61 Der
2259 1872 321 79 Rhythmus
2615 1875 97 61 der
2747 1874 129 62 Ge«

628 1964 259 59 sundheit
928 1964 399 62 durdiströmte
1367 1974 182 51 meine
1590 1965 241 61 Nerven
1881 1968 118 59 und
2048 1968 234 61 ordnete
2330 1978 183 52 meine
2555 1968 320 62 Gedanken

628 2064 56 52 in
734 2056 175 61 Reihe
965 2058 118 61 und
1134 2058 174 61 Glied
1354 2068 110 51 wie
1515 2068 122 52 eine
1684 2059 236 74 Armee,
1980 2060 89 63 die
2118 2086 105 37 nur
2273 2063 103 60 auf
2418 2072 183 52 meine
2648 2062 227 62 Befehle

630 2166 249 47 wartete.

708 2243 84 61 Ich
825 2243 257 61 brauchte
1121 2243 130 64 bloß
1285 2269 72 36 zu
1397 2244 179 73 rufen,
1625 2246 118 62 und
1783 2256 80 52 sie
1902 2265 179 44 traten
2123 2272 106 38 vor
2269 2250 135 60 midi
2446 2250 117 62 und
2604 2250 271 73 erfüllten,

631 2361 124 37 was
795 2337 77 60 ich
913 2338 297 61 wünschte.

711 2430 150 62 Eine
904 2431 263 71 Gemme,
1216 2431 88 61 die
1346 2431 75 61 ich
1463 2440 53 53 in
1559 2432 109 63 den
1710 2434 201 62 letzten
1952 2434 260 63 Wochen
2264 2460 103 37 aus
2409 2436 469 64 Aventurinstein

632 2548 74 38 zu
746 2525 290 60 schneiden
1077 2525 252 61 versucht
1371 2525 168 73 hatte,
1699 2528 150 61 ohne
1889 2529 173 61 damit
2102 2530 218 60 zurecht
2359 2554 74 37 zu
2474 2530 278 74 kommen,
2805 2534 74 60 da

630 2618 106 61 sich
779 2618 89 60 die
901 2618 179 61 vielen
1121 2636 343 43 zerstreuten
1505 2620 268 61 Flimmer
1812 2631 53 50 in
1910 2622 127 61 dem
2070 2622 247 62 Mineral
2358 2624 230 61 niemals
2630 2633 98 52 mit
2768 2627 110 59 den

632 2711 440 78 Gesichtszügen
1113 2713 204 60 decken
1357 2713 248 74 wollten,
1648 2716 88 59 die
1776 2716 77 59 ich
1895 2725 102 52 mir
2037 2717 336 77 vorgestellt,
2524 2718 87 61 fiel
2653 2728 103 52 mir
2790 2730 88 52 ein

632 2807 118 60 und
790 2815 75 52 im
905 2806 109 62 Nu
1054 2808 103 60 sah
1200 2807 76 61 ich
1318 2807 90 62 die
1449 2808 237 79 Lösung
1726 2832 106 39 vor
1872 2818 104 54 mir
2015 2811 118 61 und
2174 2811 189 62 wußte
2403 2835 204 55 genau,
2650 2824 108 50 wie
2800 2816 78 60 ich

631 2900 107 61 den
781 2899 198 62 Stichel
1017 2924 75 38 zu
1133 2900 200 62 führen
1374 2901 166 74 hatte,
1591 2926 97 37 um
1729 2904 99 61 der
1868 2904 259 62 Struktur
2168 2905 99 62 der
2306 2906 204 62 Masse
2550 2909 216 77 gerecht
2804 2933 75 37 zu

628 2994 248 61 werden.

707 3088 260 61 Ehedem
1008 3086 208 64 Sklave
1251 3098 152 52 einer
1425 3089 203 62 Horde
1668 3092 436 77 phantastischer
2127 3093 320 63 Eindrücke
2489 3095 118 63 und
2631 3092 249 67 Traum«

632 3182 280 75 gesichter,
952 3206 117 38 von
1112 3183 183 61 denen
1337 3187 76 57 ich
1455 3184 81 61 oft
1569 3186 139 59 nicht
1741 3187 251 76 gewußt:
2034 3211 193 38 waren
2270 3212 59 38 es
2371 3188 167 62 Ideen
2580 3191 139 61 oder
2752 3191 129 62 Ge«

631 3274 166 73 fühle,
847 3276 101 61 sah
998 3276 76 61 ich
1122 3277 136 61 midi
1304 3286 135 68 jetzt
1486 3280 249 76 plötzlich
1785 3280 82 62 als
1914 3281 151 61 Herr
2113 3282 119 61 und
2279 3282 196 79 König
2523 3292 75 52 im
2648 3293 232 69 eigenen

631 3368 185 64 Reich.

708 3461 488 81 Rechenexempel,
1239 3465 89 62 die
1370 3466 76 61 ich
1488 3466 189 62 früher
1718 3492 105 38 nur
1854 3478 99 52 mit
1977 3467 230 64 Ächzen
2243 3470 116 61 und
2392 3470 106 62 auf
2526 3471 128 61 dem
2681 3471 200 79 Papier

635 3554 146 61 hätte
828 3556 330 79 bewältigen
1216 3559 244 74 können,
1520 3561 192 78 fügten
1768 3563 106 61 sich
1933 3572 102 53 mir
2090 3573 100 52 mit
2248 3567 294 59 einemmal
2599 3574 73 52 im
2720 3567 168 77 Kopf

635 3648 246 75 spielend
912 3673 129 40 zum
1065 3652 271 64 Resultat.
1379 3654 164 62 Alles
1577 3664 99 52 mit
1700 3655 155 64 Hilfe
1897 3667 152 52 einer
2089 3682 206 47 neuen,
2336 3667 56 53 in
2433 3668 104 51 mir
2570 3661 311 60 erwachten

635 3741 308 78 Fähigkeit,
994 3746 100 61 das
1141 3770 74 39 zu
1254 3749 172 61 sehen
1475 3751 119 61 und
1633 3751 390 73 festzuhalten,
2074 3776 123 38 was
2236 3753 76 61 ich
2353 3753 208 78 gerade
2601 3753 280 64 brauchte:

636 3833 234 75 Ziffern,
909 3836 267 76 Formen,
1220 3842 405 78 Gegenstände
1667 3846 137 60 oder
1844 3846 241 61 Farben,
2143 3846 144 62 Und
2326 3870 168 38 wenn
2537 3870 60 38 es
2637 3847 107 62 sich
2786 3873 95 39 um

637 3926 225 79 Fragen
904 3930 276 73 handelte,
1230 3935 90 61 die
1362 3937 164 60 durch
1569 3939 169 59 derlei
1779 3939 353 77 Werkzeuge
2174 3940 140 61 nicht
2353 3964 74 38 zu
2466 3941 159 62 lösen
2665 3965 215 51 waren.
