3270 4572
1249 529 171 51 Oskar
1446 526 200 56 Loerh,
1682 525 117 51 Das
1835 520 396 62 Gofdßergwerk

610 532 96 50 704

617 733 166 66 Tiefe
818 747 56 51 in
907 736 396 75 unablässigen
1322 730 197 63 Reden
1554 728 99 60 des
1672 728 244 67 Hasses,
1954 748 60 37 er
2047 724 111 76 fing
2189 723 174 60 selbst
2396 744 74 36 an
2503 744 74 36 zu
2610 719 250 60 arbeiten

618 832 120 60 und
771 854 204 53 zwang
1008 852 106 37 aus
1148 827 98 60 der
1270 824 165 61 Kraft
1465 821 345 77 vergebener
1834 817 171 61 Liebe
2033 817 88 60 die
2140 814 378 63 Willenlosen
2551 837 75 36 zu
2644 811 218 62 Werk*

621 948 220 54 zeugen
882 932 182 52 seines
1106 918 260 63 Willens,

700 1019 86 59 Es
837 1040 122 37 war
1006 1023 109 52 wie
1172 1021 89 51 ein
1312 1010 283 61 Gesumm
1643 1029 117 38 von
1810 1004 207 61 wilden
2065 1002 264 78 Wespen
2387 1023 98 38 um
2541 997 90 61 die
2678 992 182 66 Tiefe.

621 1111 203 61 Immer
879 1131 146 38 neue
1073 1104 193 79 Köpfe
1322 1101 256 61 tauchten
1636 1108 55 50 in
1750 1098 109 60 den
1916 1104 318 52 steinernen
2283 1094 172 61 Keldi
2512 1091 118 61 und
2686 1113 178 54 sogen

622 1204 339 78 Empörung
1003 1198 117 62 und
1152 1197 151 61 Wut
1336 1218 105 37 aus
1478 1193 108 61 den
1620 1192 252 60 Worten
1905 1190 195 70 Hesisj
2142 1188 98 61 der
2274 1186 186 78 schlug
2502 1184 117 62 und
2660 1184 205 75 schlug,

625 1296 259 69 draufzu,
926 1292 260 68 draufzu,
1228 1288 121 61 und
1392 1287 349 61 dazwischen
1783 1283 202 62 drohte
2022 1282 119 61 und
2182 1282 169 61 schrie
2391 1289 111 51 wie
2545 1288 88 51 ein
2673 1273 154 65 Trun-

622 1391 169 60 kener

705 1482 197 61 »Packt
942 1481 106 60 sie!
1093 1479 237 74 Steinigt
1371 1476 105 60 sie!
1523 1473 95 63 Sie
1660 1472 179 61 sollen
1882 1495 107 36 uns
2023 1470 208 68 büßen,
2273 1467 107 61 alle
2413 1465 183 71 beide,
2639 1465 90 59 für
2762 1462 107 61 alle

626 1575 334 64 Pharaonen
1002 1583 104 52 seit
1147 1570 302 77 Ewigkeit,
1498 1592 117 36 von
1667 1566 182 60 denen
1891 1564 189 61 keiner
2130 1571 193 52 seinen
2365 1560 130 59 Fuß
2546 1559 117 59 hier
2704 1557 166 69 hatte,

625 1679 104 52 seit
768 1666 300 78 Ewigkeit,
1120 1664 124 70 Ah,
1285 1672 81 52 sie
1416 1673 231 49 müssen
1688 1659 189 61 büßen
1919 1658 90 59 für
2057 1655 126 70 alle,
2226 1654 89 61 die
2357 1649 517 78 daheimgeblieben

627 1763 126 62 sind
794 1762 119 61 und
952 1762 140 59 nicht
1133 1768 89 52 ein
1263 1766 243 67 einziges
1548 1754 130 61 Mal
1728 1763 54 51 in
1825 1752 209 76 dreißig
2085 1748 118 62 und
2252 1748 214 75 sechzig
2508 1745 116 60 und
2667 1745 207 74 achtzig

626 1854 418 78 Lebensjahren
1087 1875 171 39 unser
1290 1849 318 79 gedachten.
1653 1846 173 62 Straft
1858 1868 146 54 ganz
2037 1840 277 80 Ägypten
2356 1848 54 52 in
2445 1838 190 61 ihnen!
2681 1834 195 64 Soviel

628 1951 312 61 Menschen
990 1947 243 70 daheim,
1283 1943 180 64 soviel
1514 1942 190 62 Steine
1754 1940 108 60 auf
1902 1940 106 60 sie!
2070 1936 171 63 Straft
2291 1943 53 51 in
2395 1933 166 61 ihnen
2611 1931 126 71 alle,
2787 1929 91 61 die

634 2042 532 79 jahrtausendelang
1214 2049 75 51 im
1335 2037 106 63 Nil
1491 2034 310 80 getrunken
1850 2032 186 61 haben
2094 2030 118 61 und
2269 2051 107 37 uns
2426 2026 284 76 vergaßen
2761 2021 119 62 und

636 2147 126 67 jene
809 2158 305 55 vergessen
1164 2133 205 69 haben,
1418 2130 92 60 die
1557 2152 107 36 vor
1705 2150 107 37 uns
1854 2126 117 59 hier
2020 2131 98 52 mit
2168 2122 153 61 ihren
2363 2119 249 61 Händen
2654 2140 74 37 an
2768 2115 111 61 den

635 2230 211 61 Felsen
886 2229 252 60 kratzten
1171 2223 545 81 jahrtausendelang.
1761 2219 258 62 Zerreißt
2052 2218 106 59 sie!
2193 2215 146 61 Laßt
2372 2223 81 51 sie
2485 2213 188 59 büßen
2707 2209 173 62 selbst

636 2324 94 61 für
771 2323 136 61 alles
950 2321 173 69 Vieh,
1172 2319 130 61 weil
1352 2341 60 37 es
1463 2326 119 50 sein
1622 2313 172 62 Maul
1835 2322 274 51 wässerte
2151 2308 120 61 und
2311 2307 193 78 hüpfte
2546 2304 107 61 auf
2687 2312 193 52 seinen

640 2417 206 61 Füßen
879 2415 118 62 und
1031 2436 170 39 unser
1234 2412 139 60 nicht
1404 2409 282 78 gedachte,
1728 2406 118 61 und
1882 2406 89 59 für
2004 2403 107 61 alle
2136 2401 215 77 Vögel,
2393 2399 88 61 die
2513 2422 107 37 vor
2653 2395 228 61 Freude

641 2511 233 69 flattern,
916 2508 128 61 weil
1086 2516 82 52 sie
1201 2506 83 61 ihr
1317 2506 157 60 Herz
1507 2502 204 78 geletzt
1745 2498 118 63 und
1904 2497 106 61 auf
2038 2496 109 61 den
2180 2496 258 59 Bäumen
2474 2516 96 36 um
2603 2515 107 37 uns
2746 2489 138 60 nicht

641 2604 276 77 geklagt.«

720 2698 85 59 Er
837 2695 202 61 brüllte
1073 2694 126 61 heiß
1242 2691 117 63 und
1392 2691 129 77 lang
1562 2689 108 61 auf
1695 2686 118 63 und
1846 2685 150 61 dann
2037 2680 282 65 schüttelte
2360 2680 106 61 sich
2508 2686 119 54 sein
2660 2677 227 78 Körper

626 2789 281 62 “weinend
949 2798 53 51 in
1045 2797 182 52 einem
1269 2783 259 79 Krampf.

722 2884 176 61 Oben
932 2883 191 60 wuchs
1157 2891 89 52 ein
1279 2879 263 61 Murren,
1589 2874 180 62 »Holt
1802 2896 136 39 eure
1972 2869 381 69 Felshauen,«
2398 2864 111 62 rief
2533 2887 152 46 man,
2721 2862 168 61 »hebt

645 2977 193 62 Steine
877 2976 125 61 auf!
1046 2976 164 60 Packt
1250 2982 82 52 sie
1374 2971 234 62 fester!«
1652 2968 116 61 Ein
1810 2967 190 76 langer
2039 2962 260 70 Mensch,
2340 2958 100 62 der
2480 2967 155 52 seine
2676 2954 213 79 großen

646 3071 212 62 Hände
907 3069 226 62 aufhob
1183 3067 119 61 und
1351 3083 236 52 warnte,
1637 3061 202 62 wurde
1888 3070 55 51 in
1994 3057 109 61 den
2144 3057 266 60 Brunnen
2452 3051 291 80 gestoßen,
2793 3071 96 37 wo

650 3190 60 39 er
750 3175 98 51 mit
888 3164 383 77 gebrochenen
1316 3157 304 65 Schenkeln
1662 3152 334 64 wimmernd
2038 3151 181 76 liegen
2262 3147 162 63 blieb.

731 3259 226 79 »Jedem
998 3257 107 62 soll
1148 3279 60 37 es
1251 3278 68 38 so
1363 3255 261 75 ergehen,
1667 3250 99 61 der
1807 3246 434 78 widerspricht«,
2283 3243 111 59 rief
2428 3264 61 37 es
2531 3239 168 61 oben,

733 3353 114 78 »Ja,
881 3351 121 62 seid
1037 3351 169 60 fest!«
1246 3349 167 60 schrie
1446 3347 165 68 Hesi,
1646 3353 186 52 mitten
1857 3364 72 37 an
1958 3339 98 61 der
2081 3339 186 60 Leiter
2291 3331 279 79 hangend,
2597 3329 118 62 und
2742 3337 155 52 seine

654 3446 165 62 Seele
860 3444 193 61 buhlte
1101 3452 99 52 mit
1239 3442 151 61 Zait,
1444 3441 175 59 Dann
1669 3458 208 58 sprang
1918 3457 59 37 er
2018 3431 212 62 wieder
2272 3427 218 70 herauf,
2541 3441 163 44 unter
2746 3431 153 52 seine

655 3540 379 61 Kameraden,
1084 3537 179 61 »Laßt
1304 3536 135 61 euch
1481 3535 139 59 nicht
1661 3531 165 61 durch
1867 3526 392 79 Versprechen
2301 3519 257 64 blenden.
2612 3518 95 60 Sie

659 3632 109 61 den
802 3634 131 58 euch
966 3632 350 60 Reichtümer
1346 3627 323 69 verheißen,
1711 3646 170 39 wenn
1915 3621 81 60 ihr
2029 3618 165 61 ihnen
2230 3616 102 60 das
2366 3613 193 61 Leben
2593 3610 132 69 laßt,
2767 3607 136 60 aber

662 3728 118 57 acht
795 3721 341 80 Tagereisen
1171 3725 118 60 isris
1323 3724 134 58 nach
1482 3721 207 60 Hause
1722 3716 118 62 und
1873 3725 55 51 in
1963 3714 191 59 dreien
2188 3710 122 62 seid
2343 3707 83 63 ihr
2457 3702 444 65 verschmachtet.

663 3819 155 60 Hört
858 3819 139 59 nicht
1036 3818 107 60 auf
1177 3818 106 60 sie!
1327 3812 199 63 Tötet!

744 3911 121 62 Süß
905 3912 143 60 wird
1079 3911 101 61 das
1199 3909 176 61 Weib
1411 3909 99 60 des
1543 3905 221 63 Pharao
1807 3927 75 37 zu
1924 3902 133 61 euch
2099 3897 173 62 reden
2306 3904 111 51 wie
2450 3902 89 52 nie
2573 3899 123 52 eine
2728 3889 175 61 Frau.

665 4006 83 60 Ich
791 4003 138 61 höre
970 4027 60 37 es
1073 4003 165 61 schon
1280 4011 55 51 in
1368 4001 200 61 beiden
1604 3997 203 62 Ohren
1852 3993 254 69 schallen,
2149 3989 110 61 daß
2301 3988 75 61 ich
2418 3987 246 59 entrückt
2696 3980 212 72 werde.
