2410 3939
889 451 465 43 CHRONOLOGIE

1913 455 84 55 293

299 601 18 36 i
317 601 37 36 5.
384 623 45 4 —
449 601 170 36 SOCIÉTÉ
646 613 223 24 NATIONALE
917 614 48 23 DE
1010 613 184 31 MUSIQUE.
1237 615 21 36 7
1263 608 13 15 E
1314 608 166 31 concert
1517 613 95 28 avec
1650 601 223 48 orchestre,
1903 602 99 36 dans

242 661 135 49 lequel
407 674 54 24 on
490 662 167 36 exécute
692 674 104 36 pour
839 661 38 37 la
905 662 198 48 première
1134 662 77 37 fois
1244 663 56 36 les
1334 674 161 25 œuvres
1528 662 206 38 suivantes
1761 674 9 26 :
1798 661 175 50 Sympho-

243 724 66 36 nie
350 722 313 49 chevaleresque
712 722 147 48 (prière
901 730 39 28 et
979 721 180 49 allegro),
1204 723 48 37 de
1291 724 56 36 M.
1386 722 176 39 Vincent
1602 724 166 50 d'lndy;
1798 723 203 48 Cantique

241 786 49 36 de
309 785 101 37 Jean
434 784 164 47 Racine,
623 783 143 37 choeur
787 783 48 36 de
857 783 56 36 M.
937 782 164 37 Gabriel
1122 783 129 37 Fauré
1268 794 9 37 ;
1311 785 222 37 Kermesse
1553 785 51 48 (1,
1632 785 176 49 Paysage
1826 801 9 31 ;
1861 797 37 32 2,
1928 784 74 36 In-

497 842 9 54 ;
515 842 17 54 3,
558 844 125 50 Fête),
718 844 49 36 de
800 844 57 38 M.
882 842 220 39 Théodore
1138 844 181 47 Dubois;
1360 846 158 36 Lénore
1524 876 8 17 ,
1570 845 427 51 symphonie-ballade

241 909 155 48 d'après
419 908 37 36 le
476 909 146 47 poème
643 906 49 36 de
715 905 168 49 Biïrger,
915 917 71 37 par
1004 907 55 37 M.
1089 906 142 49 Henry
1252 907 184 48 Duparc;
1463 907 182 47 Rêverie,
1668 907 49 37 de
1741 909 56 35 M.
1820 908 46 39 G.
1893 908 82 36 Cou-

241 979 114 37 ture;
377 968 233 47 Offertoire,
635 967 156 44 chœur,
816 966 47 36 de
882 967 56 37 iM,
954 966 123 37 César
1092 967 157 37 Franck
1263 982 9 30 ;
1297 967 157 37 Chœur
1475 967 170 49 tsigane,
1669 969 48 35 de
1741 968 260 38 M.Victorin

239 1031 234 47 Joncières;
516 1030 232 37 Ouverture
776 1028 226 48 d'Astarté,
1047 1029 122 48 opéra
1211 1029 127 37 inédit
1370 1029 49 36 de
1466 1029 304 39 mademoiselle
1816 1032 186 48 Augusta

244 1093 187 38 Holmès.

295 1195 58 37 17.
445 1182 235 36 BRUXELLES
710 1178 139 49 (église
873 1178 351 50 Sainte-Gudule).
1264 1178 203 38 Première
1489 1180 218 38 exécution
1729 1180 122 37 d'une
1872 1191 130 25 messe

241 1246 20 34 à
283 1251 143 42 quatre
445 1243 96 37 voix
563 1241 244 48 d'hommes,
831 1241 48 36 de
901 1242 55 37 M.
980 1240 112 49 Riga.

290 1343 64 26 20.
445 1329 352 38 CONSERVATOIRE.
826 1328 199 36 Audition
1047 1328 68 36 des
1139 1328 139 37 envois
1301 1328 49 37 de
1374 1330 144 36 Rome.
1552 1329 229 37 Exécution
1806 1340 7 26 :
1846 1335 35 32 i°
1906 1342 69 37 pre-

241 1394 124 36 mière
402 1391 128 50 partie
558 1391 49 36 de
639 1390 141 38 Judith
787 1419 8 18 ,
831 1390 138 37 drame
999 1389 159 50 lyrique
1181 1402 50 24 en
1254 1389 101 38 trois
1376 1390 149 49 parties
1550 1391 176 49 (paroles
1747 1392 48 36 de
1816 1393 54 36 M.
1899 1392 101 38 Paul

241 1454 170 46 Collin),
436 1451 188 50 musique
646 1452 48 37 de
725 1452 56 36 M.
805 1451 170 37 Charles
1002 1450 217 50 Lefebvre;
1255 1464 20 24 2
1280 1459 14 17 0
1315 1452 221 49 fragments
1571 1453 48 36 de
1654 1453 244 49 symphonie
1922 1453 60 48 (an-

240 1517 120 36 dante
383 1528 50 24 en
461 1514 130 38 forme
620 1515 48 35 de
697 1524 146 35 canon,
876 1512 197 48 scherzo),
1103 1512 49 36 de
1189 1513 62 37 M.
1278 1512 171 38 Charles
1475 1513 217 49 Lefebvre;
1720 1515 18 37 3
1744 1524 15 17 0
1775 1515 227 47 Bethléem,

240 1591 20 26 2
268 1587 14 17 E
303 1577 128 50 partie
453 1578 49 35 de
525 1575 38 38 la
589 1574 183 38 Nativité
775 1605 8 17 ,
805 1577 146 46 poème
984 1575 111 36 sacré
1118 1575 173 47 (paroles
1310 1575 47 36 de
1379 1575 60 37 M.
1470 1575 135 37 Emile
1628 1575 157 48 Cicile),
1809 1576 191 49 musique

240 1641 49 38 de
320 1641 55 37 M.
403 1639 131 36 Henri
565 1636 221 39 Maréchal.

289 1726 62 39 25.
443 1725 159 35 NAPLES
639 1718 170 49 (théâtre
846 1723 55 34 du
932 1721 174 49 Fondo).
1146 1720 206 37 Première
1393 1721 326 49 représentation
1753 1733 9 26 :
1795 1722 204 48 Guidetta,

239 1789 123 48 opéra
381 1785 102 40 séria
504 1796 51 28 en
570 1784 101 40 trois
691 1791 121 42 actes,
829 1782 159 54 paroles
1004 1783 48 39 de
1070 1784 56 38 M,
1146 1783 117 38 Sesto
1280 1781 208 50 Giannini,
1507 1783 189 49 musique
1712 1784 48 37 de
1778 1784 57 36 M.
1849 1785 151 37 Enrico

240 1849 152 41 Sarria.

289 1937 62 37 26.
442 1934 421 37 THÉATRE-DÉJAZET.
894 1931 208 39 Première
1123 1931 325 51 représentation
1468 1943 8 27 :
1496 1931 273 53 l'Emballage
1790 1932 210 49 d'Arthur,

239 1999 182 49 opérette
445 2009 50 24 en
516 2008 55 24 un
593 2003 101 39 acte,
719 1994 159 50 paroles
901 1994 48 37 de
971 1996 55 34 M.
1045 1994 160 49 Talray,
1229 1994 188 50 musique
1437 1993 48 38 de
1512 1994 55 37 M.
1594 1995 201 36 Patusset.
1880 1994 119 37 PARIS

240 2060 111 46 (chez
380 2060 57 35 M.
461 2065 38 30 et
523 2057 184 36 madame
739 2056 48 36 de
826 2057 196 47 Beynac).
1071 2055 204 36 Première
1305 2054 325 50 représentation
1654 2065 8 27 :
1689 2054 35 38 le
1758 2055 169 38 Sorcier
1953 2055 49 37 de

237 2117 149 43 Séviile
414 2133 52 25 ou
503 2120 39 37 la
567 2118 161 52 Pupille
756 2118 48 36 de
831 2118 160 51 Figaro
995 2146 9 14 ,
1037 2119 121 47 opéra
1187 2118 190 49 comique
1411 2130 50 24 en
1496 2118 101 36 trois
1625 2125 123 40 actes,
1770 2116 161 50 paroles
1953 2118 48 35 de

240 2184 61 37 M.
327 2184 48 35 de
400 2184 177 47 Beynac,
598 2180 188 49 musique
808 2180 48 36 de
880 2180 183 35 madame
1085 2179 48 37 de
1157 2180 161 48 Beynac
1347 2180 93 47 (née
1466 2179 237 49 Panseron).

287 2269 62 37 28.
439 2269 213 35 VARIÉTÉS.
680 2266 205 37 Première
909 2265 322 50 représentation
1252 2277 9 26 :
1291 2266 60 36 Le
1371 2265 167 38 Manoir
1568 2265 47 37 de
1636 2265 195 38 Pictordu
1837 2294 9 18 ,
1864 2266 110 36 comé-

236 2330 266 49 die-opérette
535 2341 49 24 en
607 2328 99 37 trois
740 2335 121 38 actes,
885 2327 160 48 paroles
1068 2328 47 35 de
1145 2328 105 35 MM.
1276 2327 263 37 Saint-Albin
1562 2335 39 29 et
1628 2327 158 37 Arnold
1809 2327 188 47 Mortier,

237 2394 189 47 musique
449 2391 48 36 de
520 2391 54 35 M.
601 2389 155 37 Gaston
776 2389 203 49 Serpette.

289 2478 60 36 30.
373 2499 48 4 —
436 2476 152 36 OPÉRA.
616 2475 109 35 Dans
747 2485 81 25 une
850 2473 320 49 représentation
1190 2473 335 48 extraordinaire,
1542 2474 198 48 première
1758 2474 216 37 exécution
1995 2486 7 26 :

236 2540 240 36 Merr.orare
497 2537 49 36 du
568 2536 142 37 Soldat
716 2565 7 17 ,
746 2547 106 37 pour
877 2534 101 48 solo,
1002 2535 164 37 chœurs
1197 2543 38 29 et
1272 2536 221 46 orchestre,
1517 2535 48 37 de
1602 2537 56 36 M.
1684 2535 169 37 Charles
1888 2536 84 36 Gou-

238 2601 82 37 nod
347 2603 70 42 (1).

1016 2712 217 60 JUI^

289 2840 19 35 3
330 2838 97 38 Juin
439 2867 9 11 .
544 2838 160 35 NAPLES
725 2837 204 47 (Théâtre
958 2837 193 48 Nuovo).
1178 2836 205 37 Première
1406 2839 323 46 représentation
1754 2849 7 26 :
1790 2838 47 39 Si
1869 2851 21 24 e
1917 2839 82 48 No,

237 2902 123 47 opéra
388 2899 137 37 bouffe
547 2909 49 25 en
618 2899 100 35 trois
739 2906 119 34 actes,
879 2898 158 48 paroles
1059 2899 48 35 de
1132 2899 106 37 MM.
1270 2899 47 37 E.
1344 2899 161 48 Cofino,
1536 2900 187 47 musique
1754 2900 48 37 de
1840 2901 54 35 M.
1922 2900 52 36 Mi-

236 2961 115 38 chèle
376 2960 166 38 Panico.

279 3104 48 42 (1)
348 3102 100 33 Nous
473 3111 115 23 avons
606 3111 131 22 encore
751 3100 19 34 à
790 3102 234 42 enregistrer,
1043 3111 96 33 pour
1167 3101 33 32 le
1221 3100 97 33 mois
1337 3101 44 32 de
1402 3101 89 41 mai,
1515 3101 52 32 les
1589 3102 201 43 premières
1813 3102 170 43 représen-

236 3159 137 32 tations
395 3157 189 33 suivantes
602 3166 7 23 :
702 3157 171 32 CONCERT
889 3156 131 33 TIVOLI
1038 3166 7 21 :
1070 3157 55 30 La
1146 3156 173 42 Toquade
1339 3156 44 33 de
1404 3156 153 33 Marton
1563 3183 8 15 ,
1595 3157 163 42 opérette
1779 3167 44 22 en
1840 3168 51 21 un
1913 3164 91 35 acte,

238 3214 144 43 paroles
400 3220 34 25 et
456 3212 177 43 musique
651 3212 43 31 de
716 3212 47 31 M.
788 3212 148 42 Eugène
951 3210 160 42 Moniot;
1196 3212 145 31 ANVERS
1364 3212 172 40 (Théâtre
1564 3212 172 39 flamand)
1764 3222 8 23 :
1797 3212 207 43 fragments

237 3270 45 31 de
299 3268 165 43 Lyderic
486 3267 229 42 Vintendant,
732 3266 124 43 opéra,
883 3265 176 44 musique
1080 3266 44 32 de
1147 3267 48 31 M.
1218 3265 136 43 Joseph
1379 3266 174 43 Martins;
1635 3267 171 32 BOLOGNE
1826 3267 178 42 (Théâtre

240 3323 181 40 Brunetti)
442 3333 6 22 :
472 3321 132 33 Maria
620 3332 18 22 e
656 3321 196 33 Fernando
857 3347 9 17 ,
883 3321 112 43 opéra
1012 3331 44 21 en
1075 3320 90 33 trois
1188 3328 108 35 actes,
1314 3322 142 42 paroles
1472 3323 43 31 de
1533 3323 48 31 M.
1599 3322 214 43 Golisciani,
1828 3323 178 43 musique

239 3377 44 32 de
301 3378 47 30 M.
372 3376 192 32 Ferruccio
584 3375 163 42 Ferrari;
835 3375 145 32 NAPLES
1005 3374 174 41 (Théâtre
1199 3375 245 43 Mercadante)
1467 3386 7 22 :
1497 3376 205 34 Benvenuto
1719 3377 133 33 Cellini
1854 3403 9 16 ,
1881 3379 123 41 opéra,

240 3431 176 43 musique
435 3431 43 31 de
501 3432 49 32 M.
572 3430 148 42 Orsini;
803 3429 173 34 PALERME
990 3429 163 43 (Collège
1174 3429 44 32 de
1234 3430 184 42 Musique)
1440 3441 7 22 :
1472 3441 93 33 pour
1581 3432 51 32 les
1651 3432 113 32 essais
1779 3432 13 44 (
1795 3432 115 44 saggi
1913 3434 9 40 )
1943 3432 63 32 des

238 3486 133 41 élèves,
589 3485 177 43 oratorio,
791 3485 173 43 musique
985 3485 48 31 du
1053 3485 108 41 jeune
1176 3484 97 33 élève
1292 3485 182 33 Mendola.
