2410 3939
825 479 219 50 ANDRÉ
1078 488 309 45 PHILIDOR

1905 500 79 40 265

232 630 83 51 çait
338 630 113 40 ainsi
477 638 106 33 cette
608 630 135 43 soirée
762 648 8 25 :
864 650 17 21 «
901 634 312 55 Aujourd'hui,
1239 650 175 32 concert
1438 656 57 28 au
1514 642 191 43 bénéfice
1725 643 51 42 de
1795 644 39 42 la
1857 658 136 31 veuve

235 701 215 55 Philidor,
473 704 107 40 dans
601 704 141 56 lequel
765 708 198 40 madame
991 709 460 58 Walbonne-Barbier,
1475 715 115 43 MM.
1616 717 133 43 Garat
1770 727 40 34 et
1836 719 157 43 Richer

230 775 276 44 chanteront.
544 777 36 40 L
597 777 233 55 orchestre,
865 793 202 43 compose
1099 783 74 40 des
1206 785 169 43 artistes
1409 788 49 40 de
1491 789 41 41 la
1571 790 117 55 Loge
1720 791 271 58 olympique,

233 849 221 42 exécutera
475 864 55 27 au
554 860 377 34 commencement
952 854 50 40 de
1024 854 42 42 la
1095 857 184 42 seconde
1312 860 135 55 partie
1469 861 40 42 la
1540 865 200 41 nouvelle
1762 878 230 32 ouverture

228 922 58 41 du
320 922 143 42 Jeune
494 924 155 40 Henri
655 957 8 20 ,
694 925 51 40 de
774 925 41 40 la
849 927 289 55 composition
1173 930 50 42 de
1258 931 153 43 Méhul
1430 949 9 33 ;
1485 935 114 43 MM.
1631 938 100 44 Ozi.
1770 940 200 42 Frédéric

1723 972 8 10 *
1972 976 13 19 y

228 996 254 56 Duvernoy,
508 997 174 55 Grahel,
706 1009 42 33 et
778 1010 144 32 autres
945 1002 165 43 artistes
1136 1007 277 42 exécuteront
1440 1009 215 43 différents
1684 1027 246 31 morceaux.
1955 1031 22 25 »

285 1089 88 41 Peu
396 1089 51 42 de
468 1091 113 41 mois
599 1092 139 54 après,
761 1092 36 42 le
820 1094 187 44 Théâtre
1032 1097 172 51 Favart,
1229 1099 77 54 qui
1330 1100 147 43 n'était
1497 1111 121 34 autre
1640 1118 83 40 que
1744 1106 247 45 l'ancienne

227 1162 473 57 Comédie-Italienne,
730 1176 39 33 et
792 1168 75 54 qui
890 1169 153 56 depuis
1070 1171 245 57 longtemps
1337 1175 158 43 servait
1517 1190 86 28 une
1623 1179 183 54 pension
1830 1186 23 36 à
1878 1183 80 40 Phi-

225 1236 126 53 lidoi,
376 1251 52 27 en
451 1239 179 41 accoida
653 1254 87 28 une
761 1245 22 37 à
814 1256 43 27 sa
889 1257 137 28 veuve
1049 1245 79 54 (i).
1159 1246 59 41 Le
1241 1249 140 40 même
1402 1249 164 43 théâtre
1589 1252 117 41 avait
1727 1252 91 54 déjà
1855 1257 132 52 songé

225 1313 22 37 à
270 1319 174 33 monter
465 1320 41 33 et
535 1316 22 37 à
580 1314 206 54 produire
817 1331 53 26 au
893 1319 152 53 public
1070 1333 59 27 un
1152 1334 188 41 ouvrage
1361 1322 123 42 laissé
1505 1338 77 41 par
1608 1325 214 55 Philidor,
1845 1337 41 32 et
1906 1343 84 40 que

224 1383 37 40 le
285 1386 153 39 maître
460 1385 165 43 n'avait
644 1400 76 42 pas
743 1402 54 28 eu
820 1390 37 40 le
879 1398 138 48 temps
1039 1392 224 43 d'achever
1279 1397 353 54 complètement.

279 1476 80 41 Cet
392 1491 189 42 ouvrage
612 1480 105 43 était
736 1494 54 28 en
813 1482 104 42 trois
940 1494 127 44 actes,
1102 1494 41 33 et
1164 1487 115 42 avait
1300 1502 113 41 pour
1434 1491 100 42 titre
1555 1506 8 27 :
1587 1492 242 44 Bélisaire.
1858 1494 104 42 L'au-

226 1559 97 33 teur
343 1551 73 41 des
437 1553 164 53 paroles
623 1555 104 41 était
751 1555 233 57 d'Antilly.

282 1642 115 42 C'est
434 1644 37 40 le
503 1658 30 41 4
567 1647 173 40 octobre
780 1650 110 53 1796
929 1649 149 55 qu'eut
1125 1652 85 41 lieu
1243 1653 40 41 la
1317 1655 209 54 première
1559 1659 342 53 représentation
1937 1661 52 41 de

230 1717 228 42 Bélisaire
465 1751 9 20 ,
513 1727 56 46 et,
593 1723 23 37 à
649 1720 148 42 l'issue
818 1722 50 40 de
891 1723 181 50 celle-ci,
1112 1739 84 28 une
1230 1736 110 33 sorte
1372 1729 276 55 d'apothéose
1682 1732 52 41 de
1773 1734 212 46 Philidor.

280 1810 61 40 Ce
362 1809 150 44 n'était
538 1813 127 54 point
688 1813 40 41 là
761 1815 38 41 le
828 1816 93 41 seul
947 1830 191 43 ouvrage
1165 1832 84 42 que
1287 1819 197 45 Philidor
1516 1825 73 41 eût
1616 1823 126 44 laissé
1764 1839 53 28 en
1839 1835 145 46 porte*

221 1883 159 41 feuille.
418 1885 35 41 Il
475 1899 53 27 en
562 1894 78 47 est,
675 1891 23 37 à
733 1901 71 28 ma
832 1891 327 54 connaissance,
1193 1907 55 27 au
1277 1895 145 40 moins
1445 1896 105 40 trois
1572 1905 140 34 autres
1734 1900 109 54 qu'il
1865 1901 124 41 avait

231 1959 229 54 entrepris,
485 1959 34 40 si
541 1973 91 28 non
660 1962 336 55 complètement
1025 1966 192 42 achevés.
1255 1967 115 42 L'un
1393 1976 63 35 est
1477 1983 62 28 un
1561 1972 136 52 grand
1728 1973 127 54 opéra
1878 1973 88 43 inti-

228 2031 90 41 tulé
348 2033 260 54 Protogene
613 2068 10 20 ,
656 2035 108 42 dont
797 2036 182 43 Sedaine
1015 2038 64 41 lui
1114 2040 115 42 avait
1253 2041 140 41 confié
1425 2042 39 41 le
1495 2043 127 43 livret
1658 2045 73 55 (2);
1759 2046 38 41 le
1827 2048 157 41 second

223 2118 29 26 n
270 2114 63 33 est
367 2115 123 32 autre
522 2121 85 41 que
641 2110 27 39 Y
671 2109 198 55 Alceste,
906 2112 51 40 de
993 2112 241 56 Quinault,
1263 2116 232 41 retouchée
1516 2132 74 40 par
1609 2119 38 40 le
1681 2120 195 54 marquis
1905 2122 72 41 des

225 2178 179 41 Raisins
426 2180 51 40 de
498 2181 284 55 Saint-Marc,
808 2192 157 33 auteur
996 2185 51 41 de
1075 2187 211 55 quelques
1309 2197 145 34 autres
1476 2194 172 52 poèmes
1681 2192 194 56 d'opéras
1898 2208 8 38 ;
1929 2209 54 26 au

221 2258 117 34 tome
361 2252 229 43 deuxième
612 2255 50 41 de
695 2256 196 43 l'édition
915 2259 73 41 des
1022 2274 170 27 œuvres
1226 2263 231 55 complètes
1488 2266 50 40 de
1560 2274 65 33 cet
1646 2266 188 42 écrivain
1856 2281 101 28 cour-

225 2324 131 54 tisan,
380 2327 155 41 ancien
573 2329 165 42 officier
769 2345 84 27 aux
878 2334 167 51 gardes,
1083 2348 56 27 on
1161 2343 153 35 trouve
1346 2349 44 28 ce
1422 2339 151 54 poème
1607 2340 220 41 â'Alceste
1834 2375 8 8 «
1867 2355 57 27 ou
1949 2344 40 39 le

237 2399 28 41 7
276 2400 198 56 riomphe
494 2401 207 43 dAlcide
709 2436 8 19 )
745 2421 16 21 «
793 2406 189 53 tragédie
1013 2407 174 56 lyrique
1216 2409 51 42 de
1300 2411 235 52 Quinault,
1561 2427 101 27 avec
1686 2416 227 54 beaucoup
1935 2417 52 41 de

224 2472 329 57 changements,
576 2491 22 23 »
622 2482 290 51 accompagné
935 2481 50 40 de
1008 2489 107 33 cette
1138 2491 100 33 note
1258 2498 7 26 :
1306 2501 17 21 «
1359 2485 79 41 Cet
1462 2500 188 40 ouvrage
1671 2502 21 26 a
1715 2489 65 39 été
1801 2491 184 51 arrangé

222 2559 53 26 en
305 2549 129 53 1776,
457 2552 24 37 à
517 2550 40 40 la
580 2550 135 55 prière
736 2552 52 40 de
820 2554 196 41 messires
1047 2556 60 41 les
1138 2557 252 42 intendants
1426 2559 72 41 des
1531 2574 155 28 menus
1723 2561 170 55 plaisirs
1925 2563 60 41 du

221 2618 81 55 roi,
327 2620 110 42 alors
460 2622 386 45 administrateurs
867 2627 52 42 de
939 2629 194 54 l'Opéra.
1161 2630 36 42 Il
1218 2639 63 34 est
1305 2641 120 32 entre
1446 2634 60 40 les
1525 2634 142 41 mains
1688 2634 52 41 de
1773 2635 63 40 M.
1874 2635 82 40 Phi-

220 2693 128 53 lidor,
375 2696 78 54 qui
476 2710 53 28 en
566 2698 76 42 fait
675 2699 40 41 la
751 2701 207 56 musique
994 2703 82 53 (3).
1119 2705 151 55 Enfin,
1295 2707 36 40 le
1353 2707 220 42 troisième
1594 2722 205 41 ouvrage,
1831 2710 40 40 le
1893 2709 91 41 seul

264 2912 48 41 (1)
337 2911 45 33 V.
401 2911 215 35 Indicateur
630 2914 232 45 dramatique
884 2928 97 32 pour
1002 2919 70 33 l'an
1094 2919 77 43 VII,
1197 2932 35 33 p.
1259 2932 59 34 97.

265 2968 45 40 (2)
333 2966 43 33 V.
399 2968 212 42 Spectacles
631 2970 44 33 de
698 2971 113 33 Paris
831 2982 47 22 an
901 2972 92 43 VIII,
1018 2985 35 32 p.
1077 2973 87 36 302.

260 3021 51 43 (S)
334 3022 26 31 Il
385 3033 24 30 y
429 3032 20 23 a
466 3022 187 35 vraiment
676 3023 44 34 ici
738 3026 163 43 quelque
926 3027 110 33 chose
1058 3028 200 45 d'étrange.
1281 3030 97 33 C'est
1399 3030 32 33 le
1453 3041 17 23 2
1480 3031 16 33 3
1518 3032 92 33 avril
1637 3032 90 44 1776
1752 3043 72 33 que
1846 3033 134 43 Gluck,

224 3076 107 43 après
355 3077 129 32 l'avoir
506 3079 127 32 refaite
654 3090 44 22 en
717 3080 130 43 partie,
871 3082 154 33 donnait
1046 3083 19 33 à
1087 3083 148 44 l'Opéra
1257 3095 65 22 son
1348 3086 146 33 Alceste
1496 3113 9 15 ,
1524 3088 228 42 représentée
1774 3088 187 42 précédem-

219 3138 101 26 ment
341 3132 19 33 à
383 3132 155 44 Vienne,
562 3140 34 26 et
618 3145 37 22 ce
680 3135 280 41 chef-d'œuvre,
980 3137 223 35 froidement
1225 3140 165 32 accueilli
1414 3140 165 44 d'abord,
1604 3142 143 33 obtient
1768 3142 143 34 bientôt
1933 3156 51 20 un

219 3186 150 33 énorme
403 3188 136 33 succès.
566 3189 62 42 Or,
653 3191 86 31 c'est
761 3201 46 22 en
825 3198 90 26 cette
933 3193 121 32 même
1075 3193 117 33 année
1219 3194 89 44 1776
1336 3196 115 43 qu'un
1473 3196 172 44 écrivain,
1672 3196 21 33 à
1714 3198 37 32 la
1766 3198 127 42 prière
1922 3200 62 31 des

218 3241 323 35 administrateurs
561 3244 45 34 de
626 3243 148 45 l'Opéra
778 3272 8 15 ,
807 3246 127 34 s'avise
955 3247 44 33 de
1020 3248 185 33 remanier
1225 3249 20 32 à
1267 3260 67 22 son
1354 3256 83 27 tour
1458 3251 33 32 le
1510 3252 129 43 poème
1660 3252 43 32 de
1729 3252 192 43 Quinault,
1950 3262 34 25 et

218 3306 72 34 que
316 3297 168 33 Philidor
510 3309 37 23 se
574 3299 134 44 charge
733 3301 80 32 d'en
837 3300 89 34 faire
951 3303 33 32 la
1004 3302 190 44 musique!
1228 3304 146 34 J'avoue
1395 3316 72 33 que
1488 3306 71 33 ceci
1583 3317 58 22 me
1670 3307 142 33 semble
1834 3307 122 34 incom-

219 3351 250 42 préhensible.
500 3354 27 32 Il
552 3356 60 42 n'y
633 3366 19 22 a
672 3366 64 33 pas
755 3356 19 33 à
793 3356 130 33 douter
952 3365 192 36 pourtant;
1170 3360 32 32 le
1236 3359 109 34 livret
1373 3360 43 33 de
1439 3360 219 34 Saint-Marc
1689 3369 53 26 est
1769 3363 33 33 là
1825 3363 66 44 qui
1917 3363 66 34 fait

220 3407 62 40 foi,
305 3413 34 26 et
357 3418 37 22 ce
417 3408 119 43 livret,
559 3411 161 43 compris
742 3412 94 33 dans
861 3413 53 32 les
936 3423 143 24 œuvres
1100 3413 201 44 complètes
1321 3415 43 33 de
1380 3416 156 33 l'auteur
1555 3417 122 45 (1789,
1698 3417 89 33 trois
1810 3419 173 33 volumes

221 3461 119 43 in-8°),
365 3462 126 43 publié
511 3465 49 32 du
584 3465 128 35 vivant
734 3467 43 33 de
799 3467 181 44 Philidor,
1013 3469 55 33 n'a
1093 3470 130 32 amené
1244 3470 44 33 de
1310 3469 32 35 la
1368 3478 81 36 part
1470 3471 44 34 de
1538 3472 154 44 celui-ci,
1716 3483 74 33 que
1808 3474 31 44 je
1860 3474 121 41 sache,

221 3527 142 24 aucune
383 3517 230 36 réclamation-
