2410 3939
959 409 78 41 LA
1068 408 387 51 CHRONIQUE
1487 408 321 44 MUSICALE

503 419 23 26 2
533 419 56 41 94

554 553 38 39 5.
687 556 209 36 FLORENCE
918 555 273 49 (Politeama).
1231 555 206 38 Première
1469 556 328 50 représentation
1821 567 7 27 :
1853 558 23 36 1
1900 564 159 43 quattro
2082 559 176 50 Rustici,

504 616 122 49 opéra
647 614 151 49 bouffe,
823 617 190 47 musique
1034 616 48 37 de
1108 617 55 36 M.
1190 618 231 40 Moscuzza.

550 713 36 37 9.
680 701 357 44 OPÉRA-COMIQUE.
1062 713 93 44 goo
1160 712 42 17 me
1223 704 326 48 représentation
1567 705 54 35 du
1643 705 175 37 Domino
1848 705 89 37 noir
1942 737 9 16 ,
1977 705 192 39 d'Auber.

552 799 58 35 12,
640 786 59 49 13,
728 800 57 36 14,
812 788 19 40 i
831 788 106 40 5
961 790 154 37 ROUEN.
1138 789 262 38 Célébration
1422 791 55 36 du
1505 790 231 38 centenaire
1766 791 49 37 de
1849 790 228 39 Boieldieu.
2105 792 56 38 Le
2204 806 59 34 12,

498 847 127 50 grand
643 857 163 29 concert
827 849 191 38 militaire
1039 864 71 25 sur
1124 852 37 37 le
1183 865 119 25 cours
1324 852 225 48 Boieldieu,
1568 854 98 36 dans
1687 853 136 50 lequel
1843 866 54 26 on
1920 855 168 37 exécute
2109 854 36 37 le
2163 854 77 38 Cen-

499 916 157 30 tenaire
674 909 48 38 de
744 912 208 37 Boieldieu
958 942 8 17 ,
991 913 161 37 marche
1173 915 49 37 de
1246 915 61 36 M.
1337 914 139 37 Carlos
1496 915 163 47 Allard;
1764 916 38 37 le
1830 917 19 47 i
1849 917 39 47 3,
1910 916 129 48 grand
2060 928 205 25 concours

499 970 267 51 d'orphéons;
790 972 230 49 exécution,
1040 987 51 24 au
1109 975 93 49 pied
1223 975 47 37 de
1292 976 36 36 la
1349 983 132 30 statue
1503 976 54 37 du
1580 978 158 45 maître,
1763 978 48 36 de
1839 977 37 37 la
1896 985 159 30 cantate
2087 989 8 25 :
2131 979 100 35 Hom-

497 1044 123 37 mage
639 1035 23 33 à
682 1033 224 50 Boieldieu,
923 1035 160 49 paroles
1105 1036 48 37 de
1175 1037 56 38 M.
1255 1036 158 37 Arthur
1449 1037 170 49 Pougin,
1646 1038 189 48 musique
1869 1038 49 36 de
1954 1039 59 37 M.
2044 1039 219 37 Ambroise

497 1091 202 50 Thomas;
790 1094 37 37 le
853 1107 57 36 14,
934 1096 323 49 représentation
1280 1098 47 36 de
1349 1097 88 50 gala
1465 1110 51 24 au
1547 1096 157 38 théâtre
1730 1099 69 35 des
1829 1098 111 49 Arts,
1961 1100 214 48 composée
2208 1100 54 35 du

494 1154 194 38 Nouveau
714 1155 203 51 Seigneur
938 1157 49 38 de
1007 1159 152 50 village
1164 1188 9 18 ,
1197 1160 70 36 des
1289 1159 106 36 deux
1422 1159 196 48 premiers
1645 1167 109 29 actes
1776 1159 48 38 de
1861 1159 39 38 la
1927 1161 135 36 Dame
2085 1160 176 49 blanche,

495 1224 39 29 et
555 1217 121 37 d'une
697 1216 110 51 pièce
826 1221 48 34 de
896 1232 91 24 vers
1009 1221 47 35 de
1078 1221 57 36 M.
1160 1220 189 38 Frédéric
1371 1220 266 49 Deschamps,
1659 1222 239 52 Hommage
1914 1225 22 33 à
1959 1222 211 37 Boieldieu
2184 1239 12 25 ;

496 1276 38 39 le
562 1279 20 47 i
582 1279 40 47 5,
651 1279 216 38 exécution
889 1284 21 33 à
929 1281 37 36 la
985 1281 233 38 cathédrale
1240 1282 120 37 d'une
1382 1294 130 25 messe
1535 1284 48 36 de
1607 1284 56 36 M.
1688 1283 155 37 Adrien
1879 1283 215 38 Boieldieu
2128 1284 74 44 fils,
2228 1291 38 30 et

502 1339 38 37 le
562 1339 94 47 soir,
680 1341 99 36 dans
800 1342 38 36 la
860 1341 95 38 salle
972 1343 55 36 du
1051 1343 139 49 cirque
1213 1343 48 38 de
1283 1343 268 47 Saint-Sever,
1569 1345 127 49 grand
1709 1345 155 38 festival
1883 1346 193 49 composé
2095 1346 49 37 de
2165 1347 80 47 frag-

499 1409 134 30 ments
660 1401 320 40 exclusivement
999 1405 94 36 tirés
1115 1404 70 38 des
1207 1416 160 27 œuvres
1388 1406 48 36 de
1462 1405 213 38 Boieldieu
1696 1408 69 46 (1).

1844 1525 50 37 A.
1921 1525 43 38 P.

538 1691 49 41 (1)
612 1690 101 32 Nous
734 1700 115 24 avons
865 1701 130 24 encore
1016 1692 19 33 à
1050 1692 234 45 enregistrer,
1309 1704 94 33 pour
1420 1694 33 33 le
1475 1693 98 34 mois
1593 1694 44 33 de
1659 1693 95 45 juin,
1778 1695 51 32 les
1851 1694 202 44 premières
2075 1693 166 45 représen-

494 1744 136 33 tations
647 1745 188 34 suivantes
852 1757 7 22 :
951 1748 328 34 FOLIES-MARIGNY
1301 1758 7 23 :
1330 1749 57 32 La
1407 1748 173 35 Branche
1597 1750 125 33 cassée
1723 1776 8 16 ,
1761 1750 163 43 opérette
1941 1760 45 23 en
2003 1761 53 22 un
2084 1756 87 35 acte,
2195 1760 44 33 pa-

496 1800 96 32 roles
609 1800 43 32 de
670 1800 47 33 M.
741 1801 45 32 E.
813 1802 128 43 Leroy,
962 1804 178 43 musique
1164 1804 44 33 de
1232 1805 49 32 M.
1300 1805 43 33 A.
1365 1804 111 43 Gros;
1561 1806 124 32 MILAN
1707 1805 178 43 (Théâtre
1901 1806 69 32 Dal
1995 1805 148 44 Verme)
2168 1816 7 22 :
2203 1805 58 33 Un

494 1854 246 35 Matrimonio
761 1861 95 30 sotto
887 1858 37 32 la
954 1858 215 44 Republica,
1193 1859 124 44 opéra,
1350 1859 177 46 musique
1563 1861 44 32 de
1644 1860 155 34 Podesta
1813 1872 8 31 ;
1929 1862 124 32 MILAN
2083 1861 177 43 (Théâtre

494 1910 371 45 Santa-Radegonda)
883 1922 7 22 :
912 1913 33 32 Il
966 1913 219 33 Cacciatore
1190 1940 7 14 ,
1214 1914 123 44 opéra,
1354 1915 179 43 musique
1549 1915 43 33 de
1607 1916 49 34 M.
1673 1915 224 34 Canavasso.
1959 1917 107 32 ROME
2084 1915 177 43 (Théâtre

496 1965 178 44 Quirino)
691 1978 7 22 :
722 1967 37 33 la
783 1967 176 34 Vendetta
973 1968 83 33 d'un
1077 1969 165 44 Foletto,
1267 1969 110 45 opéra
1399 1970 134 42 bouffe,
1557 1968 178 46 musique
1754 1972 43 32 de
1821 1971 180 33 Mililotti.
