2410 3939
1298 1112 84 41 LE

457 1300 781 77 CENTENAIRE
1319 1295 143 71 DE
1538 1285 673 81 BOIELDIEU

901 1816 104 26 OTRE
1027 1800 320 51 correspondant
1373 1797 161 50 spécial,
1561 1797 62 38 M.
1654 1795 128 38 Louis
1802 1792 194 47 Jeannin,
2017 1790 186 49 représen-

902 1866 74 37 tait
996 1865 40 37 la
1060 1862 227 50 Chronique
1304 1859 192 39 musicale
1514 1870 52 26 au
1583 1856 230 40 centenaire
1832 1855 49 38 de
1905 1852 229 48 Boieldieu,
2158 1851 45 37 cé-

904 1926 112 38 lébré
1037 1926 57 37 les
1130 1937 58 35 12,
1220 1924 20 46 i
1240 1924 40 46 3,
1305 1935 46 34 14
1381 1929 39 29 et
1451 1916 19 56 i
1489 1916 19 56 5
1527 1916 76 56 juin
1631 1932 72 37 par
1729 1918 38 37 la
1788 1917 95 39 ville
1905 1916 48 36 de
1976 1916 160 45 Rouen,
2155 1925 48 37 pa-

903 1988 77 37 trie
1011 1987 49 36 de
1086 1985 185 37 l'illustre
1304 1982 159 39 maître.

957 2048 33 38 Il
1021 2059 105 26 nous
1147 2046 177 39 adresse,
1348 2056 52 24 au
1434 2043 106 51 sujet
1560 2042 48 37 de
1632 2053 63 26 ces
1717 2041 115 47 fêtes,
1856 2039 37 37 le
1916 2044 161 42 compte
2100 2035 129 37 rendu

905 2109 174 44 suivant,
1100 2109 37 36 le
1152 2107 93 49 plus
1264 2104 178 50 complet
1460 2103 71 51 qui
1552 2102 57 40 ait
1627 2103 63 37 été
1708 2101 139 51 publié
1867 2098 186 52 jusqu'ici
2074 2098 99 36 dans
2194 2096 36 38 la

905 2182 134 37 presse
1060 2166 245 53 parisienne.

519 2349 204 53 Samedi,
758 2361 51 28 12
821 2345 123 57 juin.
1053 2345 40 40 A
1119 2342 66 42 six
1212 2342 158 40 heures
1392 2338 61 43 du
1476 2338 102 55 soir,
1599 2338 42 42 la
1662 2336 143 42 vieille
1827 2334 148 43 cloche
1996 2334 52 41 de
2072 2333 159 42 Rouen

465 2422 241 43 annonçait
725 2435 76 42 par
823 2434 63 28 ses
913 2417 325 43 retentissantes
1263 2415 143 41 volées
1434 2413 41 42 la
1502 2411 214 44 solennité
1744 2411 119 56 prête
1894 2413 23 37 à
1944 2421 289 29 commencer.

468 2496 174 52 C'était,
666 2496 64 41 dit
752 2496 38 41 le
807 2493 195 43 Journal
1015 2492 55 41 de
1091 2491 153 42 Rouen
1251 2523 9 21 ,
1284 2502 170 28 comme
1477 2488 39 40 le
1538 2486 202 56 baptême
1757 2485 52 41 de
1823 2481 319 45 l'immortalité
2157 2481 78 56 qui

470 2570 177 41 sonnait
664 2582 111 42 pour
794 2568 39 42 le
853 2567 198 56 glorieux
1073 2564 65 41 fils
1158 2564 51 41 de
1234 2564 176 51 Rouen,
1437 2563 21 40 à
1481 2561 41 41 la
1544 2569 101 34 tour
1672 2560 53 41 de
1754 2558 212 54 l'antique
1989 2555 236 43 Hôtel-de-

466 2643 114 43 Ville
601 2647 58 36 où
682 2641 233 54 siégeaient
1139 2638 88 40 lors
1248 2636 52 41 de
1331 2638 41 38 la
1397 2634 228 41 naissance
1644 2632 51 41 de
1716 2631 245 54 Boieldieu,
1985 2629 62 41 les
2070 2627 137 54 magis-

466 2725 108 33 trats
614 2717 51 39 de
699 2715 42 41 la
786 2714 99 41 cité.
935 2713 101 41 Une
1075 2712 135 40 heure
1242 2711 99 54 plus
1381 2709 110 54 tard,
1545 2707 224 42 différents
1802 2718 235 29 morceaux
2074 2702 164 42 étaient

468 2791 200 41 exécutés
690 2789 154 54 auprès
866 2787 52 41 de
941 2787 42 40 la
1007 2794 142 34 statue
1171 2784 60 41 du
1261 2785 155 40 maître
1440 2797 78 41 par
1546 2783 60 40 les
1630 2780 230 55 musiques
1888 2780 73 40 des
1990 2778 54 41 26
2049 2784 14 16 e
2092 2785 41 35 et
2163 2777 54 40 28
2223 2784 16 20 e

468 2865 52 40 de
549 2864 133 54 ligne,
712 2876 76 41 par
814 2862 41 40 la
887 2860 208 55 musique
1134 2858 270 55 municipale
1432 2857 52 41 de
1516 2857 158 40 Rouen
1708 2863 40 33 et
1778 2867 76 42 par
1881 2853 106 40 celle
2013 2852 54 40 de
2095 2850 144 42 Saint-

471 2936 453 54 Germain-en-Laye,
950 2933 99 56 puis
1069 2933 39 42 la
1131 2932 176 42 retraite
1328 2945 85 27 aux
1428 2931 251 41 flambeaux
1702 2927 161 57 partait
1884 2927 52 41 de
1957 2926 41 41 la
2020 2925 156 41 mairie
2197 2933 42 32 et

472 3010 254 57 parcourait
759 3009 40 42 la
840 3008 102 42 ville
978 3022 57 28 au
1070 3006 154 42 milieu
1257 3005 74 41 des
1371 3003 311 43 acclamations
1722 3002 131 41 d'une
1888 2999 116 43 foule
2043 3001 195 50 énorme,

480 3086 186 40 bravant
686 3084 40 42 la
748 3083 122 56 pluie
892 3080 265 45 torrentielle
1180 3079 79 56 qui
1281 3078 187 43 tombait
1488 3076 157 57 depuis
1665 3076 40 42 le
1726 3083 380 34 commencement
2126 3072 51 42 de
2199 3072 40 41 la

473 3158 98 43 fête.

531 3306 246 41 Dimanche
805 3307 22 40 i
827 3307 45 40 3.
980 3304 86 42 Dès
1086 3304 39 42 le
1149 3303 156 55 matin,
1329 3302 277 42 l'animation
1626 3309 63 34 est
1710 3300 214 42 immense
1950 3311 74 28 sur
2056 3305 101 34 tous
2183 3296 59 42 les

478 3379 148 55 points
644 3380 50 40 de
715 3380 42 40 la
779 3380 120 41 ville.
926 3379 60 41 Le
1003 3387 141 46 temps
1166 3377 163 42 semble
1350 3390 43 27 se
1413 3384 203 34 remettre
1637 3389 56 28 au
1708 3375 127 41 beau.
1843 3397 53 6 —
1910 3374 40 38 A
1971 3371 106 42 neuf
2088 3370 155 42 heures

478 3453 291 53 commençait
797 3454 37 41 le
867 3452 126 43 défilé
1020 3454 73 41 des
1122 3452 184 42 sociétés
1327 3450 234 43 musicales
1586 3450 79 56 qui
1695 3447 203 43 devaient
1926 3446 186 55 prendre
2147 3453 96 47 part
