2410 3939
809 432 219 53 ANDRÉ
1061 444 313 46 PHILIDOR

1893 457 80 53 273

218 597 55 27 au
294 584 98 54 jour
413 585 181 56 indiqué
618 603 8 27 :
653 589 184 43 l'auteur
856 591 52 42 lit
932 605 9 28 :
964 596 23 37 à
1009 595 167 54 chaque
1197 599 123 38 scène
1342 610 70 28 ma
1432 599 81 41 téte
1542 598 210 42 s'exaltait
1774 613 55 27 au
1854 600 123 54 point

218 669 85 42 que
331 656 37 55 je
395 661 192 40 trouvais
609 666 23 36 à
654 662 194 43 l'instant
868 664 39 41 le
939 666 124 40 motif
1084 677 38 31 et
1154 667 39 41 le
1223 673 209 37 caractère
1453 670 77 55 qui
1552 671 229 43 convenait
1818 673 103 55 (sic)
1955 677 25 38 à

219 732 168 56 chaque
408 750 201 29 morceau
628 753 8 35 ;
659 738 39 53 je
717 741 183 54 réponds
922 755 84 40 que
1024 753 63 30 cet
1114 757 190 42 ouvrage
1331 746 117 42 n'eût
1469 761 74 41 pas
1565 748 64 41 été
1655 748 38 42 le
1726 749 99 55 plus
1855 764 95 27 mau-

221 807 88 40 vais
331 808 73 41 des
440 810 159 44 miens.
630 812 309 56 Lorsqu'après
959 816 52 40 de
1030 816 183 55 longues
1246 819 163 53 études,
1442 820 129 43 l'âme
1598 824 259 41 commande
1879 838 101 28 avec

221 889 109 33 cette
352 882 292 58 impétuosité,
668 886 79 41 elle
769 899 54 28 ne
842 887 125 42 laisse
1002 903 74 41 pas
1108 895 23 36 à
1153 890 14 41 1
1182 891 133 53 esprit
1333 892 38 40 le
1392 900 139 48 temps
1553 895 51 42 de
1627 896 193 54 s'égarer.
1852 897 48 42 Je
1927 911 55 28 ne

220 955 170 41 trouvai
409 955 39 42 le
470 961 151 51 poème
642 973 84 42 que
748 961 215 43 médiocre
984 974 41 31 et
1059 964 110 41 froid
1185 979 10 36 ;
1222 965 108 41 mais
1351 968 41 39 la
1420 966 176 43 flamme
1627 970 76 54 qui
1724 983 70 28 me
1823 971 160 42 brûlait

221 1030 72 40 eût
322 1042 60 42 pu
411 1030 40 41 le
482 1031 254 45 réchauffer.
759 1035 279 43 J'embrassai
1059 1037 211 53 l'auteur;
1305 1049 222 35 comment
1548 1055 54 28 ne
1628 1044 117 41 vit-il
1775 1058 74 41 pas
1870 1045 109 42 dans

220 1115 92 28 mes
328 1117 116 41 yeux
465 1107 164 55 qu'une
647 1108 35 41 si
704 1109 107 42 belle
832 1110 156 43 ardeur
1007 1126 53 27 ne
1078 1112 128 43 serait
1228 1127 73 41 pas
1324 1113 158 43 inutile
1503 1120 21 37 à
1548 1130 78 27 son
1647 1120 145 39 succès
1812 1122 16 39 ?
1860 1119 120 55 Non,

219 1174 31 42 il
273 1189 54 28 ne
347 1176 38 42 le
404 1177 67 42 vit
491 1193 75 41 pas
583 1185 9 37 !
630 1194 84 42 car,
738 1182 102 42 trois
865 1183 117 55 jours
1016 1187 134 53 après,
1176 1200 55 27 au
1253 1186 88 42 lieu
1370 1187 52 41 de
1451 1188 190 42 recevoir
1660 1190 38 40 le
1720 1191 261 54 manuscrit,

223 1248 196 44 Philidor
452 1252 201 57 m'apprit
689 1269 86 41 que
805 1257 187 43 l'auteur
1020 1259 116 42 avait
1166 1261 167 54 changé
1366 1261 150 42 d'avis.
1557 1263 37 41 11
1627 1277 70 28 me
1732 1266 248 53 permettait

220 1325 239 54 cependant
480 1327 52 42 de
553 1329 221 43 travailler
795 1336 23 36 à
840 1346 79 28 son
940 1335 168 54 poème,
1141 1348 173 42 pourvu
1336 1350 84 40 que
1449 1350 46 28 ce
1529 1336 68 43 fût
1627 1352 101 27 avec
1765 1338 216 55 Philidor,

221 1403 35 41 si
287 1405 88 41 cela
404 1420 113 29 nous
545 1411 231 41 convenait
807 1417 24 37 à
858 1423 97 31 tous
976 1414 127 42 deux.
1209 1416 173 55 Allons,
1415 1432 201 42 courage,
1649 1433 105 28 mon
1776 1420 105 53 ami,
1911 1434 71 28 me

221 1478 66 42 dit
320 1488 65 34 cet
416 1481 191 43 honnête
636 1484 192 54 homme,
863 1487 39 55 je
924 1501 57 28 ne
1012 1489 140 42 crains
1176 1504 75 41 pas
1272 1491 54 41 de
1345 1491 170 55 joindre
1543 1507 71 27 ma
1636 1493 207 56 musique
1876 1498 23 36 à
1935 1494 42 41 la

224 1554 133 41 vôtre.
461 1555 49 42 Je
532 1556 96 43 dois
646 1558 38 41 le
706 1560 211 54 craindre,
955 1562 107 55 moi,
1084 1562 64 42 lui
1182 1564 140 55 dis-je,
1352 1579 70 27 car
1449 1566 37 40 si
1507 1566 42 41 la
1570 1567 114 55 pièce
1706 1569 172 51 réussit,
1902 1568 80 41 elle

223 1641 92 27 sera
338 1628 52 41 de
411 1643 134 39 vous;
568 1629 36 43 si
635 1632 78 41 elle
734 1635 164 51 tombe,
929 1636 38 40 le
987 1636 151 55 public
1166 1651 54 28 ne
1241 1652 121 28 verra
1388 1653 85 40 que
1498 1640 105 42 moi.
1631 1658 18 20 »
1681 1641 121 42 Cette
1838 1640 149 42 affaire

224 1715 27 26 n
270 1712 74 31 eut
371 1717 74 41 pas
468 1704 52 41 de
541 1705 130 54 suite,
707 1715 41 34 et
780 1708 165 54 malgré
966 1718 121 34 toute
1119 1725 44 27 sa
1192 1712 146 41 bonne
1358 1713 190 54 volonté,
1588 1714 201 42 Philidor
1816 1729 54 26 ne
1907 1724 81 46 put

224 1774 88 42 être
334 1776 106 43 utile
460 1781 23 39 à
506 1779 170 56 Grétry,
701 1781 77 54 qui
800 1781 101 42 finit
920 1797 77 41 par
1016 1798 43 27 se
1081 1785 137 55 frayer
1239 1800 87 27 une
1352 1797 123 31 autre
1495 1795 126 34 route
1639 1802 10 40 ;
1682 1788 110 41 mais
1824 1790 164 53 malgré

223 1862 79 28 son
323 1855 211 38 caractère
554 1853 119 54 aigre
697 1864 41 32 et
766 1854 161 56 jaloux,
957 1858 169 42 celui-ci
1161 1873 53 27 ne
1248 1868 81 47 put
1349 1861 261 56 s'empêcher
1635 1862 54 42 de
1715 1865 273 39 reconnaître

225 1924 38 40 le
288 1924 87 42 bon
409 1927 174 41 vouloir
606 1927 52 42 de
679 1928 179 43 l'artiste
893 1931 77 54 qui
1005 1932 142 42 aurait
1176 1934 138 40 voulu
1337 1934 39 42 le
1395 1943 248 47 patronner,
1680 1947 39 30 et
1749 1950 53 27 en
1837 1936 149 42 donna

221 1997 100 55 plus
343 1999 111 54 tard,
490 2003 23 40 à
546 2000 40 42 la
609 2002 212 42 mémoire
854 2004 51 41 de
938 2018 45 28 ce
1018 2006 182 55 dernier,
1237 2021 46 27 ce
1314 2009 276 55 témoignage
1627 2011 184 42 éclatant
1847 2011 52 40 de
1942 2025 44 26 sa

221 2073 378 45 reconnaissance.

281 2152 100 42 Une
402 2155 189 42 certaine
612 2157 210 42 tradition
857 2168 102 34 veut
979 2161 115 41 aussi
1128 2174 85 42 que
1237 2162 199 43 Philidor
1456 2164 63 42 ait
1537 2164 139 42 rendu
1698 2167 24 38 à
1755 2164 230 43 Rousseau

225 2239 61 29 un
320 2227 164 55 signalé
505 2229 177 55 service,
706 2231 160 41 service
892 2232 164 43 d'autre
1077 2244 165 32 nature.
1276 2235 158 43 C'était
1464 2240 22 37 à
1517 2237 196 56 l'époque
1744 2242 57 36 où
1835 2238 119 41 Rous-

224 2314 117 41 seau,
365 2301 75 55 qui
461 2316 55 27 ne
534 2304 197 54 songeait
750 2319 76 42 pas
850 2320 152 28 encore
1028 2310 23 38 à
1080 2308 129 42 écrire
1231 2324 77 27 son
1335 2311 317 42 Dictionnaire
1681 2312 54 40 de
1755 2312 230 54 Musique,

225 2389 18 28 s
259 2376 200 54 occupait
480 2377 52 41 de
553 2391 79 29 son
656 2380 143 40 Devin
822 2380 60 41 du
905 2381 174 56 village
1084 2415 8 8 .
1119 2382 73 42 On
1221 2397 23 27 a
1269 2384 165 41 affirmé
1458 2399 85 41 que
1569 2385 199 43 Philidor
1794 2385 64 42 lui
1891 2385 97 42 vint

225 2464 53 29 en
311 2451 94 42 aide
440 2465 53 28 en
529 2460 108 36 cette
670 2453 311 57 circonstance,
1006 2470 52 27 en
1093 2465 260 47 arrangeant
1387 2458 58 42 les
1481 2470 432 45 accompagnements
1946 2467 42 33 et

224 2524 246 42 l'orchestre
490 2526 51 42 de
558 2541 44 27 sa
623 2527 225 55 partition,
872 2528 109 43 dont
1007 2530 32 41 il
1066 2530 105 41 était
1201 2532 270 43 assurément
1500 2532 224 55 incapable
1745 2533 52 41 de
1821 2533 122 41 venir
1963 2536 24 38 à

226 2599 124 40 bout.
378 2598 214 56 Philidor,
613 2602 23 39 à
654 2613 47 28 ce
722 2611 214 45 moment,
960 2602 162 43 n'avait
1142 2618 74 42 pas
1239 2618 152 29 encore
1410 2606 157 42 abordé
1592 2607 36 41 le
1651 2607 181 52 théâtre,
1858 2607 126 53 mais,

226 2686 101 28 avec
354 2672 262 43 l'excellente
637 2674 233 43 éducation
891 2677 211 42 musicale
1130 2679 109 54 qu'il
1271 2681 114 40 avait
1411 2694 141 44 reçue,
1585 2681 30 41 il
1644 2681 103 42 était
1780 2680 180 56 parfaite-

226 2755 122 34 ment
369 2757 96 45 apte
485 2751 23 38 à
532 2748 249 56 s'acquitter
802 2750 130 42 d'une
953 2751 98 43 telle
1072 2753 189 54 besogne
1284 2753 78 56 (1).

271 2869 51 45 (i)
345 2869 48 34 Ce
412 2869 65 45 qui
494 2881 59 22 me
569 2870 178 45 porterait
767 2872 20 34 à
807 2873 172 34 accorder
1002 2874 115 34 crédit
1138 2875 19 34 à
1178 2882 91 27 cette
1291 2875 191 46 tradition,
1506 2877 84 34 c'est
1613 2889 73 23 une
1716 2879 109 44 petite
1853 2879 113 34 décou-

227 2933 99 27 verte
340 2937 75 35 que
431 2926 58 43 j'ai
519 2926 86 36 faite
632 2929 238 44 récemment,
892 2938 35 26 et
954 2931 67 44 qui
1049 2933 73 32 m'a
1150 2933 148 33 montré
1319 2934 33 33 le
1380 2945 88 22 nom
1490 2935 43 33 de
1555 2935 170 33 Philidor
1746 2936 241 33 directement

226 2983 94 33 mêlé
347 2994 47 22 au
419 2983 115 34 Devin
562 2983 47 33 du
640 2985 146 44 Village
790 3010 9 10 .
828 2986 120 42 Voici,
971 2997 47 23 en
1039 2987 94 41 effet,
1163 2989 34 32 le
1225 2989 84 32 titre
1336 2997 103 25 exact
1466 2990 110 33 d'une
1613 2990 141 33 édition
1783 2993 131 42 gravée
1942 2994 45 31 de

229 3040 34 34 la
292 3038 180 45 partition
493 3039 45 33 de
565 3046 54 26 cet
648 3051 161 33 ouvrage
826 3051 96 23 :—«
939 3043 51 32 Le
1007 3043 118 33 Devin
1146 3043 48 33 du
1222 3044 147 44 Village
1374 3070 8 15 ,
1406 3044 203 34 intermède
1632 3047 209 42 représenté
1856 3047 19 33 à
1891 3046 72 33 Fon-

231 3092 225 43 tainebleau,
475 3093 135 33 devant
624 3093 115 33 Leurs
762 3095 181 43 Majestés,
974 3096 51 32 les
1051 3096 42 33 18
1120 3103 35 27 et
1171 3108 46 33 24
1233 3098 149 32 octobre
1409 3099 103 44 1752,
1536 3106 34 25 et
1591 3099 20 33 à
1641 3099 113 43 Paris,
1778 3111 65 32 par
1866 3100 102 34 l'Aca-

228 3150 122 33 démie
378 3150 126 43 royale
542 3150 44 33 de
612 3150 192 44 musique,
833 3152 33 32 le
899 3163 10 20 i
919 3158 28 13 er
974 3163 101 22 mars
1109 3153 104 44 ijbS,
1244 3164 66 33 par
1342 3155 85 32 J.-J.
1465 3155 203 41 Rousseau,
1709 3166 87 23 avec
1831 3156 157 35 Variette

228 3206 143 44 ajoutée
395 3216 73 34 par
487 3205 61 34 M.
565 3205 176 34 Philidor
743 3232 8 14 ,
769 3206 154 33 chantée
952 3218 66 31 par
1033 3207 49 33 M.
1100 3207 146 34 Caillot.
1263 3219 16 22 »
1297 3209 128 42 (Paris,
1451 3210 154 42 Leclerc,
1625 3222 63 22 rue
1703 3211 282 44 Saint-Honoré,

226 3268 105 27 entre
352 3262 34 33 la
414 3272 66 22 rue
501 3261 65 33 des
594 3261 221 34 Prouvaires
837 3267 35 28 et
900 3262 34 33 la
964 3272 66 23 rue
1046 3262 56 33 Du
1107 3262 97 41 four,
1223 3263 20 33 à
1266 3263 295 44 Sainte-Cécile.)

274 3317 99 33 Pour
400 3327 73 34 que
501 3317 193 33 Rousseau
722 3317 185 34 consentît
934 3317 20 33 à
987 3316 130 34 laisser
1153 3324 147 35 mettre,
1329 3319 121 32 même
1477 3320 92 33 dans
1597 3331 58 22 ces
1681 3321 224 44 conditions,
1937 3333 50 22 un

232 3378 105 27 autre
365 3383 89 21 nom
482 3372 19 33 à
532 3373 79 32 côté
626 3373 50 32 du
705 3372 92 44 sien,
815 3372 24 34 il
858 3384 57 22 me
931 3373 141 33 semble
1093 3373 90 44 qu'il
1201 3373 121 33 devait
1343 3373 103 34 avoir
1474 3375 43 33 de
1546 3375 210 44 puissantes
1778 3377 158 43 raisons,
1955 3385 33 26 et

232 3429 76 31 cela
336 3437 60 23 me
422 3428 192 43 paraîtrait
635 3428 199 44 expliquer
855 3429 34 33 la
912 3428 269 34 collaboration
1202 3429 44 31 de
1268 3429 171 33 Philidor
1460 3439 118 35 quant
1598 3443 46 22 au
1667 3432 128 34 travail
1818 3432 170 45 pratique

233 3483 44 33 de
298 3483 33 32 la
353 3482 192 43 partition.

398 3543 134 47 273

1775 3552 49 41 18
