2245 3690
948 129 78 27 LES
1060 129 232 29 CONCERTS

2049 138 72 31 121

101 225 80 39 par
204 211 51 41 P.
293 212 148 53 Magri
469 225 9 38 ;
503 228 67 37 130
599 213 138 41 Messe
776 227 20 27 ((
837 215 174 41 Emicat
1050 218 200 40 meridies
1274 231 21 27 ))
1330 218 38 53 (2
1404 221 101 40 voix
1530 221 151 51 égales
1705 230 41 33 et
1778 225 174 53 orgue),
1977 230 138 48 parle

101 284 160 37 même.
287 281 247 41 —Toutes
557 295 71 27 ces
662 281 305 53 publications
991 294 102 31 sont
1131 285 86 42 fort
1262 289 227 50 soignées,
1528 303 85 39 peu
1647 296 252 46 coûteuses,
1940 303 42 32 et
2018 296 106 42 d'un

101 350 145 50 grand
272 351 174 39 intérêt.

159 418 38 40 A
220 419 59 39 /'((
296 418 244 40 Harmonie
559 430 21 28 »
606 418 186 55 (Berlin)
815 432 9 31 ;
845 419 275 58 Biographie
1139 424 50 39 dè
1210 424 56 40 R.
1298 425 199 56 Wagner
1503 459 8 19 ,
1538 442 80 39 par
1641 427 172 43 Gustav
1845 429 133 56 Lévy.
2005 432 122 43 Dans

103 496 112 32 cette
232 487 222 41 brochure
476 487 54 41 de
554 486 51 42 62
628 502 141 39 pages
790 491 122 50 (avec
934 505 61 26 un
1020 492 199 52 portrait)
1244 504 101 32 sont
1366 500 252 49 énumérés,
1654 512 105 27 avec
1785 513 87 28 une
1891 500 102 42 date
2027 508 75 47 pré-

103 558 104 45 cise,
233 565 101 33 tous
370 557 64 40 les
469 556 104 42 faits
605 559 288 51 importants.
934 559 122 42 C'est
1079 576 60 26 un
1176 563 176 41 modèle
1396 565 53 40 de
1491 577 225 32 memento
1759 578 139 33 exact.

160 625 122 42 Chez
302 625 172 50 Prioré,
495 627 174 41 éditeur
692 625 97 54 (rue
809 626 209 56 Paradis)
1043 641 8 27 :
1077 628 127 43 Salut
1228 647 51 24 au
1300 640 108 47 pays
1423 632 47 55 (g
1476 637 140 40 rande
1637 638 122 40 valse
1780 640 209 42 militaire
2014 654 113 40 pour

104 694 155 56 piano)
277 708 9 39 ;
308 694 87 52 Qui
428 696 91 42 vive
548 699 16 37 ?
587 694 170 56 (polka)
777 712 8 33 ;
801 695 111 51 Jean
925 696 170 50 Jeanne
1138 697 184 57 (valse);
1349 701 114 42 Sous
1485 704 59 40 les
1579 705 100 41 lilas
1697 704 191 56 (grande
1914 710 141 54 valse)
2086 720 41 33 et

103 764 89 42 Sur
211 766 58 40 les
289 766 128 41 bords
439 766 56 40 du
514 764 200 42 Scardon
739 763 176 55 (valse),
938 781 81 38 par
1042 766 53 41 A.
1119 767 328 45 Douchement.

917 1021 109 42 Les
1068 1021 276 44 Concerts

1780 1173 52 5 —
1867 1168 54 38 yi
1948 1153 183 51 janvier.

1086 1232 50 5 —
1175 1208 66 43 La
1275 1225 26 37 4
1305 1216 15 17 e
1358 1210 268 59 Symphonie
1651 1215 55 42 de
1738 1215 266 48 Schumann
2027 1237 78 28 ren-

1086 1277 140 44 ferme
1249 1280 53 41 de
1322 1280 140 43 belles
1481 1298 156 39 pages,
1675 1295 124 33 entre
1835 1299 149 33 autres
2022 1293 86 42 l'In-

1089 1349 252 41 troduction
1373 1360 42 32 et
1463 1352 9 40 1
1494 1351 208 45 Andante
1739 1371 193 41 presque
1954 1364 142 39 entier
2116 1376 9 36 ;

1089 1418 114 38 mais
1241 1418 84 41 elle
1355 1418 172 52 fatigue
1565 1436 81 38 par
1687 1437 86 28 une
1805 1427 325 45 orchestration

1089 1496 245 33 monotone
1353 1497 42 32 et
1414 1502 105 29 sans
1542 1492 230 51 cohésion,
1788 1502 56 34 où
1866 1496 77 42 des
1961 1500 172 42 cuivres

1086 1556 214 40 viennent
1334 1570 46 27 se
1421 1571 146 39 poser,
1601 1573 58 28 on
1682 1576 56 27 ne
1776 1566 85 38 sait
1890 1570 240 50 pourquoi,

1090 1638 77 27 sur
1188 1625 42 40 la
1267 1639 147 28 masse
1442 1628 169 42 touffue
1649 1630 77 41 des
1764 1634 193 41 violons.
1987 1636 142 53 Après

1090 1693 39 39 la
1155 1693 104 52 jolie
1288 1693 230 56 Siegfried
1538 1695 149 55 Idylle,
1707 1698 61 42 M.
1796 1699 55 42 H.
1879 1702 255 45 Heermann

1089 1763 103 52 joue
1214 1763 378 44 admirablement
1616 1768 38 39 le
1672 1766 219 46 Concerto
1926 1773 54 40 de
2003 1773 105 43 Beet-

1090 1832 147 41 hoven
1283 1841 6 27 :
1347 1837 86 36 très
1472 1834 113 52 juste
1620 1835 204 52 d'abord,
1868 1853 47 28 ce
1957 1844 75 51 qui
2069 1853 65 31 est

1091 1915 99 27 rare
1226 1910 176 33 surtout
1440 1901 105 42 chez
1585 1904 63 40 les
1684 1906 240 51 virtuoses,
1960 1919 41 32 et
2029 1924 105 28 sans

117 1969 128 42 effort
272 1980 233 43 apparent,
550 1973 36 39 si
611 1971 103 42 bien
756 1986 86 39 que
879 1973 89 42 l'on
1006 1972 151 42 oublie
1199 1971 276 53 l'effrayante
1517 1971 216 44 difficulté
1771 1976 54 40 de
1858 1976 198 49 l'œuvre,
2097 1990 41 32 et

119 2038 139 53 qu'on
291 2039 101 42 n'en
427 2049 99 33 sent
550 2041 100 52 plus
691 2055 86 40 que
811 2041 300 55 l'inspiration
1136 2042 125 50 large
1297 2049 41 32 et
1373 2046 250 45 généreuse
1644 2044 87 52 ;je
1754 2044 171 43 louerai
1946 2048 121 41 enfin
2101 2051 39 40 la

118 2113 155 48 pureté
293 2109 52 40 de
366 2123 81 27 son
478 2110 112 53 style
611 2121 7 37 ;
643 2110 95 41 seul
762 2111 40 41 le
826 2124 82 28 son
944 2112 201 52 pourrait
1168 2115 107 44 être,
1300 2110 29 40 il
1360 2124 70 26 me
1457 2110 187 53 semble,
1671 2128 60 25 un
1770 2128 85 38 peu
1888 2116 101 52 plus
2029 2121 111 39 rond

119 2186 40 32 et
186 2180 169 38 nourri.
378 2177 63 41 Le
477 2177 201 43 Phaéton
705 2180 53 40 de
792 2178 301 44 Saint-Saëns
1129 2188 66 32 est
1218 2180 175 50 soigné,
1419 2194 178 38 propre,
1637 2192 192 32 avenant
1869 2194 42 31 et
1949 2187 161 42 discret
2132 2205 8 32 ;

117 2249 224 48 pourquoi
374 2246 237 42 Phaéton?
632 2248 50 49 Je
719 2249 40 40 le
802 2249 134 41 laisse
971 2253 21 37 à
1031 2250 184 40 deviner
1250 2262 83 27 aux
1356 2257 189 40 experts.
1577 2248 295 46 L'ouverture
1895 2254 54 41 de
1972 2255 169 42 Fidelio

138 2313 57 55 (la
213 2330 25 36 4
241 2321 15 17 e
263 2347 8 16 ,
298 2329 54 27 en
373 2314 91 54 mi),
493 2315 87 42 fort
602 2315 106 42 bien
728 2318 228 50 conduite,
983 2319 227 39 terminait
1234 2317 40 40 le
1297 2326 190 31 concert.

1585 2317 52 42 L.
1663 2318 52 41 L.

425 2439 55 5 —
501 2415 64 42 La
590 2415 277 56 Symphonie
903 2416 201 54 héroïque
1145 2418 54 39 de
1231 2416 258 41 Beethoven
1528 2432 21 25 a
1575 2422 68 36 été
1668 2420 128 51 jouée
1826 2436 104 27 avec
1971 2424 40 41 le
2044 2424 96 43 brio

120 2492 42 32 et
200 2484 40 40 la
265 2483 167 41 finesse
469 2483 227 41 habituels
734 2498 9 26 :
785 2484 57 53 j'y
881 2485 212 40 voudrais
1129 2485 101 52 plus
1260 2484 211 52 d'accent,
1527 2495 175 33 surtout
1738 2488 112 42 dans
1886 2490 39 41 le
1949 2497 193 48 premier

122 2564 226 35 morceau,
385 2554 76 50 qui
498 2552 127 40 coule
660 2561 97 43 trop
795 2565 174 28 comme
992 2568 60 25 un
1092 2553 76 40 flot
1201 2551 224 42 uniforme
1451 2564 9 37 ;
1503 2554 39 52 je
1563 2556 214 41 voudrais
1800 2558 136 52 qu'on
1956 2577 26 36 y
2005 2568 133 36 sentît

122 2620 255 51 davantage
419 2620 40 40 le
494 2620 174 53 rythme
700 2620 52 40 de
786 2634 47 27 ce
856 2622 206 51 puissant
1100 2636 106 38 pas;
1249 2622 28 40 il
1312 2636 54 26 ne
1399 2622 117 42 suffit
1551 2638 81 38 pas
1666 2640 86 38 que
1783 2637 111 32 cette
1933 2633 209 51 musique

122 2703 148 33 coure,
296 2689 28 40 il
348 2688 94 42 faut
467 2687 161 54 qu'elle
650 2694 216 36 entraîne.
893 2690 299 55 —J'entends
1216 2692 121 39 aussi
1373 2691 39 40 le
1436 2692 182 42 scherzo
1643 2695 100 52 plus
1777 2697 359 46 tourbillonnant

121 2768 42 31 et
186 2758 100 53 plus
310 2759 272 52 impétueux.

177 2825 63 42 La
262 2825 124 42 Suite
405 2841 50 25 en
470 2831 46 35 ré
536 2826 166 50 majeur
722 2826 54 41 de
797 2825 119 56 J.-S.
945 2827 123 41 Bach
1090 2837 66 32 est
1176 2843 87 26 une
1287 2843 152 27 œuvre
1462 2832 200 51 exquise,
1686 2843 41 31 et
1752 2837 75 50 qui
1850 2836 65 41 fut
1938 2838 127 53 jouée
2085 2840 54 41 de

122 2894 130 52 façon
276 2897 199 50 exquise.
503 2894 33 41 Il
574 2909 72 26 me
684 2894 172 41 semble
889 2910 87 38 que
1009 2897 106 40 c'est
1144 2897 39 41 le
1205 2911 139 37 genre
1380 2898 52 40 de
1466 2902 208 50 musique
1699 2905 75 50 qui
1817 2914 89 31 met
1931 2906 39 40 le
1993 2910 147 39 mieux

123 2978 55 27 en
199 2965 158 40 valeur
380 2965 62 40 les
472 2965 192 52 qualités
700 2965 55 39 de
785 2964 258 41 l'orchestre
1074 2966 59 40 du
1155 2965 221 42 Nouveau
1411 2967 209 42 Théâtre.
1646 2969 120 43 C'est
1787 2987 85 26 une
1902 2977 241 41 excellente

123 3033 98 41 idée
253 3033 211 51 d'élargir
486 3033 63 41 les
573 3046 315 39 programmes
905 3034 54 40 de
981 3043 193 39 concert,
1197 3048 56 27 en
1275 3045 191 43 prenant
1496 3037 246 43 l'habitude
1778 3041 72 54 d'y
1870 3041 112 43 faire
1997 3055 148 31 entrer

124 3102 55 40 de
214 3102 101 52 plus
335 3115 54 27 en
412 3102 101 52 plus
547 3102 40 40 la
623 3102 172 50 grande
828 3104 209 51 musique
1059 3104 239 52 classique,
1326 3107 251 39 antérieure
1606 3111 23 36 à
1653 3107 188 44 Mozart.
1866 3112 51 54 Je
1938 3114 206 41 souhaite

127 3168 136 56 qu'on
287 3170 119 41 fasse
430 3175 22 35 à
475 3179 112 32 cette
607 3173 209 51 musique
835 3185 87 27 une
957 3172 125 52 place
1106 3174 203 52 toujours
1330 3175 101 52 plus
1452 3175 138 51 large.

181 3238 303 42 L'intermède
505 3241 333 51 symphonique
861 3241 54 40 de
933 3239 307 42 Notre-Dame
1260 3243 50 39 de
1333 3243 42 40 la
1394 3243 95 40 Mer
1495 3276 10 19 ,
1531 3259 80 38 par
1627 3245 83 41 Th.
1737 3246 190 54 Dubois,
1950 3253 196 51 rappelle

126 3323 61 26 un
207 3322 87 39 peu
331 3306 195 43 Gounod
559 3318 41 31 et
624 3307 152 52 Grieg.
798 3307 64 42 Le
903 3318 94 33 tout
1036 3318 66 33 est
1124 3311 54 40 de
1212 3314 126 38 venir
1362 3316 22 37 à
1421 3325 82 29 son
1536 3314 152 40 heure.
1728 3315 125 43 Celle
1885 3319 142 42 d'hier
2062 3321 84 41 m'a

128 3392 113 39 paru
265 3377 225 41 chaude...

183 3445 49 42 M
234 3444 40 25 lle
313 3446 279 52 Marguerite
630 3447 139 42 Revel
815 3462 22 26 a
879 3462 87 27 une
1004 3448 104 53 jolie
1140 3452 101 39 voix
1279 3449 182 54 fraîche,
1504 3453 75 51 qui
1616 3453 96 53 plut
1751 3453 233 58 beaucoup
2031 3459 112 41 dans

285 3527 38 31 R.
350 3526 45 32 M.

2045 3551 20 31 9

180 2430 22 38 7
214 2414 184 54 février.

1143 1141 242 44 CONCERTS
1427 1145 314 44 CHEVILLARD.
