2245 3690
533 166 193 29 LETTRES
761 156 205 37 INÉDITES
1001 162 55 27 DE
1091 162 68 27 FR.
1196 159 121 28 LISZT
1349 160 24 24 A
1406 157 172 28 ALFRED
1611 156 131 35 JAELL

118 170 74 32 114

115 272 113 28 vous
249 258 164 42 offrirai
438 273 59 26 un
520 256 267 52 exemplaire
810 255 208 52 imprimé
1042 252 54 40 de
1133 251 39 41 la
1195 250 217 53 partition
1430 247 59 40 du
1516 245 222 42 Concerto
1764 245 75 53 qui
1889 248 196 48 paraîtra
2109 249 21 36 à

112 328 179 53 Pâques
312 328 102 40 chez
442 325 256 51 Haslinger,
743 332 40 32 et
816 325 36 39 si
896 322 219 53 quelques
1152 327 150 33 autres
1339 317 54 40 de
1434 329 95 28 mes
1572 314 234 43 nouvelles
1849 312 204 41 horreurs
2091 322 41 33 et

113 393 322 44 monstruosités
458 395 267 39 réussissent
747 396 21 36 à
792 391 184 41 divertir
1010 398 125 33 votre
1172 393 111 46 goût
1312 386 97 53 déjà
1444 384 86 42 fort
1573 392 180 46 suspect
1772 383 55 41 de
1853 383 282 52 corruption,

114 478 112 28 vous
247 465 175 40 n'aurez
447 462 99 53 qu'à
567 461 63 41 les
654 470 159 32 mettre
844 460 113 41 dans
980 468 125 33 votre
1124 465 380 46 porte-manteau.

171 534 167 52 Depuis
360 547 25 36 4
418 532 222 39 semaines
658 531 38 51 je
710 531 93 40 suis
821 539 153 32 retenu
994 529 111 40 dans
1129 541 107 28 mon
1256 527 49 40 lit
1326 526 103 41 d'où
1448 526 38 52 je
1509 537 115 28 vous
1649 524 129 48 écris,
1805 536 83 38 par
1919 534 89 28 une
2036 534 66 27 ma-

119 604 114 40 ladie
254 602 74 51 qui
354 599 223 41 m'ennuie
599 599 255 51 davantage
877 612 85 39 que
986 598 38 40 le
1067 603 167 34 concert
1274 596 54 41 de
1360 596 213 51 critiques
1612 593 109 40 dont
1761 592 39 52 je
1834 592 95 40 suis
1969 590 11 40 1
1999 589 136 54 objet.

115 671 140 40 L'une
274 677 41 31 et
338 668 155 40 l'autre
517 681 52 27 ne
593 666 323 54 m'empêchent
937 672 138 46 guère
1099 666 54 40 de
1191 666 238 40 demeurer
1452 677 54 28 en
1539 675 124 28 assez
1709 661 117 40 belle
1860 659 197 41 humeur
2095 668 41 32 et

116 741 37 50 je
176 737 163 54 prends
362 738 123 38 aussi
510 735 101 41 bien
635 736 63 41 les
733 736 116 40 clous
871 736 53 40 de
945 749 94 27 mes
1068 734 172 55 jambes
1266 748 86 39 que
1369 734 63 40 les
1457 732 118 40 clous
1596 731 110 40 dont
1727 743 71 27 me
1839 728 204 51 régalent
2075 728 63 41 les

113 809 233 50 journaux,
380 818 54 27 en
477 804 150 42 bonne
653 808 217 50 patience.
893 804 123 42 Dans
1039 818 85 40 peu
1143 805 54 40 de
1219 806 122 51 jours
1366 803 39 40 le
1430 802 203 42 médecin
1659 812 71 28 me
1772 806 184 46 promet
1990 795 138 44 d'être

115 877 139 51 quitte
277 874 77 40 des
376 876 231 50 premiers,
633 883 41 32 et
694 875 63 40 les
790 883 148 32 autres
961 874 334 40 s'enfonceront
1320 872 183 40 ailleurs
1546 882 86 41 que
1669 868 114 41 dans
1822 881 71 27 ma
1917 880 132 40 peau.

170 943 145 42 Venez
336 942 117 41 donc
476 956 69 27 me
564 945 97 39 voir
680 942 188 51 bientôt,
896 957 106 26 mon
1025 943 106 40 cher
1153 942 131 55 Jaëll,
1310 954 115 40 pour
1446 940 38 41 le
1512 953 47 39 19
1576 947 41 32 et
1639 938 40 40 le
1702 952 45 26 21
1789 936 127 51 avril,
1960 937 36 39 si
2018 948 115 28 vous

117 1026 184 39 pouvez,
322 1019 42 33 et
383 1011 277 42 laissez-moi
682 1025 112 28 vous
814 1012 94 41 dire
928 1011 128 40 merci
1072 1020 41 32 et
1131 1019 96 33 tout
1251 1014 23 37 à
1290 1023 130 35 vous,

1735 1075 80 40 FR.
1841 1074 153 42 LISZT.

259 1163 43 36 31
345 1162 119 28 mars
492 1162 65 38 57,
588 1148 230 52 Weymar.

1099 1303 54 41 VI

175 1423 121 42 Vous
319 1428 90 36 êtes
432 1439 57 25 un
507 1423 167 42 faiseur
696 1424 52 40 de
771 1423 265 47 merveilles,
1056 1423 26 40 il
1107 1423 71 52 n'y
1195 1438 22 25 a
1242 1436 82 39 pas
1349 1427 21 36 à
1394 1436 54 27 en
1467 1422 174 48 douter,
1665 1434 107 28 mon
1805 1421 105 40 cher
1930 1420 131 56 Jaëll,
2097 1429 41 32 et

118 1494 38 51 je
177 1501 153 32 trouve
359 1496 143 37 même
526 1506 84 39 que
631 1506 112 27 vous
768 1492 108 41 allez
906 1493 223 39 crescendo
1169 1500 40 32 et
1230 1491 287 52 rinforzando
1540 1491 115 41 dans
1684 1491 40 40 la
1761 1493 209 50 pratique
1999 1490 54 40 de
2072 1498 66 32 cet

118 1569 65 32 art
203 1562 254 51 particulier
480 1574 84 39 que
583 1574 111 28 vous
710 1574 111 28 vous
837 1565 92 37 êtes
954 1562 239 51 approprié
1218 1560 7 40 !
1253 1560 257 51 Comment,
1536 1562 223 39 vraiment
1775 1573 113 28 vous
1910 1573 114 28 vous
2044 1563 93 36 êtes

116 1628 79 41 fait
218 1629 236 53 applaudir
475 1629 110 41 dans
609 1630 63 40 les
687 1628 209 41 Préludes
921 1634 15 35 ?
1038 1628 121 42 C'est
1184 1634 22 35 à
1225 1643 54 27 ne
1295 1643 80 39 pas
1396 1644 28 38 y
1441 1632 140 38 croire
1600 1629 114 40 dans
1737 1629 40 40 la
1799 1630 215 39 situation
2039 1633 75 48 pré-

118 1706 122 31 sente
261 1697 56 41 où
341 1698 29 39 il
390 1696 122 42 suffit
534 1698 53 40 de
605 1712 105 26 mon
733 1711 105 27 nom
862 1712 113 39 pour
994 1712 257 39 provoquer
1279 1698 40 40 la
1344 1712 109 36 rage
1486 1698 78 40 des
1599 1700 230 50 critiques,
1852 1698 287 40 déconcerter

120 1766 61 40 les
204 1766 290 50 indifférents,
517 1775 40 31 et
580 1766 172 41 donner
774 1767 78 40 des
887 1767 381 51 démangeaisons
1284 1767 54 40 de
1362 1766 137 41 siffler
1522 1771 22 36 à
1568 1766 91 42 bon
1681 1766 189 42 nombre
1891 1767 54 40 de
1975 1766 163 41 merles

119 1834 158 50 galeux
298 1836 75 50 qui
393 1848 46 27 se
463 1844 206 42 targuent
689 1835 52 40 de
762 1835 94 41 leur
877 1835 254 41 effronterie
1152 1835 7 39 !
1180 1834 73 43 On
1274 1837 121 39 vient
1418 1836 99 41 d'en
1533 1837 97 40 voir
1647 1851 60 25 un
1728 1834 185 42 édifiant
1936 1835 203 53 exemple

121 1906 22 35 à
167 1902 148 40 Berlin
334 1917 54 27 au
419 1903 190 41 Concert
638 1903 53 40 de
711 1903 174 51 Bulow,
908 1913 40 32 et
966 1918 113 27 nous
1104 1918 163 27 savons
1305 1909 21 36 à
1347 1907 104 50 quoi
1474 1919 115 27 nous
1606 1918 54 27 en
1685 1907 114 38 tenir
1816 1919 77 26 sur
1914 1905 38 40 le
1968 1905 93 40 zèle
2097 1913 41 32 et

118 1969 317 54 l'impartialité
456 1972 54 39 de
532 1985 70 27 ces
618 1972 250 53 pitoyables
891 1973 262 41 défenseurs
1175 1974 58 40 du
1255 1973 88 42 bon
1364 1979 111 45 goût
1497 1983 42 32 et
1556 1974 53 40 de
1636 1974 38 40 la
1710 1975 127 39 saine
1856 1974 204 41 doctrine
2083 1987 54 27 en

117 2037 21 42 f
151 2041 44 38 lit
219 2039 53 40 de
292 2042 221 51 musique.
540 2040 158 42 Bulow
719 2039 102 43 s'est
845 2042 182 40 conduit
1056 2042 390 41 valeureusement
1469 2056 54 26 en
1557 2042 63 40 les
1644 2044 192 39 invitant
1860 2047 23 36 à
1907 2056 47 27 se
1977 2051 160 32 mettre

119 2107 162 40 dehors
301 2124 7 33 ;
350 2121 54 28 en
439 2108 117 49 effet,
591 2107 152 54 qu'ont
787 2114 21 35 à
845 2110 197 40 démêler
1060 2110 54 40 de
1137 2111 210 52 pareilles
1370 2124 112 38 gens
1522 2124 107 28 avec
1651 2111 25 40 Y
1681 2110 122 41 Idéal
1823 2116 16 36 }
1859 2111 125 42 Pour
2004 2125 131 38 vous,

120 2189 104 27 mon
244 2176 104 40 cher
363 2176 128 55 Jaëll,
513 2178 274 41 laissez-moi
809 2192 113 27 vous
959 2181 235 39 remercier
1213 2185 88 36 très
1342 2180 313 40 amicalement
1689 2180 54 40 de
1764 2189 127 34 votre
1914 2180 91 42 bon
2029 2194 81 28 cou-

121 2257 105 38 rage
248 2253 41 31 et
313 2245 256 41 m'associer
597 2260 56 27 au
672 2247 156 52 plaisir
845 2248 54 40 de
921 2261 45 27 sa
988 2250 204 39 réussite.
1226 2248 203 42 Veuillez
1451 2251 119 38 aussi
1595 2249 54 40 de
1673 2263 71 27 ma
1782 2258 99 44 part
1903 2249 112 42 faire
2036 2258 101 33 tous

120 2312 63 40 les
202 2314 310 51 compliments
535 2316 74 50 qui
643 2317 257 40 reviennent
931 2321 22 35 à
978 2315 63 41 M.
1068 2316 113 42 Dax.
1204 2316 125 42 Dans
1359 2318 39 40 le
1434 2326 200 32 moment
1665 2319 158 48 actuel,
1851 2332 55 27 ne
1929 2333 81 39 pas
2027 2318 110 41 faire

119 2380 161 41 chorus
303 2396 104 26 avec
428 2396 106 27 ceux
557 2385 75 50 qui
650 2392 76 32 ont
744 2385 92 52 pris
860 2389 22 36 à
907 2385 125 40 tâche
1064 2385 234 42 d'étouffer
1319 2387 40 40 le
1383 2387 373 53 développement
1790 2401 86 40 que
1909 2389 94 40 doit
2027 2390 89 39 irré-

119 2449 295 42 sistiblement
434 2453 240 52 accomplir
686 2453 39 40 la
747 2453 226 54 Musique,
995 2464 66 33 est
1084 2469 86 28 une
1189 2470 165 39 preuve
1378 2457 54 41 de
1455 2463 222 35 caractère
1691 2472 87 38 que
1797 2472 227 39 personne
2036 2458 102 53 plus

121 2531 84 39 que
225 2520 88 39 moi
332 2533 53 26 ne
409 2523 167 38 saurait
601 2523 242 51 apprécier.

176 2584 219 55 Soyez-en
429 2589 236 52 persuadé,
689 2592 114 39 ainsi
825 2604 85 40 que
946 2592 77 41 des
1048 2596 265 39 sentiments
1337 2599 88 37 très
1446 2596 297 41 sincèrement
1762 2595 255 51 distingués
2051 2610 87 40 que

119 2667 111 28 vous
252 2655 139 50 garde

259 2722 136 42 Votre
416 2729 86 36 très
522 2724 266 42 affectionné

1757 2801 55 42 F.
1841 2801 151 41 LISZT.

286 2844 201 55 Leipzig,
516 2861 50 38 30
587 2849 170 53 janvier
783 2863 63 39 59.

175 2967 50 41 P.
254 2967 46 42 S.
397 2968 163 53 Quand
583 2984 112 28 vous
710 2985 252 40 repasserez
985 2973 113 41 dans
1122 2988 70 27 ces
1212 2980 217 47 contrées,
1451 2991 53 26 ne
1521 2992 221 39 manquez
1756 2992 81 39 pas
1861 2980 54 40 de
1929 2994 71 27 me
2024 2980 112 42 faire

121 3036 38 41 le
190 3037 155 52 plaisir
373 3038 52 41 de
458 3048 123 32 votre
602 3042 129 39 visite
755 3045 22 36 à
810 3041 294 53 l'Altenburg.
1133 3042 49 43 Si
1216 3058 81 39 par
1335 3045 164 41 hasard
1536 3046 91 41 cela
1662 3060 47 28 se
1745 3050 195 40 trouvait
1972 3064 101 28 vers
2098 3051 39 41 le

120 3107 22 37 8
167 3106 124 52 avril,
314 3107 29 39 il
365 3121 27 38 y
409 3109 143 40 aurait
572 3123 59 26 un
652 3108 192 43 Concert
866 3111 54 40 de
942 3110 123 42 Cour
1086 3112 200 53 possible
1307 3118 22 36 à
1354 3128 47 27 ce
1421 3124 216 32 moment.

1088 3282 76 42 VII

176 3405 129 42 Voilà
327 3408 75 52 qui
423 3420 45 28 se
487 3417 155 33 trouve
660 3424 114 39 pour
797 3411 38 40 le
858 3413 163 51 mieux,
1048 3427 106 27 mon
1173 3414 105 41 cher
1291 3415 129 55 Jaëll,
1441 3430 87 39 que
1542 3431 114 27 vous
1682 3432 131 40 soyez
1832 3432 165 28 revenu
2021 3420 114 41 dans

119 3487 80 29 nos
223 3489 190 39 parages
437 3491 103 26 avec
565 3478 62 41 les
660 3479 288 54 hirondelles,
994 3497 55 26 au
1085 3493 201 32 moment
1315 3491 72 46 où,
1430 3499 175 29 comme
1625 3488 39 53 je
1700 3488 40 40 le
1759 3488 190 41 désirais
1973 3488 161 53 depuis
