2245 3690
917 237 176 27 CLAUDE
1126 237 204 27 DEBUSSY

2136 266 0 0 111

166 338 229 54 Qu'est-ce
439 339 38 40 là
499 343 17 36 ?
557 339 118 41 Tout
715 339 287 53 simplement
1037 341 113 40 deux
1175 339 181 42 accords
1395 339 55 40 de
1474 340 235 39 neuvième
1749 339 256 46 enchaînés,
2035 343 101 50 puis

109 409 114 40 deux
245 417 165 32 autres.
430 407 93 40 Mai
544 408 39 40 le
604 407 59 40 mi
682 416 105 33 tenu
804 423 56 25 au
880 422 140 36 grave
1039 423 82 38 par
1152 409 63 41 les
1239 409 131 48 altos,
1403 416 40 33 et
1474 412 149 49 répété
1650 412 21 36 à
1690 407 137 52 l'aigu
1845 423 81 38 par
1948 409 63 40 les
2029 423 106 28 sons

107 477 295 40 immatériels
441 477 78 40 des
549 476 196 51 violons,
770 478 102 51 puis
911 475 145 42 confié
1081 492 83 26 aux
1187 478 179 41 violons
1387 477 135 52 seuls,
1543 477 150 42 donne
1718 482 20 36 à
1764 477 267 42 l'harmonie
2047 494 87 27 une

107 547 175 39 suavité
300 546 76 52 qui
390 545 249 52 enveloppe
663 543 132 42 l'âme
821 561 7 24 :
852 545 105 41 c'est
975 546 40 40 là
1034 561 61 25 un
1119 546 54 40 de
1192 560 71 27 ces
1283 549 194 39 instants
1500 546 164 49 divins,
1687 553 57 35 où
1766 547 248 41 s'évanouit
2040 557 93 33 tout

106 628 46 27 ce
178 616 76 50 qui
279 616 160 39 retient
461 613 376 42 habituellement
854 614 39 40 la
914 616 86 46 vie,
1029 621 57 34 où
1107 615 39 40 le
1170 624 140 32 secret
1327 616 53 40 de
1401 614 122 42 l'être
1549 617 215 39 intérieur
1787 620 202 49 apparaît
2009 616 121 41 enfin

107 698 107 26 sans
234 684 141 42 voiles
412 697 6 25 :
451 686 106 39 c'est
589 697 87 27 une
695 684 322 42 illumination.
1044 685 124 41 Pour
1187 699 54 27 ne
1273 699 81 39 pas
1378 686 176 41 oublier
1573 685 134 42 d'être
1729 687 204 52 pédants,
1961 699 143 28 remar-

108 767 148 39 quons
279 767 160 28 encore
461 767 84 40 que
569 767 47 26 ce
635 752 60 41 mi
702 786 6 14 ,
728 755 237 39 neuvième
989 767 56 28 ou
1070 756 216 51 septième
1309 756 113 39 dans
1445 755 39 40 le
1507 757 193 50 premier
1723 755 174 47 accord,
1920 757 132 38 tierce
2075 769 57 27 ou

107 832 154 32 octave
284 823 112 41 dans
420 823 38 40 le
482 823 180 46 second,
707 821 78 42 fait
829 823 203 40 attendre
1070 832 41 31 et
1134 823 171 41 désirer
1347 825 37 38 la
1430 824 208 40 descente
1667 824 78 39 des
1789 825 178 51 quintes
2005 825 54 40 de
2091 825 39 40 la

106 891 150 49 basse,
275 901 40 32 et
338 893 155 40 enlève
517 900 122 33 toute
657 893 255 52 équivoque
933 896 22 36 à
981 893 96 40 leur
1093 893 320 52 parallélisme.
1455 891 99 42 Une
1577 893 268 52 dialectique
1865 894 263 49 rigoureuse

106 970 106 43 peut
229 966 145 36 même
398 962 258 40 considérer
675 962 39 40 le
738 962 195 52 premier
952 962 175 51 accord,
1143 970 94 32 tout
1254 963 157 50 entier,
1425 974 174 27 comme
1619 974 87 26 une
1724 962 329 51 appoggiature
2069 962 59 40 du

105 1031 181 40 second.
322 1030 118 41 Mais
463 1044 85 40 peu
569 1033 194 51 importe
787 1031 40 41 le
846 1045 107 27 nom
980 1047 6 25 :
1014 1030 133 42 l'effet
1170 1032 154 48 existe,
1346 1031 29 39 il
1399 1039 65 32 est
1484 1030 253 46 saisissant,
1772 1038 41 32 et
1831 1029 170 41 semble
2033 1038 94 32 tout

106 1100 193 40 naturel.

160 1174 65 41 Le
240 1176 176 40 naturel
435 1174 7 39 !
479 1174 63 42 Ce
566 1185 92 32 mot
672 1190 71 26 me
768 1177 168 40 revient
957 1189 105 28 sans
1085 1189 123 27 cesse
1237 1180 23 36 à
1278 1175 184 53 l'esprit,
1486 1188 115 40 pour
1622 1175 290 40 caractériser
1934 1188 60 26 un
2014 1174 112 53 style

105 1246 76 50 qui
206 1244 172 42 semble
399 1249 22 37 à
442 1244 196 42 d'autres
662 1246 39 40 le
725 1245 176 42 comble
917 1246 58 41 du
990 1244 294 50 raffinement,
1303 1246 125 40 voire
1444 1245 54 39 de
1517 1244 40 40 la
1578 1245 258 52 perversité.
1856 1242 133 52 Mais,
2013 1244 112 40 ainsi

106 1327 86 39 que
213 1315 39 52 je
275 1315 39 40 le
334 1315 140 40 disais
494 1329 55 26 en
569 1324 327 42 commençant,
924 1315 102 40 c'est
1051 1315 38 40 le
1114 1315 173 40 naturel
1305 1318 146 37 même
1468 1315 76 52 qui
1564 1327 115 28 nous
1703 1313 219 53 surprend
1945 1314 153 52 aujour-

105 1382 139 42 d'hui.
261 1383 71 42 Un
355 1384 183 41 homme
558 1387 92 50 qui,
670 1385 112 40 dans
806 1398 87 27 une
911 1383 267 52 assemblée,
1192 1383 162 41 s'avise
1370 1383 53 40 de
1446 1383 94 40 dire
1565 1383 286 52 simplement
1875 1395 46 27 sa
1947 1383 153 40 convic-

106 1453 93 40 tion
230 1454 172 49 intime,
429 1454 152 51 risque
604 1453 85 41 fort
728 1453 54 40 de
808 1467 156 38 passer
983 1467 115 38 pour
1128 1467 61 26 un
1214 1451 93 49 fou,
1342 1465 57 27 ou
1434 1465 115 39 pour
1580 1467 59 24 un
1679 1450 135 41 subtil
1838 1452 201 49 ironiste,
2071 1463 56 28 ou

104 1534 115 38 pour
235 1536 59 25 un
311 1522 247 51 diplomate
573 1521 151 41 habile
747 1536 83 26 aux
842 1522 372 40 sous-entendus.
1228 1520 63 41 La
1311 1524 144 37 même
1469 1521 135 40 chose
1618 1522 143 38 arrive
1782 1524 20 35 à
1820 1519 60 40 M.
1898 1519 222 52 Debussy.

105 1587 71 42 On
197 1602 56 28 ne
267 1590 39 39 le
323 1590 243 52 comprend
590 1592 125 50 point
736 1590 204 49 d'abord,
977 1604 132 38 parce
1142 1603 86 39 que
1248 1603 47 27 sa
1319 1590 209 52 musique
1546 1602 114 27 nous
1678 1597 253 44 transporte
1954 1588 92 40 loin
2070 1588 53 40 de

103 1670 82 28 nos
207 1658 143 48 villes,
375 1658 54 41 de
449 1672 82 27 nos
549 1661 217 48 maisons,
795 1659 54 40 de
870 1672 81 27 nos
975 1657 236 42 chambres
1231 1657 206 50 fermées,
1457 1671 54 27 en
1529 1658 77 40 des
1628 1656 176 41 vallons
1827 1669 222 38 sauvages
2069 1662 57 34 où

103 1740 45 27 se
169 1736 204 44 pressent
390 1728 63 40 les
472 1728 151 48 fleurs,
642 1735 58 33 où
715 1728 63 40 les
795 1727 130 41 folles
943 1728 142 40 lianes
1105 1727 242 41 s'enlacent
1372 1742 83 26 aux
1476 1736 149 31 troncs
1648 1726 78 40 des
1746 1725 169 48 arbres,
1931 1732 56 34 où
2001 1726 122 40 flotte

102 1811 60 25 un
185 1797 120 41 riche
322 1806 41 33 et
386 1796 107 42 frais
513 1797 180 54 parfum
713 1797 197 53 d'ajoncs
946 1797 271 41 ensoleillés.
1253 1795 64 42 Là
1357 1796 162 41 circule
1542 1804 180 44 partout
1745 1808 87 27 une
1848 1796 130 52 jeune
2001 1800 117 42 sève,

103 1866 38 39 là
169 1880 47 27 se
240 1867 94 40 lève
357 1867 54 40 de
434 1875 146 33 toutes
604 1875 123 45 parts
760 1880 88 27 une
874 1867 70 40 vie
987 1866 183 41 ardente
1204 1874 41 33 et
1281 1879 125 40 pure,
1441 1865 109 41 dont
1579 1877 115 28 nous
1728 1866 157 39 avions
1909 1863 139 53 perdu
2083 1863 38 40 le

102 1938 227 47 souvenir,
349 1936 40 40 là
407 1950 115 28 nous
555 1945 267 32 retrouvons
844 1949 83 27 nos
960 1936 266 40 sentiments
1261 1935 249 52 dépouillés
1547 1935 53 40 de
1637 1942 95 32 tout
1758 1933 157 48 calcul,
1940 1937 21 35 à
1996 1929 118 43 l'état

101 2005 54 41 de
197 2008 134 48 grâce
369 2006 251 50 originelle.
646 2005 56 42 Et
743 2006 89 40 l'on
858 2018 69 27 me
966 2005 95 40 dira
1095 2018 106 27 sans
1243 2004 135 41 doute
1403 2017 86 39 que
1520 2001 196 42 d'autres
1740 2003 233 51 musiques
2007 2014 114 27 nous

102 2083 305 44 transportent
442 2077 148 39 moins
634 2075 92 41 loin
761 2075 54 40 de
842 2074 251 41 l'existence
1126 2074 148 49 réelle,
1309 2082 41 32 et
1385 2087 80 39 par
1497 2072 41 40 là
1572 2079 193 46 peuvent
1800 2084 116 27 nous
1951 2070 172 40 donner

103 2144 101 52 plus
232 2144 54 40 de
309 2157 194 39 courage
547 2149 22 36 à
604 2145 11 40 1
634 2143 228 42 affronter.
890 2142 118 42 Sans
1044 2143 150 41 doute.
1227 2142 119 41 Mais
1378 2151 101 32 tous
1512 2155 106 27 ceux
1640 2142 74 52 qui
1751 2142 168 39 croient
1957 2153 86 39 que
2082 2140 39 40 le

103 2213 205 41 meilleur
339 2214 53 40 de
428 2213 39 41 la
497 2215 71 40 vie
609 2222 65 32 est
712 2227 162 27 encore
897 2226 46 27 ce
987 2211 136 54 qu'on
1158 2226 54 27 en
1235 2216 102 37 rêve
1359 2213 118 40 iront
1501 2218 190 34 souvent
1717 2223 46 28 se
1787 2210 221 40 recueillir
2037 2223 83 27 aux

101 2283 170 52 jardins
294 2283 54 40 de
368 2283 230 41 Fantaisie
620 2283 110 41 dont
747 2281 62 42 M.
832 2281 209 54 Debussy
1070 2297 22 26 a
1117 2286 207 37 retrouvé
1347 2281 39 41 le
1406 2281 195 40 chemin.

1561 2380 146 41 LOUIS
1724 2379 169 41 LALOY.

157 2544 62 40 La
245 2544 154 42 Revue
421 2546 217 39 musicale
658 2559 238 26 commence
912 2543 294 54 aujourd'hui,
1232 2545 108 40 dans
1361 2559 78 26 son
1458 2543 311 55 Supplément,
1790 2545 40 40 la
1852 2545 264 55 publication

101 2613 125 39 Lune
249 2628 139 26 œuvre
409 2614 158 40 inédite
586 2615 50 38 de
655 2612 63 41 M.
741 2612 66 41 Cl.
833 2611 192 56 Debussy
1051 2629 7 25 :
1083 2613 273 54 Printemps,
1378 2613 122 41 Suite
1517 2622 113 47 pour
1649 2613 210 41 orchestre
1894 2620 37 33 et
1954 2613 162 40 chœurs

98 2678 261 53 (l'orchestre
389 2683 139 40 réduit
548 2691 111 47 pour
678 2682 134 55 piano
836 2686 182 51 àquatre
1041 2683 170 52 mains).
1237 2682 58 41 Ce
1322 2683 157 40 second
1496 2682 127 41 envoi
1637 2683 50 40 de
1704 2682 136 41 Rome
1864 2681 161 56 (1887),
2056 2697 58 26 un

865 2740 7 9 /

92 2758 82 47 peu
198 2751 215 41 antérieur
435 2752 80 40 àla
536 2752 277 41 Damoiselle
847 2751 128 50 Elue,
1019 2752 150 49 révèle,
1195 2766 98 26 avec
1328 2767 81 25 une
1427 2755 153 53 pensée
1607 2752 96 54 déjà
1729 2756 214 36 maîtresse
1966 2752 120 40 d'elle-

95 2822 146 48 même,
268 2836 56 25 un
348 2820 168 42 entrain
528 2820 212 55 juvénile,
765 2836 83 25 une
853 2820 95 55 joie
982 2825 124 37 naïve
1145 2821 51 39 de
1214 2820 115 42 vivre
1351 2827 37 34 et
1407 2822 50 39 de
1479 2820 148 52 sentir,
1651 2820 74 56 qui
1743 2821 150 55 depuis
1921 2827 75 34 ont
2022 2821 87 52 fait

91 2889 122 55 place
237 2893 23 37 à
282 2891 72 39 des
371 2890 247 41 sentiments
629 2890 98 56 plus
746 2890 230 56 profonds.
996 2889 194 42 L'œuvre
1224 2897 58 33 est
1305 2891 56 39 du
1395 2890 100 56 plus
1535 2890 147 55 grand
1719 2890 151 40 intérêt
1895 2898 112 47 pour
2041 2890 73 55 qui

95 2961 140 51 prend
237 2959 158 55 plaisir
411 2963 23 36 à
454 2959 140 42 suivre
617 2959 41 40 la
680 2959 242 52 formation
935 2959 127 41 d'une
1077 2959 311 55 personnalité,
1404 2966 54 45 et,
1472 2959 51 40 de
1533 2959 113 55 plus,
1665 2959 78 40 elle
1759 2965 58 34 est
1846 2958 260 41 charmante.
