2682 4026
532 3205 73 39 150

466 606 128 38 feeble
625 607 174 48 apology
828 608 63 36 for
920 608 72 37 the
1022 609 243 38 seriousness
1297 611 41 36 of
1355 611 72 37 the
1456 611 100 38 talk.
1655 615 107 35 Does
1795 613 51 37 all
1886 614 82 38 this
1999 614 96 38 bore
2126 627 82 34 you
2225 616 14 37 ?

467 670 50 36 he
536 670 123 37 asked
677 671 81 37 and
778 684 22 24 a
818 672 94 36 chill
929 685 73 24 ran
1020 685 96 25 over
1133 673 70 37 her
1220 673 121 46 body.
1397 673 79 40 She
1503 675 118 37 made
1640 689 23 23 a
1680 680 159 43 gesture
1865 678 99 35 with
1982 679 70 37 her
2072 680 110 37 hand
2208 680 80 37 and

467 733 145 36 looked
630 746 127 34 away,
782 734 80 37 and
884 747 43 25 as
948 748 98 25 soon
1068 748 44 25 as
1132 736 100 46 they
1253 736 80 37 had
1355 738 159 36 arrived
1536 741 43 33 at
1600 738 70 37 her
1690 738 168 39 father's
1880 741 123 38 house
2024 743 71 37 she
2116 743 172 38 excused

468 796 144 37 herself
634 796 81 37 and
742 802 107 32 went
877 810 55 36 up
960 799 131 37 stairs.

569 858 85 38 The
676 863 81 33 two
780 872 93 25 men
896 861 218 37 continued
1136 861 158 49 talking
1315 863 63 36 for
1401 876 23 24 a
1446 863 94 48 long
1561 864 100 37 time
1684 865 81 36 and
1787 866 70 37 she
1877 867 219 38 undressed
2119 868 80 37 and
2222 868 68 46 lay

466 921 42 36 in
529 922 199 37 bed'with
747 923 71 37 her
839 923 99 37 door
959 936 103 36 open
1082 937 44 25 so
1148 926 70 36 she
1240 926 118 36 could
1379 926 96 37 hear
1494 927 71 37 the
1585 928 145 37 voices.
1786 929 124 37 What
1933 942 51 24 an
2005 931 171 47 evening
2197 931 92 36 that

467 985 81 36 had
575 985 101 37 been
703 986 62 37 for
791 987 70 36 her
880 988 6 36 !
943 990 85 35 Her
1054 988 145 44 father,
1228 988 160 47 usually
1416 1002 23 23 a
1465 990 137 37 rather
1628 992 157 46 prosaic
1804 1004 107 32 man,
1932 1006 83 24 was
2030 994 160 36 excited
2210 994 80 36 and

466 1048 139 37 talked
628 1049 88 36 well
740 1049 81 37 and
846 1050 69 37 she
938 1051 177 47 thought
1138 1051 71 39 the
1232 1064 223 25 newcomer
1477 1053 71 36 the
1572 1057 108 33 most
1703 1054 223 37 wonderful
1949 1056 120 47 being
2091 1057 94 36 that
2208 1056 77 37 had

467 1124 93 24 ever
581 1124 111 24 come
712 1112 88 36 into
821 1113 71 36 her
912 1114 310 38 consciousness.
1278 1115 76 37 His
1368 1119 139 43 strong
1522 1115 145 46 boyish
1681 1117 114 37 voice
1809 1129 72 25 ran
1902 1130 55 36 up
1978 1119 71 36 the
2069 1119 120 38 stairs
2211 1119 80 36 and

466 1174 176 47 through
666 1175 70 37 the
761 1175 102 38 halls
887 1176 41 36 of
952 1176 71 37 the
1047 1176 125 38 house
1197 1177 81 36 and
1302 1178 70 36 she
1396 1181 65 33 sat
1485 1190 55 36 up
1564 1178 43 36 in
1631 1178 79 38 bed
1735 1180 81 36 and
1839 1180 183 44 listened,
2059 1182 70 36 her
2164 1181 126 37 whole

466 1237 119 47 being
602 1238 206 48 strangely
826 1239 115 37 alive.
996 1239 86 37 The
1099 1240 114 37 voice
1231 1241 81 36 had
1331 1240 153 37 carried
1501 1241 72 36 her
1590 1246 73 32 out
1681 1242 41 36 of
1740 1243 145 38 herself
1904 1244 80 37 and
2002 1244 87 37 into
2107 1245 71 36 the
2194 1244 97 37 land

467 1300 41 36 of
531 1300 149 38 Galilee
702 1301 50 37 he
774 1301 81 37 had
879 1301 207 39 described
1107 1315 45 25 so
1173 1303 170 46 vividly,
1369 1303 81 37 and
1472 1305 70 36 she
1564 1305 120 36 stood
1705 1306 42 35 in
1770 1319 24 24 a
1815 1312 94 32 vast
1931 1307 133 37 crowd
2086 1308 42 36 of
2149 1308 142 47 people

465 1363 189 48 listening
675 1368 45 33 to
745 1365 170 36 another
938 1369 183 44 stranger
1145 1366 42 36 of
1209 1366 133 47 thirty
1364 1367 91 37 who
1479 1368 82 36 had
1583 1368 201 47 suddenly
1807 1382 112 25 come
1944 1375 72 32 out
2048 1371 41 36 of
2123 1371 169 36 another

466 1427 112 47 place
628 1427 80 36 and
760 1439 81 26 was
889 1428 169 47 talking.
1113 1428 36 37 A
1199 1429 146 47 phrase
1393 1432 274 37 remembered
1710 1432 106 37 from
1860 1434 71 36 her
1976 1434 108 36 bible
2128 1433 165 48 reading

467 1502 72 24 ran
560 1490 178 47 through
759 1491 71 37 her
851 1491 113 36 mind
987 1491 81 37 and
1089 1492 71 36 she
1183 1493 191 47 repeated
1395 1493 33 36 it
1451 1493 132 38 aloud.
1639 1495 79 38 She
1740 1495 176 43 became,
1942 1500 71 32 not
2037 1496 145 37 herself
2216 1496 76 37 but

467 1565 24 24 a
517 1557 162 43 strange
705 1566 160 24 woman
891 1554 42 36 in
961 1567 23 23 a
1010 1558 164 44 strange
1200 1555 107 37 land.
1409 1556 163 38 Blessed
1599 1557 50 37 be
1675 1558 71 36 the
1773 1559 132 36 womb
1933 1559 93 36 that
2053 1559 96 37 bare
2183 1557 109 38 Thee

468 1616 80 36 and
578 1616 71 37 the
679 1616 158 38 breasts
875 1617 94 37 that
1007 1616 119 38 Thou
1164 1618 94 37 hast
1297 1618 151 38 sucked
1550 1620 70 37 she
1659 1620 203 48 imagined
1902 1622 146 37 herself
2086 1622 204 47 shouting,

467 1679 112 47 quite
607 1679 154 37 carried
789 1692 126 34 away.

567 1805 81 39 She
669 1818 83 25 saw
773 1806 86 37 him
879 1807 63 36 for
962 1808 71 36 the
1056 1808 148 36 second
1226 1808 100 37 time
1347 1811 81 34 two
1451 1809 131 38 weeks
1605 1809 104 37 after
1730 1810 94 37 that
1846 1811 87 37 first
1956 1811 177 48 meeting
2156 1811 81 37 and
2259 1811 34 37 it

466 1881 82 26 was
569 1872 163 45 strange
755 1869 81 37 and
858 1870 83 37 also
964 1870 73 38 sad
1058 1874 45 33 to
1124 1870 123 37 think
1267 1870 94 37 that
1380 1870 144 49 dnring
1545 1872 94 37 that
1661 1873 148 37 second
1832 1874 177 47 meeting
2030 1874 50 37 he
2103 1886 112 25 came
2238 1874 55 37 off

466 1933 62 37 his
555 1932 183 48 pedestal
764 1933 101 37 with
893 1946 23 24 a
943 1934 160 48 thump.

567 1997 65 35 He
659 1999 125 33 wrote
809 1996 70 37 her
905 2009 24 23 a
953 2000 98 34 note
1077 1996 80 37 and
1184 1997 124 37 asked
1333 1998 71 36 her
1427 2001 45 33 to
1498 2010 50 35 go
1573 1999 101 37 with
1698 1999 85 36 him
1808 2003 44 33 to
1879 2012 24 24 a
1929 2004 162 33 concert
2117 1999 80 37 and
2223 2000 70 37 she

465 2072 81 25 was
571 2059 146 38 stirred
743 2063 43 34 at
811 2061 71 36 the
906 2060 178 48 thought
1110 2060 42 37 of
1176 2061 143 48 sitting
1345 2060 104 38 close
1474 2061 137 37 beside
1636 2062 86 36 him
1748 2062 53 36 all
1825 2062 171 47 evening
2023 2062 80 37 and
2128 2063 165 46 hearing

466 2123 139 37 music.
663 2123 143 37 Before
829 2124 72 37 the
920 2124 171 48 evening
1115 2136 113 25 came
1251 2124 70 37 she
1344 2128 109 33 went
1477 2124 127 38 about
1628 2125 72 36 her
1722 2125 169 38 father's
1915 2126 136 44 house,
2080 2126 213 47 attending

466 2190 44 33 to
533 2187 71 36 the
628 2187 223 37 household
875 2187 147 44 affairs,
1048 2187 101 37 with
1181 2188 71 36 her
1275 2187 113 37 mind
1412 2187 169 48 floating
1604 2201 127 33 away,
1758 2192 73 33 out
1855 2189 41 35 of
1921 2189 70 36 her
2023 2188 111 46 body
2156 2189 89 36 into
2270 2202 23 23 a

466 2249 96 37 land
590 2250 42 36 of
658 2250 187 47 spiritual
873 2250 236 38 adventure.
1165 2251 131 37 When
1323 2251 71 37 her
1420 2251 135 37 father
1581 2251 126 48 spoke
1733 2255 45 33 to
1806 2251 71 37 her
1905 2255 43 33 at
1976 2251 111 38 table
2114 2252 71 37 she
2211 2265 82 25 was

467 2312 193 38 confused
697 2312 81 37 and
813 2314 71 36 her
920 2314 144 37 cheeks
1099 2326 105 35 grew
1239 2314 81 37 red.
1419 2314 161 38 What's
1622 2315 71 36 the
1733 2318 151 34 matter
1918 2315 102 37 with
2244 2316 49 36 he

468 2375 123 39 asked
615 2376 203 48 laughing.
918 2377 159 38 You've
1102 2377 134 48 begun
1263 2377 137 48 acting
1428 2377 79 37 like
1535 2390 23 23 a
1594 2378 137 37 school
1757 2378 86 47 girl.
1898 2378 160 38 What's
2079 2378 214 47 happened

467 2443 45 33 to

569 2502 118 38 After
710 2503 52 36 all
785 2504 70 36 she
879 2516 81 25 was
984 2507 73 33 not
1080 2516 101 34 very
1204 2516 137 36 young
1365 2504 81 36 and
1468 2504 72 36 the
1564 2516 88 25 new
1675 2516 96 25 man
1794 2516 83 26 was
1900 2508 73 33 not
1997 2505 71 36 the
2091 2505 89 36 first
2203 2504 90 37 who

468 2565 82 37 had
590 2565 101 37 been
713 2566 203 37 attracted
936 2570 44 33 to
1001 2567 83 37 her.
1126 2566 178 47 Already
1322 2570 82 33 two
1434 2579 92 25 men
1556 2567 42 36 of
1626 2567 71 36 the
1717 2571 112 32 town
1858 2566 82 37 had
1980 2567 123 37 asked
2136 2568 71 36 her
2249 2571 44 33 to

468 2641 137 33 marry
619 2628 207 37 them-but
836 2629 70 37 she
916 2629 81 37 had
1007 2642 123 25 never
1140 2630 136 37 before
1290 2634 71 43 got
1374 2630 88 37 into
1477 2631 99 36 such
1591 2643 23 24 a
1628 2634 163 43 strange
1811 2629 162 37 exalted
2000 2633 119 34 state.
2220 2632 49 35 Be-

467 2695 132 33 tween
619 2691 87 36 him
727 2691 81 36 and
829 2692 144 45 myself
993 2692 33 37 it
1046 2692 81 37 will
1147 2692 50 38 be
1219 2692 199 38 different.
1474 2695 73 36 We
1568 2693 81 37 will
1669 2706 50 34 go
1742 2693 119 47 along
1882 2705 23 24 a
1924 2705 87 24 new
2033 2693 98 37 road
2161 2693 87 37 into
2270 2706 23 24 a

467 2758 164 43 strange
655 2754 201 37 beautiful
880 2754 124 48 place,
1077 2756 70 36 she
1166 2756 224 47 whispered
1414 2760 44 33 to
1483 2756 157 38 herself.
1696 2756 79 39 She
1799 2756 83 36 had
1906 2768 52 24 no
1983 2756 107 48 plan.
2147 2759 41 35 It
2211 2770 82 24 was

466 2817 172 48 enough,
661 2817 71 37 she
752 2817 189 48 thought,
963 2818 94 37 that
1077 2819 70 36 the
1167 2831 89 24 new
1275 2831 96 24 man
1392 2819 82 36 had
1494 2831 114 24 come
1627 2823 44 32 to
1691 2823 124 40 town,
1837 2819 94 36 that
1951 2819 71 37 she
2043 2819 118 37 could
2182 2832 89 25 occa-

466 2881 172 45 sionally
661 2881 54 37 sit
732 2881 44 37 in
799 2881 146 37 silence
968 2881 136 38 beside
1127 2882 97 44 him,
1245 2882 94 36 that
1362 2882 71 37 she
1458 2881 118 37 could
1599 2882 97 36 hear
1719 2882 63 37 his
1804 2881 125 44 voice,
1964 2883 94 36 that
2081 2883 69 37 she
2175 2883 118 37 could

467 2957 112 25 come
606 2944 88 37 into
722 2944 71 37 the
817 2956 189 36 presence
1030 2945 41 36 of
1094 2945 62 37 his
1180 2945 113 36 mind
1318 2949 43 32 at
1384 2945 112 36 work
1519 2945 165 47 making
1707 2944 200 38 beautiful
1934 2945 161 48 images.

672 3007 34 38 is
727 3007 113 48 quite
859 3011 102 34 true.
1016 3006 129 39 There
1164 3008 33 37 is
1218 3020 24 24 a
1261 3007 166 49 religion
1446 3007 41 38 of
1506 3008 71 37 the
1596 3008 199 37 beautiful
1875 3008 71 38 she
1965 3009 187 48 thought.
2209 3012 84 34 Her

467 3071 171 43 mother,
661 3070 91 37 who
774 3070 82 38 had
877 3071 94 37 died
992 3071 116 37 when
1129 3071 70 38 she
1221 3083 82 26 was
1320 3070 152 46 fifteen,
1496 3071 82 37 had
1599 3071 103 38 been
1722 3084 24 25 a
1768 3071 153 39 devout
1942 3073 151 36 church
2114 3073 179 38 member
