2682 4026
545 3081 72 37 168

486 500 79 39 She
587 511 100 35 gave
710 510 24 24 a
755 496 97 37 loud
875 506 69 34 cry
968 493 81 37 and
1072 491 167 38 fainted.
1293 490 80 39 She
1394 488 146 38 herself
1560 487 81 38 had
1664 491 74 33 not
1760 487 146 37 known
1938 485 134 39 before
2100 485 110 37 what
2235 484 70 36 she

489 563 73 37 felt
578 562 61 36 for
654 562 71 36 the
740 560 93 45 boy.
888 560 42 35 It
945 568 82 25 was
1044 555 94 46 only
1153 554 115 37 when
1284 553 50 37 he
1349 552 81 37 had
1445 551 88 37 told
1549 551 71 36 her
1633 551 95 36 that
1743 550 50 36 he
1820 561 81 25 was
1916 553 44 33 to
1976 560 136 34 marry
2136 548 169 36 another

484 637 160 26 woman
656 624 94 37 that
762 623 70 37 she
848 619 168 39 realized
1030 619 71 37 the
1116 618 90 36 love
1220 616 93 37 that
1324 627 82 25 was
1420 615 43 36 in
1477 615 70 36 her
1560 614 128 37 heart.
1745 615 81 35 Yet
1844 612 33 37 it
1893 611 70 38 did
1976 614 73 34 not
2068 622 116 25 come
2203 610 102 37 clear

486 692 45 33 to
553 687 81 37 her.
689 689 42 34 It
753 684 70 38 did
844 687 73 33 not
939 684 161 46 happen
1121 680 43 37 in
1185 680 71 37 the
1279 678 110 48 guise
1411 678 42 37 of
1474 677 73 38 sin.
1602 676 80 40 She
1705 676 96 46 only
1822 675 73 37 felt
1916 675 85 36 like
2022 685 76 25 one
2120 673 90 37 who
2234 673 73 38 has

486 749 195 50 prepared
698 750 71 36 the
787 748 92 37 best
897 745 107 44 food,
1025 743 143 39 served
1185 743 34 36 it
1239 746 43 33 at
1300 742 71 37 the
1388 740 122 44 table,
1532 739 81 38 and
1630 751 84 26 was
1733 738 216 38 forbidden
1965 741 45 33 to
2029 739 71 34 eat
2117 736 35 37 it
2175 758 40 4 —
2237 739 70 43 yet

486 813 81 37 had
593 816 44 33 to
664 811 135 38 watch
824 810 71 37 the
923 809 135 36 others
1086 810 67 34 eat
1180 805 111 37 what
1317 805 70 37 she
1414 803 81 37 had
1522 802 207 49 prepared.

632 875 80 38 For
727 875 115 36 three
860 873 100 46 days
978 870 80 38 and
1074 870 114 37 three
1214 868 138 47 nights
1378 867 70 38 she
1472 878 82 26 was
1580 865 276 37 unconscious.
1922 863 94 38 And
2032 864 71 37 her
2121 860 186 40 husband

489 938 143 48 sitting
651 941 43 33 at
714 938 71 36 her
804 935 164 38 bedside
988 932 118 39 could
1125 935 73 34 not
1216 931 129 47 string
1362 929 186 48 together
1566 928 71 37 the
1669 927 131 37 words
1819 927 70 38 she
1909 926 87 39 said
2014 925 117 39 while
2149 925 43 38 in
2211 924 95 48 high

489 1002 121 37 fever.
661 1000 85 37 The
760 999 134 47 Hojea
908 1009 81 25 was
1005 995 138 38 called.
1182 996 66 36 He
1261 1005 101 36 gave
1376 993 72 36 her
1462 992 137 37 drinks
1615 991 42 37 of
1671 990 133 38 boiled
1838 990 119 38 herbs
1972 988 81 38 and
2067 992 121 34 roots.
2224 988 83 36 But

487 1065 99 46 they
605 1063 144 49 helped
769 1066 85 33 not.
908 1060 125 44 Then,
1056 1058 110 47 early
1187 1070 52 24 on
1256 1057 71 37 the
1346 1056 143 37 fourth
1508 1054 82 47 day
1608 1054 146 37 Nazim
1775 1052 163 39 entered
1957 1052 72 38 the
2047 1052 89 37 hut.
2182 1049 100 41 Send-

487 1141 42 25 er
557 1126 165 38 allowed
751 1126 86 36 him
854 1128 45 33 to
918 1136 49 35 go
986 1127 44 32 to
1049 1122 70 37 her
1137 1119 182 40 bed-side
1338 1131 101 26 even
1455 1118 118 37 while
1597 1118 70 36 her
1693 1117 89 36 face
1810 1128 83 25 was
1928 1113 237 40 uncovered.
2229 1113 78 37 For

488 1192 50 36 he
559 1190 176 47 thought
758 1187 171 47 nothing
952 1186 41 37 of
1014 1185 157 36 Nazim.
1226 1185 41 34 It
1289 1194 82 25 was
1397 1193 43 26 as
1462 1181 31 37 if
1515 1181 145 37 Nazim
1681 1192 83 26 was
1787 1183 73 33 not
1884 1191 23 25 a
1938 1190 96 25 man
2057 1181 43 33 at
2124 1176 64 38 all.
2243 1177 64 36 He

487 1265 82 26 was
594 1265 43 25 so
664 1251 182 38 childish.
900 1251 42 35 It
967 1260 82 26 was
1073 1247 71 37 the
1168 1246 88 38 first
1276 1246 99 36 time
1394 1244 146 37 Nazim
1564 1243 82 37 had
1671 1255 93 25 seen
1790 1241 138 38 Hazi's
1953 1240 98 38 face.
2107 1239 95 38 Pale
2227 1237 80 38 and

487 1315 174 39 feverish
679 1326 44 26 as
739 1314 35 37 it
790 1325 82 25 was
889 1312 34 37 it
954 1323 82 25 was
1053 1322 109 25 more
1180 1308 201 38 beautiful
1397 1308 103 37 than
1525 1306 194 38 Fatma's.
1745 1305 95 38 And
1858 1305 56 46 by
1930 1304 93 37 that
2040 1303 100 37 time
2157 1303 50 36 he
2225 1301 82 37 also

487 1377 246 40 understood
759 1377 95 45 why
879 1374 181 41 Senders'
1088 1373 92 36 wife
1204 1371 82 38 had
1309 1370 199 39 swooned.
1567 1371 83 36 But
1676 1369 146 37 Nazim
1844 1380 82 25 was
1953 1380 23 24 a
1999 1369 176 44 Kurguz.
2229 1364 79 39 She

484 1454 82 26 was
593 1441 169 38 another
789 1439 130 36 man's
945 1437 103 37 wife.

591 1506 9 13 '
617 1503 116 44 Hazi,
753 1502 9 14 '
790 1502 71 37 the
879 1501 82 46 boy
979 1500 124 48 spoke
1122 1510 44 26 as
1183 1498 51 37 he
1252 1501 64 35 sat
1340 1496 118 38 down
1476 1508 96 25 near
1589 1496 71 37 the
1677 1494 91 45 bed,
1809 1495 7 13 '
1835 1496 20 35 I
1882 1493 155 43 Nazim,
2066 1493 104 36 have
2197 1503 112 24 come

486 1573 45 33 to
555 1580 64 26 see
642 1580 94 34 you.
757 1566 9 15 '
820 1564 106 38 Hazi
950 1562 154 50 opened
1128 1562 71 37 her
1223 1573 92 34 eyes
1350 1560 81 37 and
1463 1559 145 38 looked
1638 1563 43 34 at
1705 1559 96 36 him.
1856 1557 114 38 Then
1993 1554 316 47 understanding

486 1644 112 25 came
615 1634 46 33 to
679 1630 71 37 her
769 1628 81 38 and
868 1628 70 37 she
956 1625 142 40 smiled
1117 1637 44 25 as
1179 1625 71 37 she
1268 1623 89 38 said
1374 1635 7 25 :

590 1695 68 36 'It
678 1693 34 38 is
730 1692 88 37 weM
839 1703 83 35 you
943 1689 80 38 did.
1079 1691 21 35 I
1121 1687 148 38 waited
1289 1687 63 37 for
1372 1698 93 35 you.
1521 1688 21 36 I
1563 1684 145 40 should
1738 1685 105 37 have
1865 1682 92 38 died
1978 1682 32 37 if
2030 1693 83 35 you
2133 1680 82 39 had
2236 1684 72 33 not

486 1769 124 26 come.
667 1758 83 35 But
768 1767 102 32 now,
896 1756 21 35 I
941 1752 103 39 shall
1076 1752 50 37 be
1151 1750 88 37 well
1273 1749 129 48 again.
1458 1748 94 39 And
1575 1748 117 37 when
1716 1759 84 35 you
1823 1758 135 34 marry
1984 1745 147 37 Fatma
2163 1746 21 35 I
2209 1743 100 38 shall

486 1821 127 37 dance
644 1832 71 33 my
731 1819 102 43 best,
853 1817 31 37 if
914 1817 34 37 it
979 1828 44 26 so
1054 1815 133 48 please
1218 1825 93 35 you.
1331 1813 9 13 '

635 1884 42 36 It
698 1894 82 25 was
803 1881 95 46 only
918 1880 100 37 then
1035 1879 94 36 that
1150 1876 151 40 Sender
1319 1874 125 38 heard
1464 1874 128 38 about
1609 1872 182 38 Nazim's
1813 1872 173 49 promise
2004 1874 44 34 to
2063 1870 147 37 Fatma
2229 1869 80 38 and

486 1943 50 42 he
553 1944 214 39 wondered
783 1943 94 38 that
894 1955 46 25 so
956 1940 201 48 beautifuj
1176 1952 23 24 a
1216 1938 73 49 girl
1307 1937 144 39 should
1468 1941 111 33 want
1595 1940 46 34 to
1660 1948 136 33 marry
1813 1947 44 26 so
1881 1933 139 49 stupid
2039 1946 23 24 a
2079 1933 94 46 boy.
2228 1935 81 34 Yet

486 2022 100 34 very
604 2020 100 26 soon
723 2008 50 36 he
792 2010 70 33 too
881 2006 79 36 like
972 2004 70 37 the
1058 2003 134 37 others
1204 2001 163 38 learned
1383 2001 127 37 about
1523 1999 180 38 Nazim's
1716 1997 223 38 wonderful
1954 1996 221 47 unfolding.
2216 1995 92 37 And

489 2084 122 34 every
629 2083 76 25 one
724 2070 123 48 spoke
867 2068 126 37 about
1011 2067 70 36 the
1101 2065 173 37 miracle.
1328 2064 94 38 And
1440 2064 34 36 it
1488 2075 82 25 was
1590 2075 42 25 as
1653 2062 108 38 clear
1781 2074 43 24 as
1843 2060 81 47 day
1942 2060 94 37 that
2053 2060 71 36 the
2138 2059 173 48 prophet

485 2135 83 37 had
595 2133 134 38 kissed
755 2133 71 36 the
853 2131 116 46 boy's
995 2130 111 38 brow
1131 2129 44 37 in
1201 2128 62 38 his
1290 2128 120 47 sleep.

640 2196 106 38 Hazi
766 2194 142 39 ceased
926 2198 45 33 to
988 2205 137 25 weave
1144 2192 110 37 cloth
1274 2190 80 38 and
1372 2191 100 47 kept
1489 2193 44 34 to
1552 2189 71 37 her
1642 2189 90 36 hut.
1788 2188 131 37 When
1936 2186 96 48 pain
2051 2184 81 38 and
2149 2184 163 48 longing

484 2272 209 26 overcame
716 2260 71 36 her
809 2258 71 38 she
903 2256 153 49 prayed
1081 2255 80 38 and
1185 2253 134 39 fasted
1343 2253 80 38 and
1448 2251 153 49 begged
1623 2251 124 38 Allah
1769 2255 45 33 to
1837 2251 97 36 take
1957 2249 70 37 her
2058 2253 45 32 to
2137 2247 172 37 himself.

482 2324 132 38 When
636 2322 151 40 Sender
809 2333 82 26 was
914 2324 74 33 not
1009 2319 43 38 in
1074 2319 71 37 the
1168 2318 77 37 hut
1267 2317 71 38 she
1362 2316 107 38 cried
1493 2315 81 38 and
1596 2314 156 39 sobbed
1776 2313 82 37 and
1881 2312 126 38 called
2030 2315 74 34 out
2132 2310 179 38 Nazim's

484 2399 120 25 name
631 2385 131 45 aloud,
794 2386 8 13 '
819 2384 156 43 Nazim,
1004 2395 71 34 my
1100 2381 156 38 Nazim.
1277 2380 7 14 '

629 2449 117 39 After
774 2461 23 24 a
823 2447 117 37 while
962 2458 107 25 news
1093 2456 112 27 came
1227 2448 45 33 to
1294 2443 105 38 Hazi
1420 2443 93 37 that
1543 2443 72 36 the
1637 2440 188 48 wedding
1856 2440 183 37 between
2061 2437 148 39 Fatma
2232 2437 79 37 and

484 2514 146 37 Nazim
656 2524 82 26 was
765 2515 61 34 set
852 2510 62 37 for
938 2510 71 37 the
1035 2507 148 39 second
1210 2519 121 25 moon
1357 2506 106 37 after
1488 2506 71 37 the
1584 2517 112 25 snow
1721 2502 145 40 should
1891 2503 105 37 have
2022 2502 101 37 been
2163 2500 149 38 melted

483 2576 81 39 and
588 2576 134 37 drunk
741 2575 58 47 by
817 2575 70 36 the
907 2573 85 38 soil.
1047 2572 58 37 At
1124 2571 119 37 times
1263 2570 70 38 she
1354 2568 148 38 rushed
1522 2572 73 33 out
1613 2571 46 33 to
1678 2568 72 36 the
1771 2566 99 37 door
1890 2565 41 37 of
1949 2565 72 37 the
2041 2564 76 37 hut
2136 2568 45 33 to
2206 2566 106 35 meet

482 2640 146 37 Nazim
653 2638 81 38 and
757 2637 71 38 tell
851 2637 86 37 him
959 2636 94 36 that
1076 2635 34 37 it
1134 2632 119 39 could
1277 2637 73 33 not
1373 2633 62 37 be.
1493 2634 82 35 But
1598 2631 72 37 the
1695 2629 190 47 teaching
1909 2628 41 37 of
1974 2628 70 36 her
2068 2627 173 44 mother,
2267 2626 42 37 of

480 2704 70 37 her
578 2702 117 45 faith,
726 2700 167 38 forbade
920 2700 71 37 her
1019 2698 81 37 feet
1128 2702 45 33 to
1202 2709 49 36 go
1280 2697 166 36 farther.
1502 2694 81 39 She
1611 2705 82 26 was
1721 2692 187 40 Sender's
1940 2690 104 38 wife.
2099 2689 79 39 She
2212 2690 100 37 then

481 2766 73 38 felt
581 2777 187 31 remorse,
799 2763 80 38 and
907 2763 171 37 because
1107 2761 42 36 of
1180 2761 94 36 that
1301 2759 71 38 she
1401 2756 295 40 overwhelmed
1724 2754 153 41 Sender
1904 2754 100 37 with
2032 2757 159 44 greater
2218 2753 91 38 love

483 2829 81 37 and
591 2841 102 36 gave
720 2827 87 38 him
834 2838 111 25 more
971 2825 189 47 frequent
1188 2834 171 26 caresses
1377 2834 8 33 ;
1415 2825 45 33 to
1488 2821 139 37 drown
1655 2820 73 36 her
1754 2817 162 49 passion
1942 2817 62 36 for
2034 2817 72 36 the
2135 2829 75 25 one
2237 2817 70 37 she

482 2892 120 39 loved
619 2892 44 37 in
680 2891 73 38 the
771 2889 100 38 flesh
889 2888 41 38 of
947 2888 71 38 the
1037 2899 76 25 one
1131 2886 63 37 for
1211 2886 134 37 whom
1363 2885 70 38 she
1451 2883 82 38 had
1552 2895 52 24 no
1623 2882 103 37 love.
1789 2883 81 35 Yet
1889 2892 122 34 every
2027 2880 100 37 time
2146 2880 71 37 she
2243 2879 69 38 did

482 2969 45 25 so
553 2956 70 38 she
651 2966 89 26 rose
766 2953 43 37 in
834 2953 71 37 the
932 2951 185 47 morning
1142 2949 101 38 with
1270 2961 24 25 a
1319 2948 147 48 feeling
1492 2947 41 37 of
1560 2945 152 47 having
1753 2944 238 38 committed
2018 2956 24 25 a
2069 2947 156 44 greater
2251 2943 61 38 sin
