2682 4026
2075 3182 72 41 149

380 578 121 37 think
524 578 41 37 of
586 579 71 37 the
680 591 95 25 man
799 581 118 44 Jesus
939 593 44 25 as
1005 581 85 47 just
1110 595 52 24 an
1185 580 190 47 ordinary
1397 581 153 36 human
1569 581 119 47 being
1706 581 90 37 who
1815 580 82 38 had
1911 581 42 36 in
1968 581 69 37 the
2060 581 87 37 face
2166 580 41 38 of

379 641 70 37 the
475 642 303 47 commonplace
802 643 217 38 standards
1044 645 41 36 of
1109 645 69 37 life
1202 644 83 37 had
1308 644 72 36 the
1400 656 171 35 courage
1590 647 44 33 to
1651 656 69 25 use
1740 644 62 38 his
1822 644 68 36 life
1917 656 44 25 as
1986 656 51 24 an
2058 644 124 37 adven-

379 708 142 34 turous
550 705 251 48 experiment
829 706 62 37 for
918 706 71 38 the
1016 708 151 37 benefit
1195 708 42 37 of
1265 707 155 45 society
1439 708 5 36 !

482 766 85 38 The
587 769 169 46 speaker
776 769 137 36 before
933 770 71 37 the
1023 769 216 47 Thursday
1260 769 112 44 Club,
1396 769 213 48 organized
1630 770 56 45 by
1707 771 70 35 her
1797 770 134 37 father
1953 769 81 37 and
2054 769 154 38 several

379 831 117 37 other
513 843 92 25 men
624 831 62 36 for
703 832 71 36 the
792 844 175 36 purpose
986 833 40 37 of
1045 833 194 48 studying
1256 833 221 43 literature,
1499 833 81 36 had
1599 833 113 47 quite
1730 832 171 38 startled
1919 832 63 37 his
2001 832 203 37 audience.

378 893 118 39 After
519 894 72 37 the
615 894 177 47 meeting
810 896 155 36 several
989 896 41 36 of
1053 897 71 36 the
1148 897 200 37 members
1372 895 221 48 protested,
1620 895 143 48 saying
1786 896 71 36 the
1882 895 92 37 club
1999 895 81 36 had
2103 895 103 37 been

379 956 214 48 organized
611 957 62 36 for
692 958 170 36 another
881 970 173 36 purpose
1073 959 82 37 and
1172 960 94 36 that
1284 959 33 36 it
1336 971 82 24 was
1435 962 71 33 too
1525 958 81 37 bad
1624 962 44 33 to
1688 962 105 33 start
1812 971 23 23 a
1853 958 186 47 religious
2058 958 127 37 discus-

378 1019 99 38 sion.

480 1082 115 47 They
613 1082 93 44 had,
727 1084 70 36 she
815 1084 85 45 felt,
921 1086 147 37 missed
1087 1086 70 36 the
1173 1086 127 36 whole
1318 1085 116 48 point
1453 1085 41 36 of
1509 1085 62 36 his
1585 1084 99 36 talk.
1741 1086 40 34 It
1796 1096 82 24 was
1893 1087 72 33 not
1981 1096 23 24 a
2023 1084 185 47 religious

379 1145 233 38 discussion.
667 1146 57 39 As
760 1147 70 37 she
867 1152 66 33 sat
968 1148 137 38 beside
1129 1149 70 36 her
1222 1148 134 37 father
1381 1147 80 38 and
1485 1147 145 37 looked
1656 1147 125 36 about
1807 1151 43 32 at
1874 1148 70 35 the
1968 1148 117 35 other
2110 1147 91 37 club

380 1209 198 37 members
598 1209 81 37 and
697 1209 106 37 their
821 1211 123 38 wives
966 1212 80 37 and
1066 1216 44 33 at
1129 1212 71 36 the
1219 1212 76 37 few
1315 1211 246 36 ummarried
1580 1223 93 24 men
1692 1211 202 37 scattered
1914 1223 147 35 among
2079 1211 125 42 them,

379 1285 24 23 a
423 1276 113 43 great
568 1272 185 47 gladness
785 1274 94 36 that
899 1275 100 37 such
1019 1287 23 24 a
1062 1287 97 23 man
1179 1274 82 37 had
1281 1286 113 25 come
1413 1278 44 32 to
1477 1273 80 38 live
1576 1274 42 36 in
1637 1274 71 36 her
1727 1278 112 32 town
1858 1278 128 44 swept
2007 1286 96 25 over
2123 1274 81 36 her.

378 1336 56 39 As
449 1336 50 37 he
515 1336 219 38 continued
754 1337 159 48 talking
927 1338 42 36 of
989 1338 71 36 the
1082 1350 95 24 man
1199 1338 41 36 of
1261 1337 151 38 Galilee
1434 1337 80 36 and
1535 1338 90 36 how
1646 1339 50 35 he
1717 1338 156 36 walked
1901 1349 55 36 up
1987 1336 81 37 and
2090 1337 118 36 down

378 1399 179 47 through
583 1412 124 34 many
731 1404 132 34 towns
887 1400 43 37 in
957 1414 22 23 a
1005 1401 63 36 far
1094 1413 117 33 away
1245 1404 173 42 country
1444 1400 157 47 casting
1628 1404 72 33 out
1726 1400 129 37 devils
1888 1400 57 46 by
1969 1400 72 37 the
2075 1412 133 35 power

379 1463 41 37 of
445 1464 63 37 his
532 1463 97 38 bold
655 1464 80 37 and
760 1465 136 45 lovely
919 1476 201 36 presence,
1138 1464 70 37 she
1233 1476 82 24 was
1334 1476 44 25 so
1404 1476 209 24 overcome
1645 1463 100 37 with
1769 1463 180 37 emotion
1982 1463 94 37 that
2100 1467 108 33 tears

378 1540 112 24 came
506 1531 46 33 to
567 1527 71 37 her
654 1540 105 33 eyes.
814 1527 85 38 The
916 1528 169 48 speaker
1101 1539 82 25 was
1199 1526 161 38 himself
1378 1540 22 23 a
1418 1539 95 24 man
1530 1526 41 37 of
1587 1527 132 45 thirty
1736 1526 80 37 and
1835 1528 129 43 Jesus,
1985 1526 70 36 the
2076 1524 132 39 Christ

378 1591 41 36 of
442 1590 134 37 whom
599 1590 50 37 he
672 1591 139 37 talked
835 1602 44 26 so
905 1590 245 49 eloquently,
1176 1590 82 37 had
1281 1590 103 37 been
1408 1602 24 24 a
1451 1602 96 24 man
1571 1590 42 36 of
1635 1590 131 45 thirty
1783 1590 117 36 when
1919 1590 49 36 he
1992 1593 61 33 set
2069 1593 72 32 out
2156 1601 52 24 on

377 1654 61 37 his
461 1653 165 38 mission
647 1657 44 32 to
715 1654 258 37 civilization.
1028 1653 119 40 After
1167 1654 72 36 the
1261 1653 176 47 meeting
1460 1653 81 36 and
1564 1665 44 25 as
1628 1653 72 36 the
1721 1653 169 47 speaker
1912 1651 155 37 walked
2089 1653 119 36 home

376 1717 101 37 with
494 1717 145 38 herself
658 1717 81 37 and
757 1718 71 36 her
845 1717 134 37 father
997 1717 70 37 she
1086 1716 201 38 remained
1306 1716 120 37 silent
1443 1716 117 36 while
1578 1716 71 37 the
1675 1719 82 33 two
1776 1728 92 24 men
1886 1715 151 37 talked.
2095 1715 115 40 Even

377 1780 98 36 then
494 1780 50 37 he
562 1793 83 25 was
665 1794 22 23 a
706 1780 106 36 little
830 1784 70 32 too
920 1780 210 38 conscious
1150 1780 40 36 of
1209 1780 82 36 her.
1347 1779 80 39 She
1446 1780 81 36 had
1546 1779 162 37 wanted
1727 1783 44 32 to
1790 1778 174 48 worship
1983 1778 106 37 from
2108 1779 98 37 afar.

377 1842 79 40 She
480 1842 82 38 had
586 1843 162 37 wanted
772 1848 45 32 to
842 1848 139 43 repeat
1007 1843 121 37 aloud
1152 1843 71 36 the
1248 1842 130 37 words
1404 1842 40 37 of
1468 1842 71 37 the
1564 1842 153 38 officers
1732 1843 42 37 of
1787 1843 71 36 the
1882 1842 219 44 Pharisees,
2119 1846 89 33 sent

376 1910 44 33 to
448 1907 102 36 seize
579 1908 117 44 Jesus
722 1907 42 36 in
790 1907 71 36 the
888 1907 163 48 temple,
1080 1907 72 36 the
1179 1918 93 25 men
1299 1906 89 36 who
1416 1905 82 37 had
1524 1907 191 36 returned
1755 1906 105 36 from
1899 1905 106 37 their
2044 1905 165 38 mission

377 1969 337 49 empty-handed.
813 1972 134 35 Never
973 1982 95 25 man
1093 1969 125 49 spake
1242 1969 80 37 like
1341 1969 85 37 this
1450 1982 107 31 man,
1639 1970 101 46 they
1764 1968 82 38 had
1870 1968 89 38 said
1983 1968 109 38 filled
2109 1968 99 37 with

376 2033 174 38 wonder.

477 2097 57 38 As
558 2097 71 38 the
653 2098 115 37 three
793 2097 143 48 people
961 2096 158 37 walked
1143 2096 129 37 under
1296 2096 71 37 the
1392 2100 106 33 trees
1522 2096 49 36 he
1598 2095 220 37 continued
1842 2098 45 33 to
1912 2094 127 48 speak
2063 2106 53 25 on
2140 2095 70 36 the

375 2159 160 49 subject
558 2161 94 37 that
676 2161 82 36 had
781 2161 103 37 been
906 2161 72 36 the
1002 2159 243 37 foundation
1270 2159 40 37 of
1334 2159 62 37 his
1420 2159 89 37 talk
1533 2159 136 37 before
1692 2159 72 36 the
1788 2157 104 38 club.
1990 2157 115 46 They
2129 2156 61 38 evi-

376 2223 142 46 dently
547 2223 339 45 misunderstood,
961 2224 50 36 he
1041 2223 88 37 said
1159 2222 205 48 laughing,
1439 2225 20 33 I
1491 2222 70 36 did
1592 2225 73 34 not
1695 2220 142 38 intend
1869 2232 70 34 my
1968 2220 89 36 talk
2085 2223 45 33 to
2161 2220 49 36 be

376 2287 221 37 concerned
626 2288 101 36 with
755 2287 178 48 religion.
990 2289 19 35 I
1039 2298 82 26 was
1148 2286 192 47 thinking
1369 2286 96 45 only
1494 2286 41 37 of
1563 2286 71 37 the
1663 2284 186 39 barbaric
1877 2283 264 48 background
2169 2283 41 37 of

374 2351 72 38 the
468 2351 70 38 life
562 2351 42 37 of
630 2354 117 43 Jesus
772 2350 134 39 Christ
931 2350 81 37 and
1035 2350 54 38 its
1114 2350 201 37 dramatic
1338 2349 272 48 possibilities.
1667 2351 94 34 You
1779 2346 253 38 understand
2055 2346 111 37 what
2190 2349 20 34 I

377 2428 129 32 mean,
526 2415 71 38 the
615 2415 81 38 soft
714 2415 161 47 smiling
892 2413 97 38 land
1007 2413 41 37 of
1067 2413 162 44 Galilee,
1248 2413 72 37 the
1337 2413 91 37 lake
1445 2413 101 37 with
1562 2413 71 37 the
1653 2412 121 37 white
1791 2411 114 37 cities
1923 2422 53 25 on
1992 2410 72 37 the
2081 2410 128 44 shore,

376 2478 113 38 ruled
513 2491 97 26 over
633 2479 56 45 by
712 2479 71 37 the
807 2477 107 39 cruel
938 2477 139 37 Herod
1099 2477 188 47 Antipas,
1313 2477 70 36 the
1407 2477 215 37 fishermen
1645 2475 162 47 leaving
1829 2474 106 37 their
1958 2477 91 34 nets
2070 2477 46 33 to
2139 2473 54 37 fol-

376 2542 76 37 low
467 2542 72 37 the
554 2554 97 24 man
670 2542 90 36 who
776 2542 150 47 taught
943 2542 72 36 the
1031 2545 164 44 strange
1211 2552 88 25 new
1315 2540 184 37 doctrine
1519 2540 41 37 of
1576 2552 122 35 peace
1703 2570 7 12 ;
1728 2538 248 47 forgiveness
2001 2536 78 37 and
2106 2536 102 38 love.

375 2605 94 38 And
488 2606 101 37 then
608 2606 71 37 the
699 2609 163 44 strange
882 2604 153 39 crowds
1054 2604 44 37 in
1117 2604 71 37 the
1207 2608 147 33 streets
1374 2604 41 36 of
1435 2604 71 37 the
1525 2607 132 34 towns
1678 2601 81 38 and
1778 2602 43 37 in
1839 2601 71 37 the
1931 2601 85 46 city
2036 2601 41 36 of
2098 2603 90 43 Jeru-

376 2669 137 44 salem,
534 2669 71 37 the
625 2668 201 49 paralytic
847 2672 43 33 at
911 2667 216 44 Bethesda,
1149 2667 72 37 the
1239 2667 95 48 pool
1352 2667 57 46 by
1427 2667 71 37 the
1516 2666 257 48 Sheep-gate,
1794 2665 71 37 the
1884 2664 220 49 prostitute
2122 2664 88 36 who

375 2732 132 48 wiped
525 2733 63 37 his
607 2732 82 38 feet
708 2732 101 37 with
826 2732 71 37 her
915 2731 89 37 hair
1023 2743 43 26 as
1086 2731 50 37 he
1154 2735 66 33 sat
1239 2735 43 33 at
1301 2731 72 36 the
1391 2730 117 45 feast,
1529 2730 72 37 the
1618 2742 117 26 scene
1752 2730 43 36 in
1813 2729 71 37 the
1902 2728 151 48 garden
2072 2740 52 24 on
2142 2728 68 36 the

375 2795 117 48 night
515 2796 137 36 before
675 2796 71 36 the
770 2795 248 44 crucifixion,
1042 2795 71 37 the
1137 2794 237 38 crucifixion
1395 2794 111 37 itself
1601 2794 94 45 why
1717 2792 146 39 should
1887 2792 53 37 all
1961 2791 83 38 this
2066 2795 73 33 not
2161 2791 49 37 be

376 2858 126 38 taken
523 2871 44 26 as
587 2858 204 49 profound
813 2858 81 38 and
914 2858 202 37 beautiful
1136 2858 211 37 literature
1364 2857 15 37 ?
1436 2857 109 37 That
1565 2857 34 38 is
1619 2857 91 36 how
1730 2858 110 35 lam
1859 2867 103 32 sure,
1983 2855 35 36 it
2037 2855 73 37 has
2130 2854 80 37 had

376 2922 53 38 its
465 2926 177 44 greatest
675 2922 119 37 effect
828 2934 110 36 upon
971 2921 209 38 mankind.

478 2986 58 38 As
563 2986 51 37 he
642 2985 82 37 had
752 2985 140 38 talked
920 2989 46 33 to
995 2986 70 36 her
1093 2985 135 37 father
1257 2985 145 47 during
1430 2985 70 36 the
1529 2984 106 36 walk
1662 2982 231 38 homeward
1922 2994 53 24 on
2001 2981 94 37 that
2123 2981 87 38 first

377 3050 185 48 evening,
585 3050 71 37 the
678 3049 169 48 speaker
870 3049 82 37 had
974 3048 272 47 occasionally
1279 3047 149 38 turned
1459 3051 45 34 to
1526 3048 72 37 her
1628 3046 81 38 and
1732 3058 98 26 once
1861 3046 50 37 he
1942 3045 81 38 had
2046 3045 120 38 made
2189 3058 21 24 a
